4052 6438
520 358 625 421 2:39
662 364 665 367 '

1773 362 2170 424 MANUEUS
2196 363 2502 425 CALECE

3624 365 3714 428 2.0

520 481 574 525 et
610 470 906 540 spcculatio
959 473 1237 529 consistat.
1298 476 1472 544 Atque
1515 483 1573 531 ut
1633 476 1852 547 intelligi
1889 481 2046 533 datur

2187 482 2305 550 ρεας
2342 478 2758 549 συνισταμένης.
2795 475 2902 531 Καὶ
2932 477 3007 539 ὡς
3060 477 3257 539 ἔοικεν,
3292 475 3600 541 ἀξιώσουσιν
3628 480 3716 547 ξη-

520 575 642 614 cum
681 560 829 629 prius
885 561 1250 630 inquisierint,
1285 566 1558 633 quomodo
1603 580 1665 620 ea
1696 581 1816 635 quae
1845 567 2080 629 videtur,

520 662 655 701 crux
705 653 1026 720 composita,
1074 653 1156 705 vel
1184 652 1325 721 piae
1358 654 1478 715 fuit.
1535 656 1580 710 si
1615 656 1858 724 quidem,
1890 666 1951 709 ut
1978 655 2078 722 ipsi

521 740 730 808 volunt,
754 742 933 811 fuerit,
963 753 1090 800 tunc
1111 745 1444 823 adorabunt;
1468 747 1550 802 sin
1585 762 1715 803 vero
1749 748 1904 801 aliter
1934 761 2085 800 eom-

517 834 713 900 positio
738 834 822 889 illa
867 848 1040 906 empta
1076 836 1261 903 fuerit,
1289 842 1563 896 omittent.
1602 840 1667 894 Et
1691 840 1852 895 simul
1894 854 2087 907 quem-

516 924 802 978 admodum
846 926 1137 995 quispiam,
1185 928 1350 983 alium
1392 928 1558 998 ﬁgura
1610 929 1789 984 crucis
1834 928 2079 998 signans,

514 1022 822 1071 transverso
851 1031 879 1070 a
911 1017 1120 1074 dextris
1149 1020 1367 1075 inchoat
1404 1036 1422 1076 :
1453 1019 1582 1090 quid
1616 1020 1847 1077 sceleris
1877 1019 2081 1074 admit-

514 1105 604 1173 tit,
633 1108 678 1161 si
707 1110 948 1179 seipsum
982 1112 1147 1166 etiam
1197 1114 1278 1169 sic
1301 1098 1520 1183 signet?
1550 1112 1823 1180 Quocirca
1853 1121 1909 1168 et
1930 1112 2080 1167 Lati-

508 1214 700 1256 norum
731 1203 945 1271 plurimi
977 1205 1246 1262 mirantur
1273 1207 1491 1277 aliquos
1523 1208 1590 1263 ad
1615 1216 1821 1261 tantum
1856 1206 2077 1260 rustici-

510 1293 638 1349 tatis
670 1296 957 1363 pervenire
979 1296 1221 1364 potuisse
1243 1297 1483 1352 utetiam
1514 1299 1656 1353 circa
1681 1308 1881 1353 sancta!
1902 1296 2079 1351 crucis

508 1382 912 1455 formationem,
940 1404 1062 1445 cum
1102 1393 1291 1445 eadem
1340 1392 1742 1459 quomodolibct
1793 1391 2076 1457 formetur,

506 1478 891 1544 contemplatio
934 1490 985 1534 et
1014 1481 1182 1535 virtus
1219 1482 1333 1550 sit;
1366 1483 1733 1538 dill‘crentiam
1770 1484 1890 1537 ﬁdei
1922 1484 1967 1539 si
1996 1485 2077 1541 sic

507 1567 591 1621 vel
623 1570 703 1625 sic
735 1572 847 1635 iiut,
887 1572 1244 1641 arbitrentur,
1293 1576 1437 1645 quod
1485 1590 1657 1645 neque
1705 1574 1924 1631 dillerre
1974 1576 2076 1645 ipsi

508 1668 720 1727 putant,
768 1670 823 1715 et
872 1665 1278 1731 quomodulibet
1328 1665 1606 1732 formetur,
1661 1666 1909 1723 ﬁdelibus
1953 1681 2077 1724 esse

505 1752 834 1821 adjutorium
866 1771 974 1811 non
1026 1757 1331 1829 ambigunt.

647 1892 727 1948 De
762 1894 1070 1951 Gra'corum
1120 1898 1174 1952 in
1210 1899 1491 1955 schismate
1519 1916 1616 1954 suo
1657 1900 1972 1970 pervicacia.

576 2007 654 2062 ita
677 2010 840 2078 igitur
870 2012 1204 2067 zizaniorum
1232 2015 1592 2070 seminatores
1615 2025 1667 2069 et
1689 2014 2067 2070 scandalorum

503 2101 743 2168 opiliccs,
775 2102 859 2157 his
886 2112 940 2157 et
964 2104 1290 2174 hujusmodi,
1312 2120 1542 2174 quorum
1562 2106 1665 2160 alia
1698 2106 1914 2173 quidem
1958 2105 2065 2158 odii

320 2227 330 2240 .
426 2230 437 2239 ι
504 2202 557 2246 et
588 2194 952 2248 contentionis
986 2194 1240 2250 indicium
1270 2196 1505 2261 habent,
1541 2196 1645 2251 alia
1697 2196 2070 2264 simplicitatis

499 2295 550 2336 et
583 2285 885 2352 imperitice,
918 2285 1018 2340 alia
1046 2288 1099 2341 in
1124 2288 1503 2343 criminatores
1529 2288 1731 2344 rectius
1758 2286 2063 2355 retorqueri

501 2385 717 2442 possent
748 2375 827 2431 eis
875 2379 1159 2435 erroribus
1183 2381 1432 2446 innexos,
1481 2394 1619 2451 quos
1663 2379 1783 2434 aliis
1813 2379 2064 2445 inurunt,

499 2480 786 2521 (Ottlmtmc
831 2482 1029 2535 corpus
1076 2467 1339 2525 Ecclesia:
1389 2470 1681 2525 dividendo
1709 2468 2063 2537 dissiparunt,

496 2568 658 2625 atque
708 2557 769 2611 in
834 2567 1038 2612 tantum
1093 2558 1203 2614 odii
1238 2568 1293 2614 et
1337 2562 1589 2615 amentiae
1631 2575 1693 2615 ac
1741 2560 2063 2614 temeritatis

496 2662 589 2699 cos
624 2646 714 2717 qui
748 2646 853 2702 sub
879 2663 936 2702 se
966 2658 1114 2715 sunt,
1170 2650 1539 2720 perduxerunt
1570 2660 1626 2707 ut
1672 2650 2063 2706 tolerabiliores

495 2753 709 2809 putent,
749 2744 842 2814 qui
870 2743 1265 2808 Saracenorum
1317 2748 1692 2815 superstitioni
1742 2744 2061 2802 exsecrabili

495 2837 821 2903 inserviunt,
870 2830 1029 2906 quam
1060 2838 1152 2908 qui
1195 2837 1506 2894 Occidentis
1548 2838 1801 2895 Ecclesia:
1826 2839 2064 2908 jungun-

494 2939 581 2981 tnr
620 2928 736 2997 (85)
769 2946 784 2983 :
827 2928 1153 2999 illorumque
1194 2930 1376 2998 potius
1416 2931 1709 2985 amicitiam
1735 2941 1787 2983 et
1819 2944 2061 2983 commu-

491 3023 729 3085 nionem,
759 3037 921 3092 quant
977 3023 1406 3079 Occidentalium
1465 3022 1689 3090 eligant,
1745 3031 1799 3076 et
1868 3036 2041 3089 neque

490 3114 829 3170 Christianos
856 3129 952 3173 eos
994 3118 1298 3183 nominent,
1340 3115 1633 3185 pluresque
1658 3115 1821 3170 etiam
1846 3113 1914 3169 de
1952 3113 2060 3167 illis

490 3207 783 3275 ami-igant‘
805 3222 874 3261 an
914 3207 1196 3263 nobiscum
1236 3214 1556 3262 venerentur
1596 3204 1920 3275 Evangelia;
1954 3203 2055 3260 nisi

492 3303 616 3370 quis
646 3301 1000 3370 plurimorum
1044 3303 1352 3373 nugacitate
1378 3301 1716 3364 transmissa,
1783 3300 2055 3356 Christia~

432 3378 447 3391 ’
494 3408 592 3447 nos
619 3407 714 3449 eos
777 3392 1100 3462 simpliciter
1155 3396 1451 3451 existimet.
1507 3395 1753 3465 Cumque
1815 3392 2056 3463 quotidie

491 3490 705 3544 illorum
759 3492 1003 3561 religioni
1047 3492 1264 3563 plurimi
1321 3480 1660 3563 applicentur
1690 3532 1706 3559 ,
1739 3509 1845 3547 non
1878 3491 2052 3547 solum

492 3580 613 3645 tiri,
646 3585 739 3637 sed
781 3591 840 3638 et
886 3583 1135 3641 civitates
1162 3594 1216 3640 et
1258 3592 1454 3656 gentes
1483 3583 1711 3654 integre
1739 3583 1876 3655 (86),
1917 3585 2051 3639 nihil

1570 3679 1595 3700 Ι

486 3687 740 3742 magnum
767 3676 1061 3745 contigisse
1097 3677 1456 3732 arbitrantur.

557 3789 725 3844 Porro
772 3790 817 3845 si
853 3789 942 3858 qni
995 3788 1421 3845 Occidentalium
1476 3788 1769 3845 Eeeleslam
1815 3790 1881 3846 de
1926 3804 2053 3859 pro-

487 3882 734 3938 cessione
779 3882 953 3936 sancti
1003 3881 1238 3948 Spiritus
1290 3891 1438 3937 recte
1474 3882 1677 3937 sentire
1718 3890 2050 3947 asseverant,

484 3988 676 4027 omnes
730 3986 835 4025 una
881 3968 1275 4028 consentientes
1305 3972 1522 4027 sanctos
1555 3981 1609 4027 et
1637 3971 1890 4027 Ecclesia:
1939 3986 2053 4025 ma—

485 4064 684 4135 gistros
713 4062 1072 4132 prole-rentes,
1095 4064 1364 4132 simrulque
1399 4079 1717 4120 communes
1751 4063 2053 4132 intelligen-

486 4157 589 4211 tias
630 4165 682 4210 et
716 4154 834 4209 iidei
884 4155 1147 4225 principia
1191 4169 1490 4210 consonare
1536 4154 1903 4219 ostendentes,
1953 4154 2051 4207 hos

483 4247 614 4301 Ario
661 4257 714 4304 et
764 4247 999 4303 Sabellio
1038 4248 1332 4304 deteriores
1380 4259 1593 4319 putant,
1643 4246 1957 4315 nullamque
1984 4245 2051 4298 de

483 4340 591 4393 illis
626 4338 737 4407 jam
788 4338 1089 4407 habendam
1140 4338 1438 4402 rationem,
1500 4347 1558 4389 ut
1621 4336 1710 4404 qui
1753 4343 1946 4404 sponte
1994 4333 2049 4385 in

482 4432 836 4501 perditionem
871 4431 1055 4498 ierint,
1098 4430 1432 4486 existimant.
1467 4429 1541 4483 Ita
1568 4426 1712 4482 enim
1742 4427 2045 4479 animarum

2183 571 2451 640 τουμένου
2508 570 2816 639 πρότερον,
2858 567 2989 630 ηπῶς
3052 570 3081 621 ὁ
3135 569 3451 637 φαινόμενος
3507 570 3716 637 σταυρὺς

2186 663 2443 733 συνετέθη
2488 663 2523 733 ἢ
2551 660 2767 730 ἐγράφη
2791 678 2805 693 ·
2839 660 2889 713 εἰ
2921 658 3111 727 μὲνώς
3140 659 3291 713 αὐτοὶ
3323 657 3588 729 βούλονται
3610 657 3722 711 τότε

2185 732 2533 824 προσκυνεῖν,
2577 753 2674 805 ε³δ⁹
2722 751 2832 805 ἀπὸ
2860 750 2971 804 τῶν
3010 751 3316 820 ἀριστερῶν
3346 750 3515 813 ἄλλως
3562 768 3668 812 πως
3689 732 3724 819 ιη’

2185 847 2453 911 σύνθεσις,
2486 843 2692 915 ἦρκται
2725 844 3005 913 παριέναι,
3034 842 3130 896 καὶ
3160 843 3276 911 ἅμα
3304 842 3488 911 ὥσπερ
3509 858 3588 904 τις
3612 841 3720 894 ἓτε-

2183 958 2276 1010 ρον
2303 940 2382 1009 τῷ
2413 940 2655 1009 σχήματι
2689 938 2784 990 τοῦ
2817 935 3057 1006 σταυροῦ
3107 934 3496 1004 σημειούμενος
3540 936 3723 1003 Erup-

2183 1030 2314 1092 σιως
2343 1029 2453 1082 ἀπὸ
2475 1029 2584 1081 τῶν
2642 1027 2836 1091 δεξιῶν
2864 1027 3113 1096 ἄρχεται.
3132 1025 3197 1081 Ti
3220 1026 3280 1078 τὸ
3305 1027 3612 1096 παράνομον
3640 1027 3722 1077 οὐ-

2178 1121 2313 1177 τωσὶ
2352 1122 2449 1175 καὶ
2501 1120 2693 1174 ἑαυτὸν
2729 1118 3131 1189 σημειοῦσθαις
3182 1118 3272 1170 Διὸ
3300 1119 3394 1171 καὶ
3421 1114 3594 1169 noxio!
3624 1115 3723 1167 τῶν

2180 1214 2426 1268 Λατίνων
2454 1212 2851 1281 θαυμάζουσιν,
2887 1212 3002 1278 εἴγε
3034 1192 3198 1272 ’τινὰς
3230 1210 3309 1273 εἰς
3342 1208 3602 1275 τοσαύτην
3642 1207 3722 1270 ὲξο

2185 1309 2382 1360 ἔπεσον
2402 1306 2474 1371 ἀγ
2484 1304 2711 1373 ροικίαν,
2726 1303 2802 1364 ὡς
2823 1304 2918 1355 καὶ
2945 1317 3011 1354 πε
3020 1302 3073 1370 pl.
3101 1299 3199 1370 τὴν
3223 1300 3317 1352 τοῦ
3350 1300 3447 1368 σκιή
3457 1315 3613 1367 ματος
3637 1297 3724 1348 τοῦ

2180 1395 2328 1449 θείου
2360 1394 2595 1463 σταυροῦ
2623 1392 2872 1446 σύνθεσιν
2901 1392 3000 1461 τῆς
3029 1392 3201 1461 αὐτῆς
3253 1390 3373 1444 κατ’
3404 1389 3564 1443 αὐτὸν
3598 1388 3723 1440 θεω-

2180 1489 2311 1557 ρίας
2359 1486 2728 1553 ὑποκειμένης
2773 1483 3037 1551 διαφορὰν
3081 1478 3413 1552 πίστεως,“ἥ
3470 1478 3651 1541 οὕτως.
3692 1477 3722 1543 ἢ

2176 1578 2349 1640 οὓτως
2380 1575 2659 1646 ἡγεῖσθαι.
2690 1576 2873 1646 Ὅπερ
2926 1573 3050 1627 οὔτε
3096 1573 3378 1643 διαφέρειν
3403 1567 3545 1625 οὗτοι
3588 1568 3723 1637 νομί·-

2164 1672 2388 1735 νζουσιν,
2428 1670 2522 1722 καὶ
2549 1666 2616 1721 ἂν
2666 1665 3061 1738 σχηματίζοντα
3105 1666 3216 1727 τοῖς
3270 1663 3611 1717 πιστεύουσιν
3652 1662 3723 1720 εἰς

2178 1760 2436 1830 βοήθειαν
2467 1759 2741 1829 ἐξαρκεῖν.

2101 1900 2148 1959 Β
2177 1900 2383 1954 vivunt.
2417 1898 2521 1953 Sed
2565 1900 2667 1953 etsi
2716 1898 2807 1968 qui
2854 1907 3079 1969 propter
3122 1896 3353 1967 proximi
3398 1892 3718 1950 dilectionem

2172 1993 2563 2046 medicamenta
2601 1993 2680 2045 eis
2715 1991 2914 2045 ali‘et're
2941 1990 3250 2054 voluerunt,
3275 2003 3397 2059 quae
3424 1981 3717 2041 inimicissi-

2171 2099 2381 2138 mornm
2415 2067 2559 2146 sunt,
2586 2085 2665 2137 eis
2690 2092 2903 2138 tentare
2932 2082 3034 2138 visi
3067 2084 3215 2147 sunt,
3268 2081 3338 2135 ab
3363 2078 3469 2134 illis
3504 2074 3721 2142 undique

2168 2172 2422 2241 exagitati
2469 2182 2522 2225 et
2548 2170 2737 2238 fugati.
2795 2169 2850 2224 id
2916 2177 3100 2225 autem
3153 2168 3491 2225 solummodo
3550 2160 3757 2216 lucrati'

2166 2271 2312 2326 sunt,
2371 2263 2510 2331 quod
2560 2260 2881 2315 cbaritatetn
2928 2260 2992 2313 ad
3023 2258 3351 2327 proximum,
3413 2253 3633 2330 bonique
3679 2258 3723 2305 cl

2166 2353 2380 2407 honesti
2411 2352 2741 2427 desiderium
2767 2361 2819 2405 et
2845 2350 3185 2405 alacritatem
3216 2350 3589 2405 ostenderunt.

2236 2441 2316 2496 De
2332 2442 2565 2509 primatu
2594 2444 2763 2495 sancti
2803 2440 2945 2496 Petri
2969 2451 3018 2495 et
3047 2440 3270 2494 Romani
3320 2438 3575 2510 pontificis
3596 2434 3719 2503 (87).

2234 2534 2309 2591 Ut
2333 2535 2498 2604 igitur
2527 2534 2592 2587 ad
2618 2534 2788 2604 prima
2813 2533 3117 2596 redeamus,
3151 2533 3410 2602 quoniam
3433 2538 3487 2585 et
3515 2545 3540 2580 a
3571 2527 3717 2580 Patre

2164 2635 2217 2685 et
2273 2624 2408 2679 Filio
2459 2623 2720 2691 Spiritum
2778 2633 3026 2678 sanctum
3081 2624 3379 2691 procedere
3432 2615 3719 2674 communis

2165 2725 2472 2770 sanctorum
2504 2713 2689 2783 opinio
2720 2712 2979 2778 declarat,
3012 2712 3123 2767 imo
3142 2721 3197 2767 et
3232 2713 3348 2784 ipsa
3393 2705 3718 2777 iideiprinci-

2165 2809 2249 2875 pia
2308 2806 2358 2861 id
2389 2821 2573 2859 verum
2621 2819 2741 2860 esse
2788 2814 3187 2868 contestantur,
3239 2819 3440 2875 easque
3493 2801 3717 2856 rationes

2163 2919 2283 2974 quae
2345 2911 2537 2958 contra
2615 2901 2752 2956 hanc
2826 2900 3138 2969 Opinionem
3213 2898 3541 2961 inferuntur,
3596 2892 3718 2948 nihil

2162 2995 2362 3060 valere,
2412 3007 2577 3063 supra
2624 3000 2900 3047 ostensum
2936 2998 3047 3055 est;
3081 2997 3160 3054 et,
3204 3003 3330 3058 qute
3360 2989 3467 3044 illis
3493 2983 3710 3042 absurda

2161 3086 2520 3154 objiciuntur,
2539 3082 2631 3154 qni
2660 3098 2725 3139 ex
2755 3081 2917 3138 Patre
2943 3088 2997 3136 et
3033 3079 3171 3135 Filio
3198 3079 3462 3152 Spiritum
3484 3084 3717 3132 sanctum

2042 3166 2126 3241 ές
2159 3178 2508 3240 conﬁtentur,
2538 3173 2691 3239 nulli,
2736 3173 2839 3227 nisi
2892 3171 2999 3227 illis
3051 3179 3260 3225 tantum
3317 3170 3410 3241 qtti
3438 3166 3709 3237 objiciunt,

2160 3266 2392 3321 absurda
2437 3265 2609 3321 videri
2644 3282 2660 3319 :
2699 3264 2953 3335 quodque
2976 3264 3040 3317 de
3068 3261 3347 3317 additionc
3369 3257 3715 3330 objiciebatur
3782 3270 3789 3271 ί

2157 3360 2473 3415 hesternum
2497 3373 2561 3413 ac
2585 3357 2712 3424 vile,
2754 3358 3210 3423 occasionemque
3239 3355 3415 3409 solam
3438 3354 3714 3425 primatum

2158 3449 2537 3519 quterentium,
2571 3460 2714 3513 esse,
2769 3447 3204 3501 demonstratum
3246 3454 3368 3505 est,
3416 3451 3469 3498 et
3534 3444 3709 3493 contra

2160 3539 2415 3595 Ecclesia:
2477 3537 2689 3606 regulas
2745 3535 3075 3592 contendere
3126 3531 3429 3587 volentium
3486 3547 3499 3584 :
3545 3527 3632 3583 sed
3665 3532 3714 3578 el

2155 3645 2290 3702 quas
2338 3631 2659 3683 invenerunt
2712 3639 2929 3689 causas,
2964 3635 3022 3678 ιιι
3074 3621 3341 3678 discessio
3372 3635 3479 3676 non
3515 3613 3716 3672 irratio-

2154 3721 2349 3778 nuhilis
2400 3719 2696 3784 videretur,
2723 3717 2851 3788 ipsae
2903 3729 3119 3786 quoque
3167 3711 3531 3769 contentionis
3568 3714 3715 3774 atque

2154 3810 2263 3865 odii
2319 3807 2717 3878 documentum,
2763 3815 2929 3859 sunt:
2992 3803 3281 3874 perspicue
3338 3803 3501 3872 liquet
3526 3797 3713 3852 nullam

2158 3904 2263 3959 illis
2319 3903 2726 3958 excusationem
2791 3896 3051 3968 relinqui,
3105 3895 3197 3966 qui
3251 3896 3321 3952 de
3380 3889 3714 3964 processione
3782 3910 3787 3913 -

2154 3993 2329 4048 sancti
2409 3991 2647 4061 Spiritus
2713 3988 2974 4045 adversus
3050 3988 3355 4042 Romanam
3429 3981 3711 4039 Ecclesiam

2153 4084 2481 4140 contendere
2520 4082 2896 4136 instituerunt.
2950 4077 3218 4146 Quocirca
3265 4079 3499 4148 quisque
3545 4076 3712 4126 menlc

2152 4186 2207 4229 ct
2251 4174 2461 4229 ratione
2509 4166 2788 4242 praeditus,
2844 4171 3091 4224 eamdem
3129 4184 3252 4223 eum
3296 4170 3383 4224 illa
3419 4164 3712 4237 Opinionem

2153 4267 2219 4321 de
2243 4264 2415 4319 sancti
2447 4264 2682 4333 Spiritus
2719 4262 3065 4330 processione
3087 4256 3521 4335 tutissimetueri
3545 4253 3712 4308 debet.

2157 4360 2220 4410 Et
2257 4370 2418 4427 quam
2448 4356 2501 4409 in
2539 4354 2799 4427 Symbolo
2847 4367 3032 4418 unam,
3069 4362 3319 4407 sanctam
3362 4362 3418 4405 et
3469 4342 3710 4417 apostoli-

2155 4463 2272 4502 cam
2330 4447 2656 4501 conﬁtemur
2716 4440 3037 4507 Ecclesium,
3091 4444 3229 4496 hanc
3264 4455 3388 4496 esse
3424 4434 3715 4509 justissima

480 4525 875 4596 gubernatores
916 4534 1114 4578 vocant
1141 4540 1235 4579 eos
1262 4524 1354 4592 qui
1406 4539 1474 4577 ex
1517 4520 1679 4577 Patre
1722 4532 1818 4589 per
1847 4516 2047 4571 Filium
2084 4506 2126 4558 Β
2157 4537 2569 4600 asscvemvcm,
2622 4548 2855 4604 eumque
2889 4536 2978 4603 qui
3024 4506 3114 4587 Vim
3173 4506 3486 4595 conpleta},
3534 4525 3715 4583 catho.

484 4619 845 4675 substantiam
881 4618 1082 4673 habere
1118 4617 1380 4684 Spiritum
1416 4623 1662 4669 sanctum
1697 4611 2047 4673 confitentur,

480 4712 845 4781 omnibusque
888 4712 1116 4766 coetibus
1159 4719 1210 4764 et
1260 4708 1405 4762 omni
1448 4706 1857 4769 consuetudine,
1913 4720 2052 4758 eun-

481 4806 691 4873 ctisqne
722 4804 1101 4859 communibus
1124 4802 1273 4856 illum
1305 4800 1603 4868 exagitant.
1627 4798 1694 4852 Et
1718 4798 2051 4868 nequissime

480 4896 696 4964 quidem
766 4894 1194 4951 Occidentalium
1272 4891 1566 4946 Eeclesiam
1653 4888 2043 4956 blaspbcmaut.

481 4988 915 5057 saerilit-iumque
964 4995 1019 5041 et
1050 5000 1211 5039 omne
1261 4990 1677 5046 sacramentum,
1723 4981 1866 5049 quod
1908 4979 2047 5048 apud

481 5079 625 5135 illam
657 5079 737 5146 lit,
761 5086 1135 5133 exsecrantur.

550 5174 696 5238 Quos
718 5187 846 5225 sane
899 5169 1148 5226 miserari
1196 5167 1450 5223 convenit
1494 5179 1556 5219 ac
1583 5179 1681 5233 pro
1710 5162 1814 5216 illis
1865 5174 2044 5222 orare,

480 5264 678 5334 quippe
704 5278 824 5315 cum
846 5260 938 5316 Dei
961 5274 1094 5329 opus
1115 5259 1246 5333 sint,
1277 5258 1370 5328 qui
1406 5258 1640 5311 viviﬁcat
1659 5264 1919 5308 mortuos.
1944 5251 2049 5307 Ne-

478 5370 585 5422 que
607 5356 749 5409 enim
770 5354 834 5406 de
860 5352 1055 5421 quibus
1079 5350 1450 5417 dicuntneqne
1471 5346 2044 5419 dequibusallirmant,

480 5446 658 5499 sciunt
687 5459 698 5505 ;
728 5451 890 5512 atque
923 5440 1145 5495 omnino
1175 5440 1291 5497 sine
1314 5455 1497 5505 sensu,
1530 5451 1584 5496 et
1610 5441 1714 5504 sui,
1743 5449 1797 5494 et
1818 5438 2042 5492 aliorum

550 5557 663 5623 (85)
693 5555 881 5625 Merito
915 5556 1079 5623 igitur
1106 5555 1216 5621 jam
1277 5554 1405 5625 jugo
1449 5554 1681 5625 Turcico
1706 5560 2026 5625 premuntur
2049 5588 2061 5601 .

550 5627 661 5696 (86)
696 5624 806 5696 Hoc
832 5627 1064 5696 maxime
1085 5626 1141 5677 lit
1172 5623 1357 5679 nostro
1384 5624 1581 5696 smculo
1608 5625 1659 5677 in
1691 5623 2040 5696 conversione

480 5690 760 5764 Indorum.
790 5690 927 5761 Lege
957 5695 1024 5764 de
1074 5695 1174 5748 bac
1206 5709 1262 5748 re
1310 5694 1592 5764 epistolam
1653 5694 1884 5764 primani
1908 5690 2037 5764 Bar-

480 5761 639 5817 laami
678 5759 916 5830 episcopi
956 5763 1302 5831 Gyracensis,
1327 5759 1444 5835 qua:
1465 5759 1792 5818 exstat—tom.
1827 5759 2032 5817 VlAnt.

2158 4630 2315 4684 licam
2360 4630 2518 4682 [idem
2562 4636 2767 4690 tenere,
2806 4626 2895 4680 illa
2932 4625 3068 4680 duce
3107 4640 3215 4678 non
3248 4625 3508 4694 ambiget.

2226 4722 2304 4774 Ad
2346 4719 2460 4773 hare
2493 4728 2547 4773 et
2587 4718 2713 4772 illud
2752 4718 3090 4778 intuendum,
3131 4724 3335 4785 quanta
3368 4716 3438 4769 sit
3475 4705 3715 4765 Ecclesiae

2156 4809 2488 4881 magnitudo,
2554 4818 2751 4877 quanta
2815 4820 2991 4861 rerum
3059 4805 3246 4867 moles,
3306 4812 3470 4871 utque
3544 4798 3608 4853 ab
3657 4811 3712 4846 ca

2156 4901 2301 4955 nulla
2355 4914 2590 4967 unquam
2626 4897 2878 4953 hmretica
2927 4896 3196 4952 sententia
3241 4893 3501 4955 manarit,
3559 4900 3710 4957 quam

2152 4992 2339 5044 beatus
2404 4989 2645 5043 fundavit
2707 4987 2918 5050 Petrus,
2978 5002 3098 5058 quae
3146 5000 3363 5056 semper
3408 4986 3475 5038 ad
3519 4991 3703 5036 omnes

2155 5079 2349 5135 lluctus
2402 5080 2693 5135 immobilis
2740 5078 3007 5155 perstitit;
3059 5076 3183 5147 quia
3216 5091 3381 5146 supra
3410 5082 3633 5144 petram,
3665 5065 3710 5116 id

2156 5182 2262 5237 est,
2287 5184 2451 5240 super
2481 5172 2652 5240 ipsum
2694 5169 2979 5223 Dominum
3006 5168 3227 5223 fundata
3258 5177 3396 5231 erat,
3423 5167 3535 5219 sive
3561 5171 3712 5228 super

2156 5264 2295 5339 beati
2324 5261 2466 5316 Petri
2518 5259 2884 5317 ﬁrmissimam
2916 5260 3073 5315 tidem
3107 5274 3301 5328 :quem
3329 5257 3406 5311 illi
3439 5251 3709 5311 Dominus,

2155 5366 2278 5405 cum
2313 5350 2581 5421 corporali
2614 5349 2899 5420 prmsentia
2936 5347 3195 5403 mundum
3240 5347 3537 5407 descrcrcl,
3578 5351 3709 5407 pra»

2157 5443 2307 5511 fecit,
2341 5444 2548 5499 beatum
2577 5442 2725 5498 illum
2756 5441 3064 5512 appellans,
3105 5442 3229 5510 quia
3280 5437 3498 5510 nan_illi
3523 5446 3640 5489 caro
3662 5435 3709 5481 et

2145 5560 2264 5614 lect.
2292 5559 2354 5613 Ι).
2389 5557 2604 5613 Henrici
2641 5557 2868 5613 Canisii.

2221 5629 2334 5697 (87)
2366 5628 2511 5695 Lege
2541 5626 2878 5697 Gennadium
2913 5640 3011 5695 pro
3035 5624 3267 5697 concilio
3296 5618 3627 5697 Florentino,
3652 5618 3704 5692 ef

2145 5681 2536 5835 ggvilarlminum
2569 5697 2661 5752 lib.
2695 5695 2770 5751 De
2814 5681 2996 5763 Ροιὶι..
3045 5705 3096 5751 et
3165 5694 3326 5766 epist.
3370 5691 3405 5744 2
3445 5681 3700 5742 Barlaami

2232 5782 2343 5821 rac.

2232 5782 2343 5821 rac.
