4052 6486
323 420 410 486 ιιι

314 627 428 684 lude
455 628 874 697 jam'principiis
904 629 1279 685 ecclesiastici
1316 631 1662 700 principatus
1685 630 1872 699 iactis,

317 739 426 778 cum
482 723 828 791 interrogatis
876 722 1177 792 discipulis,
1227 737 1390 791 quem
1443 737 1567 778 esse
1627 721 1877 776 homines

320 822 566 887 putarent
627 813 827 867 Filium
884 813 1140 879 hominis,
1209 823 1437 868 cancros
1512 812 1877 883 praeveniens,

317 912 442 965 tlirit
470 928 484 962 :
525 908 600 963 Tu
625 925 678 963 es
701 908 940 963 Christus
960 906 1132 962 Filius
1153 906 1249 962 Dei
1275 907 1395 963 vivi.
1425 907 1524 963 Cui
1553 921 1874 976 responsum

317 1003 549 1072 prorinus
588 1008 671 1054 est
705 1017 720 1054 :
754 998 831 1053 Tu
879 1016 933 1054 es
971 995 1179 1064 Petrus,
1225 1006 1273 1053 et
1306 1014 1459 1067 super
1497 999 1632 1052 hanc
1679 1006 1882 1066 petram
1912 978 1929 985 ’

319 1091 579 1159 aa'iﬁcabo
602 1090 1071 1146 Ecclesiammeam
1097 1099 1177 1146 :et
1198 1099 1364 1163 porta:
1384 1090 1541 1157 inferi
1561 1107 1662 1144 non
1685 1104 1884 1161 prteru-

319 1184 486 1238 lebum
510 1180 754 1236 adrer‘sus
781 1181 967 1236 eam".
990 1179 1335 1249 Rursumque
1352 1181 1426 1235 illi
1453 1182 1591 1235 hanc
1611 1176 1882 1234 coruinum

320 1278 447 1330 dans
466 1275 565 1328 tilCt
584 1273 703 1330 bat:
726 1274 785 1329 Si
803 1290 883 1331 me
898 1290 1063 1335 auras,
1089 1272 1260 1338 Petra,
1274 1289 1425 1341 pasce
1440 1288 1597 1342 agnos
1612 1287 1771 1335 meos,
1791 1286 1881 1340 pa-

322 1384 405 1423 sce
426 1383 537 1419 oves
557 1382 696 1420 meas
719 1366 788 1422 “.
806 1365 871 1418 Et
900 1366 965 1419 de
990 1380 1098 1433 quo
1124 1369 1234 1419 ait:
1274 1363 1382 1434 Ego
1400 1365 1577 1434 rogaui
1604 1378 1695 1432 pro
1728 1373 1797 1429 te,
1826 1370 1881 1414 ut

321 1474 420 1511 non
465 1455 671 1524 deﬁciat
722 1456 851 1523 ﬁdes
906 1465 995 1509 tua
1020 1465 1115 1533 εἰει
1145 1466 1202 1508 ιιι
1244 1455 1535 1526 aliquando
1582 1467 1883 1513 conuersus,

242 1631 253 1639 _
342 1548 590 1627 con/irino
622 1546 812 1615 fratres
842 1552 965 1600 tuos
994 1547 1062 1601 ⁷³.
1090 1548 1157 1601 Ει
1183 1562 1345 1615 quem
1391 1546 1574 1615 posuit
1623 1545 1885 1614 arqnalem

321 1635 443 1697 sibi,
502 1635 712 1703 quando
775 1635 1096 1706 Caesarianis
1173 1635 1438 1689 tributum
1516 1633 1886 1702 exigentibus,

328 1731 579 1798 prrecepit
630 1728 793 1784 Petro
838 1728 1058 1799 hamum
1116 1728 1170 1783 in
1229 1742 1380 1783 mare
1413 1727 1709 1791 dimittere,
1743 1725 1889 1780 inve-

327 1821 751 1891 niendumquein
777 1821 949 1888 primo
965 1821 1055 1890 qui
1082 1820 1408 1877 occurrisset
1435 1814 1607 1889 pisce,
1630 1827 1886 1872 staterem

336 1929 547 1969 aureum
578 1913 1086 1982 dareexigentibus
1128 1928 1228 1983 pro
1251 1928 1310 1969 se
1337 1922 1392 1968 et
1420 1911 1584 1968 Petro
1616 1912 1686 1965 ⁷⁸.
1712 1910 1767 1964 ld
1793 1924 1887 1963 au-
1924 1894 1964 1948 Β

339 2015 440 2057 lem
490 2013 573 2058 est
625 2004 853 2059 volentis
901 2002 1050 2059 illum
1105 2017 1259 2083 mque
1303 2017 1367 2059 ac
1399 2016 1459 2059 se
1492 2002 1748 2071 honorari
1803 2014 1900 2071 pro

339 2096 571 2163 portione
615 2095 818 2159 debita,
851 2094 1113 2164 illumque
1142 2097 1367 2149 verbum
1398 2108 1562 2166 suum
1595 2090 1900 2147 cbntinere.

342 2187 472 2251 Quia
500 2186 637 2242 enim
670 2201 700 2241 a
726 2184 954 2241 Domino
981 2185 1115 2240 nihil
1138 2185 1335 2242 frustra
1356 2180 1682 2240 dictum‘ant
1704 2180 1903 2235 factum

343 2287 443 2343 est,
473 2291 696 2333 necesse
743 2284 927 2336 est.et
954 2290 1075 2346 quae
1125 2274 1371 2346 apostolo
1431 2271 1591 2328 Petro
1632 2271 1905 2340 praecipue
1922 2283 1961 2315 π

339 2386 441 2439 prie
471 2369 679 2426 caeteris
710 2369 850 2424 dicta
874 2368 987 2425 sive
1020 2366 1159 2424 facta
1190 2377 1338 2434 sunt,
1397 2379 1650 2434 magnum
1700 2363 1904 2433 aliquid

351 2460 562 2518 credere
590 2462 917 2532 signiﬁcare.
966 2460 1104 2527 Quid
1143 2470 1324 2519 autem
1355 2458 1531 2528 majus
1555 2472 1679 2513 esse
1703 2466 1904 2526 potest,

345 2555 477 2624 quod
503 2552 799 2622 lrujusmodi
825 2550 1117 2607 Ecclesium
1134 2562 1290 2606 suam
1308 2550 1413 2604 sub
1435 2548 1537 2603 hoc
1555 2547 1692 2602 duce
1712 2538 1909 2613 guber-

350 2643 463 2703 nari
486 2643 774 2707 constituit,
808 2658 994 2714 quam,
1015 2651 1073 2697 ut
1091 2641 1204 2711 ipse
1227 2639 1422 2700 voluit,
1454 2637 1504 2691 in
1535 2635 1697 2692 Petro
1717 2636 1912 2693 solida—

363 2736 451 2798 vit,
480 2744 530 2790 ut
558 2737 808 2806 adjuncta
865 2732 1028 2797 rebus
1096 2730 1261 2787 verba
1315 2729 1421 2785 ista
1485 2728 1791 2785 testantur?
1851 2726 1907 2781 Si

353 2826 487 2880 enim
532 2827 611 2881 vel
661 2825 845 2882 multis
878 2827 930 2879 in
964 2821 1218 2880 humanis
1266 2819 1429 2877 rebus
1462 2820 1907 2890 principantibus,
1934 2877 1947 2887 η

357 2917 435 2975 vel
474 2916 637 2984 nullo,
676 2914 1100 2985 contusioneque
1131 2919 1426 2983 regnante,
1450 2910 1585 2966 nihil
1602 2911 1685 2969 vel
1713 2928 1906 2984 parum

355 3009 638 3065 consistere
666 3013 861 3077 posset.
1640 3040 1643 3043 λ
1800 3034 1803 3039 ,
1877 2996 1898 3005 “

427 3101 494 3158 Et
552 3111 694 3158 certe
742 3117 864 3158 cum
916 3102 971 3158 in
1023 3104 1141 3173 ipsa
1168 3105 1410 3161 omnium
1435 3113 1655 3168 natura,
1690 3098 1907 3168 singula

339 3209 436 3265 per
466 3195 704 3249 ordinem
745 3196 887 3265 quod
942 3211 1103 3252 suum
1150 3207 1233 3255 est
1264 3206 1582 3268 operentur.
1629 3206 1738 3263 quo
1780 3191 1909 3247 sub-

347 3287 479 3352 lato,
529 3288 709 3340 mundi
773 3286 938 3342 totius
984 3286 1271 3343 harmonia
1349 3288 1653 3344 solveretur
1710 3301 1728 3341 :
1785 3282 1909 3351 Ipse

337 3380 500 3444 enim,
548 3380 743 3450 inquit,
797 3380 1030 3437 celestis
1075 3390 1125 3435 et
1156 3390 1365 3436 terrena
1398 3381 1629 3434 continet
1662 3377 1740 3445 7';
1763 3390 1906 3446 Quo-

340 3467 503 3523 modo
552 3479 696 3524 esset
746 3469 1028 3537 possibile,
1049 3482 1249 3528 cuncta
1273 3472 1651 3540 disponentem
1682 3467 1902 3536 sapieu-
1935 3509 1945 3515 .

343 3563 498 3628 tiam,
554 3571 603 3615 et
642 3578 675 3615 a
716 3562 820 3630 ﬁne
853 3579 1013 3633 usque
1048 3564 1119 3618 ad
1153 3566 1312 3634 ﬁnem
1344 3564 1720 3632 pertingentem
1750 3559 1906 3630 {orti-

348 3662 456 3717 ter,
526 3655 852 3742 suaviterque
898 3668 1107 3723 ,cuncta
1160 3657 1522 3728 disponentem
1559 3655 1647 3721 ⁷⁸,
1692 3665 1909 3724 gregem

339 3759 533 3808 suum,
586 3743 880 3801 Ecclesium
929 3761 1111 3812 suam,
1156 3762 1319 3816 quam
1367 3745 1590 3816 proprio
1645 3744 1912 3812 sanguine

343 3836 595 3903 redemit,
619 3851 715 3907 pro
737 3852 845 3907 qua
879 3838 1056 3894 omnis
1081 3839 1132 3894 ei
1153 3840 1291 3893 ratio
1316 3848 1373 3894 et
1398 3853 1562 3892 omne
1589 3834 1909 3907 mysterium

342 3936 449 3992 εει,
463 3926 576 3982 sine
595 3928 985 3999 gubernatione
1005 3924 1331 4000 relinquere,
1360 3944 1453 3999 per
1476 3929 1674 3983 multas
1691 3926 1910 3996 quidem

344 4016 667 4073 tentationes
698 4025 752 4072 et
793 4020 1120 4086 'qumtiones
1160 4018 1491 4088 iu‘prtesenti
1526 4014 1918 4072 exercitatam?

349 4110 470 4178 ipso
520 4124 642 4163 vero
692 4110 1051 4179 corporaliter
1080 4120 1137 4165 et
1162 4111 1494 4167 sensibiliter
1541 4109 1668 4163 hinc
1716 4107 1917 4177 migra-

351 4208 496 4265 tnro,
514 4200 613 4253 etsi
657 4215 930 4268 nunquam
959 4202 1027 4257 ab
1057 4200 1296 4258 Ecclesia
1322 4200 1668 4256 invisibiliter
1695 4198 1869 4254 abfuit
1901 4215 1915 4253 :

358 4289 468 4360 Ego
517 4291 674 4357 enim,
715 4292 911 4360 inquit,
960 4293 1222 4348 vobiscum
1255 4311 1372 4350 sum
1416 4293 1658 4349 omnibus
1711 4290 1916 4355 diebus,

354 4397 517 4449 usque
546 4382 614 4433 ad
647 4383 1145 4438 consummationem
1175 4383 1360 4439 seculi
1389 4384 1459 4439 ".

1353 420 1754 484 ADVERSUS
1778 422 2094 487 GRAECOS
2138 429 2282 494 LIB.
2325 432 2422 493 iV.

315 538 530 609 sanguis,
559 537 648 593 sed
679 536 894 592 cmlestis
927 536 1089 590 Pater
1131 552 1302 591 verant
1356 540 1598 592 reuelauit
1638 539 1795 604 ﬁdem
1813 539 1882 592 “.
1915 546 1969 611 Α⁵
1990 544 2256 603 dicentem

3449 420 3556 481 242

2297 565 2311 603 :
2368 547 2691 619 Pra‘ceptor,
2742 546 2888 602 salva
2936 560 3050 606 tros,
3097 539 3329 611 perimus
3364 536 3439 600 '°,
3468 535 3556 590 iu-

1984 639 2218 709 crepatis
2278 641 2454 696 ventis
2498 652 2798 711 exsurgens
2840 633 3109 701 servavit;
3164 628 3309 701 quod
3362 627 3561 683 futura:

1985 734 2188 805 ubique
2285 735 2338 790 in
2428 733 2681 789 navicula
2758 728 3014 786 Ecclesiae
3102 719 3557 805 perturbationis,

1987 825 2292 881 haeresibus
2351 825 2608 881 amnibus
2674 821 2819 876 illam
2869 831 3115 891 mergere
3158 802 3557 886 qurerentibus,

1989 926 2363 988 argumentum
2387 925 2523 972 erat.
2557 914 2735 986 Cujus
2751 910 3013 982 regimine
3035 915 3313 976 suscepto,
3360 903 3555 958 Petrus

2001 1007 2401 1079 periclitantem
2476 1005 2716 1062 servavit
2788 1018 2886 1071 per
2956 1015 3014 1055 se
3074 1000 3246 1069 ipsum
3305 996 3565 1066 magistro

1989 1099 2242 1154 excitato.
2297 1095 2484 1167 Neque
2531 1095 2925 1152 enim~lrustra
2958 1092 3008 1148 ei
3058 1089 3325 1144 Dominus
3382 1086 3566 1141 claves

1994 1189 2143 1259 regni
2219 1188 2482 1252 credidit;
2565 1180 3089 1252 fundamentumque
3154 1194 3213 1235 se
3263 1177 3566 1247 positurum

1992 1284 2149 1352 dixit,
2209 1296 2374 1352 super
2433 1296 2539 1350 quo
2600 1277 2903 1333 Ecclesiam
2962 1288 3115 1329 suam
3171 1271 3566 1327 tedilicaturum

1995 1373 2336 1444 repromisit;
2372 1374 2623 1449 hancque
2658 1369 2930 1440 przecipue
2959 1358 3169 1434 pascere
3202 1362 3394 1425 Petro,
3435 1358 3480 1414 si
3508 1372 3569 1433 se

1995 1476 2203 1522 amaret
2226 1507 2240 1531 ,
2289 1443 2611 1534 imperavit,
2642 1461 2879 1532 atquein
2910 1457 3097 1513 tributi
3129 1455 3399 1512 solutione
3421 1436 3570 1506 hunc

1996 1576 2093 1629 pro
2121 1575 2179 1613 sc
2210 1560 2327 1627 ipso
2358 1557 2684 1626 respondere
2712 1553 2900 1609 voluit.

2069 1652 2379 1715 Enimvero,
2429 1656 2482 1703 et
2531 1646 2673 1723 quod
2709 1652 2828 1716 post
2860 1641 3313 1698 resurrectionem
3362 1636 3570 1689 dictum

1996 1754 2118 1801 est:
2154 1742 2328 1798 Dicite
2361 1741 2636 1805 discipulis
2663 1740 2799 1809 ejus,
2822 1747 2868 1793 et
2918 1734 3078 1789 Petro
3115 1733 3184 1798 3’,
3216 1746 3325 1802 prae
3362 1726 3572 1783 cmteris

2000 1839 2151 1893 illum
2212 1835 2531 1906 appellantis
2594 1842 2755 1902 atque
2807 1825 3130 1883 honorantis
3191 1830 3296 1878 est.
3363 1817 3469 1873 Sed
3519 1822 3574 1869 et

2002 1928 2391 1997 discipulorum
2440 1924 2650 1992 primus
2707 1921 2999 1989 ingressus
3039 1921 3122 1971 cst
3154 1914 3210 1968 in
3256 1921 3576 1964 monumen-

2004 2031 2138 2086 tum,
2168 2027 2224 2073 et
2257 2018 2408 2079 vidit,
2442 2026 2496 2071 et
2531 2013 2782 2077 credidit,
2811 2000 2897 2077 ut,
2929 2007 3022 2079 qui
3047 2006 3298 2076 princeps
3317 1996 3577 2054 Ecclesiae

2002 2108 2452 2179 relinquebatur,
2534 2104 2743 2173 primus
2814 2102 2866 2156 iu
2953 2097 3324 2169 apostolorum
3409 2097 3577 2145 choro

2005 2203 2226 2273 reliquis
2272 2197 2727 2254 resurrectionem
2774 2193 2977 2250 Christi
3023 2188 3321 2244 nuntiaret.
3364 2184 3574 2251 Nempe

2005 2299 2145 2353 enim
2204 2302 2259 2350 et
2338 2288 2785 2348 convenientibus
2850 2284 3161 2346 omnibus,
3231 2278 3440 2348 primus
3524 2273 3575 2328 in

2006 2386 2355 2445 conciettibus
2386 2392 2488 2438 est.
2521 2380 2718 2437 Paulus
2747 2379 2875 2433 item
2925 2393 2940 2430 :
2979 2372 3226 2433 Asceudi,
3258 2369 3354 2435 ait,
3393 2365 3583 2420 Hiero-

2009 2479 2264 2549 solymam
2323 2473 2495 2528 videre
2548 2470 2765 2525 Petrum
2829 2467 2899 2534 ⁸⁸,
2936 2465 3083 2519 velut
3136 2462 3201 2517 ad
3247 2458 3579 2530 pracipuum

2011 2571 2304 2642 quiddam;
2334 2565 2399 2619 ad
2432 2564 2650 2619 Petrum
2684 2559 2992 2615 intendens.
3038 2555 3150 2610 Etsi
3199 2567 3322 2609 cum
3361 2557 3584 2620 propter

2009 2658 2483 2718 circumcisionem
2532 2654 2755 2721 quidam
2823 2646 3363 2705 scandalizarentut‘,
3424 2649 3588 2709 atque

2012 2754 2067 2808 in
2114 2748 2387 2819 Evangelii
2429 2742 2817 2817 praedicatione
2859 2736 3336 2794 circumcisionem
3383 2729 3591 2784 inferte

2013 2843 2373 2906 molirentur,
2462 2822 2720 2908 quoniam
2798 2830 3016 2901 quidem
3104 2823 3358 2894 apostoli,
3437 2821 3583 2874 circa

2011 2931 2419 3005 praedicationis
2465 2926 2635 2989 initia,
2662 2923 2732 2979 ob
2782 2918 2965 2975 varias
3011 2918 3367 2971 necessitates
3414 2908 3589 2978 majo-

2015 3003 2248 3094 rumque
2277 3019 2686 3089 diepositiones,
2730 3023 2789 3069 ut
2820 3010 3019 3066 medici
3050 3021 3240 3062 curam
3275 3003 3584 3056 animarum

2017 3128 2267 3191 gerentes
2299 3134 2313 3169 :
2348 3113 2440 3169 ille
2466 3111 2712 3183 quidem,
2739 3107 2878 3178 quia.
2896 3101 3137 3176 gentium
3163 3097 3425 3166 magister
3453 3099 3592 3151 erat,

2016 3183 2122 3266 non
2180 3204 2483 3277 cogebatur
2535 3204 2747 3270 aliquos
2800 3195 3178 3253 accedentium
3210 3183 3590 3260 prtrdicatioui

2011 3298 2403 3359 circumcidere
2435 3314 2448 3350 :
2482 3294 2701 3351 Petrum
2763 3305 2894 3345 vero
2938 3303 3033 3343 eos
3068 3284 3161 3356 qui
3194 3299 3257 3338 cx
3294 3275 3586 3335 circumci-

2009 3393 2163 3449 sione
2196 3388 2545 3445 crediderant
2571 3370 2880 3447 assumens,
2922 3388 2979 3433 nt
3005 3376 3215 3447 majora
3260 3372 3593 3431 lucraretur,

2013 3487 2229 3541 minora
2281 3482 2347 3538 ad
2375 3490 2590 3549 tempus
2637 3473 3026 3535 contemnebat
3079 3491 3096 3528 :
3132 3471 3201 3525 ab
3237 3469 3321 3523 his
3348 3465 3441 3536 qui
3477 3460 3621 3517 illo-‘

2014 3593 2136 3633 rum
2193 3573 2517 3631 intentionis
2570 3576 2731 3627 erant
2792 3566 2989 3631 nescii,
3040 3564 3272 3618 invicem
3305 3555 3599 3626 dissentire

2013 3675 2359 3739 putarentur,
2410 3678 2534 3720 cum
2561 3677 2628 3718 eo
2661 3662 2785 3732 ipso
2831 3657 3068 3712 maxime
3096 3658 3485 3720 congruerent.
3516 3644 3594 3699 Ne

2014 3760 2163 3816 enim
2214 3768 2268 3814 et
2303 3759 2355 3813 in
2416 3753 2715 3826 Evangelio
2769 3747 3118 3807 circumcisio
3165 3745 3349 3798 locum
3386 3741 3593 3794 habere

2016 3852 2323 3915 videretur,
2360 3863 2425 3903 ea
2461 3861 2582 3917 quia
2618 3843 2912 3915 putabatur
2944 3838 3089 3894 inter
3144 3849 3241 3892 eos
3293 3828 3599 3887 ditiorentia

2021 3941 2339 3999 necessario
2359 3945 2634 4007 assumpta
2660 3945 2760 3991 est.
2795 3932 2949 4000 Quod
2972 3928 3119 3987 enim
3144 3927 3252 3983 sibi
3281 3924 3439 3980 valde
3467 3937 3602 3975 con-

2030 4036 2225 4092 cordes
2254 4039 2462 4096 essent,
2488 4031 2616 4085 hinc
2652 4025 2998 4098 perspicuum
3026 4029 3132 4079 est.
3162 4018 3278 4075 Non
3307 4017 3480 4074 solum
3502 4014 3604 4070 Pe-

2030 4137 2146 4182 trus
2171 4124 2406 4194 aliquos,
2435 4136 2624 4177 verum
2666 4129 2722 4177 et
2749 4117 2954 4175 Paulus
2988 4112 3332 4169 Timotheum
3367 4108 3603 4163 circum-

2027 4218 2178 4284 cidit,
2217 4215 2309 4287 qui
2355 4213 2540 4270 Judaea
2579 4219 2753 4266 matre
2784 4215 2941 4263 natus
2974 4212 3114 4261 erat.
3145 4201 3238 4258 Sic
3278 4201 3423 4255 enim
3476 4207 3608 4253 tunc

2024 4309 2322 4366 necessitas
2337 4306 2608 4377 ﬂagitabat
2621 4303 2688 4358 ad
2703 4297 3105 4373 praedicationis
3120 4290 3605 4365 dispensationem.

2010 4383 2019 4394 ’
2115 4399 2496 4456 Verumtamen
2526 4392 2726 4450 Paulus
2774 4391 2997 4448 Petrum
3034 4387 3259 4443 minime
3297 4384 3554 4454 ignorans
3589 4395 3604 4433 :

428 4474 560 4526 Nam
601 4474 698 4526 etsi
751 4483 871 4541 post
918 4490 1207 4531 ascenSum
1259 4476 1562 4532 Salvatoris
1616 4477 1682 4531 ad
1727 4473 1909 4539 caelos,

2036 4490 2286 4557 Ascendi,
2324 4487 2521 4557 inquit,
2557 4480 2981 4552 Hierosolymam
3003 4477 3176 4534 uidere
3206 4473 3453 4536 Petrum,
3488 4470 3608 4524 vcl~

261 4599 277 4619 .
357 4562 489 4616 nihil
541 4561 847 4632 indigebant
908 4564 1138 4631 apostoli
1190 4565 1408 4634 aliquo,
1457 4565 1550 4635 qui
1620 4566 1916 4621 secundum

355 4653 721 4722 evangelio-am
768 4655 1072 4712 doctrinam
1115 4671 1180 4712 ac
1233 4658 1641 4715 conversibnem
1671 4673 1738 4711 ac
1775 4657 1922 4713 circa

354 4748 669 4815 dogmatum
719 4745 1052 4816 diligentiam
1083 4761 1178 4805 eos
1211 4747 1561 4814 informat-et;
1593 4758 1646 4802 at
1668 4747 1927 4804 Ecclesiae

353 4851 494 4909 quas
524 4835 722 4906 singuli
766 4837 996 4908 apostoli
1047 4841 1409 4908 aediﬁcavere,
1456 4849 1515 4897 et
1543 4844 1632 4912 qui
1666 4842 1774 4896 illis
1801 4855 1926 4897 suc-

353 4938 668 4993 cesserunt,
717 4929 883 4985 Petro
932 4929 1186 5007 illiusque
1230 4934 1651 5005 successoribus
1688 4934 1928 5004 indigue-

354 5029 489 5075 runt
519 5034 752 5090 semper,
778 5029 834 5076 et
856 5021 1122 5103 indigent.
1155 5022 1323 5090 Quem
1359 5008 1570 5081 scilicet
1594 5024 1840 5081 ordinem
1871 5025 1929 5079 in

351 5114 623 5187 apostolis
688 5114 927 5184 primum.
987 5100 1232 5187 inchoari
1303 5115 1506 5181 decuit,
1563 5117 1707 5173 sicut
1746 5100 1927 5172 {etiam

353 5207 605 5279 contigit.
667 5205 872 5265 Omnes
945 5207 1089 5262 enim
1144 5184 1284 5262 alias
1343 5209 1502 5263 aliter
1559 5210 1705 5266 circa
1773 5211 1929 5265 [idem

316 5296 767 5365 "rraul‘ragantes,
805 5306 899 5351 aut
927 5298 982 5352 id
1011 5297 1124 5366 pati
1152 5298 1524 5367 periclitantes
1549 5338 1562 5365 ,
1611 5299 1808 5356 Petrus
1837 5316 1932 5370 per

354 5403 710 5444 successores
752 5402 883 5444 Suos
923 5403 1184 5459 suamque
1227 5388 1522 5446 Ecclesiam
1566 5392 1739 5447 erexit
1767 5401 1933 5462 atque

354 5481 625 5549 servavit;
665 5481 1116 5549 quemadmodum
1168 5482 1346 5552 ipsum
1392 5493 1551 5540 antea
1588 5484 1848 5542 Dominus
1879 5487 1932 5542 in

356 5571 485 5626 navi
551 5571 951 5642 paiciitantem
1030 5587 1150 5629 cum
1230 5573 1477 5641 czetcris,
1532 5591 1593 5630 ac
1648 5588 1932 5647 propterea

425 5777 473 5859 "_
512 5774 702 5829 Matth.
752 5789 862 5833 χιι,
925 5774 1005 5829 17.
1084 5777 1129 5807 ⁷³
1194 5778 1321 5833 ibid.
1368 5782 1543 5836 lii-l8.
1623 5784 1663 5811 "
1698 5781 1853 5840 Joan.
1888 5758 1973 5841 nit
2032 5788 2210 5843 lii—l7.
2291 5789 2335 5821 ⁷⁸
2374 5785 2644 5842 Luc.xxu
2684 5782 2776 5838 52.

442 5852 550 5881 κατι
605 5861 619 5881 ι
676 5843 708 5881 Ἰ
812 5843 855 5874 π
884 5844 989 5881 Rau
1032 5861 1127 5881 mn
1214 5849 1234 5881 Α
1340 5852 1381 5881 τι
1426 5851 1584 5881 u....t.
1643 5870 1803 5881 νου...
1853 5856 1922 5881 cm
1981 5827 2063 5881 ἰη
2100 5859 2260 5881 ιι.-..ι.
2460 5857 2527 5881 me:
2630 5822 2670 5881 ιιῖ
2713 5853 2756 5881 u

1364 5852 1381 5883 '
1422 5851 1608 5906 Matth.
1642 5870 1827 5917 xxvul,
1853 5856 1939 5910 ΞΟ.
2018 5858 2063 5889 ⁸ο
2097 5859 2285 5914 Matth.
2311 5874 2429 5916 vm.
2460 5857 2551 5910 ‘25.

358 5852 405 5882 ⁷⁷
442 5850 569 5915 Sap.
605 5861 646 5910 ι,
676 5843 732 5897 7.
812 5843 855 5874 "
884 5844 1148 5914 Ssp.vttt,
1214 5849 1262 5901 l.

2031 4582 2111 4638 uti
2163 4577 2382 4648 aliquod
2425 4589 2710 4632 sacrorum
2764 4571 3044 4629 monilium
3083 4562 3607 4623 excellentissimum

2034 4672 2338 4730 intuitnrus
2398 4669 2559 4738 eique
2602 4668 2864 4722 honorem
2912 4658 3246 4722 redditurus,
3291 4654 3407 4709 sive
3446 4651 3612 4719 etiam
3708 4698 3711 4701 .

2038 4761 2385 4832 Evangelium
2433 4773 2556 4815 cum
2594 4771 2662 4813 eo
2705 4754 3037 4815 collaturus;
3076 4756 3134 4802 ut
3179 4747 3268 4801 vel
3301 4746 3617 4799 ﬁrmaretur

2035 4831 2207 4923 quod
2237 4861 2448 4907 rectum
2500 4860 2640 4914 erat,
2690 4847 2776 4903 vel
2825 4843 3174 4914 suppleretur
3217 4837 3363 4910 quod
3405 4831 3615 4890 deerat.

2034 4945 2170 5001 Nam
2209 4945 2309 4999 etsi
2343 4944 2521 4999 omnis
2546 4941 2770 5010 ambitio
2797 4952 2827 4994 e
2850 4938 3019 4993 choro
3047 4934 3140 4990 illo
3171 4928 3471 5004 apostolico
3498 4937 3621 4983 erat

2040 5036 2405 5094 remotissima
2459 5032 2713 5106 (perfecti
2755 5031 2900 5086 enim
2957 5032 3119 5082 erant
3169 5022 3392 5094 singuli,
3444 5032 3622 5089 neque

2043 5130 2181 5187 duce
2228 5116 2587 5199 indigebant),
2625 5134 2802 5181 tamen
2836 5119 2975 5193 apud
3006 5120 3129 5175 illos
3181 5116 3346 5173 etiam
3406 5112 3542 5167 ordo
3565 5119 3622 5165 ut

2014 5222 2246 5292 'primus
2312 5219 2579 5275 bonorum
2651 5214 2892 5270 omnium
2956 5226 2985 5265 a
3060 5208 3291 5265 Domino
3346 5205 3624 5275 plantatus

2037 5315 2255 5378 fuerat;
2292 5319 2458 5381 atque
2487 5308 2555 5364 ad
2586 5309 2834 5373 Petrum,
2868 5300 3033 5359 veluti
3062 5301 3130 5356 ad
3152 5301 3302 5356 illius
3330 5307 3614 5352 successo—

2036 5417 2178 5468 rem,
2228 5403 2583 5459 intuebantur
2612 5413 2823 5457 omnes.
2870 5395 3059 5465 Neque
3089 5394 3233 5450 enim
3275 5389 3499 5467 fortuito
3532 5397 3620 5437 res

2038 5495 2177 5566 apud
2216 5494 2341 5551 illos
2370 5495 2684 5564 gerebatur,
2718 5490 2837 5558 sed,
2869 5492 3017 5547 velut
3044 5493 3310 5557 praesente
3342 5481 3504 5541 three,
3547 5473 3617 5529 ab

2039 5588 2157 5656 ipso
2200 5587 2411 5656 signum
2440 5585 2834 5656 exspectabant
2872 5599 2886 5637 :
2926 5596 2987 5635 ac
3019 5581 3194 5649 primo
3223 5569 3618 5628 concedebant,

2873 5781 2919 5811 ⁷⁸
2943 5776 3134 5831 Matth.
3187 5785 3324 5830 xv",
3356 5766 3427 5820 93
3463 5777 3618 5827 seqq.

2630 5833 2876 5907 i'I'vivildl'c.
2918 5847 3100 5910 xvt,7.
3175 5843 3220 5877 ⁸³
3249 5839 3423 5893 Gulal.
3464 5851 3499 5893 ι,
3539 5833 3623 5886 18-
