4052 6432
527 347 634 410 £43

1781 360 2174 424 MANUELIS
2204 364 2511 428 CALECAZ

3550 349 3553 354 ’
3635 370 3726 434 2n

529 477 652 516 cum
696 461 806 518 illic
837 463 888 518 in
920 466 1195 521 communi
1231 475 1374 524 cmlu
1405 468 1606 538 aliquid
1631 470 1922 528 dicendum
1954 485 2094 540 erat,
2123 493 2173 544 Α
2199 479 2393 549 sits-que
2443 479 2604 548 ipsius
2628 482 2993 551 principatus;
3030 483 3142 536 illic
3163 484 3320 537 etiam
3345 487 3530 538 terreni
3550 487 3728 554 imperii

530 561 590 604 ut
619 552 824 624 liquido
861 555 913 609 in
935 556 1160 613 Actibus
1183 568 1408 628 apparet
1431 559 1498 616 ⁸³.
1543 560 1759 616 Primus
1781 565 1923 618 enim
1953 565 2095 619 inter

529 657 741 708 omnes,
785 647 1145 713 praesentibus
1181 649 1322 715 aliis,
1353 659 1413 704 ut
1450 650 1620 719 ipsius
1660 653 1812 708 chori
1843 656 2096 726 princeps

532 733 838 788 coneionari
873 735 1308 804 deprehenditur,
1343 753 1487 794 nunc
1504 739 1723 808 quidem
1754 743 1819 795 ad
1849 741 2090 807 Judzeos,

534 839 678 878 nunc
710 837 889 880 autem
921 826 986 880 ad
1014 829 1247 892 sodales,
1282 845 1408 884 cum
1440 845 1622 887 sermo
1646 842 1794 887 esset
1823 833 1890 887 de
1917 849 2100 890 surro-

532 919 708 984 gando
736 919 997 986 proditori
1032 935 1347 976 successore
1405 930 1459 976 et
1489 924 1762 994 eligendo.
1789 924 2089 994 Oportebat

424 991 445 1036 ἷο
533 1009 678 1062 enim
729 1017 785 1063 ut
832 1009 1070 1065 futurum
1114 1013 1166 1066 in
1196 1013 1436 1070 Ecclesia
1487 1015 1692 1071 Christi
1724 1018 1966 1072 ordinem
2000 1019 2101 1088 ipsi

433 1099 447 1174 ζί
529 1099 960 1169 prteiigurarent,
1034 1110 1106 1156 ut'
1151 1106 1608 1174 quemadmodum
1672 1110 1882 1163 caeteris
1937 1110 2101 1164 duces

528 1191 795 1244 honorum
871 1192 1112 1246 omnium
1206 1192 1392 1260 luere,
1474 1197 1555 1251 sic
1644 1199 1808 1251 etiam
1892 1199 2101 1253 ordinis

530 1292 734 1336 essent.

599 1371 760 1441 Atqui
793 1372 838 1428 si
874 1373 969 1439 illi,
1007 1389 1129 1429 cum
1176 1376 1400 1445 perfecti
1433 1389 1640 1444 essent,
1678 1379 1884 1434 ordinis
1921 1387 2100 1435 tamen

534 1476 719 1516 curam
752 1465 1040 1518 maximam
1067 1467 1450 1534 adhibuerunt,
1489 1484 1662 1536 neque
1711 1479 1944 1524 statutos
1993 1479 2106 1525 ter.

537 1553 713 1607 minos
775 1557 1100 1624 transgressi
1147 1567 1294 1621 sunt,
1346 1560 1618 1626 quomodo
1663 1574 1766 1614 non
1815 1575 1906 1616 eos
1954 1563 2102 1623 arbita

537 1655 745 1700 Iremur
797 1662 892 1716 per
938 1662 1000 1701 ea
1053 1663 1171 1717 quae
1227 1664 1462 1719 gessere,
1501 1651 1736 1720 posteris
1785 1653 1898 1706 suis
1950 1653 2094 1707 hunc

2197 575 2372 624 sedem
2405 571 2590 636 statui,
2615 573 2703 626 sed
2735 573 2868 626 hanc
2887 573 3093 642 quidem
3121 562 3299 628 sancto
3345 574 3494 628 Petro
3545 579 3734 646 ejusque

2200 663 2588 717 successoribus
2609 665 2954 732 deputamus;
2984 681 3075 718 nos
3101 677 3272 719 autem
3301 681 3579 734 qua’remus
3609 671 3734 735 regni

2202 753 2372 806 sedem
2396 753 2500 806 alio
2524 747 2730 818 inloco,
2750 753 2991 817 Byzantii
3021 755 3244 820 scilicet,
3261 755 3532 822 ludiﬁcare.
3556 755 3613 809 Et
3635 772 3738 821 qu.e

2205 843 2306 896 alia
2355 845 2574 910 adjecit,
2607 855 2658 899 et
2707 847 2772 900 de
2808 848 3163 901 conversione
3209 864 3302 900 sua
3333 862 3571 909 narrans,
3605 859 3652 901 et
3684 851 3738 901 de

2204 935 2460 1002 dignitate
2488 951 2858 992 successorum
2891 939 3030 993 beati
3055 939 3199 993 Petri
3226 940 3401 994 edicta
3437 955 3737 1008 proponens,

2203 1029 2577 1096 servandaque
2605 1029 2832 1095 posteris
2866 1031 3106 1095 tradens,
3135 1045 3258 1099 erga
3307 1045 3466 1099 quam
3505 1029 3603 1082 nisi
3633 1044 3742 1083 suc-

2203 1129 2446 1171 cessores
2492 1117 2704 1186 imperii
2739 1133 2922 1186 parem
2969 1121 3323 1175 reverentiam
3377 1129 3606 1186 servenl,
3645 1129 3744 1173 sta-

2205 1209 2423 1261 tuendus
2497 1225 2614 1261 cum
2666 1210 3084 1279 Qrucifixoribus
3154 1210 3365 1264 Domini
3424 1211 3583 1263 nostri
3634 1208 3744 1262 Jesu

2205 1302 2432 1364 Christi,
2491 1304 2857 1375 beatorumque
2905 1306 3262 1372 apostolorum
3317 1303 3460 1359 Petri
3516 1315 3564 1358 et
3609 1303 3757 1357 Pauli

2206 1393 2512 1448 incursuros
2539 1396 2950 1465 indignationem
2991 1397 3212 1452 indicat.

2278 1484 2478 1539 Praeter
2512 1497 2700 1540 caetera
2735 1489 2879 1540 enim
2916 1503 3101 1542 rursus
3148 1497 3201 1542 et
3235 1489 3336 1542 hoc
3366 1488 3441 1544 ait
3473 1504 3487 1540 :
3523 1486 3746 1540 Ordinem

2207 1578 2454 1630 stratoris
2502 1593 2594 1631 nos
2622 1577 2772 1630 beato
2815 1576 3079 1648 Sylvestro
3143 1594 3296 1649 papa:
3352 1579 3628 1632 successori
3651 1579 3754 1630 ben.

2209 1668 2395 1720 tissimi
2448 1672 2549 1721 mei
2595 1667 2736 1723 Petri
2787 1672 3014 1740 apostoli
3060 1671 3241 1725 vicarii
3283 1670 3476 1726 Christi
3532 1670 3754 1739 implevi-

539 1737 712 1791 modis
791 1739 1042 1794 omnibus
1131 1742 1448 1796 servandum
1531 1743 1866 1799 tradidisse?
1923 1745 2104 1815 Atque
2143 1774 2354 1838 8mm,

538 1831 879 1898 apponebant
907 1831 982 1885 illi
1018 1831 1259 1900 quidem,
1301 1835 1391 1901 qui
1435 1833 1803 1899 crediderant,
1852 1837 2111 1903 pecunias

539 1919 608 1972 ad
649 1919 811 1986 pedes
841 1922 1204 1986 apostolorum
1239 1940 1254 1987 ;
1292 1922 1484 1979 Petrus
1521 1935 1697 1980 autem
1729 1942 1823 1981 eos
1854 1928 1943 1996 qui
1986 1929 2098 1982 Deo

541 2011 752 2066 mentiti
803 2009 1060 2078 fuerant,
1124 2014 1390 2069 Ananiam
1445 2027 1500 2071 et
1560 2016 1902 2087 Sapphiratn,
1951 2021 2114 2075 simul

541 2103 782 2174 reliquos
827 2106 1121 2160 admonens
1157 2123 1220 2160 ac
1267 2108 1546 2181 malignari
1579 2111 1888 2180 prohibens,
1920 2113 2028 2168 dux
2061 2123 2115 2168 et

497 2189 704 2283 ‘jndex
774 2193 1020 2249 veritatis
1096 2203 1323 2262 astans,
1395 2199 1584 2253 mortis
1649 2201 1915 2256 sententia
1975 2201 2124 2260 mula

543 2281 699 2338 tavit.

614 2395 889 2466 Scriptum
939 2408 1025 2455 est
1073 2410 1250 2457 autem
1300 2411 1353 2457 et
1404 2404 1456 2458 in
1488 2404 1712 2458 historia
1771 2406 2064 2462 Clementis
2096 2448 2113 2474 ,

544 2482 637 2549 qni
678 2494 798 2552 post
825 2483 1048 2542 Petrum
1092 2503 1380 2546 successor:
1407 2489 1522 2558 ejus
1566 2491 1686 2558 fuit,
1719 2495 1858 2562 quod
1895 2511 2017 2551 cum
2047 2513 2114 2551 ex

543 2579 649 2630 hac
676 2577 782 2630 vita
827 2577 1016 2634 Petrus
1069 2580 1416 2638 beatissimus
1473 2585 1799 2655 migraturus
1847 2598 1995 2645 esset
2047 2591 2115 2643 ad

545 2667 862 2750 Dominum,
909 2671 1239 2728 Clementem
1317 2677 1586 2734 advocans
1619 2717 1635 2744 ,
1693 2679 1793 2750 ipsi
1853 2682 2115 2750 tradidit,

545 2773 706 2825 quem
759 2745 1038 2831 acceperat
1068 2780 1098 2819 a
1141 2764 1388 2833 Domino,
1451 2767 1701 2824 Ecclesia:
1737 2772 2114 2842 principatum,

546 2849 837 2927 fidelesque
893 2855 1190 2925 aequaliter,
1240 2867 1298 2911 ut
1333 2859 1435 2914 sibi
1467 2862 1686 2925 viventi,
1719 2863 1881 2918 veluti
1930 2865 2118 2920 Eccle-

546 2942 643 2995 sia:
674 2944 903 3012 principi
941 2957 1172 3002 eatenus
1208 2949 1573 3014 intenderant,
1611 2953 1684 3005 ita
1727 2963 1780 3007 et
1821 2954 1887 3008 ad
1947 2955 2116 3019 illum.

549 3044 608 3088 ut
653 3049 831 3100 suum,
869 3028 1256 3108 ac'dignitatis
1295 3055 1408 3096 sua:
1451 3058 1819 3099 successorem
1867 3048 2113 3116 aspicere

2287 1849 2412 1906 llaec
2448 1861 2502 1906 et
2536 1853 2588 1906 hi
2634 1853 2724 1921 qui
2771 1862 2954 1921 postea
2985 1852 3135 1908 fuere
3166 1852 3589 1910 Christianorum
3622 1867 3756 1920 reges

2215 1953 2586 2010 agnoscentes,
2620 1953 2780 2013 atque
2811 1943 2862 1996 in
2895 1945 2978 2014 lus
3011 1959 3228 2000 manere
3259 1947 3454 2010 coacti,
3511 1945 3754 2012 siquidem

2218 2031 2456 2086 haeretici
2505 2033 2755 2100 fuissent,
2796 2033 3025 2088 Romani
3072 2036 3309 2105 episcOpi
3345 2035 3676 2098 sententiam,
3713 2035 3757 2086 in

2216 2123 2415 2191 quibus
2476 2133 2744 2194 poterant,
2804 2139 2987 2179 secum
3039 2126 3239 2180 habere
3297 2127 3474 2181 modis
3532 2126 3760 2178 omnibus

2217 2211 2604 2277 moliebantur,
2645 2213 2960 2282 dignitatem
2991 2213 3108 2284 ejus
3139 2214 3306 2283 probe
3338 2216 3585 2277 scientes,
3615 2221 3762 2278 utque

2217 2303 2490 2358 snlliceret
2539 2303 2604 2358 ad
2652 2303 2834 2359 omnia
2892 2307 3160 2360 sententia
3210 2306 3390 2372 illius;
3447 2318 3595 2375 turpe
3637 2306 3760 2360 enim

2217 2394 2378 2449 simul
2405 2403 2570 2464 atque
2587 2395 2764 2450 audax
2783 2396 3082 2461 videbatur,
3101 2397 3306 2452 Christi
3331 2415 3450 2455 cum
3475 2407 3663 2462 essent,
3680 2397 3762 2450 im-

2220 2489 2517 2556 prudenter
2546 2501 2726 2558 agere,
2764 2488 2864 2542 nisi
2902 2491 3024 2557 quis
3045 2490 3295 2546 fortassis
3325 2494 3390 2546 ad
3419 2507 3603 2546 omnes
3635 2489 3761 2558 leges

2219 2577 2482 2634 rebellare
2502 2579 2841 2634 instituisset.
2876 2579 2970 2634 Sin
3004 2596 3128 2634 vero
3151 2583 3222 2651 pii
3249 2597 3316 2636 ac
3339 2582 3562 2651 religiosi
3584 2589 3762 2642 essent,

2221 2671 2284 2724 de
2306 2670 2388 2725 his
2411 2683 2530 2740 qua:
2551 2669 2950 2740 quomodolibet
2975 2683 3154 2727 essent
3172 2673 3443 2744 ambigua,
3465 2673 3580 2744 ejus
3596 2687 3768 2739 exspe-

2219 2758 2436 2812 ctabant
2479 2758 2763 2830 judicium,
2804 2767 2862 2814 ut
2892 2773 3014 2813 cum
3045 2759 3174 2814 illud
3198 2760 3508 2825 haberetur,
3532 2760 3646 2814 aliis
3671 2754 3764 2811 alia

2221 2851 2548 2914 dicentibus,
2594 2850 2771 2905 mdlus
2805 2851 2945 2906 ultra
2981 2853 3212 2922 amplius
3253 2853 3534 2924 inquirere
3564 2851 3769 2922 permit.

2223 2951 2449 2997 teretur.

2294 3032 2348 3086 In
2401 3030 2626 3101 synodis
2679 3047 2807 3088 vero
2855 3033 2970 3103 ipse
2997 3033 3238 3090 omnium
3303 3036 3558 3106 princeps
3609 3032 3772 3104 przesi-

547 3129 822 3195 prazcepit.
861 3127 1018 3184 [tunc
1069 3133 1230 3196 enim,
1291 3133 1484 3204 inquit,
1523 3137 1662 3190 vobis
1697 3154 1791 3204 pro
1821 3155 1900 3194 me
1935 3113 2110 3195 trefin-
2139 3113 2187 3176 ο
2220 3124 2381 3178 debat
2416 3139 2433 3189 ἶ
2468 3132 2523 3178 ei
2553 3124 2636 3179 Vel
2671 3139 2768 3194 Per
2795 3140 2940 3191 eum:
2992 3125 3076 3181 νει
3105 3141 3199 3196 Per
3223 3124 3390 3194 alios»
3425 3128 3514 3198 (ιυῖ
3547 3127 3655 3192 Vim
3684 3138 3766 3178 δίη·

544 3231 670 3281 quo.
725 3215 927 3288 Nempe
956 3229 1008 3274 et
1045 3223 1372 3278 sanctissimi
1417 3227 1761 3295 evangelista?
1791 3229 1844 3284 in
1893 3247 2116 3288 enume-

550 3307 762 3363 ratione
823 3311 1210 3377 apostolorum,
1263 3323 1320 3368 ut
1377 3315 1526 3370 chori
1601 3319 1762 3374 totius
1821 3322 2116 3390 principem

550 3399 764 3453 Petrum
831 3415 1044 3471 semper
1101 3417 1438 3475 prteponunt,
1505 3409 1570 3463 Et
1625 3409 1861 3468 Ecclesia
1920 3414 2120 3484 ubique

548 3490 850 3561 principem
911 3496 1278 3564 apostolorum
1343 3501 1634 3570 appellat;
1689 3505 1885 3574 quippe
1943 3517 1997 3561 et
2065 3508 2117 3561 in

550 3583 763 3651 hymnis
806 3587 917 3640 suis
969 3588 1337 3646 Damascenns
1385 3590 1604 3647 Petrum
1646 3605 1700 3649 et
1737 3597 1958 3650 Paulum
2007 3598 2121 3653 lau-

549 3675 681 3730 dare
743 3678 948 3743 volens,
1013 3681 1178 3736 alium
1227 3683 1442 3753 quidem
1493 3695 1550 3740 ut
1615 3688 1854 3741 omnium
1909 3699 2124 3759 aposto-

548 3764 724 3820 lorum
760 3769 1080 3841 principem,
1117 3773 1286 3850 alium
1318 3790 1446 3830 vero
1483 3779 1662 3848 utqui
1715 3778 1852 3834 ultra
1893 3791 2120 3838 caeteros

548 3855 826 3928 laborarit,
881 3863 1086 3934 laudat.
1138 3866 1440 3923 Attestatur
1481 3879 1536 3923 et
1584 3871 1742 3926 divus
1793 3871 2120 3944 Chrysosto-

548 3964 670 4007 mus
714 3967 876 4021 super
921 3953 1250 4012 Mattbaeum.
1323 4023 1329 4027 η

880 4089 954 4144 De
1013 4091 1362 4150 Constantino
1416 4105 1468 4152 et
1524 4097 1814 4169 Sylvestro.

619 4203 724 4256 Ista
752 4217 926 4272 neque
955 4205 1385 4264 Christianorum
1436 4227 1590 4282 reges
1632 4215 1958 4283 ignorantes,
1991 4231 2126 4284 quo-

545 4311 664 4349 rum
703 4296 909 4364 primus
945 4297 1044 4352 fuit
1080 4299 1270 4355 beatus
1322 4302 1732 4373 Constantinus,
1785 4307 2120 4379 Sytvestrun't

2221 3213 2600 3285 fungerentur,
2633 3226 2778 3272 recta
2812 3217 2945 3270 lldes
2988 3217 3373 3283 rohorabatur,
3406 3219 3519 3273 sine
3563 3231 3661 3285 quo
3689 3214 3771 3267 ad-

2219 3285 2411 3362 versus
2464 3307 2752 3363 haereticos
2818 3308 3008 3364 obsisti
3073 3309 3338 3378 nequibat
3393 3327 3410 3375 ;
3478 3319 3630 3379 atque
3684 3317 3774 3358 non

2221 3395 2392 3450 solum
2454 3411 2784 3466 congregare
2843 3397 3152 3467 synodum,
3210 3398 3306 3451 sed
3367 3412 3538 3468 neque.
3609 3402 3776 3451 contra

2221 3487 2564 3543 adversarios
2620 3487 2929 3542 dimicando
2974 3488 3291 3556 praevalere,
3331 3490 3452 3544 sine
3508 3488 3644 3542 illius
3690 3498 3775 3536 au-

2221 3577 2470 3633 ctoritate
2517 3577 2786 3647 quispiam
2831 3586 3066 3648 poterat.
3113 3578 3463 3634 Attestantur
3487 3579 3568 3633 his
3594 3573 3767 3645 partim

2222 3665 2277 3721 hi
2308 3667 2400 3735 qui
2431 3681 2529 3737 per
2558 3666 2611 3721 id
2645 3667 2903 3735 temporis
2951 3667 3365 3731 delitescebant,
3402 3683 3570 3738 neque
3607 3676 3772 3719 vocem

2222 3758 2446 3814 liberam
2503 3773 2600 3829 pro
2663 3759 2766 3814 ﬁde
2855 3757 3108 3815 emittere
3169 3759 3476 3825 audebant,
3527 3757 3625 3813 etsi
3690 3751 3774 3823 ipsi

2222 3850 2422 3918 optime
2459 3851 2727 3906 sentirent
2757 3866 2772 3904 :
2815 3850 3011 3917 partim
3039 3859 3092 3904 et
3127 3865 3358 3918 magnus
3421 3851 3646 3904 Basilius
3677 3844 3776 3912 epi-

2169 4007 2176 4024 Ι
2222 3943 2377 3997 stolis
2400 3942 2514 3997 suis
2543 3940 2920 3996 Occidentales
2949 3941 3394 4012 excitans,al.que
3423 3941 3543 3997 lidei
3573 3939 3779 3994 veritate

2225 4032 2583 4102 periclitante,
2619 4043 2675 4087 ut
2710 4047 2865 4101 opem
2899 4031 3097 4097 ferant,
3135 4031 3452 4097 obsecrans,
3485 4031 3582 4087 nisi
3620 4026 3780 4099 provi-

2224 4125 2404 4191 deant,
2439 4124 2488 4180 id
2520 4139 2799 4196 passuram
2827 4137 3166 4189 asseverans,
3203 4126 3360 4192 quasi
3394 4139 3499 4179 non
3538 4119 3782 4178 sullicien-

2225 4215 2388 4282 tibus,
2409 4216 2500 4285 qui
2523 4215 2663 4284 apud
2689 4213 2992 4271 Orientales
3021 4205 3218 4282 reliqui
3242 4223 3425 4282 erant,
3455 4209 3781 4270 orthodoxis;

2227 4318 2321 4362 aut
2362 4322 2468 4361 non
2499 4307 2824 4363 audentibus
2869 4305 3066 4362 bellum
3100 4306 3166 4361 ad
3197 4305 3620 4362 destructionem
3661 4301 3785 4356 blas-

550 4397 676 4441 tune
705 4387 957 4444 Romana:
983 4390 1238 4450 Ecclesia:
1267 4395 1626 4463 gubernacula
1665 4409 2124 4470 regentem,com-
2155 4439 2198 4495 υ
2227 4397 2593 4468 phemantimn
2627 4399 2890 4468 arripere.

549 4480 700 4533 muni
741 4482 960 4537 decreto
997 4484 1109 4551 (88)
1147 4487 1348 4555 ubique
1379 4503 1474 4556 per
1525 4491 1712 4545 orbem
1756 4495 2118 4564 promulgato,

548 4569 775 4633 Petriet
810 4569 1004 4627 Christi
1043 4591 1388 4631 successorem
1447 4580 1700 4649 appellat,
1759 4593 2121 4653 pastoremque

548 4663 781 4730 primum
805 4673 852 4718 et
888 4667 1200 4734 magistrum
1234 4667 1486 4723 Ecclesia:
1525 4671 1689 4725 totius
1724 4683 1880 4728 vocat
1912 4691 1927 4728 :
1959 4673 2120 4743 liqui-

550 4755 730 4824 doque
764 4761 1101 4826 comprobat,
1133 4774 1193 4814 se
1227 4775 1386 4832 quam
1424 4761 1567 4816 inter
1598 4763 1940 4820 Chrisdanos
1972 4767 2124 4821 inve-

551 4854 708 4898 nerat
739 4850 1183 4905 consuetudinem
1221 4853 1323 4906 hoc
1353 4854 1569 4908 decreto
1601 4856 1906 4912 roborasse.
1939 4857 2124 4928 Neque

548 4932 696 4986 cutim
747 4951 917 5004 nuper
973 4953 1039 4992 ex
1097 4942 1379 5007 gentilium
1447 4957 1637 4997 errore
1701 4959 1997 5002 conversus
2057 4949 2124 5002 ad

549 5022 855 5092 Christum,
894 5029 1016 5083 novi
1051 5030 1256 5100 aliquid
1307 5032 1359 5085 in
1407 5031 1652 5089 Ecclesia
1683 5037 2128 5119 moliri‘volnisse

549 5115 822 5182 putandus
873 5128 976 5186 est,
1025 5120 1184 5189 eique
1234 5120 1457 5178 Romam
1520 5126 1588 5180 oh
1641 5115 1952 5185 cathedram
1985 5132 2126 5187 beati

552 5205 697 5260 Petri
732 5209 1026 5278 dereliquit
1057 5230 1072 5266 :
1105 5211 1388 5280 indignum
1420 5216 1756 5282 existimans,
1792 5229 1849 5275 ut
1880 5222 1955 5276 ait
1991 5225 2124 5292 ipse,

553 5300 642 5352 ubi
674 5302 821 5364 sedes
849 5303 1174 5355 sanctissimi
1198 5305 1297 5356 mei
1333 5302 1482 5359 Petri
1524 5310 1772 5375 apostoli,
1811 5313 1989 5366 vicarii
2021 5315 2128 5368 Do-

555 5391 705 5457 mini,
729 5403 782 5445 et
811 5395 946 5462 regis
982 5397 1151 5452 nostri
1169 5395 1296 5452 Jesu
1335 5395 1532 5457 Christi
1557 5402 1785 5470 fundata
1809 5416 1906 5475 est,
1938 5407 2124 5463 Eccle-

629 5558 674 5590 ⁸³
703 5559 824 5613 Act.
859 5576 897 5626 ι,
928 5561 947 5615 Ι
989 5575 1145 5632 seqq.

2297 4489 2403 4544 Sed
2431 4499 2486 4543 et
2517 4489 2796 4559 theologus
2820 4488 3134 4558 Gregorius,
3165 4490 3216 4542 in
3245 4490 3526 4559 epitaphio
3547 4493 3780 4544 sermone

2227 4594 2391 4648 quem
2424 4579 2474 4632 in
2515 4593 2639 4632 eum
2665 4579 2905 4646 scripsit,
2935 4578 3038 4634 hoc
3076 4579 3248 4647 ipsum
3283 4589 3538 4641 testatur,
3575 4578 3783 4630 dicens:

2226 4671 2461 4726 Aderant
2489 4679 2536 4722 et
2570 4667 2985 4723 Occidentalium
3012 4671 3376 4739 episcoporum
3437 4667 3606 4738 aliqui
3634 4665 3697 4718 ad
3737 4674 3786 4714 se

2230 4761 2564 4817 attrahentes
2609 4763 2925 4816 orthodoxos
2970 4778 3168 4816 omnes.
3218 4759 3338 4817 Etsi
3397 4761 3540 4815 enim
3596 4766 3792 4822 semper

2231 4857 2371 4910 inter
2403 4856 2634 4910 haereses
2671 4855 2835 4923 aliqui
2884 4868 3011 4908 vera
3059 4855 3125 4908 de
3166 4855 3269 4907 fide
3316 4856 3634 4915 sentientes,
3663 4845 3783 4901 reli-

2233 4949 2322 5016 qui
2355 4956 2532 5010 erant,
2561 4945 2725 5001 veluti
2752 4945 2993 5014 quredam
3022 4943 3256 4999 scintilla
3286 4944 3531 4999 veritatis
3555 4960 3567 4995 :
3596 4949 3786 4998 verum,

2235 5057 2340 5096 non
2402 5049 2606 5095 tantum
2663 5040 2931 5094 habebant
2998 5038 3232 5102 roboris,
3288 5047 3347 5091 ut
3391 5037 3473 5091 vel
3543 5031 3788 5104 synodum

2234 5147 2450 5202 COgere,
2485 5133 2728 5200 aliasque
2770 5131 3037 5186 obsistere
3083 5129 3364 5190 auderent,
3392 5143 3516 5182 cum
3565 5124 3661 5192 ipsi
3703 5116 3792 5216 mi:

2237 5225 2383 5280 nima
2430 5239 2554 5294 pars
2601 5232 2804 5286 essent,
2854 5236 2918 5276 ac
2945 5223 3141 5289 saepius
3185 5221 3585 5275 occulerentur.
3619 5220 3717 5268 Aut
3752 5223 3792 5261 st

2235 5314 2560 5386 coegissent,
2599 5315 2763 5368 robur
2795 5328 2854 5365 ea
2889 5313 3129 5383 synodus
3173 5328 3277 5367 non
3331 5311 3628 5367 habuisset.
3655 5300 3793 5359 Nulla

2237 5408 2382 5463 enim
2426 5405 2670 5477 synodus
2711 5420 2820 5460 non
2862 5414 3150 5473 praesente,
3181 5403 3263 5459 vel
3293 5417 3400 5458 non
3435 5397 3793 5458 consentiente

635 5715 965 5794 (§8)__E_xstat
995 5719 1394 5794 hoedecrctum
1431 5724 1572 5794 apud
1600 5724 1917 5782 Gratianum
1949 5727 2001 5782 d.
2039 5724 2128 5792 95,
2169 5735 2343 5794 neque
2380 5723 2584 5781 Graeci,
2623 5731 2704 5779 cst
2737 5722 3067 5792 ignoratum,
3101 5727 3163 5776 ut
3209 5727 3358 5790 patet
3416 5731 3482 5773 ex
3541 5725 3794 5772 commen-

569 5785 724 5840 tariis
741 5785 1077 5846 Balsautonis
1107 5791 1159 5846 in
1195 5793 1442 5849 concilia.
