4052 6432
321 348 432 411 245

1371 347 1772 420 ADVERSUS
1809 357 2122 426 GRJECOS
2149 368 2296 430 LIB.
2333 370 2429 433 IV.

3463 385 3572 450 246

321 439 570 496 Romano
613 441 1006 510 episcopo,.vcl
1039 443 1202 498 robur
1232 443 1482 510 habebat,
1512 449 1593 503 vel
1623 449 1882 504 catholica

1999 459 2162 526 aliqui
2195 470 2250 514 ut
2277 461 2607 532 hacreticnm,
2641 464 2943 524 Romanum
2987 480 3162 527 tamen
3211 474 3524 547 episcOpunt
3550 520 3566 547 ,

320 532 687 588 credebatur.
751 533 816 588 Ut
880 536 1023 590 enim
1089 537 1275 592 beatus
1354 537 1662 608 Stephanus
1713 541 1894 609 iunior

321 624 638 689 insinuavit,
674 625 788 679 sine
817 641 884 680 eo
930 641 1017 682 res
1065 627 1434 684 ecclesiastica
1483 633 1701 686 tractari
1756 633 1892 686 diri-

322 705 484 782 gique
530 727 634 768 non
679 725 922 782 poterat:
969 714 1556 788 lconomachorumque
1603 721 1888 790 synodum,

322 803 569 859 Romano
637 806 890 875 pontifice
957 824 1062 864 non
1127 809 1512 879 approbante,
1565 811 1891 867 catholicam

323 898 591 966 appellare
640 899 840 952 renuit.
1787 903 1796 912 ”

394 986 517 1042 Ιιίυο
586 998 764 1042 autem
842 1005 948 1044 non
1018 990 1277 1046 Romanae
1346 992 1494 1045 urbis
1558 993 1730 1059 gratia
1808 990 1884 1047 illi

321 1081 550 1150 dignitas
597 1082 868 1152 contigit,
937 1083 1030 1137 setl
1093 1084 1218 1154 quia
1277 1097 1560 1138 successor
1604 1085 1746 1139 beati
1798 1085 1892 1139 Pe-

322 1172 388 1224 tri
447 1169 568 1224 fuit.
637 1171 769 1224 Eum
840 1187 970 1226 vero
1027 1171 1285 1228 Dominus
1356 1189 1456 1244 pro
1505 1189 1563 1230 se
1637 1176 1893 1231 Ecclesiae

319 1260 575 1330 praefecit,
632 1269 792 1333 atque
832 1274 1052 1333 propter
1103 1265 1373 1334 eximiam;
1403 1267 1744 1335 praelicientis
1777 1271 1890 1339 glo-

322 1348 772 1412 riam,successor
799 1349 937 1420 ejus,
973 1361 1028 1406 et
1049 1363 1109 1405 ea
1140 1367 1300 1421 quam
1338 1368 1434 1422 per
1485 1356 1889 1410 successionem

317 1441 477 1509 cepit,
519 1439 781 1507 Ecclesia,
839 1441 1146 1514 ubicunque
1205 1453 1474 1500 terrarqu
1538 1448 1621 1502 vel
1672 1447 1886 1502 urbium

316 1541 465 1586 esset
511 1531 793 1597 cdiﬁcata,
843 1532 986 1588 idem
1025 1534 1267 1604 profecto
1315 1536 1520 1593 valeret
1543 1538 1597 1593 in
1637 1541 1890 1597 omnibus

314 1622 568 1678 Ecclesia:
599 1624 863 1692 negotiis;
887 1624 968 1680 sin
1000 1640 1128 1680 vero
1149 1642 1292 1691 eam,
1313 1643 1418 1698 qua
1453 1630 1552 1684 sub
1583 1630 1722 1686 etelo
1745 1633 1888 1687 nulla

315 1726 462 1770 esset
492 1715 684 1784 major,
710 1716 985 1771 civitatem
1020 1723 1261 1787 oportuit
1285 1722 1557 1791 praecipue
1599 1724 1666 1778 ad
1699 1724 1885 1780 sedem

317 1805 440 1874 eligi
463 1804 814 1875 magnitudini
846 1805 1104 1862 Ecclesia:
1124 1808 1324 1866 Christi
1351 1822 1781 1884 congruentem:
1827 1824 1888 1871 ut
1914 1799 1962 1858 B

314 1897 452 1952 sicut
477 1898 826 1953 humanarum
861 1898 971 1954 illic
992 1915 1170 1956 rerqu
1189 1903 1430 1957 omnium
1453 1905 1737 1974 imperium
1759 1905 1880 1974 fuit,

314 1991 388 2041 ita
423 1989 529 2042 illic
551 1989 712 2044 etiam
736 1999 896 2058 caput
925 1991 1178 2047 Ecclesia:
1197 1992 1424 2060 Christi,
1442 1997 1564 2050 lidei
1593 2012 1688 2066 per
1710 2009 1882 2052 totum

318 2081 504 2134 urbem
526 2079 703 2135 edicta
758 2084 1144 2151 promulgarct,
1178 2095 1338 2154 atque
1381 2088 1524 2142 unde
1569 2087 1884 2143 idololatriae

315 2181 580 2240 praecepta
614 2183 990 2236 manaverant,
1009 2172 1136 2228 inde
1165 2176 1520 2232 ecclesiastici
1547 2179 1884 2250 principatus

317 2263 518 2332 ubique
564 2271 824 2317 terrarum
897 2265 1068 2319 edicta
1117 2266 1514 2323 innutescereut
1542 2289 1556 2325 :
1584 2285 1646 2325 ac
1675 2271 1884 2327 facilius

321 2356 477 2408 unico
530 2356 628 2409 sub
683 2355 1009 2424 principatu,
1072 2341 1284 2427 uuiqitc'
1318 2361 1630 2427 praedicatio
1684 2363 1883 2418 diffun-

317 2445 553 2510 deretur,
599 2447 796 2501 idcirco
852 2446 1018 2502 etiam
1080 2447 1304 2502 Romam
1380 2451 1430 2502 in
1505 2460 1712 2506 tantum
1765 2467 1882 2508 ere-

245 2610 252 2615 _
323 2539 489 2601 visae,
531 2548 782 2606 quantum
832 2539 884 2592 in
942 2540 1191 2595 humanis
1232 2541 1396 2595 rebus
1432 2541 1538 2596 dici
1580 2545 1779 2612 potuit,
1819 2554 1878 2599 ut

331 2644 500 2682 rerum
559 2630 798 2700 dignitati
848 2645 998 2701 aequa
1047 2641 1189 2686 esset
1246 2635 1560 2700 proportio,
1614 2647 1667 2689 et
1726 2638 1882 2690 undi-

324 2736 428 2790 que
475 2723 750 2786 nobilitas,
802 2731 857 2777 et
915 2723 1314 2791 magnificentia
1381 2726 1501 2780 litlei
1553 2726 1882 2782 Christiana:

316 2812 691 2880 colligeretur:
729 2813 779 2866 id
822 2826 1035 2882 quoque
1066 2813 1186 2883 ejus
1221 2824 1324 2878 est,
1371 2817 1462 2886 qui
1507 2820 1779 2873 contraria
1808 2835 1908 2876 ex:

314 2905 604 2961 contrariis
665 2905 885 2960 virtutis
942 2907 1314 2972 magnitudine
1366 2910 1606 2977 coniicit,
1654 2925 1707 2966 et
1751 2912 1878 2967 futt-

313 2995 569 3050 dantenta
615 2998 743 3066 jacit
776 3035 792 3065 ,
844 3007 1006 3068 atque
1057 2998 1326 3070 his,,quae
1380 3003 1652 3071 proposita
1702 3013 1875 3071 sunt,

307 3089 512 3158 Optime
557 3092 798 3162 quadrat.

381 3182 641 3238 Praedicta
708 3202 835 3245 vero
881 3191 1042 3246 etiam
1109 3193 1273 3247 rebus
1327 3189 1676 3246 roborantur.
1742 3188 1948 3278 Namc

308 3285 493 3341 portas
535 3277 691 3346 inferi
731 3283 904 3336 sancti
951 3297 1073 3340 esse
1112 3285 1394 3337 haereticos
1421 3284 1626 3349 dicunt,
1670 3292 1723 3337 et
1755 3298 1876 3335 om-

307 3382 409 3421 nes
443 3371 665 3424 omnino
712 3373 800 3440 qui
854 3373 926 3429 illi
995 3376 1393 3440 adversantur;
1434 3389 1570 3442 quos
1623 3374 1878 3428 Ecclesiae

308 3475 415 3514 non
447 3462 826 3528 praevalituras‘
854 3467 906 3520 in
966 3465 1105 3522 Petri
1147 3475 1294 3536 petra
1333 3467 1588 3532 fundam,
1631 3466 1878 3535 prtetlixit

309 3551 590 3609 Dominus.
647 3557 868 3614 Constat
910 3565 1088 3615 autem
1167 3561 1310 3628 quod
1360 3560 1479 3614 aliis
1513 3559 1728 3629 quidem
1774 3560 1876 3613 Ec-

309 3645 516 3712 clesiis,
548 3662 679 3717 quas
710 3650 938 3719 apostoli
971 3651 1396 3714 :edilicaverunt,
1433 3650 1485 3704 hi
1549 3651 1642 3720 qui
1699 3651 1877 3704 varias

308 3748 362 3792 et
390 3737 510 3794 aliis
542 3743 872 3810 temporibus
920 3742 1056 3799 alias
1097 3745 1346 3798 invexere
1373 3744 1628 3809 haereses,
1666 3758 1876 3810 praeva-

306 3828 542 3884 luerunt.
600 3830 709 3887 Etsi
785 3834 930 3889 enim
1003 3849 1112 3890 non
1193 3849 1588 3906 usquequaque
1672 3835 1927 3890 malitia.

307 3921 648 3988 obtinuit,!n
699 3933 958 3994 quantum
1001 3933 1179 3980 tamen
1253 3927 1512 3994 obtinuit,
1572 3925 1870 3996 praivaluit.

309 4009 560 4067 Romanae
591 4025 772 4069 autem
804 4015 1081 4084 Ecclesiae,
1122 4032 1281 4088 quam
1333 4018 1528 4072 Petrus
1577 4017 1834 4072 solidavit
1859 4055 1873 4081 ,

307 4103 488 4158 nullus
520 4106 739 4161 omnino
773 4122 1009 4176 unquam
1038 4109 1338 4174 praevaluit.
1371 4108 1558 4179 Neque
1591 4109 1734 4162 enim
1774 4109 1875 4164 hoc

307 4197 581 4263 qtueritnr,
633 4213 702 4252 an
738 4199 929 4268 aliquis
973 4201 1022 4254 ei
1053 4199 1351 4270 pra'fuerit,
1398 4202 1486 4270 qui
1541 4203 1872 4255 contrarium

306 4287 506 4354 aliquid
559 4286 834 4343 catholica:
884 4289 1524 4360 litlei,pronuntiaverit:
1563 4305 1871 4360 quanquam

307 4387 360 4429 et
389 4379 434 4430 si
469 4377 596 4446 quid
637 4378 950 4448 contigisset
998 4381 1288 4449 ejusmodi,
1320 4382 1564 4450 protinus
1613 4380 1875 4436 Ecclesia:

253 4463 262 4478 ”
307 4472 565 4524 sententia
621 4471 882 4540 deiectus,
919 4470 1076 4525 i’ett'i
1126 4474 1252 4526 sede
1293 4471 1455 4527 simul
1511 4481 1566 4526 et
1613 4471 1875 4542 dignitate

1997 550 2380 618 causabantur,
2417 565 2649 626 purgat:
2685 573 2808 612 cum
2836 561 3124 618 haereticus
3159 565 3394 636 Pyrrhus
3425 570 3560 624 Con-

1998 645 2537 714 stantinopolitauam
2603 659 2731 704 tunc
2793 652 3092 710 Ecclesium
3157 665 3563 725 regeregetatl

1996 735 2270 792 munimen
2321 741 2526 794 erroris
2561 743 2646 796 sui
2675 741 2973 801 llonorium
3028 749 3315 818 proferret.
3357 753 3414 810 Et
3443 769 3562 811 verc

1995 827 2096 882 iste
2142 832 2465 898 respondit:
2500 833 2792 890 Honorium
2829 839 3075 908 pietatem
3135 841 3330 908 colere,
3373 847 3562 915 δίιὶᾳμι

1993 919 2202 986 ipsi,'in
2251 923 2331 973 Itis
2365 939 2484 993 quis
2513 926 2669 991 dixit,
2715 927 2862 983 illius
2918 948 3130 987 sensum
3177 951 3462 1005 congruere
3492 940 3563 991 si-

1992 1011 2202 1080 mulque
2223 1013 2350 1083 ipsi,
2380 1015 2600 1072 etillius
2629 1019 2795 1074 verba
2825 1019 3034 1092 Pyrrho
3063 1026 3373 1096 proposuit,
3403 1041 3564 1096 quru-

1994 1102 2124 1158 dam
2161 1119 2420 1162 asserens
2467 1108 2615 1166 illius
2655 1127 2876 1168 sensum
2910 1117 3224 1185 ignorantes
3256 1116 3372 1173 sive
3400 1118 3566 1173 etiam
3647 1163 3652 1168 .

1995 1196 2413 1266 calumniantes,
2438 1201 2628 1259 falsam
2660 1203 2728 1260 de
2751 1204 2852 1260 illo
2886 1207 3276 1264 disseminasse
3303 1209 3526 1266 famam.

2066 1295 2260 1350 Veram
2299 1307 2479 1349 autem
2526 1297 3176 1366 l'nissc~excusationem,
3209 1303 3339 1356 hinc
3373 1303 3564 1373 liquet.

1991 1386 2192 1440 Praeter
2222 1387 2464 1450 idenim,
2505 1389 2650 1458 quod
2685 1384 2863 1446 nullds
2918 1390 3081 1447 facile
3122 1395 3384 1460 crederet,
3432 1412 3561 1451 san-

1991 1488 2139 1558 ctum
2179 1479 2475 1534 Maximum
2530 1482 2748 1537 mentiri
2787 1499 2968 1552 posse,
3006 1485 3174 1556 idque
3217 1502 3341 1542 cum
3398 1489 3568 1558 pluri-

1991 1556 2137 1626 muni
2169 1573 2426 1642 temporis
2458 1574 2647 1629 Romae
2677 1582 2801 1631 tunc
2829 1577 3014 1645 fuerit,
3051 1593 3156 1648 pro
3176 1580 3565 1636 ecclesiaStieis

1991 1667 2244 1736 negotiis,
2287 1676 2341 1720 et
2371 1681 2548 1736 neque
2594 1667 2758 1738 impie
2798 1668 3064 1724 sentiente
3113 1667 3374 1736 llonorio,
3417 1683 3565 1727 recte

1989 1759 2251 1815 sensisset
2279 1758 2521 1814 Ecclesia
2554 1778 2571 1826 ;
2604 1760 2695 1816 sed
2731 1760 2812 1814 vel
2847 1775 2968 1814 cum
2998 1761 3093 1816 illo
3126 1763 3240 1832 ipsa
3287 1762 3441 1826 falsa,
3480 1765 3564 1819 vel

1991 1868 2116 1908 eum
2165 1853 2284 1922 ipsa
2335 1853 2426 1908 ille
2482 1867 2606 1908 vera
2664 1854 2924 1918 sentiret,
2979 1855 3030 1908 id
3071 1855 3316 1923 profecto
3375 1871 3561 1910 verum

1987 1957 2112 2000 esse
2145 1946 2418 2010 cernitur,
2469 1954 2524 2000 et
2558 1959 2623 2000 ex
2653 1945 2736 2000 his
2774 1961 2894 2016 qure
2928 1947 3083 2003 divus
3113 1945 3379 2002 Maximus
3411 1948 3560 2001 illum

1987 2052 2251 2093 excusans
2310 2038 2465 2104 dixit,
2525 2053 2650 2093 cum
2700 2053 2806 2106 qua
2851 2048 2903 2092 ct
2943 2039 3056 2108 ipse
3095 2053 3246 2094 Stans
3300 2040 3564 2094 adversus

1985 2130 2252 2202 Pyrrhum
2303 2130 3069 2202 Constantinopolitanainque
3101 2133 3408 2188 Ecclesiam
3467 2149 3564 2202 pro

1984 2223 2184 2296 pietate
2229 2222 2525 2293 pugnabat.
2569 2222 2638 2276 Et
2673 2237 2740 2277 ex
2795 2237 2859 2276 eo
2886 2224 3070 2290 etiam,
3121 2227 3263 2293 quod
3324 2226 3396 2279 nil
3456 2227 3565 2278 tale

1983 2316 2358 2386 blasphemum
2380 2317 2444 2372 de
2464 2316 2552 2370 illa
2585 2330 2681 2385 per
2712 2315 2763 2369 id
2793 2317 3051 2386 temporis
3073 2316 3291 2370 historia
3320 2316 3494 2372 tradid
3520 2327 3560 2373 t.

2055 2407 2172 2463 Non
2206 2422 2335 2478 ergo
2382 2408 2512 2461 illud
2547 2407 2860 2477 inquiritur,
2899 2388 2967 2462 an
3021 2409 3218 2478 aliquis
3259 2411 3386 2478 ipsis
3418 2426 3559 2480 prae—

1987 2498 2161 2554 fcctus
2209 2509 2396 2553 contra
2459 2500 2781 2555 catholicam
2835 2500 2994 2554 (idem
3060 2518 3296 2572 unquam
3353 2503 3558 2573 aliquid

1986 2593 2320 2662 protulerit;
2357 2594 2556 2661 quippe
2608 2595 2652 2648 si
2689 2595 2809 2661 quis
2873 2595 2998 2653 talis
3058 2607 3221 2660 esset,
3283 2595 3561 2651 Romanus

1983 2687 2268 2756 episcopus
2300 2701 2407 2741 non
2437 2695 2610 2752 esset;
2669 2686 2983 2756 bujnstnoli
3005 2689 3148 2742 enim
3191 2703 3401 2758 semper
3433 2705 3559 2744 vera

1982 2782 2239 2852 prosequi
2284 2782 2525 2848 fneccsse
2578 2789 2682 2846 est,
2736 2781 3030 2851 sedemque
3081 2781 3227 2842 illaut
3279 2797 3558 2851 nunquam
3591 2769 3604 2778 ”

1984 2881 2135 2945 patre
2182 2872 2405 2942 privari,
2459 2874 2552 2942 qui
2586 2873 2716 2927 inde
2764 2872 2832 2928 de
2888 2873 3232 2941 dogmatibus
3280 2889 3402 2928 vera
3465 2875 3562 2929 tle-

1983 2975 2190 3031 ceruat,
2234 2959 2498 3035 quamvis
2532 2979 2598 3020 ne
2628 2965 2708 3019 sic
2749 2965 2968 3034 quidem
3027 2965 3129 3020 tale
3185 2965 3384 3036 aliquid
3431 2983 3561 3022 con-

1983 3057 2124 3124 tigit.
2157 3058 2262 3112 Sed
2291 3073 2358 3110 an
2398 3056 2601 3127 aliquid
2649 3073 2886 3126 unquam
2917 3058 2984 3113 ab
3021 3057 3262 3113 Ecclesia
3316 3058 3558 3113 Romana

1985 3151 2090 3205 tale
2137 3149 2404 3219 prolatum
2448 3151 2562 3212 sit,
2623 3159 2674 3204 et
2725 3149 2808 3205 vel
2862 3149 2930 3204 ad
2985 3150 3256 3206 modicum
3291 3151 3361 3214 ,ei
3422 3167 3559 3220 pra:-

1983 3241 2233 3307 valuerit,
2267 3241 2412 3311 quod
2473 3257 2613 3295 nunc
2659 3241 2996 3298 anathemati
3035 3243 3400 3298 communiter
3429 3245 3559 3296 sult-

1975 3335 2174 3404 jectu‘m
2225 3335 2318 3398 sit,
2375 3333 2518 3389 sicut
2572 3347 2714 3403 saepe
2745 3333 2800 3388 in
2845 3333 2969 3388 aliis
3025 3331 3287 3388 Ecelesiis
3344 3333 3556 3387 contin-

1976 3429 2073 3495 git,
2101 3427 2382 3497 quteritur.
2415 3425 2527 3484 [loc
2555 3435 2736 3482 autem
2787 3441 2948 3484 nemo
2994 3425 3103 3480 ulla
3164 3426 3373 3482 ratione
3405 3443 3556 3481 mon-

1977 3532 2151 3576 strare
2177 3528 2375 3591 potest.

2051 3635 2108 3688 Si
2160 3635 2325 3702 igitur
2369 3633 2491 3688 aliis
2556 3631 2774 3704 quidem
2847 3631 3106 3688 Ecclesiis
3158 3643 3326 3701 portae
3395 3633 3554 3688 inferi

1979 3727 2376 3797 prtevaluerunt
2406 3727 2523 3782 sive
2574 3740 2784 3795 parum,
2826 3727 2941 3792 sive
2982 3725 3236 3796 amplius,
3283 3726 3414 3780 nihil
3469 3741 3552 3780 re-

1976 3821 2103 3876 fert.
2152 3820 2217 3874 Et
2245 3829 2390 3876 certe
2419 3833 2542 3875 eum
2581 3819 2938 3889 quarumdam
2970 3820 3182 3874 ruinam
3229 3820 3366 3873 ultra
3396 3821 3556 3885 quin-

1975 3912 2238 3982 quaginta
2286 3925 2458 3966 anuos
2497 3911 2728 3966 durasse
2778 3909 2990 3965 ostendi
3032 3910 3226 3979 possit,
3271 3909 3323 3963 id
3374 3909 3547 3963 solum

1975 4001 2198 4069 sullieil,
2233 4001 2444 4056 illarum
2471 4001 2766 4056 sententias
2793 4001 2860 4056 ab
2893 4002 3038 4055 omni
3067 4000 3305 4056 Ecclesia
3327 4000 3550 4054 anathe-

1978 4095 2107 4149 mati
2150 4097 2379 4150 traditas
2409 4094 2617 4150 fuisse:
2654 4103 2838 4148 contra
2885 4109 3022 4164 quas
3047 4097 3344 4149 sententias
3387 4095 3549 4146 etiam

1978 4194 2277 4254 martyrum
2313 4183 2468 4239 fusus
2495 4193 2577 4238 est
2623 4184 2865 4253 sanguis.
2907 4183 3165 4238 Romana:
3214 4198 3343 4237 vero
3370 4183 3554 4237 Eccle-

1979 4278 2073 4332 slze
2105 4277 2239 4332 nihil
2291 4291 2528 4346 unquam
2591 4276 2695 4329 tale
2737 4276 3015 4344 prtevaluit
3043 4290 3058 4340 ;
3091 4283 3327 4338 constat,
3363 4272 3558 4327 Salva-

1979 4371 2110 4426 toris
2159 4371 2486 4424 sententiam
2528 4369 2582 4422 in
2638 4371 2752 4438 ipsa
2811 4378 3018 4423 tantum
3057 4383 3240 4422 veram
3300 4383 3445 4432 esse,
3500 4376 3555 4420 et

1977 4462 2120 4517 hanc
2179 4460 2479 4516 Ecclesium
2536 4475 2690 4525 esse,
2744 4462 2808 4514 de
2865 4477 2970 4528 qua
3033 4461 3291 4513 Dominus
3349 4458 3487 4511 dixit
3533 4475 3546 4510 :

304 4559 611 4615 excidisset.
646 4560 832 4630 Neque
883 4563 1026 4615 enim
1066 4562 1201 4614 ultra
1249 4573 1394 4617 esset
1441 4563 1714 4619 ltomauus
1757 4565 1865 4633 epii

1982 4555 2276 4622 /Etliﬁcabo
2304 4553 2593 4608 Ecclesium
2631 4569 2819 4617 meum,
2865 4562 2921 4606 et
2954 4567 3114 4622 quam
3159 4551 3294 4604 alias
3339 4565 3556 4604 convcr-

299 4667 514 4721 scopus,
567 4669 736 4722 neque
788 4653 992 4708 Christi
1036 4653 1291 4724 Petrique
1347 4656 1601 4722 vicarius,
1630 4657 1872 4728 aliusque

298 4733 492 4812 dignus
525 4745 830 4813 apostolicae
886 4745 999 4801 sedi
1031 4746 1359 4817 subrogatus
1386 4757 1553 4814 esset,
1583 4747 1871 4805 Ecclesia:-

299 4852 400 4904 que
428 4844 604 4891 status
655 4838 795 4892 idem
828 4850 1251 4908 perseverasset,
1301 4843 1515 4896 nemine
1554 4841 1629 4896 illi
1662 4856 1870 4911 praeva-

298 4931 485 4983 lente:
529 4944 704 4998 neque
745 4931 827 4984 vel
858 4947 1046 5000 parum
1081 4939 1234 5001 patre
1265 4932 1465 4995 illa,ch
1498 4943 1714 5004 pastore
1777 4935 1869 4989 de-

294 5023 478 5076 stituta
509 5021 716 5092 (esset.)
741 5022 807 5078 Ut
840 5025 962 5077 inde
979 5039 1194 5093 quoque
1217 5040 1343 5080 vera
1376 5026 1868 5082 Dominisententia

297 5117 596 5183 probetur:
635 5113 744 5185 Ego
806 5115 1071 5170 vobiscum
1107 5133 1244 5184 sum,
1298 5119 1569 5186 inquiens,
1628 5119 1865 5174 omm'bus

293 5205 490 5273 diebus,
506 5222 668 5276 usque
685 5208 752 5260 ad
770 5210 1262 5262 consumumlionem
1279 5209 1486 5273 δίει-ηιξ,
1504 5224 1624 5264 cum
1645 5225 1866 5266 necesse

290 5299 378 5362 sit,
421 5313 488 5352 ne
515 5314 661 5353 nunc
687 5299 902 5368 quidem
952 5301 1252 5354 inﬁdelium
1285 5303 1592 5368 praedictam
1641 5312 1863 5355 senten-

295 5390 415 5445 tiam
448 5391 733 5458 excedere,
756 5404 813 5447 ut
839 5403 892 5449 et
924 5395 1026 5448 alia
1059 5393 1216 5447 simul
1244 5409 1366 5448 vera
1402 5409 1522 5448 esse
1547 5394 1859 5473 credantur,

292 5496 341 5535 et
366 5499 598 5538 consona
641 5501 737 5554 per
768 5487 949 5541 omnia
995 5487 1095 5542 sibi
1136 5487 1365 5541 invicem
1429 5495 1482 5541 et
1533 5487 1861 5542 cohaerentia

294 5588 601 5646 appareant.
633 5577 835 5648 Nempe
865 5581 1007 5634 enim
1039 5591 1092 5636 et
1122 5581 1309 5635 beatus
1346 5581 1632 5649 Maximus,
1662 5582 1714 5634 in
1749 5581 1859 5634 dis-

294 5669 656 5734 putationibus
705 5671 964 5729 adversus
1013 5671 1304 5742 Pyrrhum,
1344 5673 1658 5741 Honorium,
1695 5688 1856 5743 quem
1888 5721 1894 5727 .

358 5784 400 5815 "
439 5783 597 5841 Joan.
656 5798 743 5847 sv,
797 5783 848 5838 5.

1976 4666 2092 4704 sum
2127 4648 2346 4702 Petrum
2371 4647 2697 4702 confirmare
2729 4646 3004 4714 prteeepit.
3036 4645 3188 4699 Alias
3222 4659 3346 4697 vero
3386 4656 3553 4712 super

1977 4745 2116 4796 hanc
2169 4740 2424 4794 fundatas
2478 4752 2618 4801 esse,
2657 4746 2712 4791 ct
2770 4738 3072 4790 consistere
3124 4735 3548 4798 confessionem,

1974 4845 2027 4887 et
2069 4841 2359 4900 sequentes
2400 4829 2720 4900 quidem,ut
2771 4836 2952 4896 partes
3003 4836 3058 4882 et
3098 4827 3340 4880 utetnbra
3400 4825 3551 4878 salu-

1974 4925 2227 4980 britatetn
2285 4923 2446 4976 simul
2513 4919 2938 4989 haberelatque
2990 4918 3177 4985 robur,
3227 4919 3445 4988 quando
3496 4928 3551 4970 et

1973 5016 2240 5087 plurimas
2305 5029 2463 5068 unam
2539 5013 2853 5071 existimare
2931 5013 3222 5079 convenit;
3275 5011 3552 5065 tlt-viantes

1971 5119 2154 5166 autem
2189 5125 2218 5162 a
2257 5109 2436 5178 capite
2477 5118 2531 5164 ct
2582 5123 2812 5178 corpore
2861 5106 3101 5175 praecidi,
3134 5114 3187 5158 et
3218 5118 3392 5174 neque
3428 5103 3551 5155 altis

1968 5217 2087 5257 esse
2115 5203 2228 5271 jam
2258 5201 2436 5255 utiles.

2043 5295 2206 5350 Unde’
2241 5303 2294 5349 et
2355 5295 2616 5349 Dominus
2690 5292 2902 5347 monuit
2953 5291 3009 5346 in
3065 5294 3164 5346 vite
3218 5291 3543 5358 persistere,

1967 5389 2206 5458 seipsnm
2258 5389 2410 5442 vitem
2443 5387 2631 5462 dicens
2657 5396 2709 5440 et
2741 5401 2834 5454 per
2888 5387 3042 5440 vitent
3073 5384 3368 5439 Ecclesiam
3403 5381 3546 5434 desi-

1966 5497 2180 5552 gnans:
2221 5481 2464 5550 palmites
2501 5495 2629 5534 vero
2674 5479 2858 5534 fideles
2891 5478 3177 5534 nominans
3208 5475 3273 5540 “,
3309 5475 3397 5541 qui
3447 5485 3543 5537 per

1970 5576 2367 5633 confessionem
2404 5575 2547 5630 illius
2593 5582 2646 5630 et
2680 5574 2878 5628 bonam
2931 5569 3400 5627 conversationem
3432 5563 3546 5615 fru-

1968 5681 2114 5725 ctum
2149 5672 2366 5724 l'errent.
2403 5667 2606 5733 Quibus
2636 5666 2876 5737 proiecto
2905 5664 3085 5720 verbis
3112 5675 3318 5715 summa
3356 5657 3542 5711 Eccle-
