4052 6432
563 352 674 417 247

1831 342 2234 405 MANUELIS
2269 339 2577 402 CALEC/E
3674 348 3761 411 248

564 474 661 527 sim
705 471 837 525 unio
884 469 1210 534 insinuatur,
1250 475 1313 520 ut.
1355 463 1591 519 fructum
1624 460 1677 514 in
1709 458 1818 514 vite
1866 465 2146 513 manentes
2170 455 2456 520 Adebeat,
2488 467 2626 525 quos
2667 452 2850 511 multis
2901 452 3075 510 modis
3120 448 3234 524 ipse
3284 470 3379 526 per
3423 471 3480 512 se
3522 460 3681 529 ipsum
3713 465 3767 518 de

569 563 768 626 ferant,
806 570 861 615 et
907 573 1169 628 nusquam
1227 555 1471 625 corporis
1526 550 1837 621 integritate
1889 549 2140 603 deviante

568 670 599 708 a
648 654 843 722 capite,
908 650 1147 704 membra
1204 648 1385 702 omnia
1443 643 1809 706 viviﬂcentur,
1869 641 2140 709 virumque

566 745 854 815 perfectam
891 745 943 795 in
974 756 1267 795 mensuram
1300 739 1474 793 (etatis
1515 736 1857 807 plenitudinis
1882 734 1931 766 "
1983 734 2142 788 Chri-

543 835 639 892 .sti
671 834 910 891 Ecclesia
964 839 1288 900 coaugeatur
1318 847 1332 882 :
1369 844 1476 883 non
1507 842 1537 882 e
1594 826 1891 885 contrario.
1924 825 2006 880 vel
2046 826 2133 877 ab—

525 928 759 997 .scissa,
815 936 1026 980 mortua
1075 922 1224 988 ﬂant,
1284 921 1368 975 vel
1422 935 1489 975 ex
1542 920 1650 974 vite
1712 918 1977 990 proiecta,
2026 917 2138 987 igni

467 1002 474 1071 ί
563 1016 996 1085 inexstinguibili
1047 1014 1411 1070 consumenda
1457 1012 1804 1067 damnentur.

460 1104 481 1161 ἴ
638 1109 813 1177 Atque
870 1108 1051 1160 unitas
1100 1106 1320 1174 quidem
1381 1103 1650 1157 Ecclesias
1697 1101 1977 1156 Psalmista
2022 1103 2139 1166 ait,

564 1200 863 1253 benedicere
893 1196 1173 1249 Dominum
1194 1195 1243 1226 “
1278 1210 1293 1259 ;
1327 1208 1431 1247 non
1462 1194 1606 1247 enim
1634 1193 1697 1246 de
1719 1191 1944 1261 singulis
1970 1190 2140 1260 magis

563 1302 729 1358 quam
788 1286 858 1341 dc
910 1284 1167 1339 Ecclesiis
1224 1282 1535 1345 dicendum,
1591 1295 1710 1350 qua:
1771 1295 1835 1335 ex
1891 1280 2138 1349 partibus

562 1377 809 1432 collecta:
878 1384 1050 1437 sunt;
1105 1373 1367 1426 discissas
1413 1384 1562 1432 vero.
1626 1380 1681 1424 et
1735 1369 1790 1423 in
1857 1370 2139 1437 opiniones

560 1468 878 1525 contrarias
928 1465 1150 1529 divisas,
1206 1463 1320 1517 sive
1379 1463 1640 1516 adversus
1699 1460 2013 1525 Ecclesium,
2051 1460 2137 1515 cui

565 1573 730 1612 nemo
770 1556 1073 1626 pravaluit,
1127 1554 1485 1615 reluctantes,
1517 1563 1577 1607 ut
1622 1554 1893 1623 prioribus
1936 1563 2142 1623 tempo-

563 1649 721 1704 ribus
782 1650 978 1716 saepius
1031 1646 1298 1714 contigit,
1378 1646 1544 1700 scissa
1600 1644 1853 1700 Ecclesia:
1905 1645 2140 1699 membra

563 1752 795 1809 magnus
833 1737 1065 1791 Basilius
1116 1746 1290 1800 vocat,
1340 1735 1539 1790 Psalmi
1592 1735 1796 1790 dictum
1840 1750 2139 1804 exponens,

565 1832 840 1901 falsasque
882 1843 1183 1901 synagogas
1227 1841 1321 1883 eas
1390 1828 1650 1897 appellat,
1702 1842 2016 1897 quanquam
2086 1839 2139 1883 et

564 1923 961 1991 consequentia
1014 1936 1225 1976 summa
1284 1935 1379 1988 per
1434 1921 1614 1974 omnia
1684 1920 1940 1975 Ecclesia:
1978 1920 2139 1975 φειτὶ

564 2011 743 2065 adest.
788 2010 877 2064 Ait
914 2009 1056 2064 enim
1105 2009 1173 2063 ad
1223 2008 1373 2063 illum
1419 2008 1724 2064 Dominus:
1770 2007 1937 2062 Pasce
1976 2025 2139 2079 agnos

563 2119 725 2167 meos,
776 2118 930 2171 pasce
961 2116 1077 2156 oves
1136 2118 1300 2156 meas.
1345 2098 1457 2156 lloc
1501 2101 1744 2155 Ecclesia
1799 2100 2043 2155 Romana
2072 2102 2140 2156 ad

564 2198 804 2264 reliquas
834 2198 1007 2252 facere
1032 2195 1269 2267 perstitit
1299 2239 1314 2263 ,
1348 2196 1576 2265 aliisque
1606 2197 1659 2250 in
1692 2197 1980 2266 Opiniones
2004 2211 2141 2253 con-

563 2287 765 2343 trarias
810 2287 1259 2353 et.solitudines,
1304 2299 1360 2342 ct
1413 2299 1704 2357 praerupta,
1744 2296 1801 2341 et.
1840 2287 2138 2357 praecipitia

571 2382 974 2446 oberrantibus,
1034 2380 1149 2450 ipsa
1223 2394 1318 2436 eas
1372 2380 1477 2434 ad.
1515 2396 1685 2435 unum
1740 2389 2035 2449 pastorem,
2087 2386 2143 2433 ct

562 2489 731 2529 unum
782 2473 923 2529 ovile
965 2472 1428 2528 reduxitmoxiis
1467 2471 1687 2542 quidem
1741 2469 2144 2539 mortiferisque

562 2567 903 2641 graminibus
946 2578 1167 2632 erueus,
1208 2563 1447 2620 salubria
1502 2579 1631 2619 vero
1702 2571 1757 2616 et
1810 2563 1932 2616 laus
1988 2562 2141 2630 iuge-

562 2676 714 2725 rens,
748 2660 857 2714 imo
886 2664 941 2714 et
966 2658 1226 2731 adversus
1271 2657 1558 2711 saevientes
1597 2656 1775 2723 lupos,
1823 2670 2143 2711 mammona:

563 2751 798 2815 scilicet,
844 2765 907 2805 ac
956 2748 1212 2814 Caesaris,
1262 2763 1501 2818 ovesque
1540 2754 1758 2802 vastare
1810 2746 2095 2802 molientes
2123 2788 2140 2814 ,

563 2856 665 2912 pro
713 2841 957 2905 Christo,
1005 2856 1211 2912 proque
1249 2839 1369 2910 ejus
1409 2836 1511 2893 ﬁde
1558 2847 1687 2892 ante
1738 2851 1956 2906 gregem
1989 2846 2141 2892 stans

484 2940 493 2945 '
564 2935 822 3004 pugnavit
855 2951 870 2989 :
907 2944 1070 3002 atque
1100 2932 1247 2987 omni
1279 2932 1504 2986 omnino
1536 2929 1832 2998 inquirenti
1882 2930 2140 2985 rationem

564 3035 779 3091 semper
819 3020 1058 3077 reddidit
1112 3021 1182 3076 de
1224 3035 1286 3075 ca
1344 3034 1467 3090 quas
1511 3022 1562 3074 in
1607 3018 1760 3074 nobis
1799 3029 1885 3076 est
1926 3033 2059 3089 spe,
2088 3030 2146 3072 nt

564 3111 683 3180 ipse
752 3104 943 3165 beatus
998 3109 1194 3165 Petrus
1236 3110 1515 3164 admonuit
1552 3108 1619 3164 ⁸⁷.
1662 3108 1746 3172 Et,
1795 3110 1935 3179 quod
1963 3110 2145 3163 Domi.

563 3216 671 3256 nus
733 3202 1031 3257 secundum
1094 3200 1371 3257 hominem
1433 3200 1608 3256 oravit
1656 3201 1841 3255 dicens
1866 3215 1886 3255 :
1913 3200 2097 3256 Simon
2126 3240 2143 3265 ,
2173 3204 2216 3259 C

564 3293 747 3362 rogaui
787 3308 882 3360 pro
936 3300 1008 3357 te,
1043 3300 1101 3346 stt
1144 3307 1248 3347 non
1297 3290 1513 3359 deﬁciat
1554 3291 1684 3359 ﬁdes
1736 3303 1864 3358 tua;
1927 3304 1983 3347 et
2043 3294 2145 3346 hoc

565 3386 622 3438 in
669 3384 816 3440 Petri
868 3384 1285 3439 successoribus
1332 3372 1606 3440 servatum
1656 3395 1767 3451 est,
1822 3383 1977 3451 cujus
2015 3384 2147 3439 ﬁdes

564 3475 622 3529 in
674 3476 812 3544 ipsis
855 3490 1135 3546 nunquam
1176 3475 1395 3532 defecit.
1426 3475 1720 3545 Oportebat
1764 3477 1910 3531 enim
1940 3477 2146 3531 oratio-

565 3581 688 3622 nem
731 3567 877 3622 illam
934 3567 1069 3637 ipsis
1106 3567 1268 3624 rebus
1318 3582 1426 3621 non
1471 3582 1630 3637 posse
1669 3567 1927 3622 decidere
1963 3584 1976 3620 :
2031 3566 2144 3636 Ego

563 3657 726 3721 enim,
773 3656 973 3726 inquit,
1025 3658 1290 3723 sciebam,
1342 3659 1468 3728 quia
1500 3672 1698 3724 semper
1744 3674 1825 3712 me
1867 3658 2021 3712 audis
2047 3657 2093 3688 ⁸⁸
2130 3696 2145 3721 ,

562 3758 620 3803 et
661 3748 875 3819 aliquos
908 3762 1124 3818 semper
1176 3748 1229 3802 iu
1282 3758 1425 3805 terra
1491 3748 1544 3802 in
1572 3748 1713 3802 illius
1764 3749 1994 3802 veritate
2026 3763 2146 3803 ser-

561 3842 705 3908 vari,
767 3854 866 3910 pro
916 3839 1112 3910 quibus
1182 3841 1359 3894 oratio
1416 3838 1507 3913 illa
1542 3838 1661 3893 fusa
1692 3862 1705 3894 ;
1741 3839 1898 3892 Serra
1962 3854 2048 3891 eos
2094 3840 2148 3894 in

561 3936 807 3999 ueritate,
863 3931 1025 3986 Pater
1068 3942 1265 3995 sancte,
1309 3941 1363 3986 ut
1394 3932 1499 3987 sint
1540 3947 1723 3996 unum,
1771 3940 1823 3986 et
1869 3945 1989 3998 qua:
2041 3931 2149 3984 illic

565 4025 746 4080 addita
807 4031 940 4078 sunt
970 4022 1062 4089 ⁸⁹;
1125 4005 1407 4091 undique,
1473 4029 1528 4075 et
1588 4022 1765 4075 ventis
1838 4021 1957 4075 aliis
2015 4020 2148 4074 alias

565 4124 761 4171 contra
793 4111 1094 4168 Salvatoris
1126 4110 1416 4167 aedilicium
1457 4125 1517 4166 se
1546 4110 1901 4182 erigentibus,
1943 4110 2149 4165 electos

565 4206 689 4261 illos
730 4204 989 4259 infractos
1017 4203 1285 4274 prmcipue
1324 4203 1377 4258 in
1407 4214 1557 4273 petra
1588 4212 1737 4259 stare
1766 4219 1781 4269 ;
1814 4213 1868 4257 et
1890 4202 1979 4270 qui
2012 4201 2150 4255 alios

569 4297 843 4353 servaturi
899 4305 1089 4360 erant,
1152 4304 1470 4365 tempestate
1533 4296 1800 4364 undisque
1858 4294 2091 4365 jactatos
2133 4331 2148 4356 ,

568 4391 930 4460 inlirmosque
986 4389 1265 4454 curaturi,
1323 4388 1467 4457 ipsos
1521 4387 1638 4441 illos
1683 4387 1911 4457 primum
1940 4386 1992 4438 in
2038 4395 2150 4438 tnta

571 4481 853 4553 crepidine
902 4479 1146 4547 solidari,
1181 4492 1502 4551 semperque
1531 4492 1693 4534 sanos
1757 4486 1811 4534 et
1868 4475 2152 4532 inviolatos

566 4589 710 4630 esse.

651 4665 808 4732 Quod
862 4665 916 4720 in
949 4662 1132 4732 Petro,
1183 4664 1409 4733 ejusque
1454 4661 1882 4725 successoribus,
1931 4661 2155 4730 ejusque

566 4757 796 4812 omnino
851 4755 1095 4810 Ecclesia
1142 4754 1442 4810 concurrit.
1506 4751 1638 4805 Nam
1720 4766 1843 4805 cum
1899 4751 2154 4818 apostoli-

566 4862 757 4904 corum
806 4862 1186 4904 successorum
1248 4860 1405 4900 nemo
1449 4842 1634 4907 fuerit,
1704 4857 1864 4911 quem
1918 4841 2148 4896 Satanas

570 4950 680 4991 non
735 4935 992 4992 cribrarit
1037 4946 1096 4989 ut
1147 4933 1411 4999 triticum,
1452 4932 1663 4988 zizania
1714 4948 1810 4987 sua
1869 4930 2142 4986 subsemi-

569 5042 735 5092 nans,
785 5024 981 5081 Petrus
1026 5040 1302 5096 nunquam
1351 5026 1401 5077 in
1434 5023 1551 5079 suis
1605 5023 2009 5078 successoribus
2054 5023 2150 5078 de-

571 5122 698 5186 fuit,
747 5123 839 5179 sed
877 5122 1060 5176 etianr
1095 5136 1194 5191 per
1243 5122 1365 5186 bos,
1403 5120 1714 5173 deﬁcientes
1745 5132 1960 5187 quoque
2001 5115 2154 5181 alios,

575 5211 728 5280 juxta
785 5212 1024 5266 edictum
1073 5210 1444 5264 conﬁrmavit.

647 5303 835 5376 Neque
866 5305 1011 5359 enim
1044 5302 1221 5357 solum
1272 5302 1339 5355 de
1392 5300 1797 5354 rc'surrcCtione
1831 5296 2152 5363 Salvaturis,

570 5388 615 5453 si
656 5399 777 5467 quis
811 5397 876 5449 ad
908 5397 1007 5452 hoc
1056 5394 1110 5447 id
1140 5396 1365 5447 verbum
1424 5392 1604 5444 trahat
1631 5434 1645 5457 ,
1698 5391 1899 5446 dictum
1961 5403 2151 5460 putare

577 5492 859 5555 debemus,
888 5485 1029 5557 quod
1063 5484 1256 5539 Petrus
1282 5499 1578 5538 conversus
1602 5483 1797 5539 fratres
1829 5486 2154 5538 continuare

645 5691 693 5723 ⁸⁸
726 5689 920 5758 Epltcs.
952 5702 1023 5748 tv,
1057 5686 1144 5758 l5.

1221 5684 1264 5713 ⁸⁵
1303 5684 1445 5737 Psal.
1490 5697 1659 5751 vau,
1711 5683 1760 5737 ι.
1793 5682 1857 5736 In
1896 5681 2140 5738 Ecclesiis
2190 5685 2475 5739 beucdicite
2523 5681 2627 5735 Deo
2664 5679 2886 5734 Domino
2916 5683 2977 5734 de
3016 5685 3244 5751 fontibus
3282 5682 3482 5741 Israel.

2243 544 2334 599 illa
2364 543 2640 599 roboravit
2675 560 2689 597 :
2727 546 2822 599 sed
2848 544 3014 599 etiam
3044 545 3109 600 de
3138 545 3298 615 retro
3343 560 3437 616 per
3463 560 3770 607 successores

2240 654 2371 695 suos
2402 639 2633 694 aliorum
2667 641 2970 709 corrigente
3001 640 3390 695 infirmitatem.

2315 732 2498 802 Neque
2530 734 2719 803 magis,
2759 749 2825 786 ne
2870 748 2965 803 per
2992 732 3333 803 negationem
3364 731 3508 789 Petri
3548 733 3773 792 deﬁceret

2241 824 2393 890 ﬁdes,
2415 826 2715 881 orationem
2741 824 2883 879 illam
2899 824 3072 881 fusam
3091 841 3213 882 esse
3237 825 3521 896 putandum
3542 836 3636 890 est,
3652 827 3772 895 (μινά

2239 930 2295 976 et
2318 920 2491 987 ipsum
2519 933 2698 972 verum
2728 928 3038 1000 est,_quam,
3061 935 3128 974 ne
3150 935 3382 990 unquam
3409 920 3647 975 Ecclesia:
3667 935 3778 974 con-

2243 1008 2429 1073 fessio,
2466 1024 2584 1076 quae
2612 1008 2712 1064 sibi
2754 996 2967 1065 caelitus
3008 1008 3241 1065 revelata
3275 1019 3356 1065 est
3389 1049 3405 1073 ,
3455 1009 3509 1063 in
3542 1009 3645 1063 suis
3672 996 3789 1071 δυο-ξ

2241 1100 2555 1157 cessoribus
2613 1100 3023 1169 iulirmaretur,
3073 1117 3251 1171 neque
3308 1103 3538 1170 unquam
3585 1084 3791 1171 nntaret‘g

2245 1194 2681 1250 fundamentum.
2715 1192 3028 1250 Orationem
3063 1194 3208 1248 enim
3249 1194 3419 1256 illam,
3463 1193 3513 1246 in
3556 1205 3617 1246 eo
3656 1160 3792 1259 quod:

2244 1300 2515 1356 nunquam
2568 1284 2711 1340 Petri
2772 1284 3052 1341 defectura
3104 1296 3249 1341 esset
3296 1287 3462 1347 ﬁdes.
3511 1286 3574 1338 ad
3615 1270 3793 1338 oumes'

2242 1393 2458 1448 quoque
2487 1378 2630 1435 illius
2660 1394 3013 1435 successores
3035 1379 3273 1435 efficacia
3301 1380 3513 1435 virtutis
3534 1394 3589 1434 se
3613 1356 3795 1448 esten-3

2244 1424 2457 1448 νυν.-
2487 1424 2629 1435 ..πη
2660 1424 3013 1435 “unus.--
3038 1424 3273 1435 -..η-ν...
3310 1424 3513 1435 ...η-η,
3535 1424 3589 1434 ν-
3615 1424 3756 1434 --.---

2242 1469 2387 1524 disse
2419 1470 2862 1525 constantissime
2882 1471 3175 1539 putandum
3196 1479 3280 1526 est
3306 1487 3320 1524 :
3345 1486 3501 1541 queat
3530 1424 3796 1530 Dominus.t

2243 1575 2301 1619 ut
2331 1562 2521 1628 voluit,
2548 1563 2672 1618 aliis
2704 1563 3021 1633 prwferens,
3050 1576 3145 1629 per
3174 1563 3348 1632 ipsum
3377 1560 3662 1623 roboravit,
3681 1572 3783 1612 cre-

2241 1654 2477 1726 pidinem
2507 1669 2619 1709 suae
2645 1653 2903 1709 Ecclesia:
2933 1652 3251 1724 subjiciens,
3284 1665 3625 1720 praesensque
3654 1630 3797 1704 iuvi-'

2244 1741 2474 1797 sibiliter
2526 1743 2578 1796 in
2626 1743 2861 1797 veritate
2901 1755 3121 1812 semper
3172 1742 3555 1806 conservavit,
3603 1740 3700 1793 imo
3739 1743 3785 1790 ct

2173 1854 2214 1914 Β
2245 1848 2412 1922 usque
2430 1833 2490 1887 “in
2523 1832 2681 1888 ﬁnem
2709 1831 2908 1904 juvaus
2938 1833 3310 1888 conservabit.
3337 1831 3506 1889 Filius
3546 1830 3679 1886 enim
3705 1828 3789 1911 bo-

2246 1908 2404 1978 iniuis
2458 1924 2512 1977 in
2563 1932 2762 1978 terram
2814 1925 3060 1986 veniens,
3114 1924 3357 1980 inveniet
3419 1922 3594 1976 fidem.
3640 1906 3788 1974 Aliter

2243 2015 2440 2086 quippe
2472 2016 2649 2071 inanis
2679 2024 2827 2072 esset
2859 2014 3128 2082 Ecclesia,
3157 2030 3322 2085 quam
3358 2015 3414 2069 in
3465 2024 3602 2069 terra
3630 2010 3789 2065 Domi-

2244 2122 2344 2162 nus
2377 2108 2586 2173 statuit,
2615 2107 2717 2163 nisi
2760 2111 2933 2178 usque
2978 2108 3044 2162 ad
3082 2104 3607 2163 consummationem
3635 2100 3791 2158 seaculi

2243 2200 2508 2254 Servanda
2532 2214 2597 2253 ex
2624 2200 2877 2254 onmibus
2903 2207 3069 2266 esset,
3098 2199 3165 2254 de
3194 2213 3327 2268 qua,
3350 2206 3411 2254 ut
3431 2189 3792 2257 conservanda,

2243 2292 2492 2361 praedixit
2530 2308 2544 2343 :
2572 2288 2731 2359 Ecce,
2764 2309 2859 2362 ego
2887 2293 3152 2347 vobiscum
3181 2307 3328 2357 sum,
3356 2289 3593 2347 omnibus
3612 2285 3788 2351 diebus,

2244 2397 2407 2449 usque
2440 2383 2511 2437 ad
2540 2385 3045 2438 consummationem
3074 2382 3259 2439 saeculi
3279 2383 3350 2437 9°.
3377 2376 3547 2450 Qtiam
3578 2377 3790 2450 proiecto

2247 2475 2368 2529 ideo
2402 2477 2615 2532 cmleris
2646 2490 2877 2546 praeesse
2914 2476 3120 2541 voluit,
3151 2484 3212 2530 ut
3241 2475 3388 2541 aliis,
3418 2474 3579 2531 veluti
3606 2473 3669 2527 de
3691 2483 3793 2537 spe-

2245 2564 2389 2633 cula,
2419 2566 2543 2636 jura
2571 2566 2802 2622 dictaret
2831 2583 2845 2620 :
2875 2580 2941 2623 ac
2969 2568 3037 2622 de
3087 2566 3247 2637 longe
3277 2580 3469 2622 omnes
3502 2566 3554 2620 in
3589 2576 3698 2619 eam
3725 2559 3795 2613 in-

2246 2668 2483 2723 tuentes,
2517 2658 2722 2728 absque
2750 2658 3108 2727 ambiguitate
3140 2657 3287 2713 illius
3318 2658 3536 2713 decreta
3577 2653 3797 2719 suscipe-

2246 2759 2367 2803 rent
2398 2763 2413 2801 :
2443 2763 2690 2817 quaenam
2723 2749 2795 2805 sit
2822 2746 3061 2804 Ecclesia
3093 2749 3389 2806 manifeste
3417 2748 3667 2809 scientes,
3688 2755 3793 2810 per-

2247 2856 2585 2908 suasumque
2627 2840 2890 2905 habentes
2926 2856 3047 2897 eam
3094 2856 3314 2913 semper
3346 2856 3471 2899 vera
3514 2833 3797 2919 necessario

2245 2946 2531 3001 proseqm.

2315 3070 2520 3139 Nempe
2549 3068 2715 3133 enim,
2750 3076 2808 3122 ut
2857 3067 3061 3122 dictum
3109 3076 3214 3131 est,
3241 3068 3368 3121 aliis
3424 3063 3673 3122 Ecclesiis
3720 3071 3797 3113 ca-

2251 3163 2473 3218 tholicae
2493 3161 2617 3215 ﬁdei
2651 3161 2926 3215 contraria
2961 3173 3105 3229 saepe
3135 3159 3574 3229 prefer-cutibus,
3603 3157 3726 3209 adeo
3750 3157 3797 3203 ut

2248 3271 2378 3311 vera
2404 3256 2726 3319 sentientes,
2760 3255 3069 3309 maledictis
3104 3255 3399 3326 pomisque
3433 3252 3747 3322 subjicerent
3784 3259 3797 3295 :

2244 3359 2300 3404 et
2326 3347 2595 3402 mendacii
2629 3347 2869 3411 litteras,
2900 3356 3090 3401 contra
3115 3346 3428 3414 veritatem,
3455 3346 3591 3399 alios
3609 3341 3802 3411 quidem

2245 3437 2514 3501 conﬁteri,
2543 3436 2682 3492 alios
2739 3451 2870 3491 vero
2907 3436 3074 3489 etiam
3127 3435 3377 3491 scribere
3422 3432 3800 3503 compellerent.

2247 3530 2391 3585 Petri
2423 3543 2557 3584 vero
2586 3527 2828 3583 Ecclesia
2857 3565 2873 3591 ,
2911 3526 3152 3580 Romana
3188 3528 3427 3594 scilicet,
3470 3536 3730 3595 nunquam
3757 3519 3804 3571 in

2248 3617 2469 3687 aliquod
2503 3615 2810 3686 bnjusmodi
2845 3615 3112 3670 lubricum
3141 3616 3436 3687 prolapsa;
3473 3617 3524 3669 in
3570 3614 3670 3668 illis
3696 3606 3805 3679 qui-

2250 3707 2373 3761 dem
2403 3706 2706 3761 Salvatoris
2729 3704 3001 3760 sententia
3024 3704 3245 3773 impleta
3278 3722 3388 3761 non
3412 3719 3528 3762 est:
3557 3701 3807 3758 Vobiscum

2161 3831 2180 3851 .
2251 3818 2390 3867 sum,
2424 3800 2676 3861 dicentis,
2713 3797 2951 3852 omnibus
2977 3797 3181 3861 diebus,
3212 3812 3381 3867 usque
3404 3797 3474 3851 ad
3503 3804 3809 3852 consumma—

2249 3894 2442 3947 tionem
2474 3892 2676 3948 saeculi.
2702 3889 2871 3958 lmpic
2893 3889 3038 3942 enim
3060 3887 3429 3943 sentientibus
3451 3882 3713 3957 tlﬁnquam
3734 3881 3809 3934 ille

2251 3987 2438 4051 adest;
2473 3982 2931 4054 quemadmodum
2974 3996 3095 4035 cum
3141 3981 3255 4035 suis
3279 3992 3369 4036 cst
3398 3982 3600 4051 jugiter
3639 3978 3689 4030 in
3723 3971 3809 4033 cia.

2252 4081 2445 4147 bisque
2471 4078 2618 4131 velut
2646 4075 3026 4131 instrumentis
3053 4085 3233 4140 utens,
3260 4084 3320 4130 et
3347 4075 3505 4145 quasi
3541 4069 3809 4139 inspirans.

2251 4184 2315 4224 ac
2350 4184 2446 4238 per
2475 4167 2762 4223 veritatem
2804 4165 2927 4220 ﬁdei
2962 4180 2992 4219 a
3017 4165 3134 4221 suis
3165 4166 3551 4238 sacramentis,
3589 4172 3641 4216 et
3668 4154 3813 4227 spiri-

2254 4262 2346 4317 tali
2394 4263 2506 4316 vita
2554 4259 2622 4315 ad
2671 4258 2942 4314 codestem
2977 4257 3207 4328 patriam
3245 4229 3612 4322 transferens,
3659 4243 3815 4305 utubi

2254 4353 2369 4423 ipse
2406 4362 2490 4406 est
2523 4359 2578 4407 et
2606 4352 2709 4421 ipsi
2740 4350 2869 4404 sint.
3172 4362 3205 4397 ,·
3319 4336 3326 4343 ’

2325 4464 2381 4519 ln
2416 4465 2517 4521 hac
2549 4478 2699 4529 vero,
2730 4461 2985 4533 quoniam
3035 4475 3313 4531 nunquam
3352 4477 3383 4517 a
3416 4461 3648 4517 vcritate
3673 4454 3815 4511 aber-

2181 4534 2226 4590 Ῑ)
2260 4558 2421 4619 ravlt,
2451 4556 2721 4610 sententia
2769 4554 2873 4609 ista
2908 4563 2961 4607 et
3004 4554 3296 4629 promissio
3368 4555 3606 4607 maxime
3638 4558 3821 4604 convc-

2259 4646 2365 4712 ttit,
2395 4656 2452 4700 ut
2484 4647 2611 4700 hinc
2639 4644 2803 4698 etiam
2838 4644 3183 4714 perspicuum
3217 4645 3308 4710 sit,
3343 4645 3488 4699 hanc
3515 4656 3643 4699 esse
3667 4633 3826 4713 Eccle;

2259 4738 2419 4804 siam,
2459 4752 2620 4807 quant
2655 4737 2709 4791 in
2745 4735 2907 4793 Petro
2947 4736 3344 4792 aediﬁcatur-um
3378 4737 3643 4792 Dominus
3669 4748 3723 4788 se
3748 4742 3824 4782 re-

2259 4831 2539 4901 promisit.

2320 4941 2599 4996 Przcterea
2629 4942 2765 5009 quod
2804 4944 2871 4995 ab
2903 4955 2968 4995 eo
2997 4941 3197 4994 dictum
3229 4952 3336 5008 est,
3378 4940 3526 5012 quod
3559 4938 3700 4994 inter
3728 4934 3827 4989 fra-

2252 5045 2367 5091 tres
2430 5032 2731 5089 differentia
2793 5035 2972 5104 aliqua
3033 5042 3260 5099 exorta,
3321 5035 3562 5102 primum
3616 5029 3817 5101 quidem

2257 5124 2436 5190 ipsum
2478 5122 2568 5190 qui
2602 5121 2763 5176 lmsus
2797 5121 2889 5186 sit,
2921 5120 2985 5174 ad
3026 5137 3151 5174 eum
3184 5121 3275 5189 qui
3327 5136 3390 5175 se
3428 5121 3655 5182 laeserit,
3686 5126 3829 5168 acce—

2258 5213 2389 5267 dere
2421 5218 2473 5266 et
2497 5227 2712 5281 regare,
2744 5227 2864 5279 qum
2894 5211 2963 5266 ad
2993 5226 3178 5289 pacem
3213 5221 3365 5277 sunt,
3390 5211 3628 5276 debere;
3652 5203 3831 5261 deinde

2259 5305 2303 5360 si
2334 5305 2497 5375 illum
2543 5303 2900 5360 reconciliare
2950 5318 3057 5358 non
3107 5304 3304 5374 possit,
3339 5313 3397 5358 et
3459 5304 3624 5359 alium
3659 5310 3828 5355 secum

2259 5409 2575 5459 assumere;
2614 5394 2698 5448 sin
2752 5406 2931 5447 autem
2963 5408 3063 5448 nec
3088 5393 3167 5448 sic
3195 5393 3418 5465 quidem
3466 5390 3834 5449 reconciliare-

2259 5496 2367 5550 tur,
2423 5483 2677 5538 Ecclesia:
2712 5484 2928 5537 tandem
2982 5485 3267 5550 nuntiare;
3314 5487 3428 5549 cui,
3470 5484 3576 5539 nisi
3615 5478 3833 5538 obediat,

3565 5687 3606 5717 ⁸⁷
3650 5686 3666 5738 1
3705 5683 3834 5739 Pctr.

579 5762 711 5827 tn,l
750 5750 902 5825 seqq.
982 5757 1024 5825 ’ξ’
1047 5755 1206 5810 .loan.
1242 5770 1319 5821 xi,
1348 5754 1432 5807 iit.
1513 5754 1556 5785 ⁸³
1616 5750 1771 5807 Joan.
1833 5768 1961 5819 xvu,
2007 5757 2071 5808 l7
2107 5771 2260 5824 seqq.
2338 5755 2385 5785 ἰ’
2421 5752 2604 5806 Matth.
2634 5764 2829 5835 xxvnt,
2866 5750 2955 5806 ‘20.
