4052 6438
406 384 517 450 249

1457 385 1864 449 ADVERSUS
1896 387 2215 452 GRAECOS
2240 392 2386 453 LIB.
2430 393 2528 456 IV.

3550 403 3657 471 250

405 504 464 549 ut
494 497 771 552 etbnicum
807 504 861 553 et
885 497 1232 568 publicanum
1266 468 1538 568 jamiesse
1578 497 1968 567 iudicandum;

2075 501 2704 585 dictantes,‘cujusmodi
2757 517 2982 566 sanctus
3027 509 3299 568 Maximus
3353 515 3473 585 fuit,
3508 532 3564 574 et
3606 520 3658 578 si

402 587 505 641 hoc
541 597 627 641 est
655 587 925 644 inﬁdelem
965 598 1021 644 et
1049 589 1117 644 ab
1142 588 1385 659 Ecclesia
1413 589 1727 659 praecisum.
1765 603 1830 643 ea
1857 603 1977 658 quae

404 678 776 748 prtediximus,
817 680 1056 737 roborat.
1090 679 1472 750 Praesupponit
1516 680 1660 735 enim
1688 680 1973 746 Dominus,

403 767 698 824 Eeclesiam
749 770 1024 826 deﬁnitam
1085 786 1207 827 esse
1245 770 1483 840 aliquam
1538 786 1676 837 rem,
1732 779 1788 828 et
1835 770 1975 825 hanc

401 874 616 928 semper
638 876 908 928 veracem,
939 862 1058 918 aliis
1090 878 1210 934 quae
1238 873 1362 919 sunt
1398 863 1555 918 utilia
1586 872 1640 918 et
1662 862 1974 919 necessaria

402 953 750 1019 annuntiare,
792 963 954 1024 atque
999 968 1182 1024 agere.
1220 951 1409 1024 Neque
1442 954 1586 1010 enim
1616 954 1723 1009 nisi
1758 968 1975 1022 semper

400 1057 566 1097 verax
591 1055 736 1119 esset
779 1044 980 1113 futura,
1025 1046 1336 1101 indeﬁniter
1360 1062 1456 1117 per
1478 1061 1639 1102 omne
1669 1056 1880 1131 tempus
1906 1047 1974 1102 ad

400 1134 540 1190 hanc
576 1136 761 1192 ﬁdeles
799 1138 1057 1202 mitteret,
1091 1138 1159 1194 de
1188 1139 1350 1193 rebus
1375 1139 1642 1207 ambiguis
1675 1139 1974 1194 decernen-

403 1234 514 1280 tem
559 1229 864 1285 audituros.
917 1227 1104 1301 Neque
1155 1230 1200 1285 si
1258 1231 1597 1286 indelinitum
1652 1230 1790 1299 eius,
1830 1231 1975 1299 apud

400 1316 588 1372 ﬁdeles
609 1321 885 1374 deﬁnitum
913 1333 1077 1387 esset,
1102 1321 1245 1376 seire
1268 1312 1489 1391 possent
1510 1337 1617 1392 quo
1645 1337 1703 1378 se
1723 1320 1974 1377 conferre

369 1407 679 1474 .deberent,
714 1412 798 1466 vel
835 1427 932 1468 sna
959 1412 1140 1467 omnia
1177 1413 1408 1478 referre,
1442 1420 1499 1465 ut
1534 1412 1973 1481 obtemperantes

400 1499 613 1568 quidem
660 1503 839 1557 securi
883 1503 996 1572 jam
1028 1513 1083 1558 et
1111 1504 1211 1558 tuti
1242 1518 1363 1559 esse
1394 1512 1618 1574 possent
1660 1520 1676 1558 :
1729 1517 1836 1565 non
1879 1502 1975 1563 οι)-

401 1600 762 1660 temperantes
791 1603 993 1659 autem,
1024 1610 1144 1649 cum
1180 1595 1419 1652 ethnicis
1451 1609 1512 1651 se
1572 1602 1628 1650 et
1664 1593 1973 1650 inlidelibus

316 1744 327 1760 ι
396 1681 711 1736 statuendus
758 1685 980 1740 scirent.

471 1792 574 1847 Sed
616 1808 789 1864 neque
822 1803 1002 1852 tamen
1032 1797 1135 1854 nisi
1178 1812 1265 1865 ea,
1293 1798 1360 1854 ad
1391 1814 1556 1870 quam
1595 1799 1970 1867 mitterentur,

2083 592 2207 662 quis
2258 594 2334 651 illi
2384 596 2580 653 similis
2609 608 2696 654 est
2739 616 2755 654 :
2799 616 2907 656 nou
2962 610 3144 661 tamen
3193 605 3287 674 ita,
3322 618 3382 663 ut
3432 611 3658 669 inﬁnitis

2082 684 2391 752 agminibus
2426 687 2886 759 Christianorum,
2926 710 3026 765 pro
3060 700 3437 769 magnitudine
3471 704 3658 761 Eccle—

2083 775 2177 831 siae
2223 787 2279 833 et
2315 779 2603 852 dignitate,
2640 785 2778 840 satis
2824 801 2948 842 esse
2984 801 3208 858 possent
3255 808 3270 845 :
3309 796 3560 864 quodque
3602 798 3654 851 in
3712 860 3715 864 ,

2082 871 2185 936 eis,
2224 875 2379 943 quasi
2431 874 2485 929 in
2528 877 2767 933 obscuro
2800 890 2942 946 erat,
2982 882 3048 936 ad
3101 882 3259 937 ﬁdem
3298 901 3486 940 eorum
3536 905 3657 957 quae

2082 966 2432 1033 dicerentur,
2483 971 2739 1025 omnibus
2791 972 3065 1029 sufﬁceret
3112 993 3126 1031 :
3172 980 3328 1046 quasi
3388 981 3487 1049 ipsi
3550 982 3655 1036 Ec-

2082 1058 2260 1114 clesia:
2300 1069 2464 1129 caput
2497 1072 2683 1117 essent
2719 1064 2877 1135 ejus,
2906 1065 2973 1119 ad
3018 1082 3180 1137 quam
3218 1071 3485 1124 mittimur
3520 1093 3533 1128 :
3566 1090 3657 1127 cu-

2079 1148 2283 1220 jusque.
2333 1155 2738 1219 processiouem
2801 1156 2936 1214 ﬁnes
2996 1169 3154 1215 terrae
3189 1177 3310 1218 esse
3369 1163 3655 1222 Psalmista

2081 1241 2325 1298 deﬁnivit
2352 1246 2418 1300 “.

2157 1333 2285 1390 Haec
2319 1351 2442 1391 cum
2472 1338 2545 1393 ita
2578 1355 2701 1396 esse
2729 1344 3038 1399 necessario
3070 1360 3383 1401 concessum
3415 1349 3506 1417 sit,
3536 1352 3656 1405 alia:

2082 1426 2306 1494 quidem
2351 1430 2628 1499 Ecclesiae,
2663 1445 2721 1487 ut
2753 1434 2955 1491 dictmn
2997 1448 3098 1503 est,
3132 1454 3161 1491 a
3202 1440 3425 1494 veritate
3459 1444 3658 1509 saepius

2080 1519 2239 1574 aliter
2272 1522 2408 1577 alias
2448 1523 2884 1593 alienaverunt:
2923 1530 3141 1596 quando
3170 1532 3234 1585 de
3271 1532 3393 1586 ﬁdei
3428 1519 3657 1588 veritate

2080 1606 2215 1660 orbe
2254 1614 2368 1663 toto
2418 1608 2560 1665 inter
2609 1625 2671 1665 se
2710 1627 2817 1666 non
2844 1616 3229 1681 conveniente,
3282 1617 3386 1673 illae
3426 1618 3560 1673 falsa
3603 1630 3659 1674 et

2078 1697 2403 1764 sentiebant,
2451 1708 2517 1756 et
2552 1702 2677 1758 aliis
2727 1705 3011 1759 sentiendo
3048 1708 3439 1777 prepbrehaut,
3488 1727 3655 1782 quos-

2082 1786 2207 1842 dam
2250 1805 2383 1844 vero
2424 1793 2587 1846 etiam
2611 1794 2824 1851 'invitos
2865 1798 3024 1851 fateri
3062 1802 3476 1868 compelle-bant,
3511 1804 3655 1858 nulla

392 1882 658 1951 Ecclesia,
691 1900 821 1942 vera
864 1901 1080 1958 semper
1119 1890 1187 1944 de
1217 1866 1471 1946 omnibus
1491 1890 1702 1946 dictare
1726 1866 1972 1960 prmsnp;
2003 1866 2048 1923 Β
2075 1892 2262 1933 earum
2290 1890 2436 1935 esset
2476 1883 2742 1952 profecto,
2783 1890 2850 1941 ad
2891 1903 3055 1957 quam
3102 1891 3383 1945 indeﬁnite
3415 1896 3655 1949 mittere—

335 1967 355 2024 ί
392 1986 690 2043 poneretur
711 2015 728 2040 ,
759 1974 899 2032 scire
933 1987 1176 2049 possent,
1208 1980 1426 2050 quando
1456 1994 1709 2047 renuere,
1749 1979 1972 2049 quando

393 2066 770 2137 obtemperare
809 2067 1094 2135 deberent,
1123 2085 1244 2126 cum
1289 2071 1381 2141 qui
1409 2071 1477 2127 ab
1509 2072 1741 2127 invicem
1786 2071 1975 2127 dilfer-

394 2166 539 2223 rent,
588 2174 741 2213 veras
786 2160 946 2215 ambo
996 2162 1243 2218 rationes
1293 2162 1545 2232 proferre
1581 2163 1903 2219 viderentur
1954 2179 1970 2218 :

393 2250 703 2306 communis
757 2264 890 2305 vero
927 2234 1368 2308 Christianorum
1427 2253 1743 2319 multitudo,
1782 2254 1974 2309 simul-

372 2328 501 2410 ique
563 2341 853 2397 inﬁrmitas
905 2343 1140 2397 humana
1190 2345 1505 2398 discernere
1542 2350 1671 2409 “non
1722 2354 1970 2415 possent,

396 2432 748 2502 confusioque
786 2447 851 2487 ae
889 2446 1069 2502 pugna
1125 2433 1519 2490 ecclesiasticis
1566 2436 1622 2489 in
1653 2435 1814 2492 rebus
1848 2440 1971 2506 put-

401 2512 943 2580 lulatura'videretur
978 2545 991 2580 :
1040 2526 1142 2582 nisi
1170 2527 1411 2597 subjecta
1442 2527 1709 2598 Ecclesia,
1745 2531 1973 2584 deﬁnite

409 2617 601 2685 singula
631 2616 969 2672 decerneret.
1018 2618 1125 2674 Sed
1165 2627 1220 2674 et
1267 2619 1386 2676 sine
1423 2621 1582 2691 culpa
1614 2621 1838 2676 omnino
1882 2636 1972 2678 es-

401 2719 534 2770 sent,
585 2704 728 2763 Omni
764 2704 977 2777 spiritui
1013 2723 1072 2764 se
1103 2712 1505 2779 permittentes,
1551 2712 1657 2767 nisi
1704 2721 1890 2783 aperta
1917 2723 1972 2769 et

398 2784 678 2855 manifesta
722 2800 969 2855 ﬁdelibus
1011 2817 1159 2857 esset
1191 2804 1566 2859 ecclesiastica
1612 2807 1913 2862 auctoritas
1947 2825 1962 2862 :

396 2892 507 2948 Deo
527 2893 734 2962 quidem
772 2894 1055 2964 possibilia
1099 2912 1128 2948 a
1156 2898 1372 2951 cunctis
1404 2897 1675 2968 exigente,
1714 2898 1819 2954 illis
1839 2914 1971 2955 vero

394 2983 622 3040 obseura
674 3002 777 3041 non
838 2988 1146 3043 valentibus
1185 2988 1509 3059 dignoscere
1554 3005 1568 3042 :
1627 2990 1742 3046 sive
1779 3006 1970 3048 omnes

392 3076 611 3131 omnino
651 3081 940 3148 oportebat
970 3078 1283 3134 divinarum
1325 3093 1509 3134 rerum
1552 3079 1842 3136 scientiam
1878 3081 1966 3150 ju-

391 3168 530 3238 giter
560 3172 780 3241 adeptos
830 3170 882 3225 in
919 3182 1066 3226 tanta
1114 3172 1438 3229 confusione
1469 3187 1674 3242 rerum,
1722 3186 1776 3229 et
1817 3177 1965 3246 ipsos
1993 3207 2039 3268 ο

391 3260 657 3330 ambiguae
716 3262 839 3317 ﬁdei
898 3263 1182 3316 veritatem
1245 3263 1565 3335 dignoscere
1612 3281 1627 3318 :
1680 3273 1736 3319 at
1800 3262 1853 3319 id
1906 3265 1962 3321 in

394 3352 735 3408 multitudine
786 3355 1124 3420 contingere,
1162 3357 1426 3426 possibile
1484 3372 1593 3413 non
1644 3368 1750 3414 est.
1789 3361 1968 3429 Atque

392 3444 539 3510 ideo,
567 3460 836 3515 nunquam
877 3448 978 3502 hoc
1012 3448 1157 3503 Deus
1200 3450 1268 3503 ab
1298 3450 1549 3506 omnibus
1588 3451 1854 3521 exigeret.
1899 3452 1968 3516 Et

389 3537 446 3599 id
476 3539 605 3593 item
635 3540 774 3610 quod
815 3540 1055 3596 dicitur:
1085 3540 1222 3598 Circi
1254 3559 1420 3597 arcos
1452 3554 1745 3612 sequentes
1776 3546 1968 3615 praeti-

385 3630 550 3702 pitari
599 3631 1007 3701 periclitantur,
1039 3634 1241 3704 quique
1286 3634 1546 3690 Ecclesiae
1578 3636 1963 3694 inobedie'ntes

388 3732 537 3790 sunt,
573 3741 692 3780 cum
723 3727 957 3781 etlmicis
1000 3742 1103 3793 una
1139 3726 1455 3798 ejiciuntur,
1496 3728 1675 3783 locum
1724 3745 1832 3784 non
1867 3729 1964 3784 ha-

387 3817 561 3884 beret,
602 3817 647 3872 si
689 3818 987 3873 Ecclesium
1033 3821 1374 3892 dignoscere,
1401 3821 1715 3893 bonumque
1751 3837 1783 3878 a
1822 3825 1962 3881 malo

384 3908 715 3977 discernere,
748 3910 1005 3979 possibile
1035 3927 1139 3965 non
1176 3923 1346 3967 esset.

459 3999 660 4067 Nempe
692 4011 744 4056 et
775 4002 828 4056 itt
856 4001 977 4056 ﬁdei
1015 4002 1292 4073 Syntbolo,
1321 4005 1462 4058 sicut
1502 4005 1610 4059 alia
1639 4008 1705 4059 ad
1733 4010 1958 4063 salutent

388 4093 694 4145 necessaria
745 4093 813 4148 ab
860 4094 959 4158 eis,
999 4103 1057 4148 ut
1106 4097 1494 4163 conﬁteantur,
1545 4099 1825 4168 exigitur:
1861 4099 1959 4168 ita,

386 4193 441 4237 cl
466 4198 623 4237 unum
656 4194 917 4253 structam,
955 4185 1289 4254 catholicam,
1320 4200 1375 4243 et
1400 4189 1746 4258 apostolicam
1775 4190 1962 4246 Eccle-

385 4277 523 4330 sium
550 4276 813 4344 conﬁteri,
848 4278 1240 4348 requiruntur:
1287 4282 1353 4335 ad
1393 4296 1555 4350 quam
1600 4284 1665 4337 de
1703 4283 1961 4344 omnibus

385 4367 595 4423 scilicet
633 4370 973 4425 deﬁnituram
999 4370 1337 4426 admittimur
1378 4390 1394 4428 :
1431 4385 1484 4428 et
1548 4375 1635 4429 cui
1678 4373 1966 4447 obtempeJ

390 4469 606 4527 rantes,
666 4460 932 4517 molestiis
992 4471 1047 4517 et
1094 4463 1380 4534 scrupulis
1441 4465 1597 4519 liberi
1654 4468 1955 4522 evadimus.

2076 1984 2220 2035 mur,
2262 1969 2534 2037 Ecclesia,
2569 1975 2634 2029 de.
2661 1976 2930 2047 ambiguis
2960 1979 3197 2034 salubria
3228 1991 3276 2034 ct
3325 1997 3471 2037 certa
3503 1987 3658 2038 audi-

2076 2063 2204 2113 turi.
2244 2059 2589 2117 Manifestum
2634 2066 2782 2119 enim
2832 2077 2937 2133 est,
2986 2069 3112 2137 quia
3158 2084 3252 2126 eos
3292 2074 3510 2141 quidem
3561 2076 3653 2142 qui

2077 2159 2205 2206 tunc
2237 2153 2286 2207 ei
2316 2157 2789 2220 contradixerunt.
2815 2167 2867 2212 et
2896 2174 3068 2225 usque
3098 2161 3165 2213 ad
3199 2164 3515 2230 sanguinem
3563 2166 3656 2217 ad-

2075 2258 2264 2299 versus
2311 2245 2565 2312 hmreses,
2613 2251 2867 2318 quasilla
2923 2251 3162 2320 ferebat,
3213 2257 3460 2311 reluctati
3505 2268 3654 2323 sunt,

2076 2337 2312 2392 maxime
2346 2338 2552 2395 idcirco
2582 2341 2938 2408 admiramur,
2978 2345 3032 2398 in
3075 2353 3392 2416 tantumque
3437 2364 3465 2401 a
3501 2350 3656 2405 nobis

2072 2426 2246 2490 abest,
2281 2428 2526 2483 inﬁdeles
2561 2438 2617 2483 et
2663 2431 2916 2486 ethnicos
2954 2446 3070 2497 eos,
3112 2433 3256 2503 quod
3299 2434 3372 2487 illi
3416 2450 3520 2487 non
3552 2438 3655 2489 ob-

2075 2521 2522 2587 temperaverint,
2549 2531 2764 2591 putare,
2792 2537 2849 2577 ιιι
2878 2524 3043 2578 etiam
3074 2526 3256 2581 debito
3283 2527 3491 2581 honore
3526 2542 3654 2595 pro-

2073 2625 2397 2680 sequamur,
2432 2622 2597 2682 atque
2639 2614 2799 2667 annis
2837 2614 3066 2688 singulis
3094 2616 3309 2671 illorum
3339 2618 3507 2674 festos
3535 2619 3655 2674 dies

2072 2697 2437 2763 celebremus,
2498 2700 2942 2771 mediatoresque
2994 2721 3095 2776 pro
3145 2708 3302 2765 nobis
3354 2713 3420 2765 ad
3486 2713 3651 2769 Deum

2074 2788 2441 2853 proferamus.

2141 2877 2210 2932 Et
2236 2889 2386 2935 certe
2430 2879 2738 2949 Nestorius,
2778 2898 2844 2938 ac
2876 2883 3141 2956 Pyrrhus,
3185 2899 3239 2945 et
3279 2894 3460 2948 casteri
3500 2893 3653 2951 Con;

2071 2972 2576 3042 Stantinopolitante
2633 2974 2787 3032 sedis
2853 2978 3154 3046 antistites,
3218 2983 3458 3041 haeretici
3522 2982 3705 3045 tonc'

2073 3064 2352 3133 temporis,
2395 3079 2520 3120 cum
2567 3068 2716 3122 omni
2753 3083 2874 3138 quae
2908 3073 3009 3126 sub
3041 3069 3175 3140 ipsis
3203 3086 3322 3130 erat
3376 3076 3647 3150 Ecclesia,

2071 3169 2194 3208 cum
2228 3167 2433 3221 essent,
2477 3172 2539 3213 se
2583 3159 2734 3228 ipsos
2774 3170 2953 3218 tamen
2992 3163 3294 3223 Eccleslam
3327 3170 3475 3225 illam
3529 3187 3652 3230 esse

2069 3248 2410 3311 asserebant,
2438 3264 2602 3319 quam
2635 3253 2895 3310 omnibus
2942 3260 3274 3326 sequendam
3298 3248 3425 3332 'per
3467 3265 3649 3321 omnia

2069 3339 2412 3407 dictitabant,
2439 3356 2647 3414 eosque
2693 3347 2797 3401 sibi
2825 3348 2921 3417 qui
2959 3365 3067 3406 non
3093 3352 3555 3425 obtemperarent,
3590 3368 3651 3415 ut

2068 3431 2320 3488 ethnicos
2359 3444 2418 3488 et
2456 3435 2776 3505 publicanos
2826 3442 3145 3511 puniebant.
3202 3447 3306 3515 Qui
3360 3464 3490 3506 vero
3543 3451 3651 3509 illis

2066 3524 2532 3596 obtemperavere,
2607 3547 2705 3588 eos
2756 3548 2857 3590 nos
2914 3538 3155 3603 perditos
3208 3531 3584 3601 existimamus
3630 3563 3646 3602 :

2066 3628 2385 3690 quantoque
2419 3623 2487 3677 ad
2540 3622 2878 3695 impietatem
2931 3628 3087 3685 fuere
3135 3635 3441 3702 proniores,
3494 3649 3665 3699 tanto,

2068 3716 2138 3769 ab
2170 3713 2416 3770 Ecclesia
2469 3718 2656 3786 maiori
2702 3720 2972 3789 supplicio
3005 3722 3187 3779 affecti
3240 3739 3365 3781 sunt
3392 3768 3406 3791 ,
3448 3741 3500 3785 et
3553 3732 3648 3799 qui

2068 3807 2178 3863 illis
2218 3820 2635 3876 consenserunt,
2669 3816 3019 3869 anathemate
3046 3817 3260 3870 multati
3303 3829 3453 3874 sunt.

2136 3902 2356 3958 Nullum
2389 3920 2519 3960 vero
2552 3906 2826 3972 novimus,
2862 3908 2978 3978 qui,
3002 3909 3195 3978 quovis
3226 3920 3487 3982 tempore,
3522 3930 3644 3969 cum

2065 3995 2131 4052 de
2160 3996 2267 4051 ﬁde
2314 3996 2725 4065 disputaretur;
2761 3996 3323 4055 Romanae‘Ecclesim
3373 4005 3649 4073 obtempe-

2063 4103 2213 4154 rans,
2261 4076 2501 4143 similem'
2543 4091 2826 4159 exceperit
2865 4092 3295 4148 damnationem.
3352 4094 3465 4151 lmo
3516 4113 3647 4154 vero

2065 4182 2244 4237 nullus
2271 4196 2374 4247 est,
2410 4183 2501 4253 qui
2534 4193 2664 4239 tunc
2697 4184 2962 4240 adversus
2994 4186 3219 4255 quidem
3256 4187 3648 4247 Constantinu-

2064 4277 2360 4347 politanam
2397 4273 2698 4332 Ecclesium
2738 4289 2924 4348 aperte
2962 4280 3265 4343 resisteret,
3301 4284 3427 4350 quin
3458 4294 3512 4337 et
3541 4283 3648 4337 Ro-

2063 4380 2278 4423 manam
2309 4368 2610 4425 Ecclesium
2655 4355 2980 4436 intueretur,
3016 4372 3268 4442 illiusque
3296 4375 3363 4428 de
3400 4374 3505 4429 ﬁde
3525 4369 3646 4444 ~opi-

2063 4464 2306 4528 nionem,
2341 4474 2407 4516 ut
2441 4463 2688 4519 veritatis
2717 4478 2780 4520 ac
2811 4466 3029 4534 pietatis
3063 4465 3397 4534 exemplum,
3444 4466 3647 4534 quibus

384 4550 560 4617 Quam
594 4552 756 4608 etiam
790 4570 819 4607 a
854 4552 1107 4609 ﬁdelibus
1141 4556 1397 4610 oumibus
1433 4557 1682 4625 agnosci,
1730 4568 1787 4612 ut
1833 4573 1957 4628 pos—
1992 4555 2032 4606 D
2063 4554 2495 4620 contradicebat,
2524 4565 2845 4624 opponeret,
2887 4571 3121 4624 eamque
3156 4567 3346 4611 contra
3387 4556 3644 4613 inimicus

384 4645 541 4700 sibile
585 4656 640 4700 et
679 4649 1046 4703 necessarium
1083 4648 1340 4718 exigitur.
1399 4650 1464 4703 Et
1508 4649 1627 4706 sine
1679 4667 1784 4723 qua
1865 4668 1964 4708 nec

388 4738 622 4792 ﬁdelium
679 4739 991 4794 communio
1038 4740 1225 4817 haberi
1279 4751 1478 4809 potest,
1519 4757 1616 4796 nec
1650 4746 1963 4798 sacramen-

388 4839 563 4883 torum
605 4830 833 4911 virtute/
859 4829 1067 4900 perfrui
1103 4832 1368 4899 valemus,
1407 4846 1507 4887 nec
1562 4847 1660 4905 per
1701 4835 1816 4903 ipsa
1868 4850 1960 4889 ca-

381 4920 478 4989 piti
536 4915 814 4987 ECclesiaa,
865 4920 1007 4991 quod
1055 4917 1308 4978 Christus
1362 4935 1467 4990 est,
1518 4927 1684 4979 uniri.
1736 4926 1852 4981 Non
1888 4926 1958 4981 in

380 5009 581 5075 verbis,
622 5011 717 5066 sed
764 5013 816 5067 in
868 5015 1031 5068 rebus
1060 5014 1317 5071 Ecclesiae
1352 5016 1557 5072 Christi
1608 5018 1795 5088 posita:
1831 5029 1956 5074 sunt

381 5119 488 5159 l't‘S.

450 5199 734 5266 Quamvis,
760 5201 861 5258 etsi
894 5202 987 5273 qui
1032 5202 1259 5259 ubilibet
1289 5216 1563 5273 terrarum
1596 5184 1816 5275 fuerint,
1863 5208 1953 5278 qui

380 5292 445 5347 de
474 5292 579 5347 fide
615 5292 735 5348 aliis
773 5292 876 5349 alia
932 5294 1266 5359 dicentibus,
1312 5311 1443 5351 vera
1503 5295 1602 5366 ipsi
1655 5299 1956 5365 senserint,

379 5385 679 5442 laudabiles
711 5388 927 5458 quidem
958 5376 1139 5455 lue-re,
1171 5394 1230 5444 Se
1261 5391 1433 5460 ipsos,
1476 5399 1533 5444 ιιι
1564 5398 1770 5460 partem
1813 5390 1957 5446 tele-

382 5488 560 5531 rentes
609 5480 675 5532 ad
726 5479 1046 5547 Ecclesiam,
1090 5491 1255 5551 atque
1295 5484 1419 5538 inde
1467 5483 1572 5538 sibi
1627 5484 1760 5553 ipsis
1813 5482 1961 5538 sutli~

382 5571 625 5638 cientes,
661 5572 735 5625 illi
788 5589 884 5641 per
918 5576 1097 5628 omnia
1144 5590 1261 5645 qum
1323 5578 1388 5631 ad
1448 5577 1606 5632 ﬁdem
1658 5576 1958 5646 pertinent,

384 5666 538 5729 uniti,
580 5676 633 5718 ct
672 5667 792 5720 aliis
839 5682 1055 5736 quoque
1094 5668 1196 5724 hoc
1236 5672 1418 5734 modo,
1469 5685 1587 5739 quae
1628 5685 1752 5724 vera
1811 5678 1955 5734 sunt,

1566 5816 1585 5843 ἢ

456 5844 495 5873 ’³
533 5842 675 5896 Psal.
720 5859 781 5909 tt,
825 5842 878 5899 8.

2061 4645 2269 4699 sociam
2311 4644 2823 4716 auxiliatrieemque
2875 4648 3179 4716 praeferret.
3225 4645 3292 4701 Et
3324 4662 3466 4702 mmc
3508 4665 3647 4717 quo-

2057 4752 2205 4808 que,
2244 4752 2387 4792 eum
2442 4738 2856 4794 adversantium
2913 4739 3205 4812 obscurum
3274 4754 3469 4793 nomen
3530 4741 3641 4806 sit,

2059 4831 2424 4887 communiter
2464 4842 2526 4884 ae
2557 4830 2806 4900 privatim
2841 4830 2953 4897 illa,
2985 4840 3038 4885 et
3081 4818 3303 4897 colitur,
3333 4841 3384 4885 et
3418 4846 3646 4886 corona-

2058 4935 2149 4980 tur
2181 4942 2196 4980 :
2227 4929 2284 4979 tit
2314 4935 2370 4980 et
2414 4926 2541 4979 hinc
2577 4923 2924 4994 perstricuum
2971 4925 3064 4989 sit,
3098 4924 3263 4979 hanc.
3287 4938 3410 4979 csse
3463 4925 3644 4980 Eccle—

2065 5020 2225 5086 siam,
2254 5018 2364 5084 cui,
2400 5020 2493 5089 qui
2530 5030 2633 5073 non
2662 5018 3021 5088 obtemperat,
3049 5017 3343 5087 gentilibus
3383 5027 3438 5072 ct
3469 5019 3643 5088 publi-

2066 5114 2216 5169 canis
2261 5112 2564 5167 Salvatoris
2614 5110 2886 5165 sententia
2942 5120 3389 5173 connumeratur.
3431 5109 3642 5165 Princi-

2066 5206 2181 5275 pari
2229 5205 2449 5275 quidem
2500 5214 2550 5257 ct
2585 5202 2718 5256 alias
2763 5200 3064 5268 Ecclesias,
3111 5202 3196 5257 his
3226 5218 3347 5273 qure
3396 5202 3463 5258 ad
3497 5206 3641 5273 ipsis

2065 5297 2354 5365 pertinent,
2388 5306 2441 5349 et
2491 5294 2591 5349 sub
2639 5292 2720 5347 eis
2751 5303 2901 5360 sunt,
2938 5292 3146 5362 hasque
3192 5307 3385 5347 secure
3422 5302 3475 5344 et
3500 5292 3642 5360 judi-

2060 5404 2184 5444 care
2240 5397 2294 5443 et
2344 5386 2603 5456 dirigere,
2648 5401 2769 5438 cum
2821 5393 3036 5455 tempus
3081 5384 3270 5454 εινείι,
3308 5379 3536 5451 "quando
3573 5379 3640 5434 ad

2062 5498 2221 5537 unum
2294 5495 2484 5535 omnes
2543 5478 2875 5542 referuntur,
2938 5476 3306 5531 arbitrandnm
3368 5480 3468 5526 est.
3531 5472 3637 5543 Sed

2062 5576 2163 5630 nisi
2193 5574 2456 5627 adversus
2491 5578 2655 5638 caput
2683 5568 3057 5634 obluctentur,
3090 5566 3349 5624 maxime,
3384 5576 3505 5614 cum
3533 5559 3637 5612 illis

2063 5666 2390 5728 differentia,
2424 5664 2488 5717 de
2534 5661 2657 5718 ﬁdei
2691 5660 3037 5715 confessione
3087 5656 3267 5711 fuerit.
3304 5650 3457 5708 Tunc
3496 5653 3632 5708 enim
