4052 6442
332 374 346 387 ’
407 385 499 453 251

1670 395 2070 456 MANUELIS
2109 397 2416 458 CALECrE

2739 344 2788 354 φ..

3531 395 3626 458 252

408 502 874 572 perniciosissime
905 501 1094 560 divisa:
1121 518 1151 557 a
1183 503 1381 573 capitis
1412 501 1617 572 glutino
1649 515 1702 559 et
1733 505 1979 560 vivifica-
2009 509 2054 563 Α
2083 509 2373 576 praescindi
2427 507 2680 582 patietur.
2724 505 2907 576 Neque
2959 505 3102 560 enim
3149 504 3382 572 profecto
3429 506 3624 562 consilii

409 593 557 645 tione
601 592 859 646 decidunt
892 610 906 645 :
945 603 1230 661 metusque
1277 601 1381 655 est,
1422 606 1489 644 ne
1529 594 1772 660 praecisis
1809 610 1984 648 metu“

409 683 523 736 bris
549 723 563 747 ,
611 697 790 752 neque
839 683 1014 737 solum
1048 685 1274 738 absente
1311 683 1490 737 debita
1537 685 1854 749 concordia,
1887 683 1983 739 sed

410 774 573 827 etiam
601 784 868 841 praesente
897 774 1253 828 maximarum
1297 789 1476 829 rerum
1509 777 1982 844 contradictione;

411 875 609 932 praeter
639 865 715 929 id,
754 866 895 934 quod
932 864 1066 919 nihil
1093 866 1320 934 possint.
1349 866 1648 934 gentilibus
1675 870 1838 922 etiam
1887 885 1985 938 pu-

411 955 748 1024 blicauisque
772 965 1248 1012 connumerentur.
1283 958 1500 1022 Quanto
1527 959 1670 1012 enim
1701 960 1768 1012 de
1809 961 1980 1029 majo-

411 1046 565 1102 ribus
618 1047 979 1104 contradictio
1032 1047 1221 1112 fuerit,
1293 1060 1444 1105 tanto
1493 1058 1550 1105 et
1603 1050 1990 1106 condemnatio

412 1139 650 1192 deterior
693 1147 799 1193 est.
853 1137 1038 1207 Neque
1079 1141 1223 1193 enim
1270 1150 1478 1194 tantum
1515 1142 1582 1196 de
1611 1143 1988 1196 communibus

412 1225 534 1282 istis
562 1225 886 1283 diﬁ‘erentiis
914 1231 1213 1296 putandum
1254 1240 1358 1297 est,
1395 1245 1423 1284 a
1452 1229 1738 1287 Salvatore
1769 1243 1986 1286 senten-

413 1318 567 1383 tiam,
600 1318 745 1386 quod
786 1317 1044 1374 Ecclesia:
1080 1320 1566 1390 obtemperandum
1608 1324 1702 1386 sit,
1753 1339 1990 1392 pronun-

417 1407 602 1460 tiatam
637 1420 780 1473 esse,
825 1419 1089 1477 quantum
1119 1408 1188 1462 de
1215 1409 1536 1478 majoribus,
1582 1420 1636 1464 et
1672 1425 1804 1478 qua."
1831 1411 1988 1478 primi

415 1497 472 1552 in
525 1497 768 1553 Ecclesia
821 1501 1129 1554 consistunt
1186 1501 1428 1566 ordinis;
1485 1501 1664 1570 qualia
1721 1512 1868 1567 sunt,
1921 1500 1990 1555 de

418 1585 787 1657 dogmatibus,
822 1603 886 1642 ex
919 1590 1116 1657 quibus
1149 1599 1230 1645 est
1254 1591 1416 1646 etiam
1451 1592 1516 1647 de
1546 1591 1720 1644 sancti
1753 1591 1993 1658 Spiritus

419 1677 773 1745 processione
830 1681 1226 1745 contradictio,
1290 1695 1388 1750 per
1448 1693 1612 1751 quam
1673 1689 1824 1736 tanto
1881 1681 1992 1751 jam

422 1777 668 1837 tempore
705 1769 965 1827 Ecclesia:
1001 1771 1278 1841 dissipata:
1317 1781 1466 1826 sunt.

2087 599 2302 664 fuisset,
2337 599 2420 653 vel
2467 587 2682 668 quando
2715 599 2968 654 Ecclesiae
3003 597 3166 652 unita:
3211 603 3364 651 erant
3412 594 3462 648 in
3514 598 3626 652 ﬁdei

2085 689 2448 753 confessione,
2487 689 2627 744 nulla
2662 691 2961 759 praesertim
2993 689 3256 760 probabili
3286 690 3485 743 ratione
3522 691 3622 744 dis-

2091 783 2393 837 cessionem
2422 783 2701 849 suadente,
2747 798 2869 837 cum
2903 782 2988 836 his
3011 783 3104 852 qui
3135 771 3332 836 temere
3358 781 3628 845 ferrentur,

2087 873 2245 926 simul
2274 857 2439 927 dividi
2467 891 2480 939 ς
2515 873 2596 927 vel
2630 888 2750 928 cum
2783 873 2868 927 his
2910 874 3001 943 qtti
3035 872 3198 926 modo
3231 881 3352 926 sunt
3380 880 3467 924 aut
3489 881 3632 946 antea

2087 965 2307 1019 fuerunt
2343 966 2662 1032 adversarii,
2705 965 2813 1020 ullo
2845 975 3005 1036 pacto
3045 964 3368 1020 commorari
3397 980 3412 1021 :
3441 978 3552 1016 cum
3585 972 3635 1015 et

2088 1057 2268 1120 modo,
2292 1066 2345 1110 ct
2381 1066 2508 1110 tunc
2547 1057 2825 1124 mqttaliter
2872 1056 2992 1112 ﬁdei
3027 1057 3238 1125 negetia
3278 1070 3334 1110 se
3368 1053 3590 1108 habeant
3621 1066 3635 1103 :

2088 1157 2461 1216 quantumque
2509 1149 2704 1201 attinet
2752 1147 2818 1202 ad
2854 1162 3104 1202 verarum
3147 1161 3324 1202 rerum
3368 1143 3640 1213 judicium,

2093 1239 2232 1308 apud
2270 1239 2564 1304 prudentes
2594 1239 2727 1292 nihil
2755 1237 3030 1293 differant.

2164 1327 2260 1383 Est
2309 1341 2489 1383 autem
2528 1344 2658 1384 sane
2714 1328 3110 1407 irrationabile,
3161 1329 3248 1384 bis
3278 1328 3370 1398 qui
3403 1339 3644 1398 prmsnnt,

2096 1420 2235 1474 alias
2269 1434 2328 1473 se
2369 1420 2524 1474 aliter
2569 1419 2914 1486 habentibus,
2949 1430 3004 1474 ut
3037 1419 3156 1475 illos
3199 1419 3425 1489 impetus
3457 1419 3644 1482 tulerit,

2091 1513 2494 1581 prtescindique
2539 1514 2616 1566 ab
2643 1511 2890 1580 Ecclesia
2938 1513 3302 1580 cupientibus,
3335 1512 3469 1566 velle
3500 1518 3549 1562 et
3596 1525 3649 1562 se

2095 1620 2200 1659 una
2245 1604 2559 1674 praescindi.
2615 1603 2788 1672 Quasi
2825 1605 2877 1658 in
2922 1604 3138 1658 illorum
3184 1612 3447 1674 potestate
3475 1602 3561 1663 sit,
3599 1610 3650 1652 ut

2094 1697 2247 1760 libet,
2293 1706 2584 1767 utrumque
2635 1712 2837 1766 agere;
2889 1706 2943 1751 et
2972 1711 3076 1766 qua
3115 1695 3283 1775 velint.
3310 1704 3531 1748 cmteros
3561 1693 3644 1744 du-

2097 1805 2244 1855 cere,
2271 1789 2436 1844 veluti
2469 1790 2759 1860 mancipia,
2785 1789 2994 1844 sublata
3036 1790 3116 1844 eis
3150 1789 3202 1842 in
3234 1797 3441 1841 tantum
3476 1783 3652 1838 volun-

494 1859 702 1926 Quibus
737 1862 981 1930 profecto
1010 1863 1082 1917 ita
1122 1865 1586 1934 contingentibus,
1618 1879 1724 1920 non
1755 1867 1914 1920 modo
1940 1865 1994 1920 in

2099 1883 2226 1937 tatis
2295 1882 2690 1952 sententiaeque
2735 1881 3007 1947 libertate,
3037 1892 3097 1934 ut
3142 1895 3318 1948 neque
3363 1875 3652 1934 centrarias
3693 1893 3700 1908 ι

425 1950 740 2021 integritate
789 1968 818 2006 a
875 1955 1049 2024 capite
1096 1953 1372 2019 Ecclesiae,
1408 1955 1552 2024 quod
1603 1955 1859 2012 Christus
1889 1967 1994 2023 est,

425 2057 531 2095 non
567 2043 830 2098 viviﬁcari
862 2055 917 2099 et
954 2045 1278 2112 coalescere,
1311 2061 1498 2100 verum
1531 2057 1584 2100 et
1615 2049 1755 2112 quod
1799 2049 1998 2104 habere

423 2133 768 2201 videbantur,
794 2137 864 2191 ab
906 2138 1038 2206 ipsis
1081 2137 1286 2192 auferri
1335 2139 1768 2194 contestantibus
1817 2141 1995 2206 rebus,

426 2239 650 2294 necesse
691 2237 796 2282 est.
833 2229 914 2283 Ab
956 2243 1022 2284 eo
1066 2230 1209 2283 enim
1242 2269 1258 2294 ,
1305 2231 1396 2299 qui
1435 2246 1558 2306 Inon
1594 2230 1745 2284 habet
1779 2240 1827 2284 et
1859 2230 1996 2300 quod

424 2316 612 2370 habere
638 2317 865 2386 videtur,
895 2323 1170 2389 auferetur
1196 2321 1260 2372 ab
1287 2335 1346 2374 eo
1375 2321 1442 2374 θ’.

493 2409 812 2478 Propterea,
841 2411 944 2465 etsi
1003 2427 1107 2466 non
1156 2411 1410 2478 pluribus
1443 2427 1507 2466 ex
1561 2413 1720 2468 Patre
1761 2424 1815 2468 et
1861 2413 1999 2470 Filio

425 2501 720 2566 procedere
771 2500 1031 2570 Spiritum
1071 2512 1318 2556 sanctum
1366 2518 1553 2556 verum
1599 2520 1740 2570 esse,
1781 2517 1999 2561 contra.

429 2591 647 2660 riasque
681 2591 920 2646 rationes
970 2593 1103 2646 nihil
1145 2594 1346 2658 dicere,
1386 2603 1662 2648 ostensum
1710 2607 1876 2660 esset,
1913 2614 1998 2654 res

427 2683 545 2750 ipsa
580 2683 835 2738 Ecclesia:
886 2694 1096 2750 tamen,
1147 2693 1204 2737 ut
1233 2685 1438 2738 dictum
1492 2694 1598 2750 est,
1647 2687 1839 2741 dubios
1873 2703 1998 2755 per-

429 2772 662 2840 suadere
715 2771 1021 2838 sufﬁceret,
1073 2763 1365 2844 omniaque
1413 2775 1482 2830 ab
1534 2775 1647 2844 ipsa
1705 2778 1996 2846 declarata,

349 2919 353 2922 _
429 2861 676 2930 singulos
729 2862 866 2916 nihil
922 2864 1242 2917 reluctando
1291 2863 1572 2932 suscipere
1617 2865 1855 2934 deceret,
1901 2870 1996 2924 sed

429 2953 870 3009 Christianorum
902 2955 1144 3009 omnium
1175 2964 1342 3024 caput
1373 2956 1542 3025 ipsam
1582 2957 1913 3024 arbitrando,
1945 2968 2001 3015 et

432 3059 593 3113 quam
630 3047 685 3099 in
737 3045 859 3100 ﬁdei
913 3046 1193 3116 Symbolo,
1227 3063 1413 3112 unam,
1443 3057 1720 3114 sanctam,
1771 3051 2001 3105 catholi-

429 3153 548 3190 cam
579 3149 635 3190 et
667 3137 1018 3207 apostolicam
1053 3138 1348 3194 Ecclesiam
1378 3141 1704 3208 accepimus,
1730 3158 1847 3197 eam
1879 3159 1999 3200 esse

429 3227 744 3292 asserenda,
769 3229 843 3282 ita
869 3230 1196 3284 catholicam
1223 3230 1380 3285 ﬁdem
1409 3235 1706 3300 continere,
1730 3237 1999 3301 conﬁteri,

432 3319 520 3373 illa
555 3321 823 3376 tutissime
872 3321 1123 3387 ducente,
1170 3323 1406 3377 maxime
1451 3325 1497 3378 si
1541 3327 1662 3393 quis
1713 3325 1876 3380 etiam
1929 3327 1997 3382 ad

433 3411 716 3466 nationum
772 3413 1198 3480 multitudinem,
1241 3431 1363 3485 qua:
1401 3417 1545 3471 illam
1600 3421 1867 3488 sequitur,
1915 3421 2000 3475 iu-

436 3510 652 3556 tueatur
681 3520 695 3558 :
729 3503 975 3572 plurimis
1008 3507 1224 3575 quidem
1264 3509 1314 3561 in
1347 3509 1431 3564 his
1463 3510 1693 3565 humana
1724 3526 1787 3567 ac
1821 3511 2001 3566 divina

435 3593 722 3663 sapientia,
771 3603 1035 3666 quantum
1088 3597 1290 3653 homini
1325 3590 1586 3668 possibile
1634 3609 1738 3663 est,
1795 3617 2004 3659 summe

431 3685 846 3751 excellentibus,
879 3687 1129 3758 plurimis
1172 3690 1301 3746 item
1343 3691 1396 3745 in
1428 3681 1608 3748 sacro'
1635 3703 1690 3748 et
1745 3695 2002 3764 religioso

433 3779 618 3834 habitu
653 3794 747 3848 per
794 3780 1122 3836 monasteria
1159 3782 1501 3853 degentibus,
1532 3785 1672 3839 etin
1725 3770 1862 3854 lege
1895 3787 2002 3842 Do-

434 3871 565 3925 mini
599 3871 686 3926 die
720 3885 784 3926 ac
815 3879 975 3927 nocte
1008 3871 1416 3929 meditantibus.
1456 3875 1562 3930 Sed
1604 3887 1781 3932 tamen
1809 3889 1999 3934 osten-

433 3975 555 4016 sum
609 3970 714 4024 est,
769 3961 939 4017 fuisse
988 3970 1223 4031 tempus,
1275 3967 1491 4032 quando
1524 3951 1782 4022 Ecclesiae
1829 3970 1999 4023 nnitae

432 4065 611 4118 erant,
642 4064 697 4109 et
723 4054 844 4110 ﬁdei
881 4054 1198 4126 Symbolum
1246 4060 1387 4128 apud
1423 4059 1582 4114 istam
1613 4060 1910 4130 legebatur,
1942 4072 2003 4117 ut
2039 4099 2043 4103 -

435 4147 593 4200 modo
625 4147 840 4216 legitur.

508 4236 970 4302 Quemadmodum
1026 4240 1196 4311 igitur
1263 4243 1348 4298 his
1391 4242 1484 4312 qui
1540 4242 1715 4312 primo
1749 4243 2000 4300 Ecclesia:

439 4327 679 4381 membra
705 4330 954 4395 gividere
986 4331 1256 4398 volebant,
1289 4341 1338 4388 et
1390 4348 1487 4402 pro
1518 4334 1629 4387 suis
1659 4334 1942 4388 desideriis
1971 4352 2000 4388 a

437 4417 709 4472 ςοιηιιιυίιί
770 4431 913 4477 coetu
975 4422 1232 4476 Ecclesiae
1288 4421 1766 4486 abscindebantut‘,
1823 4425 2001 4480 nullus

441 4520 618 4570 mente
673 4523 728 4566 et
791 4513 1000 4570 ratione
1053 4514 1310 4583 prmditus
1358 4513 1691 4580 consentire,
1735 4515 2004 4583 simulque

437 4613 558 4650 cum
613 4601 716 4670 il'is
745 4602 986 4658 abseindi
1041 4604 1294 4669 voluisse,
1328 4619 1450 4657 cum
1505 4605 1645 4658 nulla
1687 4604 1739 4660 id
1772 4607 2023 4660 rationa-.

437 4687 560 4744 bilis
600 4693 816 4746 occasio
847 4703 1166 4762 suggereret
1201 4710 1214 4746 :
1267 4691 1362 4747 sed
1397 4703 1493 4747 aut
1538 4693 1854 4749 divisionem
1906 4711 2006 4763 po-

437 4777 543 4833 tius
590 4780 851 4850 impedire
896 4783 1238 4848 tentavisset,
1283 4789 1423 4837 sreut
1457 4781 1670 4850 plurimi
1703 4791 1826 4838 tunc
1873 4792 2007 4839 tem-

435 4872 608 4939 poris,
661 4873 767 4953 qui
808 4888 905 4942 pro
961 4873 1191 4928 veritate
1242 4882 1296 4928 ct
1337 4872 1591 4928 Ecclesia:
1624 4875 2007 4931 communione

434 4972 747 5016 steterunt:
786 4972 881 5018 aut
917 4963 1122 5018 malitia
1164 4964 1531 5020 invalescente
1557 4965 1882 5035 ueterisque
1913 4981 2006 5036 per

439 5052 737 5119 praecipitia
763 5055 1039 5119 curulibus,
1065 5058 1184 5122 ipse
1210 5069 1375 5122 super
1407 5062 1614 5123 petram
1645 5063 1816 5121 stans,
1841 5068 2006 5126 atque

439 5142 694 5196 unionem
743 5157 903 5212 quam
955 5144 1072 5197 heri
1106 5152 1161 5198 et
1208 5144 1602 5198 nudiustertius
1633 5159 1754 5202 cum
1793 5149 2006 5202 caeteris

438 5234 658 5288 amabat
702 5243 865 5304 atque
892 5235 1218 5299 honorabat,
1253 5250 1502 5303 servans,
1540 5235 1794 5292 Ecclesia:
1823 5238 2003 5294 unitos

437 5338 581 5381 esset
611 5345 626 5381 :
662 5326 734 5381 ita
769 5337 823 5382 et
852 5343 1016 5394 nunc,
1055 5329 1100 5382 si
1134 5328 1255 5398 quis
1303 5344 1361 5383 se
1411 5316 1584 5393 ipsum
1641 5346 1704 5385 eo
1741 5340 2004 5402 tempore,

436 5437 544 5488 quo
583 5419 838 5476 Ecclesiae
883 5420 1072 5475 divisae
1120 5433 1266 5489 sunt,
1313 5422 1480 5477 fuisse
1536 5424 1766 5492 ﬁngens,
1801 5427 1866 5477 ad
1922 5439 2005 5481 res

436 5527 560 5566 eum
596 5515 806 5570 ratione
837 5513 1113 5583 respiciat,
1139 5513 1298 5567 saluti
1343 5525 1395 5568 et
1438 5517 1714 5571 securitati
1745 5532 1855 5572 suae
1885 5533 2008 5586 pro-

435 5603 691 5670 spiciens,
736 5606 881 5660 nulla
919 5605 1132 5661 ratione
1171 5607 1239 5661 ab
1287 5607 1708 5700 Occidentalium
1765 5609 2004 5665 El-elcsia

510 5787 554 5816 “
576 5786 764 5842 Matth.
795 5805 918 5849 xxv,
956 5788 1046 5840 illi.

2098 1989 2278 2029 rerum
2335 1976 2660 2030 mutationes
2722 1976 2801 2031 eis
2859 1975 3173 2031 discernere
3234 1976 3426 2034 liceat,
3492 1984 3655 2038 neque

2099 2077 2302 2123 rectam
2344 2067 2669 2123 sententiam
2698 2067 2918 2138 eligere,
2943 2080 3226 2137 pravaeque
3254 2064 3526 2132 praeferre.

2169 2180 2357 2238 Nullus
2385 2197 2515 2252 ergo
2547 2181 2652 2236 erit
2687 2191 2792 2236 tam
2827 2181 3048 2252 iniquus
3073 2181 3260 2252 judcx.
3301 2192 3358 2235 ut
3393 2181 3496 2234 illis
3534 2179 3658 2250 qui-

2099 2272 2223 2326 dem
2254 2282 2308 2327 et
2337 2271 2496 2326 saluti
2525 2270 2800 2328 contraria
2829 2271 2993 2327 licere
3033 2272 3254 2342 aggredi
3302 2280 3524 2335 statuat,
3560 2285 3654 2323 ee-

2103 2365 2232 2420 tcris
2261 2373 2442 2418 autem
2487 2363 2652 2418 saluti
2693 2372 2748 2418 et
2773 2363 3054 2418 securitati
3090 2378 3202 2418 suae
3239 2361 3659 2418 consulentibus.

2099 2474 2206 2514 nou
2263 2456 2430 2510 licere
2485 2455 2628 2525 quod
2683 2455 2754 2509 sit
2812 2455 3038 2510 rationis
3093 2456 3318 2524 eligere.
3372 2452 3556 2522 Neque
3593 2452 3663 2505 illi

2099 2546 2341 2616 quidem,
2369 2555 2591 2613 propter
2620 2561 2774 2599 suam
2805 2544 3080 2600 levitatem
3114 2555 3172 2600 et
3217 2545 3662 2602 inconstantiam,

2100 2638 2219 2693 sine
2268 2636 2373 2690 ulla
2428 2635 2636 2690 ratione
2669 2638 2935 2692 unitatem
2985 2638 3317 2702 dividentes,
3365 2637 3666 2705 Opinionem

2101 2715 2403 2797 prudentiae
2438 2726 2744 2792 habebunt;
2796 2727 2887 2798 qui
2942 2743 3068 2782 vero
3111 2727 3254 2783 hanc
3292 2728 3514 2783 omnino
3559 2738 3668 2780 ser-

2100 2834 2231 2874 vare
2275 2817 2577 2886 elegerunt,
2636 2819 2876 2875 deterius
2933 2820 3273 2876 consuluisse
3327 2820 3668 2876 videbuntur.

2105 2910 2273 2966 Multo
2307 2912 2454 2966 enim
2493 2909 2668 2980 magis
2703 2912 2786 2966 his
2817 2912 2907 2981 qui
2946 2913 2998 2966 in
3033 2915 3177 2968 bono
3206 2913 3435 2968 unitatis
3470 2924 3672 2982 perma-

2102 3011 2252 3066 nent,
2288 3002 2402 3057 sive
2433 3003 2598 3056 etiain
2648 3003 2716 3058 ad
2751 3003 2897 3059 illam
2942 3005 3190 3069 redeunt,
3214 3005 3314 3074 jus
3351 3015 3514 3074 atque
3541 3001 3672 3057 ratio

2103 3095 2297 3156 aderit,
2336 3109 2496 3164 quam
2536 3095 2622 3151 his
2661 3095 2753 3165 qui
2803 3107 2991 3151 contra
3023 3111 3183 3151 omne
3234 3096 3324 3153 fas
3358 3108 3676 3162 omnemque

2028 3175 2072 3236 C
2104 3199 2350 3240 normam
2393 3183 2564 3240 divisa
2612 3185 2851 3242 Ecclesia
2897 3187 3260 3242 communiter
3307 3195 3364 3243 et
3409 3183 3673 3256 privatim,

2109 3277 2391 3333 seditionis
2439 3291 2502 3331 ac
2538 3277 2841 3342 divisionis,
2878 3276 3252 3345 malorumque
3301 3267 3544 3330 omnium
3583 3288 3673 3325 au-

2109 3379 2288 3425 Ctorcs
2321 3368 2476 3424 ﬁunt.
2505 3367 2563 3424 Si
2613 3369 2758 3424 enim
2793 3370 2879 3424 his
2909 3369 3072 3424 dividi
3115 3384 3212 3437 pro
3242 3370 3521 3424 voluntate
3549 3366 3674 3421 lice-

2111 3458 2210 3525 bit,
2247 3468 2301 3514 et
2354 3459 2464 3515 illis
2496 3460 2706 3514 ratione
2753 3459 2918 3514 licere
2965 3475 3070 3516 non
3107 3459 3274 3514 dividi
3327 3460 3564 3515 dabitur.
3614 3454 3676 3508 Et

2111 3549 2273 3607 simul
2315 3552 2659 3620 perspicuum
2699 3558 2804 3616 est,
2831 3551 2957 3620 quia
2985 3550 3128 3604 nulla
3169 3551 3412 3620 synodus
3449 3561 3677 3618 unquam

2113 3623 2254 3695 facis
2285 3650 2390 3702 cst,
2429 3639 2482 3694 in
2517 3655 2620 3710 qua
2653 3639 2984 3694 declaratum
3027 3638 3099 3694 sit
3141 3639 3457 3703 Occidentis
3505 3637 3679 3692 Eccle-

2115 3733 2249 3790 siam
2297 3732 2603 3788 lnereticam
2646 3745 2786 3796 esse,
2819 3730 3168 3799 RomanoQue
3200 3730 3472 3800 pontiﬁci,
3512 3727 3681 3784 eccle-

2114 3826 2347 3883 siasticis
2395 3825 2498 3880 sibi
2550 3825 2617 3878 ab
2664 3823 2821 3878 initio
2851 3824 3126 3879 concessis
3174 3823 3477 3893 privilegiis
3523 3818 3680 3888 justis

2114 3921 2189 3975 uti
2225 3935 2331 3974 non
2379 3918 2576 3982 licere;
2605 3932 2780 3986 neque
2811 3916 2913 3982 illi,
2944 3915 3097 3985 juxta
3130 3915 3395 3971 Ecclesia:
3432 3914 3681 3985 antiquas

2114 4011 2447 4073 sanctiones,
2475 4023 2667 4064 omnes
2690 4007 2913 4063 obedire
2949 4016 3219 4076 oportere.

2185 4121 2283 4178 Est
2311 4137 2442 4192 ergo
2465 4120 2840 4176 irrationabile
2879 4129 2933 4176 et
2966 4119 3460 4186 inconsideratum,
3489 4118 3684 4174 discis-

2112 4214 2322 4270 sionem
2385 4212 2529 4267 nulla
2580 4212 2848 4283 probabili
2907 4213 3118 4268 ratione
3165 4213 3457 4277 suadente,
3515 4225 3686 4280 neque

2112 4303 2320 4375 synodo
2373 4302 2480 4356 ulla
2538 4313 2730 4356 contra
2785 4302 2930 4356 illam
2981 4303 3280 4358 Ecclesiam
3332 4304 3444 4359 ullo
3476 4304 3529 4357 in
3570 4302 3686 4356 loco

2106 4395 2431 4452 sententiam
2458 4395 2698 4460 ferente;
2725 4408 2817 4449 eos
2849 4395 3021 4464 sequi,
3052 4410 3189 4464 quos
3220 4395 3478 4449 voluntas
3502 4404 3558 4449 et
3590 4406 3684 4446 sua

2035 4515 2082 4573 ο
2109 4487 2300 4542 levitas
2333 4487 2676 4550 circumfert,
2709 4486 2951 4554 nihilque
2986 4486 3223 4540 validum
3265 4502 3332 4542 ac
3365 4483 3688 4541 rationabile

2110 4579 2372 4644 infcrttnt,
2425 4579 2534 4632 imo
2571 4587 2624 4632 ct
2663 4576 2896 4647 plurima
2929 4577 3149 4647 quidem
3201 4577 3350 4644 ﬁdei,
3384 4577 3686 4632 eatholico-
3717 4647 3727 4653 _

2109 4685 2338 4738 rumque
2372 4668 2676 4731 doctorum,
2733 4681 2797 4722 ex
2837 4668 3108 4736 superﬂua
3147 4678 3200 4722 et
3254 4667 3402 4722 fatua
3460 4675 3687 4722 conten-

2111 4759 2282 4824 tione,
2311 4758 2507 4827 partim
2541 4757 2822 4824 auferunt,
2848 4758 3043 4828 partim
3073 4767 3262 4813 contra
3303 4759 3519 4827 seipsos
3555 4772 3685 4811 con-

2111 4851 2249 4907 ﬁtcri
2282 4859 2571 4918 coguntur.
2625 4851 2917 4907 Enimvero
2949 4851 3092 4920 quod
3125 4861 3318 4920 putant
3364 4851 3480 4916 isti,
3514 4848 3684 4920 pluri-

2110 4959 2229 5000 mos
2260 4943 2629 4999 contentionis
2661 4957 2772 4998 sua:
2815 4944 2994 4998 socios
3027 4944 3312 5012 cpisc0pos
3368 4945 3684 5010 Opinionem

2110 5052 2265 5093 suam
2295 5036 2429 5091 satis
2453 5035 2739 5100 roborare,
2765 5035 3050 5090 ridiculum
3073 5047 3154 5092 est
3188 5054 3201 5090 :
3230 5035 3385 5106 quasi
3417 5051 3527 5090 non
3550 5031 3688 5104 apud

2111 5127 2409 5181 Romanam
2443 5115 2738 5182 Ecclesiam
2771 5126 3010 5194 episcopi
3038 5126 3204 5182 tutius
3241 5126 3394 5180 orbis
3425 5126 3686 5179 ordinen-

2111 5226 2219 5282 tur,
2255 5217 2344 5286 qui
2398 5216 2478 5270 vel
2531 5214 2839 5271 nominibus
2884 5216 3028 5285 ipsas
3073 5216 3363 5286 dignitates
3393 5224 3682 5277 exornent,

2110 5307 2354 5364 Ecclesia
2423 5309 2702 5378 antiquum
2765 5307 3010 5362 ordinem
3089 5322 3186 5374 per
3253 5307 3438 5363 omnia
3504 5317 3685 5360 custo-

2109 5403 2306 5456 diente.

2188 5515 2360 5571 Porro
2400 5516 2443 5570 si
2479 5515 2620 5584 quis,
2654 5515 2794 5585 quod
2837 5514 2950 5569 loca
2986 5515 3098 5582 ipsa
3132 5527 3234 5567 non
3265 5520 3512 5575 teneant,
3549 5509 3687 5577 obji-

2087 5623 2235 5690 Iccre
2268 5609 2416 5676 velit,
2450 5607 2681 5677 primum
2725 5606 2941 5676 quidem
2979 5620 3080 5661 non
3129 5618 3191 5659 ex
3231 5602 3347 5658 loco
3386 5598 3689 5658 Sacerdotis
