4052 6424
316 366 452 459 ,253

1388 375 1792 469 ADVERSUS
1825 377 2145 444 Gnaeos
2179 382 2325 447 LIB.
2367 385 2473 448 1v.

3483 389 3591 454 2'14

341 479 578 551 dignitas
602 481 929 536 habentibus
952 468 1231 550 provenit;
1259 485 1413 541 aliter
1441 488 1585 543 enim
1611 499 1665 544 et
1688 491 1778 560 qui
1810 491 1894 545 ist:

2015 497 2501 569 lum‘pertinaciter
2519 496 2823 568 hujusmodi
2854 498 3065 556 veritati
3090 500 3356 555 indicere:
3375 499 3588 567 Quanta

340 572 550 636 dicunt,
589 586 720 626 suos
748 572 1032 641 episcotios
1060 574 1266 640 tollent,
1317 577 1407 647 qui
1446 579 1752 635 nominibus
1776 581 1910 636 solis

339 664 689 732 participant,
743 665 904 720 rebus
956 666 1149 735 privati
1185 684 1202 727 ;
1240 667 1511 739 simulque
1554 672 1623 726 ab
1668 671 1759 726 illo
1788 674 1906 743 epi-

339 761 620 821 scopatum
654 753 932 822 consequi,
970 769 999 807 a
1044 770 1151 825 quo
1183 766 1237 810 et
1278 757 1399 811 aliis
1428 759 1683 815 omnibus
1716 776 1904 816 sacer-

326 842 473 897 dotii
502 840 736 910 dignitas
779 855 881 907 est,
918 854 1089 899 totum
1126 845 1372 914 profecto
1398 850 1557 904 valet.
1604 849 1812 922 Deinde
1851 862 1906 907 et

336 936 427 1002 qui
463 935 707 987 videntur
738 937 949 991 tbrouis
975 939 1285 1007 praesidere,
1325 955 1354 993 a
1383 940 1581 1010 quibus
1614 927 1906 998 nominan-

336 1036 446 1090 tur,
488 1025 805 1094 dignitatem
844 1027 976 1082 solis
1024 1030 1334 1099 nominibus
1370 1033 1491 1087 sine
1541 1035 1705 1089 rebus
1748 1036 1910 1089 ador-

335 1126 486 1181 nant,
511 1130 632 1168 cum
675 1115 928 1173 civitates
959 1118 1087 1188 ipsa:
1138 1131 1264 1176 ante
1304 1121 1598 1191 plurimum
1649 1127 1908 1193 temporis

332 1207 401 1259 ab
432 1204 734 1262 inﬁdelibus
757 1217 925 1277 captae
962 1224 1028 1266 ac
1064 1212 1164 1267 sub
1191 1213 1382 1284 jugutu
1424 1215 1603 1271 missa
1638 1225 1784 1272 sunt.
1825 1217 1905 1272 Ex

333 1314 442 1367 quo
499 1300 555 1351 tit
615 1309 675 1353 ut
740 1301 1015 1371 imperitia
1069 1305 1293 1385 sensim,
1351 1315 1407 1361 et
1458 1308 1794 1377 rusticitate,
1854 1317 1909 1365 et

330 1402 526 1443 cetera
588 1404 797 1447 morum
853 1394 1205 1464 corruptione
1249 1406 1553 1462 crescente,
1585 1413 1652 1454 ne
1695 1400 1905 1471 simpli-

335 1485 806 1565 cissitnaquidenl
858 1485 980 1540 ﬁdei
1013 1489 1153 1557 apud
1179 1487 1303 1544 illos
1331 1492 1637 1546 rudimenta
1674 1507 1907 1548 noscan-

329 1587 420 1627 tur
439 1617 453 1641 ,
486 1576 806 1647 nomint-que
831 1576 1032 1645 potius,
1061 1592 1222 1649 quam
1252 1595 1309 1634 re
1334 1581 1628 1637 Christiani
1660 1581 1732 1637 ibi
1767 1584 1904 1639 sint.

401 1668 454 1721 Si
490 1668 649 1736 igitur
676 1669 777 1735 hos
827 1669 1028 1726 habere
1067 1672 1365 1729 concordes
1399 1689 1655 1745 magnum
1698 1675 1900 1746 aliquid

329 1759 397 1811 ad
431 1759 750 1813 divisionem
778 1759 952 1827 valet;
981 1768 1035 1817 et
1068 1760 1383 1820 Occidentis
1415 1764 1660 1821 Ecclesia
1707 1767 1906 1822 nihilo-

2009 588 2208 645 divinae
2235 590 2623 662 indignationis
2659 591 3095 649 animadversio?
3122 603 3324 662 quanta
3361 594 3588 647 damna-

2010 679 2081 736 tis
2113 680 2198 736 his
2223 681 2316 749 qui
2350 691 2605 740 auctores
2635 681 2890 737 falsitatis
2919 682 3353 752 praecesserunt?
3378 694 3585 753 quanta

2010 772 2140 828 item
2169 776 2527 844 sequentibus
2555 775 2835 830 inferenda
2869 775 2990 831 est?
3016 775 3108 845 qui
3136 788 3402 844 quantum
3445 774 3498 827 in
3529 788 3588 830 se

2010 873 2116 930 est,
2167 878 2457 920 commune
2507 880 2709 937 corpus
2765 866 3029 921 Ecclesia:
3090 865 3359 930 dividunt,
3415 879 3587 932 seque
3672 868 3677 873 “

2009 956 2160 1026 ipsos
2212 956 2396 1011 lacera
2432 955 2692 1012 Ecclesia:
2736 957 2976 1013 membra
3013 957 3351 1013 constituunt
3396 974 3410 1011 ε
3460 957 3584 1011 N’on

2007 1046 2182 1102 solum
2235 1048 2396 1111 enim,
2452 1049 2648 1119 inquit,
2681 1050 2772 1118 qui
2820 1049 2965 1103 inata
3017 1048 3359 1120 τράπωμαι
3398 1057 3450 1103 et
3493 1049 3585 1117 qui

2006 1140 2165 1193 malis
2215 1140 2569 1206 consentiunt,
2623 1140 2775 1212 digni
2825 1148 2951 1197 sunt
3001 1150 3168 1195 marte
3198 1141 3269 1196 ’³.
3325 1138 3460 1193 Nam
3515 1142 3584 1194 de

2009 1231 2181 1284 otioso
2229 1231 2382 1285 verba
2432 1232 2696 1285 rationem
2747 1230 3010 1286 reddituri
3050 1228 3344 1285 sumus“:
3380 1239 3437 1283 et
3467 1229 3584 1282 sine

2007 1322 2114 1397 fide
2163 1323 2409 1392 possibile
2457 1339 2560 1397 non
2595 1333 2671 1378 est
2700 1324 2911 1394 placere
2962 1323 3094 1391 Deo,
3143 1333 3202 1377 ut
3249 1323 3341 1377 ait
3373 1322 3580 1376 Paulus

2007 1394 2282 1485 apostolus
2322 1415 2391 1471 π.
2443 1394 2510 1468 Et
2553 1413 2727 1469 caecus
2775 1416 2822 1470 si
2869 1430 3066 1469 circum
3111 1413 3293 1473 ducat,
3336 1411 3486 1466 ambo
3522 1411 3579 1463 in

2010 1508 2214 1575 foveam
2245 1506 2548 1572 cadunt“;
2579 1516 2839 1576 quantum
2892 1506 2947 1561 in
2994 1502 3302 1575 hujusmodi
3339 1500 3582 1557 caecitate

2011 1595 2318 1669 periculum
2359 1597 2467 1653 illis
2502 1612 2625 1651 esse
2663 1597 3019 1660 arbitramur,
3062 1597 3151 1666 qui
3185 1605 3332 1651 tanta
3363 1595 3583 1649 levitate

2007 1691 2281 1755 feruntur,
2314 1703 2378 1743 ac
2414 1689 2650 1742 maxime
2679 1688 2919 1758 pvzelatis
2948 1687 3226 1753 Ecclesiae,
3267 1701 3401 1755 quos
3435 1686 3580 1756 vigi-

2009 1782 2139 1838 lare-
2154 1796 2251 1852 pro
2291 1780 2415 1835 aliis
2445 1778 2643 1833 Paulus
2681 1778 2911 1843 monuit,
2959 1787 3147 1848 utpote
3180 1777 3446 1831 rationem
3479 1791 3580 1847 pro

329 1850 508 1904 minus
546 1856 762 1904 eosdem
818 1867 916 1922 pro
964 1867 1024 1910 se
1073 1855 1334 1924 proteret,
1386 1867 1555 1928 atque
1601 1874 1667 1915 eo
1710 1862 1894 1932 magis;

2007 1875 2114 1931 illis
2156 1850 2471 1928 reddituros
2508 1871 2556 1903 ’⁷
2596 1885 2611 1924 :
2647 1879 2700 1924 et
2747 1884 2775 1923 a
2809 1869 3026 1938 quibus,
3075 1870 3179 1925 nisi
3219 1869 3576 1940 vigilaverint,

328 1956 439 2010 quo
469 1949 522 1995 et
556 1941 807 1998 doctores
848 1959 1034 2000 sacros
1063 1961 1161 2016 pro
1197 1963 1255 2003 se
1290 1947 1535 2006 habent:
1576 1959 1630 2006 et
1665 1951 1768 2021 ipsi
1806 1968 1902 2022 per

328 2047 410 2096 se,
447 2031 515 2086 de
543 2032 740 2101 quibus
788 2032 1095 2103 culpantur,
1128 2038 1391 2094 rationem
1450 2038 1616 2097 facile
1670 2043 1901 2098 reddere

327 2132 598 2192 possunt:
633 2126 891 2193 quocirca
934 2114 1091 2183 nemo
1125 2144 1237 2185 suae
1264 2130 1456 2188 salutis
1496 2133 1712 2198 avidus,
1736 2133 1902 2205 eliget

334 2230 444 2268 una
480 2231 599 2270 cum
646 2218 757 2274 suis
807 2215 999 2286 dividi,
1050 2220 1247 2290 partim
1297 2222 1517 2293 quidem
1573 2238 1895 2295 persuasum

332 2304 558 2371 habens,
600 2303 854 2362 Ecclesiae
898 2322 994 2378 per
1019 2310 1200 2365 omnia
1231 2311 1714 2384 obtemperantium
1750 2330 1896 2382 esse,

298 2407 386 2475 _et
435 2398 525 2464 qui
561 2412 664 2452 non
699 2388 1210 2470 obtemperetfeum
1262 2403 1407 2459 inter
1452 2406 1704 2463 ethnicos
1732 2407 1899 2477 proji-

333 2489 617 2555 ciendum;
675 2492 875 2560 partim
937 2505 1086 2556 vero,
1144 2494 1544 2563 confessionem
1597 2497 1666 2553 de
1713 2501 1893 2556 sancti

345 2580 565 2648 Spiritus
599 2584 948 2652 processione
973 2599 1039 2640 ex
1085 2583 1248 2642 Patre
1271 2595 1327 2643 et
1356 2587 1524 2653 Filio,
1552 2590 1801 2659 plurimis
1826 2608 1897 2648 ex

343 2671 472 2725 locis
496 2687 666 2728 veram
697 2688 840 2743 esse,
881 2684 938 2731 et
966 2676 1132 2734 saluti
1164 2679 1521 2737 necessariam
1547 2681 1895 2741 animadver-

336 2775 472 2819 I805.

402 2855 607 2922 Quibus
640 2860 911 2916 veraciter
934 2876 1000 2919 ac
1028 2862 1259 2921 ﬁrmiter
1293 2864 1576 2935 subjectis,
1617 2883 1893 2940 nunquam

332 2948 575 3017 profecto
605 2952 749 3007 circa
792 2954 1069 3035 exteriora
1117 2957 1426 3013 turbabitur
1459 2960 1621 3030 hujus
1647 2961 1894 3018 veritatis

326 3040 621 3096 studiosus.
662 3042 800 3100 Aliis
839 3034 1056 3115 quidem
1086 3055 1306 3117 propter
1339 3034 1784 3110 consuetudinem
1821 3056 1890 3109 ab

2000 1966 2230 2023 aliorum
2284 1962 2528 2034 sanguis,
2569 1962 2723 2033 juxta
2773 1962 3070 2033 Scriptum
3108 1963 3454 2026 sententiam,
3487 1976 3550 2018 re

2001 2059 2252 2128 quiretur
2281 2055 2371 2108 ⁸θῖ
2472 2072 2485 2083 '
2530 2074 2533 2081 '

2072 2147 2446 2220 Recogitanda
2486 2149 2614 2205 item
2649 2155 2734 2204 est
2765 2146 3083 2203 Scribarum
3141 2144 3575 2200 Pharisaeorum~

2000 2255 2110 2311 que
2139 2240 2555 2305 condemnatio;
2595 2240 2738 2309 quod
2767 2251 2943 2307 neque
2976 2237 3074 2307 ipsi
3108 2235 3570 2306 ingrediebantur,
3670 2292 3681 2297 ,

1999 2342 2057 2389 et
2101 2333 2193 2404 qui
2242 2331 2536 2387 voluissent
2569 2330 2803 2401 ingredi,
2851 2329 2995 2384 viam
3032 2327 3277 2383 veritatis
3320 2325 3576 2395 prohibe-

1997 2423 2224 2480 bant”.
2276 2422 2334 2477 Si
2369 2432 2549 2477 autem
2592 2421 3026 2492 Chrysostomus
3070 2417 3418 2474 beatissimus
3471 2431 3572 2486 pro

1998 2511 2176 2567 viduae
2212 2510 2335 2582 jure
2367 2512 2421 2566 in
2478 2518 2687 2565 tantum
2740 2519 2929 2565 contra
2988 2506 3220 2578 injurias
3267 2506 3597 2574 potentium.

1998 2604 2258 2674 perstitit,
2304 2614 2365 2658 ut
2415 2611 2470 2658 et
2523 2604 2653 2657 sede
2691 2609 2747 2656 et
2803 2601 3024 2656 civitate
3073 2599 3366 2669 fugaretur,
3410 2597 3568 2668 quasi

1997 2696 2266 2766 quispiam
2329 2693 2551 2769 iniquus
2579 2701 2633 2747 et
2667 2691 2911 2761 perditus
2945 2706 2962 2748 :
3010 2690 3284 2760 quomodo
3317 2704 3425 2743 non
3470 2702 3569 2758 pro

1994 2785 2119 2857 jure
2172 2784 2417 2840 veritatis
2467 2799 2533 2838 ac
2585 2782 2707 2838 ﬁdei
2766 2782 2948 2836 omnia
2998 2790 3054 2835 et
3105 2781 3287 2836 facere
3345 2787 3403 2835 et
3453 2778 3566 2849 pati

1999 2885 2246 2949 prompte
2278 2885 2331 2932 et
2357 2875 2617 2931 alacriter
2643 2873 2942 2930 convenit?
2984 2873 3120 2942 imo,
3156 2871 3429 2942 quomodo
3460 2885 3568 2925 non

1997 2968 2201 3025 imitari
2225 2968 2382 3023 decet
2403 2978 2657 3023 sanctum
2696 2965 3078 3030 Athanasium,
3106 2965 3196 3033 qui
3233 2978 3355 3018 cum
3383 2978 3482 3033 per
3510 2963 3577 3017 id'

1998 3060 2262 3127 temporis
2304 3059 2520 3123 Oriens,
2568 3067 2732 3127 atque
2781 3057 3051 3114 Occidens
3077 3056 3143 3111 de
3170 3056 3566 3110 substantiw'et

326 3130 486 3183 initio
527 3133 836 3198 concessis;
887 3132 1009 3190 aliis
1055 3149 1180 3190 vero
1210 3137 1337 3191 item
1377 3136 1700 3203 immutatis,
1747 3139 1890 3194 sicut

1998 3167 2231 3221 personm
2278 3152 2507 3207 nomine
2523 3152 2899 3216 contenderet,
2933 3149 3127 3217 hisque
3166 3147 3388 3218 syllabis
3431 3146 3568 3202 ﬁnes

326 3234 383 3278 et
422 3224 477 3279 in
519 3224 725 3295 legibus
751 3226 1004 3284 civilibus
1041 3230 1326 3300 contingit,
1357 3231 1482 3285 ideo
1524 3231 1668 3301 quod
1688 3246 1896 3288 secun-

327 3315 458 3369 dum
489 3325 728 3386 tempora
758 3317 894 3373 alias
922 3318 1079 3374 aliter
1106 3318 1313 3388 aliquid
1340 3320 1572 3389 eluceat,
1605 3325 1749 3392 quod
1782 3325 1892 3381 rei-

326 3406 558 3477 publicae
587 3409 857 3479 expediat.
891 3407 1043 3466 Sicut
1067 3412 1235 3467 etiam
1264 3415 1457 3468 medici
1488 3415 1703 3470 vivendi
1726 3400 1894 3471 ratio-

327 3513 455 3554 nem
490 3498 623 3554 alias
649 3500 808 3553 aliam
835 3510 1103 3569 statuunt,
1136 3512 1195 3557 ut
1224 3503 1329 3560 illis
1351 3519 1440 3560 ars
1490 3520 1588 3574 pro
1624 3508 1890 3562 utentium

327 3588 560 3645 utilitate
608 3589 917 3646 dictaverit.
971 3591 1098 3646 llaec
1147 3603 1328 3650 autem
1384 3596 1586 3651 nullam
1626 3598 1893 3653 inducunt

326 3679 453 3735 ﬁdei
492 3682 910 3752 corruptionem.
950 3680 1141 3758 Nullus
1190 3686 1334 3740 enim
1385 3687 1624 3757 unquam
1668 3698 1892 3760 propter

323 3771 596 3827 exteriora
622 3773 751 3839 ista,
777 3774 1184 3843 quomodolibet
1214 3791 1273 3832 se
1298 3778 1553 3845 habeant,
1579 3780 1696 3835 sive
1723 3781 1888 3836 etiam

323 3878 548 3936 propter
580 3868 1022 3925 consuetudinem
1069 3871 1304 3942 aliquam
1351 3884 1412 3929 ut
1439 3875 1727 3933 haereticus
1755 3874 1891 3931 insi-

323 3959 559 4015 mulatus
590 3968 692 4014 est.

392 4050 560 4120 igitur
598 4069 720 4108 cum
752 4055 1078 4111 sententiam
1110 4057 1177 4113 de
1219 4066 1411 4114 sancto
1442 4058 1648 4128 Spiritu
1703 4058 1776 4114 ita
1822 4071 1887 4116 se

322 4140 546 4208 habere,
591 4153 648 4198 ut
670 4145 844 4209 sentit
887 4146 1251 4213 Occidentalis
1307 4148 1575 4214 Ecclesia,
1637 4148 1887 4220 plurimis

286 4230 622 4288 "rationibus
651 4246 930 4291 ostensum
957 4237 1050 4302 sit,
1071 4237 1275 4307 justum
1308 4240 1551 4307 profecto
1579 4255 1686 4295 non
1717 4250 1823 4306 est,
1853 4255 1883 4294 a

323 4324 498 4389 capite
541 4325 699 4379 veluti
728 4325 1044 4393 languente,
1086 4330 1233 4398 ipsos
1263 4331 1494 4399 primum
1539 4332 1683 4385 circa
1721 4330 1880 4386 ﬁdem

1997 3254 2157 3301 terra:
2185 3243 2368 3299 collidi
2401 3243 2863 3312 periclitarentur,
2897 3239 3130 3294 medium
3176 3252 3237 3293 se
3279 3236 3565 3307 objiciens,

1995 3344 2260 3402 utrosque
2297 3332 2550 3402 placavit,
2587 3330 2872 3400 indignum
2903 3337 3099 3399 putans
3146 3341 3240 3382 eos
3288 3324 3356 3381 de
3385 3326 3589 3380 nomi-,

1995 3424 2156 3479 uibus
2209 3422 2516 3491 digladiari,
2552 3435 2673 3489 qua:
2724 3418 2794 3473 ad
2844 3417 3088 3473 eamdem
3148 3414 3561 3486 intelligentiam

1992 3518 2195 3582 ierunt,
2221 3514 2325 3571 etsi
2356 3513 2799 3584 pronuntiatione
2814 3509 3045 3566 differre
3072 3509 3381 3564 videantur.
3407 3508 3564 3574 Quod
3622 3542 3623 3545 η

1992 3606 2043 3662 si
2085 3588 2283 3676 praeter
2325 3604 2666 3660 dilectionem
2724 3601 2993 3656 tradidero
3038 3615 3231 3668 corpus
3264 3614 3462 3662 meum,
3505 3606 3567 3652 ut

1995 3698 2209 3762 ardeat,
2242 3697 2374 3752 nihil
2401 3695 2532 3751 mihi
2570 3694 2785 3764 prodest
2809 3694 2857 3758 ‘,
2893 3699 2947 3747 et
2974 3705 3095 3760 quas
3125 3690 3238 3744 iliic
3276 3689 3344 3743 de
3383 3686 3566 3743 chari-

1995 3801 2108 3847 tate
2132 3791 2270 3846 dixit
2297 3787 2592 3858 Apostolus
2617 3803 2632 3840 :
2673 3783 2948 3856 quomodo
2975 3790 3151 3838 tutum
3181 3794 3310 3835 esse
3342 3779 3562 3847 poterit,

1991 3883 2079 3939 his
2111 3884 2206 3952 qui
2243 3892 2273 3934 a
2308 3878 2745 3934 Christianorum
2771 3887 2936 3944 grege
2961 3885 3069 3926 non
3108 3870 3284 3926 solum
3316 3869 3568 3922 dividun-

1993 3985 2103 4040 tur,
2129 3986 2316 4035 veruin
2348 3978 2404 4026 et
2444 3969 2513 4024 de
2542 3967 2646 4023 ﬁde
2683 3975 2873 4023 contra
2904 3978 3123 4019 omnem
3156 3962 3423 4017 rationem
3461 3960 3565 4016 iui-

1991 4065 2286 4121 micissime
2329 4061 2400 4117 ab
2434 4059 2518 4115 eis
2555 4057 2863 4115 dissident?

2062 4156 2328 4223 Utrinqne
2352 4152 2531 4225 igitur,
2562 4163 2659 4217 pro
2687 4151 2937 4211 veritate,
2964 4162 3171 4218 proque
3200 4154 3385 4201 nostra
3419 4144 3563 4213 ipso-

1987 4265 2105 4305 rum
2133 4245 2442 4320 securitate,
2457 4245 2602 4299 circa
2622 4242 2675 4296 id
2699 4242 2844 4311 quod
2891 4241 3304 4310 expcdit,ontne
3323 4237 3562 4293 studium

1984 4351 2307 4406 omnemque
2334 4333 2668 4404 diligentiam
2697 4334 2986 4388 ostendere
3018 4342 3244 4385 necesse
3265 4337 3349 4384 est
3381 4345 3396 4381 :
3431 4327 3563 4381 nihil

323 4422 651 4482 atgrotantes
693 4419 1007 4486 praescindi,
1045 4430 1209 4489 atque
1257 4420 1331 4475 ita
1375 4422 1443 4474 de
1484 4423 1735 4477 maximis
1767 4424 1885 4477 sine
1914 4420 2288 4485 Dinventioni
2336 4425 2448 4480 veri
2506 4423 2886 4495 prmierendo,
2939 4435 3115 4491 neque
3167 4421 3220 4474 id
3285 4417 3562 4488 patiendo,

298 4499 529 4588 f'rationc
578 4508 898 4576 periclitari.
931 4508 1125 4565 Mirum
1176 4512 1322 4567 enim
1354 4520 1459 4577 est,
1492 4512 1536 4567 si
1585 4514 1706 4583 quis
1748 4514 1886 4570 adeo

217 4584 239 4604 ’
304 4585 392 4646 isit
436 4596 631 4662 audax,
679 4606 739 4651 ut
770 4612 895 4652 cum
930 4607 1079 4654 tanta
1131 4601 1264 4665 sint,
1307 4616 1427 4671 qua:
1473 4605 1543 4657 ad
1595 4604 1881 4658 utilitatem

260 4732 267 4735 _
319 4685 664 4755 compellunt,
711 4687 827 4756 Ipse
861 4704 968 4744 non
1001 4689 1179 4747 solum
1213 4691 1405 4758 dividi,
1448 4694 1543 4749 sed
1576 4702 1629 4748 et
1662 4694 1883 4764 opinio-

318 4790 415 4830 nes
444 4777 679 4833 maxime
705 4780 1011 4836 contrarias
1037 4782 1254 4850 tuendo,
1283 4783 1352 4841 de
1392 4800 1491 4840 sua
1535 4786 1714 4841 salute
1761 4798 1883 4855 spe-

320 4881 442 4922 rare
474 4870 693 4924 audeat.
738 4869 1045 4927 Suﬁiciehat
1086 4873 1231 4930 enim
1264 4876 1334 4930 ad
1384 4874 1706 4945 periculum,
1754 4890 1884 4946 pro-

318 4968 441 5030 pter
487 4961 820 5030 superbiam,
874 4964 957 5019 vel
1011 4964 1171 5020 aliam
1230 4965 1524 5037 quamlibet
1574 4965 1882 5034 huiusmodi

318 5066 537 5106 causam
565 5052 824 5108 Ecclesia:
851 5069 956 5109 non
991 5056 1449 5126 obtemperando,
1481 5056 1549 5111 ab
1585 5058 1699 5126 ipsa
1723 5072 1886 5127 sepa-

248 5136 251 5137 ⁷
319 5141 452 5195 rari.
512 5141 585 5196 At
629 5158 785 5210 vero,
835 5147 900 5200 de
931 5147 1280 5215 processione
1324 5147 1499 5203 sancti
1539 5148 1776 5217 Spiritus
1814 5148 1884 5204 ab

319 5231 433 5301 ipsa
461 5234 857 5307 dissentiendo,
879 5248 1100 5309 propter
1130 5239 1269 5294 hanc
1297 5241 1533 5295 maxime
1557 5235 1881 5296 sententiam

318 5324 523 5391 dividi;
569 5341 731 5394 quam
764 5327 855 5395 qui
904 5337 1085 5399 negat,
1129 5343 1353 5386 necesse
1391 5339 1476 5386 est
1526 5341 1582 5388 ut
1625 5332 1880 5399 plurima,

319 5432 434 5487 qua:
461 5418 527 5474 de
557 5418 666 5475 ﬁde
704 5437 964 5476 concessa
1014 5432 1162 5487 sunt,
1196 5423 1361 5478 simul
1414 5433 1591 5494 neget,
1628 5436 1688 5479 ut
1715 5439 1880 5493 supe-

321 5508 429 5564 rius
459 5520 819 5578 monstratum
852 5525 953 5580 est,
988 5523 1041 5568 et
1083 5529 1177 5583 per
1208 5515 1350 5569 hanc
1400 5515 1721 5570 divisionem
1770 5517 1887 5572 bel-

382 5715 427 5747 ’³
449 5717 692 5791 Rom.__t,
728 5717 818 5791 3‘2.
892 5719 937 5750 ⁸³
968 5717 1158 5791 Matth.
1192 5737 1288 5781 xtl.
1312 5719 1403 5774 56.
1478 5722 1525 5791 δη
1549 5721 1710 5777 llebr.
1753 5734 1824 5791 st,
1850 5722 1905 5779 6.

315 5782 399 5839 ΞΟ.
477 5788 529 5820 ⁸⁸
598 5786 787 5842 Matth.
852 5804 1009 5852 χχιιι.
1068 5790 1149 5845 i3.
1232 5795 1245 5822 ¹
1281 5791 1299 5845 ι
1335 5782 1611 5854 Cu‘r.‘xm.
1652 5795 1708 5848 5.

1990 4521 2134 4592 quod
2188 4518 2484 4589 multi,qui
2538 4518 2809 4571 exteriora
2863 4512 3201 4569 incommoda
3259 4520 3316 4567 et
3365 4512 3605 4577 damna\

1992 4614 2421 4684 pertimescunt,
2467 4618 2631 4676 atque
2664 4607 2807 4673 ideo,
2860 4614 3050 4661 contra
3107 4603 3336 4658 salutem
3402 4616 3560 4656 suam

1992 4706 2226 4761 scientes
2277 4715 2343 4756 ac
2387 4701 2678 4770 prudentes
2712 4706 2965 4767 pergunt,
3002 4693 3356 4749 stolidissime
3406 4705 3561 4752 sane.

1990 4793 2272 4849 vilissimis
2317 4795 2481 4846 rebus
2517 4799 2720 4844 tantam
2762 4803 2900 4852 rem,
2929 4785 3564 4856 adeoque‘necessariam

1993 4883 2319 4952 prodentes,
2372 4879 2528 4946 quasi
2590 4879 2697 4932 Deo
2746 4877 2910 4931 etiam
2973 4876 3120 4930 vires
3168 4883 3385 4929 nostras
3431 4872 3562 4928 aﬁ'e-

1991 4980 2221 5040 etusque
2275 4968 2453 5022 cordis
2508 4967 2820 5036 ignorante;
2885 4964 2982 5020 sed
3039 4963 3181 5019 uitro
3237 4964 3415 5032 potius
3465 4977 3564 5016 nos

1991 5059 2324 5129 ingerendo,
2374 5067 2539 5127 atque
2593 5057 2659 5111 ad
2710 5058 2848 5112 alios
2887 5055 3317 5125 proﬁciscendo,
3353 5053 3400 5108 si
3434 5054 3564 5123 quid
3609 5070 3619 5078 ’

1992 5153 2132 5207 l'orte
2161 5152 2229 5206 de
2258 5159 2409 5206 tanta
2442 5165 2499 5205 re
2519 5151 2801 5205 commode
2830 5147 3073 5219 proferre
3101 5149 3329 5217 possint.
3430 5182 3473 5217 ἐς

2006 5282 2009 5285 λ
2060 5243 2220 5299 Omni
2257 5244 2422 5313 igitur
2455 5241 2841 5312 anticipatione
2880 5241 3058 5304 liberi,
3095 5250 3259 5309 atque
3296 5241 3367 5295 ab
3413 5239 3563 5294 omni

1996 5335 2357 5391 contentionis
2407 5332 2537 5388 vitio
2595 5333 2807 5397 remoti,
2845 5331 3077 5401 fretique
3126 5332 3216 5385 Dei
3269 5330 3561 5400 adjutorio,

1996 5429 2132 5482 nihil
2159 5427 2478 5483 omittamus
2508 5426 2802 5494 diligentiae
2833 5444 2847 5481 :
2887 5427 3133 5493 iniquum
3192 5437 3325 5476 sane
3376 5420 3561 5475 existi-

1993 5529 2222 5588 mantus,
2252 5520 2470 5574 humani
2504 5518 2742 5587 quidem,
2792 5519 2923 5573 lucri
2971 5518 3163 5589 gratia,
3192 5515 3363 5580 ,longa
3390 5510 3562 5565 maris

1986 5724 2031 5755 ’⁸
2056 5721 2244 5777 Matth.
2278 5738 2365 5789 xv,
2405 5723 2487 5777 li.
2567 5723 2609 5755 "
2642 5721 2802 5775 lichr.
2866 5722 2987 5787 xiii,
3026 5718 3087 5769 7.‘
3156 5715 3201 5745 ’⁸
3239 5712 3435 5768 Ειςςίι-
3471 5725 3556 5774 Illi
