4052 6466
342 370 440 434 257

1078 370 1179 430 DE
1222 356 1596 439 ESSENTIA
1632 371 1729 432 ET
1764 370 2274 436 orenti'rtous.
2303 396 2371 407 —
2395 370 2820 434 PRIEFATIO.

3460 373 3570 440 258

404 482 582 554 Neque
619 484 827 554 justum
877 496 997 539 esse
1039 484 1368 553 putavimus,
1402 485 1516 539 sive
1568 484 1892 555 indulgendo
1927 494 1968 546 Α
2001 484 2383 556 deliililiusquc
2413 486 2791 555 deprehensis,
2830 486 3203 557 exhaustaque
3237 502 3305 543 ex
3355 489 3571 548 illorum

337 576 601 639 amicitia),
649 577 764 631 sive
813 576 1166 645 quorumdam
1221 574 1400 644 jnrgia
1453 563 1882 640 extimescendo,

338 675 492 734 atque
543 665 800 735 utrinque
847 665 1101 720 humana:
1153 664 1394 734 passioni
1453 680 1645 720 manus
1698 666 1896 726 dando,

334 759 575 814 veritatis
608 759 807 813 omissa
862 756 1099 821 ratione,
1136 767 1320 813 nostra
1365 758 1534 829 magis
1585 773 1743 827 quam
1781 772 1901 827 qua:

337 848 423 903 Dei
458 858 582 905 sunt
633 864 697 904 ac
750 849 981 919 proximi
1039 847 1327 918 inspicere,
1376 861 1430 903 et
1476 849 1630 904 nobis
1668 849 1796 916 ipsis
1844 857 1899 903 et

333 940 438 996 illis
467 958 528 995 ex
584 943 799 996 silentio
832 949 1016 996 nostro
1053 940 1371 995 detrimenta
1414 954 1750 1008 comparare.
1792 938 1899 994 Sed

329 1030 524 1100 partim
551 1031 769 1100 quidem
802 1032 1048 1086 timorem
1096 1030 1211 1095 Dei,
1260 1029 1361 1087 etsi
1412 1032 1555 1086 dictu
1587 1022 1762 1086 audax
1794 1041 1898 1096 est,

332 1136 457 1178 ante
485 1114 670 1180 oculos
710 1124 971 1180 habentes
992 1165 1007 1191 ,
1050 1127 1243 1196 partim
1278 1142 1426 1189 vero,
1459 1141 1578 1193 quae
1610 1128 1680 1180 sit
1715 1125 1899 1180 uoluu-

334 1226 419 1270 ιω
445 1218 556 1286 ejus
600 1218 738 1272 bona
772 1228 822 1272 et
853 1217 1243 1287 bcncqilacens,
1285 1235 1388 1273 non
1427 1220 1766 1287 ignorantes,
1814 1232 1902 1272 so-

332 1308 546 1377 lamque
578 1309 705 1363 inde
749 1309 958 1365 laudem
993 1319 1337 1377 expetentes,
1366 1310 1579 1363 etiamsi
1615 1307 1897 1380 premendi

330 1400 593 1468 angustiis
626 1400 822 1467 simus;
856 1403 1035 1454 omnia
1077 1402 1211 1455 nihil
1280 1401 1614 1464 existimare,
1654 1400 1747 1454 sed
1794 1398 1902 1452 dis-

332 1506 531 1557 ponere
567 1506 850 1547 sermones
881 1492 932 1544 in
954 1491 1183 1561 judicio,
1205 1506 1415 1561 proque
1448 1491 1554 1546 illis
1585 1507 1647 1545 ac
1671 1490 1902 1559 proximi

331 1583 640 1646 dilectione,
677 1584 859 1636 omnia
908 1583 1219 1639 necessario
1271 1582 1578 1638 adhibenda
1616 1582 1894 1637 arbitrari.

332 1673 649 1728 Audendum
695 1675 893 1743 quippe
938 1684 1040 1738 est,
1090 1676 1252 1728 etiam
1290 1674 1640 1740 contristare,
1683 1674 1727 1728 si
1765 1687 1902 1742 opus

335 1770 427 1824 sit.
458 1781 521 1820 ac
555 1766 737 1829 verbo,
770 1766 932 1820 veluti
967 1765 1132 1828 ferro,
1157 1768 1423 1838 turgentia
1454 1765 1676 1822 vulnera
1697 1765 1904 1821 rescin-

336 1860 480 1920 dere,
509 1868 667 1925 atque
700 1873 821 1913 cmn
859 1858 1125 1913 charitate
1151 1873 1365 1913 curare.
1606 1854 1617 1859 ”

406 1950 524 2014 Quo
558 1949 718 2014 iacto,
742 1964 773 2005 e
794 1950 1004 2004 duobus
1031 1949 1260 2005 alterum
1295 1949 1587 2019 continget.
1620 1950 1727 2004 Aut
1754 1950 1899 2005 enim

338 2042 628 2109 quietiores
656 2052 707 2096 et
741 2042 981 2097 mitiores
1010 2041 1076 2096 ad
1106 2042 1584 2097 contradicendum
1610 2041 1760 2107 fient,
1806 2050 1904 2097 aut

343 2133 667 2197 rontrariis,
725 2150 844 2203 quae
896 2133 1256 2202 objiciuntur,
1309 2134 1609 2189 rationibus
1671 2134 1903 2189 iullrmis

2001 576 2198 629 animis
2247 574 2367 629 falsi
2418 576 2694 647 Opinione,
2751 579 2803 632 id
2862 578 3240 643 lucraltunlur,
3274 587 3335 633 ut
3381 591 3575 637 contra

2002 669 2282 723 veritatem
2307 664 2453 723 stare
2482 668 2890 738 pertimescant.
2920 668 3016 724 Sin
3059 684 3192 724 vero
3216 680 3271 724 et
3303 671 3595 740 quispiam.

2004 759 2171 815 fuerit
2224 761 2552 832 intelligens,
2597 768 2691 816 aut
2747 760 3033 830 requirens
3084 759 3276 825 Deum,
3328 758 3575 829 profecto

2004 867 2179 920 neque
2213 853 2472 922 optimam
2512 851 2654 906 hanc
2701 854 3050 906 mutationem
3099 852 3405 906 erubescet.
3436 849 3573 905 Nam

1997 945 2152 1014 juxta
2187 940 2493 1013 theologum
2517 943 2861 1014 Gregorium,
2894 941 3014 997 Non
3047 944 3177 998 mali
3202 946 3446 1010 mutatio,
3482 943 3575 998 sed

2001 1035 2131 1089 mali
2168 1036 2463 1090 observatio
2496 1035 2646 1090 habet
2678 1035 3082 1106 turpitudinem.

2030 1161 2041 1170 -
2071 1126 2143 1182 Ut
2176 1127 2335 1197 igitur
2366 1126 2472 1184 illis
2505 1137 2559 1181 et
2592 1127 2746 1182 nobis
2778 1143 2884 1182 non
2947 1127 3167 1182 minima
3210 1129 3576 1184 euiolumenta

2003 1219 2681 1290 qumreremus,vcritatem
2711 1220 2965 1273 omnibus
2991 1218 3344 1288 pnetulimus,
3367 1221 3541 1289 ipsum
3559 1250 3579 1264 -

2008 1326 2114 1382 que
2138 1310 2398 1381 Spiritum
2429 1320 2676 1366 sanctmu
2707 1312 3046 1375 invocantes,
3082 1312 3146 1364 de
3183 1311 3300 1380 ipso
3330 1311 3498 1379 loqui,
3526 1321 3575 1367 te

2005 1402 2282 1469 monente,
2321 1404 2684 1471 suscepimus.
2718 1402 2834 1456 Non
2881 1388 3208 1456 dissiiitulat'i
3256 1404 3577 1456 aununtinre

2005 1496 2148 1552 vobis
2180 1511 2381 1549 omnem
2430 1495 2699 1549 veritatem
2750 1504 2797 1549 et
2848 1494 3131 1547 consilium
3189 1494 3303 1546 Dei.
3357 1491 3576 1547 Utinam

2007 1603 2134 1643 vero
2167 1587 2237 1642 ad
2284 1602 2474 1643 eorum
2506 1586 2600 1657 qui
2651 1585 2842 1641 lecturi
2893 1594 3041 1652 sunt,
3089 1585 3378 1638 utilitatem
3425 1584 3581 1638 labor

2006 1689 2189 1737 noster
2242 1680 2345 1736 iste
2398 1679 2669 1750 proﬁciat,
2715 1686 2859 1733 utet
2902 1680 2992 1746 qui
3035 1676 3287 1740 seminat,
3341 1675 3577 1728 fructum

2007 1779 2194 1838 meiat,
2246 1780 2300 1827 et
2328 1770 2419 1841 qui
2452 1778 2768 1839 congregat,
2813 1768 3116 1821 mercedem
3175 1764 3431 1834 accipiat,
3463 1778 3582 1816 om-

2008 1874 2216 1929 nesque
2246 1857 2409 1914 simul
2438 1857 2718 1913 cmlestem
2760 1855 3129 1926 ingrediantur
3159 1851 3411 1924 patriam,
3449 1851 3585 1902 frui-

2011 1952 2118 2007 turi
2175 1950 2371 2022 gaudio
2403 1949 2615 2004 Domini
2663 1949 2877 2012 nostri,
2908 1948 2960 2001 in
2999 1946 3215 2001 laudem
3252 1952 3319 2011 et.
3355 1942 3582 2014 gloriam

2011 2043 2175 2125 mlius
2203 2041 2293 2096 Dei
2318 2038 2494 2096 Patris
2519 2049 2574 2096 ct
2602 2039 2723 2094 Filii
2750 2049 2804 2095 et
2826 2037 3059 2108 Spiritus
3081 2035 3277 2100 sancti,
3303 2045 3499 2088 sancte
3531 2043 3588 2087 et

2012 2134 2187 2188 beatae
2216 2130 2524 2198 Trinitatis,
2550 2132 2817 2202 uniusque
2846 2140 2898 2186 et
2935 2144 3074 2187 vera:
3107 2127 3355 2183 Deitatis.
3387 2127 3592 2213 Arnen:

352 2334 3586 2378 ΜΞ

1016 2526 1995 2771 MANUELIS
2124 2525 2910 2684 CALEG/E

1788 2821 2136 2910 LIBER

792 3036 971 3149 DE
1105 3034 1795 3183 ESSENTIA
1900 3036 2119 3173 ET,
2191 3031 3148 3218 OPE‘BATIONE.

1271 3346 1669 3461 FliANCISCI
1724 3396 2168 3457 COMBEFISII
2230 3395 2669 3458 PR/EFATIO.

1424 3540 1678 3605 (Bibliotlt.
1703 3529 1809 3593 PP.
1850 3544 2051 3596 Auctor.
2082 3553 2202 3605 nou.
2225 3547 2338 3592 tom.
2376 3540 2480 3605 II.)

415 3693 603 3761 ipsius.
671 3691 932 3745 Manuelis
988 3688 1196 3746 Caleca:
1240 3703 1350 3754 res,
1396 3699 1633 3758 quantas
1693 3687 1912 3755 assequi
1943 3693 1986 3752 (ζ
2021 3686 2230 3752 Quanta
2256 3686 2489 3756 denique
2516 3702 2580 3742 ex
2632 3685 3019 3741 Palamitarum
3073 3687 3185 3757 ipsa
3228 3689 3434 3759 synodo
3483 3690 3595 3759 ipse

349 3784 535 3847 liceat,
615 3781 1364 3838 vindicandascharissima
1422 3776 1780 3834 commilitoni
1853 3792 1917 3832 ac

348 3887 582 3944 utraque
610 3876 855 3945 palaestra
879 3873 1192 3944 (sanctioris
1239 3872 1442 3927 scilicet
1466 3869 1701 3925 instituti
1731 3871 1919 3939 reique

343 3970 642 4036 litterariis)
668 3966 832 4031 socio,
868 3968 958 4037 qui
991 3968 1321 4036 scriptorum
1367 3963 1576 4019 ordinis
1622 3961 1917 4017 bibliothe-

346 4076 467 4135 eam
513 4060 797 4130 elogiaque
870 4059 1145 4125 adornet,-
1180 4057 1247 4112 R.
1296 4053 1358 4110 P.
1416 4054 1621 4110 Jacobo
1711 4052 1916 4120 Quetil’,

345 4153 512 4222 hujus
531 4154 697 4220 ipsius
724 4153 905 4221 operis
932 4165 995 4205 ac
1027 4150 1326 4211 molitionis
1362 4148 1499 4229 mihi
1532 4147 1769 4201 maxime
1823 4160 1919 4199 au-

349 4245 509 4309 ctori,
546 4243 697 4312 quasi
730 4244 1004 4312 specimen
1025 4243 1315 4312 quoddam,
1345 4242 1463 4311 ejus
1527 4238 1696 4309 ipsius
1756 4250 1918 4308 quam

347 4337 538 4391 iisdem
562 4336 876 4390 auctoribus
903 4350 1001 4391 sua
1053 4335 1433 4389 lucubratione
1485 4331 1751 4386 allaturos
1813 4337 1918 4392 est,

349 4425 508 4489 locis,
531 4425 812 4495 relinquo:
840 4427 956 4495 ipse
984 4426 1050 4480 ad
1079 4439 1212 4493 opus
1260 4425 1440 4494 ipsum
1492 4422 1725 4484 Calecaa,
1778 4418 1922 4489 quod

346 4533 412 4573 ex
436 4516 603 4589 Regia
627 4514 956 4573 bibliotheca
988 4521 1042 4572 in
1078 4517 1330 4572 manibus
1359 4524 1464 4581 est,
1532 4514 1690 4582 plane
1739 4513 1920 4568 erudi-

349 4617 481 4673 ttuu,
500 4622 565 4662 ac
593 4623 701 4679 quo
725 4609 1168 4665 nocentissimum
1214 4607 1483 4676 sequioris
1509 4604 1732 4661 Graeciae
1769 4618 1917 4659 erro-

348 4712 462 4752 rem
493 4698 810 4767 gravissime
837 4698 1103 4761 confutat,
1151 4698 1345 4768 stylum
1401 4706 1679 4751 converto.

416 4786 622 4858 Nempe
687 4789 891 4844 coaluit
984 4789 1127 4842 inter
1196 4787 1555 4857 simpliciores
1604 4786 1920 4850 monachos,

347 4879 753 4948 disciplinarum
804 4881 986 4945 rudes,
1039 4881 1186 4935 velut
1229 4877 1537 4949 Theophili,
1611 4877 1920 4947 Epipltanii,

346 4972 661 5042 ll'eronymi
691 4973 1050 5043 temporibus,
1104 4972 1781 5041 Antliropomorphitarum
1831 4985 1921 5024 er-

360 5079 477 5131 ror,
506 5065 621 5119 sive
655 5067 814 5118 etiam
840 5063 1306 5127 Massaliauorutu,
1338 5065 1427 5137 qui
1453 5064 1535 5117 vel
1581 5063 1812 5116 humana
1835 5063 1918 5115 vel

346 5161 453 5215 alia
487 5159 732 5213 sensibili
762 5159 942 5229 specie
980 5158 1144 5211 Deum
1168 5172 1311 5221 esse,
1353 5171 1523 5224 eaque
1581 5154 1716 5209 viris
1756 5154 1920 5222 spiri-

350 5254 553 5309 talibus
580 5253 634 5307 in
667 5252 913 5307 oratione
940 5266 1000 5306 se
1053 5252 1407 5319 conspicuum
1466 5250 1670 5310 facere,
1733 5246 1925 5299 existi-

346 5354 600 5411 marent;
635 5344 714 5398 sic
775 5342 933 5410 paulo
973 5343 1227 5419 sequiore
1275 5341 1716 5411 (Palteologorum
1763 5338 1926 5392 circi-

349 5446 459 5507 ter)
503 5444 684 5498 atate,
738 5433 1126 5489 Palamitarum
1186 5432 1378 5509 insana
1436 5432 1599 5486 nimis
1647 5430 1921 5493 deliratio,

345 5527 800 5595 distinguendum
826 5524 1061 5579 divinam
1101 5526 1355 5578 virtutem
1389 5524 1454 5576 ah
1483 5522 1599 5591 ejus
1642 5521 1875 5576 essentia
1903 5537 1918 5585 ;

345 5631 465 5682 quae
495 5616 605 5683 ipsa
642 5613 825 5667 Deitas
853 5612 919 5666 sit
951 5622 1004 5667 et.
1044 5612 1308 5674 iucreata,
1361 5610 1576 5678 Deoque
1632 5606 1920 5667 natural‘s,

345 5719 468 5774 qua:
494 5722 551 5760 se
585 5720 692 5759 una
723 5706 884 5757 rebus
944 5702 1305 5756 communicet
1351 5715 1414 5756 ac
1472 5701 1741 5764 videatur,
1809 5699 1923 5767 ipsa

354 5799 570 5864 penitus
651 5794 1149 5849 incommunicabili
1223 5793 1459 5848 essentia
1529 5806 1590 5847 ac
1648 5791 1925 5853 invisibili.

2018 3779 2244 3833 Calecas
2280 3791 2550 3844 recenset,
2600 3779 2880 3850 solidoque
2947 3774 3233 3851 eonfutpt;
3284 3795 3346 3835 ac
3393 3784 3485 3850 qui
3543 3785 3595 3835 in

2020 3871 2208 3925 eadem
2242 3885 2406 3925 arena
2436 3879 2657 3926 strenue
2687 3871 3009 3927 dimicantes
3060 3879 3158 3942 pro
3211 3872 3438 3925 veritate
3484 3884 3596 3926 ste-

1982 3970 2227 4026 terunt,
2265 3961 2579 4016 Barlaamus
2634 3965 2954 4031 monachus,
3016 3964 3356 4034 Aciudyuus,
3422 3964 3597 4036 Niplio

2021 4052 2500 4115 hiermuouachus,
2527 4053 2619 4123 qui
2656 4064 2706 4109 el
2735 4054 3038 4110 Demetrius
3089 4057 3387 4128 ()ydouius,
3436 4057 3597 4112 Joan-

2021 4160 2118 4200 nes
2176 4145 2603 4216 Cypariss'iotus,
2658 4147 2835 4202 dictus
2892 4148 3145 4219 Sapiens,
3217 4151 3373 4219 cujus
3424 4160 3599 4205 exstat

2020 4240 2221 4308 grande
2248 4240 2500 4294 volumen
2531 4241 2580 4294 in
2603 4240 3053 4298 Christianissimi
3079 4245 3220 4315 regis
3251 4245 3598 4308 bibliotheca.

2022 4333 2124 4385 hoc
2153 4343 2492 4399 argumento,
2529 4322 2728 4401 praeter
2757 4335 2843 4388 illa
2897 4351 3014 4405 qum
3043 4336 3161 4407 ejus
3189 4336 3380 4392 [.atine
3424 4340 3598 4394 solum

2020 4422 2232 4492 vulgata
2259 4432 2405 4486 sunt,
2438 4434 2764 4496 exstantque
2785 4427 2971 4482 Graece
3002 4442 3167 4497 penes
3197 4428 3260 4483 Β.
3295 4429 3352 4482 Ρ.
3381 4429 3598 4485 l‘etrmn
3648 4434 3663 4445 ‘

2021 4514 2326 4579 Possinium
2387 4514 2520 4570 S.J.
2577 4515 2786 4571 norum.
2844 4517 3087 4573 Aliorum
3146 4520 3307 4573 etiam
3351 4523 3597 4591 quretlam

2022 4608 2190 4662 relert
2222 4606 2331 4662 Leo
2357 4607 2608 4672 Allatius,
2644 4618 2753 4662 tum
2791 4609 2928 4663 libro
2966 4609 3040 4663 De
3081 4604 3337 4665 consensu
3398 4615 3599 4666 utrius-

2026 4716 2123 4767 que
2154 4698 2408 4753 Ecclesia’
2467 4698 2667 4753 Grmcm
2725 4698 2932 4768 pariter
2995 4716 3056 4771 ac
3097 4700 3322 4767 Latium,
3383 4714 3494 4757 tum
3557 4704 3597 4757 ll

2026 4801 2169 4844 tonio
2200 4789 2418 4845 ercia:
2442 4805 2555 4844 suae
2621 4790 2949 4854 ortliodoxa’,
2983 4801 3092 4845 tum
3120 4794 3337 4846 domum
3394 4795 3446 4846 iu
3502 4810 3598 4849 sua

2026 4883 2088 4933 de
2118 4884 2445 4952 Symeonnm
2479 4881 2695 4947 scriptis
2718 4896 2746 4932 a
2779 4895 2862 4933 me
2905 4896 3075 4950 nuper
3096 4882 3307 4951 vulgata
3335 4882 3597 4949 ἰδέτω-ξίφη

2026 4987 2143 5041 quae
2176 4971 2261 5025 hic
2299 4984 2543 5039 repetere
2585 4970 2803 5041 longum
2860 4971 3019 5035 foret,
3069 4987 3130 5028 ac
3180 4986 3361 5028 actum
3414 4993 3597 5047 agere.

1952 5042 1997 5097 D
2026 5061 2140 5114 Non
2178 5059 2381 5130 pigebit
2425 5070 2604 5114 tamen
2637 5057 2862 5116 Joannis
2916 5063 3239 5130 patriarcha:
3284 5042 3603 5122 Constanti—

2030 5153 2336 5223 ttopolitani
2365 5151 2620 5219 Tomum,
2649 5153 2825 5221 ipsum
2891 5154 3218 5223 breviorem,
3270 5160 3603 5227 exscribere,

2027 5261 2134 5314 quo
2165 5246 2211 5299 is
2245 5257 2596 5300 succrescens
2623 5242 2859 5301 Palamae
2885 5240 3080 5318 dogma
3130 5250 3319 5319 elidit;
3351 5267 3415 5307 ac
3472 5269 3598 5307 num

2028 5351 2091 5390 eo
2122 5335 2416 5405 respiciens
2454 5345 2639 5389 uoster
2690 5333 2933 5399 Calecas,
2960 5337 3079 5406 ipso
3131 5339 3315 5408 operis
3372 5341 3453 5392 sui
3509 5355 3603 5393 cx-

2030 5429 2187 5483 ordio
2210 5428 2367 5481 aliter
2396 5442 2513 5500 eam
2545 5425 2865 5494 Ecclesiam,
2894 5428 3034 5485 haud
3080 5430 3152 5482 ita
3203 5431 3407 5500 pridem
3477 5443 3603 5483 seu-

2020 5510 2171 5573 sisse
2241 5516 2373 5573 dicit
2433 5531 2495 5570 ac
2550 5517 2894 5584 decrevisse;
2967 5535 3066 5574 nec
3131 5534 3313 5575 veram
3374 5519 3602 5586 proinde

2035 5611 2331 5667 Ecclesiam
2369 5626 2508 5676 esse,
2544 5625 2663 5679 quae
2714 5610 2796 5665 sic
2849 5598 3006 5667 iidem
3068 5611 3256 5666 mutet.
3336 5609 3601 5664 Joannem

2034 5705 2206 5774 ipsum
2238 5700 2908 5773 proscribnnt'Palamitm,
2974 5704 3143 5757 Tomo
3174 5703 3259 5755 illo
3304 5701 3408 5754 sub
3461 5701 3605 5757 Can-

1980 5822 1988 5828 -
2038 5807 2321 5859 tacuzeuo,
2358 5809 2515 5864 quem
2568 5792 2791 5855 Calecas
2845 5810 2909 5851 ac
2942 5795 3096 5851 relati
3130 5795 3219 5848 alii
3264 5795 3601 5863 inipuguaut.
