4052 6446
530 390 636 453 259

1791 341 2188 438 ΜλΝυΕωε.
2226 376 2531 437 crimen
3643 373 3725 438 200

533 485 636 560 Sic.
658 517 786 573 ergo
821 500 1017 555 habet:
1041 499 1142 551 Τὸν
1174 497 1442 566 Παλαμᾶν
1478 494 1573 548 καὶ
1602 495 1727 555 τοὺς
1753 495 2103 564 ὀμόρφρονας

2223 499 2442 543 Lcstntttr
2478 486 2782 559 Cypariss.,
2819 485 2919 539 etsi
2957 483 3045 539 ille
3073 482 3297 539 Callisto
3326 499 3612 540 successore
3630 502 3731 554 pro.

532 597 722 662 αὑτοῦ,
755 599 844 650 καὶ
881 596 1056 648 πάντα
1085 596 1150 648 τὰ
1178 595 1350 663 ἀσεϐῆ
1383 593 1562 645 αὐτῶν
1585 592 1831 663 δόγματα
1855 630 1872 657 ,
1906 589 2107 644 οἰκειό-

533 708 692 760 τερον
721 690 778 742 δὲ
809 690 1004 753 εἰπεῖν,
1049 686 1343 758 παραληρή
1355 703 1500 753 ματα
1531 725 1546 750 ,
1578 662 1704 746 τούξ
1734 701 1793 735 τε
1827 681 2108 734 ἐκδικοῦν-

534 799 636 845 τας
671 783 766 834 καὶ
797 779 1245 849 ἐκλαμϐάνοντας
1272 779 1366 831 καὶ
1390 777 1785 846 ἐκδεχομένους
1809 775 1877 827 τὰ
1910 775 1967 826 ὲν
2028 773 2107 842 τῷ

535 873 704 944 Τὸμῳ
735 873 875 926 κατὰ
906 872 1003 941 τὴν
1026 871 1208 924 αὐτῶν
1240 870 1523 940 ἐξήγησιν,
1581 867 1786 937 μᾶλλον
1839 865 1895 920 δὲ
1947 865 2109 934 φλυα-

547 968 692 1037 ρίαν,
720 967 813 1018 καὶ
849 945 910 1017 οὗ
943 965 1065 1018 κατ’
1107 964 1319 1016 ἔννοιαν
1351 961 1635 1031 θεοπρεπῆ
1675 959 1770 1012 καὶ
1805 955 2105 1028 ὀρθόδοξον,

536 1056 634 1110 καὶ
663 1055 847 1118 καθὼς
878 1056 928 1108 οἱ
962 1051 1442 1124 τῆς,,Ἐκκλησίας
1494 1049 1779 1119 φωστῆρες
1826 1046 1921 1101 καὶ
1961 1045 2111 1100 διδά-

535 1147 748 1213 σὲαλοι,
786 1141 868 1208 οἷς
907 1147 1004 1199 καὶ
1053 1146 1214 1214 ἡμεῖς
1249 1144 1506 1212 ἑπόμενοι
1535 1139 1627 1194 καὶ
1666 1135 2109 1202 ἀκολουθοῦντες,

537 1240 607 1294 τὰ
645 1239 756 1292 τῶν
785 1239 962 1305 ἁγίων
995 1237 1137 1307 ρητὰ
1170 1234 1559 1305 ὲνεγράψαμεν
1585 1233 1642 1285 ἐν
1669 1230 1748 1302 τῷ
1776 1229 1965 1300 Τόμῳ,
2019 1226 2113 1278 καὶ

544 1331 754 1394 πάντας
775 1331 902 1392 τοὺς
930 1329 998 1382 δι’
1027 1327 1160 1380 αὐτὸ
1193 1326 1374 1389 τοῦτο,
1405 1326 1574 1397 ἤγουν
1599 1325 1679 1377 ὅτι
1711 1322 1787 1394 μὴ
1813 1318 2114 1391 παραδεχόο

543 1421 684 1490 μεοα
705 1419 777 1472 τὰ
807 1419 1030 1472 τοιαῦτα
1060 1418 1238 1471 αὐτῶν
1270 1415 1740 1486 παραληρήματα,
1771 1409 1847 1466 ὧν
1889 1411 1957 1464 τὰ
2009 1412 2110 1480 μὲν

540 1507 931 1576 ἀπεστάλησαν
963 1509 1099 1577 ἡμῖν
1131 1506 1262 1577 παρ’
1295 1507 1498 1572 αὐτῶν,
1525 1506 1592 1556 τὰ
1630 1504 1687 1556 δὲ
1719 1503 1813 1556 καὶ
1839 1501 1969 1572 παρ’
1994 1501 2109 1554 ὲτέο

547 1619 656 1669 ρων
691 1598 1160 1668 ἀνεφανίσοησαν,
1191 1597 1568 1669 τολμήσαντας
1615 1594 1978 1655 ἀκανονίςτως
2017 1593 2112 1644 καὶ

543 1693 788 1762 ἀκρὶτως
820 1691 1096 1758 attenti/at
1125 1689 1182 1742 τδ
1211 1689 1560 1759 μνημόσυνόν
1598 1705 1724 1756 μου,
1768 1685 1846 1754 τῷ
1883 1684 1988 1736 ἀπὸ
2014 1685 2113 1753 τῆς

547 1778 870 1850 ζωαρχικῆς
896 1781 991 1833 καὶ
1017 1779 1188 1846 ἁγίας
1213 1778 1446 1848 Τριάδος
1477 1777 1662 1847 δεσμῷ
1698 1775 1947 1830 καθυποὸ
1960 1775 2111 1826 ἀλλο·

545 1889 672 1942 μεν,
719 1870 814 1923 καὶ
870 1870 947 1941 τῷ
1000 1871 1306 1940 ἀναϐἐματι
1350 1870 1818 1941 παραπέμπομεν.
1873 1869 1937 1921 Ἢ
1975 1867 2109 1920 ὑπο-

545 1961 777 2031 γραφή·
827 1960 1080 2030 Ἰωάννης
1120 1959 1252 2027 ἐλέῳ
1303 1957 1438 2011 Θεοῦ
1470 1958 1902 2029 ἀρχιεπέσκοπος
1960 1953 2114 2008 Κων-

547 2051 1068 2118 σταντινουπόλεως,
1113 2051 1239 2114 νέας
1302 2050 1541 2120 Ῥώμης,
1589 2049 1684 2101 καὶ
1736 2047 2115 2117 οἰκουμενεκδς

545 2144 907 2215 πατριάρχης.
939 2143 1218 2198 Palamam
1255 2143 1470 2212 ejusque
1523 2151 1830 2204 sectatores,
1861 2149 1907 2192 et
1940 2138 2116 2192 omnia

540 2236 754 2292 illorum
789 2237 948 2303 impia
975 2235 1253 2308 dogmata,
1284 2252 1373 2289 seu
1412 2237 1584 2288 verius
1641 2241 2001 2302 nugamenta;
2025 2246 2116 2284 nec

543 2345 646 2382 non
671 2329 994 2400 defensores,
1061 2335 1110 2382 et
1168 2327 1260 2397 qui
1328 2327 1708 2395 astiputentur,
1764 2324 2118 2392 recipiuntque

539 2436 657 2489 qua:
686 2421 739 2473 in
773 2417 934 2472 Tomo
968 2419 1247 2481 habentur,
1279 2417 1564 2471 secundum
1603 2432 1783 2469 eorum
1826 2415 2116 2482 expositio-

543 2527 682 2576 nem,
714 2511 819 2564 imo
843 2508 1315 2578 vaniloquentiam,
1360 2519 1405 2561 et
1435 2524 1536 2560 non
1568 2506 1852 2560 secundum
1883 2519 2118 2584 sensum'

543 2603 634 2672 qui
673 2601 836 2652 Deum
883 2600 1085 2663 deceat,
1155 2607 1205 2652 et
1256 2596 1605 2650 orthodoxam
1679 2603 1804 2649 etut
1862 2591 2112 2646 Ecclesia:

548 2693 753 2746 lumina
793 2702 838 2744 et
871 2691 1112 2761 magistri
1142 2690 1470 2742 tradiderunt
1495 2706 1514 2753 ;
1539 2703 1765 2758 quorum
1817 2701 1911 2739 nos
1965 2685 2121 2738 uestio

548 2787 649 2852 giis
680 2783 979 2836 insistentes
1035 2789 1084 2834 et
1140 2779 1424 2833 sententias
1481 2789 1766 2848 sequentes,
1813 2788 2118 2832 sanctorum

551 2878 695 2929 dicta
725 2877 777 2926 in
808 2872 970 2927 Tanto
1004 2871 1312 2940 digessimus
1338 2885 1353 2936 ;
1383 2879 1692 2940 cunctosque
1723 2870 1868 2937 illos,
1914 2873 2006 2941 qui
2060 2877 2124 2928 ob

551 2984 669 3024 eam
702 2968 868 3034 ipsam
903 2980 1028 3027 rem,
1067 2962 1208 3034 quod
1233 2977 1415 3017 eorum
1463 2972 1780 3031 nugamenta
1829 2978 1930 3016 non
1987 2968 2122 3019 reci-

552 3061 747 3127 pimus,
771 3073 890 3127 qua:
912 3056 1106 3123 partim
1123 3055 1222 3124 ipsi
1252 3053 1680 3119 transmiserunt,
1708 3055 1905 3122 partim
1958 3059 2120 3112 etiam

2213 581 2480 650 mulgatus
2541 590 2659 643 est;
2731 569 3109 646 CoccinusQue
3167 586 3220 630 et
3271 574 3435 630 Nilus.
3512 576 3732 648 Quodque

2211 672 2544 727 Thaborium
2585 671 2767 724 lumen
2827 670 3044 724 illustre
3099 668 3396 737 exemplum
3453 668 3607 723 visum
3666 678 3733 725 est

2211 762 2514 826 PaL-unitis,
2551 763 2629 817 sic
2656 762 2925 816 distincta:
2973 760 3192 815 virtutis
3224 761 3290 814 ab
3331 761 3580 826 essentia,
3636 775 3734 828 qua:

2216 855 2348 926 ipsis
2380 855 2658 925 corporeis
2689 853 2861 910 oculis
2891 852 3002 907 visa
3028 853 3118 920 sit,
3148 862 3201 906 et
3250 853 3513 917 divinitas,
3559 853 3736 906 occulta

2212 946 2471 1014 essentia,
2509 962 2681 1017 eoque
2732 955 3052 1016 argumento
3094 945 3360 1015 duplicem
3413 945 3737 1016 dogtnaticum

2213 1053 2520 1094 sermonem
2545 1039 2714 1094 edidit
2739 1030 3008 1103 Palainas,
3036 1038 3190 1093 libuit
3233 1039 3315 1094 hic
3364 1047 3733 1108 repraesentare,

2211 1131 2384 1204 quasi.
2403 1130 2467 1184 ad
2498 1132 2770 1200 specimen
2796 1130 3062 1184 doctrinae
3085 1145 3147 1184 ac
3168 1139 3328 1185 secta:
3347 1129 3442 1200 (a).
3482 1128 3642 1184 Nostri
3665 1130 3740 1183 Dei

2215 1223 2463 1280 elTectum
2496 1224 2706 1286 ordinis
2729 1222 3027 1291 superioris
3060 1223 3318 1293 (speciem
3353 1221 3551 1276 scilicet
3575 1221 3742 1291 glorioo

2213 1332 2326 1372 sam
2355 1325 2408 1370 et
2440 1314 2618 1381 δόξαν,
2659 1317 2710 1370 in
2741 1331 2846 1386 qua
2878 1315 3021 1370 Deus
3053 1318 3224 1371 videri
3260 1326 3558 1379 censeatur,
3579 1316 3738 1368 intimo

2212 1409 2448 1478 quodam
2476 1405 2591 1473 ejus
2610 1407 2915 1476 praesentia:
2945 1423 3105 1462 sensu
3140 1407 3426 1477 gustuque)
3452 1407 3742 1468 eristimant,

2214 1500 2426 1569 qualem
2482 1497 2694 1551 mortali
2764 1498 3067 1567 praesertim
3119 1512 3368 1566 corpore,
3420 1497 3510 1552 Dei
3557 1511 3748 1552 munere

2216 1591 2453 1645 nancisci
2498 1589 2657 1644 licet:
2689 1604 2795 1642 non
2831 1597 2888 1642 ut
2917 1590 3007 1643 illa
3035 1589 3257 1646 claritas
3287 1601 3339 1645 et
3361 1591 3527 1659 fulgor
3560 1591 3624 1645 sit
3649 1591 3744 1659 ipsa

2217 1683 2307 1736 Dei
2341 1682 2582 1737 essentia
2614 1691 2667 1736 et
2699 1681 2956 1736 divinitas
2988 1682 3252 1748 inercata,
3285 1685 3334 1738 in
3366 1697 3519 1751 quam
3562 1691 3750 1738 senten-

2219 1775 2345 1826 tiam
2368 1773 2557 1829 adduci
2577 1789 2632 1827 se
2650 1789 2842 1842 passus
2859 1784 2939 1855 est
2963 1771 3072 1829 Leo
3085 1773 3314 1830 Allatius
3334 1775 3424 1829 lib.
3454 1773 3523 1828 De
3539 1789 3753 1828 consensu

2219 1868 2488 1934 utriusque
2520 1864 2791 1932 Ecclesia,
2855 1867 3008 1936 cujus
3040 1876 3221 1922 tamen
3273 1869 3588 1924 incommodi
3629 1865 3756 1921 defu-

2217 1958 2608 2028 giendicausa,
2667 1956 2948 2013 Palamita:
2997 1973 3148 2013 suam
3200 1961 3341 2016 hanc
3393 1958 3754 2014 distinctionem

2219 2051 2433 2105 virtutis
2471 2060 2527 2104 et
2559 2050 2815 2105 essentias
2848 2051 3142 2106 commenti
3183 2062 3332 2119 sunt,
3378 2061 3436 2107 ut
3473 2057 3650 2107 auctor
3690 2056 3758 2102 est

2217 2151 2400 2196 noster
2427 2141 2670 2205 Calecas,
2713 2151 2767 2194 et
2818 2156 2886 2194 ne
2937 2139 3245 2196 Massaliani
3297 2142 3556 2204 audirent,
3616 2139 3757 2210 ipsam

2219 2231 2310 2285 Dei
2343 2231 2634 2286 essentiam
2670 2230 2840 2286 videri
2887 2230 3266 2287 existimantes
3287 2232 3338 2287 in
3365 2231 3556 2288 divinis
3581 2229 3760 2300 appari-

2219 2324 2482 2379 tionibus.

2293 2415 2496 2470 Prazter
2543 2414 2820 2470 Palamam
2847 2415 2988 2471 alius
3023 2416 3308 2487 theologus
3335 2425 3417 2473 est
3447 2417 3536 2472 illo
3583 2413 3756 2478 senior,

2220 2506 2451 2579 Symeon
2483 2507 2651 2562 abbas
2675 2508 2844 2562 sancti
2873 2505 3159 2563 Mamantis
3195 2509 3250 2563 in
3275 2506 3758 2573 Xerocerco,dictus

2221 2600 2335 2655 suis
2358 2599 2540 2667 iunior
2563 2598 2846 2668 theologus
2877 2616 2890 2652 :
2925 2599 3078 2669 cujus
3122 2599 3244 2655 Vita
3297 2600 3568 2655 fusissime
3591 2595 3764 2664 scripta

2221 2692 2408 2746 Niceta
2447 2691 2691 2744 Sthelato
2717 2699 2958 2754 auctore,
2991 2698 3168 2744 exstat
3197 2692 3251 2744 in
3301 2689 3424 2746 cod.
3469 2687 3611 2745 card.
3649 2685 3762 2740 Mal.

2201 2798 2368 2837 nunc
2392 2780 2560 2849 Regio
2588 2796 2602 2834 :
2635 2779 2822 2849 fuique
2853 2787 3047 2849 auctor
3075 2779 3422 2836 Henscbeuio
3452 2789 3504 2834 et
3529 2777 3766 2848 Papebro-

2221 2873 2346 2928 chio
2366 2868 2489 2925 SJ.
2506 2883 2571 2924 ne
2600 2869 2728 2923 Vitis
2748 2877 3048 2922 sanctorum
3069 2869 3123 2923 in
3141 2885 3240 2924 suo
3268 2869 3458 2924 Martio
3477 2868 3767 2924 insererent,

2221 2978 2326 3033 qua
2351 2961 2930 3030 suspicionelaborat,
2954 2971 3010 3014 et
3057 2969 3315 3031 ta‘nquam
3380 2963 3426 3017 is
3465 2958 3619 3015 fuerit
3671 2953 3770 3008 fons

2224 3055 2401 3110 omnis
2429 3053 2686 3108 Palamiei
2719 3053 2948 3108 erroris.
2979 3052 3139 3106 Eram
3174 3063 3357 3110 tamen
3384 3055 3473 3108 hic
3504 3062 3768 3124 repraesen-

554 3153 781 3207 atiorum
805 3149 1061 3202 relatione
1085 3146 1440 3216 cognouimus,
1463 3152 1648 3199 contra
1667 3161 1890 3201 canones
1949 3147 2122 3202 nulla-
2148 3165 2191 3226 ο
2228 3156 2461 3210 taturus,
2509 3146 2616 3201 nisi
2636 3147 2831 3202 'moles
2860 3145 3176 3211 obsisteret,
3229 3146 3459 3226 ipseque
3501 3139 3772 3212 sumptibus

555 3262 654 3311 que
687 3243 814 3298 recti
847 3258 909 3296 ac
934 3240 1071 3311 (equi
1119 3241 1276 3302 libra,
1331 3239 1432 3292 mei
1477 3238 1784 3291 memoriam
1816 3240 2121 3294 exscindere

557 3332 673 3384 ausi
701 3341 843 3394 sunt,
899 3328 1120 3396 vivi/ica:
1166 3335 1461 3396 sanctazque
1503 3325 1775 3380 Trinitatis
1813 3329 2122 3397 subjicimus

561 3423 786 3489 rinculo,
821 3439 884 3475 ac
915 3421 1246 3475 anathemate
1273 3420 1510 3488 ferimus.
1545 3416 1921 3489 Subscriptio:
1954 3420 2123 3474 Joan-

562 3533 648 3568 nes
712 3514 804 3566 Dei
865 3512 1227 3566 misericordia
1279 3510 1695 3579 archiepiscopus
1748 3509 2124 3565 Constantino-

555 3604 770 3672 poleos,
833 3619 975 3657 nocte
1022 3601 1234 3665 Roma,
1299 3612 1346 3656 et
1408 3603 1750 3655 meumenicus
1797 3601 2121 3670 patriarcha.

559 3695 758 3750 Eodem
791 3693 911 3749 fidei
959 3695 1096 3759 zelo,
1135 3693 1375 3761 lgnatius
1423 3693 1731 3762 patriarcha
1759 3693 2122 3766 Antiochenus

563 3803 756 3840 novam
792 3785 1242 3841 mantelia-resin)
1305 3785 1627 3852 proscribit;
1678 3785 1831 3855 cujus
1871 3785 2121 3852 Tomum,

563 3880 706 3945 quod
740 3878 902 3946 paulo
937 3876 1214 3947 prolixior,
1238 3874 1466 3929 Ailatius
1493 3892 1596 3930 non
1644 3877 1833 3931 edidit.
1885 3857 2124 3934 Conten-

563 3968 694 4021 tioui
728 3967 904 4022 locum
951 3966 1098 4021 dedit
1146 3964 1461 4022 Barlaamus
1518 3966 1747 4021 Calaber
1803 3970 2120 4032 monachus,

560 4061 644 4111 vir
670 4061 939 4119 eruditus.
969 4059 1084 4127 qui,
1115 4069 1175 4113 ut
1228 4073 1289 4113 se
1352 4059 1741 4113 monachorum
1803 4061 2098 4129 diseipliuze

557 4152 802 4217 tradidit,
834 4166 1020 4206 eorum
1043 4164 1256 4206 errores
1281 4149 1484 4206 detexit
1513 4166 1575 4204 ac
1603 4135 1871 4217 traduxit;
1928 4153 2126 4222 quibus

567 4242 836 4308 Palamas.
867 4245 1301 4314 archiepiscopus
1330 4241 1848 4307 Thessalonicensis,
1899 4258 1957 4299 se
2007 4244 2124 4296 vin-

563 4335 736 4389 dicem
763 4346 815 4390 ct
847 4345 1121 4390 auctorem
1147 4334 1398 4404 prmbuit,
1454 4332 1905 4401 Barlaamumque
1949 4333 2121 4402 ipsum

561 4427 850 4496 oppressit.
885 4428 1149 4482 Damnata
1195 4425 1337 4478 enim
1385 4424 1730 4491 procacitatis
1776 4423 1827 4477 in
1885 4425 2125 4478 sanctius

2226 3254 2458 3308 parcens
2511 3238 2885 3310 typographus
2947 3253 3012 3295 ae
3063 3238 3358 3307 bibliopola
3423 3233 3771 3292 intercederet.

2225 3330 2382 3386 Libet
2442 3331 2661 3385 interim
2718 3332 2837 3401 ejus
2881 3331 2968 3386 hic
3019 3337 3182 3401 atque
3237 3331 3497 3386 doctrinae
3545 3325 3772 3396 majorem

2229 3425 2503 3488 notitiam,
2546 3425 2739 3490 lector,
2768 3425 3035 3496 praebere,
3066 3438 3226 3494 quam
3266 3424 3360 3479 ulli
3385 3430 3621 3478 nostrum
3663 3419 3773 3471 hac-

2229 3524 2386 3572 tenus
2422 3517 2747 3572 habuerint:
2788 3516 3062 3586 specimen
3105 3529 3324 3584 quoque
3355 3530 3419 3569 ex
3463 3510 3634 3565 verbis
3676 3503 3772 3571 eius

2227 3623 2521 3678 apponere,
2542 3607 2699 3662 'unde
2731 3607 2814 3660 vel
2852 3607 2991 3661 tueri
3020 3615 3077 3660 ut
3123 3607 3486 3662 orthodoxam
3523 3603 3776 3664 virumque

2226 3700 2373 3771 pium
2395 3715 2459 3753 ac
2488 3699 2684 3752 eximie
2707 3698 3001 3766 spiritalem
3033 3697 3273 3767 proclive
3343 3695 3436 3760 sit,
3494 3693 3576 3747 vel
3631 3688 3772 3744 etiam

2227 3802 2284 3847 ut
2313 3792 2586 3845 hominem
2619 3790 2898 3846 seductum
2927 3802 3024 3842 nec
3039 3803 3188 3843 sana:
3212 3788 3414 3842 mentis
3440 3781 3772 3856 proscribere-

2227 3882 2455 3938 Pontani
2481 3879 2791 3950 conjectura
2823 3881 2874 3934 in
2932 3879 3031 3933 viri
3083 3889 3264 3946 aetate,
3319 3892 3483 3935 causa
3546 3867 3784 3928 carceris,

2227 3975 2456 4044 ejusque
2491 3974 2610 4025 aliis
2634 3987 2739 4024 non
2776 3973 2909 4025 satis
2941 3969 3091 4035 felix,
3133 3971 3334 4039 quibus
3384 3968 3621 4038 quaedam
3656 3960 3777 4015 illius

2227 4066 2416 4121 Latine
2442 4063 2677 4134 vulgavit
2709 4079 2774 4116 ex
2805 4061 3084 4117 codicibus
3116 4061 3415 4116 Bavaricis.
3453 4059 3558 4114 Leo
3578 4050 3778 4122 Allalius

2227 4178 2293 4216 ex
2317 4161 2451 4215 Vita:
2473 4173 2695 4214 aut-tore
2728 4156 2974 4212 Sthetato
2995 4157 3116 4226 (nos
3147 4155 3502 4211 Pectoratum
3522 4141 3774 4209 dicimusb

2228 4269 2390 4323 quem
2421 4251 2870 4321 liquetadversus
2907 4248 3132 4302 Latinos
3157 4263 3282 4322 cum
3340 4244 3596 4300 Michaelc
3637 4239 3782 4291 tieru—

2236 4346 2374 4400 lario
2401 4345 2694 4415 plurimum
2726 4343 3054 4403 decertasse,
3088 4355 3150 4394 ac
3185 4337 3456 4393 Cerularii
3495 4343 3672 4405 partes
3712 4325 3785 4379 i0-

2233 4437 2396 4499 visse,
2429 4436 2548 4502 ejus
2583 4435 2807 4504 propius
2869 4441 3086 4488 aetatem
3131 4439 3361 4484 venatus
3411 4439 3532 4490 est;
3583 4429 3782 4478 causam

559 4519 862 4573 institutum
887 4517 1170 4572 Barlaamo
1207 4515 1495 4580 monacho,
1525 4530 1814 4585 suppressa
1870 4516 1938 4569 de
1996 4515 2118 4584 dog-

2233 4540 2412 4581 tamen
2440 4527 2698 4591 carceris,
2730 4527 2872 4595 quod
2920 4540 3044 4578 eum
3083 4529 3442 4576 monumenta
3489 4511 3781 4574 defecerint,

558 4621 702 4667 male
729 4611 955 4681 qumsdo
989 4620 1092 4674 est,
1127 4623 1194 4664 ne
1225 4606 1469 4662 Palamas
1503 4622 1679 4675 prava!
1720 4607 1832 4674 ipse
1864 4604 2124 4662 doctrina:

561 4717 625 4756 ac
669 4702 943 4758 hatretieac
999 4703 1290 4756 damnatus
1335 4698 1529 4754 abiret.
1577 4697 1816 4754 Vidcud..
1855 4696 2127 4763 Gregoras

562 4795 656 4846 lib.
701 4809 767 4857 u;
793 4792 1085 4848 Cautacuz.
1114 4792 1208 4847 lib.
1233 4807 1271 4846 tt
1298 4790 1652 4844 Historiarum
1680 4798 1735 4843 et
1769 4788 1823 4842 in
1859 4787 2129 4845 Procemio

559 4901 776 4939 suarum
807 4887 1324 4948 Contradictionum,
1347 4884 1604 4938 adversus
1626 4880 2121 4938 Hieromonaehum

560 4975 893 5031 Prochorum
923 4978 1247 5049 Cydonium,
1279 4976 1530 5032 Demetrii
1559 4975 1805 5038 fratrem,
1839 4976 1902 5028 de
1929 4975 2131 5029 lumine

562 5069 856 5123 Thaborio.

630 5158 720 5211 Sic
750 5159 931 5227 putida
981 5159 1092 5212 visa
1155 5159 1560 5213 suntnonnulla
1594 5157 1826 5211 Palamze
1881 5157 2130 5227 dogmata

563 5267 624 5303 ac
663 5243 1011 5319 nugamenta,
1046 5260 1102 5303 ut
1137 5266 1396 5319 sequaces
1426 5251 1767 5319 postmodum
1809 5249 1986 5303 conati
2019 5249 2132 5302 sint

563 5350 654 5394 aut
685 5340 826 5394 illius
860 5355 1055 5408 negare
1088 5350 1178 5393 aut
1227 5342 1548 5410 subtegcrc:
1612 5339 1767 5407 cujus
1814 5339 1887 5390 rei
1940 5349 2132 5406 prmter

562 5445 805 5488 nostrum
838 5432 1112 5498 Calecam,
1141 5432 1382 5501 locuples
1434 5433 1587 5486 testis
1623 5423 1797 5487 'Joau.
1851 5430 2126 5500 Cypariss.

557 5527 651 5580 lib.
684 5543 720 5590 ι,
748 5543 798 5581 c.
824 5527 877 5586 2.
911 5542 937 5577 a
969 5542 1053 5579 me
1090 5528 1404 5593 productus.
1444 5525 1573 5578 Post
1605 5523 1878 5577 Palamsm
1907 5523 2130 5578 haeresis

559 5620 828 5673 antistites
871 5619 1040 5684 fuere,
1097 5617 1358 5681 lsidoius,
1425 5631 1581 5686 quem
1644 5615 1801 5669 Tomi
1859 5627 2131 5670 auctorem

2234 4633 2336 4672 nec
2361 4618 2474 4688 ipse
2496 4616 2713 4685 assequi
2770 4617 2981 4686 potuit;
3015 4613 3400 4680 divinansque,
3434 4609 3665 4678 nigriore
3694 4601 3786 4653 fur-

2237 4713 2377 4767 sitan
2443 4709 2656 4765 calculo
2710 4708 2814 4762 viri
2877 4707 3192 4762 memoriam
3280 4697 3616 4758 notavit.Ex
3684 4691 3784 4746 Vill

2236 4804 2418 4872 itaque
2453 4804 2563 4856 haec
2623 4814 2833 4854 surnma
2883 4798 3102 4852 habeto.

2309 4892 2430 4946 Fuit
2457 4891 2689 4962 Symeon
2721 4889 3012 4958 Paphlago,
3046 4889 3241 4957 oppido
3275 4886 3466 4941 Galata
3503 4883 3604 4956 (sic
3637 4873 3785 4938 dicto)

2235 4983 2478 5050 ingenuis
2501 4983 2839 5052 parentibus,
2872 4980 3065 5033 Basilio
3102 4990 3156 5032 et
3197 4978 3599 5046 Theophanem:
3621 4979 3785 5025 natus.

2231 5072 2431 5128 Basilio
2489 5083 2543 5128 et
2617 5071 2977 5128 Constantino
3038 5068 3556 5139 Porplryrogenitis;
3610 5069 3786 5132 patruo

2234 5165 2287 5218 in
2331 5162 2451 5216 aula
2479 5173 2696 5232 potente
2738 5172 2842 5216 eta
2897 5176 3054 5217 sacro
3117 5162 3388 5223 cubiculo,
3439 5159 3552 5226 ipse
3594 5159 3787 5221 «ιυοιιιιε

2231 5253 2808 5324 spatharocubieularii
2842 5267 3066 5306 munere
3099 5253 3242 5306 inter
3269 5259 3550 5306 senatores
3571 5251 3784 5298 merens.

2236 5347 2335 5400 etsi
2375 5355 2533 5399 relate
2557 5346 2795 5413 juvenis,
2839 5355 3036 5413 patruo
3065 5343 3214 5398 brevi
3243 5344 3537 5402 exstincto,
3587 5335 3787 5404 Symeo-

2239 5438 2326 5491 nis
2353 5437 2578 5491 Studitzc
2609 5436 2736 5490 dicti
2769 5434 3108 5491 Venerabilis
3146 5433 3375 5488 consilio
3423 5443 3587 5499 atque
3641 5430 3787 5491 opera

2240 5529 2417 5596 (quem
2447 5537 2706 5602 perpetuo
2763 5527 3078 5597 magistrum
3125 5540 3189 5579 ac
3253 5535 3465 5592 patrem
3509 5513 3786 5602 spiritalem

2239 5616 2441 5684 vocat),
2505 5597 2789 5672 servientis
2843 5617 3030 5672 habitu
3070 5617 3121 5683 ip
3159 5615 3426 5670 Studiano
3479 5597 3788 5665 monasterio

636 5781 711 5845 (at
752 5780 885 5833 Vide
930 5779 1071 5833 inter
1114 5779 1345 5835 Palamas
1383 5779 1631 5835 bondlias
1665 5790 1802 5846 quas
1836 5777 1886 5830 in
1929 5773 2200 5847 superiori
2237 5788 2384 5827 tomo
2419 5776 2727 5831 recudimus
2780 5791 2843 5830 ex
2879 5773 3118 5829 editione
3159 5767 3460 5826 novisSima
3501 5753 3790 5820 Hierosoly-

561 5850 790 5903 mitana.
851 5851 1002 5904 Enzr.
1463 5869 1467 5875 ·
