4052 6456
318 421 333 436 .
362 365 460 431 ρει

1098 367 1197 427 DE
1235 365 1604 430 ESSENTIA
1651 369 1746 429 ΕΤ
1783 368 2296 436 OPERATIONE.
2340 398 2406 410 -
2449 372 2877 436 ΡΗᾹΞΕΑΤΙΟ.

3500 377 3609 441 262

362 489 600 546 tyronem
631 476 829 544 induit,
864 475 1072 546 subque
1103 476 1196 531 illo
1236 472 1527 533 ‘exercuit.
1563 479 1792 535 Eximius
1816 496 1938 533 sau-

2060 485 2197 556 ὶρᾷν,
2230 485 2324 540 καὶ
2354 484 2516 539 αὐτὸν
2541 484 2635 539 τὸν
2667 486 2727 539 ὲν
2785 485 2898 549 τοῖς
2932 481 3127 554 δώροις
3161 481 3411 554 ἀοράτως
3468 503 3616 557 παρ-

358 568 561 623 ctitatis
588 568 700 639 ipsa
731 568 987 623 exordia:
1025 569 1091 625 iis
1117 570 1512 625 monachorum
1538 571 1626 626 alii
1653 571 1935 635 delectati,

361 661 453 715 alii
483 659 694 715 otl‘ensi.
729 658 1056 733 Prsepositus
1088 676 1117 712 a
1149 661 1424 717 severiore
1450 662 1734 733 disciplina
1762 678 1936 719 cona-

362 763 448 807 tus
470 767 719 816 avocare,
761 766 884 807 cum
914 765 1017 806 non
1039 761 1280 821 pareret,
1322 768 1354 808 e
1375 754 1709 808 monasterio
1760 754 1932 824 ejicit.

361 840 599 911 Symeon
628 840 956 897 Venerabilis
994 843 1235 898 Antonio
1277 845 1453 898 sancti
1522 843 1810 899 Mantautis
1881 845 1935 899 in

358 933 667 991 Xerocerco
718 936 1008 1007 praeposito
1044 936 1412 999 commendat,
1467 936 1693 1005 ejusque
1744 937 1798 991 in
1846 937 1938 992 illo

360 1025 550 1081 curam
585 1027 745 1097 gerit,
779 1026 1080 1082 monastico
1110 1028 1297 1082 hahitu
1324 1026 1520 1101 induit,
1575 1028 1940 1082 sanctior-ibus

366 1116 711 1171 documentis
767 1116 1091 1173 communit.
1158 1114 1256 1171 Hic
1306 1116 1394 1171 ille
1432 1118 1628 1173 divinis
1665 1128 1940 1172 recreatur

359 1206 889 1270 visionibus,altiore
928 1206 1386 1275 contemplatione
1411 1209 1519 1262 Deo
1550 1208 1934 1279 conjungitur:

362 1296 522 1355 cibus
540 1300 914 1370 quotidianus,
945 1301 973 1352 ὀ
995 1299 1263 1364 ζωοποιὸς
1293 1304 1459 1371 ἄρτος
1503 1302 1596 1354 καὶ
1627 1300 1686 1354 τὸ
1710 1295 1851 1369 αἷμα
1881 1301 1940 1354 τὸ

360 1390 546 1461 τίμιον
564 1390 659 1446 τοῦ
677 1391 913 1462 Χριστοῦ
947 1408 960 1423 ·
997 1394 1160 1446 Panis
1192 1393 1419 1463 uiuiﬁcus
1448 1401 1495 1447 et
1525 1393 1721 1447 Christi
1742 1395 1940 1462 pretio-

361 1498 457 1544 sus
481 1484 731 1554 sanguis;
760 1482 930 1538 herba:
958 1493 1007 1536 et
1035 1485 1319 1553 legumina,
1364 1486 1555 1553 quibus
1585 1483 1711 1539 solis
1776 1487 1940 1539 vitam

359 1576 689 1631 sustentabat
757 1578 985 1645 exceptis
1029 1578 1208 1632 diebus
1251 1577 1562 1634 Dominicis.
1619 1578 1939 1633 Arctissima

360 1669 621 1736 solitudo,
649 1669 912 1725 orationis
954 1671 1083 1741 juge
1119 1670 1382 1736 studium,
1433 1670 1731 1740 Scripturte
1753 1670 1939 1726 sedula

368 1764 563 1830 lectio,
598 1778 660 1818 ac
688 1758 935 1818 Vitarum
962 1762 1377 1828 monachorum,
1404 1762 1493 1831 qni
1520 1763 1799 1832 superiore
1821 1776 1939 1817 tevo

369 1856 660 1912 sanctitate
697 1855 1064 1918 claruissent;
1125 1853 1235 1910 diei
1291 1854 1469 1909 omnis
1525 1853 1940 1909 accuratissima

370 1947 730 2013 exercitatio,
786 1940 853 2000 ad
905 1959 1114 2001 sacram
1193 1947 1635 2000 communionem
1668 1929 1931 1998 inaudita

372 2040 716 2111 praeparatio,
748 2038 957 2094 dierum
1011 2034 1475 2107 Quadragesiniar,
1517 2034 1778 2104 exceptis.
1805 2032 1946 2090 Sab-

375 2133 504 2187 bato
532 2142 585 2186 et
614 2130 915 2196 Dominica,
983 2129 1186 2185 inedia.

447 2223 705 2280 Defuncto
728 2223 982 2291 Anl0tti0,
1040 2226 1215 2279 sancti
1272 2222 1557 2277 Mamantis
1609 2219 1949 2276 monasterio

374 2315 669 2387 prmiicitur
700 2329 762 2369 ac
781 2313 1040 2369 sacerdos
1074 2313 1354 2368 ordinatur
1386 2327 1417 2367 a
1456 2310 1684 2366 Nicolao
1708 2308 1950 2380 Chryso-

378 2408 543 2477 berge
568 2406 868 2478 patriarcha
895 2423 910 2462 :
946 2405 1184 2475 Spiritus
1213 2405 1410 2469 sancti,
1443 2402 1697 2459 immensi
1728 2401 1951 2461 luminis

384 2501 578 2570 specie,
607 2501 904 2555 descensus
964 2499 1017 2552 in
1052 2506 1214 2567 caput
1253 2496 1527 2552 ordinati:
1580 2495 1719 2550 visio
1778 2493 1951 2548 eidem

396 2592 664 2647 familiaris
708 2592 852 2647 inter
896 2604 1014 2663 rem
1050 2604 1261 2644 sacram
1312 2603 1408 2658 per
1484 2602 1656 2642 annos
1714 2586 1952 2656 quadra-

399 2684 535 2756 ginta
570 2693 689 2739 octo
716 2684 799 2741 sui
830 2682 1150 2747 sacerdotii,
1191 2679 1378 2744 καθὼς
1411 2680 1574 2741 αὐτὸς
1628 2678 1764 2747 πρός
1809 2693 1951 2743 τινα,

390 2775 467 2837 ὡς
496 2776 617 2846 περὶ
637 2774 797 2829 ἄλλου
826 2773 971 2836 τινος
1004 2772 1193 2841 ἔλεγεν
1225 2772 1422 2826 ἑαυτὸν
1473 2769 1825 2842 ὐποκρύὸων·
1860 2769 1956 2822 καλ⁸

385 2868 689 2938 γέγραπται
717 2866 776 2918 ὲν
811 2868 925 2928 τοϊς
964 2863 1130 2918 αὐτοῦ
1173 2863 1618 2939 εΔπᾳφΟέγμασι,
1645 2870 1700 2915 ut
1726 2863 1836 2928 ipse
1887 2861 1955 2912 ad

388 2959 663 3031 quemdam
695 2967 952 3029 tanquam
1007 2957 1073 3011 de
1098 2957 1205 3011 alio
1233 2955 1461 3026 quodaut
1514 2956 1797 3017 narrabat,
1850 2950 1954 3006 sbi-

386 3065 541 3116 psum
581 3050 831 3117 tantisper
866 3047 1136 3102 occultans
1161 3062 1180 3101 :
1205 3047 1527 3116 habeturque
1552 3044 1802 3113 scriptum
1825 3044 1958 3096 inter

2040 577 2194 643 dvfa,
2225 576 2491 646 γνωστῶς
2523 575 2830 647 κεκτῆσθαι
2858 577 2916 628 ἐν
2943 576 3008 645 τῇ
3059 572 3254 646 καρδίᾳ
3297 571 3487 639 αὑτοῦ,
3526 572 3618 627 ἵνα

2045 669 2184 741 μετὰ
2217 668 2534 741 παρρησίας
2555 667 2781 724 δύναται
2809 667 2909 732 τὰς
2937 667 3225 739 ἱκετηρίας
3254 665 3615 736 προσφέρειν,

2043 758 2139 813 καὶ
2165 759 2241 823 ὡς
2269 759 2423 827 φίλος
2450 759 2591 830 φίλῳ
2620 757 2972 827 διαλέγεσθαι
3005 757 3082 828 τῷ
3130 755 3247 828 Θεῷ
3285 757 3382 811 καὶ
3418 756 3616 825 [lat-cpt,

2042 854 2135 904 καὶ
2153 850 2538 923 ἀκατακρίτως
2560 849 2765 918 λέγειν,
2801 867 2821 901 ‹
2849 848 3035 917 Πάτερ
3059 847 3240 920 ἡμῶν,
3261 849 3289 900 ὀ
3314 851 3372 900 ὲν
3394 848 3506 910 τοῖς
3524 847 3618 899 οὐ·

2047 940 2248 1010 ρανοῖς,
2278 958 2296 992 ι
2324 940 2399 1004 ὥς
2434 939 2526 994 τὸν
2557 938 2814 1009 ἀληθινὸν
2841 938 2976 993 Θεὸν
3006 937 3104 991 καὶ
3141 937 3302 1006 φύσει
3331 937 3463 991 ὄντα
3489 936 3620 989 Υἱὺν

2040 1030 2137 1084 τοῦ
2153 1029 2315 1101 Θεοῦ,
2340 1030 2478 1102 ἔχων
2505 1029 2769 1084 οἰκοῦντα
2798 1032 2856 1082 ἐν
2878 1027 3083 1098 ἐαυτῷ,
3109 1028 3198 1082 διὰ
3227 1027 3322 1080 τοῦ
3342 1027 3617 1090 οἰκοῦντος

2044 1124 2201 1192 ἁγίου
2225 1122 2541 1193 Πνεύματος
2571 1124 2629 1175 ὲν
2666 1120 2848 1191 ἑαυτῷ
2868 1136 2881 1149 ⁸
2907 1119 3112 1191 Saepius
3153 1129 3393 1189 rogatus,
3445 1119 3619 1187 qualis

2043 1216 2223 1270 debeat
2247 1230 2360 1270 esse
2397 1220 2664 1278 sacerdos,
2692 1215 2776 1268 ria:
2831 1218 3042 1267 tandem
3085 1222 3392 1283 compuncto
3440 1212 3621 1266 animo

2041 1322 2245 1376 gemens
2276 1306 2542 1375 respondit
2569 1321 2589 1360 :
2620 1303 2735 1358 Heu
2776 1305 2897 1358 me!
2955 1306 3150 1374 fratres
3177 1343 3194 1368 ,
3249 1304 3375 1373 quid
3427 1319 3510 1356 me
3560 1302 3624 1356 de

2042 1397 2338 1451 istiusmodi
2370 1396 2757 1466 interrogatis?
2785 1396 2884 1451 Res
2911 1407 2987 1450 est
3045 1394 3339 1457 tremenda,
3385 1394 3464 1449 vel
3508 1395 3624 1463 ipso

2041 1490 2299 1558 cogitatu.
2360 1488 2500 1543 Sane
2560 1504 2654 1560 ego
2695 1487 3104 1558 haudquaquam
3149 1480 3339 1556 dignus
3378 1488 3625 1538 sacerdos

2042 1597 2180 1643 sum,
2231 1581 2353 1634 dum
2379 1582 2519 1635 sacri
2564 1580 2797 1634 muneris
2850 1594 2912 1632 ac
2964 1577 3244 1648 dignitatis
3304 1574 3625 1629 tremendum

2051 1673 2335 1745 fastigium
2371 1680 2768 1738 reputo:certo
2826 1680 3002 1724 tamen
3054 1669 3272 1722 humilis
3333 1684 3425 1737 ego
3483 1667 3623 1731 novi,

2042 1765 2214 1834 qualis
2237 1765 2415 1818 debeat
2447 1779 2556 1817 esse
2578 1763 2841 1817 sacerdos.
2889 1761 3124 1816 Primum
3154 1761 3360 1831 quidem
3413 1766 3624 1821 castus,

2046 1872 2149 1911 non
2170 1854 2339 1909 solum
2368 1869 2605 1921 corpore,
2627 1868 2803 1907 verum
2831 1851 3027 1918 potiori
3059 1850 3210 1920 longe
3234 1850 3440 1904 ratione
3461 1849 3628 1903 etiam

2048 1947 2226 2000 animo
2263 1960 2325 1997 ac
2354 1954 2525 1997 mente
2555 1957 2575 1997 :
2616 1960 2678 1996 ac
2711 1943 2960 1996 exteriori
3000 1940 3208 2011 quidem
3257 1938 3631 2008 compositione

2048 2055 2111 2092 ac
2138 2037 2330 2101 indole,
2355 2036 2591 2101 Immitis,
2653 2035 2820 2088 animi
2854 2043 3030 2088 autem
3092 2048 3154 2087 ac
3202 2031 3442 2086 interiori
3489 2039 3630 2084 statu

2048 2144 2305 2199 sensuque
2330 2136 2692 2193 compunctus.
2725 2125 2858 2180 Cum
2907 2141 3025 2179 vero
3065 2139 3235 2179 sacrm
3268 2122 3468 2177 ‘mensat
3493 2123 3633 2175 assi-

2052 2225 2168 2285 stit,
2205 2228 2375 2275 mente
2413 2220 2623 2285 quidem
2657 2218 2934 2284 Deitatem,
2988 2233 3144 2273 sensu
3192 2233 3314 2270 vero
3364 2214 3648 2291 proposita,

2052 2317 2190 2369 dona
2226 2313 2459 2368 contueri
2489 2311 2655 2374 debet,
2697 2312 2968 2380 ipsumque
3016 2309 3382 2376 inaspectabili
3426 2308 3633 2361 ratione

2053 2408 2107 2462 in
2132 2406 2285 2460 donis
2314 2413 2642 2474 prtesentcm,
2672 2404 2903 2458 scientia:
2929 2408 3142 2456 munere
3167 2401 3377 2469 altaque
3398 2411 3633 2465 contem-

2053 2495 2281 2565 platione
2318 2495 2375 2549 in
2434 2492 2591 2547 corde
2639 2508 2733 2545 suo
2794 2492 3077 2558 possidere,
3146 2497 3205 2543 ut
3259 2504 3376 2542 cum
3438 2486 3637 2556 ﬁducia

2052 2589 2209 2642 liceat
2243 2585 2656 2652 supplicationes
2683 2583 2896 2652 o/ferre,
2935 2599 2997 2636 ac
3028 2583 3166 2636 sicut
3220 2582 3422 2636 amicus
3464 2568 3636 2635 amico

2055 2681 2316 2751 loquitur,
2370 2694 2490 2733 cum
2553 2677 2660 2731 Deo
2731 2692 3025 2730 sermonem
3085 2675 3343 2745 conferre,
3393 2674 3641 2746 nulloque

2048 2773 2242 2843 judicii
2272 2781 2419 2826 reatu
2442 2772 2636 2835 dicere,
2669 2788 2687 2821 ι
2718 2768 2878 2824 Pater
2914 2776 3114 2832 noster,
3140 2767 3228 2837 qui
3252 2784 3305 2822 es
3334 2767 3391 2821 in
3414 2767 3582 2830 cretis,
3614 2785 3633 2818 ι
3708 2750 3721 2761 ’

2058 2872 2115 2920 ut
2157 2865 2246 2931 qui
2266 2879 2442 2918 verum
2487 2861 2648 2916 Deum
2697 2870 2745 2915 et
2788 2868 2985 2914 natura
3059 2858 3153 2913 Dei
3201 2859 3423 2926 Filium,
3479 2858 3536 2914 in
3587 2875 3644 2914 se

2056 2958 2401 3017 habitantem.
2429 2970 2522 3022 per
2548 2951 2778 3022 Spiritus
2828 2952 2883 3006 iu
2970 2952 3084 3020 ipso
3162 2950 3450 3006 habitantis
3505 2966 3645 3021 prat-

2058 3049 2279 3104 sentiam
2307 3047 2519 3101 habeat.
2558 3047 2804 3100 Deterret
2830 3046 2975 3099 serio
3009 3045 3076 3097 ab
3100 3043 3217 3114 ejus
3277 3043 3487 3099 ordinis
3516 3058 3642 3097 am-

384 3141 501 3212 ejus
530 3139 992 3209 Apophthegmata.
1020 3136 1114 3193 Sic
1147 3136 1300 3192 Nilus
1332 3136 1396 3191 ad
1431 3136 1602 3204 ipsum
1630 3134 1958 3205 (lhrysosto-
1985 3169 2028 3227 ο
2062 3141 2197 3205 bitu,
2244 3138 2490 3208 angelico
2534 3150 2672 3206 pene
2738 3135 2913 3219 vultu!
2955 3136 3068 3201 ipse
3124 3136 3430 3197 celebrans,
3470 3143 3525 3189 et
3586 3134 3640 3189 in

387 3250 533 3287 nium
557 3236 742 3299 ret‘ert,
768 3233 912 3303 quod
944 3231 1036 3286 ille
1064 3229 1209 3286 velut
1248 3229 1317 3284 de
1355 3229 1461 3281 alio
1515 3226 1783 3298 loquitur,
1841 3238 1961 3280 cer-

389 3334 550 3379 nente
579 3323 754 3377 locum
789 3322 977 3378 altaris
1026 3321 1242 3391 plenum
1292 3319 1625 3397 caelestibus
1672 3316 1965 3397 Potestati-

391 3419 490 3469 lius
528 3415 628 3470 sub
657 3414 830 3486 ipsum
865 3412 1123 3469 sacriﬁcii
1181 3423 1413 3483 tempus.
1466 3392 1638 3468 Porro
1689 3394 1964 3465 sensibilis

391 3510 478 3562 hic
511 3507 743 3577 Spiritus
778 3507 1045 3562 adventus
1096 3520 1163 3560 ac
1220 3506 1381 3570 visio,
1452 3503 1555 3559 etsi
1615 3516 1702 3557 res
1745 3498 1965 3554 insolita

391 3610 495 3663 est,
519 3602 871 3670 videaturque
893 3601 958 3654 ad
994 3599 1354 3655 Massalianos
1378 3596 1630 3652 nonnihil
1674 3593 1964 3656 inclinare,

389 3692 482 3761 qui
515 3692 593 3747 sic
632 3693 840 3755 divinas
861 3692 1013 3760 quasi
1044 3692 1200 3761 juges
1257 3690 1493 3746 visiones
1526 3691 1830 3757 jactarent:
1858 3699 1965 3739 non

390 3782 586 3839 desunt
613 3793 787 3837 tamen
829 3781 992 3843 etiam
1025 3781 1172 3835 inter
1218 3778 1524 3836 catholicos
1554 3776 1760 3834 similia
1781 3789 1971 3829 exem-

390 3874 479 3946 pla
512 3876 600 3930 :in
636 3874 835 3930 Basilio
878 3883 934 3931 et
983 3874 1379 3945 Chrysostomo
1425 3871 1640 3940 alioque
1693 3869 1969 3949 episcopo,

388 3968 548 4036 cujus
583 3966 693 4036 jam
746 3983 853 4023 non
894 3966 1139 4033 occurrit
1197 3979 1427 4042 pomeri,
1466 3962 1751 4032 Agathone
1796 3962 1973 4029 ponti-

394 4061 535 4115 ﬁce:
565 4059 656 4129 qui
690 4073 877 4114 omnes
917 4056 1147 4114 ministri
1177 4056 1422 4122 lascivia,
1452 4056 1608 4112 solita
1639 4053 1742 4110 hac
1768 4052 1981 4133 visione

395 4152 584 4221 eisque
654 4150 905 4206 familiari
965 4149 1292 4218 quandoque
1354 4147 1553 4219 privati
1598 4146 1874 4216 leguntur,
1910 4157 1975 4199 ac

396 4243 572 4298 donec
604 4240 692 4295 illa
718 4241 817 4295 fuit
853 4239 1111 4297 coercita.
1155 4239 1428 4294 Putabant
1474 4238 1575 4304 illi,
1629 4252 1735 4292 non
1791 4237 1971 4307 ipsum

328 4340 339 4349 ‘
396 4349 457 4387 se
491 4333 755 4402 Spiritum
806 4331 1007 4398 videre,
1062 4329 1696 4402 quodjlassalianorum
1750 4326 1975 4384 haeresis

398 4426 491 4487 sit,
516 4425 611 4481 sed
645 4425 854 4495 signum
885 4423 1145 4493 sensibile
1174 4423 1291 4492 ejus
1327 4424 1663 4511 prmsentize,
1703 4423 1820 4478 sive
1843 4419 1974 4476 illud

2061 3247 2220 3304 quem
2249 3238 2492 3287 astantes
2520 3229 2607 3284 vix
2662 3212 2913 3299 possent!
2943 3226 3204 3296 aspicere.
3271 3226 3396 3282 Visa
3448 3225 3647 3296 saepius

2063 3324 2238 3381 nubes
2299 3322 2483 3378 lucida
2534 3334 2656 3390 quae
2719 3328 2895 3375 totum
2967 3319 3525 3391 obtegeretgstantem
3589 3318 3645 3373 in

2066 3415 2298 3470 bcmate.

2138 3503 2498 3559 lnstauratum
2525 3502 2592 3557 ab
2623 3516 2689 3557 eo
2727 3485 2900 3558 sancti
2933 3498 3240 3567 Mamantis,
3265 3499 3354 3555 cui
3386 3506 3639 3570 praeerat,

2069 3596 2498 3663 monasterium;
2550 3603 2745 3650 auctus
2795 3593 2872 3649 illi
2912 3595 3302 3655 monachorum
3336 3607 3509 3662 grex;
3566 3592 3646 3646 vi-

2069 3688 2224 3747 sione
2249 3688 2405 3743 nuhis
2432 3670 2621 3742 lucida:
2650 3687 2757 3741 alta
2793 3686 3039 3757 quaedam
3062 3698 3326 3741 concessa
3355 3683 3645 3753 sapientia,

2071 3783 2371 3852 doctusque
2420 3781 2550 3848 ξένα
2604 3780 2730 3833 τινὰ
2770 3775 2872 3833 καὶ
2916 3777 3290 3855 ,κεκρυμμένα
3347 3776 3648 3844 μυστήρια.

2070 3873 2430 3941 Quamobrem
2465 3888 2531 3928 ex
2563 3888 2629 3929 eo
2668 3881 2932 3941 tempore,
2969 3868 3072 3922 οὐκ
3130 3863 3276 3937 εἶχεν
3324 3866 3486 3928 αὐτὸς
3519 3865 3648 3919 tau-

2071 3966 2186 4032 τὸν,
2209 3965 2325 4021 ἀλλ’
2357 3968 2390 4038 ἡ
2424 3965 2518 4019 τοῦ
2548 3964 2681 4019 Θεοῦ
2714 3963 2876 4035 χάρις
2913 3961 3035 4016 ὅλον
3077 3960 3241 4015 αὐτὸν
3276 3961 3413 4031 πρὸς
3445 3958 3647 4031 ἑαυτὴν

2074 4061 2453 4124 ἐπισπάσασα,
2483 4059 2585 4128 τὴν
2616 4060 2714 4130 μὲν
2740 4058 2992 4126 γλῶτταν
3025 4055 3194 4113 αὐτοῦ
3225 4057 3482 4126 κάλαμον
3524 4055 3648 4120 ὀξυ·
3700 4098 3709 4111 ι

2074 4151 2308 4219 γράφου,
2345 4148 2442 4218 τὴν
2467 4146 2523 4201 δὲ
2553 4148 2795 4202 διάνοιαν
2822 4146 3009 4219 πηγὴν
3054 4147 3246 4219 σοφίας
3277 4145 3414 4200 Θεοῦ
3455 4147 3650 4217 ἁπειρ-
3720 4154 3727 4161 ’

2074 4242 2301 4309 γάσατο.
2337 4240 2436 4294 Διὰ
2464 4238 2624 4293 τοῦτο
2656 4240 2751 4293 καὶ
2773 4240 2996 4311 ἀμαθὴς
3021 4238 3096 4293 ὣν
3125 4239 3302 4310 πάντη
3341 4237 3451 4291 τῶν
3484 4237 3651 4306 ούρα-

2077 4335 2168 4388 Θεν
2200 4332 2560 4402 μαθημάτων,
2595 4331 2668 4396 ὡς
2698 4333 2726 4385 ὀ
2754 4333 3134 4404 ὴγαπημένος,
3189 4331 3484 4399 ὲοεολόγει,
3556 4331 3651 4387 καὶ

2076 4424 2145 4477 τὰ
2173 4423 2270 4494 τῆς
2302 4423 2581 4498 θεολογίας
2636 4423 2789 4495 ὅλαις
2825 4424 2944 4490 νυξὶ
2976 4425 3320 4482 ἀνετὰττετο.
3375 4422 3495 4490 Ipse
3534 4422 3651 4499 ,τεὶ-

399 4520 599 4582 lumen,
636 4518 747 4573 sive
776 4516 1053 4585 quodlibet.
1117 4515 1260 4570 aliud
1305 4515 1487 4570 dicere
1510 4528 1734 4569 necesse
1769 4523 1874 4571 est.
1940 4538 1951 4545 -
2000 4513 2042 4568 D
2072 4535 2221 4589 psum
2268 4535 2371 4573 non
2428 4517 2668 4586 habebat,
2733 4520 2823 4573 sed
2844 4518 2940 4573 Dei
3001 4519 3178 4590 gratia
3226 4518 3295 4570 ad
3352 4532 3408 4570 se
3485 4524 3650 4568 totum

473 4608 842 4663 Sacerdotalis
895 4608 1135 4661 muneris
1199 4602 1784 4676 irigciiscxistiiitatio:
1821 4604 1956 4658 Πολ-

399 4703 557 4766 λάκις
590 4698 943 4772 ἐρωτώμενος
973 4699 1128 4771 παρὰ
1154 4715 1340 4762 τινων,
1374 4700 1556 4762 ὁποῖος
1595 4695 1737 4752 εἶναι
1770 4698 1975 4767 ὀφείλει

400 4798 429 4847 ὁ
460 4795 663 4866 ἱερεὺς,
699 4791 856 4862 μόλις
894 4791 1032 4863 μετὰ
1083 4789 1432 4856 κατανύξεως
1466 4790 1806 4863 ἀπεκρίνατο
1845 4790 1975 4866 ,στέ-

318 4924 331 4935 .
402 4860 535 4950 νων,
562 4860 760 4953 Οῐμοιι
792 4860 1012 4955 ᾁδελφοί
1030 4897 1045 4914 ⁸
1079 4883 1132 4936 τι
1164 4898 1232 4950 με
1260 4884 1389 4954 περὶ
1413 4860 1674 4938 τοιούτιον
1695 4860 1974 4954 spurii“;

405 4977 518 5033 Kal
541 4975 602 5030 τδ
631 4975 867 5046 πρᾶγμά
915 4976 1031 5028 ἔστι
1079 4974 1311 5043 φρικτὸν
1341 4976 1437 5030 καὶ
1465 4973 1780 5044 νοούμενον.
1833 4974 1978 5043 Ἐγὼ

406 5071 505 5139 μὲν
531 5067 709 5139 ἱερεὺς
725 5068 980 5139 οὐδαμῶς
1011 5067 1130 5137 εἰμι
1155 5066 1327 5132 ἄξιος,
1356 5067 1418 5121 τὺ
1445 5067 1678 5137 φρικτὸν
1693 5066 1793 5138 τῆς
1824 5067 1978 5138 ἱερᾶς

403 5157 604 5212 ὲννοῶν
633 5158 790 5223 ἀξίας
810 5176 825 5190 ο
865 5158 1006 5227 πλὴν
1031 5160 1183 5229 ὅμως
1213 5157 1476 5228 ἀσφαλῶς
1506 5160 1534 5212 ὀ
1556 5159 1812 5222 ταπεινὸς
1832 5156 1974 5224 οἶδα,

408 5249 649 5312 ποταπὸς
675 5249 882 5319 ὀφείλει
914 5244 1053 5302 εἶναι
1103 5249 1131 5301 ὀ
1163 5249 1365 5320 ἱερεύς.
1396 5247 1626 5320 Πρῶτον
1654 5248 1754 5320 μὲν
1787 5249 1976 5317 ἁγνὸς,

408 5341 468 5392 οὐ
492 5340 569 5409 τῷ
592 5339 808 5410 σώματι
846 5340 1026 5409 μόνον,
1058 5339 1197 5393 ἀλλὰ
1235 5340 1418 5410 πολλῷ
1463 5340 1665 5410 μᾶλλον
1694 5341 1791 5394 καὶ
1842 5343 1978 5411 αὐτῇ
2000 5360 2011 5367 ί

410 5434 477 5500 τῇ
504 5431 678 5502 ψυχῇ.
715 5432 789 5484 Οὑ
826 5431 989 5501 μόνον
1026 5432 1104 5497 δὲ,
1136 5432 1274 5487 ἀλλὰ
1326 5433 1422 5486 καὶ
1470 5433 1659 5505 πάσης
1704 5434 1980 5503 ἁμαρτίας

412 5524 716 5593 ἀμέτοχοςο
765 5524 860 5576 καὶ
889 5523 966 5592 τῷ
1028 5525 1128 5592 μὲν
1164 5522 1364 5588 ἔξωθεν
1412 5525 1535 5596 ἤθει
1567 5524 1865 5592 ταπεινὸς,
1904 5523 1982 5595 τῷ

411 5614 467 5667 δὲ
492 5613 708 5668 ἔνδοθεν
735 5615 1127 5686 καταστήματι
1179 5616 1673 5687 συντετριμμένος.
1707 5617 1879 5670 Ὅταν
1925 5617 1982 5669 δὲ

410 5707 480 5775 τῇ
518 5706 639 5776 ἱερᾷ
669 5704 922 5776 τραπέζῃ
953 5707 1306 5776 παρζσταται,
1330 5708 1532 5778 νοερῶς
1562 5708 1662 5779 μὲν
1701 5708 1800 5779 τὴν
1851 5706 1983 5761 Θεό-

414 5812 571 5864 τητα,
610 5795 887 5866 αἰσθητῶς
941 5797 996 5850 δὲ
1061 5799 1129 5852 τὰ
1175 5798 1514 5870 προκείμενα
1563 5800 1710 5870 δῶρα
1773 5800 1982 5870 ὀφείλει

2078 4612 2338 4675 trahente,
2382 4612 2566 4682 lingua
2597 4610 2809 4681 quidem
2854 4610 3092 4664 calaums
3162 4607 3349 4662 scribis
3413 4605 3656 4661 uelociter

2076 4706 2375 4768 scribentis,
2422 4720 2565 4758 mens
2597 4718 2741 4765 vero,
2812 4702 2930 4770 fons
2998 4699 3092 4754 Dei
3143 4699 3420 4768 sapientia:
3468 4696 3654 4765 elfecta

2075 4806 2210 4851 erat.
2243 4795 2454 4850 Idcirco
2489 4796 2670 4860 etiam,
2708 4794 2832 4849 licet
2859 4793 3091 4847 omnium
3125 4805 3342 4861 prorsus
3374 4804 3439 4843 ea:
3471 4788 3656 4844 δίει-ιιιί

2078 4904 2176 4941 usu
2211 4887 2616 4955 disciplinarum
2648 4887 2830 4950 rudis,
2911 4885 3127 4953 perinde
3191 4898 3252 4936 ac
3298 4881 3517 4935 dilectus
3566 4879 3657 4934 ille

2075 4978 2385 5048 discipulus,
2420 4993 2539 5048 qua:
2581 4978 2770 5033 divinis
2811 4976 3046 5033 scientlte
3099 4983 3245 5037 sunt,
3304 4972 3512 5038 edebat,
3577 4981 3659 5026 to-

2077 5082 2259 5141 tasque
2306 5078 2482 5124 noctes
2541 5068 2831 5140 theologica
2879 5061 3189 5122 instruebat.
3234 5062 3358 5121 Hice
3388 5074 3659 5118 tantarum

2080 5162 2368 5233 Symeonis
2393 5160 2836 5216 lucubrationum
2865 5160 3040 5229 origo.
3107 5158 3245 5213 llinc
3302 5156 3659 5217 Θεοδὶδακτος

2080 5265 2305 5325 repente
2373 5254 2635 5324 magister
2719 5267 2782 5309 ac
2840 5253 3072 5322 scriptor
3135 5252 3367 5323 Symcon
3449 5249 3657 5305 evasit:

2079 5326 2387 5417 qua‘nquam
2414 5346 2545 5402 nihil
2571 5353 2737 5412 vetat,
2772 5345 2853 5401 vel
2898 5346 2944 5401 si
2988 5361 3018 5401 a
3049 5345 3160 5401 Deo
3190 5345 3496 5400 dederimus
3521 5340 3660 5393 hanc

2083 5440 2373 5503 visionem,
2405 5453 2576 5508 eaque
2633 5436 2863 5493 all‘usam
2924 5437 3269 5504 sapientiam,
3338 5430 3534 5499 aliquid
3593 5441 3660 5480 ex

2082 5532 2238 5604 genio
2262 5531 2434 5601 ipsum
2454 5528 2744 5593 addidisse,
2773 5528 2847 5582 uti
2877 5528 2990 5584 fere
3014 5528 3068 5581 in
3106 5521 3399 5583 Bcrnardo,
3450 5524 3659 5571 nostro-

2082 5638 2189 5696 que
2223 5621 2469 5688 Alberto,
2498 5619 2577 5676 sic
2609 5620 2872 5675 divinitus
2898 5619 3072 5674 auctis
3118 5612 3369 5675 scientia,
3427 5616 3657 5676 quorum

2085 5721 2263 5766 tamen
2317 5711 2498 5765 omnia
2543 5725 2646 5764 non
2690 5710 3027 5778 'probantur.

2156 5800 2291 5858 Hinc
2325 5801 2525 5858 crebrae
2559 5800 2843 5871 Symeonis
2885 5803 2952 5858 ad
3005 5814 3133 5856 suos
3196 5796 3511 5853 eatrchcscs
3562 5802 3654 5849 seu
