4052 6446
498 368 606 432 233

1756 362 2152 425 MANUELIS
2192 364 2499 424 CALEC/E

2836 419 2863 467 ι
3606 356 3735 431 ealv

494 497 816 554 partenescs,
859 482 1239 556 Studianorum
1298 481 1411 537 l‘ere
1470 481 1852 537 monachorum
1907 482 2054 544 ritu;

2167 482 2578 550 ἑγκοπτιῦμενος.
2633 482 2739 552 Τὴν
2771 482 2996 553 ἄπειρον
3046 482 3138 535 οὖν
3200 484 3481 556 συντριϐὴν
3524 487 3700 554 εἰδότες

492 587 652 646 atque
679 577 731 629 in
756 576 835 630 eis
882 576 1054 644 magni
1090 576 1383 641 pmsertlm
1409 571 1741 631 confessoris
1767 572 2054 637 Theodori,

491 681 597 733 quo
627 665 709 720 vel
741 665 969 719 maxime
1005 664 1242 717 antistite
1292 662 1531 731 dnceque
1571 663 1881 716 monasticte
1906 676 2060 716 exero

492 757 781 817 citationis.
866 754 1096 826 Symeon
1156 753 1505 824 gloriabatur.
1574 752 1771 809 Eorum
1829 764 2057 822 pertaesa

494 848 898 911 monachorum,
958 848 1060 913 sub
1129 860 1193 901 eo
1250 846 1572 901 merentium
1633 861 1758 914 pars
1815 847 2056 916 (triginta

491 938 706 991 circiter
746 938 1015 1007 monachi)
1047 937 1290 994 discissis
1337 939 1512 1009 palliis
1559 953 1660 991 una
1697 938 1927 994 coitione
1973 939 2056 992 vix

493 1048 594 1085 non
629 1034 885 1086 violentas
916 1033 1220 1103 injicientes
1250 1050 1462 1100 manus,
1486 1044 1783 1103 enectoque
1821 1044 2058 1102 pastore,

490 1123 727 1178 olli-actis
782 1125 1093 1178 monasterii
1183 1123 1415 1189 foribus,
1474 1124 1778 1179 tumnltnin
1833 1127 2062 1195 patriar-

490 1214 667 1266 chium
700 1215 1029 1282 irrumpunt,
1092 1215 1344 1283 querelas
1375 1214 1677 1269 effundunt.
1713 1218 1904 1270 Audita
1959 1217 2061 1287 Sy-

491 1306 697 1359 meonis
720 1306 1110 1368 satislaetione,
1143 1308 1368 1375 ejusque
1400 1308 1463 1359 ad
1500 1322 1628 1362 suos
1670 1307 1891 1376 probata
1962 1324 2060 1377 pa-

472 1396 700 1471 ~ra-ncsi.
742 1397 979 1450 damnati
1001 1397 1190 1451 exsilio
1220 1413 1247 1451 a
1279 1399 1595 1466 patriarcha
1654 1400 1887 1469 protervi
1947 1415 2060 1454 mo-

491 1488 680 1550 nachi;
713 1490 908 1554 vixque
937 1486 1222 1559 Symeonis
1280 1503 1462 1559 rogatu
1509 1492 1756 1559 permissi
1816 1493 1868 1546 in
1928 1493 2061 1546 urbe

400 1648 405 1655 ‘
492 1591 732 1643 manere,
763 1580 1086 1633 monasterio
1122 1582 1560 1637 tamen'exclusi.
1593 1582 1823 1653 Symeon
1853 1585 1930 1639 sic
1960 1599 2056 1652 per

491 1668 679 1720 urbem
713 1668 985 1736 dispersos
1039 1669 1279 1739 singulos
1359 1672 1548 1725 adiens
1606 1671 1934 1740 demulcere,
1990 1673 2059 1727 ad

490 1771 656 1819 seque
721 1771 1015 1822 revocare,
1060 1760 1319 1828 brevique
1376 1771 1520 1815 tanta
1589 1762 1674 1817 illa
1735 1765 2061 1819 humanitate

2157 571 2249 623 τοῦ
2285 572 2609 638 ἐπισκόπου,
2647 574 2743 627 καὶ
2794 573 2893 643 τὴν
2922 572 2978 625 ὲν
3007 573 3189 626 πένθει
3231 575 3415 630 τούτου
3464 578 3702 649 διάνοιαν,

2156 663 2217 715 ού
2251 663 2408 730 μόνον
2432 663 2766 734 συγγνώμην
2797 667 3020 736 ταχεῖαν
3035 664 3111 737 τῷ
3137 666 3293 721 πάθει
3317 667 3557 737 διδοῦσιν,
3584 671 3706 727 ἀλλὰ

2158 757 2249 808 καὶ
2303 754 2527 826 μυρίαις
2578 757 2957 826 παρακλήσεσι
3000 757 3060 809 τὸ
3105 757 3407 812 κατώδυνον
3463 776 3706 832 παρακα-

2157 848 2339 900 λοῦσιν
2362 848 2527 901 αὑτοῦ
2556 849 2653 919 τῆς
2697 848 2895 919 ψυχῆς.
2934 848 3096 903 Ἀλλὰ
3123 849 3202 919 τῷ
3237 852 3560 922 περικαρδίῳ
3587 870 3707 924 κρα-

2158 940 2417 1009 τούμενος
2465 943 2491 992 6
2520 939 2812 1001 ἐπίσκοπος
2864 940 3029 1010 πόνῳ,
3071 941 3454 1011 ἀπαράκλητος
3510 944 3706 1015 ἔμενεν.
3772 988 3779 997 .

2170 1027 2408 1080 Ἐκεῖθεν
2432 1023 2526 1080 οὖν
2571 1027 2708 1095 πρὸς
2740 1028 2839 1097 τὴν
2885 1029 3300 1083 Κωνσταντίνου
3363 1032 3705 1100 μεγαλόπολιν

2159 1121 2248 1172 τδν
2276 1120 2504 1173 ἕλκοντα
2554 1108 2914 1190 ἀποστρέφει.
2964 1121 3114 1190 Πεζῆ
3169 1123 3465 1177 τοίνυνκαὶ
3518 1127 3710 1195 ταύτην

2160 1213 2529 1282 ποιησάμενος
2561 1213 2660 1283 τὴν
2682 1214 2926 1283 πορείαν,
2977 1215 3389 1284 καταλαμϐάνει
3420 1216 3515 1285 τὴν
3571 1217 3710 1286 βασι-

2159 1301 2450 1356 λεύουσαν·
2475 1305 2570 1357 καὶ
2600 1306 2677 1368 είς
2707 1306 2806 1375 τὴν
2835 1307 3082 1375 μεγάλην
3140 1308 3233 1360 τοῦ
3287 1306 3420 1361 Θεοῦ
3475 1307 3711 1362 εἰσελθὼν

2173 1391 2529 1461 Ἐκκλησίαν,
2598 1394 3005 1471 ἐξομολογετται
3061 1399 3198 1466 μετὰ
3237 1396 3486 1468 δακρύων
3540 1397 3613 1468 τῷ
3658 1415 3712 1449 τε

2161 1484 2474 1557 πατριάρχῃ
2506 1484 2729 1548 καὶτοῖς
2757 1487 3075 1558 ἀρχιερεῦσι
3126 1489 3187 1540 τὸ
3227 1490 3448 1559 πτῶμα,
3501 1489 3592 1542 καὶ
3627 1490 3714 1541 σὺν

2160 1577 2236 1644 τῷ
2261 1576 2405 1646 λόγῳ
2436 1579 2495 1631 τὸ
2522 1579 2620 1646 τῆς
2657 1579 2960 1650 ἐπισκοπῆς
3008 1581 3227 1654 ἀξίωμα
3267 1585 3407 1653 μετὰ
3455 1583 3551 1653 τῆς
3594 1584 3714 1635 ora.

2163 1686 2301 1731 σεως
2328 1669 2666 1723 ἀποτίθεται.
2724 1670 3014 1741 Episcopus
3058 1690 3181 1743 ergo
3234 1682 3386 1729 tanta
3427 1676 3600 1743 pedes,
3630 1677 3713 1728 vite

2162 1762 2237 1812 sic
2265 1761 2453 1830 longtv,
2486 1762 2701 1830 planctu
2724 1763 2967 1845 luctuque
2988 1768 3204 1818 decurso
3239 1766 3445 1831 itinere,
3478 1765 3712 1819 Romam-

491 1861 555 1898 ac
634 1846 919 1900 sedulitate
983 1849 1048 1902 ad
1122 1849 1349 1903 ofﬁcium
1403 1851 1720 1920 caulamque
1778 1855 2061 1910 universos
2097 1844 2261 1921 Bque
2293 1854 2519 1916 veniens,
2553 1854 2794 1907 trahente
2829 1869 2892 1907 ea:
2937 1866 3124 1909 catena
3176 1857 3409 1924 famulo,
3480 1857 3712 1910 delictum

490 1938 656 2006 cogit.
689 1937 777 1990 Ἐν
808 1938 973 2007 ὀλίγῳ
1002 1940 1208 2003 πάντας
1240 1941 1544 2011 συνήγαγεν
1576 1945 1603 1995 6
1635 1944 1836 2011 ποιμὴν
1873 1945 1901 1995 6
1958 1962 2057 1999 κα-

488 2028 601 2092 λὸς,
637 2029 731 2082 καὶ
759 2028 855 2098 τὴν
885 2029 1018 2083 ίδίαν
1042 2028 1196 2093 αὖθις
1226 2032 1397 2101 αὐλὴν
1443 2035 1553 2104 τοῖς
1580 2032 1805 2101 ἡμέροις
1835 2034 1927 2087 καὶ
1954 2033 2059 2103 πρὸ

491 2119 719 2190 βραχέος
740 2119 1061 2190 ἀγριωοεϊσι
1114 2121 1407 2189 προϐάτοις
1452 2123 1729 2190 ἐγέμισεν.
1758 2123 1911 2178 Brevi
1932 2134 2061 2179 tem-

489 2225 612 2277 pore
670 2213 831 2263 bonus
895 2220 1076 2279 pastor
1124 2222 1339 2265 cunctos
1400 2218 1754 2283 congregavit,
1808 2231 2060 2285 suamque

491 2315 674 2354 rursus
709 2300 920 2355 caulam
940 2303 1228 2355 mansuetis
1290 2305 1466 2357 ovibus
1524 2305 1682 2373 paulo
1720 2316 1839 2359 ante
1883 2306 2059 2374 e/fcris

490 2393 741 2462 implevit,
781 2392 892 2449 lloc
929 2394 1273 2463 sequentium
1312 2393 1598 2464 Symeonis
1656 2398 1933 2451 turbarum
1997 2411 2061 2453 ac

489 2480 844 2533 tentationum
907 2480 1325 2543 rudimentum,’
1355 2494 1453 2533 nec
1533 2481 1716 2550 dispar
1766 2482 2057 2537 admodum

486 2584 693 2635 causa;
753 2570 1055 2639 improbata
1099 2569 1353 2624 nimirum
1390 2572 1507 2639 ejus
1542 2573 1624 2626 vel
1654 2573 1949 2639 disciplina:
1979 2572 2062 2627 vel

488 2661 749 2714 doctrinae
779 2661 1023 2729 qumdam
1061 2659 1261 2729 capita.
1294 2657 1429 2714 Vitae
1452 2671 1641 2716 auctor
1674 2671 1835 2716 unam
1885 2678 2060 2717 arces-

488 2752 562 2804 sit
628 2750 886 2821 Stephani
914 2750 1153 2821 Syneelli
1230 2750 1287 2804 in
1349 2766 1477 2806 eum
1524 2742 1803 2823 invidiam;
1832 2755 1899 2810 de
1955 2768 2061 2824 quo

490 2849 673 2910 postea
683 2878 699 2895 .

560 2933 814 3004 Dist-ipuli
840 2936 1123 2990 sanctitate
1150 2949 1213 2990 ac
1241 2935 1486 2990 moribus
1509 2936 1773 3003 celebres;
1802 2938 2062 2994 Arsenius

489 3027 604 3095 ipse
634 3026 925 3098 Paphlago,
950 3030 1251 3101 eunuchus,
1282 3044 1441 3100 quem
1473 3041 1529 3086 et
1562 3031 1811 3084 abdicata
1837 3031 2056 3085 demum

490 3118 831 3185 przel‘eetura,
856 3122 937 3176 sui
963 3121 1079 3179 loco
1102 3131 1369 3193 pastorem
1392 3123 1577 3182 voluit.
1618 3121 1724 3177 Viri
1752 3121 2018 3177 institutio
2041 3137 2059 3189 ;

2166 1960 2317 2011 path
2357 1943 2974 2015 conﬁtetur,'liomteque
3014 1949 3309 2000 constitutis
3340 1949 3609 2015 episcopis,
3640 1949 3709 2001 la-

2165 2038 2353 2090 mentis
2382 2048 2431 2089 et
2456 2039 2661 2104 ejulatu
2703 2038 3002 2097 crebrisque
3031 2041 3309 2108 gemitibus
3358 2040 3597 2093 intercisa
3642 2038 3717 2092 illi

2165 2128 2501 2197 confessionis
2528 2144 2665 2182 uoce.
2702 2129 3017 2182 Immensum
3056 2130 3229 2200 itaque
3258 2132 3489 2200 episcopi
3535 2130 3716 2184 contrio

2168 2221 2361 2274 tionem
2393 2219 2648 2284 videntes,
2685 2220 2931 2288 luctuque
2953 2238 3260 2291 oppressum
3323 2224 3576 2287 animum,
3629 2236 3713 2275 ue-

2165 2311 2289 2363 dum
2319 2311 2525 2362 veniam
2553 2310 2710 2362 citius
2750 2311 2940 2365 delicto
2986 2312 3283 2382 indulgent,
3338 2329 3517 2368 verum
3572 2314 3716 2364 etiam

2165 2399 2279 2469 ejus
2314 2392 2478 2452 animi
2518 2400 2748 2453 dolorem
2789 2400 2955 2455 modis
2982 2403 3222 2455 omnibus
3244 2402 3492 2456 solantur
3514 2416 3574 2455 ac
3595 2399 3716 2453 deli—

2170 2495 2341 2545 niunt.
2382 2491 2402 2544 1
2413 2492 2480 2545 lle
2505 2502 2674 2546 tamen
2706 2494 2944 2562 graviore
2974 2493 3148 2549 cordis
3176 2495 3363 2551 dolore
3387 2504 3555 2550 tentus
3580 2505 3720 2559 atque

2168 2586 2407 2645 obrutus,
2445 2600 2645 2636 omnem
2672 2584 2869 2653 respuit
2897 2585 3335 2641 consolationem.
3399 2586 3530 2640 Inde
3574 2586 3723 2655 igitur

2169 2692 2344 2729 versus
2375 2690 2618 2744 magnam
2641 2672 2977 2737 Constantini
3000 2675 3202 2740 urbem,
3231 2679 3529 2731 trahentem
3558 2676 3716 2729 vertit.

2177 2766 2391 2837 llocque
2422 2771 2553 2821 adeo
2584 2769 2686 2821 iter
2748 2766 2903 2836 pedes
2934 2768 3235 2835 conﬁciens,
3282 2770 3341 2822 in
3404 2772 3578 2822 urbem
3630 2782 3720 2818 auo

2166 2872 2371 2929 gustatu
2392 2861 2527 2914 venit
2546 2878 2564 2926 ;
2583 2861 2946 2929 ingressusque
2968 2844 3224 2927 Majorem
3252 2859 3572 2918 Ecclesium,
3600 2858 3724 2918 olfa-

2169 2968 2257 3005 sus
2302 2952 2573 3021 lncrymis,
2612 2952 2861 3005 delictum
2892 2938 3212 3014 patridrcltte
3264 2950 3549 3017 confitetur
3592 2948 3725 3015 eique

2169 3042 2515 3096 assidenttbus
2556 3042 2812 3109 episcopis
2842 3056 2862 3105 ;
2900 3041 3135 3109 interque
3158 3040 3342 3105 verba,
3372 3053 3491 3093 cum
3535 3045 3726 3095 catena,

2168 3131 2511 3200 episcopalem
2545 3130 2856 3199 dignitatem
2887 3129 3119 3198 deponit.
3164 3128 3519 3205 Insigne-hoc
3567 3123 3728 3196 patui-

490 3209 717 3267 fervoris
741 3214 976 3268 eoercita
1007 3215 1172 3268 nimia
1192 3216 1309 3280 vis;
1333 3216 1606 3270 insinuata
1636 3215 1889 3270 discretio
1912 3215 2062 3270 cibo-
2089 3200 2132 3265 C
2168 3224 2346 3278 ιθηιῑω
2374 3208 2706 3291 exemptum,
2758 3222 2985 3291 ejusque
3032 3200 3360 3289 disciplinae,
3415 3236 3520 3289 qua
3548 3234 3605 3272 se
3638 3213 3729 3285 ipsi

490 3303 1095 3373 rumqueindulgentia,
1124 3320 1245 3361 cum
1284 3306 1357 3361 ita
1393 3314 1583 3377 poscat
1613 3302 1907 3360 necessitas
1940 3318 2063 3360 cor-

488 3392 658 3461 poris.
697 3393 1020 3449 llierotheus
1052 3411 1116 3451 cx
1150 3396 1403 3466 episcopo
1436 3399 1753 3464 monachus,
1773 3394 2062 3467 Symeonis

491 3486 805 3554 discipulus.
863 3488 1121 3544 Abdicato
1156 3490 1312 3545 sodes
1346 3490 1680 3560 dignitasque
1714 3488 2059 3559 episcopalis,

493 3579 701 3648 nepetis
723 3594 786 3634 ex
808 3581 1103 3650 improviso
1155 3596 1395 3651 casuque
1429 3581 1742 3638 homicidio.
1767 3581 1925 3635 Adita
1952 3580 2063 3651 pri-
2093 3636 2101 3647 ,

492 3686 637 3725 mum
668 3670 836 3727 Roma
871 3672 1202 3742 paenitentia:
1231 3687 1429 3738 causa;
1466 3683 1575 3726 tum
1606 3672 2063 3738 ConStantinpo-

491 3763 556 3819 lis
598 3768 708 3834 ipsa
740 3779 877 3819 nova
911 3766 1101 3819 Roma.
1137 3763 1284 3820 Satis
1341 3766 1484 3819 enim
1533 3778 1631 3834 per
1691 3779 1754 3819 ea
1818 3774 2061 3831 tempora

465 3857 707 3926 utrique
760 3857 1015 3914 Ecclesiae
1044 3858 1419 3921 conveniebat,
1477 3858 1649 3926 sopito
1679 3855 1895 3910 interim
1927 3854 2065 3933 Pho-

491 3951 638 4003 tiano
669 3951 980 4013 schismate,
1025 3950 1366 4020 necdumque
1402 3948 1666 4003 Cerufarii
1714 3946 2066 4000 turbulentis-

491 4042 611 4094 simi
642 4041 872 4093 hominis
900 4043 1110 4094 artibus
1134 4056 1196 4094 ac
1226 4040 1414 4095 fraude
1441 4042 1761 4094 instaurate.
1792 4038 2065 4092 llacteuus

492 4133 661 4198 enim,
679 4133 907 4186 utetiam
928 4141 1117 4187 auctor
1134 4142 1216 4187 est
1233 4131 1459 4186 Michael
1474 4133 1678 4189 Psellus
1703 4134 1755 4185 in
1782 4131 2063 4195 Oratione,

492 4224 622 4293 ejus.
644 4236 740 4289 pro
769 4221 957 4277 funere
994 4221 1355 4292 Laudatoria,
1377 4210 1689 4284 (lecessorcs
1729 4220 1920 4274 mitius
1941 4234 2065 4273 cum

493 4312 704 4366 Latinis
730 4323 972 4379 egerant,
997 4328 1060 4367 ac
1088 4311 1203 4368 fere
1226 4313 1541 4383 ἀδιάφορον,
1574 4312 1834 4381 quidquid
1866 4312 2073 4365 alteru-

496 4396 575 4458 tria
591 4406 871 4468 sentirent,
904 4407 1111 4474 integra
1140 4406 1504 4460 Ecclesiarum
1536 4405 1938 4467 communione,
1967 4403 2066 4458 ba-

2162 3315 2333 3370 Grreei
2372 3315 2683 3368 sacerdotes
2712 3315 2980 3379 abdicant,
3015 3314 3102 3367 ubi
3128 3314 3377 3382 aliquid.
3405 3314 3565 3368 etiam
3614 3319 3732 3361 casu

2163 3414 2256 3458 aut
2285 3404 2612 3474 ignorantia,
2642 3404 2693 3455 in
2714 3416 2951 3457 canones
2979 3401 3338 3470 deliquerint.
3369 3399 3575 3457 Novum
3606 3410 3732 3466 quo-

2163 3506 2267 3561 que
2295 3506 2392 3562 pro
2414 3507 2474 3544 ea
2492 3501 2670 3558 aetate,
2693 3493 3050 3547 observantiae
3072 3507 3198 3563 erga
3218 3492 3522 3547 Eeclesiam
3552 3490 3710 3543 Roma

2164 3598 2288 3637 nam
2322 3582 2552 3651 ejusque
2587 3582 2904 3647 antistitem,
2940 3581 3191 3637 Ecclesia:
3218 3580 3433 3637 Graeca:
3461 3584 3739 3637 documen—

2164 3684 2296 3729 una.
2321 3673 2400 3727 illi
2434 3672 2574 3727 laeta
2594 3673 2887 3741 confessio,
2917 3674 2985 3728 ab
3014 3689 3078 3727 eo
3101 3688 3367 3730 concessa
3393 3670 3732 3742 indulgentia.

2164 3766 2472 3837 oblataque,
2510 3765 2819 3830 utvidetur,
2852 3765 2996 3821 sedis
3025 3765 3286 3835 dignitas,
3312 3767 3366 3820 ni
3406 3768 3521 3838 ipse
3552 3768 3735 3833 sponte

2165 3869 2286 3911 sese
2341 3856 2599 3910 abdicare
2647 3852 2950 3919 maluisset,
3009 3868 3073 3909 ac
3130 3855 3255 3909 vita:
3287 3857 3556 3926 reliquum
3606 3854 3734 3928 inter

2168 3947 2465 4002 monachos
2500 3942 2839 4016 poenitentiae
2867 3928 3142 4000 laboribus
3159 3945 3469 4000 subducere
3495 3960 3510 3998 :
3540 3940 3736 3997 delecto

2167 4037 2223 4090 in
2263 4052 2381 4093 eam
2416 4053 2527 4092 rem
2578 4037 2849 4107 Symeone
2876 4037 3038 4099 duce,
3072 4036 3174 4093 sub
3204 4051 3316 4105 quo
3348 4039 3515 4091 etiam
3546 4030 3733 4088 eximia

2166 4127 2244 4182 illi
2298 4129 2444 4183 edita
2488 4117 2797 4184 sanctitatis
2830 4128 3098 4195 exempla.
3155 4124 3260 4181 Sed
3290 4128 3358 4183 ad
3419 4128 3735 4196 Symeonem

2168 4222 2470 4276 revocanda
2505 4221 2702 4275 oratio.
3034 4232 3041 4239 '
3742 4270 3773 4289 κ

2238 4312 2526 4366 Annnentc
2565 4311 2756 4380 Sergio
2785 4313 3116 4381 patriarcha,
3157 4314 3500 4383 praelectum
3522 4324 3655 4363 onus
3691 4321 3742 4358 ιη

2169 4403 2455 4459 Arsenium
2506 4405 2702 4470 rejicit.
2735 4403 3063 4458 Documenta
3115 4406 3191 4458 illi
3245 4408 3455 4475 pariter
3496 4405 3745 4474 gregique

499 4499 729 4552 buerant
768 4515 780 4550 :
815 4498 957 4566 quod
1009 4498 1264 4559 nimirum
1316 4495 1561 4550 eamdem
1614 4506 1874 4563 utrosque
1911 4495 2066 4550 fidem
2101 4535 2142 4589 ι)
2171 4492 2383 4559 egregia
2419 4491 2637 4545 tradita.
2662 4491 2741 4545 Ex
2771 4493 2875 4546 illis
2903 4492 3203 4560 disciplinae
3220 4506 3515 4565 caputnon
3549 4490 3743 4562 pigebit

497 4588 616 4642 aliis
644 4588 874 4657 aliisque
904 4589 1084 4643 verbis
1113 4588 1354 4657 profiteri
1396 4587 1703 4642 sentiebant
1731 4629 1746 4653 ,
1798 4589 1899 4642 etsi
1947 4603 2059 4642 non

496 4683 718 4737 deerant
750 4682 840 4748 qui
886 4680 1106 4736 Latinos
1134 4681 1389 4735 roderent
1439 4680 1755 4747 errorisque
1785 4678 2066 4737 insimula-

499 4783 616 4828 rent
638 4790 701 4828 ac
725 4774 1089 4829 traducerent.
1118 4771 1206 4827 Sic
1256 4785 1386 4840 ergo
1434 4780 1622 4824 auctor
1650 4772 1714 4823 de
1752 4773 2012 4840 episcopo
2041 4814 2055 4835 ,

497 4883 656 4935 quem
684 4866 823 4920 πάνυ
848 4866 1070 4934 θεοφιλῆ
1098 4867 1189 4918 τὸν
1211 4866 1434 4933 τρόπον,
1451 4864 1547 4916 κα)⁵
1569 4862 1656 4915 τὸν
1679 4863 1790 4932 βίον
1820 4864 1957 4932 μετὰ
1976 4865 2069 4916 τοῦ

501 4956 660 5023 λόγου
689 4955 929 5025 καθαρὸν
987 4955 1394 5024 καίὲνάρετονο
1456 4953 1687 5006 moribus
1744 4954 2073 5023 religiosissi-

501 5065 664 5113 mum,
694 5050 901 5117 vitaque
924 5064 1041 5101 cum
1069 5048 1311 5101 doctrina
1340 5061 1401 5099 ac
1424 5046 1628 5116 eloquio
1650 5046 1852 5099 clarum
1876 5047 2073 5100 studio-

497 5130 735 5208 sumque,
770 5140 981 5191 dixerat
1013 5155 1026 5203 ;
1060 5150 1219 5205 quem
1268 5144 1322 5191 et
1349 5137 1417 5189 ab
1452 5135 1744 5190 homicidio
1796 5135 1881 5189 vix
1934 5150 1964 5189 a
2015 5149 2074 5190 se

503 5231 660 5282 avelli
693 5228 809 5297 ejus
835 5242 1027 5295 passus
1050 5235 1188 5280 esset
1216 5226 1413 5291 clerus,
1438 5226 1516 5281 sic
1542 5227 1630 5279 ille
1655 5229 1817 5295 digne
1838 5227 2075 5305 pastoris

502 5330 684 5387 partes
724 5318 979 5383 implebat
1013 5315 1371 5386 εΔιαδραμὼν
1415 5311 1508 5368 οὖν
1540 5317 1629 5367 τὸν
1664 5316 1914 5368 τοσοῦτον
1952 5316 2074 5386 δρός

503 5429 604 5480 μον
634 5410 769 5478 πεζῆ
793 5411 888 5474 τῆς
916 5408 1130 5477 μακρᾶς
1161 5406 1373 5475 ἐκείνης
1398 5408 1518 5460 ὁδοῦ
1545 5409 1573 5460 6
1600 5409 1899 5471 ἐπίσκοπος
1927 5409 2077 5479 μετάν

504 5502 751 5553 κοπετῶν
777 5500 870 5552 καὶ
893 5498 1166 5567 δακρύων,
1204 5498 1300 5549 καὶ
1320 5497 1417 5566 τὴν
1449 5497 1669 5567 Ῥώμην
1725 5499 2072 5564 καταλαΰὼν,

506 5592 611 5644 ύπδ
631 5592 723 5642 τοῦ
748 5590 932 5642 δούλου
977 5593 1035 5641 ἐν
1096 5589 1279 5641 ἁλύσει
1324 5589 1630 5660 ἑλκόμενος,
1668 5589 2075 5660 ἒξομολογεῖται

504 5682 565 5734 τὺ
608 5681 776 5749 πῶμα
805 5681 881 5750 τῷ
919 5681 1115 5752 πάππα
1145 5682 1367 5744 καὶτοῖς
1393 5683 1449 5735 ἐν
1491 5681 1678 5753 Ῥώμῃ
1726 5682 2070 5753 ἀρχιερεῦσι,

502 5775 720 5832 θρήνοις
749 5777 842 5829 καὶ
876 5777 1139 5839 οἰμωγαῖς
1171 5776 1268 5840 τὴν
1295 5776 1478 5843 φωνὴν
1505 5777 1599 5845 τῆς
1630 5775 1925 5847 ἐξομολογή
1938 5794 2072 5840 seu);

2008 5970 2047 6005 σ

2174 4582 2447 4636 ascribere
2489 4598 2503 4645 ;
2545 4583 2687 4651 quod
2721 4584 2918 4651 ipsum,
2968 4599 3067 4638 nec
3102 4584 3257 4653 longe
3320 4586 3549 4660 remotis
3577 4582 3746 4635 verbis

2169 4671 2402 4727 habetur
2433 4684 2569 4728 orat.
2600 4673 2690 4733 24,
2725 4674 2972 4729 ex'editis
3002 4691 3028 4728 a
3054 4677 3300 4731 Pontano
3337 4691 3354 4729 :
3385 4678 3479 4746 Μὴ
3510 4679 3567 4729 ὲν
3592 4688 3749 4744 προς-

2172 4765 2386 4835 ποιήσει
2410 4763 2715 4835 πραότητος
2740 4765 2829 4817 διά
2849 4764 3067 4819 ἔπαινον
3093 4768 3198 4819 τῶν
3220 4769 3543 4839 ἀνθρώπων.
3560 4762 3747 4835 μικροῦ

2174 4857 2497 4927 πράγματος
2527 4858 2610 4924 ἐφ’
2650 4857 2807 4923 ὕϐρει
2872 4860 3162 4928 γινομένου
3243 4861 3341 4912 τοῦ
3399 4854 3749 4929 εύαγγελικοῦ

2176 4949 2315 5019 βίου,
2347 4950 2442 5002 καὶ
2475 4950 2571 5017 τῆς
2602 4952 2706 5003 τῶν
2738 4951 2988 5020 μοναχῶν
3018 4951 3435 5017 καταστάσεως,
3480 4965 3751 5017 καταφρο·

2173 5043 2360 5109 νήσεις
2384 5058 2399 5072 ο
2428 5042 2561 5095 ἀλλὰ
2594 5041 2685 5095 τὸν
2713 5044 2803 5097 σὸν
2840 5044 3177 5113 μιμούμενος
3204 5045 3447 5113 Χριστὸν
3475 5044 3572 5099 καὶ
3594 5042 3745 5101 Θεὸν,

2176 5134 2578 5205 ὲμΰριμμένος,
2605 5136 2699 5188 καὶ
2731 5136 2925 5188 ἑαυτὸν
2950 5136 3175 5197 ἀπαθῶς
3200 5137 3582 5206 ἐκταράσσων,
3615 5134 3753 5187 ἐκδί-

2152 5238 2337 5294 -κησιν
2388 5229 2540 5281 ποιοῦ
2596 5227 2702 5281 τῶν
2754 5229 2981 5282 ἐντολῶν
3002 5231 3093 5282 τοῦ
3149 5229 3305 5285 Θεοῦ.
3340 5231 3528 5283 Ἔστω
3556 5246 3636 5283 σοι
3668 5225 3754 5278 ἐπὶ

2177 5320 2392 5374 πάντων
2432 5325 2524 5377 καὶ
2551 5323 2643 5374 ἐπὶ
2668 5324 2731 5392 τῇ
2758 5322 3047 5387 ὲξεστάσει
3073 5324 3179 5376 τῶν
3211 5323 3499 5393 λογισμῶν
3524 5325 3754 5377 ἑκάστου

2177 5414 2450 5482 ἀκρίϐεια,
2497 5415 2570 5476 ὠς
2602 5414 2666 5467 ἂν
2692 5416 2891 5485 εἰδείης
2913 5416 3056 5475 τίνες
3111 5417 3211 5485 μὲν
3271 5417 3460 5471 αὐτῶν
3541 5418 3747 5470 δέονται

2177 5507 2272 5574 τῆς
2320 5506 2426 5558 τῶν
2466 5505 2772 5575 εὐχομένων
2816 5508 2910 5559 καὶ
2947 5508 3351 5562 κοινωνούντων
3412 5511 3746 5568 συστάσεως,

2182 5598 2325 5661 τίνες
2356 5597 2411 5651 δὲ
2443 5599 2778 5669 άφορισμοῧ,
2804 5600 2897 5651 καὶ
2927 5578 3020 5669 τῆς
3053 5600 3315 5668 μετὰτῶν
3346 5599 3754 5669 μετανοούντων

2179 5691 2408 5755 τάξεως·
2441 5692 2526 5743 ἶνα
2585 5691 2659 5761 μὴ
2719 5691 2817 5761 τὴν
2877 5693 3207 5762 Ἐκκλησίαν
3262 5693 3405 5746 Θεοῦ
3461 5694 3585 5747 ἀντὶ
3631 5688 3756 5744 ναοῦ

2179 5784 2335 5848 ἁγίου
2396 5783 2656 5851 σπήλαιον
2703 5785 2992 5855 Inst-Emi}
3037 5787 3308 5855 πορνεῖον,
3362 5788 3421 5838 ἐν
3474 5784 3671 5863 γνώθσει
3723 5780 3753 5850 ἢ
