4052 6442
330 363 440 429 265

1085 365 1180 426 DE
1208 310 1715 427 ESSENTIA.E'[‘
1756 361 2272 426 OPERATIONE.
2319 387 2385 398 -
2427 360 2828 420 PRtEFATIO

3497 359 3605 421 2"6

326 485 388 537 ὲν
409 483 620 553 ἀγνοίᾳ,
646 482 902 550 ποιήσῃς,
944 481 1036 533 καὶ
1063 482 1123 532 τὸ
1150 481 1378 556 φοεῒερδν
1417 483 1507 534 ἐπὶ
1535 463 1709 552 τούτῳ
1747 465 1917 554 κρῖμα
1952 487 2008 543 Α.
2025 478 2119 532 καὶ
2144 476 2398 531 κοινωνὸν
2432 477 2531 546 τῆς
2563 476 2728 530 αὑτοῦ
2763 474 3029 546 Θεότητός
3086 491 3147 528 τε
3186 473 3280 529 καὶ
3336 473 3613 545 βασιλεῖας

326 579 426 630 οὐκ
456 575 696 644 ἐκφεύξῃ
721 574 819 642 τῆς
850 573 1018 644 ὀργῆς
1037 574 1129 625 τοῦ
1153 573 1310 630 Θεοῦ.
1349 575 1612 638 Εύλαὸεῖς
1639 578 1912 644 ποιήσεις,

332 665 470 720 κατὰ
494 666 552 716 τὸ
577 664 987 735 γεγραμμένον,
1016 665 1142 726 τοὺς
1174 665 1581 735 πνευματικούς
1614 683 1708 719 σου
1742 666 1858 718 uici:
1871 684 1912 730 ;,

329 759 424 812 aut
447 754 681 821 διδάξεις
719 755 1068 810 εὐλαϐεῖσθαι
1103 757 1299 820 αὐτοὺς
1332 757 1439 810 ἀπὸ
1474 758 1582 811 τῶν
1605 758 1765 830 ἱερῶν
1819 757 1913 810 τοῦ

328 848 463 902 Θεοῦ
486 849 662 901 τόπων
688 846 822 917 ὁμοῦ
851 848 944 901 καὶ
970 847 1204 912 σκευῶν,
1230 848 1326 901 καὶ
1350 849 1698 920 λειτουργίας
1721 851 1910 904 αὑτοῦ.

330 942 526 1002 Maiam;
565 940 673 1010 γὰρ
703 939 811 992 ίσθι
835 941 946 1001 τοῖς
981 940 1301 1010 ἱερωμένοις
1338 940 1436 993 καὶ⁹
1491 942 1914 1005 εύλαόεστάτοις

331 1031 438 1085 τῶν
495 1033 765 1101 μοναχῶ),
806 1035 918 1097 τοῖς
982 1032 1218 1085 καὶτῶν
1247 1033 1564 1104 μυστηρίων
1604 1035 1913 1106 μετέχουσι,

331 1122 391 1174 τὸ
421 1121 684 1174 ἅπτεσθαι
711 1123 889 1174 αὐτῶν
937 1115 1087 1193 παρὰ
1124 1124 1229 1176 τῶν
1259 1126 1576 1179 ἀποστόλων
1611 1125 1911 1197 ἀφιερώθη.

331 1216 429 1267 Διὰ
480 1213 652 1268 ταῦτα
691 1216 749 1290 οὐ
789 1217 1168 1286 συγχωρήσεις
1216 1219 1370 1280 πᾶσι,
1404 1218 1498 1272 καὶ
1551 1223 1662 1283 τοῖς
1724 1219 1915 1290 βευλο-

336 1307 537 1374 μένοις,
566 1305 656 1356 τὸν
681 1285 772 1357 τοῦ
803 1305 948 1358 θείου
981 1285 1224 1375 ματος
1248 1306 1476 1372 εἴσοδον,
1504 1306 1676 1377 ἀλλ’ἢ
1707 1285 1916 1376 μόνοις,

331 1398 406 1458 ὡς
454 1398 690 1467 εἴρηται,
726 1399 839 1460 τοῖς
896 1398 1234 1468 ίερωμὲνοις,
1258 1401 1352 1452 καὶ
1407 1400 1762 1472 ἡγιασμένοις
1807 1401 1917 1454 τῶν

334 1489 597 1556 ἀδελφῶν.
648 1491 782 1556 Περὶ
831 1489 888 1542 δὲ
949 1491 1060 1542 τῶν
1120 1490 1324 1544 λοιπῶν
1361 1491 1472 1544 τῶν
1499 1491 1918 1546 λυσιτελούντων

333 1583 400 1648 σῇ
433 1582 495 1649 τῇ
534 1582 665 1649 μονῇ
706 1580 852 1648 ἔχεις
890 1581 987 1650 τὴν
1034 1580 1390 1636 διδασκαλίαν
1444 1583 1540 1636 καὶ
1574 1583 1668 1638 τὸν
1708 1599 1920 1652 πατρο-

333 1673 639 1741 παράδο;ον
674 1671 847 1726 τύπον
878 1673 1036 1743 ήμῶν
1071 1674 1132 1725 ἐν
1173 1675 1238 1743 τῇ
1281 1673 1628 1743 θεοπνεύστῳ
1645 1671 1917 1726 διατυπὼ·

333 1777 420 1814 σει
450 1763 542 1814 τοῦ
586 1765 1082 1834 μεγαλομάρτυρος
1135 1766 1376 1837 Χριστοῦ
1409 1767 1504 1820 καὶ
1560 1765 1906 1836 ὁμολογητοῦ

340 1855 624 1922 Θεοδώρου
699 1856 794 1908 τοῦ
852 1857 1034 1911 κοινοῦ
1115 1860 1335 1930 Πατρὺς
1413 1859 1510 1912 καὶ
1597 1859 1921 1912 διδασκάλου

335 1934 493 2017 ἡςῘῶν
519 1965 579 2000 τε
626 1948 736 2001 τῶν
765 1949 966 2002 δούλων
1014 1951 1205 2017 αὑτοῦ,
1242 1951 1337 2005 καὶ
1389 1951 1484 2005 τοῦ
1514 1953 1663 2006 ὁσίου
1717 1954 1922 2022 πατρὲις

333 2039 490 2107 ἡμῶν
517 2040 608 2092 τοῦ
635 2041 1000 2098 Στουδιώτουι
1038 2041 1116 2096 Ne
1156 2044 1392 2099 lenitatis
1416 2057 1696 2113 praetextu,
1735 2047 1922 2101 huma-

340 2148 461 2183 nam
494 2129 807 2201 aucupando
837 2133 1068 2197 laudem,
1102 2136 1178 2189 uel
1206 2137 1484 2190 minimum
1508 2137 1658 2208 quid,
1698 2139 1837 2208 quod
1865 2141 1918 2192 in

336 2225 455 2277 τίετε
501 2228 811 2294 euangelica:
839 2239 1111 2296 statusque
1148 2231 1424 2283 monastici
1461 2230 1715 2300 injuriam
1745 2236 1918 2304 cedat,

344 2317 651 2385 neglexeris,
705 2323 794 2372 sed
849 2319 1048 2373 Christi
1084 2323 1158 2374 tui
1197 2322 1388 2391 Deique
1445 2325 1706 2390 imitator,
1757 2327 1934 2391 ευρ-ε.-

339 2425 498 2474 tuens,
540 2423 684 2478 teque
744 2411 851 2475 ipse
903 2413 1278 2479 imperturbate
1314 2417 1554 2479 turbans,
1619 2417 1908 2470 vindictam
1955 2413 1962 2421 ’

349 2502 431 2568 fac
464 2502 824 2555 mandatorum
881 2503 995 2556 Dei.
1061 2502 1124 2558 In
1157 2507 1425 2566 omnibus,
1487 2501 1918 2577 sin'gulorumque

347 2592 652 2643 excitiendis
676 2592 886 2655 animis,
912 2610 1079 2647 acrem
1101 2595 1430 2664 diligentiam
1451 2597 1602 2662 habe,
1630 2607 1684 2650 ut
1712 2599 1916 2652 noveris

349 2687 550 2752 quinam
585 2687 794 2742 illorunt
834 2689 887 2741 in
922 2690 1162 2757 precibus
1201 2691 1488 2745 consistere
1522 2710 1583 2746 ac
1619 2696 1918 2746 communi-

342 2793 461 2830 care
514 2796 711 2834 necesse
790 2781 1064 2844 habeant;
1113 2785 1329 2852 quinam
1401 2786 1504 2838 sint
1586 2786 1916 2856 segregandi,

336 2874 612 2942 eademque
641 2891 757 2927 cum
817 2877 1190 2944 paenitentibus
1229 2876 1399 2930 classe
1454 2878 1801 2946 collocandi;
1855 2897 1918 2934 ne

341 2964 435 3017 Dei
471 2964 775 3026 Ecclesium.
829 2983 924 3035 pro
957 2978 1143 3022 sancto
1180 2965 1305 3022 'Dei
1335 2971 1544 3036 templo,
1602 2973 1911 3036 speluncam

342 3057 610 3111 latronum
639 3071 725 3113 aut
776 3061 1030 3130 lupanar,
1067 3052 1236 3116 sciens
1267 3062 1345 3116 vel
1376 3066 1621 3134 ignarans
1687 3066 1916 3136 efﬁcias;

2017 567 2798 640 ἀπειργάσατο,”θίονὶβεαυὶι,
2829 570 3130 639 sociumque
3153 584 3262 636 sua:
3293 577 3406 622 tum
3436 569 3615 623 Deita-

2020 665 2088 717 tis
2113 674 2220 716 tum
2251 663 2398 734 regni
2420 661 2591 730 e/fecit
2620 662 2788 732 (quod
2818 661 2952 715 nihil
2983 663 3126 731 cogit
3159 677 3347 718 crasso
3381 661 3618 716 Palmum

2019 743 2184 810 sensu
2214 755 2466 820 intelligi,
2499 769 2562 809 ac
2593 753 2739 808 velut
2768 753 2869 806 alia
2901 753 3084 809 Deitas
3112 757 3204 818 sit,
3235 769 3396 823 quam
3428 753 3612 806 divina

2018 843 2132 912 ipsa
2160 843 2422 908 essentia,
2449 845 2674 913 ejusque
2699 844 2750 897 in
2776 843 2932 899 nobis
2955 845 3216 899 bonitatis
3240 844 3502 914 etl‘cetus)
3529 848 3610 898 in-
3634 900 3652 912 ,

2019 938 2125 1005 que
2147 936 2291 990 hunc
2316 937 2533 990 modum
2569 935 2852 1006 Symeonis
2874 936 3100 990 alterius
3131 952 3245 1002 res,
3268 937 3616 1005 juniorisque

2019 1028 2073 1082 in
2100 1043 2223 1082 eum
2257 1028 2488 1098 theologi
2513 1028 2790 1096 nostrique
2819 1027 3102 1098 Symeonis
3120 1026 3297 1081 ol‘licia
3332 1027 3611 1082 describit.

2091 1117 2321 1190 Συμεὼν
2359 1122 2386 1173 ὁ
2443 1120 2588 1182 θεῖος
2643 1121 2853 1184 ὲκ.τί’νος
2908 1120 3070 1190 ἀνὴρ,
3125 1113 3266 1191 ᾧῆν
3318 1122 3614 1189 ἐπώνυμον

2023 1210 2363 1281 φερωνύμως
2396 1211 2424 1262 ὁ
2454 1209 2724 1279 Εὑλαϐὴς,
2761 1213 2789 1264 ὁ
2821 1211 2915 1263 καὶ
2941 1210 3034 1263 τοῦ
3063 1210 3380 1278 θαυμαστοῦ
3413 1213 3609 1263 τούτου

2023 1303 2250 1373 Συμεὼν
2282 1303 2470 1371 πατὴρ
2529 1302 2881 1372 χρηματίσας
2945 1302 3081 1370 ὁμοῦ
3109 1302 3202 1355 καὶ
3267 1303 3609 1367 διδάσκαλος,

2023 1395 2146 1449 ἐπεὶ
2175 1394 2308 1462 πρὸς
2367 1393 2546 1464 γῆρας
2579 1389 2714 1464 ἧκεν
2769 1393 2870 1463 ἤδη
2933 1393 3119 1457 καλὸν,
3175 1411 3616 1464 τεσσαρακοντα-

2021 1487 2182 1538 πέντε
2211 1485 2434 1555 χρόνους
2467 1487 2716 1556 νομίμως
2738 1487 2798 1537 τὸ
2832 1485 2931 1554 τῆς
2960 1485 3322 1555 συνειδήσεως
3374 1485 3617 1555 ἀθλήσας

2024 1579 2343 1649 μαρτύριον,
2376 1581 2604 1649 χάριτος
2633 1578 3000 1647 ἀποστολικῆς
3041 1577 3270 1648 ἠξιώθη,
3298 1580 3468 1641 ίάσεις
3521 1582 3617 1633 καὶ

2022 1669 2280 1740 θαύματα
2347 1670 2688 1742 πεποιηκὼς,
2755 1672 2850 1726 καὶ
2934 1671 3120 1742 βίϐλον
3164 1673 3292 1740 ὅλην
3351 1671 3616 1738 ὠφελείας

2021 1760 2188 1816 οὖσαν
2252 1764 2656 1834 πνευματικῆς,
2719 1763 3204 1836 ἀγράμματοςῶν,
3247 1764 3377 1834 θείῳ
3450 1764 3618 1817 Πνεύ-

1957 1842 1998 1898 Β
2030 1873 2159 1925 ματι
2196 1855 2597 1926 συνεγράψατο.
2628 1855 2776 1909 Ἔδει
2813 1859 2882 1910 6‘2-
2901 1856 3065 1911 αὺτὸν
3114 1857 3474 1911 καταπαῦσαι
3509 1857 3618 1909 τῶν

2028 1936 2258 2015 μακρῶν
2289 1948 2519 2001 ἐκείνων
2577 1949 2678 2018 τῆς
2699 1945 2988 2018 ὰσκὴσὲως
3051 1950 3250 2016 πόνων,
3303 1951 3431 2019 περὶ
3486 1945 3618 2002 ave

2028 2039 2223 2108 μαθεῖν
2272 2037 2452 2110 ζητῶν
2502 2043 2568 2094 ὲκ
2597 2043 2711 2094 τῶν
2745 2042 2889 2096 κατὰ
2947 2042 3150 2107 πλάτος
3205 2043 3616 2114 γεγραμμένων

2023 2133 2406 2209 αὑτῷείσεται
2442 2133 2708 2202 ἀκριϐῶς.
2758 2133 3086 2205 Νενοσηκὼς
3122 2134 3188 2186 τὰ
3234 2139 3334 2206 τῆς
3387 2134 3614 2199 λύσηυς,

2025 2224 2161 2294 πρὸς
2193 2225 2398 2293 Κύριον
2428 2225 2786 2295 ὲνεδήμησεν,
2819 2226 3144 2298 ἐκδημήσας
3175 2228 3270 2280 τοῦ
3308 2227 3610 2280 πολυάθλου

2024 2317 2119 2370 καὶ
2149 2315 2484 2387 κσρτερικοῦ
2518 2316 2684 2369 αὐτοῦ
2712 2316 2986 2386 σώματος.
3047 2320 3248 2372 Τοῦτον
3292 2318 3386 2372 οὖν
3421 2323 3513 2372 καὶ
3547 2319 3615 2371 τὰ

2023 2406 2217 2461 τούτου
2277 2409 2507 2480 λαμπρὰ
2559 2408 2964 2480 κατορθώματα
3022 2403 3112 2462 οία
3171 2411 3234 2479 δὴ
3277 2409 3524 2480 μαθητὴς
3585 2411 3613 2461 ὁ

2027 2500 2299 2571 μακάριος
2329 2494 2484 2564 οὗτος
2508 2500 2687 2566 εἰδὼς,
2735 2503 2951 2554 καὶτὸν
3008 2496 3372 2555 ἁποστολικὸν
3441 2503 3611 2554 αὐτοῦ

2025 2591 2139 2663 βίον
2162 2593 2408 2662 ἀκριϐῶς
2439 2595 2826 2663 ἐπιστάμενος,
2855 2593 2989 2645 Θεοῦ
3013 2592 3155 2662 ἔργα
3182 2594 3278 2646 καὶ
3303 2593 3424 2646 θεῖα
3450 2598 3614 2665 χαρί-

2025 2701 2210 2754 σματα
2249 2686 2326 2756 μὴ
2378 2685 2538 2748 εἰδὼς
2576 2685 2964 2754 κατορύττειν,
3019 2684 3158 2737 ἀλλὰ
3217 2685 3615 2752 ἀνακηρύττειν

2023 2779 2115 2832 καὶ
2146 2779 2424 2847 ἀνυμνεῖν,
2460 2777 2663 2846 ὕμνους
2680 2780 2762 2841 είς
2789 2777 2950 2830 αὑτὸν
2976 2777 3070 2831 καὶ
3092 2779 3343 2847 ἐγκώμια
3373 2781 3436 2832 ὲκ
3464 2779 3616 2845 θείας

2021 2870 2421 2938 ἀποκαλύψεως
2454 2869 2858 2940 συνεγράψατο,
2893 2875 2986 2924 καὶ
3014 2872 3137 2925 ὅλον
3161 2875 3252 2928 τὸν
3279 2874 3392 2944 βίον
3419 2875 3615 2928 αὑτοῦ.

2022 2963 2141 3016 Ἵνα
2182 2961 2358 3016 δὲκαὶ
2417 2963 2555 3032 πρὸς
2587 2962 2749 3030 ζῆλον
2785 2963 2973 3036 ἐγείρῃ
3026 2965 3203 3030 τινὰς,
3240 2967 3322 3028 είς
3358 2968 3417 3019 τὸ
3446 2970 3619 3037 μιμή-

2023 3054 2217 3107 σασθαι
2259 3053 2350 3106 τὸν
2398 3053 2744 3123 ὑμνούμενον
2805 3055 2900 3106 καὶ
2948 3055 3048 3124 τῆς
3109 3055 3312 3126 ἀρετῆς
3375 3058 3616 3126 ἐργάτας

336 3167 556 3220 eamque
591 3152 650 3205 ob
678 3169 804 3215 rem,
843 3153 1170 3208 tremendum
1218 3152 1314 3210 ira:
1346 3157 1441 3210 Dei
1488 3157 1756 3224 judicium
1812 3176 1916 3214 non

2023 3144 2294 3212 γενέσθαι,
2325 3142 2425 3214 τὴν
2460 3144 2684 3214 μνήμην
2736 3143 2924 3206 αὐτοῦ,
2967 3146 3106 3198 κατὰ
3153 3145 3252 3217 τὴν
3311 3147 3420 3200 τῶν
3480 3148 3618 3201 ἀπο⁴

331 3245 579 3315 eﬂ'ugias.
628 3246 918 3316 Religiosos
968 3259 1295 3318 cautosque,
1347 3252 1483 3303 sicut
1533 3252 1786 3320 scriptum
1846 3269 1922 3313 es;

334 3343 349 3403 (
393 3337 549 3390 Leuit.
585 3355 674 3402 xv,
707 3340 822 3409 5|),
874 3340 1037 3409 facies
1099 3343 1365 3411 spiritales
1423 3343 1560 3410 ﬁlios
1594 3352 1737 3410 tuos,
1775 3345 1928 3397 doce—

334 3431 514 3498 bisque
543 3433 660 3485 illos
687 3449 716 3485 a
741 3434 906 3487 sacris
943 3432 1036 3487 Dei
1065 3434 1195 3488 locis
1247 3435 1505 3504 vasisque,
1537 3453 1598 3488 ac
1624 3440 1738 3502 ejus
1762 3438 1924 3489 mini-

332 3526 517 3584 sterio,
546 3527 762 3578 revereri
807 3536 958 3595 atque
991 3527 1191 3580 timere.
1231 3527 1375 3582 Scito
1407 3531 1566 3591 enim,
1629 3529 1757 3582 solis
1809 3531 1921 3582 illis

333 3617 587 3686 qui'sacri
611 3617 810 3669 ordinis
843 3627 988 3684 sunt,
1033 3621 1570 3690 ret'erentissintisque
1629 3622 1920 3682 monachis,

337 3709 530 3777 quibus
555 3719 603 3761 ct
630 3712 1001 3781 mysteriorum
1034 3712 1244 3766 indulta
1279 3715 1564 3782 perceptio,
1615 3714 1922 3783 apostolicis

335 3802 694 3853 sanctionibus
748 3819 1054 3857 concessum
1115 3807 1302 3858 horum
1334 3816 1653 3860 contactum.
1716 3805 1924 3860 Idcirco

337 3909 442 3945 non
473 3896 736 3961 permittes
767 3880 1028 3960 omnibus,
1068 3913 1128 3950 ac
1164 3899 1349 3966 cuique
1399 3897 1692 3951 collibitum
1731 3900 1817 3962 sit,
1869 3900 1922 3951 in

335 3985 569 4036 dirinum
607 3985 752 4040 bema
785 3989 800 4057 (
838 3988 1260 4043 locum’scilicet
1309 3992 1498 4043 altoris
1562 4008 1624 4044 ac
1679 3992 1926 4044 sacerdo~

337 4076 487 4144 tum)
522 4077 721 4132 intrare
755 4095 774 4143 ;
835 4081 925 4133 sed
957 4081 1022 4134 iis
1071 4082 1332 4134 duntaxat
1378 4083 1396 4152 (
1429 4084 1508 4136 uti
1538 4083 1735 4135 dictum
1771 4091 1847 4136 est
1902 4083 1921 4151 )

335 4169 428 4234 qui
460 4170 797 4224 sacerdotalis
847 4172 948 4224 sint
1002 4173 1224 4238 ordinis,
1265 4175 1342 4228 rel
1375 4179 1575 4226 sanctis
1639 4175 1923 4244 fratribus:

335 4256 413 4307 Ad
454 4258 562 4326 alia
597 4260 732 4325 quod
772 4263 980 4322 attinet,
1016 4245 1341 4315 monasterio
1377 4276 1465 4317 tuo
1505 4265 1675 4329 utilia,
1730 4267 1926 4318 doctri-

337 4363 457 4398 nam
509 4349 1023 4422 ltabes,Patrumque
1055 4354 1339 4407 traditione
1385 4365 1651 4424 acceptam
1683 4372 1923 4410 normam

338 4437 392 4488 in
445 4439 616 4506 magni
677 4437 869 4492 Christi
921 4443 1170 4510 martyris
1227 4459 1288 4496 ac
1345 4443 1659 4511 confessoris
1701 4485 1716 4509 ,
1778 4462 1924 4498 cont-

2032 3236 2234 3288 στόλων
2257 3235 2579 3305 παράδοσιν,
2612 3234 3013 3310 ὲτησίωίμετὰ
3062 3237 3283 3290 πάντων
3339 3238 3618 3309 λαμπρῶς

2029 3327 2273 3399 ἑώρταζε
2303 3328 2410 3380 τῶν
2439 3328 2631 3396 ἁγίων,
2682 3329 2884 3398 στήλην
2941 3330 3146 3401 ἀρετῆς
3193 3334 3616 3405 γεγραμμένην,

2026 3422 2125 3493 τὴν
2184 3422 2426 3493 ἱστορίαν
2456 3421 2936 3492 ἁναζωγραφήσας
2991 3424 3090 3493 τῆς
3139 3426 3348 3490 είκὸνος
3409 3427 3615 3480 αὐτοῦ·

2029 3515 2278 3584 Symeon,
2319 3517 2398 3568 vir
2453 3514 2540 3566 ille
2576 3515 2804 3578 divinus,
2859 3518 2942 3585 cui
2985 3517 3349 3572 convenienter
3400 3531 3620 3590 apteque

2043 3607 2363 3660 Venerabilis
2391 3622 2676 3674 cognomen
2713 3606 2838 3676 fuit,
2867 3609 3029 3676 quiet
3067 3608 3402 3665 admirabilis
3456 3613 3618 3681 hujus

2029 3700 2306 3767 Symeonis
2345 3698 2505 3752 Pater
2535 3699 2694 3752 simul
2727 3715 2796 3751 uc
2845 3699 3094 3768 magister
3127 3703 3333 3754 exstitit
3361 3743 3376 3767 ,
3409 3719 3528 3756 cum
3561 3706 3618 3757 in

2025 3796 2215 3843 bonam
2237 3792 2352 3860 jam
2384 3800 2700 3844 senectutem
2727 3792 2971 3854 venisset,
3003 3807 3170 3844 annos
3196 3793 3424 3862 quinque
3456 3810 3618 3862 supra

2025 3881 2404 3951 quadraginta,
2459 3883 2790 3936 conscientia:
2825 3883 3082 3952 martyrio
3139 3883 3368 3952 legitime
3398 3885 3618 3955 perfun-

2027 3991 2158 4040 ctus,
2197 3976 2544 4044 apostolicam
2611 3977 2840 4044 gratiam
2905 3988 3091 4029 nactus
3131 3987 3266 4042 erat,
3326 3981 3617 4031 sanitatum

2025 4079 2268 4138 patrator
2290 4083 2352 4120 ac
2381 4066 2788 4131 miraculorum,
2825 4067 3123 4138 librumque
3162 4069 3422 4138 spiritalis
3469 4071 3619 4124 utili-

2027 4165 2148 4215 tatis
2182 4161 2628 4230 confertissimum
2675 4161 2830 4216 homo
2856 4163 3022 4215 idiota
3046 4179 3108 4218 ac
3134 4162 3434 4219 litterarum
3467 4167 3616 4219 rudis

2027 4257 2205 4308 divino
2262 4253 2469 4323 Spiritu
2533 4258 2939 4322 conscripserat,
2992 4271 3298 4326 necesseque
3339 4267 3544 4311 eratut
3583 4275 3617 4312 α

2027 4348 2288 4417 religiosa:
2327 4347 2719 4424 exercitationis
2759 4347 2926 4414 longis
2990 4349 3100 4402 illis
3141 4341 3410 4403 laboribus
3441 4351 3618 4418 quies-

2028 4449 2159 4491 ceret
2189 4439 2206 4508 (
2231 4439 2295 4490 de
2314 4437 2501 4508 quibus
2525 4439 2615 4506 qui
2641 4454 2790 4492 nosse
2817 4449 3042 4508 quierat,
3073 4455 3137 4494 ea;
3161 4442 3223 4494 iis
3247 4457 3364 4510 qua:
3395 4442 3478 4495 illi
3499 4443 3619 4511 fuse

339 4530 611 4599 munisque
638 4528 814 4584 Patris
844 4543 1000 4603 atque
1030 4533 1281 4599 doctoris,
1314 4537 1483 4588 nostri
1506 4537 1708 4603 pariter
1739 4553 1914 4592 servo.
1949 4531 1990 4585 ῐ)
2026 4534 2220 4599 scripta
2253 4539 2398 4594 sunt,
2447 4540 2694 4584 accurate
2733 4530 2982 4601 pleneque
3034 4531 3288 4601 intelliget
3325 4533 3342 4602 )
3369 4549 3617 4602 suprema

340 4641 452 4677 rum
490 4621 642 4696 ejus;
662 4643 723 4680 ac
750 4629 922 4680 sancti
971 4628 1152 4683 Patris
1191 4630 1363 4684 nostri
1417 4631 1703 4692 Studiotaz,
1737 4632 1910 4684 diuino

337 4717 514 4786 aﬁiatu
556 4721 853 4788 conscripta
889 4719 954 4773 ’Τ
956 4722 1170 4774 lieodori
1210 4723 1597 4790 informatione.
1663 4723 1912 4776 Stutliota

337 4811 446 4874 hic,
484 4827 574 4864 seu
613 4811 930 4876 Stuilianns,
983 4817 1289 4869 conmmuis
1329 4816 1618 4886 Symeonis
1656 4831 1718 4870 ac
1751 4817 1914 4869 Arse-

339 4903 411 4953 nii
449 4903 723 4970 magister,
792 4901 1027 4973 Symeun
1091 4904 1180 4957 ille
1244 4903 1579 4959 Venerabilis
1649 4916 1752 4967 est,
1825 4906 1912 4959 cui

337 4993 568 5064 Symeon
602 5006 880 5062 acceptum
919 4996 1221 5061 referebat,
1279 4999 1536 5067 quidquid
1600 5000 1916 5054 monasticae

337 5086 694 5140 institutionis
731 5068 1022 5154 hauserat;
1044 5089 1194 5156 cujns
1225 5090 1388 5144 etiam
1430 5090 1625 5161 gratia,
1656 5107 1719 5145 ac
1768 5093 1913 5161 quod

335 5177 445 5229 vita
479 5176 721 5232 iunctum
757 5193 934 5232 annua
960 5180 1278 5236 celebritate
1314 5180 1542 5246 coleret,
1595 5191 1740 5235 tanta
1793 5198 1916 5252 pas-

337 5280 432 5319 sus
485 5277 589 5322 est.
640 5267 748 5322 Sed
799 5281 1020 5337 pra-stat
1075 5271 1386 5326 Sthetatum
1458 5273 1580 5327 vine
1632 5282 1912 5328 auctorem

339 5356 548 5418 audire,
585 5370 639 5410 ut
672 5360 890 5429 liqueat,
923 5377 1052 5416 num
1110 5363 1250 5418 ineo
1295 5364 1485 5418 saltem
1531 5376 1717 5418 contra
1751 5366 1916 5420 disci-

338 5446 538 5514 plinam
570 5454 805 5516 peccarit
861 5454 1115 5523 Symeon,
1150 5457 1450 5525 dignusque
1500 5457 1624 5511 inde
1676 5459 1914 5525 irrogato

337 5549 392 5591 et
421 5553 642 5592 carcere
676 5552 730 5595 et
753 5546 946 5598 exsilio
969 5544 1151 5616 fuerit.
1189 5549 1277 5600 Ait
1305 5549 1506 5616 itaque,
1552 5560 1674 5616 post
1717 5549 1917 5604 relatas

338 5631 549 5685 divinas
571 5632 685 5699 ejus
703 5634 958 5715 visiones,
978 5641 1175 5708 quibus
1202 5643 1250 5695 in
1276 5658 1438 5697 sensu
1461 5646 1690 5712 qtttnlam
1725 5645 1917 5712 futurae

339 5735 653 5776 sanctorum
672 5723 1046 5792 beatitudinis,
1083 5744 1378 5801 eorumque
1409 5734 1654 5800 corporis
1684 5733 1918 5786 levitatis

343 5825 404 5867 ac
427 5814 697 5868 claritatis
723 5814 820 5870 fuit
850 5831 866 5880 ;
900 5835 1002 5883 qua
1026 5819 1166 5876 Deus
1190 5839 1359 5891 genus
1389 5835 1637 5879 nostrum
1669 5825 1907 5891 ἐδόξασε,

538 5911 808 5972 ΡΑτιιοι.
838 5914 959 5974 Gn.
986 5917 1162 5982 CLII.

2019 4624 2266 4676 laborans
2292 4625 2627 4692 aegritudine,
2653 4623 2832 4682 multis
2865 4625 3242 4678 certaminibus
3267 4626 3459 4679 victore
3481 4626 3615 4680 tole-

2018 4719 2424 4788 rantissimoque
2461 4735 2677 4788 corpore
2725 4736 2820 4774 suo
2879 4723 3177 4795 emigrans,
3223 4722 3293 4774 ad
3332 4721 3615 4795 Dominum

2017 4813 2415 4880 commig’rarat.
2456 4811 2610 4866 llunc
2641 4815 2820 4883 itaque
2857 4790 3074 4883 ejusque
3117 4790 3410 4882 prwclaras
3445 4817 3614 4869 uirtu~

2019 4916 2093 4958 tes
2127 4923 2188 4958 ac
2217 4905 2479 4970 facinora,
2515 4907 2653 4959 velut
2673 4908 2853 4976 utique
2877 4907 3189 4973 discipulus,
3215 4907 3294 4962 vir
3315 4909 3400 4962 hic
3428 4907 3614 4963 beatus

2018 5014 2135 5050 cum
2187 4997 2467 5067 explorata
2532 4997 2766 5066 haberet,
2798 4997 3017 5068 ejusque
3065 5001 3224 5054 vitam
3260 5002 3612 5068 apostolicam

2017 5087 2242 5156 perfecte
2267 5097 2438 5142 nosset
2468 5106 2487 5155 ;
2520 5089 2615 5144 Dei
2641 5093 2800 5157 Opera
2825 5106 2888 5144 ac
2937 5092 3122 5146 divin‘a
3152 5095 3294 5148 dona
3337 5096 3482 5149 haud
3510 5096 3608 5151 doc

2019 5192 2132 5235 ctus
2171 5182 2440 5250 defodere,
2473 5183 2563 5236 sed
2598 5185 2891 5250 prattlicare
2921 5202 2982 5240 ac
3004 5186 3336 5254 collaudare,
3391 5190 3613 5244 laudum

2019 5275 2073 5327 in
2106 5291 2224 5328 eum
2268 5276 2477 5329 cantica
2508 5293 2569 5329 ac
2595 5278 2854 5341 encontia,
2916 5280 3096 5334 dirina
3128 5283 3444 5337 reuelatione
3480 5299 3613 5349 con-

2018 5367 2254 5435 scripsit,
2283 5367 2496 5438 ejusqne
2531 5369 2697 5422 Vitam
2749 5386 2952 5425 omnem
2983 5372 3284 5426 litterarum
3315 5389 3613 5426 monumen-

2023 5461 2089 5512 tis
2116 5461 2465 5530 cousignacit.
2505 5459 2570 5513 Ut
2606 5478 2722 5514 vero
2753 5465 2916 5516 etiam
2952 5465 3164 5542 aliquos
3199 5467 3268 5517 ad
3299 5463 3611 5518 aemulatio-

2020 5567 2135 5604 nem
2167 5561 2490 5618 prouocaret,
2542 5565 2696 5622 atque
2729 5556 2826 5608 viri
2855 5541 3100 5608 laudibus
3137 5556 3206 5608 ad
3236 5554 3608 5615 imitationem,

2020 5660 2082 5695 ac
2113 5645 2321 5697 uirtutis
2349 5646 2549 5698 cultum
2579 5647 2904 5712 accenderet,
2931 5648 3046 5716 ejus
3081 5654 3205 5717 quot
3234 5643 3386 5695 annis
3411 5658 3610 5695 memo—

2024 5737 2160 5788 riam
2191 5751 2342 5802 preco
2385 5752 2446 5789 ac
2481 5738 2775 5803 apostolica
2812 5739 3094 5790 traditione
3125 5733 3440 5797 accepimus,
3483 5746 3606 5785 cum

2021 5825 2222 5878 sanctis
2251 5826 2508 5890 omnibus,
2539 5829 2686 5895 festis
2727 5830 2938 5898 gaudiis
2971 5824 3286 5892 celebrabat,
3309 5825 3606 5893 conscripto

3071 5922 3108 5979 9
