4052 6432
498 295 608 358 est
1772 298 2167 361 MANUE-LIS
2203 290 2506 362 CALEC/E
2584 254 2601 291 ’γ
3636 311 3724 376 εδδ

496 416 709 473 uirtutis
736 414 913 481 titulo,
938 412 1086 471 illius
1113 413 1390 471 simulacri
1448 430 1510 468 ac
1560 416 1804 485 imaginis
1869 416 2079 485 depicta
2108 415 2156 475 Α
2188 426 2338 472 retur
2363 415 2600 472 oiliccre.
2626 413 2798 470 Nolim
2821 429 2917 489 ego
2938 418 3017 474 sic
3048 418 3199 490 nigro
3222 417 3392 473 virum
3416 417 3580 489 lapide
3599 422 3728 478 dam.

496 510 746 566 historia.
789 506 1065 564 Hactenus
1097 508 1330 581 Symeon
1393 522 1459 571 ex
1493 508 1705 577 privata
1762 508 2090 565 revelatione
2194 520 2353 560 nare.
2378 503 2581 560 Praeter
2603 506 2826 578 Scylitz.
2850 518 2901 562 et
2923 508 3085 564 Cedr.
3116 509 3232 581 ipse
3261 508 3731 579 Stltetatus,clarls-

494 620 559 661 ac
592 604 841 670 scientia,
880 601 1185 672 plusculum
1208 601 1343 656 forte
1365 601 1467 657 sibi
1493 601 1795 665 indulsisse
1821 602 2087 667 videatur,
2190 594 2313 650 simi
2380 597 2636 660 nominis,
2705 612 2879 668 eoque
2926 599 3126 653 nedum
3185 599 3519 667 patriarchae,
3574 603 3731 656 sedet

493 707 554 753 ut
596 706 909 752 sanctorum
942 694 1131 763 plenos
1200 693 1434 749 honores
1493 690 1638 747 Patri
1705 707 1804 748 suo
1859 694 2087 761 spiritali
2190 686 2505 757 imperatori
2561 687 2973 753 charissimam,
3007 704 3323 760 magnaeque
3360 693 3493 760 apud
3521 707 3608 746 eos
3649 708 3730 747 au-

495 787 752 844 deferret.
792 784 1084 841 Laudanda
1111 783 1328 853 quidem
1390 782 1477 837 illa
1516 782 1817 837 (economia
1864 795 1929 836 ac
1961 795 2089 837 con-
2188 780 2478 844 claritatis,
2508 796 2635 836 eum
2673 780 3223 844 scribit,l‘acillimum
3251 781 3458 836 srilicet
3483 783 3732 838 solvendis
3826 795 3831 799 ‘

494 879 601 936 silii
637 880 797 946 ratio,
820 886 881 932 ut
909 891 1004 932 eos
1028 874 1339 938 laudemus,
1374 889 1512 945 quos
1538 874 1696 929 nobis
1723 873 1953 943 aliisque
1980 876 2090 930 vir—
2188 871 2497 939 quibusque
2523 870 2701 925 dubiis
2734 885 2796 924 ac
2829 869 3241 940 quaestionibus,
3280 869 3419 940 λόγῳ
3443 870 3529 922 καὶ
3557 869 3760 937 γνώσει⁸

498 971 626 1027 tutis
651 970 903 1041 palaestra
921 969 1196 1024 antistites
1219 968 1470 1022 volumus
1490 980 1553 1021 ac
1570 968 1735 1023 duces
1764 984 1778 1021 :
1802 976 2087 1039 praestant-

2185 960 2295 1013 τῶν
2324 958 2534 1013 πολλῶν
2563 959 2854 1031 διαφέρων·
2878 959 3057 1032 Longe
3102 958 3256 1032 uulgo
3308 961 3600 1031 praecellens
3641 961 3732 1014 elo-

493 1081 599 1135 que
619 1064 836 1135 egregie
867 1063 1097 1118 Romani
1131 1060 1447 1132 pontiﬁces,
1483 1060 1772 1115 vindicatis
1826 1062 2083 1115 ordinum
2182 1053 2396 1123 quentia
2413 1069 2475 1106 ac
2507 1051 2748 1107 scientia.
2772 1052 3032 1121 Legatum
3049 1053 3114 1108 ad
3135 1051 3374 1108 Sclerum
3395 1054 3507 1106 urbi
3525 1052 3735 1121 jamim-

494 1156 873 1226 religiosorum
907 1154 1336 1218 institutoribus,
1356 1152 1450 1223 qui
1473 1151 1735 1206 clariores
1757 1152 1808 1205 in
1841 1149 2081 1207 Ecclesia
2186 1146 2482 1200 miuentem
2505 1186 2522 1212 ,
2552 1160 2769 1217 atraeque
2792 1147 3091 1218 tyrannidis
3135 1155 3393 1201 terrorem
3428 1146 3500 1200 illi
3526 1146 3739 1201 inferet:-

492 1252 782 1317 habentur,
847 1249 890 1302 si
927 1248 1021 1319 qui
1068 1245 1377 1301 sanctitatis
1440 1243 1607 1299 radiis
1638 1243 1911 1299 fulserunt
1937 1259 1952 1308 ;
1983 1256 2083 1298 nec
2185 1245 2313 1303 tem,
2334 1250 2364 1289 a
2391 1235 2591 1293 Basilio
2622 1246 2675 1292 et
2695 1237 3052 1293 Constantino
3079 1237 3329 1301 missum,
3371 1252 3475 1308 qua
3505 1236 3738 1292 suadendi

491 1342 756 1396 Romanis
790 1341 1057 1395 duntaxat
1101 1337 1257 1393 lastis
1308 1336 1586 1406 ascriptis,
1635 1336 1730 1393 sed
1758 1342 1813 1388 et
1850 1335 2079 1390 solemni
2186 1327 2258 1391 vi,
2291 1329 2667 1400 sapientiaque
2695 1345 2773 1412 ac
2804 1331 3003 1397 virtute
3032 1332 3344 1399 praestabat,
3374 1330 3561 1385 docent
3601 1329 3738 1384 relati

490 1415 687 1496 ofﬁcio,
724 1433 922 1487 nedum
971 1431 1113 1501 apud
1144 1443 1293 1493 suos,
1321 1428 1415 1484 sed
1448 1437 1501 1483 et
1530 1437 1641 1483 toto
1669 1428 1802 1482 orhe
1835 1426 2080 1480 Romano

2185 1418 2408 1491 Scylitz.
2442 1428 2497 1474 et
2547 1421 2709 1477 Cedr.
2755 1422 2845 1474 Ἐν
2888 1423 2999 1492 ὅσῳ
3048 1422 3106 1476 δὲ
3151 1421 3326 1475 ταῦτα
3376 1420 3684 1492 superesse,
3712 1424 3736 1471 ὁ

490 1543 553 1580 ac
575 1523 817 1580 Ecclesia
845 1518 1062 1587 Latina,
1080 1519 1317 1575 donatis.
1345 1517 1400 1573 Id
1424 1529 1599 1576 tamen
1623 1528 1681 1574 ut
1710 1520 1813 1573 rite
1838 1517 1949 1582 liat,
1977 1532 2078 1572 nec

2184 1511 2479 1581 σύγκελλος
2507 1514 2786 1584 Στέφανος
2831 1517 2925 1568 καὶ
2954 1514 3053 1585 τῆς
3082 1513 3453 1586 Νικομηδείας
3480 1514 3738 1585 πρόεδρος,

491 1618 744 1672 civilibus
769 1614 1057 1677 duntaxat,
1094 1611 1187 1668 sed
1207 1611 1471 1673 etsacris,
1492 1609 1704 1679 publice
1725 1608 1917 1662 saltem
1946 1622 2077 1663 con-

2179 1604 2319 1677 ἀνὴρ
2350 1605 2662 1677 ἐλλόγιμος,
2697 1609 2788 1661 καὶ
2824 1608 2918 1661 ἐπὶ
2953 1608 3118 1677 σοφίᾳ
3143 1609 3235 1662 καὶ
3256 1609 3428 1679 ἀρετῇ
3452 1606 3735 1677 διαϐόητος.

492 1718 777 1767 secrentnr
815 1706 1135 1768 honoribus,
1165 1702 1472 1758 necessaria
1492 1700 1815 1771 episcopalis
1839 1699 2076 1768 cognitio

2181 1698 2276 1751 καὶ
2329 1697 2509 1750 πειθοῖ
2559 1698 2796 1768 μαλάξαι
2848 1698 3032 1765 ἱκανὸς
3081 1698 3312 1772 γνώμην
3375 1698 3609 1769 σκληρὰν
3660 1698 3740 1753 καὶ

493 1808 597 1864 est,
612 1813 672 1853 ac
689 1796 957 1864 probatio;
977 1810 1138 1866 quam
1168 1790 1533 1863 impotentiori
1551 1791 1665 1844 zelo
1687 1806 1789 1843 non
1803 1799 2082 1857 exspecta-

2139 1784 2154 1835 Ι
2184 1789 2497 1855 ἀτῐθασσον,
2532 1790 2779 1862 πρέσϐυς
2822 1794 2902 1855 εἰς
2934 1792 3025 1847 τὸν
3058 1793 3306 1864 Σκληρδν
3351 1791 3739 1855 ἀποστέλλεται,

492 1894 567 1948 vit
598 1890 860 1962 Symeon,
885 1874 985 1945 etsi
1023 1903 1082 1943 ea
1134 1895 1317 1943 secuta
1359 1892 1459 1941 est.
1499 1882 1695 1939 Subdit
1738 1881 1880 1936 enim
1920 1880 2081 1936 Sthe-

2184 1882 2236 1935 ετ
2264 1900 2347 1935 πω
2384 1882 2585 1954 δυνηθῇ
2616 1885 2800 1937 πεῖσαι
2839 1883 3031 1938 τοῦτον
3059 1884 3363 1939 ἀποθέσθαι
3392 1886 3459 1939 τὰ
3485 1884 3636 1939 ὅπλα.
3661 1881 3743 1937 In-

496 1993 653 2037 tutus.
766 2048 767 2053 η
1426 2018 1429 2019 ν
2184 1974 2337 2029 terim
2364 1973 2664 2044 Stephanus
2718 1974 3020 2047 Syncellus,
3079 1975 3409 2033 Nicomedia:
3424 1976 3744 2059 Erwsulnir

567 2077 808 2129 Ἤκουσε
867 2074 1034 2128 ταῦτα
1088 2074 1179 2128 καὶ
1224 2075 1251 2127 ὁ
1303 2072 1527 2144 Σέργιος
1556 2078 1898 2148 πατριάρχης
1927 2076 2080 2144 ’,καὶ

2181 2069 2428 2123 eruditus
2455 2078 2505 2123 et
2528 2069 2798 2140 eloquens,
2826 2071 3198 2142 sapientiaque
3246 2089 3310 2127 ac
3338 2071 3523 2126 rirtute
3560 2070 3740 2134 clarus,

492 2168 995 2239 μεταπεμψάμενος
1024 2167 1115 2221 τὸν
1186 2166 1365 2237 ἅγιον,
1402 2167 1738 2222 πυνθάνεται
1772 2167 1922 2238 περὶ]
1970 2168 2078 2222 τῶν

2181 2161 2475 2232 durumque
2492 2163 2732 2239 animum
2784 2179 2848 2217 ac
2896 2163 3215 2218 indomitum
3258 2166 3446 2219 suada
3465 2160 3743 2220 uiemollirs

487 2237 865 2315 ἁκουσθένιεων
896 2260 1067 2330 αὐτῷ.
1120 2260 1209 2322 Ὠς
1261 2261 1319 2314 δὲ
1352 2262 1478 2332 περὶ
1541 2261 1765 2315 πάντων
1823 2237 2075 2314 ἀνεδίδα-

2240 2270 2422 2319 onens,
2451 2237 2658 2324 legatus
2689 2256 2758 2309 ad
2800 2254 3041 2312 Sclerum
3069 2258 3326 2325 mittitur,
3365 2273 3485 2312 num
3530 2257 3658 2326 forte
3679 2255 3741 2310 ad
3830 2286 3840 2293 ι

490 2356 576 2421 ξεν
608 2353 769 2408 αὑτὸν
817 2355 844 2407 ὁ
882 2354 1181 2424 μακάριος,
1217 2352 1315 2406 καὶ
1360 2353 1512 2415 ὅπως
1566 2352 1631 2405 ἐκ
1667 2352 1819 2415 θείας
1855 2352 2074 2405 ἀποκα-

2180 2360 2331 2399 arma
2358 2346 2600 2416 ponenda
2625 2347 2790 2402 verbis
2817 2364 2997 2419 cogere
3025 2350 3213 2420 possit.
3243 2349 3474 2405 Miratur
3515 2348 3575 2406 P.
3596 2347 3740 2405 Gottr.

486 2450 699 2519 λύψεως
737 2447 944 2502 ἄνωοεν
973 2448 1362 2516 ὲμπνευσθεὶς,
1393 2445 1522 2508 τοὺς
1551 2443 1757 2513 ὕμνους
1796 2444 1873 2514 τῷ
1902 2445 2077 2513 Πατρὶ-

2179 2436 2334 2495 Notis
2367 2442 2483 2497 suis
2506 2442 2572 2497 all
2603 2442 2773 2499 Cedr.
2801 2443 3076 2513 quomodo
3121 2444 3404 2516 syncellus
3438 2443 3766 2517 Stephanus,_

486 2544 808 2606 ἁνετάξατο,
840 2540 937 2593 καὶ
969 2540 1057 2592 τὸν
1088 2539 1200 2609 βίον
1247 2538 1418 2592 αὑτοῦ
1464 2538 1870 2606 συνεγράψατο.
1916 2538 2080 2604 Ζητεῖ

2179 2529 2335 2598 quasi
2398 2530 2726 2598 patriarchas
2773 2531 3182 2599 concellaneus,
3254 2532 3444 2602 illique
3495 2528 3745 2592 assiduus,

485 2633 661 2687 ταῦτα
692 2631 945 2697 διελθεῖν,
976 2632 1072 2684 καὶ
1094 2630 1277 2693 αὐτοῖς
1313 2631 1560 2699 ἐντυχεῖν
1615 2630 1729 2691 τοῖς
1763 2627 1857 2680 ὑπ’
1905 2627 2075 2681 αὐτοῦ

2179 2621 2270 2690 qui
2300 2617 2627 2676 Nicomediae
2657 2623 2851 2692 praesul
2880 2632 3046 2687 esset,
3081 2623 3267 2694 ibique
3305 2639 3402 2695 pro
3432 2622 3589 2679 oﬂicii
3637 2633 3745 2674 nnt-

486 2728 921 2794 γεγραμμένοις.
949 2722 1145 2785 Λαϐὼν
1174 2718 1268 2775 οὗν
1319 2724 1415 2773 ἐπὶ
1476 2722 1670 2794 χεῖρας
1723 2725 1815 2773 ταὶ
1853 2720 2076 2790 pidum);

2179 2725 2331 2776 nere,
2393 2712 2576 2781 potius
2635 2728 2800 2784 quam
2837 2714 3318 2788 Constantinopoli
3361 2718 3413 2773 in
3451 2713 3747 2787 patriarcha

486 2790 1025 2887 οτεατριαρχης,καὶ
1051 2815 1276 2869 ἅπασαν
1329 2814 1427 2883 τὴν
1478 2790 1874 2885 ντερέγματείαν
1921 2812 2077 2881 φιλο-

2176 2803 2411 2869 aedibus,
2458 2805 2626 2860 vitam
2680 2817 2904 2877 ageret;
2946 2822 3049 2864 nec
3088 2809 3422 2878 patriarcha:
3467 2818 3747 2868 successor.

489 2910 666 2971 πόνως
700 2907 950 2971 διελθὼν,
977 2906 1200 2976 ἠγάσθη
1233 2905 1327 2959 ἐπὶ
1350 2904 1427 2975 τῷ
1444 2906 1752 2974 πράγματι,
1787 2906 1881 2959 καὶ
1904 2906 2076 2960 πολλὰ

2177 2899 2323 2966 quod
2361 2898 2473 2952 lere
2497 2900 2865 2971 syncellorum
2902 2900 3211 2968 videbatur,
3244 2902 3562 2974 designatus
3601 2905 3748 2954 esset.

488 2999 956 3069 προσεπαινέσας,
985 2997 1080 3049 καὶ
1108 2997 1171 3050 τὸ
1202 2996 1425 3068 βέϐαιον
1481 2996 1582 3066 τῆς
1606 2995 1772 3063 αὑτοῦ
1833 2995 2074 3058 πίστεως

2176 2986 2453 3046 Potuisset
2504 2989 2791 3047 Sthetatus
2825 2992 2871 3048 si
2895 2992 3017 3062 ejus
3042 2996 3197 3064 copia
3233 2993 3454 3063 fuisset,
3490 2991 3620 3050 lucis
3655 2990 3746 3046 sli-

485 3090 862 3161 ὲγκωμιάσας,
886 3090 1179 3152 ἀπέλυσεν,
1203 3088 1646 3159 ὑπομιμνήσκειν
1670 3087 1821 3158 αὐτῷ
1842 3104 2075 3159 προτρεο

2179 3081 2307 3150 quid
2328 3082 2544 3138 all‘erre.
2582 3082 2748 3140 Docet
2783 3086 2963 3154 itaque
2980 3098 3131 3153 eum,
3160 3084 3423 3143 abdicato
3457 3088 3748 3157 episcopatu

484 3157 729 3251 ψάμενος
750 3180 893 3233 κατά
914 3180 1005 3233 τὸν
1025 3177 1214 3249 καιρὸν
1239 3157 1337 3248 τῆξ
1361 3157 1456 3231 εοῦ
1482 3179 1695 3248 [la-spec
1718 3157 1966 3248 μνῆμής,
1990 3157 2074 3241 νὼς

2180 3175 2261 3232 sic
2294 3177 2508 3231 assidue
2527 3185 2808 3232 versatum
2838 3191 2960 3232 cum
2991 3178 3332 3245 patriarcha,
3369 3186 3433 3234 ac
3464 3192 3585 3233 vere
3630 3189 3746 3246 syn-

489 3274 554 3326 ἂν
572 3274 665 3325 καὶ
683 3272 844 3333 αὐτὸς
862 3270 1069 3340 κηροὺς
1093 3270 1186 3323 καί
1212 3270 1360 3341 μύρα
1380 3271 1621 3340 παρέχῃ,
1641 3270 1735 3323 καὶ
1757 3270 2089 3338 ἀφοσιοῦται

2182 3267 2303 3322 celli
2332 3276 2512 3339 partes
2541 3267 2820 3339 implesse,
2856 3284 2961 3325 non
2997 3268 3116 3324 solo
3166 3270 3335 3327 titulo
3369 3278 3532 3342 atque
3556 3268 3751 3324 nomine

486 3365 587 3434 τὴν
629 3365 820 3433 τιμήν.
864 3362 1076 3415 Audiuit
1124 3361 1236 3415 [ια-ε
1251 3371 1300 3414 et
1339 3361 1686 3429 patriarcha;
1724 3360 2080 3429 accersitoque
2180 3371 2432 3417 ornatum
2470 3361 2639 3418 fuisse
2669 3377 2685 3428 ;
2716 3361 2831 3417 sive
2854 3362 2991 3418 alias
3041 3361 3297 3419 inhiabat
3324 3365 3440 3421 sedi
3499 3362 3752 3421 Constan-

487 3455 881 3521 suucto,e:cillo
904 3465 1258 3523 percontatur,
1278 3456 1341 3508 de
1372 3454 1451 3508 Itis
1487 3469 1606 3525 quia
1624 3453 1892 3507 audierat.
1922 3451 2079 3507 Docet
2184 3453 2577 3523 tinopolitantc,
2627 3468 2802 3525 eoque
2869 3468 3097 3511 munere
3154 3454 3258 3511 sibi
3294 3456 3364 3511 ad
3401 3471 3520 3513 eam
3543 3453 3748 3526 gradum

491 3551 578 3604 ille
619 3549 854 3602 omnium
908 3546 1488 3625 rationem,divinoque
1526 3546 1729 3614 pridem
1767 3545 2080 3600 reuelatione
2182 3545 2410 3614 parabat
2452 3561 2467 3599 :
2503 3559 2768 3615 quamne
2794 3555 3205 3617 assequeretur,
3240 3547 3296 3604 in
3326 3563 3495 3606 causa
3532 3561 3649 3604 esse
3664 3559 3748 3617 p0-

489 3650 644 3710 atque
669 3640 867 3711 a/ﬂattt,
889 3640 1097 3692 cantica
1113 3637 1489 3707 composuisse,
1530 3653 1592 3690 ac
1618 3637 1778 3692 vitam
1793 3636 1938 3691 illius
1956 3652 2080 3691 con—
2184 3637 2651 3709 tuitlongaﬁergii
2686 3648 2818 3694 aetas
2860 3653 2924 3695 ac
2947 3641 3106 3696 sedes
3134 3654 3410 3699 annorum
3436 3643 3644 3713 viginti,
3673 3640 3748 3693 iu-

489 3734 775 3796 scripsisse.
800 3730 1325 3799 Quteritpatrinrcha
1345 3729 1456 3782 [nec
1490 3745 1819 3800 percurrere,
1861 3729 2078 3799 ipsaque
2184 3741 2263 3787 tra
2293 3746 2431 3802 quos
2463 3732 2600 3787 nihil
2630 3742 2774 3787 vetat
2798 3729 3135 3797 Stephanum
3168 3737 3428 3792 humanis
3448 3734 3750 3796 excessisse,

487 3830 628 3883 abeo
651 3829 842 3897 scripta
861 3827 1135 3896 pellegere.
1170 3824 1405 3893 Sumptis
1428 3825 1602 3894 itaque
1624 3825 1677 3877 in
1696 3840 1882 3879 manus
1904 3824 2076 3888 libris,
2182 3833 2233 3881 et
2268 3824 2356 3880 ubi
2396 3833 2563 3879 totam
2627 3824 2680 3879 in
2745 3822 3075 3895 Symeonetn
3113 3824 3363 3883 fabulam
3398 3828 3623 3889 luserat.
3662 3837 3748 3893 per

485 3923 781 3990 cunctisque
822 3920 1113 3987 diligenter
1144 3915 1378 3984 pellectis
1405 3934 1468 3970 ac
1508 3916 1751 3981 evolutis,
1784 3932 1839 3970 re
1868 3917 2078 3987 gavisus
2180 3919 2339 3987 cujus
2372 3917 2456 3972 vel
2495 3931 2730 3973 mortem
2794 3917 2878 3972 vel
2910 3917 3385 3988 ingravescentem
3414 3929 3645 3980 aetatem,
3670 3916 3749 3970 ille

445 4023 583 4076 .est,
620 4014 902 4079 multisque
969 4010 1215 4063 laudibus
1266 4008 1577 4074 cumulans;
1621 4007 1932 4078 ﬁrmamque
1965 4008 2079 4077 ejus
2183 4009 2528 4079 postmodum
2577 4024 2711 4078 pace
2756 4010 2964 4080 potitus
3020 4009 3116 4073 sit,
3168 4010 3456 4084 libereque
3482 4011 3627 4067 Patri
3660 4023 3749 4064 suo

488 4108 638 4169 [idem
663 4102 836 4174 magni
844 4103 939 4170 ﬁce
964 4102 1355 4165 commendans,
1380 4100 1606 4168 dimisit,
1627 4116 1841 4154 monens
1883 4100 2078 4169 ipsum,
2182 4101 2436 4173 spiritali,
2459 4101 2712 4172 Symeoni
2737 4104 3355 4171 venerabiliﬁolemnes,
3374 4120 3585 4162 annuos
3602 4103 3755 4159 hono-

492 4198 797 4267 iuoensque,
828 4206 883 4246 ut
914 4196 1160 4260 temporis
1218 4208 1319 4262 quo
1350 4190 1659 4245 celebranda
1708 4191 1841 4260 {oret
1898 4188 2081 4245 Patris
2184 4210 2274 4252 res
2296 4196 2650 4268 persolverit;
2685 4199 2801 4255 sive
2826 4198 2959 4252 nihil
3002 4212 3122 4253 eam
3158 4198 3346 4254 sedem
3380 4198 3624 4255 ambiens
3666 4193 3775 4263 (ιιι.

488 4289 741 4344 memoria
774 4295 1048 4353 certiorem
1098 4285 1310 4354 {acet-ct,
1342 4294 1400 4337 ut
1427 4295 1474 4338 et
1509 4285 1615 4355 ipse
1647 4300 1820 4339 cereos
1849 4299 2082 4354 unguen-
2185 4304 2291 4344 non
2344 4299 2461 4346 erat
2513 4299 2664 4347 certa
2725 4290 2903 4345 ulluve
2945 4290 3069 4359 jure
3102 4291 3310 4347 sancita
3344 4305 3412 4346 ac
3464 4283 3753 4346 necessaria

489 4400 645 4448 tuque
704 4380 986 4449 conferret,
1054 4395 1117 4431 ac
1165 4389 1346 4431 sancto
1406 4380 1657 4433 honorem
1736 4379 2078 4447 impenderet.
2185 4382 2623 4453 syncellorumjiu
2649 4397 2770 4438 eam
2803 4380 3313 4453 sedemsuccessio)
3338 4380 3754 4438 velututiliorem

494 4479 613 4531 Visa
669 4478 803 4540 lucc,
865 4490 963 4542 pro
1018 4472 1274 4527 Ecclesiae
1325 4471 1932 4540 Constantinopolitanae
1971 4472 2079 4526 ritu
2112 4474 2156 4529 Ι)
2188 4474 2348 4530 rebus
2377 4474 2766 4531 ecclesiasticis
2800 4483 3102 4531 navaturus
3131 4490 3382 4545 operam,
3412 4476 3494 4531 sic
3523 4489 3553 4529 a
3583 4468 3750 4529 cousiv

489 4571 761 4627 sutliciens
823 4566 1109 4637 Symeouis
1179 4563 1408 4619 Studita:
1438 4604 1452 4629 ,
1519 4564 1647 4618 dicti
1694 4560 2030 4619 Venerabilis
2056 4588 2099 4631 ,-
2183 4564 2271 4623 liis
2307 4565 2656 4636 patriarchae,
2688 4567 2741 4619 in
2765 4566 2996 4637 regenda
3028 4566 3283 4621 universa
3324 4568 3574 4632 ditecesi,
3600 4575 3749 4632 quam

490 4661 784 4715 vintttcutio
820 4697 836 4723 ,
876 4668 931 4713 et
982 4666 1039 4711 nt
1076 4657 1254 4711 sancti
1312 4656 1470 4710 titulo
1523 4655 1779 4725 publicos
1830 4655 1882 4708 in
1943 4656 2076 4711 urbe
2136 4659 2225 4713 'si
2262 4672 2427 4713 unam
2466 4658 2706 4726 aliquam
2749 4659 3024 4714 civitatem
3082 4660 3165 4714 vel
3193 4659 3370 4728 ipsam
3423 4655 3751 4727 metropoli"!

436 4818 449 4827 _
489 4755 506 4823 (
544 4764 636 4806 aut
665 4763 813 4806 certe
847 4752 897 4803 iu
926 4750 1101 4803 sancti
1161 4748 1446 4804 tiamautis
1491 4745 1866 4817 monasterio)
1900 4746 2077 4803 hono-
2179 4750 2468 4819 episcopus
2514 4759 2765 4818 regeret;
2818 4751 2898 4806 vel
2921 4751 3037 4820 ipse
3091 4763 3323 4820 sponter
3361 4754 3445 4808 vel
3496 4738 3757 4806 invitante

493 4860 576 4898 res
634 4844 874 4896 haberet.
943 4841 1106 4910 Inque
1168 4843 1307 4897 hunc
1371 4841 1588 4894 modum
1652 4855 1825 4895 annos
1882 4843 2077 4897 sexde-
2180 4839 2510 4909 patriarcha,
2541 4843 2658 4896 sive
2686 4843 2850 4897 etiam
2885 4844 3330 4914 imperatoribus,
3368 4861 3469 4914 pro
3513 4845 3627 4912 ejus
3656 4854 3750 4895 no—

488 4939 591 4990 cim
651 4937 769 5003 cjus
819 4935 1023 4989 cultum
1069 4934 1334 4988 illibatum
1392 4947 1795 5002 perseverasse,
1831 4933 2078 4989 celebra-
2183 4933 2345 4988 minis
2375 4933 2800 5001 Celebritate,ca
2836 4936 3047 5003 relicta,
3082 4936 3555 5009 ConstantinOpoli
3611 4931 3755 5005 quasi

489 5038 650 5095 taque
707 5025 971 5097 frequenti
1027 5024 1280 5096 religioso
1322 5033 1592 5078 conventu
1643 5026 1932 5092 solemnia,
1982 5040 2079 5079 au-
2182 5025 2511 5094 patriarchae
2553 5042 2822 5093 assessor,
2879 5028 3062 5099 illique
3097 5029 3321 5085 intimus
3356 5046 3423 5087 ac
3458 5025 3752 5086 familiaris.

487 5130 607 5174 ctor
625 5118 928 5174 Sthetatus:
953 5121 1126 5173 donec
1167 5115 1475 5186 Stephanus
1502 5115 1742 5170 Alexinae
1764 5130 1830 5171 ex
1874 5128 2081 5171 metro-
2181 5116 2509 5173 consederit.
2538 5119 2656 5186 Quo
2683 5120 2796 5176 fere
2823 5122 3004 5187 modo,
3032 5122 3174 5191 apud
3203 5120 3454 5188 Latinos,
3487 5122 3646 5176 etiam
3671 5130 3753 5170 ar-

490 5214 653 5283 polita
715 5210 1115 5268 Nicomediensi
1154 5249 1168 5273 ,
1203 5208 1380 5277 Sergii
1443 5208 1769 5275 patriarcha:
1859 5210 2079 5279 syueel-
2181 5211 2512 5281 chiepiscopi
2553 5212 2607 5266 in
2639 5212 2942 5269 cardinales
2981 5224 3186 5269 sanctae
3217 5213 3482 5270 Romana:
3510 5207 3753 5268 Ecclesia!

488 5309 593 5373 lus,
644 5320 707 5360 eo
756 5305 978 5358 nomine
1036 5303 1205 5372 cmpit
1256 5300 1532 5369 exagitare
1571 5339 1586 5364 ,
1627 5300 1789 5370 inque
1848 5302 2079 5373 Symeo—,
2183 5305 2528 5383 presbyteros
2560 5305 2759 5374 passim
2788 5306 3482 5375 tooptantur;vacantque
3507 5306 3624 5373 ipso
3642 5301 3754 5369 jure

490 5416 557 5454 ne
615 5396 909 5452 venerabili
971 5397 1218 5463 quaedam
1294 5391 1722 5460 reprehendere,
1789 5393 2078 5464 ipsumque
2182 5393 2260 5448 sic
2317 5403 2720 5462 assumptorum
2752 5396 2932 5460 sedes,
2987 5400 3130 5462 quod
3168 5410 3273 5460 non
3299 5388 3753 5450 satisconveniai

490 5490 716 5560 proinde
757 5489 874 5559 ejus
896 5486 1207 5555 religiosum
1256 5487 1486 5550 cultum,
1514 5482 1595 5539 sic
1637 5488 1932 5555 praesertim
1966 5499 2077 5543 tota
2183 5488 2403 5557 utrique
2435 5488 2872 5547 muneriinmno
2893 5489 3147 5544 homine:
3184 5500 3245 5543 ut
3277 5484 3643 5558 quis'scilicet
3665 5478 3758 5532 ad»

491 5584 628 5637 urbe
653 5580 975 5644 solemuem,
1010 5578 1338 5647 improbare.
1360 5577 1555 5632 Totum
1587 5579 1864 5635 Sthetatus
1911 5583 2078 5636 aseri-
2181 5582 2362 5634 dictus
2391 5579 2463 5633 sit
2497 5579 2753 5635 Romanae
2787 5580 2949 5636 curia:
2989 5582 3220 5651 ejusque
3243 5580 3399 5633 urbis
3428 5576 3594 5639 clero,
3623 5577 3755 5628 etut

491 5671 572 5729 bit
594 5656 840 5736 invidia};
865 5684 929 5723 ac
956 5668 1100 5736 quod
1154 5669 1444 5739 utriusque
1487 5669 1775 5739 Symeoztis
1806 5673 2073 5726 sanctitas
2182 5672 2456 5740 pontiﬁcis
2509 5683 2693 5742 partes
2741 5674 2931 5753 sedulo
2966 5681 3318 5742 exsequatur,
3345 5671 3400 5725 in
3431 5666 3668 5724 Ecclesia
3696 5676 3755 5717 ac

495 5778 556 5817 ac
588 5761 838 5827 scientia,
870 5758 1016 5816 illius
1038 5756 1195 5813 fama
1232 5760 1474 5816 scientiae
1506 5774 1568 5815 ac
1598 5762 1904 5817 sanctitatis
1933 5765 2073 5818 vide~
2182 5764 2340 5834 plebe
2362 5805 2378 5836 ,
2429 5765 2515 5822 cui
2558 5766 2855 5837 pra-fectus
2898 5767 3186 5838 episcopus
3239 5775 3325 5824 est
3357 5782 3372 5831 ;
3405 5762 3548 5835 juris
3581 5767 3757 5817 tamen
