  <div class='ocr_page' id='page_1' title='image "/cluster/home/n/w/nwhite01/storage/ocr_20150623/152/coo.31924054870575/142.png"; bbox 0 0 4052 6470; ppageno 0'>
   <div class='ocr_carea' id='block_1_1' title="bbox 316 402 421 475">
    <p class='ocr_par' dir='ltr' id='par_1_1' title="bbox 316 402 421 475">
     <span class='ocr_line' id='line_1_1' title="bbox 316 402 421 475; baseline 0.019 -2"><span class='ocrx_word' id='word_1_1' title='bbox 316 402 421 475; x_wconf 72' lang='grc' dir='ltr'><strong>Ξῦθ</strong></span> 
     </span>
    </p>
   </div>
   <div class='ocr_carea' id='block_1_2' title="bbox 1060 392 2819 472">
    <p class='ocr_par' dir='ltr' id='par_1_2' title="bbox 1060 392 2819 472">
     <span class='ocr_line' id='line_1_2' title="bbox 1060 392 2819 472; baseline 0.001 -3"><span class='ocrx_word' id='word_1_2' title='bbox 1060 396 1159 469; x_wconf 82' lang='lat' dir='ltr'>DE</span> <span class='ocrx_word' id='word_1_3' title='bbox 1201 406 1572 469; x_wconf 66' lang='lat' dir='ltr'><strong>ESSENTIA</strong></span> <span class='ocrx_word' id='word_1_4' title='bbox 1610 407 1706 467; x_wconf 82' lang='lat' dir='ltr'><strong>ET</strong></span> <span class='ocrx_word' id='word_1_5' title='bbox 1747 392 2262 471; x_wconf 78' lang='lat' dir='ltr'><strong>OPERATIONE.</strong></span> <span class='ocrx_word' id='word_1_6' title='bbox 2300 404 2819 472; x_wconf 45' lang='lat' dir='ltr'><strong>r—PREFATIO.</strong></span> 
     </span>
    </p>
   </div>
   <div class='ocr_carea' id='block_1_3' title="bbox 3464 387 3572 471">
    <p class='ocr_par' dir='ltr' id='par_1_3' title="bbox 3464 387 3572 471">
     <span class='ocr_line' id='line_1_3' title="bbox 3464 387 3572 471; baseline -0.009 0"><span class='ocrx_word' id='word_1_7' title='bbox 3464 387 3572 471; x_wconf 68' lang='lat'><strong>270</strong></span> 
     </span>
    </p>
   </div>
   <div class='ocr_carea' id='block_1_4' title="bbox 319 500 3575 594">
    <p class='ocr_par' dir='ltr' id='par_1_4' title="bbox 319 500 3575 594">
     <span class='ocr_line' id='line_1_4' title="bbox 319 500 3575 594; baseline -0.001 -18"><span class='ocrx_word' id='word_1_8' title='bbox 319 525 550 586; x_wconf 75' lang='lat' dir='ltr'><strong>ﬁctione,</strong></span> <span class='ocrx_word' id='word_1_9' title='bbox 579 520 807 591; x_wconf 76' lang='lat' dir='ltr'><strong>ejusque</strong></span> <span class='ocrx_word' id='word_1_10' title='bbox 831 520 978 574; x_wconf 82' lang='lat' dir='ltr'><strong>velut</strong></span> <span class='ocrx_word' id='word_1_11' title='bbox 1016 521 1202 574; x_wconf 77' lang='lat' dir='ltr'><strong>fraude</strong></span> <span class='ocrx_word' id='word_1_12' title='bbox 1237 521 1495 589; x_wconf 86' lang='lat' dir='ltr'><strong>quadam,</strong></span> <span class='ocrx_word' id='word_1_13' title='bbox 1529 520 1732 573; x_wconf 72' lang='lat' dir='ltr'><strong>emdem</strong></span> <span class='ocrx_word' id='word_1_14' title='bbox 1758 520 1885 577; x_wconf 86' lang='lat' dir='ltr'><strong>illis.</strong></span> <span class='ocrx_word' id='word_1_15' title='bbox 1916 522 1966 582; x_wconf 81' lang='grc' dir='ltr'>Α</span> <span class='ocrx_word' id='word_1_16' title='bbox 1994 522 2178 578; x_wconf 79' lang='lat' dir='ltr'><strong>tudine</strong></span> <span class='ocrx_word' id='word_1_17' title='bbox 2226 524 2292 576; x_wconf 88' lang='lat' dir='ltr'><strong>ad</strong></span> <span class='ocrx_word' id='word_1_18' title='bbox 2349 522 2469 594; x_wconf 82' lang='lat' dir='ltr'><strong>ejus</strong></span> <span class='ocrx_word' id='word_1_19' title='bbox 2515 523 2817 594; x_wconf 75' lang='lat' dir='ltr'><strong>quotannis</strong></span> <span class='ocrx_word' id='word_1_20' title='bbox 2862 520 3146 577; x_wconf 78' lang='lat' dir='ltr'><strong>solemnia.</strong></span> <span class='ocrx_word' id='word_1_21' title='bbox 3175 500 3423 576; x_wconf 79' lang='lat' dir='ltr'><strong>Derivata</strong></span> <span class='ocrx_word' id='word_1_22' title='bbox 3461 523 3575 575; x_wconf 54' lang='lat' dir='ltr'><strong>ha‘c</strong></span> 
     </span>
    </p>
   </div>
   <div class='ocr_carea' id='block_1_5' title="bbox 318 612 1884 686">
    <p class='ocr_par' dir='ltr' id='par_1_5' title="bbox 318 612 1884 686">
     <span class='ocr_line' id='line_1_5' title="bbox 318 612 1884 686; baseline -0.004 -17"><span class='ocrx_word' id='word_1_23' title='bbox 318 631 379 672; x_wconf 84' lang='lat' dir='ltr'><strong>ac</strong></span> <span class='ocrx_word' id='word_1_24' title='bbox 402 616 726 686; x_wconf 85' lang='lat' dir='ltr'><strong>quandoque</strong></span> <span class='ocrx_word' id='word_1_25' title='bbox 775 613 1009 682; x_wconf 83' lang='lat' dir='ltr'><strong>majores</strong></span> <span class='ocrx_word' id='word_1_26' title='bbox 1032 613 1190 679; x_wconf 73' lang='lat' dir='ltr'><strong>sedes</strong></span> <span class='ocrx_word' id='word_1_27' title='bbox 1219 613 1714 676; x_wconf 80' lang='lat' dir='ltr'><strong>commendantur;</strong></span> <span class='ocrx_word' id='word_1_28' title='bbox 1753 620 1809 666; x_wconf 85' lang='lat' dir='ltr'><strong>ct</strong></span> <span class='ocrx_word' id='word_1_29' title='bbox 1839 612 1884 663; x_wconf 87' lang='lat' dir='ltr'><strong>si</strong></span> 
     </span>
    </p>
   </div>
   <div class='ocr_carea' id='block_1_6' title="bbox 318 703 1885 772">
    <p class='ocr_par' dir='ltr' id='par_1_6' title="bbox 318 703 1885 772">
     <span class='ocr_line' id='line_1_6' title="bbox 318 703 1885 772; baseline -0.005 -9"><span class='ocrx_word' id='word_1_30' title='bbox 318 724 419 763; x_wconf 89' lang='lat' dir='ltr'><strong>non</strong></span> <span class='ocrx_word' id='word_1_31' title='bbox 451 708 647 760; x_wconf 84' lang='lat' dir='ltr'><strong>desunt</strong></span> <span class='ocrx_word' id='word_1_32' title='bbox 709 705 798 772; x_wconf 91' lang='lat' dir='ltr'><strong>qui</strong></span> <span class='ocrx_word' id='word_1_33' title='bbox 855 714 1088 771; x_wconf 88' lang='lat' dir='ltr'><strong>utroque</strong></span> <span class='ocrx_word' id='word_1_34' title='bbox 1120 719 1360 758; x_wconf 87' lang='lat' dir='ltr'><strong>-muncre</strong></span> <span class='ocrx_word' id='word_1_35' title='bbox 1405 703 1665 771; x_wconf 58' lang='lat' dir='ltr'><strong>praeclare</strong></span> <span class='ocrx_word' id='word_1_36' title='bbox 1693 703 1885 764; x_wconf 75' lang='lat' dir='ltr'><strong>functi,</strong></span> 
     </span>
    </p>
   </div>
   <div class='ocr_carea' id='block_1_7' title="bbox 318 794 1889 867">
    <p class='ocr_par' dir='ltr' id='par_1_7' title="bbox 318 794 1889 867">
     <span class='ocr_line' id='line_1_7' title="bbox 318 794 1889 867; baseline -0.003 -15"><span class='ocrx_word' id='word_1_37' title='bbox 318 811 426 852; x_wconf 89' lang='lat' dir='ltr'><strong>tum</strong></span> <span class='ocrx_word' id='word_1_38' title='bbox 454 803 1066 867; x_wconf 67' lang='lat' dir='ltr'><strong>purpuratoornarunt,</strong></span> <span class='ocrx_word' id='word_1_39' title='bbox 1097 804 1208 848; x_wconf 90' lang='lat' dir='ltr'><strong>tum</strong></span> <span class='ocrx_word' id='word_1_40' title='bbox 1238 803 1295 849; x_wconf 87' lang='lat' dir='ltr'><strong>et</strong></span> <span class='ocrx_word' id='word_1_41' title='bbox 1323 796 1495 863; x_wconf 76' lang='lat' dir='ltr'><strong>magis</strong></span> <span class='ocrx_word' id='word_1_42' title='bbox 1519 794 1738 858; x_wconf 81' lang='lat' dir='ltr'><strong>inlulas,</strong></span> <span class='ocrx_word' id='word_1_43' title='bbox 1765 809 1889 847; x_wconf 86' lang='lat' dir='ltr'><strong>san-</strong></span> 
     </span>
    </p>
   </div>
   <div class='ocr_carea' id='block_1_8' title="bbox 319 887 1886 959">
    <p class='ocr_par' dir='ltr' id='par_1_8' title="bbox 319 887 1886 959">
     <span class='ocr_line' id='line_1_8' title="bbox 319 887 1886 959; baseline -0.001 -15"><span class='ocrx_word' id='word_1_44' title='bbox 319 891 417 944; x_wconf 81' lang='lat' dir='ltr'><strong>etis</strong></span> <span class='ocrx_word' id='word_1_45' title='bbox 454 888 699 942; x_wconf 59' lang='lat' dir='ltr'><strong>moi-ibus</strong></span> <span class='ocrx_word' id='word_1_46' title='bbox 743 887 1042 952; x_wconf 86' lang='lat' dir='ltr'><strong>composito</strong></span> <span class='ocrx_word' id='word_1_47' title='bbox 1069 894 1231 959; x_wconf 72' lang='lat' dir='ltr'><strong>grege</strong></span> <span class='ocrx_word' id='word_1_48' title='bbox 1267 887 1601 957; x_wconf 85' lang='lat' dir='ltr'><strong>peculiarius</strong></span> <span class='ocrx_word' id='word_1_49' title='bbox 1652 888 1886 949; x_wconf 81' lang='lat' dir='ltr'><strong>credito.</strong></span> 
     </span>
    </p>
   </div>
   <div class='ocr_carea' id='block_1_9' title="bbox 318 962 1890 1049">
    <p class='ocr_par' dir='ltr' id='par_1_9' title="bbox 318 962 1890 1049">
     <span class='ocr_line' id='line_1_9' title="bbox 318 962 1890 1049; baseline -0.004 -13"><span class='ocrx_word' id='word_1_50' title='bbox 318 981 557 1049; x_wconf 81' lang='lat' dir='ltr'><strong>nihilque</strong></span> <span class='ocrx_word' id='word_1_51' title='bbox 580 981 674 1035; x_wconf 87' lang='lat' dir='ltr'><strong>illo</strong></span> <span class='ocrx_word' id='word_1_52' title='bbox 719 978 1016 1031; x_wconf 84' lang='lat' dir='ltr'><strong>secundum</strong></span> <span class='ocrx_word' id='word_1_53' title='bbox 1057 962 1248 1042; x_wconf 51' lang='lat' dir='ltr'><strong>Deu&#39;m,</strong></span> <span class='ocrx_word' id='word_1_54' title='bbox 1269 978 1381 1032; x_wconf 85' lang='lat' dir='ltr'><strong>sive</strong></span> <span class='ocrx_word' id='word_1_55' title='bbox 1400 993 1695 1047; x_wconf 80' lang='lat' dir='ltr'><strong>purpuram</strong></span> <span class='ocrx_word' id='word_1_56' title='bbox 1718 979 1890 1039; x_wconf 86' lang='lat' dir='ltr'><strong>dicas,</strong></span> 
     </span>
    </p>
   </div>
   <div class='ocr_carea' id='block_1_10' title="bbox 320 1069 1881 1143">
    <p class='ocr_par' dir='ltr' id='par_1_10' title="bbox 320 1069 1881 1143">
     <span class='ocr_line' id='line_1_10' title="bbox 320 1069 1881 1143; baseline -0.004 -13"><span class='ocrx_word' id='word_1_57' title='bbox 320 1076 429 1130; x_wconf 88' lang='lat' dir='ltr'><strong>sive</strong></span> <span class='ocrx_word' id='word_1_58' title='bbox 449 1074 579 1143; x_wconf 89' lang='lat' dir='ltr'><strong>quid</strong></span> <span class='ocrx_word' id='word_1_59' title='bbox 601 1072 744 1125; x_wconf 85' lang='lat' dir='ltr'><strong>aliud</strong></span> <span class='ocrx_word' id='word_1_60' title='bbox 768 1071 1019 1125; x_wconf 69' lang='lat' dir='ltr'><strong>humantc</strong></span> <span class='ocrx_word' id='word_1_61' title='bbox 1058 1070 1364 1139; x_wconf 83' lang='lat' dir='ltr'><strong>dignitatis,</strong></span> <span class='ocrx_word' id='word_1_62' title='bbox 1388 1070 1664 1138; x_wconf 86' lang='lat' dir='ltr'><strong>antiquius</strong></span> <span class='ocrx_word' id='word_1_63' title='bbox 1685 1069 1881 1123; x_wconf 85' lang='lat' dir='ltr'><strong>haben-</strong></span> 
     </span>
    </p>
   </div>
   <div class='ocr_carea' id='block_1_11' title="bbox 324 1161 1890 1234">
    <p class='ocr_par' dir='ltr' id='par_1_11' title="bbox 324 1161 1890 1234">
     <span class='ocr_line' id='line_1_11' title="bbox 324 1161 1890 1234; baseline -0.004 -14"><span class='ocrx_word' id='word_1_64' title='bbox 324 1176 419 1232; x_wconf 84' lang='lat' dir='ltr'><strong>les,</strong></span> <span class='ocrx_word' id='word_1_65' title='bbox 450 1167 678 1234; x_wconf 75' lang='lat' dir='ltr'><strong>ejusque</strong></span> <span class='ocrx_word' id='word_1_66' title='bbox 708 1178 837 1218; x_wconf 87' lang='lat' dir='ltr'><strong>cura</strong></span> <span class='ocrx_word' id='word_1_67' title='bbox 868 1161 1153 1231; x_wconf 72' lang='lat' dir='ltr'><strong>pervigiles</strong></span> <span class='ocrx_word' id='word_1_68' title='bbox 1181 1177 1197 1223; x_wconf 89' lang='lat'><strong>;</strong></span> <span class='ocrx_word' id='word_1_69' title='bbox 1230 1162 1343 1214; x_wconf 87' lang='lat' dir='ltr'><strong>veri</strong></span> <span class='ocrx_word' id='word_1_70' title='bbox 1369 1161 1577 1215; x_wconf 80' lang='lat' dir='ltr'><strong>scilicet</strong></span> <span class='ocrx_word' id='word_1_71' title='bbox 1618 1161 1890 1223; x_wconf 72' lang='lat' dir='ltr'><strong>Pastorcs,</strong></span> 
     </span>
    </p>
   </div>
   <div class='ocr_carea' id='block_1_12' title="bbox 320 1253 1890 1326">
    <p class='ocr_par' dir='ltr' id='par_1_12' title="bbox 320 1253 1890 1326">
     <span class='ocr_line' id='line_1_12' title="bbox 320 1253 1890 1326; baseline -0.004 -12"><span class='ocrx_word' id='word_1_72' title='bbox 320 1258 631 1326; x_wconf 72' lang='lat' dir='ltr'><strong>Christique</strong></span> <span class='ocrx_word' id='word_1_73' title='bbox 650 1254 1076 1326; x_wconf 82' lang='grc' dir='ltr'><strong>Ἀρχιποίμενος</strong></span> <span class='ocrx_word' id='word_1_74' title='bbox 1092 1253 1315 1322; x_wconf 71' lang='lat' dir='ltr'><strong>vestigia</strong></span> <span class='ocrx_word' id='word_1_75' title='bbox 1355 1253 1542 1308; x_wconf 88' lang='lat' dir='ltr'><strong>sedulo</strong></span> <span class='ocrx_word' id='word_1_76' title='bbox 1561 1261 1890 1323; x_wconf 83' lang='lat' dir='ltr'><strong>prementes,</strong></span> 
     </span>
    </p>
   </div>
   <div class='ocr_carea' id='block_1_13' title="bbox 323 1343 1894 1418">
    <p class='ocr_par' dir='ltr' id='par_1_13' title="bbox 323 1343 1894 1418">
     <span class='ocr_line' id='line_1_13' title="bbox 323 1343 1894 1418; baseline -0.003 -16"><span class='ocrx_word' id='word_1_77' title='bbox 323 1351 662 1415; x_wconf 86' lang='lat' dir='ltr'><strong>decoraruut;</strong></span> <span class='ocrx_word' id='word_1_78' title='bbox 686 1349 740 1402; x_wconf 91' lang='lat' dir='ltr'><strong>in</strong></span> <span class='ocrx_word' id='word_1_79' title='bbox 756 1347 954 1418; x_wconf 87' lang='lat' dir='ltr'><strong>quibus</strong></span> <span class='ocrx_word' id='word_1_80' title='bbox 974 1347 1052 1400; x_wconf 89' lang='lat' dir='ltr'><strong>sol</strong></span> <span class='ocrx_word' id='word_1_81' title='bbox 1072 1346 1289 1414; x_wconf 88' lang='lat' dir='ltr'><strong>quidam</strong></span> <span class='ocrx_word' id='word_1_82' title='bbox 1309 1343 1510 1399; x_wconf 77' lang='lat' dir='ltr'><strong>eﬂ‘ulsit</strong></span> <span class='ocrx_word' id='word_1_83' title='bbox 1525 1344 1751 1399; x_wconf 84' lang='lat' dir='ltr'><strong>Carolus</strong></span> <span class='ocrx_word' id='word_1_84' title='bbox 1765 1344 1894 1398; x_wconf 71' lang='lat' dir='ltr'><strong>lior-</strong></span> 
     </span>
    </p>
   </div>
   <div class='ocr_carea' id='block_1_14' title="bbox 328 1423 1896 1504">
    <p class='ocr_par' dir='ltr' id='par_1_14' title="bbox 328 1423 1896 1504">
     <span class='ocr_line' id='line_1_14' title="bbox 328 1423 1896 1504; baseline -0.003 -10"><span class='ocrx_word' id='word_1_85' title='bbox 328 1455 552 1494; x_wconf 63' lang='lat' dir='ltr'><strong>romieus</strong></span> <span class='ocrx_word' id='word_1_86' title='bbox 576 1455 591 1503; x_wconf 94' lang='lat'><strong>;</strong></span> <span class='ocrx_word' id='word_1_87' title='bbox 618 1423 805 1493; x_wconf 55' lang='lat' dir='ltr'><strong>secuti&#39;</strong></span> <span class='ocrx_word' id='word_1_88' title='bbox 826 1438 1008 1504; x_wconf 89' lang='lat' dir='ltr'><strong>plures</strong></span> <span class='ocrx_word' id='word_1_89' title='bbox 1036 1436 1234 1490; x_wconf 86' lang='lat' dir='ltr'><strong>eximio</strong></span> <span class='ocrx_word' id='word_1_90' title='bbox 1273 1434 1542 1504; x_wconf 84' lang='lat' dir='ltr'><strong>exemplo,</strong></span> <span class='ocrx_word' id='word_1_91' title='bbox 1567 1433 1896 1490; x_wconf 75' lang='lat' dir='ltr'><strong>Francisuts</strong></span> 
     </span>
    </p>
   </div>
   <div class='ocr_carea' id='block_1_15' title="bbox 323 1524 1898 1597">
    <p class='ocr_par' dir='ltr' id='par_1_15' title="bbox 323 1524 1898 1597">
     <span class='ocr_line' id='line_1_15' title="bbox 323 1524 1898 1597; baseline -0.006 -14"><span class='ocrx_word' id='word_1_92' title='bbox 323 1527 1069 1597; x_wconf 65' lang='lat' dir='ltr'><strong>Sourtlisiualinrdigalensis,</strong></span> <span class='ocrx_word' id='word_1_93' title='bbox 1106 1539 1262 1579; x_wconf 89' lang='lat' dir='ltr'><strong>meus</strong></span> <span class='ocrx_word' id='word_1_94' title='bbox 1288 1524 1404 1594; x_wconf 90' lang='lat' dir='ltr'><strong>ipse</strong></span> <span class='ocrx_word' id='word_1_95' title='bbox 1445 1525 1789 1593; x_wconf 88' lang='lat' dir='ltr'><strong>metropolita</strong></span> <span class='ocrx_word' id='word_1_96' title='bbox 1814 1524 1898 1575; x_wconf 84' lang='lat' dir='ltr'><strong>vi-</strong></span> 
     </span>
    </p>
   </div>
   <div class='ocr_carea' id='block_1_16' title="bbox 323 1617 1899 1693">
    <p class='ocr_par' dir='ltr' id='par_1_16' title="bbox 323 1617 1899 1693">
     <span class='ocr_line' id='line_1_16' title="bbox 323 1617 1899 1693; baseline -0.004 -15"><span class='ocrx_word' id='word_1_97' title='bbox 323 1631 493 1693; x_wconf 68' lang='lat' dir='ltr'><strong>taque</strong></span> <span class='ocrx_word' id='word_1_98' title='bbox 517 1621 781 1692; x_wconf 77' lang='lat' dir='ltr'><strong>regularis</strong></span> <span class='ocrx_word' id='word_1_99' title='bbox 801 1628 1042 1676; x_wconf 83' lang='lat' dir='ltr'><strong>assertor</strong></span> <span class='ocrx_word' id='word_1_100' title='bbox 1056 1630 1111 1674; x_wconf 90' lang='lat' dir='ltr'><strong>et</strong></span> <span class='ocrx_word' id='word_1_101' title='bbox 1138 1620 1330 1674; x_wconf 85' lang='lat' dir='ltr'><strong>vindex</strong></span> <span class='ocrx_word' id='word_1_102' title='bbox 1356 1620 1409 1672; x_wconf 92' lang='lat' dir='ltr'><strong>in</strong></span> <span class='ocrx_word' id='word_1_103' title='bbox 1430 1618 1762 1674; x_wconf 84' lang='lat' dir='ltr'><strong>sanctissimi</strong></span> <span class='ocrx_word' id='word_1_104' title='bbox 1790 1617 1899 1672; x_wconf 82' lang='lat' dir='ltr'><strong>Ro-</strong></span> 
     </span>
    </p>
   </div>
   <div class='ocr_carea' id='block_1_17' title="bbox 323 1700 1899 1785">
    <p class='ocr_par' dir='ltr' id='par_1_17' title="bbox 323 1700 1899 1785">
     <span class='ocr_line' id='line_1_17' title="bbox 323 1700 1899 1785; baseline 0 -15"><span class='ocrx_word' id='word_1_105' title='bbox 323 1716 447 1770; x_wconf 86' lang='lat' dir='ltr'><strong>sarii</strong></span> <span class='ocrx_word' id='word_1_106' title='bbox 472 1714 577 1769; x_wconf 84' lang='lat' dir='ltr'><strong>FF.</strong></span> <span class='ocrx_word' id='word_1_107' title='bbox 598 1715 1015 1781; x_wconf 70' lang='lat' dir='ltr'><strong>Praedicatorum</strong></span> <span class='ocrx_word' id='word_1_108' title='bbox 1039 1700 1416 1782; x_wconf 73' lang='lat' dir='ltr'><strong>Burdigalensi</strong></span> <span class='ocrx_word' id='word_1_109' title='bbox 1434 1714 1764 1779; x_wconf 63' lang='lat' dir='ltr'><strong>cmnoblojn</strong></span> <span class='ocrx_word' id='word_1_110' title='bbox 1792 1729 1899 1785; x_wconf 90' lang='lat' dir='ltr'><strong>quo</strong></span> 
     </span>
    </p>
   </div>
   <div class='ocr_carea' id='block_1_18' title="bbox 321 1803 1900 1871">
    <p class='ocr_par' dir='ltr' id='par_1_18' title="bbox 321 1803 1900 1871">
     <span class='ocr_line' id='line_1_18' title="bbox 321 1803 1900 1871; baseline -0.001 -10"><span class='ocrx_word' id='word_1_111' title='bbox 321 1817 368 1861; x_wconf 90' lang='lat' dir='ltr'><strong>et</strong></span> <span class='ocrx_word' id='word_1_112' title='bbox 402 1822 594 1861; x_wconf 83' lang='lat' dir='ltr'><strong>nomen</strong></span> <span class='ocrx_word' id='word_1_113' title='bbox 623 1805 880 1860; x_wconf 87' lang='lat' dir='ltr'><strong>sanctiori</strong></span> <span class='ocrx_word' id='word_1_114' title='bbox 906 1805 1160 1859; x_wconf 91' lang='lat' dir='ltr'><strong>instituto</strong></span> <span class='ocrx_word' id='word_1_115' title='bbox 1194 1803 1213 1871; x_wconf 90' lang='lat'>(</span> <span class='ocrx_word' id='word_1_116' title='bbox 1238 1813 1429 1859; x_wconf 87' lang='lat' dir='ltr'><strong>sancto</strong></span> <span class='ocrx_word' id='word_1_117' title='bbox 1454 1819 1580 1860; x_wconf 84' lang='lat' dir='ltr'><strong>vere</strong></span> <span class='ocrx_word' id='word_1_118' title='bbox 1602 1816 1761 1868; x_wconf 78' lang='lat' dir='ltr'><strong>tunc,</strong></span> <span class='ocrx_word' id='word_1_119' title='bbox 1786 1821 1900 1860; x_wconf 89' lang='lat' dir='ltr'><strong>mo-</strong></span> 
     </span>
    </p>
   </div>
   <div class='ocr_carea' id='block_1_19' title="bbox 321 1893 1891 1966">
    <p class='ocr_par' dir='ltr' id='par_1_19' title="bbox 321 1893 1891 1966">
     <span class='ocr_line' id='line_1_19' title="bbox 321 1893 1891 1966; baseline -0.001 -15"><span class='ocrx_word' id='word_1_120' title='bbox 321 1900 492 1965; x_wconf 88' lang='lat' dir='ltr'><strong>doque</strong></span> <span class='ocrx_word' id='word_1_121' title='bbox 523 1896 796 1962; x_wconf 71' lang='lat' dir='ltr'><strong>sodalitio)</strong></span> <span class='ocrx_word' id='word_1_122' title='bbox 834 1894 954 1948; x_wconf 85' lang='lat' dir='ltr'><strong>dedi</strong></span> <span class='ocrx_word' id='word_1_123' title='bbox 990 1912 1006 1959; x_wconf 91' lang='lat'><strong>;</strong></span> <span class='ocrx_word' id='word_1_124' title='bbox 1036 1893 1374 1951; x_wconf 87' lang='lat' dir='ltr'><strong>Galaminius</strong></span> <span class='ocrx_word' id='word_1_125' title='bbox 1401 1904 1610 1958; x_wconf 79' lang='lat' dir='ltr'><strong>noster,</strong></span> <span class='ocrx_word' id='word_1_126' title='bbox 1668 1896 1891 1966; x_wconf 54' lang='lat' dir='ltr'><strong>aliique.</strong></span> 
     </span>
    </p>
   </div>
   <div class='ocr_carea' id='block_1_20' title="bbox 388 1983 1894 2055">
    <p class='ocr_par' dir='ltr' id='par_1_20' title="bbox 388 1983 1894 2055">
     <span class='ocr_line' id='line_1_20' title="bbox 388 1983 1894 2055; baseline -0.001 -16"><span class='ocrx_word' id='word_1_127' title='bbox 388 1984 694 2052; x_wconf 82' lang='lat' dir='ltr'><strong>Stephanus</strong></span> <span class='ocrx_word' id='word_1_128' title='bbox 740 1998 890 2052; x_wconf 82' lang='lat' dir='ltr'><strong>ergo,</strong></span> <span class='ocrx_word' id='word_1_129' title='bbox 943 1983 1037 2036; x_wconf 68' lang='grc' dir='ltr'>τὸν</span> <span class='ocrx_word' id='word_1_130' title='bbox 1073 1983 1176 2052; x_wconf 79' lang='grc' dir='ltr'><strong>τῆς</strong></span> <span class='ocrx_word' id='word_1_131' title='bbox 1209 1984 1518 2054; x_wconf 77' lang='grc' dir='ltr'>ἐπισκοπῆς</span> <span class='ocrx_word' id='word_1_132' title='bbox 1548 1984 1894 2055; x_wconf 75' lang='grc' dir='ltr'><strong>παραιτησά-</strong></span> 
     </span>
    </p>
   </div>
   <div class='ocr_carea' id='block_1_21' title="bbox 325 2074 1928 2150">
    <p class='ocr_par' dir='ltr' id='par_1_21' title="bbox 325 2074 1928 2150">
     <span class='ocr_line' id='line_1_21' title="bbox 325 2074 1928 2150; baseline -0.001 -21"><span class='ocrx_word' id='word_1_133' title='bbox 325 2094 480 2147; x_wconf 73' lang='lat' dir='ltr'><strong>pm;</strong></span> <span class='ocrx_word' id='word_1_134' title='bbox 505 2076 714 2147; x_wconf 80' lang='grc' dir='ltr'><strong>θρόνον,</strong></span> <span class='ocrx_word' id='word_1_135' title='bbox 746 2075 913 2143; x_wconf 79' lang='grc' dir='ltr'>συνῆν</span> <span class='ocrx_word' id='word_1_136' title='bbox 937 2076 1026 2128; x_wconf 70' lang='grc' dir='ltr'><strong>ἀεὶ</strong></span> <span class='ocrx_word' id='word_1_137' title='bbox 1154 2076 1499 2150; x_wconf 74' lang='grc' dir='ltr'><strong>πατριάρχῃ,</strong></span> <span class='ocrx_word' id='word_1_138' title='bbox 1523 2077 1619 2130; x_wconf 71' lang='grc' dir='ltr'><strong>καὶ</strong></span> <span class='ocrx_word' id='word_1_139' title='bbox 1649 2077 1894 2147; x_wconf 82' lang='grc' dir='ltr'><strong>μεγάλην</strong></span> <span class='ocrx_word' id='word_1_140' title='bbox 1925 2130 1928 2133; x_wconf 95' lang='lat'><em>_</em></span> 
     </span>
    </p>
   </div>
   <div class='ocr_carea' id='block_1_22' title="bbox 321 2167 1897 2238">
    <p class='ocr_par' dir='ltr' id='par_1_22' title="bbox 321 2167 1897 2238">
     <span class='ocr_line' id='line_1_22' title="bbox 321 2167 1897 2238; baseline 0 -16"><span class='ocrx_word' id='word_1_141' title='bbox 321 2169 546 2237; x_wconf 76' lang='grc' dir='ltr'>ἐφέρετο</span> <span class='ocrx_word' id='word_1_142' title='bbox 601 2168 753 2237; x_wconf 70' lang='grc' dir='ltr'>παρὰ</span> <span class='ocrx_word' id='word_1_143' title='bbox 780 2169 915 2222; x_wconf 77' lang='grc' dir='ltr'><strong>πᾶσι</strong></span> <span class='ocrx_word' id='word_1_144' title='bbox 968 2168 1067 2238; x_wconf 85' lang='grc' dir='ltr'><strong>τὴν</strong></span> <span class='ocrx_word' id='word_1_145' title='bbox 1101 2171 1293 2238; x_wconf 77' lang='grc' dir='ltr'>φήμην</span> <span class='ocrx_word' id='word_1_146' title='bbox 1329 2172 1428 2237; x_wconf 77' lang='grc' dir='ltr'><strong>τῆς</strong></span> <span class='ocrx_word' id='word_1_147' title='bbox 1464 2169 1743 2235; x_wconf 80' lang='grc' dir='ltr'><strong>γνώσεως.</strong></span> <span class='ocrx_word' id='word_1_148' title='bbox 1794 2167 1897 2222; x_wconf 77' lang='lat' dir='ltr'><strong>Re—</strong></span> 
     </span>
    </p>
   </div>
   <div class='ocr_carea' id='block_1_23' title="bbox 320 2262 1894 2331">
    <p class='ocr_par' dir='ltr' id='par_1_23' title="bbox 320 2262 1894 2331">
     <span class='ocr_line' id='line_1_23' title="bbox 320 2262 1894 2331; baseline 0.001 -18"><span class='ocrx_word' id='word_1_149' title='bbox 320 2263 541 2329; x_wconf 75' lang='lat' dir='ltr'><strong>pudiata</strong></span> <span class='ocrx_word' id='word_1_150' title='bbox 563 2264 682 2315; x_wconf 71' lang='lat' dir='ltr'><strong>sede</strong></span> <span class='ocrx_word' id='word_1_151' title='bbox 718 2262 1027 2331; x_wconf 74' lang='lat' dir='ltr'><strong>episcopali,</strong></span> <span class='ocrx_word' id='word_1_152' title='bbox 1060 2277 1178 2314; x_wconf 85' lang='lat' dir='ltr'><strong>cum</strong></span> <span class='ocrx_word' id='word_1_153' title='bbox 1204 2262 1511 2329; x_wconf 79' lang='lat' dir='ltr'><strong>patriarrha</strong></span> <span class='ocrx_word' id='word_1_154' title='bbox 1541 2277 1746 2329; x_wconf 78' lang='lat' dir='ltr'><strong>semper</strong></span> <span class='ocrx_word' id='word_1_155' title='bbox 1776 2276 1894 2315; x_wconf 76' lang='lat' dir='ltr'><strong>rer-</strong></span> 
     </span>
    </p>
   </div>
   <div class='ocr_carea' id='block_1_24' title="bbox 321 2354 1896 2425">
    <p class='ocr_par' dir='ltr' id='par_1_24' title="bbox 321 2354 1896 2425">
     <span class='ocr_line' id='line_1_24' title="bbox 321 2354 1896 2425; baseline 0 -16"><span class='ocrx_word' id='word_1_156' title='bbox 321 2356 564 2416; x_wconf 75' lang='lat' dir='ltr'><strong>sabatur,</strong></span> <span class='ocrx_word' id='word_1_157' title='bbox 597 2370 886 2425; x_wconf 79' lang='lat' dir='ltr'><strong>magnoque</strong></span> <span class='ocrx_word' id='word_1_158' title='bbox 910 2354 1053 2423; x_wconf 83' lang='lat' dir='ltr'><strong>apud</strong></span> <span class='ocrx_word' id='word_1_159' title='bbox 1082 2360 1262 2408; x_wconf 85' lang='lat' dir='ltr'><strong>omnes</strong></span> <span class='ocrx_word' id='word_1_160' title='bbox 1282 2355 1517 2408; x_wconf 76' lang='lat' dir='ltr'><strong>scientite</strong></span> <span class='ocrx_word' id='word_1_161' title='bbox 1539 2354 1896 2409; x_wconf 72' lang='lat' dir='ltr'><strong>a’slimatione</strong></span> 
     </span>
    </p>
   </div>
   <div class='ocr_carea' id='block_1_25' title="bbox 325 2426 1892 2515">
    <p class='ocr_par' dir='ltr' id='par_1_25' title="bbox 325 2426 1892 2515">
     <span class='ocr_line' id='line_1_25' title="bbox 325 2426 1892 2515; baseline -0.001 -13"><span class='ocrx_word' id='word_1_162' title='bbox 325 2459 456 2502; x_wconf 73' lang='lat' dir='ltr'><strong>erat.</strong></span> <span class='ocrx_word' id='word_1_163' title='bbox 508 2447 681 2501; x_wconf 81' lang='lat' dir='ltr'><strong>Potuit</strong></span> <span class='ocrx_word' id='word_1_164' title='bbox 717 2463 848 2515; x_wconf 85' lang='lat' dir='ltr'><strong>ergo</strong></span> <span class='ocrx_word' id='word_1_165' title='bbox 893 2448 978 2500; x_wconf 89' lang='lat' dir='ltr'><strong>vir</strong></span> <span class='ocrx_word' id='word_1_166' title='bbox 1031 2448 1278 2501; x_wconf 82' lang='lat' dir='ltr'><strong>eruditus</strong></span> <span class='ocrx_word' id='word_1_167' title='bbox 1317 2426 1632 2515; x_wconf 80' lang='lat' dir='ltr'><strong>suspectum</strong></span> <span class='ocrx_word' id='word_1_168' title='bbox 1668 2447 1892 2512; x_wconf 86' lang='lat' dir='ltr'><strong>habere,</strong></span> 
     </span>
    </p>
   </div>
   <div class='ocr_carea' id='block_1_26' title="bbox 329 2538 1893 2610">
    <p class='ocr_par' dir='ltr' id='par_1_26' title="bbox 329 2538 1893 2610">
     <span class='ocr_line' id='line_1_26' title="bbox 329 2538 1893 2610; baseline 0.004 -22"><span class='ocrx_word' id='word_1_169' title='bbox 329 2540 466 2605; x_wconf 87' lang='lat' dir='ltr'><strong>quod</strong></span> <span class='ocrx_word' id='word_1_170' title='bbox 489 2540 642 2592; x_wconf 84' lang='lat' dir='ltr'><strong>ambo</strong></span> <span class='ocrx_word' id='word_1_171' title='bbox 694 2538 993 2609; x_wconf 84' lang='lat' dir='ltr'><strong>Symeoncs</strong></span> <span class='ocrx_word' id='word_1_172' title='bbox 1035 2539 1135 2592; x_wconf 86' lang='lat' dir='ltr'><strong>viri</strong></span> <span class='ocrx_word' id='word_1_173' title='bbox 1173 2538 1430 2592; x_wconf 87' lang='lat' dir='ltr'><strong>illitterati</strong></span> <span class='ocrx_word' id='word_1_174' title='bbox 1460 2554 1524 2593; x_wconf 88' lang='lat' dir='ltr'><strong>ex</strong></span> <span class='ocrx_word' id='word_1_175' title='bbox 1575 2538 1690 2593; x_wconf 87' lang='lat' dir='ltr'><strong>solo</strong></span> <span class='ocrx_word' id='word_1_176' title='bbox 1736 2541 1893 2610; x_wconf 88' lang='lat' dir='ltr'><strong>quasi</strong></span> 
     </span>
    </p>
   </div>
   <div class='ocr_carea' id='block_1_27' title="bbox 339 2626 1897 2697">
    <p class='ocr_par' dir='ltr' id='par_1_27' title="bbox 339 2626 1897 2697">
     <span class='ocr_line' id='line_1_27' title="bbox 339 2626 1897 2697; baseline 0.001 -17"><span class='ocrx_word' id='word_1_177' title='bbox 339 2626 507 2680; x_wconf 78' lang='lat' dir='ltr'><strong>aii&#39;latu</strong></span> <span class='ocrx_word' id='word_1_178' title='bbox 528 2630 587 2682; x_wconf 81' lang='lat' dir='ltr'><strong>de</strong></span> <span class='ocrx_word' id='word_1_179' title='bbox 619 2627 730 2681; x_wconf 76' lang='lat' dir='ltr'><strong>Deo</strong></span> <span class='ocrx_word' id='word_1_180' title='bbox 764 2627 1073 2696; x_wconf 80' lang='lat' dir='ltr'><strong>divinisque</strong></span> <span class='ocrx_word' id='word_1_181' title='bbox 1102 2635 1250 2680; x_wconf 89' lang='lat' dir='ltr'><strong>tanta</strong></span> <span class='ocrx_word' id='word_1_182' title='bbox 1302 2626 1692 2694; x_wconf 83' lang='lat' dir='ltr'><strong>loquebantur;</strong></span> <span class='ocrx_word' id='word_1_183' title='bbox 1725 2629 1897 2697; x_wconf 87' lang='lat' dir='ltr'><strong>quod-</strong></span> 
     </span>
    </p>
   </div>
   <div class='ocr_carea' id='block_1_28' title="bbox 340 2718 1896 2788">
    <p class='ocr_par' dir='ltr' id='par_1_28' title="bbox 340 2718 1896 2788">
     <span class='ocr_line' id='line_1_28' title="bbox 340 2718 1896 2788; baseline 0.002 -18"><span class='ocrx_word' id='word_1_184' title='bbox 340 2733 442 2787; x_wconf 91' lang='lat' dir='ltr'><strong>que</strong></span> <span class='ocrx_word' id='word_1_185' title='bbox 477 2719 622 2785; x_wconf 82' lang='lat' dir='ltr'><strong>alter,</strong></span> <span class='ocrx_word' id='word_1_186' title='bbox 672 2718 899 2774; x_wconf 79' lang='lat' dir='ltr'><strong>alterius</strong></span> <span class='ocrx_word' id='word_1_187' title='bbox 923 2719 1035 2788; x_wconf 86' lang='lat' dir='ltr'><strong>jatn</strong></span> <span class='ocrx_word' id='word_1_188' title='bbox 1068 2718 1311 2773; x_wconf 83' lang='lat' dir='ltr'><strong>defuncti</strong></span> <span class='ocrx_word' id='word_1_189' title='bbox 1339 2719 1657 2772; x_wconf 88' lang='lat' dir='ltr'><strong>memoriam</strong></span> <span class='ocrx_word' id='word_1_190' title='bbox 1706 2733 1896 2774; x_wconf 87' lang='lat' dir='ltr'><strong>conse-</strong></span> 
     </span>
    </p>
   </div>
   <div class='ocr_carea' id='block_1_29' title="bbox 331 2808 1895 2881">
    <p class='ocr_par' dir='ltr' id='par_1_29' title="bbox 331 2808 1895 2881">
     <span class='ocr_line' id='line_1_29' title="bbox 331 2808 1895 2881; baseline 0.001 -17"><span class='ocrx_word' id='word_1_191' title='bbox 331 2824 505 2876; x_wconf 83' lang='lat' dir='ltr'><strong>crans,</strong></span> <span class='ocrx_word' id='word_1_192' title='bbox 538 2811 600 2865; x_wconf 89' lang='lat' dir='ltr'><strong>ad</strong></span> <span class='ocrx_word' id='word_1_193' title='bbox 629 2811 746 2881; x_wconf 88' lang='lat' dir='ltr'><strong>ejus</strong></span> <span class='ocrx_word' id='word_1_194' title='bbox 771 2810 1030 2866; x_wconf 84' lang='lat' dir='ltr'><strong>solemnia</strong></span> <span class='ocrx_word' id='word_1_195' title='bbox 1083 2819 1249 2864; x_wconf 83' lang='lat' dir='ltr'><strong>totam</strong></span> <span class='ocrx_word' id='word_1_196' title='bbox 1297 2808 1414 2864; x_wconf 82' lang='lat' dir='ltr'><strong>fere</strong></span> <span class='ocrx_word' id='word_1_197' title='bbox 1450 2820 1665 2880; x_wconf 74' lang='lat' dir='ltr'><strong>cogeret</strong></span> <span class='ocrx_word' id='word_1_198' title='bbox 1698 2810 1895 2865; x_wconf 83' lang='lat' dir='ltr'><strong>civita-</strong></span> 
     </span>
    </p>
   </div>
   <div class='ocr_carea' id='block_1_30' title="bbox 328 2903 1894 2973">
    <p class='ocr_par' dir='ltr' id='par_1_30' title="bbox 328 2903 1894 2973">
     <span class='ocr_line' id='line_1_30' title="bbox 328 2903 1894 2973; baseline 0.003 -19"><span class='ocrx_word' id='word_1_199' title='bbox 328 2913 470 2973; x_wconf 69' lang='lat' dir='ltr'><strong>tem;</strong></span> <span class='ocrx_word' id='word_1_200' title='bbox 498 2912 548 2955; x_wconf 89' lang='lat' dir='ltr'><strong>ut</strong></span> <span class='ocrx_word' id='word_1_201' title='bbox 571 2903 681 2971; x_wconf 82' lang='lat' dir='ltr'><strong>jam</strong></span> <span class='ocrx_word' id='word_1_202' title='bbox 704 2914 904 2973; x_wconf 74' lang='lat' dir='ltr'><strong>magna</strong></span> <span class='ocrx_word' id='word_1_203' title='bbox 939 2904 1137 2957; x_wconf 78' lang='lat' dir='ltr'><strong>civium</strong></span> <span class='ocrx_word' id='word_1_204' title='bbox 1166 2919 1314 2973; x_wconf 85' lang='lat' dir='ltr'><strong>pars,</strong></span> <span class='ocrx_word' id='word_1_205' title='bbox 1353 2904 1488 2957; x_wconf 84' lang='lat' dir='ltr'><strong>nihil</strong></span> <span class='ocrx_word' id='word_1_206' title='bbox 1523 2903 1624 2957; x_wconf 87' lang='lat' dir='ltr'><strong>nisi</strong></span> <span class='ocrx_word' id='word_1_207' title='bbox 1646 2916 1894 2958; x_wconf 89' lang='lat' dir='ltr'><strong>sanctum</strong></span> 
     </span>
    </p>
   </div>
   <div class='ocr_carea' id='block_1_31' title="bbox 323 2988 1895 3064">
    <p class='ocr_par' dir='ltr' id='par_1_31' title="bbox 323 2988 1895 3064">
     <span class='ocr_line' id='line_1_31' title="bbox 323 2988 1895 3064; baseline -0.001 -15"><span class='ocrx_word' id='word_1_208' title='bbox 323 2993 601 3060; x_wconf 82' lang='lat' dir='ltr'><strong>haberent,</strong></span> <span class='ocrx_word' id='word_1_209' title='bbox 624 2995 766 3063; x_wconf 87' lang='lat' dir='ltr'><strong>quod</strong></span> <span class='ocrx_word' id='word_1_210' title='bbox 789 2994 895 3049; x_wconf 86' lang='lat' dir='ltr'><strong>illis</strong></span> <span class='ocrx_word' id='word_1_211' title='bbox 921 2994 1235 3050; x_wconf 86' lang='lat' dir='ltr'><strong>auctoribus</strong></span> <span class='ocrx_word' id='word_1_212' title='bbox 1265 2988 1623 3064; x_wconf 84' lang='lat' dir='ltr'><strong>accepissent.</strong></span> <span class='ocrx_word' id='word_1_213' title='bbox 1649 2994 1895 3050; x_wconf 85' lang='lat' dir='ltr'><strong>Primqu</strong></span> 
     </span>
    </p>
   </div>
   <div class='ocr_carea' id='block_1_32' title="bbox 323 3082 1894 3155">
    <p class='ocr_par' dir='ltr' id='par_1_32' title="bbox 323 3082 1894 3155">
     <span class='ocr_line' id='line_1_32' title="bbox 323 3082 1894 3155; baseline 0.003 -20"><span class='ocrx_word' id='word_1_214' title='bbox 323 3084 505 3154; x_wconf 82' lang='lat' dir='ltr'><strong>itaque</strong></span> <span class='ocrx_word' id='word_1_215' title='bbox 532 3084 609 3139; x_wconf 88' lang='lat' dir='ltr'><strong>illi</strong></span> <span class='ocrx_word' id='word_1_216' title='bbox 637 3092 842 3139; x_wconf 82' lang='lat' dir='ltr'><strong>tentata</strong></span> <span class='ocrx_word' id='word_1_217' title='bbox 886 3082 1172 3155; x_wconf 79' lang='lat' dir='ltr'><strong>Symeonis</strong></span> <span class='ocrx_word' id='word_1_218' title='bbox 1223 3083 1291 3139; x_wconf 87' lang='lat' dir='ltr'><strong>de</strong></span> <span class='ocrx_word' id='word_1_219' title='bbox 1324 3084 1436 3140; x_wconf 89' lang='lat' dir='ltr'><strong>Deo</strong></span> <span class='ocrx_word' id='word_1_220' title='bbox 1461 3086 1745 3141; x_wconf 83' lang='lat' dir='ltr'><strong>doctrina:</strong></span> <span class='ocrx_word' id='word_1_221' title='bbox 1780 3092 1894 3141; x_wconf 72' lang='lat' dir='ltr'><strong>tam</strong></span> 
     </span>
    </p>
   </div>
   <div class='ocr_carea' id='block_1_33' title="bbox 1989 610 3574 684">
    <p class='ocr_par' dir='ltr' id='par_1_33' title="bbox 1989 610 3574 684">
     <span class='ocr_line' id='line_1_33' title="bbox 1989 610 3574 684; baseline 0 -17"><span class='ocrx_word' id='word_1_222' title='bbox 1989 613 2179 667; x_wconf 83' lang='lat' dir='ltr'><strong>eadem</strong></span> <span class='ocrx_word' id='word_1_223' title='bbox 2199 614 2264 667; x_wconf 88' lang='lat' dir='ltr'><strong>ad</strong></span> <span class='ocrx_word' id='word_1_224' title='bbox 2299 613 2514 669; x_wconf 72' lang='lat' dir='ltr'><strong>tliverSa</strong></span> <span class='ocrx_word' id='word_1_225' title='bbox 2549 613 2649 666; x_wconf 84' lang='lat' dir='ltr'><strong>alia</strong></span> <span class='ocrx_word' id='word_1_226' title='bbox 2703 613 2971 667; x_wconf 76' lang='lat' dir='ltr'><strong>t-tnnobia.</strong></span> <span class='ocrx_word' id='word_1_227' title='bbox 2996 610 3149 665; x_wconf 85' lang='lat' dir='ltr'><strong>Nulla</strong></span> <span class='ocrx_word' id='word_1_228' title='bbox 3184 614 3440 682; x_wconf 85' lang='lat' dir='ltr'><strong>deinceps</strong></span> <span class='ocrx_word' id='word_1_229' title='bbox 3470 613 3574 684; x_wconf 73' lang='lat' dir='ltr'><strong>Sy—</strong></span> 
     </span>
    </p>
   </div>
   <div class='ocr_carea' id='block_1_34' title="bbox 1992 700 3578 773">
    <p class='ocr_par' dir='ltr' id='par_1_34' title="bbox 1992 700 3578 773">
     <span class='ocr_line' id='line_1_34' title="bbox 1992 700 3578 773; baseline -0.001 -17"><span class='ocrx_word' id='word_1_230' title='bbox 1992 705 2169 758; x_wconf 90' lang='lat' dir='ltr'><strong>meoni</strong></span> <span class='ocrx_word' id='word_1_231' title='bbox 2202 700 2383 761; x_wconf 76' lang='lat' dir='ltr'><strong>creata</strong></span> <span class='ocrx_word' id='word_1_232' title='bbox 2412 702 2680 759; x_wconf 80' lang='lat' dir='ltr'><strong>molestia.</strong></span> <span class='ocrx_word' id='word_1_233' title='bbox 2715 701 3027 758; x_wconf 81' lang='lat' dir='ltr'><strong>Exstinctos</strong></span> <span class='ocrx_word' id='word_1_234' title='bbox 3050 702 3200 759; x_wconf 82' lang='lat' dir='ltr'><strong>brevi</strong></span> <span class='ocrx_word' id='word_1_235' title='bbox 3237 714 3359 773; x_wconf 89' lang='lat' dir='ltr'><strong>post</strong></span> <span class='ocrx_word' id='word_1_236' title='bbox 3416 704 3578 758; x_wconf 84' lang='lat' dir='ltr'><strong>resti-</strong></span> 
     </span>
    </p>
   </div>
   <div class='ocr_carea' id='block_1_35' title="bbox 1993 793 3579 866">
    <p class='ocr_par' dir='ltr' id='par_1_35' title="bbox 1993 793 3579 866">
     <span class='ocr_line' id='line_1_35' title="bbox 1993 793 3579 866; baseline 0 -19"><span class='ocrx_word' id='word_1_237' title='bbox 1993 803 2165 848; x_wconf 89' lang='lat' dir='ltr'><strong>tutum</strong></span> <span class='ocrx_word' id='word_1_238' title='bbox 2216 793 2541 866; x_wconf 89' lang='lat' dir='ltr'><strong>Symeonem</strong></span> <span class='ocrx_word' id='word_1_239' title='bbox 2583 797 2888 864; x_wconf 85' lang='lat' dir='ltr'><strong>patriarcha</strong></span> <span class='ocrx_word' id='word_1_240' title='bbox 2921 794 3170 866; x_wconf 84' lang='lat' dir='ltr'><strong>Sergius,</strong></span> <span class='ocrx_word' id='word_1_241' title='bbox 3201 796 3358 863; x_wconf 86' lang='lat' dir='ltr'><strong>eique</strong></span> <span class='ocrx_word' id='word_1_242' title='bbox 3383 795 3579 850; x_wconf 84' lang='lat' dir='ltr'><strong>subro-</strong></span> 
     </span>
    </p>
   </div>
   <div class='ocr_carea' id='block_1_36' title="bbox 1993 883 3578 952">
    <p class='ocr_par' dir='ltr' id='par_1_36' title="bbox 1993 883 3578 952">
     <span class='ocr_line' id='line_1_36' title="bbox 1993 883 3578 952; baseline 0.002 -16"><span class='ocrx_word' id='word_1_243' title='bbox 1993 893 2172 952; x_wconf 75' lang='lat' dir='ltr'><strong>gatus,</strong></span> <span class='ocrx_word' id='word_1_244' title='bbox 2200 883 2539 947; x_wconf 85' lang='lat' dir='ltr'><strong>Eusthatius,</strong></span> <span class='ocrx_word' id='word_1_245' title='bbox 2590 884 2744 952; x_wconf 84' lang='lat' dir='ltr'><strong>cujus</strong></span> <span class='ocrx_word' id='word_1_246' title='bbox 2790 900 2952 940; x_wconf 90' lang='lat' dir='ltr'><strong>omne</strong></span> <span class='ocrx_word' id='word_1_247' title='bbox 2974 895 3188 952; x_wconf 88' lang='lat' dir='ltr'><strong>tempus</strong></span> <span class='ocrx_word' id='word_1_248' title='bbox 3220 884 3466 941; x_wconf 82' lang='lat' dir='ltr'><strong>videatur</strong></span> <span class='ocrx_word' id='word_1_249' title='bbox 3500 888 3578 939; x_wconf 81' lang='lat' dir='ltr'><strong>vi-</strong></span> 
     </span>
    </p>
   </div>
   <div class='ocr_carea' id='block_1_37' title="bbox 1992 973 3578 1047">
    <p class='ocr_par' dir='ltr' id='par_1_37' title="bbox 1992 973 3578 1047">
     <span class='ocr_line' id='line_1_37' title="bbox 1992 973 3578 1047; baseline -0.001 -19"><span class='ocrx_word' id='word_1_250' title='bbox 1992 978 2140 1029; x_wconf 82' lang='lat' dir='ltr'><strong>xlsse</strong></span> <span class='ocrx_word' id='word_1_251' title='bbox 2161 974 2418 1047; x_wconf 82' lang='lat' dir='ltr'><strong>Symeon,</strong></span> <span class='ocrx_word' id='word_1_252' title='bbox 2439 985 2494 1031; x_wconf 90' lang='lat' dir='ltr'><strong>et</strong></span> <span class='ocrx_word' id='word_1_253' title='bbox 2512 976 2577 1028; x_wconf 91' lang='lat' dir='ltr'><strong>ad</strong></span> <span class='ocrx_word' id='word_1_254' title='bbox 2605 977 2776 1046; x_wconf 88' lang='lat' dir='ltr'><strong>ipsum</strong></span> <span class='ocrx_word' id='word_1_255' title='bbox 2801 976 2999 1040; x_wconf 83' lang='lat' dir='ltr'><strong>Alexii,</strong></span> <span class='ocrx_word' id='word_1_256' title='bbox 3032 975 3125 1045; x_wconf 85' lang='lat' dir='ltr'><strong>qui</strong></span> <span class='ocrx_word' id='word_1_257' title='bbox 3156 973 3335 1029; x_wconf 83' lang='lat' dir='ltr'><strong>fuerat</strong></span> <span class='ocrx_word' id='word_1_258' title='bbox 3357 974 3578 1030; x_wconf 74' lang='lat' dir='ltr'><strong>Studia-</strong></span> 
     </span>
    </p>
   </div>
   <div class='ocr_carea' id='block_1_38' title="bbox 1994 1054 3570 1136">
    <p class='ocr_par' dir='ltr' id='par_1_38' title="bbox 1994 1054 3570 1136">
     <span class='ocr_line' id='line_1_38' title="bbox 1994 1054 3570 1136; baseline 0.002 -18"><span class='ocrx_word' id='word_1_259' title='bbox 1994 1080 2098 1120; x_wconf 87' lang='lat' dir='ltr'><strong>nus</strong></span> <span class='ocrx_word' id='word_1_260' title='bbox 2156 1054 2475 1130; x_wconf 72' lang='lat' dir='ltr'><strong>monachus,</strong></span> <span class='ocrx_word' id='word_1_261' title='bbox 2530 1067 2861 1133; x_wconf 87' lang='lat' dir='ltr'><strong>pervenisse.</strong></span> <span class='ocrx_word' id='word_1_262' title='bbox 2916 1064 3248 1136; x_wconf 83' lang='lat' dir='ltr'><strong>Stephanus,</strong></span> <span class='ocrx_word' id='word_1_263' title='bbox 3306 1066 3391 1119; x_wconf 86' lang='lat' dir='ltr'><strong>vel</strong></span> <span class='ocrx_word' id='word_1_264' title='bbox 3430 1066 3570 1132; x_wconf 82' lang='lat' dir='ltr'><strong>ipse.</strong></span> 
     </span>
    </p>
   </div>
   <div class='ocr_carea' id='block_1_39' title="bbox 1994 1155 3575 1236">
    <p class='ocr_par' dir='ltr' id='par_1_39' title="bbox 1994 1155 3575 1236">
     <span class='ocr_line' id='line_1_39' title="bbox 1994 1155 3575 1236; baseline 0.003 -29"><span class='ocrx_word' id='word_1_265' title='bbox 1994 1171 2103 1225; x_wconf 89' lang='lat' dir='ltr'><strong>quo</strong></span> <span class='ocrx_word' id='word_1_266' title='bbox 2128 1164 2376 1226; x_wconf 87' lang='lat' dir='ltr'><strong>tempore</strong></span> <span class='ocrx_word' id='word_1_267' title='bbox 2410 1155 2658 1226; x_wconf 77' lang='lat' dir='ltr'><strong>Sergius,</strong></span> <span class='ocrx_word' id='word_1_268' title='bbox 2691 1157 2833 1213; x_wconf 88' lang='lat' dir='ltr'><strong>diem</strong></span> <span class='ocrx_word' id='word_1_269' title='bbox 2879 1156 3099 1236; x_wconf 71' lang='lat' dir='ltr'><strong>abierit,</strong></span> <span class='ocrx_word' id='word_1_270' title='bbox 3128 1156 3211 1212; x_wconf 88' lang='lat' dir='ltr'><strong>vel</strong></span> <span class='ocrx_word' id='word_1_271' title='bbox 3246 1172 3312 1212; x_wconf 92' lang='lat' dir='ltr'><strong>eo</strong></span> <span class='ocrx_word' id='word_1_272' title='bbox 3339 1157 3575 1221; x_wconf 86' lang='lat' dir='ltr'><strong>sublato,</strong></span> 
     </span>
    </p>
   </div>
   <div class='ocr_carea' id='block_1_40' title="bbox 1998 1247 3577 1319">
    <p class='ocr_par' dir='ltr' id='par_1_40' title="bbox 1998 1247 3577 1319">
     <span class='ocr_line' id='line_1_40' title="bbox 1998 1247 3577 1319; baseline 0.002 -19"><span class='ocrx_word' id='word_1_273' title='bbox 1998 1249 2214 1303; x_wconf 87' lang='lat' dir='ltr'><strong>animos</strong></span> <span class='ocrx_word' id='word_1_274' title='bbox 2246 1249 2537 1318; x_wconf 87' lang='lat' dir='ltr'><strong>posuerit;</strong></span> <span class='ocrx_word' id='word_1_275' title='bbox 2591 1249 2715 1303; x_wconf 89' lang='lat' dir='ltr'><strong>aliis</strong></span> <span class='ocrx_word' id='word_1_276' title='bbox 2741 1247 2874 1316; x_wconf 74' lang='lat' dir='ltr'><strong>ojam</strong></span> <span class='ocrx_word' id='word_1_277' title='bbox 2934 1247 3263 1318; x_wconf 90' lang='lat' dir='ltr'><strong>patriarcbis</strong></span> <span class='ocrx_word' id='word_1_278' title='bbox 3317 1248 3577 1319; x_wconf 78' lang='lat' dir='ltr'><strong>Symenni</strong></span> 
     </span>
    </p>
   </div>
   <div class='ocr_carea' id='block_1_41' title="bbox 1997 1340 3578 1414">
    <p class='ocr_par' dir='ltr' id='par_1_41' title="bbox 1997 1340 3578 1414">
     <span class='ocr_line' id='line_1_41' title="bbox 1997 1340 3578 1414; baseline 0.002 -20"><span class='ocrx_word' id='word_1_279' title='bbox 1997 1341 2356 1409; x_wconf 77' lang='lat' dir='ltr'><strong>aequioribus,</strong></span> <span class='ocrx_word' id='word_1_280' title='bbox 2420 1340 2757 1412; x_wconf 74' lang='lat' dir='ltr'><strong>maiorisque</strong></span> <span class='ocrx_word' id='word_1_281' title='bbox 2789 1355 2898 1411; x_wconf 69' lang='lat' dir='ltr'><strong>prae</strong></span> <span class='ocrx_word' id='word_1_282' title='bbox 2932 1341 3131 1411; x_wconf 81' lang='lat' dir='ltr'><strong>Sergio</strong></span> <span class='ocrx_word' id='word_1_283' title='bbox 3159 1341 3454 1409; x_wconf 78' lang='lat' dir='ltr'><strong>ﬁrmitatis,</strong></span> <span class='ocrx_word' id='word_1_284' title='bbox 3486 1344 3578 1414; x_wconf 88' lang='lat' dir='ltr'><strong>qtti</strong></span> 
     </span>
    </p>
   </div>
   <div class='ocr_carea' id='block_1_42' title="bbox 1999 1433 3578 1506">
    <p class='ocr_par' dir='ltr' id='par_1_42' title="bbox 1999 1433 3578 1506">
     <span class='ocr_line' id='line_1_42' title="bbox 1999 1433 3578 1506; baseline 0.005 -22"><span class='ocrx_word' id='word_1_285' title='bbox 1999 1436 2222 1502; x_wconf 85' lang='lat' dir='ltr'><strong>probata</strong></span> <span class='ocrx_word' id='word_1_286' title='bbox 2257 1433 2544 1506; x_wconf 64' lang='lat' dir='ltr'><strong>Symeonis’</strong></span> <span class='ocrx_word' id='word_1_287' title='bbox 2574 1436 2805 1490; x_wconf 89' lang='lat' dir='ltr'><strong>instituti</strong></span> <span class='ocrx_word' id='word_1_288' title='bbox 2840 1436 3053 1491; x_wconf 86' lang='lat' dir='ltr'><strong>ratione</strong></span> <span class='ocrx_word' id='word_1_289' title='bbox 3085 1437 3312 1493; x_wconf 87' lang='lat' dir='ltr'><strong>colendo</strong></span> <span class='ocrx_word' id='word_1_290' title='bbox 3361 1437 3578 1495; x_wconf 81' lang='lat' dir='ltr'><strong>Patrem</strong></span> 
     </span>
    </p>
   </div>
   <div class='ocr_carea' id='block_1_43' title="bbox 2000 1512 3583 1598">
    <p class='ocr_par' dir='ltr' id='par_1_43' title="bbox 2000 1512 3583 1598">
     <span class='ocr_line' id='line_1_43' title="bbox 2000 1512 3583 1598; baseline 0.001 -19"><span class='ocrx_word' id='word_1_291' title='bbox 2000 1539 2177 1586; x_wconf 90' lang='lat' dir='ltr'><strong>suum,</strong></span> <span class='ocrx_word' id='word_1_292' title='bbox 2207 1540 2314 1580; x_wconf 90' lang='lat' dir='ltr'><strong>non</strong></span> <span class='ocrx_word' id='word_1_293' title='bbox 2346 1526 2533 1579; x_wconf 85' lang='lat' dir='ltr'><strong>debuit</strong></span> <span class='ocrx_word' id='word_1_294' title='bbox 2562 1527 2895 1580; x_wconf 84' lang='lat' dir='ltr'><strong>obtundeute</strong></span> <span class='ocrx_word' id='word_1_295' title='bbox 2919 1512 3194 1598; x_wconf 84' lang='lat' dir='ltr'><strong>Syncello,</strong></span> <span class='ocrx_word' id='word_1_296' title='bbox 3237 1541 3413 1597; x_wconf 89' lang='lat' dir='ltr'><strong>eaque</strong></span> <span class='ocrx_word' id='word_1_297' title='bbox 3443 1527 3583 1581; x_wconf 87' lang='lat' dir='ltr'><strong>dun-</strong></span> 
     </span>
    </p>
   </div>
   <div class='ocr_carea' id='block_1_44' title="bbox 2003 1619 3579 1692">
    <p class='ocr_par' dir='ltr' id='par_1_44' title="bbox 2003 1619 3579 1692">
     <span class='ocr_line' id='line_1_44' title="bbox 2003 1619 3579 1692; baseline 0.003 -23"><span class='ocrx_word' id='word_1_298' title='bbox 2003 1628 2154 1671; x_wconf 88' lang='lat' dir='ltr'><strong>taxat</strong></span> <span class='ocrx_word' id='word_1_299' title='bbox 2182 1619 2413 1682; x_wconf 88' lang='lat' dir='ltr'><strong>ratione,</strong></span> <span class='ocrx_word' id='word_1_300' title='bbox 2445 1634 2509 1675; x_wconf 88' lang='lat' dir='ltr'><strong>ac</strong></span> <span class='ocrx_word' id='word_1_301' title='bbox 2542 1620 2646 1674; x_wconf 88' lang='lat' dir='ltr'><strong>nisi</strong></span> <span class='ocrx_word' id='word_1_302' title='bbox 2681 1630 2831 1674; x_wconf 86' lang='lat' dir='ltr'><strong>certo</strong></span> <span class='ocrx_word' id='word_1_303' title='bbox 2872 1620 3208 1692; x_wconf 89' lang='lat' dir='ltr'><strong>deprehenso</strong></span> <span class='ocrx_word' id='word_1_304' title='bbox 3239 1635 3453 1676; x_wconf 87' lang='lat' dir='ltr'><strong>errasse</strong></span> <span class='ocrx_word' id='word_1_305' title='bbox 3475 1620 3579 1677; x_wconf 83' lang='lat' dir='ltr'><strong>sibi</strong></span> 
     </span>
    </p>
   </div>
   <div class='ocr_carea' id='block_1_45' title="bbox 2005 1709 3581 1785">
    <p class='ocr_par' dir='ltr' id='par_1_45' title="bbox 2005 1709 3581 1785">
     <span class='ocr_line' id='line_1_45' title="bbox 2005 1709 3581 1785; baseline 0.002 -22"><span class='ocrx_word' id='word_1_306' title='bbox 2005 1709 2303 1776; x_wconf 88' lang='lat' dir='ltr'><strong>calculum,</strong></span> <span class='ocrx_word' id='word_1_307' title='bbox 2373 1726 2473 1765; x_wconf 91' lang='lat' dir='ltr'><strong>nec</strong></span> <span class='ocrx_word' id='word_1_308' title='bbox 2502 1726 2624 1765; x_wconf 87' lang='lat' dir='ltr'><strong>eum</strong></span> <span class='ocrx_word' id='word_1_309' title='bbox 2667 1718 2939 1785; x_wconf 76' lang='lat' dir='ltr'><strong>sanctum,</strong></span> <span class='ocrx_word' id='word_1_310' title='bbox 2998 1710 3094 1768; x_wconf 83' lang='lat' dir='ltr'><strong>sed</strong></span> <span class='ocrx_word' id='word_1_311' title='bbox 3124 1712 3205 1768; x_wconf 90' lang='lat' dir='ltr'><strong>vel</strong></span> <span class='ocrx_word' id='word_1_312' title='bbox 3242 1713 3581 1783; x_wconf 87' lang='lat' dir='ltr'><strong>hypocritam</strong></span> 
     </span>
    </p>
   </div>
   <div class='ocr_carea' id='block_1_46' title="bbox 2002 1799 3585 1866">
    <p class='ocr_par' dir='ltr' id='par_1_46' title="bbox 2002 1799 3585 1866">
     <span class='ocr_line' id='line_1_46' title="bbox 2002 1799 3585 1866; baseline 0.004 -14"><span class='ocrx_word' id='word_1_313' title='bbox 2002 1801 2085 1853; x_wconf 82' lang='lat' dir='ltr'><strong>vel</strong></span> <span class='ocrx_word' id='word_1_314' title='bbox 2144 1799 2461 1854; x_wconf 66' lang='lat' dir='ltr'><strong>haereticum</strong></span> <span class='ocrx_word' id='word_1_315' title='bbox 2513 1816 2656 1866; x_wconf 88' lang='lat' dir='ltr'><strong>esse,</strong></span> <span class='ocrx_word' id='word_1_316' title='bbox 2723 1815 2752 1854; x_wconf 91' lang='lat' dir='ltr'><strong>a</strong></span> <span class='ocrx_word' id='word_1_317' title='bbox 2804 1804 3115 1857; x_wconf 84' lang='lat' dir='ltr'><strong>constantia</strong></span> <span class='ocrx_word' id='word_1_318' title='bbox 3167 1804 3398 1858; x_wconf 87' lang='lat' dir='ltr'><strong>resilire.</strong></span> <span class='ocrx_word' id='word_1_319' title='bbox 3459 1801 3585 1858; x_wconf 68' lang='lat' dir='ltr'><strong>llatc</strong></span> 
     </span>
    </p>
   </div>
   <div class='ocr_carea' id='block_1_47' title="bbox 2001 1890 3588 1964">
    <p class='ocr_par' dir='ltr' id='par_1_47' title="bbox 2001 1890 3588 1964">
     <span class='ocr_line' id='line_1_47' title="bbox 2001 1890 3588 1964; baseline 0 -17"><span class='ocrx_word' id='word_1_320' title='bbox 2001 1908 2211 1947; x_wconf 83' lang='lat' dir='ltr'><strong>summa</strong></span> <span class='ocrx_word' id='word_1_321' title='bbox 2249 1890 2388 1946; x_wconf 70' lang='lat' dir='ltr'><strong>Vita:</strong></span> <span class='ocrx_word' id='word_1_322' title='bbox 2449 1892 2760 1963; x_wconf 80' lang='lat' dir='ltr'><strong>Symeouis,</strong></span> <span class='ocrx_word' id='word_1_323' title='bbox 2793 1907 2917 1964; x_wconf 70' lang='lat' dir='ltr'><strong>quae</strong></span> <span class='ocrx_word' id='word_1_324' title='bbox 2945 1893 3106 1964; x_wconf 83' lang='lat' dir='ltr'><strong>longe</strong></span> <span class='ocrx_word' id='word_1_325' title='bbox 3136 1893 3301 1949; x_wconf 88' lang='lat' dir='ltr'><strong>multa</strong></span> <span class='ocrx_word' id='word_1_326' title='bbox 3335 1894 3588 1964; x_wconf 87' lang='lat' dir='ltr'><strong>impleret</strong></span> 
     </span>
    </p>
   </div>
   <div class='ocr_carea' id='block_1_48' title="bbox 2000 1985 3584 2056">
    <p class='ocr_par' dir='ltr' id='par_1_48' title="bbox 2000 1985 3584 2056">
     <span class='ocr_line' id='line_1_48' title="bbox 2000 1985 3584 2056; baseline 0.003 -18"><span class='ocrx_word' id='word_1_327' title='bbox 2000 1985 2146 2039; x_wconf 80' lang='lat' dir='ltr'><strong>folia.</strong></span> <span class='ocrx_word' id='word_1_328' title='bbox 2185 1986 2262 2040; x_wconf 79' lang='lat' dir='ltr'><strong>Ex</strong></span> <span class='ocrx_word' id='word_1_329' title='bbox 2307 1998 2370 2040; x_wconf 87' lang='lat' dir='ltr'><strong>ea</strong></span> <span class='ocrx_word' id='word_1_330' title='bbox 2407 1986 2652 2053; x_wconf 87' lang='lat' dir='ltr'><strong>planum,</strong></span> <span class='ocrx_word' id='word_1_331' title='bbox 2682 2001 2844 2056; x_wconf 89' lang='lat' dir='ltr'><strong>quam</strong></span> <span class='ocrx_word' id='word_1_332' title='bbox 2877 2001 2986 2040; x_wconf 91' lang='lat' dir='ltr'><strong>non</strong></span> <span class='ocrx_word' id='word_1_333' title='bbox 3018 1989 3071 2040; x_wconf 91' lang='lat' dir='ltr'><strong>in</strong></span> <span class='ocrx_word' id='word_1_334' title='bbox 3106 1987 3338 2042; x_wconf 84' lang='lat' dir='ltr'><strong>obscuro</strong></span> <span class='ocrx_word' id='word_1_335' title='bbox 3360 2001 3584 2042; x_wconf 77' lang='lat' dir='ltr'><strong>manse-</strong></span> 
     </span>
    </p>
   </div>
   <div class='ocr_carea' id='block_1_49' title="bbox 2000 2078 3588 2148">
    <p class='ocr_par' dir='ltr' id='par_1_49' title="bbox 2000 2078 3588 2148">
     <span class='ocr_line' id='line_1_49' title="bbox 2000 2078 3588 2148; baseline 0.001 -16"><span class='ocrx_word' id='word_1_336' title='bbox 2000 2080 2113 2132; x_wconf 87' lang='lat' dir='ltr'><strong>rint</strong></span> <span class='ocrx_word' id='word_1_337' title='bbox 2150 2094 2237 2132; x_wconf 88' lang='lat' dir='ltr'><strong>res</strong></span> <span class='ocrx_word' id='word_1_338' title='bbox 2267 2079 2409 2148; x_wconf 86' lang='lat' dir='ltr'><strong>ejus,</strong></span> <span class='ocrx_word' id='word_1_339' title='bbox 2445 2088 2567 2148; x_wconf 88' lang='lat' dir='ltr'><strong>post</strong></span> <span class='ocrx_word' id='word_1_340' title='bbox 2595 2080 2759 2134; x_wconf 89' lang='lat' dir='ltr'><strong>breve</strong></span> <span class='ocrx_word' id='word_1_341' title='bbox 2800 2079 2969 2147; x_wconf 86' lang='lat' dir='ltr'><strong>ipsius</strong></span> <span class='ocrx_word' id='word_1_342' title='bbox 3008 2078 3261 2134; x_wconf 74' lang='lat' dir='ltr'><strong>exsilium</strong></span> <span class='ocrx_word' id='word_1_343' title='bbox 3318 2087 3374 2133; x_wconf 87' lang='lat' dir='ltr'><strong>et</strong></span> <span class='ocrx_word' id='word_1_344' title='bbox 3402 2093 3588 2134; x_wconf 80' lang='lat' dir='ltr'><strong>carce-</strong></span> 
     </span>
    </p>
   </div>
   <div class='ocr_carea' id='block_1_50' title="bbox 1998 2169 3588 2240">
    <p class='ocr_par' dir='ltr' id='par_1_50' title="bbox 1998 2169 3588 2240">
     <span class='ocr_line' id='line_1_50' title="bbox 1998 2169 3588 2240; baseline -0.001 -16"><span class='ocrx_word' id='word_1_345' title='bbox 1998 2185 2133 2234; x_wconf 91' lang='lat' dir='ltr'><strong>rem,</strong></span> <span class='ocrx_word' id='word_1_346' title='bbox 2160 2183 2258 2225; x_wconf 83' lang='lat' dir='ltr'><strong>nec</strong></span> <span class='ocrx_word' id='word_1_347' title='bbox 2284 2169 2438 2239; x_wconf 89' lang='lat' dir='ltr'><strong>quasi</strong></span> <span class='ocrx_word' id='word_1_348' title='bbox 2468 2169 2741 2225; x_wconf 88' lang='lat' dir='ltr'><strong>oblivione</strong></span> <span class='ocrx_word' id='word_1_349' title='bbox 2795 2169 2914 2239; x_wconf 78' lang='lat' dir='ltr'><strong>ejus</strong></span> <span class='ocrx_word' id='word_1_350' title='bbox 2953 2171 3161 2240; x_wconf 82' lang='lat' dir='ltr'><strong>sepulta</strong></span> <span class='ocrx_word' id='word_1_351' title='bbox 3200 2170 3435 2235; x_wconf 88' lang='lat' dir='ltr'><strong>cantica,</strong></span> <span class='ocrx_word' id='word_1_352' title='bbox 3472 2184 3588 2224; x_wconf 84' lang='lat' dir='ltr'><strong>ser-</strong></span> 
     </span>
    </p>
   </div>
   <div class='ocr_carea' id='block_1_51' title="bbox 1998 2259 3587 2330">
    <p class='ocr_par' dir='ltr' id='par_1_51' title="bbox 1998 2259 3587 2330">
     <span class='ocr_line' id='line_1_51' title="bbox 1998 2259 3587 2330; baseline 0.001 -17"><span class='ocrx_word' id='word_1_353' title='bbox 1998 2275 2312 2330; x_wconf 88' lang='lat' dir='ltr'><strong>monesque,</strong></span> <span class='ocrx_word' id='word_1_354' title='bbox 2342 2276 2406 2315; x_wconf 89' lang='lat' dir='ltr'><strong>ac</strong></span> <span class='ocrx_word' id='word_1_355' title='bbox 2438 2259 2641 2328; x_wconf 89' lang='lat' dir='ltr'><strong>scripta</strong></span> <span class='ocrx_word' id='word_1_356' title='bbox 2668 2260 2771 2314; x_wconf 89' lang='lat' dir='ltr'><strong>alia</strong></span> <span class='ocrx_word' id='word_1_357' title='bbox 2800 2278 2817 2326; x_wconf 88' lang='lat'><strong>;</strong></span> <span class='ocrx_word' id='word_1_358' title='bbox 2849 2268 2905 2315; x_wconf 89' lang='lat' dir='ltr'><strong>ut</strong></span> <span class='ocrx_word' id='word_1_359' title='bbox 2935 2260 3038 2315; x_wconf 87' lang='lat' dir='ltr'><strong>sibi</strong></span> <span class='ocrx_word' id='word_1_360' title='bbox 3074 2262 3222 2315; x_wconf 84' lang='lat' dir='ltr'><strong>visus</strong></span> <span class='ocrx_word' id='word_1_361' title='bbox 3244 2262 3417 2315; x_wconf 75' lang='lat' dir='ltr'><strong>fuerat</strong></span> <span class='ocrx_word' id='word_1_362' title='bbox 3446 2261 3587 2314; x_wconf 57' lang='lat' dir='ltr'><strong>divi.</strong></span> 
     </span>
    </p>
   </div>
   <div class='ocr_carea' id='block_1_52' title="bbox 1998 2350 3585 2419">
    <p class='ocr_par' dir='ltr' id='par_1_52' title="bbox 1998 2350 3585 2419">
     <span class='ocr_line' id='line_1_52' title="bbox 1998 2350 3585 2419; baseline -0.001 -13"><span class='ocrx_word' id='word_1_363' title='bbox 1998 2368 2131 2407; x_wconf 89' lang='lat' dir='ltr'><strong>nare</strong></span> <span class='ocrx_word' id='word_1_364' title='bbox 2176 2350 2288 2405; x_wconf 86' lang='lat' dir='ltr'><strong>Leo</strong></span> <span class='ocrx_word' id='word_1_365' title='bbox 2343 2351 2597 2411; x_wconf 85' lang='lat' dir='ltr'><strong>Allatius.</strong></span> <span class='ocrx_word' id='word_1_366' title='bbox 2656 2351 2797 2419; x_wconf 87' lang='lat' dir='ltr'><strong>quod</strong></span> <span class='ocrx_word' id='word_1_367' title='bbox 2847 2367 2972 2406; x_wconf 84' lang='lat' dir='ltr'><strong>eum</strong></span> <span class='ocrx_word' id='word_1_368' title='bbox 3029 2351 3330 2407; x_wconf 78' lang='lat' dir='ltr'><strong>defecerint</strong></span> <span class='ocrx_word' id='word_1_369' title='bbox 3399 2358 3585 2406; x_wconf 71' lang='lat' dir='ltr'><strong>Vetera</strong></span> 
     </span>
    </p>
   </div>
   <div class='ocr_carea' id='block_1_53' title="bbox 1998 2442 3586 2514">
    <p class='ocr_par' dir='ltr' id='par_1_53' title="bbox 1998 2442 3586 2514">
     <span class='ocr_line' id='line_1_53' title="bbox 1998 2442 3586 2514; baseline -0.002 -16"><span class='ocrx_word' id='word_1_370' title='bbox 1998 2452 2370 2499; x_wconf 87' lang='lat' dir='ltr'><strong>monumenta.</strong></span> <span class='ocrx_word' id='word_1_371' title='bbox 2425 2442 2595 2514; x_wconf 57' lang='lat' dir='ltr'><strong>[Eg&#39;re</strong></span> <span class='ocrx_word' id='word_1_372' title='bbox 2646 2442 2785 2508; x_wconf 80' lang='lat' dir='ltr'><strong>fero,</strong></span> <span class='ocrx_word' id='word_1_373' title='bbox 2821 2452 2882 2500; x_wconf 90' lang='lat' dir='ltr'><strong>ut</strong></span> <span class='ocrx_word' id='word_1_374' title='bbox 2915 2456 3123 2498; x_wconf 88' lang='lat' dir='ltr'><strong>tantum</strong></span> <span class='ocrx_word' id='word_1_375' title='bbox 3159 2445 3334 2498; x_wconf 90' lang='lat' dir='ltr'><strong>virum</strong></span> <span class='ocrx_word' id='word_1_376' title='bbox 3369 2448 3466 2513; x_wconf 79' lang='lat' dir='ltr'><strong>pro</strong></span> <span class='ocrx_word' id='word_1_377' title='bbox 3488 2446 3586 2497; x_wconf 84' lang='lat' dir='ltr'><strong>ad-</strong></span> 
     </span>
    </p>
   </div>
   <div class='ocr_carea' id='block_1_54' title="bbox 1999 2528 3585 2601">
    <p class='ocr_par' dir='ltr' id='par_1_54' title="bbox 1999 2528 3585 2601">
     <span class='ocr_line' id='line_1_54' title="bbox 1999 2528 3585 2601; baseline 0.001 -13"><span class='ocrx_word' id='word_1_378' title='bbox 1999 2537 2255 2592; x_wconf 86' lang='lat' dir='ltr'><strong>versariis</strong></span> <span class='ocrx_word' id='word_1_379' title='bbox 2284 2546 2434 2590; x_wconf 91' lang='lat' dir='ltr'><strong>stare</strong></span> <span class='ocrx_word' id='word_1_380' title='bbox 2495 2536 2808 2601; x_wconf 80' lang='lat' dir='ltr'><strong>admittam,</strong></span> <span class='ocrx_word' id='word_1_381' title='bbox 2834 2536 2918 2591; x_wconf 85' lang='lat' dir='ltr'><strong>vel</strong></span> <span class='ocrx_word' id='word_1_382' title='bbox 2955 2538 3342 2591; x_wconf 82' lang='lat' dir='ltr'><strong>Palamitarum</strong></span> <span class='ocrx_word' id='word_1_383' title='bbox 3378 2528 3585 2592; x_wconf 76' lang='lat' dir='ltr'><strong>loutenl</strong></span> 
     </span>
    </p>
   </div>
   <div class='ocr_carea' id='block_1_55' title="bbox 1999 2627 3586 2717">
    <p class='ocr_par' dir='ltr' id='par_1_55' title="bbox 1999 2627 3586 2717">
     <span class='ocr_line' id='line_1_55' title="bbox 1999 2627 3586 2717; baseline 0.001 -34"><span class='ocrx_word' id='word_1_384' title='bbox 1999 2644 2145 2695; x_wconf 85' lang='lat' dir='ltr'><strong>esse,</strong></span> <span class='ocrx_word' id='word_1_385' title='bbox 2187 2628 2290 2683; x_wconf 91' lang='lat' dir='ltr'><strong>nisi</strong></span> <span class='ocrx_word' id='word_1_386' title='bbox 2319 2628 2424 2683; x_wconf 89' lang='lat' dir='ltr'><strong>hoc</strong></span> <span class='ocrx_word' id='word_1_387' title='bbox 2485 2627 2684 2717; x_wconf 37' lang='lat' dir='ltr'><strong>salum,</strong></span> <span class='ocrx_word' id='word_1_388' title='bbox 2716 2629 2861 2698; x_wconf 86' lang='lat' dir='ltr'><strong>quod</strong></span> <span class='ocrx_word' id='word_1_389' title='bbox 2897 2627 2971 2683; x_wconf 88' lang='lat' dir='ltr'><strong>illi</strong></span> <span class='ocrx_word' id='word_1_390' title='bbox 2996 2629 3301 2698; x_wconf 79' lang='lat' dir='ltr'><strong>simplicius</strong></span> <span class='ocrx_word' id='word_1_391' title='bbox 3340 2630 3389 2684; x_wconf 85' lang='lat' dir='ltr'><strong>c&#39;i</strong></span> <span class='ocrx_word' id='word_1_392' title='bbox 3418 2631 3586 2691; x_wconf 71' lang='lat' dir='ltr'><strong>dicta.</strong></span> 
     </span>
    </p>
   </div>
   <div class='ocr_carea' id='block_1_56' title="bbox 2002 2717 3591 2790">
    <p class='ocr_par' dir='ltr' id='par_1_56' title="bbox 2002 2717 3591 2790">
     <span class='ocr_line' id='line_1_56' title="bbox 2002 2717 3591 2790; baseline 0.001 -17"><span class='ocrx_word' id='word_1_393' title='bbox 2002 2720 2278 2790; x_wconf 87' lang='lat' dir='ltr'><strong>nimiaque</strong></span> <span class='ocrx_word' id='word_1_394' title='bbox 2308 2717 2581 2787; x_wconf 88' lang='lat' dir='ltr'><strong>emphasi,</strong></span> <span class='ocrx_word' id='word_1_395' title='bbox 2610 2719 2676 2774; x_wconf 83' lang='lat' dir='ltr'><strong>de</strong></span> <span class='ocrx_word' id='word_1_396' title='bbox 2719 2717 2810 2775; x_wconf 89' lang='lat' dir='ltr'><strong>Dei</strong></span> <span class='ocrx_word' id='word_1_397' title='bbox 2847 2720 3048 2774; x_wconf 85' lang='lat' dir='ltr'><strong>uni’oue</strong></span> <span class='ocrx_word' id='word_1_398' title='bbox 3080 2735 3145 2775; x_wconf 90' lang='lat' dir='ltr'><strong>ac</strong></span> <span class='ocrx_word' id='word_1_399' title='bbox 3170 2720 3404 2781; x_wconf 74' lang='lat' dir='ltr'><strong>visione,</strong></span> <span class='ocrx_word' id='word_1_400' title='bbox 3440 2718 3591 2789; x_wconf 59' lang='lat' dir='ltr'><strong>ejus-</strong></span> 
     </span>
    </p>
   </div>
   <div class='ocr_carea' id='block_1_57' title="bbox 1999 2809 3592 2883">
    <p class='ocr_par' dir='ltr' id='par_1_57' title="bbox 1999 2809 3592 2883">
     <span class='ocr_line' id='line_1_57' title="bbox 1999 2809 3592 2883; baseline -0.001 -16"><span class='ocrx_word' id='word_1_401' title='bbox 1999 2811 2247 2883; x_wconf 83' lang='lat' dir='ltr'><strong>queluce</strong></span> <span class='ocrx_word' id='word_1_402' title='bbox 2279 2824 2342 2865; x_wconf 88' lang='lat' dir='ltr'><strong>ac</strong></span> <span class='ocrx_word' id='word_1_403' title='bbox 2369 2810 2675 2872; x_wconf 86' lang='lat' dir='ltr'><strong>divinitate,</strong></span> <span class='ocrx_word' id='word_1_404' title='bbox 2706 2811 2759 2865; x_wconf 92' lang='lat' dir='ltr'><strong>in</strong></span> <span class='ocrx_word' id='word_1_405' title='bbox 2790 2822 2944 2865; x_wconf 85' lang='lat' dir='ltr'><strong>suam</strong></span> <span class='ocrx_word' id='word_1_406' title='bbox 2966 2809 3073 2867; x_wconf 87' lang='lat' dir='ltr'><strong>nisi</strong></span> <span class='ocrx_word' id='word_1_407' title='bbox 3096 2820 3229 2867; x_wconf 89' lang='lat' dir='ltr'><strong>sunt</strong></span> <span class='ocrx_word' id='word_1_408' title='bbox 3262 2811 3592 2881; x_wconf 71' lang='lat' dir='ltr'><strong>detorquere</strong></span> 
     </span>
    </p>
   </div>
   <div class='ocr_carea' id='block_1_58' title="bbox 2002 2899 3592 2972">
    <p class='ocr_par' dir='ltr' id='par_1_58' title="bbox 2002 2899 3592 2972">
     <span class='ocr_line' id='line_1_58' title="bbox 2002 2899 3592 2972; baseline -0.002 -18"><span class='ocrx_word' id='word_1_409' title='bbox 2002 2901 2332 2955; x_wconf 83' lang='lat' dir='ltr'><strong>sententiam</strong></span> <span class='ocrx_word' id='word_1_410' title='bbox 2363 2917 2379 2967; x_wconf 89' lang='lat'><strong>;</strong></span> <span class='ocrx_word' id='word_1_411' title='bbox 2414 2901 2488 2955; x_wconf 89' lang='lat' dir='ltr'><strong>uti</strong></span> <span class='ocrx_word' id='word_1_412' title='bbox 2517 2906 2572 2954; x_wconf 79' lang='lat' dir='ltr'><strong>e’t</strong></span> <span class='ocrx_word' id='word_1_413' title='bbox 2599 2900 2691 2954; x_wconf 92' lang='lat' dir='ltr'><strong>illo</strong></span> <span class='ocrx_word' id='word_1_414' title='bbox 2731 2903 3101 2970; x_wconf 81' lang='lat' dir='ltr'><strong>superiorum,</strong></span> <span class='ocrx_word' id='word_1_415' title='bbox 3166 2899 3434 2972; x_wconf 84' lang='lat' dir='ltr'><strong>Dionysii.</strong></span> <span class='ocrx_word' id='word_1_416' title='bbox 3484 2899 3592 2953; x_wconf 78' lang='grc' dir='ltr'><strong>Βεμ-</strong></span> 
     </span>
    </p>
   </div>
   <div class='ocr_carea' id='block_1_59' title="bbox 2003 2989 3589 3069">
    <p class='ocr_par' dir='ltr' id='par_1_59' title="bbox 2003 2989 3589 3069">
     <span class='ocr_line' id='line_1_59' title="bbox 2003 2989 3589 3069; baseline -0.003 -22"><span class='ocrx_word' id='word_1_417' title='bbox 2003 2993 2130 3058; x_wconf 80' lang='lat' dir='ltr'><strong>silii,</strong></span> <span class='ocrx_word' id='word_1_418' title='bbox 2160 2991 2323 3061; x_wconf 74' lang='lat' dir='ltr'><strong>Greg.</strong></span> <span class='ocrx_word' id='word_1_419' title='bbox 2354 2992 2551 3065; x_wconf 80' lang='lat' dir='ltr'><strong>Chrys.</strong></span> <span class='ocrx_word' id='word_1_420' title='bbox 2584 2989 2802 3046; x_wconf 78' lang='lat' dir='ltr'><strong>Maximi</strong></span> <span class='ocrx_word' id='word_1_421' title='bbox 2835 3009 2848 3044; x_wconf 92' lang='lat'><strong>:</strong></span> <span class='ocrx_word' id='word_1_422' title='bbox 2883 2992 3084 3069; x_wconf 67' lang='lat' dir='ltr'><strong>Vixque</strong></span> <span class='ocrx_word' id='word_1_423' title='bbox 3125 2993 3268 3047; x_wconf 84' lang='lat' dir='ltr'><strong>ullus</strong></span> <span class='ocrx_word' id='word_1_424' title='bbox 3308 3004 3589 3057; x_wconf 76' lang='lat' dir='ltr'><strong>occurrat,</strong></span> 
     </span>
    </p>
   </div>
   <div class='ocr_carea' id='block_1_60' title="bbox 2003 3082 3594 3155">
    <p class='ocr_par' dir='ltr' id='par_1_60' title="bbox 2003 3082 3594 3155">
     <span class='ocr_line' id='line_1_60' title="bbox 2003 3082 3594 3155; baseline -0.004 -15"><span class='ocrx_word' id='word_1_425' title='bbox 2003 3099 2193 3140; x_wconf 85' lang='lat' dir='ltr'><strong>eorum</strong></span> <span class='ocrx_word' id='word_1_426' title='bbox 2227 3084 2319 3155; x_wconf 89' lang='lat' dir='ltr'><strong>qui</strong></span> <span class='ocrx_word' id='word_1_427' title='bbox 2347 3084 2635 3155; x_wconf 80' lang='lat' dir='ltr'><strong>mySticam</strong></span> <span class='ocrx_word' id='word_1_428' title='bbox 2674 3091 2840 3153; x_wconf 86' lang='lat' dir='ltr'><strong>atque</strong></span> <span class='ocrx_word' id='word_1_429' title='bbox 2867 3083 3071 3139; x_wconf 86' lang='lat' dir='ltr'><strong>am0ris</strong></span> <span class='ocrx_word' id='word_1_430' title='bbox 3110 3082 3437 3154; x_wconf 75' lang='lat' dir='ltr'><strong>theologiam</strong></span> <span class='ocrx_word' id='word_1_431' title='bbox 3468 3098 3594 3153; x_wconf 87' lang='lat' dir='ltr'><strong>pro-</strong></span> 
     </span>
    </p>
   </div>
   <div class='ocr_carea' id='block_1_61' title="bbox 322 3174 3591 3258">
    <p class='ocr_par' dir='ltr' id='par_1_61' title="bbox 322 3174 3591 3258">
     <span class='ocr_line' id='line_1_61' title="bbox 322 3174 3591 3258; baseline 0 -29"><span class='ocrx_word' id='word_1_432' title='bbox 322 3175 670 3229; x_wconf 76' lang='lat' dir='ltr'><strong>Sollieitatutn</strong></span> <span class='ocrx_word' id='word_1_433' title='bbox 705 3174 884 3230; x_wconf 83' lang='lat' dir='ltr'><strong>Patris</strong></span> <span class='ocrx_word' id='word_1_434' title='bbox 910 3175 1003 3228; x_wconf 86' lang='lat' dir='ltr'><strong>ille</strong></span> <span class='ocrx_word' id='word_1_435' title='bbox 1061 3175 1258 3240; x_wconf 86' lang='lat' dir='ltr'><strong>honor,</strong></span> <span class='ocrx_word' id='word_1_436' title='bbox 1292 3190 1492 3229; x_wconf 88' lang='lat' dir='ltr'><strong>anmun</strong></span> <span class='ocrx_word' id='word_1_437' title='bbox 1529 3191 1691 3229; x_wconf 91' lang='lat' dir='ltr'><strong>unum</strong></span> <span class='ocrx_word' id='word_1_438' title='bbox 1729 3189 1896 3247; x_wconf 88' lang='lat' dir='ltr'><strong>atque</strong></span> <span class='ocrx_word' id='word_1_439' title='bbox 1923 3192 1969 3258; x_wconf 57' lang='grc' dir='ltr'><strong>(ι</strong></span> <span class='ocrx_word' id='word_1_440' title='bbox 2007 3179 2229 3249; x_wconf 86' lang='lat' dir='ltr'><strong>pensius</strong></span> <span class='ocrx_word' id='word_1_441' title='bbox 2277 3177 2571 3241; x_wconf 88' lang='lat' dir='ltr'><strong>tradidere,</strong></span> <span class='ocrx_word' id='word_1_442' title='bbox 2632 3177 2716 3231; x_wconf 83' lang='lat' dir='ltr'><strong>eui</strong></span> <span class='ocrx_word' id='word_1_443' title='bbox 2773 3184 2880 3230; x_wconf 91' lang='lat' dir='ltr'><strong>non</strong></span> <span class='ocrx_word' id='word_1_444' title='bbox 2919 3175 3155 3245; x_wconf 90' lang='lat' dir='ltr'><strong>proclive</strong></span> <span class='ocrx_word' id='word_1_445' title='bbox 3218 3177 3291 3230; x_wconf 88' lang='lat' dir='ltr'><strong>sit</strong></span> <span class='ocrx_word' id='word_1_446' title='bbox 3343 3180 3591 3232; x_wconf 84' lang='lat' dir='ltr'><strong>eamdem</strong></span> 
     </span>
    </p>
   </div>
   <div class='ocr_carea' id='block_1_62' title="bbox 323 3266 1894 3338">
    <p class='ocr_par' dir='ltr' id='par_1_62' title="bbox 323 3266 1894 3338">
     <span class='ocr_line' id='line_1_62' title="bbox 323 3266 1894 3338; baseline 0 -20"><span class='ocrx_word' id='word_1_447' title='bbox 323 3267 575 3332; x_wconf 86' lang='lat' dir='ltr'><strong>alterum,</strong></span> <span class='ocrx_word' id='word_1_448' title='bbox 621 3266 930 3334; x_wconf 78' lang='lat' dir='ltr'><strong>patriarcha</strong></span> <span class='ocrx_word' id='word_1_449' title='bbox 966 3281 1031 3321; x_wconf 92' lang='lat' dir='ltr'><strong>ac</strong></span> <span class='ocrx_word' id='word_1_450' title='bbox 1052 3267 1328 3337; x_wconf 86' lang='lat' dir='ltr'><strong>episcopis</strong></span> <span class='ocrx_word' id='word_1_451' title='bbox 1361 3279 1504 3338; x_wconf 55' lang='grc' dir='ltr'><strong>πει-θ</strong></span> <span class='ocrx_word' id='word_1_452' title='bbox 1540 3270 1894 3324; x_wconf 76' lang='lat' dir='ltr'><strong>assentienti—</strong></span> 
     </span>
    </p>
   </div>
   <div class='ocr_carea' id='block_1_63' title="bbox 324 3359 1895 3432">
    <p class='ocr_par' dir='ltr' id='par_1_63' title="bbox 324 3359 1895 3432">
     <span class='ocr_line' id='line_1_63' title="bbox 324 3359 1895 3432; baseline 0.001 -17"><span class='ocrx_word' id='word_1_453' title='bbox 324 3362 446 3421; x_wconf 86' lang='lat' dir='ltr'><strong>bus,</strong></span> <span class='ocrx_word' id='word_1_454' title='bbox 478 3368 538 3413; x_wconf 83' lang='lat' dir='ltr'><strong>ut</strong></span> <span class='ocrx_word' id='word_1_455' title='bbox 566 3360 904 3424; x_wconf 78' lang='lat' dir='ltr'><strong>damnarent,</strong></span> <span class='ocrx_word' id='word_1_456' title='bbox 925 3359 1073 3429; x_wconf 89' lang='lat' dir='ltr'><strong>quod</strong></span> <span class='ocrx_word' id='word_1_457' title='bbox 1096 3359 1205 3428; x_wconf 87' lang='lat' dir='ltr'><strong>jam</strong></span> <span class='ocrx_word' id='word_1_458' title='bbox 1231 3367 1357 3414; x_wconf 85' lang='lat' dir='ltr'><strong>ante</strong></span> <span class='ocrx_word' id='word_1_459' title='bbox 1382 3360 1484 3428; x_wconf 87' lang='lat' dir='ltr'><strong>ipsi</strong></span> <span class='ocrx_word' id='word_1_460' title='bbox 1504 3361 1895 3432; x_wconf 69' lang='lat' dir='ltr'><strong>approbarent.</strong></span> 
     </span>
    </p>
   </div>
   <div class='ocr_carea' id='block_1_64' title="bbox 327 3449 1897 3521">
    <p class='ocr_par' dir='ltr' id='par_1_64' title="bbox 327 3449 1897 3521">
     <span class='ocr_line' id='line_1_64' title="bbox 327 3449 1897 3521; baseline -0.001 -17"><span class='ocrx_word' id='word_1_461' title='bbox 327 3450 533 3517; x_wconf 77' lang='lat' dir='ltr'><strong>Raptus</strong></span> <span class='ocrx_word' id='word_1_462' title='bbox 586 3450 799 3504; x_wconf 86' lang='lat' dir='ltr'><strong>tandem</strong></span> <span class='ocrx_word' id='word_1_463' title='bbox 852 3451 904 3504; x_wconf 93' lang='lat' dir='ltr'><strong>iu</strong></span> <span class='ocrx_word' id='word_1_464' title='bbox 955 3449 1244 3504; x_wconf 83' lang='lat' dir='ltr'><strong>concilium</strong></span> <span class='ocrx_word' id='word_1_465' title='bbox 1276 3464 1342 3504; x_wconf 92' lang='lat' dir='ltr'><strong>eo</strong></span> <span class='ocrx_word' id='word_1_466' title='bbox 1364 3451 1584 3504; x_wconf 90' lang='lat' dir='ltr'><strong>nomine</strong></span> <span class='ocrx_word' id='word_1_467' title='bbox 1638 3451 1897 3521; x_wconf 75' lang='lat' dir='ltr'><strong>Sytreoo,</strong></span> 
     </span>
    </p>
   </div>
   <div class='ocr_carea' id='block_1_65' title="bbox 326 3539 1892 3613">
    <p class='ocr_par' dir='ltr' id='par_1_65' title="bbox 326 3539 1892 3613">
     <span class='ocr_line' id='line_1_65' title="bbox 326 3539 1892 3613; baseline 0.003 -18"><span class='ocrx_word' id='word_1_468' title='bbox 326 3542 550 3611; x_wconf 83' lang='lat' dir='ltr'><strong>ipsaque</strong></span> <span class='ocrx_word' id='word_1_469' title='bbox 588 3539 767 3597; x_wconf 81' lang='lat' dir='ltr'><strong>Patris</strong></span> <span class='ocrx_word' id='word_1_470' title='bbox 814 3542 990 3613; x_wconf 76' lang='lat' dir='ltr'><strong>imago</strong></span> <span class='ocrx_word' id='word_1_471' title='bbox 1018 3542 1158 3595; x_wconf 90' lang='lat' dir='ltr'><strong>divis</strong></span> <span class='ocrx_word' id='word_1_472' title='bbox 1190 3543 1494 3599; x_wconf 86' lang='lat' dir='ltr'><strong>honoribus</strong></span> <span class='ocrx_word' id='word_1_473' title='bbox 1526 3543 1846 3599; x_wconf 61' lang='lat' dir='ltr'><strong>conriecrata</strong></span> <span class='ocrx_word' id='word_1_474' title='bbox 1877 3563 1892 3600; x_wconf 90' lang='lat'><strong>:</strong></span> 
     </span>
    </p>
   </div>
   <div class='ocr_carea' id='block_1_66' title="bbox 324 3635 1900 3707">
    <p class='ocr_par' dir='ltr' id='par_1_66' title="bbox 324 3635 1900 3707">
     <span class='ocr_line' id='line_1_66' title="bbox 324 3635 1900 3707; baseline -0.001 -18"><span class='ocrx_word' id='word_1_475' title='bbox 324 3635 446 3705; x_wconf 81' lang='lat' dir='ltr'><strong>ejus</strong></span> <span class='ocrx_word' id='word_1_476' title='bbox 472 3635 525 3688; x_wconf 91' lang='lat' dir='ltr'><strong>iu</strong></span> <span class='ocrx_word' id='word_1_477' title='bbox 551 3650 617 3688; x_wconf 87' lang='lat' dir='ltr'><strong>eo</strong></span> <span class='ocrx_word' id='word_1_478' title='bbox 649 3635 905 3689; x_wconf 77' lang='lat' dir='ltr'><strong>ventilata</strong></span> <span class='ocrx_word' id='word_1_479' title='bbox 950 3650 1110 3690; x_wconf 80' lang='lat' dir='ltr'><strong>causa</strong></span> <span class='ocrx_word' id='word_1_480' title='bbox 1148 3646 1247 3701; x_wconf 89' lang='lat' dir='ltr'><strong>;et</strong></span> <span class='ocrx_word' id='word_1_481' title='bbox 1303 3636 1457 3706; x_wconf 81' lang='lat' dir='ltr'><strong>longa</strong></span> <span class='ocrx_word' id='word_1_482' title='bbox 1495 3637 1781 3707; x_wconf 75' lang='lat' dir='ltr'><strong>Symeo&#39;uis</strong></span> <span class='ocrx_word' id='word_1_483' title='bbox 1807 3655 1900 3703; x_wconf 46' lang='lat' dir='ltr'><strong>sa,-</strong></span> 
     </span>
    </p>
   </div>
   <div class='ocr_carea' id='block_1_67' title="bbox 326 3726 1900 3797">
    <p class='ocr_par' dir='ltr' id='par_1_67' title="bbox 326 3726 1900 3797">
     <span class='ocr_line' id='line_1_67' title="bbox 326 3726 1900 3797; baseline 0.001 -17"><span class='ocrx_word' id='word_1_484' title='bbox 326 3728 587 3792; x_wconf 79' lang='lat' dir='ltr'><strong>tisiactio,</strong></span> <span class='ocrx_word' id='word_1_485' title='bbox 611 3741 707 3796; x_wconf 91' lang='lat' dir='ltr'><strong>pro</strong></span> <span class='ocrx_word' id='word_1_486' title='bbox 736 3741 797 3781; x_wconf 80' lang='lat' dir='ltr'><strong>se</strong></span> <span class='ocrx_word' id='word_1_487' title='bbox 817 3727 1167 3796; x_wconf 74' lang='lat' dir='ltr'><strong>acimagine:</strong></span> <span class='ocrx_word' id='word_1_488' title='bbox 1197 3727 1352 3797; x_wconf 77' lang='lat' dir='ltr'><strong>juxta</strong></span> <span class='ocrx_word' id='word_1_489' title='bbox 1384 3742 1450 3780; x_wconf 86' lang='lat' dir='ltr'><strong>ex</strong></span> <span class='ocrx_word' id='word_1_490' title='bbox 1476 3726 1564 3780; x_wconf 85' lang='lat' dir='ltr'><strong>illa</strong></span> <span class='ocrx_word' id='word_1_491' title='bbox 1585 3727 1752 3781; x_wconf 87' lang='lat' dir='ltr'><strong>oblini</strong></span> <span class='ocrx_word' id='word_1_492' title='bbox 1795 3741 1900 3781; x_wconf 85' lang='lat' dir='ltr'><strong>vox</strong></span> 
     </span>
    </p>
   </div>
   <div class='ocr_carea' id='block_1_68' title="bbox 337 3818 1902 3888">
    <p class='ocr_par' dir='ltr' id='par_1_68' title="bbox 337 3818 1902 3888">
     <span class='ocr_line' id='line_1_68' title="bbox 337 3818 1902 3888; baseline 0 -15"><span class='ocrx_word' id='word_1_493' title='bbox 337 3819 399 3873; x_wconf 89' lang='lat'><strong>&#39;0</strong></span> <span class='ocrx_word' id='word_1_494' title='bbox 434 3818 691 3887; x_wconf 72' lang='lat' dir='ltr'><strong>&#39;AI‘lUZ;</strong></span> <span class='ocrx_word' id='word_1_495' title='bbox 729 3819 942 3875; x_wconf 66' lang='lat' dir='ltr'><strong>abolitae</strong></span> <span class='ocrx_word' id='word_1_496' title='bbox 982 3829 1040 3875; x_wconf 89' lang='lat' dir='ltr'><strong>et</strong></span> <span class='ocrx_word' id='word_1_497' title='bbox 1071 3833 1262 3874; x_wconf 88' lang='lat' dir='ltr'><strong>omnes</strong></span> <span class='ocrx_word' id='word_1_498' title='bbox 1313 3819 1432 3873; x_wconf 65' lang='lat' dir='ltr'><strong>alia:</strong></span> <span class='ocrx_word' id='word_1_499' title='bbox 1452 3819 1591 3888; x_wconf 88' lang='lat' dir='ltr'><strong>ejus,</strong></span> <span class='ocrx_word' id='word_1_500' title='bbox 1638 3820 1689 3870; x_wconf 91' lang='lat' dir='ltr'><strong>in</strong></span> <span class='ocrx_word' id='word_1_501' title='bbox 1724 3818 1902 3873; x_wconf 80' lang='lat' dir='ltr'><strong>sanrti</strong></span> 
     </span>
    </p>
   </div>
   <div class='ocr_carea' id='block_1_69' title="bbox 327 3910 1903 3982">
    <p class='ocr_par' dir='ltr' id='par_1_69' title="bbox 327 3910 1903 3982">
     <span class='ocr_line' id='line_1_69' title="bbox 327 3910 1903 3982; baseline -0.001 -17"><span class='ocrx_word' id='word_1_502' title='bbox 327 3911 638 3976; x_wconf 78' lang='lat' dir='ltr'><strong>Mamantis,</strong></span> <span class='ocrx_word' id='word_1_503' title='bbox 671 3912 954 3980; x_wconf 73' lang='lat' dir='ltr'><strong>imagines.</strong></span> <span class='ocrx_word' id='word_1_504' title='bbox 985 3910 1169 3965; x_wconf 80' lang='lat' dir='ltr'><strong>Altera</strong></span> <span class='ocrx_word' id='word_1_505' title='bbox 1215 3920 1401 3964; x_wconf 89' lang='lat' dir='ltr'><strong>coacta</strong></span> <span class='ocrx_word' id='word_1_506' title='bbox 1434 3911 1644 3982; x_wconf 86' lang='lat' dir='ltr'><strong>synodo</strong></span> <span class='ocrx_word' id='word_1_507' title='bbox 1672 3926 1689 3976; x_wconf 90' lang='lat'><strong>;</strong></span> <span class='ocrx_word' id='word_1_508' title='bbox 1718 3910 1903 3978; x_wconf 88' lang='lat' dir='ltr'><strong>jussus</strong></span> 
     </span>
    </p>
   </div>
   <div class='ocr_carea' id='block_1_70' title="bbox 328 4003 1906 4076">
    <p class='ocr_par' dir='ltr' id='par_1_70' title="bbox 328 4003 1906 4076">
     <span class='ocr_line' id='line_1_70' title="bbox 328 4003 1906 4076; baseline -0.002 -14"><span class='ocrx_word' id='word_1_509' title='bbox 328 4004 563 4076; x_wconf 78' lang='lat' dir='ltr'><strong>Symcon</strong></span> <span class='ocrx_word' id='word_1_510' title='bbox 593 4014 684 4060; x_wconf 88' lang='lat' dir='ltr'><strong>aut</strong></span> <span class='ocrx_word' id='word_1_511' title='bbox 715 4020 744 4059; x_wconf 89' lang='lat' dir='ltr'><strong>a</strong></span> <span class='ocrx_word' id='word_1_512' title='bbox 772 4003 950 4060; x_wconf 84' lang='lat' dir='ltr'><strong>l‘atris</strong></span> <span class='ocrx_word' id='word_1_513' title='bbox 988 4004 1094 4058; x_wconf 88' lang='lat' dir='ltr'><strong>illis</strong></span> <span class='ocrx_word' id='word_1_514' title='bbox 1125 4004 1376 4059; x_wconf 88' lang='lat' dir='ltr'><strong>laudibus</strong></span> <span class='ocrx_word' id='word_1_515' title='bbox 1403 4017 1647 4067; x_wconf 88' lang='lat' dir='ltr'><strong>cessare,</strong></span> <span class='ocrx_word' id='word_1_516' title='bbox 1670 4014 1762 4056; x_wconf 85' lang='lat' dir='ltr'><strong>aut</strong></span> <span class='ocrx_word' id='word_1_517' title='bbox 1795 4016 1906 4059; x_wconf 71' lang='grc' dir='ltr'><strong>οω-</strong></span> 
     </span>
    </p>
   </div>
   <div class='ocr_carea' id='block_1_71' title="bbox 327 4094 1902 4170">
    <p class='ocr_par' dir='ltr' id='par_1_71' title="bbox 327 4094 1902 4170">
     <span class='ocr_line' id='line_1_71' title="bbox 327 4094 1902 4170; baseline -0.001 -19"><span class='ocrx_word' id='word_1_518' title='bbox 327 4097 492 4152; x_wconf 86' lang='lat' dir='ltr'><strong>nobio</strong></span> <span class='ocrx_word' id='word_1_519' title='bbox 514 4113 539 4170; x_wconf 19' lang='grc' dir='ltr'>λς</span> <span class='ocrx_word' id='word_1_520' title='bbox 566 4098 809 4166; x_wconf 78' lang='lat' dir='ltr'><strong>urbeque</strong></span> <span class='ocrx_word' id='word_1_521' title='bbox 852 4096 1140 4170; x_wconf 73' lang='lat' dir='ltr'><strong>excedere.</strong></span> <span class='ocrx_word' id='word_1_522' title='bbox 1191 4094 1404 4151; x_wconf 80' lang='lat' dir='ltr'><strong>Nolenti</strong></span> <span class='ocrx_word' id='word_1_523' title='bbox 1435 4095 1654 4159; x_wconf 86' lang='lat' dir='ltr'><strong>cedere,</strong></span> <span class='ocrx_word' id='word_1_524' title='bbox 1688 4097 1902 4150; x_wconf 87' lang='lat' dir='ltr'><strong>decreta</strong></span> 
     </span>
    </p>
   </div>
   <div class='ocr_carea' id='block_1_72' title="bbox 327 4168 1901 4261">
    <p class='ocr_par' dir='ltr' id='par_1_72' title="bbox 327 4168 1901 4261">
     <span class='ocr_line' id='line_1_72' title="bbox 327 4168 1901 4261; baseline -0.001 -17"><span class='ocrx_word' id='word_1_525' title='bbox 327 4168 588 4261; x_wconf 75' lang='lat' dir='ltr'><strong>synodico</strong></span> <span class='ocrx_word' id='word_1_526' title='bbox 615 4190 792 4245; x_wconf 79' lang='lat' dir='ltr'><strong>exsilii</strong></span> <span class='ocrx_word' id='word_1_527' title='bbox 819 4168 1352 4260; x_wconf 40' lang='lat' dir='ltr'><strong>poenarDeportatus</strong></span> <span class='ocrx_word' id='word_1_528' title='bbox 1387 4188 1456 4242; x_wconf 89' lang='lat' dir='ltr'><strong>ad</strong></span> <span class='ocrx_word' id='word_1_529' title='bbox 1500 4188 1901 4260; x_wconf 80' lang='lat' dir='ltr'><strong>Chrysopolim,</strong></span> 
     </span>
    </p>
   </div>
   <div class='ocr_carea' id='block_1_73' title="bbox 329 4278 1903 4350">
    <p class='ocr_par' dir='ltr' id='par_1_73' title="bbox 329 4278 1903 4350">
     <span class='ocr_line' id='line_1_73' title="bbox 329 4278 1903 4350; baseline -0.003 -16"><span class='ocrx_word' id='word_1_530' title='bbox 329 4283 383 4334; x_wconf 87' lang='lat' dir='ltr'><strong>in</strong></span> <span class='ocrx_word' id='word_1_531' title='bbox 408 4281 719 4350; x_wconf 79' lang='lat' dir='ltr'><strong>Oppidulum</strong></span> <span class='ocrx_word' id='word_1_532' title='bbox 750 4282 895 4350; x_wconf 85' lang='lat' dir='ltr'><strong>quod</strong></span> <span class='ocrx_word' id='word_1_533' title='bbox 914 4280 1310 4335; x_wconf 84' lang='lat' dir='ltr'><strong>Palusiatarum</strong></span> <span class='ocrx_word' id='word_1_534' title='bbox 1341 4287 1559 4333; x_wconf 84' lang='lat' dir='ltr'><strong>vocant.</strong></span> <span class='ocrx_word' id='word_1_535' title='bbox 1601 4278 1804 4333; x_wconf 88' lang='lat' dir='ltr'><strong>Nactus</strong></span> <span class='ocrx_word' id='word_1_536' title='bbox 1834 4278 1903 4330; x_wconf 87' lang='lat' dir='ltr'><strong>ibi</strong></span> 
     </span>
    </p>
   </div>
   <div class='ocr_carea' id='block_1_74' title="bbox 328 4372 1905 4442">
    <p class='ocr_par' dir='ltr' id='par_1_74' title="bbox 328 4372 1905 4442">
     <span class='ocr_line' id='line_1_74' title="bbox 328 4372 1905 4442; baseline -0.003 -14"><span class='ocrx_word' id='word_1_537' title='bbox 328 4374 627 4428; x_wconf 79' lang='lat' dir='ltr'><strong>oratorium</strong></span> <span class='ocrx_word' id='word_1_538' title='bbox 659 4372 1048 4442; x_wconf 84' lang='lat' dir='ltr'><strong>penedirutnm</strong></span> <span class='ocrx_word' id='word_1_539' title='bbox 1074 4380 1235 4441; x_wconf 85' lang='lat' dir='ltr'><strong>atque</strong></span> <span class='ocrx_word' id='word_1_540' title='bbox 1254 4372 1552 4435; x_wconf 82' lang='lat' dir='ltr'><strong>desertum,</strong></span> <span class='ocrx_word' id='word_1_541' title='bbox 1603 4372 1655 4422; x_wconf 89' lang='lat' dir='ltr'><strong>in</strong></span> <span class='ocrx_word' id='word_1_542' title='bbox 1687 4385 1754 4425; x_wconf 91' lang='lat' dir='ltr'><strong>eo</strong></span> <span class='ocrx_word' id='word_1_543' title='bbox 1782 4385 1905 4425; x_wconf 86' lang='lat' dir='ltr'><strong>cum</strong></span> 
     </span>
    </p>
   </div>
   <div class='ocr_carea' id='block_1_75' title="bbox 329 4454 1907 4537">
    <p class='ocr_par' dir='ltr' id='par_1_75' title="bbox 329 4454 1907 4537">
     <span class='ocr_line' id='line_1_75' title="bbox 329 4454 1907 4537; baseline -0.001 -19"><span class='ocrx_word' id='word_1_544' title='bbox 329 4454 598 4533; x_wconf 82' lang='lat' dir='ltr'><strong>discipulo</strong></span> <span class='ocrx_word' id='word_1_545' title='bbox 629 4464 895 4518; x_wconf 86' lang='lat' dir='ltr'><strong>considet.</strong></span> <span class='ocrx_word' id='word_1_546' title='bbox 916 4463 964 4515; x_wconf 81' lang='grc' dir='ltr'><strong>Δ</strong></span> <span class='ocrx_word' id='word_1_547' title='bbox 987 4462 1382 4537; x_wconf 70' lang='lat' dir='ltr'><strong>Christophoro</strong></span> <span class='ocrx_word' id='word_1_548' title='bbox 1407 4462 1670 4516; x_wconf 86' lang='lat' dir='ltr'><strong>senatorii</strong></span> <span class='ocrx_word' id='word_1_549' title='bbox 1694 4462 1907 4516; x_wconf 86' lang='lat' dir='ltr'><strong>ordinis</strong></span> 
     </span>
    </p>
   </div>
   <div class='ocr_carea' id='block_1_76' title="bbox 331 4550 1906 4625">
    <p class='ocr_par' dir='ltr' id='par_1_76' title="bbox 331 4550 1906 4625">
     <span class='ocr_line' id='line_1_76' title="bbox 331 4550 1906 4625; baseline 0 -16"><span class='ocrx_word' id='word_1_550' title='bbox 331 4557 472 4620; x_wconf 85' lang='lat' dir='ltr'><strong>viro,</strong></span> <span class='ocrx_word' id='word_1_551' title='bbox 502 4556 656 4625; x_wconf 86' lang='lat' dir='ltr'><strong>cujus</strong></span> <span class='ocrx_word' id='word_1_552' title='bbox 679 4550 1191 4625; x_wconf 64' lang='lat' dir='ltr'><strong>posSessioniserat,</strong></span> <span class='ocrx_word' id='word_1_553' title='bbox 1216 4558 1393 4625; x_wconf 88' lang='lat' dir='ltr'><strong>ipsum</strong></span> <span class='ocrx_word' id='word_1_554' title='bbox 1429 4557 1574 4610; x_wconf 83' lang='lat' dir='ltr'><strong>dono</strong></span> <span class='ocrx_word' id='word_1_555' title='bbox 1606 4557 1906 4619; x_wconf 88' lang='lat' dir='ltr'><strong>obtinet,ea</strong></span> 
     </span>
    </p>
   </div>
   <div class='ocr_carea' id='block_1_77' title="bbox 331 4634 1915 4719">
    <p class='ocr_par' dir='ltr' id='par_1_77' title="bbox 331 4634 1915 4719">
     <span class='ocr_line' id='line_1_77' title="bbox 331 4634 1915 4719; baseline -0.001 -15"><span class='ocrx_word' id='word_1_556' title='bbox 331 4652 667 4714; x_wconf 83' lang='lat' dir='ltr'><strong>conditione,</strong></span> <span class='ocrx_word' id='word_1_557' title='bbox 700 4660 759 4705; x_wconf 76' lang='lat' dir='ltr'><strong>ut</strong></span> <span class='ocrx_word' id='word_1_558' title='bbox 780 4653 826 4705; x_wconf 84' lang='lat' dir='ltr'><strong>si</strong></span> <span class='ocrx_word' id='word_1_559' title='bbox 857 4653 997 4706; x_wconf 78' lang='lat' dir='ltr'><strong>Deus</strong></span> <span class='ocrx_word' id='word_1_560' title='bbox 1031 4652 1213 4704; x_wconf 83' lang='lat' dir='ltr'><strong>mitius</strong></span> <span class='ocrx_word' id='word_1_561' title='bbox 1253 4650 1352 4719; x_wconf 60' lang='lat' dir='ltr'><strong>ipsi</strong></span> <span class='ocrx_word' id='word_1_562' title='bbox 1379 4634 1612 4712; x_wconf 84' lang='lat' dir='ltr'><strong>dederit,</strong></span> <span class='ocrx_word' id='word_1_563' title='bbox 1642 4660 1915 4703; x_wconf 84' lang='lat' dir='ltr'><strong>monaste-</strong></span> 
     </span>
    </p>
   </div>
   <div class='ocr_carea' id='block_1_78' title="bbox 272 4740 1914 4812">
    <p class='ocr_par' dir='ltr' id='par_1_78' title="bbox 272 4740 1914 4812">
     <span class='ocr_line' id='line_1_78' title="bbox 272 4740 1914 4812; baseline -0.003 -15"><span class='ocrx_word' id='word_1_564' title='bbox 272 4804 279 4809; x_wconf 28' lang='grc' dir='ltr'><strong>λ</strong></span> <span class='ocrx_word' id='word_1_565' title='bbox 333 4744 473 4797; x_wconf 75' lang='lat' dir='ltr'><strong>rium</strong></span> <span class='ocrx_word' id='word_1_566' title='bbox 501 4744 554 4795; x_wconf 88' lang='lat' dir='ltr'><strong>in</strong></span> <span class='ocrx_word' id='word_1_567' title='bbox 576 4754 933 4798; x_wconf 71' lang='lat' dir='ltr'><strong>eoexstruat.</strong></span> <span class='ocrx_word' id='word_1_568' title='bbox 962 4743 1067 4797; x_wconf 89' lang='lat' dir='ltr'><strong>Per</strong></span> <span class='ocrx_word' id='word_1_569' title='bbox 1097 4759 1241 4804; x_wconf 85' lang='lat' dir='ltr'><strong>eum,</strong></span> <span class='ocrx_word' id='word_1_570' title='bbox 1266 4742 1511 4812; x_wconf 84' lang='lat' dir='ltr'><strong>aliosque</strong></span> <span class='ocrx_word' id='word_1_571' title='bbox 1527 4742 1643 4808; x_wconf 77' lang='lat' dir='ltr'><strong>ejus</strong></span> <span class='ocrx_word' id='word_1_572' title='bbox 1669 4740 1914 4810; x_wconf 67' lang='lat' dir='ltr'><strong>disciptu</strong></span> 
     </span>
    </p>
   </div>
   <div class='ocr_carea' id='block_1_79' title="bbox 334 4833 1916 4903">
    <p class='ocr_par' dir='ltr' id='par_1_79' title="bbox 334 4833 1916 4903">
     <span class='ocr_line' id='line_1_79' title="bbox 334 4833 1916 4903; baseline -0.004 -14"><span class='ocrx_word' id='word_1_573' title='bbox 334 4834 415 4889; x_wconf 87' lang='lat' dir='ltr'><strong>los</strong></span> <span class='ocrx_word' id='word_1_574' title='bbox 449 4834 643 4887; x_wconf 62' lang='lat' dir='ltr'><strong>delata:</strong></span> <span class='ocrx_word' id='word_1_575' title='bbox 668 4834 902 4903; x_wconf 72' lang='lat' dir='ltr'><strong>querela:</strong></span> <span class='ocrx_word' id='word_1_576' title='bbox 928 4835 994 4888; x_wconf 88' lang='lat' dir='ltr'><strong>ad</strong></span> <span class='ocrx_word' id='word_1_577' title='bbox 1035 4835 1428 4901; x_wconf 70' lang='lat' dir='ltr'><strong>patriam-ham.</strong></span> <span class='ocrx_word' id='word_1_578' title='bbox 1465 4833 1775 4887; x_wconf 74' lang='lat' dir='ltr'><strong>Revocatns</strong></span> <span class='ocrx_word' id='word_1_579' title='bbox 1800 4833 1916 4901; x_wconf 85' lang='lat' dir='ltr'><strong>ipse</strong></span> 
     </span>
    </p>
   </div>
   <div class='ocr_carea' id='block_1_80' title="bbox 333 4925 1913 4991">
    <p class='ocr_par' dir='ltr' id='par_1_80' title="bbox 333 4925 1913 4991">
     <span class='ocr_line' id='line_1_80' title="bbox 333 4925 1913 4991; baseline -0.004 -9"><span class='ocrx_word' id='word_1_580' title='bbox 333 4927 388 4982; x_wconf 86' lang='lat' dir='ltr'><strong>in</strong></span> <span class='ocrx_word' id='word_1_581' title='bbox 413 4927 642 4991; x_wconf 87' lang='lat' dir='ltr'><strong>urbem;</strong></span> <span class='ocrx_word' id='word_1_582' title='bbox 669 4937 869 4980; x_wconf 86' lang='lat' dir='ltr'><strong>tentata</strong></span> <span class='ocrx_word' id='word_1_583' title='bbox 901 4941 1092 4980; x_wconf 84' lang='lat' dir='ltr'><strong>rursus</strong></span> <span class='ocrx_word' id='word_1_584' title='bbox 1118 4925 1628 4991; x_wconf 79' lang='lat' dir='ltr'><strong>ronstautia,oblati</strong></span> <span class='ocrx_word' id='word_1_585' title='bbox 1659 4927 1913 4990; x_wconf 77' lang='lat' dir='ltr'><strong>honores,</strong></span> 
     </span>
    </p>
   </div>
   <div class='ocr_carea' id='block_1_81' title="bbox 333 5010 1915 5088">
    <p class='ocr_par' dir='ltr' id='par_1_81' title="bbox 333 5010 1915 5088">
     <span class='ocr_line' id='line_1_81' title="bbox 333 5010 1915 5088; baseline -0.002 -13"><span class='ocrx_word' id='word_1_586' title='bbox 333 5019 727 5088; x_wconf 84' lang='lat' dir='ltr'><strong>metropolitica</strong></span> <span class='ocrx_word' id='word_1_587' title='bbox 782 5019 1166 5083; x_wconf 62' lang='lat' dir='ltr'><strong>sedes,‘uobili</strong></span> <span class='ocrx_word' id='word_1_588' title='bbox 1229 5018 1409 5088; x_wconf 84' lang='lat' dir='ltr'><strong>aliqua</strong></span> <span class='ocrx_word' id='word_1_589' title='bbox 1458 5010 1725 5081; x_wconf 66' lang='lat' dir='ltr'><strong>civitate,“</strong></span> <span class='ocrx_word' id='word_1_590' title='bbox 1754 5017 1915 5072; x_wconf 89' lang='lat' dir='ltr'><strong>modo</strong></span> 
     </span>
    </p>
   </div>
   <div class='ocr_carea' id='block_1_82' title="bbox 333 5110 1914 5181">
    <p class='ocr_par' dir='ltr' id='par_1_82' title="bbox 333 5110 1914 5181">
     <span class='ocr_line' id='line_1_82' title="bbox 333 5110 1914 5181; baseline -0.003 -13"><span class='ocrx_word' id='word_1_591' title='bbox 333 5114 604 5181; x_wconf 84' lang='lat' dir='ltr'><strong>tantisper</strong></span> <span class='ocrx_word' id='word_1_592' title='bbox 633 5111 1036 5166; x_wconf 89' lang='lat' dir='ltr'><strong>contentionem</strong></span> <span class='ocrx_word' id='word_1_593' title='bbox 1064 5111 1386 5166; x_wconf 82' lang='lat' dir='ltr'><strong>remitteret.</strong></span> <span class='ocrx_word' id='word_1_594' title='bbox 1411 5110 1637 5164; x_wconf 88' lang='lat' dir='ltr'><strong>Cunctis</strong></span> <span class='ocrx_word' id='word_1_595' title='bbox 1664 5111 1914 5170; x_wconf 87' lang='lat' dir='ltr'><strong>immoto,</strong></span> 
     </span>
    </p>
   </div>
   <div class='ocr_carea' id='block_1_83' title="bbox 333 5201 1914 5259">
    <p class='ocr_par' dir='ltr' id='par_1_83' title="bbox 333 5201 1914 5259">
     <span class='ocr_line' id='line_1_83' title="bbox 333 5201 1914 5259; baseline -0.001 0"><span class='ocrx_word' id='word_1_596' title='bbox 333 5203 481 5259; x_wconf 75' lang='lat' dir='ltr'><strong>facta</strong></span> <span class='ocrx_word' id='word_1_597' title='bbox 513 5203 726 5259; x_wconf 89' lang='lat' dir='ltr'><strong>licentia</strong></span> <span class='ocrx_word' id='word_1_598' title='bbox 757 5202 967 5257; x_wconf 84' lang='lat' dir='ltr'><strong>colendi</strong></span> <span class='ocrx_word' id='word_1_599' title='bbox 1022 5202 1239 5257; x_wconf 87' lang='lat' dir='ltr'><strong>Patrem</strong></span> <span class='ocrx_word' id='word_1_600' title='bbox 1292 5210 1350 5256; x_wconf 91' lang='lat' dir='ltr'><strong>nt</strong></span> <span class='ocrx_word' id='word_1_601' title='bbox 1389 5201 1605 5255; x_wconf 76' lang='lat' dir='ltr'><strong>libuerit</strong></span> <span class='ocrx_word' id='word_1_602' title='bbox 1653 5217 1715 5256; x_wconf 88' lang='lat' dir='ltr'><strong>ac</strong></span> <span class='ocrx_word' id='word_1_603' title='bbox 1750 5204 1831 5256; x_wconf 82' lang='lat' dir='ltr'><strong>vel</strong></span> <span class='ocrx_word' id='word_1_604' title='bbox 1862 5204 1914 5257; x_wconf 90' lang='lat' dir='ltr'><strong>iu</strong></span> 
     </span>
    </p>
   </div>
   <div class='ocr_carea' id='block_1_84' title="bbox 335 5294 1914 5365">
    <p class='ocr_par' dir='ltr' id='par_1_84' title="bbox 335 5294 1914 5365">
     <span class='ocr_line' id='line_1_84' title="bbox 335 5294 1914 5365; baseline -0.001 -16"><span class='ocrx_word' id='word_1_605' title='bbox 335 5297 495 5358; x_wconf 85' lang='lat' dir='ltr'><strong>urbe,</strong></span> <span class='ocrx_word' id='word_1_606' title='bbox 525 5297 816 5365; x_wconf 89' lang='lat' dir='ltr'><strong>prioreque</strong></span> <span class='ocrx_word' id='word_1_607' title='bbox 847 5294 1369 5363; x_wconf 70' lang='lat' dir='ltr'><strong>coenobio‘degendi,</strong></span> <span class='ocrx_word' id='word_1_608' title='bbox 1397 5294 1479 5348; x_wconf 86' lang='lat' dir='ltr'><strong>vel</strong></span> <span class='ocrx_word' id='word_1_609' title='bbox 1511 5295 1563 5346; x_wconf 91' lang='lat' dir='ltr'><strong>in</strong></span> <span class='ocrx_word' id='word_1_610' title='bbox 1601 5308 1738 5348; x_wconf 87' lang='lat' dir='ltr'><strong>nova</strong></span> <span class='ocrx_word' id='word_1_611' title='bbox 1779 5296 1914 5349; x_wconf 85' lang='lat' dir='ltr'><strong>soli-</strong></span> 
     </span>
    </p>
   </div>
   <div class='ocr_carea' id='block_1_85' title="bbox 337 5384 1916 5453">
    <p class='ocr_par' dir='ltr' id='par_1_85' title="bbox 337 5384 1916 5453">
     <span class='ocr_line' id='line_1_85' title="bbox 337 5384 1916 5453; baseline -0.001 -16"><span class='ocrx_word' id='word_1_612' title='bbox 337 5387 544 5440; x_wconf 85' lang='lat' dir='ltr'><strong>tudine.</strong></span> <span class='ocrx_word' id='word_1_613' title='bbox 582 5384 798 5440; x_wconf 86' lang='lat' dir='ltr'><strong>Delecta</strong></span> <span class='ocrx_word' id='word_1_614' title='bbox 824 5384 1059 5440; x_wconf 87' lang='lat' dir='ltr'><strong>solitudo</strong></span> <span class='ocrx_word' id='word_1_615' title='bbox 1091 5401 1107 5449; x_wconf 89' lang='lat'><strong>;</strong></span> <span class='ocrx_word' id='word_1_616' title='bbox 1138 5384 1192 5437; x_wconf 92' lang='lat' dir='ltr'><strong>in</strong></span> <span class='ocrx_word' id='word_1_617' title='bbox 1215 5396 1279 5437; x_wconf 77' lang='lat' dir='ltr'><strong>ea</strong></span> <span class='ocrx_word' id='word_1_618' title='bbox 1309 5392 1534 5437; x_wconf 86' lang='lat' dir='ltr'><strong>coactus</strong></span> <span class='ocrx_word' id='word_1_619' title='bbox 1562 5397 1734 5437; x_wconf 86' lang='lat' dir='ltr'><strong>novus</strong></span> <span class='ocrx_word' id='word_1_620' title='bbox 1762 5398 1916 5453; x_wconf 77' lang='lat' dir='ltr'><strong>grex,</strong></span> 
     </span>
    </p>
   </div>
   <div class='ocr_carea' id='block_1_86' title="bbox 333 5477 1918 5546">
    <p class='ocr_par' dir='ltr' id='par_1_86' title="bbox 333 5477 1918 5546">
     <span class='ocr_line' id='line_1_86' title="bbox 333 5477 1918 5546; baseline -0.001 -16"><span class='ocrx_word' id='word_1_621' title='bbox 333 5488 677 5533; x_wconf 78' lang='lat' dir='ltr'><strong>exstructum</strong></span> <span class='ocrx_word' id='word_1_622' title='bbox 709 5479 940 5546; x_wconf 58' lang='lat' dir='ltr'><strong>egregiis</strong></span> <span class='ocrx_word' id='word_1_623' title='bbox 968 5478 1176 5533; x_wconf 64' lang='lat' dir='ltr'><strong>aedibus</strong></span> <span class='ocrx_word' id='word_1_624' title='bbox 1199 5477 1377 5530; x_wconf 84' lang='lat' dir='ltr'><strong>nobile</strong></span> <span class='ocrx_word' id='word_1_625' title='bbox 1404 5477 1743 5538; x_wconf 63' lang='lat' dir='ltr'><strong>coenobium,</strong></span> <span class='ocrx_word' id='word_1_626' title='bbox 1778 5492 1918 5530; x_wconf 72' lang='lat' dir='ltr'><strong>cuu-</strong></span> 
     </span>
    </p>
   </div>
   <div class='ocr_carea' id='block_1_87' title="bbox 335 5569 1917 5634">
    <p class='ocr_par' dir='ltr' id='par_1_87' title="bbox 335 5569 1917 5634">
     <span class='ocr_line' id='line_1_87' title="bbox 335 5569 1917 5634; baseline -0.002 -10"><span class='ocrx_word' id='word_1_627' title='bbox 335 5571 444 5625; x_wconf 82' lang='lat' dir='ltr'><strong>etis</strong></span> <span class='ocrx_word' id='word_1_628' title='bbox 475 5573 542 5625; x_wconf 86' lang='lat' dir='ltr'><strong>ad</strong></span> <span class='ocrx_word' id='word_1_629' title='bbox 576 5575 705 5624; x_wconf 68' lang='lat' dir='ltr'><strong>vita:</strong></span> <span class='ocrx_word' id='word_1_630' title='bbox 735 5572 985 5626; x_wconf 77' lang='lat' dir='ltr'><strong>ascetica:</strong></span> <span class='ocrx_word' id='word_1_631' title='bbox 1030 5569 1359 5625; x_wconf 81' lang='lat' dir='ltr'><strong>necessariis</strong></span> <span class='ocrx_word' id='word_1_632' title='bbox 1382 5572 1518 5624; x_wconf 77' lang='lat' dir='ltr'><strong>satis</strong></span> <span class='ocrx_word' id='word_1_633' title='bbox 1540 5571 1865 5624; x_wconf 84' lang='lat' dir='ltr'><strong>instructum</strong></span> <span class='ocrx_word' id='word_1_634' title='bbox 1900 5584 1917 5634; x_wconf 94' lang='lat'><strong>;</strong></span> 
     </span>
    </p>
   </div>
   <div class='ocr_carea' id='block_1_88' title="bbox 338 5662 1920 5733">
    <p class='ocr_par' dir='ltr' id='par_1_88' title="bbox 338 5662 1920 5733">
     <span class='ocr_line' id='line_1_88' title="bbox 338 5662 1920 5733; baseline -0.001 -17"><span class='ocrx_word' id='word_1_635' title='bbox 338 5662 542 5719; x_wconf 72' lang='lat' dir='ltr'><strong>sanctte</strong></span> <span class='ocrx_word' id='word_1_636' title='bbox 565 5663 792 5715; x_wconf 65' lang='lat' dir='ltr'><strong>Marium</strong></span> <span class='ocrx_word' id='word_1_637' title='bbox 814 5672 1028 5716; x_wconf 88' lang='lat' dir='ltr'><strong>vocant.</strong></span> <span class='ocrx_word' id='word_1_638' title='bbox 1050 5663 1108 5716; x_wconf 87' lang='lat' dir='ltr'><strong>In</strong></span> <span class='ocrx_word' id='word_1_639' title='bbox 1133 5676 1200 5716; x_wconf 88' lang='lat' dir='ltr'><strong>eo</strong></span> <span class='ocrx_word' id='word_1_640' title='bbox 1240 5671 1399 5715; x_wconf 76' lang='lat' dir='ltr'><strong>aucta</strong></span> <span class='ocrx_word' id='word_1_641' title='bbox 1434 5662 1722 5733; x_wconf 75' lang='lat' dir='ltr'><strong>bymeonis</strong></span> <span class='ocrx_word' id='word_1_642' title='bbox 1742 5662 1920 5728; x_wconf 78' lang='lat' dir='ltr'><strong>Vene-</strong></span> 
     </span>
    </p>
   </div>
   <div class='ocr_carea' id='block_1_89' title="bbox 336 5749 1922 5821">
    <p class='ocr_par' dir='ltr' id='par_1_89' title="bbox 336 5749 1922 5821">
     <span class='ocr_line' id='line_1_89' title="bbox 336 5749 1922 5821; baseline 0 -15"><span class='ocrx_word' id='word_1_643' title='bbox 336 5754 524 5810; x_wconf 86' lang='lat' dir='ltr'><strong>rabilis</strong></span> <span class='ocrx_word' id='word_1_644' title='bbox 550 5750 752 5821; x_wconf 72' lang='lat' dir='ltr'><strong>rcligio</strong></span> <span class='ocrx_word' id='word_1_645' title='bbox 782 5759 838 5805; x_wconf 88' lang='lat' dir='ltr'><strong>ct</strong></span> <span class='ocrx_word' id='word_1_646' title='bbox 867 5751 1062 5817; x_wconf 84' lang='lat' dir='ltr'><strong>cultus,</strong></span> <span class='ocrx_word' id='word_1_647' title='bbox 1091 5749 1399 5807; x_wconf 79' lang='lat' dir='ltr'><strong>conﬂuente</strong></span> <span class='ocrx_word' id='word_1_648' title='bbox 1424 5767 1489 5807; x_wconf 79' lang='lat' dir='ltr'><strong>ex</strong></span> <span class='ocrx_word' id='word_1_649' title='bbox 1521 5755 1632 5821; x_wconf 86' lang='lat' dir='ltr'><strong>ipsa</strong></span> <span class='ocrx_word' id='word_1_650' title='bbox 1657 5756 1789 5806; x_wconf 89' lang='lat' dir='ltr'><strong>urbe</strong></span> <span class='ocrx_word' id='word_1_651' title='bbox 1809 5754 1922 5806; x_wconf 58' lang='lat' dir='ltr'><strong>Au-</strong></span> 
     </span>
    </p>
   </div>
   <div class='ocr_carea' id='block_1_90' title="bbox 337 5839 1924 5918">
    <p class='ocr_par' dir='ltr' id='par_1_90' title="bbox 337 5839 1924 5918">
     <span class='ocr_line' id='line_1_90' title="bbox 337 5839 1924 5918; baseline -0.002 -17"><span class='ocrx_word' id='word_1_652' title='bbox 337 5854 520 5918; x_wconf 73' lang='lat' dir='ltr'><strong>gusta,</strong></span> <span class='ocrx_word' id='word_1_653' title='bbox 572 5851 802 5909; x_wconf 84' lang='lat' dir='ltr'><strong>totaque</strong></span> <span class='ocrx_word' id='word_1_654' title='bbox 827 5839 1046 5906; x_wconf 84' lang='lat' dir='ltr'><strong>vicinia,</strong></span> <span class='ocrx_word' id='word_1_655' title='bbox 1107 5843 1391 5897; x_wconf 90' lang='lat' dir='ltr'><strong>innumera</strong></span> <span class='ocrx_word' id='word_1_656' title='bbox 1419 5843 1698 5898; x_wconf 86' lang='lat' dir='ltr'><strong>hominum</strong></span> <span class='ocrx_word' id='word_1_657' title='bbox 1737 5843 1924 5898; x_wconf 82' lang='lat' dir='ltr'><strong>multi-</strong></span> 
     </span>
    </p>
   </div>
   <div class='ocr_carea' id='block_1_91' title="bbox 2012 3267 3595 3345">
    <p class='ocr_par' dir='ltr' id='par_1_91' title="bbox 2012 3267 3595 3345">
     <span class='ocr_line' id='line_1_91' title="bbox 2012 3267 3595 3345; baseline 0.001 -25"><span class='ocrx_word' id='word_1_658' title='bbox 2012 3285 2178 3340; x_wconf 86' lang='lat' dir='ltr'><strong>prope</strong></span> <span class='ocrx_word' id='word_1_659' title='bbox 2207 3285 2271 3325; x_wconf 91' lang='lat' dir='ltr'><strong>ac</strong></span> <span class='ocrx_word' id='word_1_660' title='bbox 2302 3268 2558 3341; x_wconf 86' lang='lat' dir='ltr'><strong>Symeoui</strong></span> <span class='ocrx_word' id='word_1_661' title='bbox 2602 3269 2805 3324; x_wconf 79' lang='lat' dir='ltr'><strong>inferre</strong></span> <span class='ocrx_word' id='word_1_662' title='bbox 2831 3268 3182 3323; x_wconf 88' lang='lat' dir='ltr'><strong>calumniam.</strong></span> <span class='ocrx_word' id='word_1_663' title='bbox 3214 3267 3307 3345; x_wconf 66' lang='lat' dir='ltr'><strong>Sic</strong></span> <span class='ocrx_word' id='word_1_664' title='bbox 3329 3277 3385 3323; x_wconf 83' lang='lat' dir='ltr'><strong>et</strong></span> <span class='ocrx_word' id='word_1_665' title='bbox 3405 3267 3595 3323; x_wconf 83' lang='lat' dir='ltr'><strong>Thau-</strong></span> 
     </span>
    </p>
   </div>
   <div class='ocr_carea' id='block_1_92' title="bbox 2010 3360 3595 3432">
    <p class='ocr_par' dir='ltr' id='par_1_92' title="bbox 2010 3360 3595 3432">
     <span class='ocr_line' id='line_1_92' title="bbox 2010 3360 3595 3432; baseline -0.001 -18"><span class='ocrx_word' id='word_1_666' title='bbox 2010 3363 2122 3417; x_wconf 89' lang='lat' dir='ltr'><strong>lero</strong></span> <span class='ocrx_word' id='word_1_667' title='bbox 2153 3372 2339 3418; x_wconf 80' lang='lat' dir='ltr'><strong>nostro</strong></span> <span class='ocrx_word' id='word_1_668' title='bbox 2368 3362 2470 3416; x_wconf 83' lang='lat' dir='ltr'><strong>visi</strong></span> <span class='ocrx_word' id='word_1_669' title='bbox 2508 3362 2676 3432; x_wconf 88' lang='lat' dir='ltr'><strong>aliqui</strong></span> <span class='ocrx_word' id='word_1_670' title='bbox 2742 3362 3051 3424; x_wconf 77' lang='lat' dir='ltr'><strong>detrahere,</strong></span> <span class='ocrx_word' id='word_1_671' title='bbox 3089 3377 3248 3431; x_wconf 89' lang='lat' dir='ltr'><strong>quem</strong></span> <span class='ocrx_word' id='word_1_672' title='bbox 3281 3360 3595 3417; x_wconf 75' lang='lat' dir='ltr'><strong>Ludovicus</strong></span> 
     </span>
    </p>
   </div>
   <div class='ocr_carea' id='block_1_93' title="bbox 2010 3452 3594 3531">
    <p class='ocr_par' dir='ltr' id='par_1_93' title="bbox 2010 3452 3594 3531">
     <span class='ocr_line' id='line_1_93' title="bbox 2010 3452 3594 3531; baseline -0.002 -21"><span class='ocrx_word' id='word_1_673' title='bbox 2010 3456 2221 3510; x_wconf 87' lang='lat' dir='ltr'><strong>Blosius</strong></span> <span class='ocrx_word' id='word_1_674' title='bbox 2253 3455 2334 3509; x_wconf 86' lang='lat' dir='ltr'><strong>vir</strong></span> <span class='ocrx_word' id='word_1_675' title='bbox 2365 3453 2614 3509; x_wconf 88' lang='lat' dir='ltr'><strong>eruditus</strong></span> <span class='ocrx_word' id='word_1_676' title='bbox 2635 3469 2698 3509; x_wconf 84' lang='lat' dir='ltr'><strong>ac</strong></span> <span class='ocrx_word' id='word_1_677' title='bbox 2724 3454 2870 3524; x_wconf 89' lang='lat' dir='ltr'><strong>pius,</strong></span> <span class='ocrx_word' id='word_1_678' title='bbox 2897 3454 2999 3509; x_wconf 86' lang='lat' dir='ltr'><strong>rite</strong></span> <span class='ocrx_word' id='word_1_679' title='bbox 3017 3454 3282 3509; x_wconf 86' lang='lat' dir='ltr'><strong>vindicat.</strong></span> <span class='ocrx_word' id='word_1_680' title='bbox 3309 3452 3594 3531; x_wconf 81' lang='lat' dir='ltr'><strong>Visioilla,</strong></span> 
     </span>
    </p>
   </div>
   <div class='ocr_carea' id='block_1_94' title="bbox 2008 3534 3595 3620">
    <p class='ocr_par' dir='ltr' id='par_1_94' title="bbox 2008 3534 3595 3620">
     <span class='ocr_line' id='line_1_94' title="bbox 2008 3534 3595 3620; baseline -0.003 -15"><span class='ocrx_word' id='word_1_681' title='bbox 2008 3552 2222 3620; x_wconf 86' lang='lat' dir='ltr'><strong>aliaque</strong></span> <span class='ocrx_word' id='word_1_682' title='bbox 2246 3550 2364 3620; x_wconf 85' lang='lat' dir='ltr'><strong>ejus</strong></span> <span class='ocrx_word' id='word_1_683' title='bbox 2390 3552 2629 3620; x_wconf 78' lang='lat' dir='ltr'><strong>&#39;geueris,</strong></span> <span class='ocrx_word' id='word_1_684' title='bbox 2660 3556 2853 3620; x_wconf 76' lang='lat' dir='ltr'><strong>gustus</strong></span> <span class='ocrx_word' id='word_1_685' title='bbox 2884 3550 3105 3620; x_wconf 87' lang='lat' dir='ltr'><strong>quidam</strong></span> <span class='ocrx_word' id='word_1_686' title='bbox 3143 3555 3230 3604; x_wconf 87' lang='lat' dir='ltr'><strong>est</strong></span> <span class='ocrx_word' id='word_1_687' title='bbox 3263 3534 3595 3619; x_wconf 59' lang='lat' dir='ltr'><strong>exspectatas</strong></span> 
     </span>
    </p>
   </div>
   <div class='ocr_carea' id='block_1_95' title="bbox 2014 3641 3596 3712">
    <p class='ocr_par' dir='ltr' id='par_1_95' title="bbox 2014 3641 3596 3712">
     <span class='ocr_line' id='line_1_95' title="bbox 2014 3641 3596 3712; baseline -0.002 -15"><span class='ocrx_word' id='word_1_688' title='bbox 2014 3644 2313 3706; x_wconf 78' lang='lat' dir='ltr'><strong>felicitatis,</strong></span> <span class='ocrx_word' id='word_1_689' title='bbox 2341 3642 2612 3711; x_wconf 78' lang='lat' dir='ltr'><strong>altiorque</strong></span> <span class='ocrx_word' id='word_1_690' title='bbox 2643 3642 2945 3712; x_wconf 73' lang='lat' dir='ltr'><strong>praesentia:</strong></span> <span class='ocrx_word' id='word_1_691' title='bbox 2980 3642 3120 3698; x_wconf 86' lang='lat' dir='ltr'><strong>Deus</strong></span> <span class='ocrx_word' id='word_1_692' title='bbox 3171 3641 3403 3712; x_wconf 88' lang='lat' dir='ltr'><strong>ejusque</strong></span> <span class='ocrx_word' id='word_1_693' title='bbox 3434 3642 3596 3696; x_wconf 79' lang='lat' dir='ltr'><strong>unio-</strong></span> 
     </span>
    </p>
   </div>
   <div class='ocr_carea' id='block_1_96' title="bbox 2014 3732 3591 3804">
    <p class='ocr_par' dir='ltr' id='par_1_96' title="bbox 2014 3732 3591 3804">
     <span class='ocr_line' id='line_1_96' title="bbox 2014 3732 3591 3804; baseline -0.003 -16"><span class='ocrx_word' id='word_1_694' title='bbox 2014 3734 2099 3788; x_wconf 89' lang='lat' dir='ltr'><strong>nis</strong></span> <span class='ocrx_word' id='word_1_695' title='bbox 2125 3735 2178 3789; x_wconf 91' lang='lat' dir='ltr'><strong>in</strong></span> <span class='ocrx_word' id='word_1_696' title='bbox 2202 3732 2480 3804; x_wconf 75' lang='lat' dir='ltr'><strong>perlemis,</strong></span> <span class='ocrx_word' id='word_1_697' title='bbox 2497 3747 2716 3799; x_wconf 88' lang='lat' dir='ltr'><strong>sensus,</strong></span> <span class='ocrx_word' id='word_1_698' title='bbox 2733 3748 2895 3803; x_wconf 85' lang='lat' dir='ltr'><strong>quam</strong></span> <span class='ocrx_word' id='word_1_699' title='bbox 2917 3734 3153 3804; x_wconf 82' lang='lat' dir='ltr'><strong>Symeon</strong></span> <span class='ocrx_word' id='word_1_700' title='bbox 3182 3732 3238 3786; x_wconf 91' lang='lat' dir='ltr'><strong>in</strong></span> <span class='ocrx_word' id='word_1_701' title='bbox 3259 3733 3340 3787; x_wconf 89' lang='lat' dir='ltr'><strong>eis</strong></span> <span class='ocrx_word' id='word_1_702' title='bbox 3364 3746 3591 3801; x_wconf 81' lang='lat' dir='ltr'><strong>negare,</strong></span> 
     </span>
    </p>
   </div>
   <div class='ocr_carea' id='block_1_97' title="bbox 2014 3822 3598 3892">
    <p class='ocr_par' dir='ltr' id='par_1_97' title="bbox 2014 3822 3598 3892">
     <span class='ocr_line' id='line_1_97' title="bbox 2014 3822 3598 3892; baseline -0.001 -16"><span class='ocrx_word' id='word_1_703' title='bbox 2014 3823 2286 3877; x_wconf 70' lang='lat' dir='ltr'><strong>hmreseos</strong></span> <span class='ocrx_word' id='word_1_704' title='bbox 2334 3829 2531 3885; x_wconf 88' lang='lat' dir='ltr'><strong>notat;</strong></span> <span class='ocrx_word' id='word_1_705' title='bbox 2593 3837 2692 3877; x_wconf 84' lang='lat' dir='ltr'><strong>nec</strong></span> <span class='ocrx_word' id='word_1_706' title='bbox 2745 3822 2885 3877; x_wconf 79' lang='lat' dir='ltr'><strong>forte</strong></span> <span class='ocrx_word' id='word_1_707' title='bbox 2946 3822 3093 3876; x_wconf 92' lang='lat' dir='ltr'><strong>aliud</strong></span> <span class='ocrx_word' id='word_1_708' title='bbox 3132 3823 3184 3875; x_wconf 91' lang='lat' dir='ltr'><strong>in</strong></span> <span class='ocrx_word' id='word_1_709' title='bbox 3229 3836 3318 3886; x_wconf 89' lang='lat' dir='ltr'><strong>eo,</strong></span> <span class='ocrx_word' id='word_1_710' title='bbox 3366 3822 3598 3892; x_wconf 76' lang='lat' dir='ltr'><strong>ejusque</strong></span> 
     </span>
    </p>
   </div>
   <div class='ocr_carea' id='block_1_98' title="bbox 2014 3911 3599 3989">
    <p class='ocr_par' dir='ltr' id='par_1_98' title="bbox 2014 3911 3599 3989">
     <span class='ocr_line' id='line_1_98' title="bbox 2014 3911 3599 3989; baseline -0.001 -18"><span class='ocrx_word' id='word_1_711' title='bbox 2014 3916 2177 3971; x_wconf 81' lang='lat' dir='ltr'><strong>Patre</strong></span> <span class='ocrx_word' id='word_1_712' title='bbox 2224 3913 2478 3981; x_wconf 84' lang='lat' dir='ltr'><strong>spiritali,</strong></span> <span class='ocrx_word' id='word_1_713' title='bbox 2545 3911 2821 3984; x_wconf 85' lang='lat' dir='ltr'><strong>Symeonc</strong></span> <span class='ocrx_word' id='word_1_714' title='bbox 2882 3914 3213 3976; x_wconf 84' lang='lat' dir='ltr'><strong>Venerabili,</strong></span> <span class='ocrx_word' id='word_1_715' title='bbox 3283 3913 3599 3989; x_wconf 65' lang='lat' dir='ltr'><strong>Stephanus</strong></span> 
     </span>
    </p>
   </div>
   <div class='ocr_carea' id='block_1_99' title="bbox 2017 3990 3656 4080">
    <p class='ocr_par' dir='ltr' id='par_1_99' title="bbox 2017 3990 3656 4080">
     <span class='ocr_line' id='line_1_99' title="bbox 2017 3990 3656 4080; baseline 0 -21"><span class='ocrx_word' id='word_1_716' title='bbox 2017 4004 2463 4074; x_wconf 83' lang='lat' dir='ltr'><strong>reprehendebat.</strong></span> <span class='ocrx_word' id='word_1_717' title='bbox 2504 4004 2660 4058; x_wconf 88' lang='lat' dir='ltr'><strong>Libet</strong></span> <span class='ocrx_word' id='word_1_718' title='bbox 2703 4020 2771 4060; x_wconf 87' lang='lat' dir='ltr'><strong>ex</strong></span> <span class='ocrx_word' id='word_1_719' title='bbox 2802 4006 2920 4073; x_wconf 87' lang='lat' dir='ltr'><strong>ejus</strong></span> <span class='ocrx_word' id='word_1_720' title='bbox 2946 4005 3097 4060; x_wconf 89' lang='lat' dir='ltr'><strong>Orat.</strong></span> <span class='ocrx_word' id='word_1_721' title='bbox 3125 4022 3140 4059; x_wconf 92' lang='lat'><strong>:</strong></span> <span class='ocrx_word' id='word_1_722' title='bbox 3171 3990 3307 4077; x_wconf 61' lang='grc' dir='ltr'><strong>Περἶ</strong></span> <span class='ocrx_word' id='word_1_723' title='bbox 3341 4005 3602 4080; x_wconf 64' lang='grc' dir='ltr'><strong>γνώσεῠξς</strong></span> <span class='ocrx_word' id='word_1_724' title='bbox 3650 4030 3656 4037; x_wconf 62' lang='grc' dir='ltr'><strong>ο</strong></span> 
     </span>
    </p>
   </div>
   <div class='ocr_carea' id='block_1_100' title="bbox 2016 4086 3602 4169">
    <p class='ocr_par' dir='ltr' id='par_1_100' title="bbox 2016 4086 3602 4169">
     <span class='ocr_line' id='line_1_100' title="bbox 2016 4086 3602 4169; baseline 0.001 -18"><span class='ocrx_word' id='word_1_725' title='bbox 2016 4096 2302 4168; x_wconf 73' lang='grc' dir='ltr'><strong>ἀληθινῆς.</strong></span> <span class='ocrx_word' id='word_1_726' title='bbox 2341 4097 2499 4166; x_wconf 87' lang='lat' dir='ltr'><strong>cujus</strong></span> <span class='ocrx_word' id='word_1_727' title='bbox 2526 4096 2645 4150; x_wconf 85' lang='lat' dir='ltr'><strong>inii.</strong></span> <span class='ocrx_word' id='word_1_728' title='bbox 2670 4097 2782 4149; x_wconf 74' lang='grc' dir='ltr'><strong>Καὶ</strong></span> <span class='ocrx_word' id='word_1_729' title='bbox 2809 4096 2904 4149; x_wconf 79' lang='grc' dir='ltr'>νῦν</span> <span class='ocrx_word' id='word_1_730' title='bbox 2928 4086 3199 4169; x_wconf 67' lang='grc' dir='ltr'><strong>ὲύκαερως</strong></span> <span class='ocrx_word' id='word_1_731' title='bbox 3230 4097 3396 4153; x_wconf 71' lang='grc' dir='ltr'>καλὸν</span> <span class='ocrx_word' id='word_1_732' title='bbox 3425 4099 3602 4153; x_wconf 69' lang='grc' dir='ltr'><strong>εῐτὶετν</strong></span> 
     </span>
    </p>
   </div>
   <div class='ocr_carea' id='block_1_101' title="bbox 2019 4191 3604 4263">
    <p class='ocr_par' dir='ltr' id='par_1_101' title="bbox 2019 4191 3604 4263">
     <span class='ocr_line' id='line_1_101' title="bbox 2019 4191 3604 4263; baseline 0.008 -18"><span class='ocrx_word' id='word_1_733' title='bbox 2019 4192 2133 4246; x_wconf 62' lang='lat' dir='ltr'><strong>ha‘c</strong></span> <span class='ocrx_word' id='word_1_734' title='bbox 2159 4192 2493 4246; x_wconf 81' lang='lat' dir='ltr'><strong>exscribere.</strong></span> <span class='ocrx_word' id='word_1_735' title='bbox 2527 4191 2602 4243; x_wconf 71' lang='grc' dir='ltr'><strong>Τὸ</strong></span> <span class='ocrx_word' id='word_1_736' title='bbox 2641 4192 2987 4262; x_wconf 73' lang='grc' dir='ltr'><strong>μορφοῦσθαι</strong></span> <span class='ocrx_word' id='word_1_737' title='bbox 3014 4193 3072 4245; x_wconf 78' lang='grc' dir='ltr'>ὲν</span> <span class='ocrx_word' id='word_1_738' title='bbox 3127 4193 3261 4263; x_wconf 81' lang='grc' dir='ltr'>ἡμῖν</span> <span class='ocrx_word' id='word_1_739' title='bbox 3290 4193 3382 4248; x_wconf 72' lang='grc' dir='ltr'><strong>τὸν</strong></span> <span class='ocrx_word' id='word_1_740' title='bbox 3431 4194 3604 4258; x_wconf 57' lang='grc' dir='ltr'><strong>ὅπως</strong></span> 
     </span>
    </p>
   </div>
   <div class='ocr_carea' id='block_1_102' title="bbox 2018 4282 3604 4357">
    <p class='ocr_par' dir='ltr' id='par_1_102' title="bbox 2018 4282 3604 4357">
     <span class='ocr_line' id='line_1_102' title="bbox 2018 4282 3604 4357; baseline 0.003 -22"><span class='ocrx_word' id='word_1_741' title='bbox 2018 4282 2147 4336; x_wconf 77' lang='grc' dir='ltr'>ὄντα</span> <span class='ocrx_word' id='word_1_742' title='bbox 2179 4282 2404 4347; x_wconf 79' lang='grc' dir='ltr'><strong>Θεὸν,τι</strong></span> <span class='ocrx_word' id='word_1_743' title='bbox 2439 4283 2612 4347; x_wconf 74' lang='grc' dir='ltr'>ἐστιν,</span> <span class='ocrx_word' id='word_1_744' title='bbox 2637 4285 2685 4336; x_wconf 84' lang='grc' dir='ltr'>ει</span> <span class='ocrx_word' id='word_1_745' title='bbox 2714 4283 2893 4357; x_wconf 54' lang='grc' dir='ltr'>μὴ τὸ</span> <span class='ocrx_word' id='word_1_746' title='bbox 2926 4284 3077 4355; x_wconf 76' lang='grc' dir='ltr'><strong>ἡμᾶς</strong></span> <span class='ocrx_word' id='word_1_747' title='bbox 3120 4285 3322 4350; x_wconf 59' lang='lat' dir='ltr'><strong>abici);</strong></span> <span class='ocrx_word' id='word_1_748' title='bbox 3378 4283 3604 4352; x_wconf 64' lang='grc' dir='ltr'><strong>πάνῒως</strong></span> 
     </span>
    </p>
   </div>
   <div class='ocr_carea' id='block_1_103' title="bbox 2023 4375 3604 4451">
    <p class='ocr_par' dir='ltr' id='par_1_103' title="bbox 2023 4375 3604 4451">
     <span class='ocr_line' id='line_1_103' title="bbox 2023 4375 3604 4451; baseline 0.005 -25"><span class='ocrx_word' id='word_1_749' title='bbox 2023 4376 2340 4445; x_wconf 77' lang='grc' dir='ltr'><strong>μεταποιεῖν</strong></span> <span class='ocrx_word' id='word_1_750' title='bbox 2393 4391 2455 4428; x_wconf 81' lang='grc' dir='ltr'><strong>τε</strong></span> <span class='ocrx_word' id='word_1_751' title='bbox 2511 4375 2606 4428; x_wconf 78' lang='grc' dir='ltr'><strong>καὶ</strong></span> <span class='ocrx_word' id='word_1_752' title='bbox 2650 4377 3020 4431; x_wconf 68' lang='grc' dir='ltr'><strong>ἀναπλάττειν</strong></span> <span class='ocrx_word' id='word_1_753' title='bbox 3065 4378 3161 4431; x_wconf 57' lang='lat' dir='ltr'><strong>ita!</strong></span> <span class='ocrx_word' id='word_1_754' title='bbox 3206 4380 3293 4441; x_wconf 75' lang='lat' dir='ltr'><strong>si;</strong></span> <span class='ocrx_word' id='word_1_755' title='bbox 3343 4379 3446 4451; x_wconf 73' lang='grc' dir='ltr'><strong>τῆν</strong></span> <span class='ocrx_word' id='word_1_756' title='bbox 3501 4380 3604 4450; x_wconf 68' lang='grc' dir='ltr'><strong>τῆς</strong></span> 
     </span>
    </p>
   </div>
   <div class='ocr_carea' id='block_1_104' title="bbox 2024 4465 3604 4543">
    <p class='ocr_par' dir='ltr' id='par_1_104' title="bbox 2024 4465 3604 4543">
     <span class='ocr_line' id='line_1_104' title="bbox 2024 4465 3604 4543; baseline 0.004 -23"><span class='ocrx_word' id='word_1_757' title='bbox 2024 4468 2282 4538; x_wconf 77' lang='grc' dir='ltr'><strong>θεότητος</strong></span> <span class='ocrx_word' id='word_1_758' title='bbox 2311 4468 2497 4522; x_wconf 70' lang='grc' dir='ltr'><strong>εἰκόνα.</strong></span> <span class='ocrx_word' id='word_1_759' title='bbox 2533 4469 2974 4540; x_wconf 74' lang='grc' dir='ltr'>μεταμορφοῦν;</span> <span class='ocrx_word' id='word_1_760' title='bbox 3036 4465 3150 4523; x_wconf 74' lang='grc' dir='ltr'>οἷον</span> <span class='ocrx_word' id='word_1_761' title='bbox 3195 4467 3449 4542; x_wconf 73' lang='grc' dir='ltr'><strong>ἔγνωμεν</strong></span> <span class='ocrx_word' id='word_1_762' title='bbox 3491 4473 3604 4543; x_wconf 75' lang='grc' dir='ltr'><strong>ἄρα</strong></span> 
     </span>
    </p>
   </div>
   <div class='ocr_carea' id='block_1_105' title="bbox 1941 4555 3604 4633">
    <p class='ocr_par' dir='ltr' id='par_1_105' title="bbox 1941 4555 3604 4633">
     <span class='ocr_line' id='line_1_105' title="bbox 1941 4555 3604 4633; baseline 0.002 -20"><span class='ocrx_word' id='word_1_763' title='bbox 1941 4557 1988 4613; x_wconf 87' lang='lat' dir='ltr'><strong>D</strong></span> <span class='ocrx_word' id='word_1_764' title='bbox 2020 4561 2282 4629; x_wconf 76' lang='grc' dir='ltr'><strong>γεγονότα</strong></span> <span class='ocrx_word' id='word_1_765' title='bbox 2311 4560 2406 4613; x_wconf 71' lang='grc' dir='ltr'><strong>καὶ</strong></span> <span class='ocrx_word' id='word_1_766' title='bbox 2436 4561 2529 4614; x_wconf 76' lang='grc' dir='ltr'>τὸν</span> <span class='ocrx_word' id='word_1_767' title='bbox 2559 4559 2716 4628; x_wconf 80' lang='grc' dir='ltr'>ἅγιον</span> <span class='ocrx_word' id='word_1_768' title='bbox 2753 4561 3051 4632; x_wconf 75' lang='grc' dir='ltr'><strong>Συμεώνην</strong></span> <span class='ocrx_word' id='word_1_769' title='bbox 3083 4561 3177 4616; x_wconf 67' lang='grc' dir='ltr'><strong>τον</strong></span> <span class='ocrx_word' id='word_1_770' title='bbox 3219 4561 3468 4633; x_wconf 72' lang='grc' dir='ltr'><strong>Εὐλαϐῆ,</strong></span> <span class='ocrx_word' id='word_1_771' title='bbox 3510 4555 3604 4618; x_wconf 70' lang='grc' dir='ltr'><strong>τὸν</strong></span> 
     </span>
    </p>
   </div>
   <div class='ocr_carea' id='block_1_106' title="bbox 2016 4646 3604 4730">
    <p class='ocr_par' dir='ltr' id='par_1_106' title="bbox 2016 4646 3604 4730">
     <span class='ocr_line' id='line_1_106' title="bbox 2016 4646 3604 4730; baseline 0.005 -24"><span class='ocrx_word' id='word_1_772' title='bbox 2016 4655 2076 4706; x_wconf 83' lang='grc' dir='ltr'>ὲν</span> <span class='ocrx_word' id='word_1_773' title='bbox 2106 4655 2171 4723; x_wconf 73' lang='grc' dir='ltr'><strong>τῇ</strong></span> <span class='ocrx_word' id='word_1_774' title='bbox 2226 4656 2362 4725; x_wconf 78' lang='grc' dir='ltr'>μονῇ</span> <span class='ocrx_word' id='word_1_775' title='bbox 2412 4646 2508 4709; x_wconf 74' lang='grc' dir='ltr'>τοῦ</span> <span class='ocrx_word' id='word_1_776' title='bbox 2572 4650 2832 4710; x_wconf 77' lang='grc' dir='ltr'>Στουδίου</span> <span class='ocrx_word' id='word_1_777' title='bbox 2894 4658 3225 4728; x_wconf 68' lang='grc' dir='ltr'><strong>ἀσκήσαντα</strong></span> <span class='ocrx_word' id='word_1_778' title='bbox 3253 4675 3269 4692; x_wconf 78' lang='grc' dir='ltr'><strong>ο</strong></span> <span class='ocrx_word' id='word_1_779' title='bbox 3300 4662 3395 4729; x_wconf 64' lang='grc' dir='ltr'><strong>«τῇ</strong></span> <span class='ocrx_word' id='word_1_780' title='bbox 3432 4660 3604 4730; x_wconf 55' lang='grc' dir='ltr'>πείρᾳ</span> 
     </span>
    </p>
   </div>
   <div class='ocr_carea' id='block_1_107' title="bbox 2017 4740 3607 4824">
    <p class='ocr_par' dir='ltr' id='par_1_107' title="bbox 2017 4740 3607 4824">
     <span class='ocr_line' id='line_1_107' title="bbox 2017 4740 3607 4824; baseline 0.004 -26"><span class='ocrx_word' id='word_1_781' title='bbox 2017 4740 2156 4816; x_wconf 65' lang='grc' dir='ltr'><strong>αὑτῇ</strong></span> <span class='ocrx_word' id='word_1_782' title='bbox 2207 4747 2274 4800; x_wconf 69' lang='grc' dir='ltr'><strong>τὰ</strong></span> <span class='ocrx_word' id='word_1_783' title='bbox 2337 4747 2468 4818; x_wconf 71' lang='grc' dir='ltr'><strong>περὶ</strong></span> <span class='ocrx_word' id='word_1_784' title='bbox 2521 4746 2687 4800; x_wconf 79' lang='grc' dir='ltr'>αὐτοῦ</span> <span class='ocrx_word' id='word_1_785' title='bbox 2731 4746 3147 4818; x_wconf 73' lang='grc' dir='ltr'><strong>βεϐαιωθέντες.</strong></span> <span class='ocrx_word' id='word_1_786' title='bbox 3187 4749 3268 4821; x_wconf 67' lang='grc' dir='ltr'><strong>Τῇ</strong></span> <span class='ocrx_word' id='word_1_787' title='bbox 3314 4749 3424 4824; x_wconf 82' lang='grc' dir='ltr'><strong>γὰρ</strong></span> <span class='ocrx_word' id='word_1_788' title='bbox 3471 4752 3607 4805; x_wconf 79' lang='grc' dir='ltr'><strong>ἀπο-</strong></span> 
     </span>
    </p>
   </div>
   <div class='ocr_carea' id='block_1_108' title="bbox 2017 4837 3607 4916">
    <p class='ocr_par' dir='ltr' id='par_1_108' title="bbox 2017 4837 3607 4916">
     <span class='ocr_line' id='line_1_108' title="bbox 2017 4837 3607 4916; baseline 0.003 -27"><span class='ocrx_word' id='word_1_789' title='bbox 2017 4837 2249 4905; x_wconf 77' lang='grc' dir='ltr'>καλύψει</span> <span class='ocrx_word' id='word_1_790' title='bbox 2272 4837 2369 4890; x_wconf 80' lang='grc' dir='ltr'><strong>τοῦ</strong></span> <span class='ocrx_word' id='word_1_791' title='bbox 2423 4840 2482 4890; x_wconf 84' lang='grc' dir='ltr'>ὲν</span> <span class='ocrx_word' id='word_1_792' title='bbox 2529 4838 2679 4909; x_wconf 76' lang='grc' dir='ltr'><strong>αὖτῷ</strong></span> <span class='ocrx_word' id='word_1_793' title='bbox 2750 4839 3091 4908; x_wconf 69' lang='grc' dir='ltr'><strong>Πνεῦμα-ξος,</strong></span> <span class='ocrx_word' id='word_1_794' title='bbox 3154 4840 3255 4913; x_wconf 78' lang='grc' dir='ltr'><strong>τὴν</strong></span> <span class='ocrx_word' id='word_1_795' title='bbox 3293 4843 3377 4907; x_wconf 76' lang='grc' dir='ltr'>εἰς</span> <span class='ocrx_word' id='word_1_796' title='bbox 3441 4842 3607 4916; x_wconf 50' lang='lat' dir='ltr'><strong>notho</strong></span> 
     </span>
    </p>
   </div>
   <div class='ocr_carea' id='block_1_109' title="bbox 2018 4929 3607 5007">
    <p class='ocr_par' dir='ltr' id='par_1_109' title="bbox 2018 4929 3607 5007">
     <span class='ocr_line' id='line_1_109' title="bbox 2018 4929 3607 5007; baseline 0.004 -24"><span class='ocrx_word' id='word_1_797' title='bbox 2018 4930 2206 4983; x_wconf 79' lang='grc' dir='ltr'>πίστιν</span> <span class='ocrx_word' id='word_1_798' title='bbox 2289 4929 2845 5000; x_wconf 61' lang='grc' dir='ltr'><strong>ἐπισφραγίσαντες,</strong></span> <span class='ocrx_word' id='word_1_799' title='bbox 2919 4931 3331 5005; x_wconf 63' lang='grc' dir='ltr'><strong>ἀναντιρῤήτως</strong></span> <span class='ocrx_word' id='word_1_800' title='bbox 3397 4933 3607 5007; x_wconf 80' lang='grc' dir='ltr'>ταύτην</span> 
     </span>
    </p>
   </div>
   <div class='ocr_carea' id='block_1_110' title="bbox 2018 5014 3606 5098">
    <p class='ocr_par' dir='ltr' id='par_1_110' title="bbox 2018 5014 3606 5098">
     <span class='ocr_line' id='line_1_110' title="bbox 2018 5014 3606 5098; baseline 0.007 -26"><span class='ocrx_word' id='word_1_801' title='bbox 2018 5022 2381 5092; x_wconf 70' lang='grc' dir='ltr'><strong>ςρυλάττομεν.</strong></span> <span class='ocrx_word' id='word_1_802' title='bbox 2454 5023 2674 5076; x_wconf 64' lang='grc' dir='ltr'>Μᾶλλον</span> <span class='ocrx_word' id='word_1_803' title='bbox 2739 5024 2831 5090; x_wconf 81' lang='grc' dir='ltr'><strong>δὲ,</strong></span> <span class='ocrx_word' id='word_1_804' title='bbox 2902 5026 2965 5079; x_wconf 81' lang='grc' dir='ltr'><strong>ὲκ</strong></span> <span class='ocrx_word' id='word_1_805' title='bbox 3017 5014 3113 5081; x_wconf 67' lang='grc' dir='ltr'>τοῦ</span> <span class='ocrx_word' id='word_1_806' title='bbox 3165 5028 3331 5082; x_wconf 64' lang='grc' dir='ltr'><strong>αἱ)ξοῦ</strong></span> <span class='ocrx_word' id='word_1_807' title='bbox 3386 5032 3606 5098; x_wconf 72' lang='grc' dir='ltr'><strong>φωτὸς,</strong></span> 
     </span>
    </p>
   </div>
   <div class='ocr_carea' id='block_1_111' title="bbox 2018 5110 3613 5191">
    <p class='ocr_par' dir='ltr' id='par_1_111' title="bbox 2018 5110 3613 5191">
     <span class='ocr_line' id='line_1_111' title="bbox 2018 5110 3613 5191; baseline 0.006 -26"><span class='ocrx_word' id='word_1_808' title='bbox 2018 5115 2094 5177; x_wconf 81' lang='grc' dir='ltr'>ὡς</span> <span class='ocrx_word' id='word_1_809' title='bbox 2144 5115 2209 5167; x_wconf 76' lang='grc' dir='ltr'><strong>ὲκ</strong></span> <span class='ocrx_word' id='word_1_810' title='bbox 2235 5114 2523 5185; x_wconf 73' lang='grc' dir='ltr'><strong>λαμτὲάδος</strong></span> <span class='ocrx_word' id='word_1_811' title='bbox 2570 5116 2751 5183; x_wconf 59' lang='grc' dir='ltr'>τινος,</span> <span class='ocrx_word' id='word_1_812' title='bbox 2813 5117 2903 5170; x_wconf 72' lang='grc' dir='ltr'>τὸν</span> <span class='ocrx_word' id='word_1_813' title='bbox 2961 5118 3059 5185; x_wconf 80' lang='grc' dir='ltr'><strong>τῆς</strong></span> <span class='ocrx_word' id='word_1_814' title='bbox 3093 5110 3273 5191; x_wconf 70' lang='grc' dir='ltr'>ψυχῆς</span> <span class='ocrx_word' id='word_1_815' title='bbox 3325 5113 3486 5191; x_wconf 78' lang='grc' dir='ltr'>ἡμῶν</span> <span class='ocrx_word' id='word_1_816' title='bbox 3519 5122 3613 5175; x_wconf 66' lang='lat' dir='ltr'><strong>A5-</strong></span> 
     </span>
    </p>
   </div>
   <div class='ocr_carea' id='block_1_112' title="bbox 2018 5206 3609 5287">
    <p class='ocr_par' dir='ltr' id='par_1_112' title="bbox 2018 5206 3609 5287">
     <span class='ocr_line' id='line_1_112' title="bbox 2018 5206 3609 5287; baseline 0.006 -29"><span class='ocrx_word' id='word_1_817' title='bbox 2018 5223 2147 5276; x_wconf 87' lang='grc' dir='ltr'>χνον</span> <span class='ocrx_word' id='word_1_818' title='bbox 2182 5207 2547 5277; x_wconf 79' lang='grc' dir='ltr'><strong>μεταδοτικῶς</strong></span> <span class='ocrx_word' id='word_1_819' title='bbox 2570 5208 2898 5279; x_wconf 53' lang='lat' dir='ltr'><strong>divitirum-eg,</strong></span> <span class='ocrx_word' id='word_1_820' title='bbox 2926 5211 3191 5265; x_wconf 74' lang='grc' dir='ltr'>ἄάὄεάτον</span> <span class='ocrx_word' id='word_1_821' title='bbox 3214 5206 3609 5287; x_wconf 51' lang='lat' dir='ltr'><strong>(iunpo-Spw.</strong></span> 
     </span>
    </p>
   </div>
   <div class='ocr_carea' id='block_1_113' title="bbox 2018 5296 3610 5376">
    <p class='ocr_par' dir='ltr' id='par_1_113' title="bbox 2018 5296 3610 5376">
     <span class='ocr_line' id='line_1_113' title="bbox 2018 5296 3610 5376; baseline 0.005 -27"><span class='ocrx_word' id='word_1_822' title='bbox 2018 5300 2143 5360; x_wconf 79' lang='grc' dir='ltr'><strong>ταῖς</strong></span> <span class='ocrx_word' id='word_1_823' title='bbox 2192 5296 2405 5352; x_wconf 74' lang='grc' dir='ltr'>ἐκείνου</span> <span class='ocrx_word' id='word_1_824' title='bbox 2464 5299 2652 5369; x_wconf 81' lang='grc' dir='ltr'><strong>εὐχαῖς</strong></span> <span class='ocrx_word' id='word_1_825' title='bbox 2683 5300 2777 5352; x_wconf 71' lang='grc' dir='ltr'><strong>καὶ</strong></span> <span class='ocrx_word' id='word_1_826' title='bbox 2803 5301 3129 5368; x_wconf 72' lang='grc' dir='ltr'><strong>πρεσὸεἶὰις</strong></span> <span class='ocrx_word' id='word_1_827' title='bbox 3185 5302 3610 5376; x_wconf 76' lang='grc' dir='ltr'>φρουρούμενοι.</span> 
     </span>
    </p>
   </div>
   <div class='ocr_carea' id='block_1_114' title="bbox 2037 5387 3611 5465">
    <p class='ocr_par' dir='ltr' id='par_1_114' title="bbox 2037 5387 3611 5465">
     <span class='ocr_line' id='line_1_114' title="bbox 2037 5387 3611 5465; baseline 0.004 -26"><span class='ocrx_word' id='word_1_828' title='bbox 2037 5387 2180 5452; x_wconf 76' lang='lat' dir='ltr'><strong>Quid</strong></span> <span class='ocrx_word' id='word_1_829' title='bbox 2210 5397 2285 5442; x_wconf 76' lang='lat' dir='ltr'><strong>est</strong></span> <span class='ocrx_word' id='word_1_830' title='bbox 2324 5388 2548 5458; x_wconf 79' lang='lat' dir='ltr'><strong>formari</strong></span> <span class='ocrx_word' id='word_1_831' title='bbox 2570 5392 2624 5443; x_wconf 85' lang='lat' dir='ltr'><strong>in</strong></span> <span class='ocrx_word' id='word_1_832' title='bbox 2649 5393 2820 5456; x_wconf 78' lang='lat' dir='ltr'><strong>nobis,</strong></span> <span class='ocrx_word' id='word_1_833' title='bbox 2843 5408 2984 5454; x_wconf 82' lang='lat' dir='ltr'><strong>eum.</strong></span> <span class='ocrx_word' id='word_1_834' title='bbox 3013 5397 3199 5465; x_wconf 73' lang='lat' dir='ltr'><strong>quiest</strong></span> <span class='ocrx_word' id='word_1_835' title='bbox 3237 5392 3611 5465; x_wconf 79' lang='lat' dir='ltr'><strong>vere,_0enm;</strong></span> 
     </span>
    </p>
   </div>
   <div class='ocr_carea' id='block_1_115' title="bbox 2023 5461 3609 5554">
    <p class='ocr_par' dir='ltr' id='par_1_115' title="bbox 2023 5461 3609 5554">
     <span class='ocr_line' id='line_1_115' title="bbox 2023 5461 3609 5554; baseline 0.001 -21"><span class='ocrx_word' id='word_1_836' title='bbox 2023 5480 2128 5533; x_wconf 78' lang='lat' dir='ltr'><strong>nisi</strong></span> <span class='ocrx_word' id='word_1_837' title='bbox 2160 5497 2252 5535; x_wconf 81' lang='lat' dir='ltr'><strong>nos</strong></span> <span class='ocrx_word' id='word_1_838' title='bbox 2275 5481 2420 5552; x_wconf 77' lang='lat' dir='ltr'><strong>ipsos</strong></span> <span class='ocrx_word' id='word_1_839' title='bbox 2452 5485 2665 5538; x_wconf 84' lang='lat' dir='ltr'><strong>omnino</strong></span> <span class='ocrx_word' id='word_1_840' title='bbox 2719 5495 3104 5554; x_wconf 69' lang='lat' dir='ltr'><strong>transmittare,</strong></span> <span class='ocrx_word' id='word_1_841' title='bbox 3140 5497 3190 5541; x_wconf 83' lang='lat' dir='ltr'><strong>et</strong></span> <span class='ocrx_word' id='word_1_842' title='bbox 3220 5489 3273 5540; x_wconf 86' lang='lat' dir='ltr'><strong>in</strong></span> <span class='ocrx_word' id='word_1_843' title='bbox 3316 5461 3609 5554; x_wconf 50' lang='lat' dir='ltr'><strong>im’aginem</strong></span> 
     </span>
    </p>
   </div>
   <div class='ocr_carea' id='block_1_116' title="bbox 2021 5573 3606 5653">
    <p class='ocr_par' dir='ltr' id='par_1_116' title="bbox 2021 5573 3606 5653">
     <span class='ocr_line' id='line_1_116' title="bbox 2021 5573 3606 5653; baseline 0.001 -28"><span class='ocrx_word' id='word_1_844' title='bbox 2021 5573 2317 5626; x_wconf 74' lang='lat' dir='ltr'><strong>divinitatis</strong></span> <span class='ocrx_word' id='word_1_845' title='bbox 2347 5579 2459 5628; x_wconf 63' lang='lat' dir='ltr'><strong>aut:</strong></span> <span class='ocrx_word' id='word_1_846' title='bbox 2506 5578 2938 5653; x_wconf 69' lang='lat' dir='ltr'><strong>translormore?</strong></span> <span class='ocrx_word' id='word_1_847' title='bbox 2974 5577 3194 5644; x_wconf 78' lang='lat' dir='ltr'><strong>Qualem</strong></span> <span class='ocrx_word' id='word_1_848' title='bbox 3232 5578 3408 5643; x_wconf 73' lang='lat' dir='ltr'><strong>utique</strong></span> <span class='ocrx_word' id='word_1_849' title='bbox 3436 5577 3606 5629; x_wconf 80' lang='lat' dir='ltr'><strong>etiam</strong></span> 
     </span>
    </p>
   </div>
   <div class='ocr_carea' id='block_1_117' title="bbox 2023 5665 3689 5725">
    <p class='ocr_par' dir='ltr' id='par_1_117' title="bbox 2023 5665 3689 5725">
     <span class='ocr_line' id='line_1_117' title="bbox 2023 5665 3689 5725; baseline 0 -6"><span class='ocrx_word' id='word_1_850' title='bbox 2023 5668 2250 5720; x_wconf 61' lang='lat' dir='ltr'><strong>erexisse</strong></span> <span class='ocrx_word' id='word_1_851' title='bbox 2297 5667 2536 5721; x_wconf 81' lang='lat' dir='ltr'><strong>norimus</strong></span> <span class='ocrx_word' id='word_1_852' title='bbox 2591 5680 2832 5723; x_wconf 83' lang='lat' dir='ltr'><strong>sanctum</strong></span> <span class='ocrx_word' id='word_1_853' title='bbox 2886 5668 3180 5724; x_wconf 81' lang='lat' dir='ltr'><strong>SimeOnem</strong></span> <span class='ocrx_word' id='word_1_854' title='bbox 3217 5665 3606 5725; x_wconf 73' lang='lat' dir='ltr'><strong>Venerabilem.</strong></span> <span class='ocrx_word' id='word_1_855' title='bbox 3684 5668 3689 5669; x_wconf 54' lang='grc'><strong>“</strong></span> 
     </span>
    </p>
   </div>
   <div class='ocr_carea' id='block_1_118' title="bbox 2023 5750 3611 5827">
    <p class='ocr_par' dir='ltr' id='par_1_118' title="bbox 2023 5750 3611 5827">
     <span class='ocr_line' id='line_1_118' title="bbox 2023 5750 3611 5827; baseline 0.001 -17"><span class='ocrx_word' id='word_1_856' title='bbox 2023 5760 2192 5827; x_wconf 82' lang='lat' dir='ltr'><strong>quiin</strong></span> <span class='ocrx_word' id='word_1_857' title='bbox 2224 5761 2543 5812; x_wconf 75' lang='lat' dir='ltr'><strong>monasterio</strong></span> <span class='ocrx_word' id='word_1_858' title='bbox 2581 5758 2760 5814; x_wconf 78' lang='lat' dir='ltr'><strong>Studii</strong></span> <span class='ocrx_word' id='word_1_859' title='bbox 2782 5761 3017 5814; x_wconf 74' lang='lat' dir='ltr'><strong>exercui:</strong></span> <span class='ocrx_word' id='word_1_860' title='bbox 3044 5777 3063 5825; x_wconf 87' lang='lat'><strong>;</strong></span> <span class='ocrx_word' id='word_1_861' title='bbox 3094 5760 3204 5825; x_wconf 70' lang='lat' dir='ltr'><strong>ipso</strong></span> <span class='ocrx_word' id='word_1_862' title='bbox 3245 5759 3499 5826; x_wconf 66' lang='lat' dir='ltr'><strong>periculo,</strong></span> <span class='ocrx_word' id='word_1_863' title='bbox 3531 5750 3611 5811; x_wconf 71' lang='grc' dir='ltr'>νδ</span> 
     </span>
    </p>
   </div>
   <div class='ocr_carea' id='block_1_119' title="bbox 2024 5849 3608 5921">
    <p class='ocr_par' dir='ltr' id='par_1_119' title="bbox 2024 5849 3608 5921">
     <span class='ocr_line' id='line_1_119' title="bbox 2024 5849 3608 5921; baseline 0 -19"><span class='ocrx_word' id='word_1_864' title='bbox 2024 5850 2141 5918; x_wconf 76' lang='lat' dir='ltr'><strong>ejus</strong></span> <span class='ocrx_word' id='word_1_865' title='bbox 2171 5856 2311 5901; x_wconf 78' lang='lat' dir='ltr'><strong>certo</strong></span> <span class='ocrx_word' id='word_1_866' title='bbox 2338 5850 2580 5901; x_wconf 63' lang='lat' dir='ltr'><strong>notitiam</strong></span> <span class='ocrx_word' id='word_1_867' title='bbox 2604 5852 2796 5921; x_wconf 60' lang='lat' dir='ltr'><strong>adepti.</strong></span> <span class='ocrx_word' id='word_1_868' title='bbox 2835 5849 3016 5903; x_wconf 61' lang='lat' dir='ltr'><strong>Dlt&#39;t&#39;ni</strong></span> <span class='ocrx_word' id='word_1_869' title='bbox 3042 5851 3178 5901; x_wconf 73' lang='lat' dir='ltr'><strong>enim</strong></span> <span class='ocrx_word' id='word_1_870' title='bbox 3211 5850 3263 5902; x_wconf 73' lang='lat' dir='ltr'><strong>in</strong></span> <span class='ocrx_word' id='word_1_871' title='bbox 3284 5865 3341 5902; x_wconf 68' lang='lat' dir='ltr'><strong>ro</strong></span> <span class='ocrx_word' id='word_1_872' title='bbox 3374 5849 3608 5908; x_wconf 70' lang='lat' dir='ltr'><strong>Spiritu</strong></span> 
     </span>
    </p>
   </div>
  </div>
