4052 6436
479 325 581 388 271

1755 331 1804 388 Μ
1818 327 2147 389 ANUELIS
2189 335 2274 390 CA
2287 329 2493 391 LEC/E

3595 335 3694 403 9.7?

479 439 811 502 rei-elatione,
871 439 1192 508 obsignatam
1222 439 1274 491 in
1325 455 1440 492 eum
1463 439 1667 506 .ﬁilcm,
1695 439 1826 491 citra
1845 455 2044 490 omnem
2075 440 2123 501 Α
2153 426 2362 495 τρισειιιιέ
2384 442 2787 508 virlere?Cessa,
2821 458 2880 496 ne
2908 451 2955 496 te
3014 444 3276 513 lapidibus
3311 446 3597 506 obruamus.
3623 453 3694 509 Ea:

476 531 858 584 ha'silalionem
899 547 1181 584 servamus.
1214 530 1461 594 Quinimo
1503 545 1568 583 ex
1601 530 1930 595 eadem/uec,
1967 546 2049 582 ve-

477 624 556 674 [ιιι
583 639 644 675 ex
670 624 896 692 quadam
915 623 1372 691 lampade,mentis
1401 632 1589 675 nostra
1611 621 1875 674 lucernam
1905 637 2052 674 com-

481 721 670 774 mercio
689 717 912 784 quodam
941 715 1296 776 accendentes,
1322 713 1434 780 ejus
1456 712 1696 781 precibus
1727 729 1788 765 ac
1812 713 2053 768 interces-

477 818 735 881 sionibus,
770 815 956 866 muniti
996 811 1358 863 incxstinctam
1381 825 1666 862 servamus.

550 908 792 974 Tumque
807 907 872 960 de
893 903 1124 956 tumulis:
1143 901 1461 954 Ἀπιστοῦσι
1493 901 1588 954 καὶ
1609 899 1871 954 ἀδύνατον
1903 896 2043 954 εἶναι

477 1002 702 1060 ἑαυτοὺς
733 997 1004 1060 πείθουσι,
1045 997 1103 1047 τὸ
1129 994 1470 1063 καθαρεῦσαι
1501 993 1790 1061 ἄνθρωπον
1831 992 2051 1057 τελείως

476 1093 584 1146 ἀπὸ
623 1091 832 1153 παθῶν,
859 1089 952 1141 καὶ
976 1089 1097 1140 ὅλον
1135 1086 1411 1148 ούσιωδὼς
1459 1084 1732 1154 ἐν’ὲαυτῴ
1793 1083 2052 1144 δέξασθαι

473 1185 565 1236 τὸν
589 1183 969 1252 Παράκλητον.
999 1179 1098 1232 Διά
1119 1178 1275 1232 τοῦτο
1295 1177 1476 1231 τοίνυν
1508 1177 1598 1228 καὶ
1630 1175 1768 1230 κατά
1791 1175 1890 1243 τῆς
1921 1177 2052 1228 έαυ.

473 1278 583 1329 τῶν
613 1275 888 1344 σωτηρίας
929 1272 1155 1326 λαλοῦσι
1178 1273 1273 1323 καὶ
1307 1271 1629 1340 πράττουσι,
1662 1269 1935 1331 κλείοντες
1962 1268 2050 1337 ἐφ’

474 1371 689 1430 ἑαυτοῖς
717 1367 812 1428 τὰς
846 1365 1018 1427 πύλας
1053 1364 1152 1434 τῆς
1189 1363 1469 1433 βασιλείας
1502 1363 1612 1413 τῶν
1651 1361 1920 1432 οὑρανῶν,
1955 1362 2050 1413 καὶ

477 1466 689 1524 πάντας
719 1461 914 1522 ἄλλους
943 1459 1067 1522 τοὺς
1099 1459 1362 1511 εἰσελθεῖν
1412 1455 1778 1526 βουλομένους
1809 1454 2049 1508 κωλύονο

476 1572 592 1618 τες.
627 1553 692 1605 Εἴ
723 1535 825 1605 που
859 1551 914 1604 δὲ
939 1551 1034 1604 καλ⁸
1064 1549 1338 1603 ἀκούσωσι
1371 1548 1499 1618 περὶ
1559 1547 1748 1616 ἑτέρου
1782 1545 1924 1607 τινὸς
1973 1563 2053 1597 νο-

479 1650 662 1719 μίμως
680 1644 1121 1715 ἀγωνισαμένου,
1148 1642 1548 1713 καθαρεύοντὸς
1595 1658 1653 1693 τε
1679 1640 1788 1693 ἀπὸ
1831 1639 2050 1694 πάντων

475 1737 686 1799 παθῶν,
743 1735 839 1789 καὶ
886 1735 1021 1786 πᾶσι
1089 1733 1154 1785 τὰ
1217 1731 1480 1802 μεγαλεῖα
1535 1730 1897 1800 κηρύττοντος
1955 1726 2049 1780 τοῦ

2159 534 2299 586 vobis
2328 535 2558 602 quidem,
2592 535 2782 598 Amici,
2841 551 2992 590 nemo
3032 553 3271 603 prorsus,
3301 550 3352 592 ut
3376 557 3460 593 eos
3488 543 3649 600 dicitis
3678 562 3694 601 .'

2157 625 2240 679 Ex
2293 625 2400 679 illis
2448 643 2566 680 vero
2627 631 2714 695 qui
2749 643 2954 681 crucem
2993 627 3177 682 tollere
3203 640 3513 695 statuerunt,
3537 645 3580 687 et
3617 653 3693 689 ar.

2155 729 2294 772 ctam
2361 719 2498 772 vium
2561 719 2852 784 antbulare,
2891 729 3049 789 atque
3096 737 3221 775 suas
3256 723 3454 778 animus
3500 741 3694 794 propter

2155 809 2314 861 vitam
2351 797 2620 862 ceteruam'
2650 813 2886 878 perdere,
2908 810 3151 865 viderunt
3179 813 3329 866 multi
3359 815 3511 868 etiam
3533 818 3698 884 prius;

2155 899 2428 970 pluresque
2448 901 2759 962 etiamnum,
2795 902 2872 955 uti
2888 901 3170 968 'arbitror,
3210 905 3404 967 vident,
3427 922 3486 960 ac
3515 909 3700 962 visurus

2155 1001 2231 1045 est
2265 993 2502 1062 quisquis
2521 993 2773 1058 voluerit;
2799 993 3010 1048 tametsi
3040 1010 3126 1049 vos
3168 997 3353 1050 mentis
3387 1001 3702 1064 peruersitate

2154 1084 2432 1153 lirarisque
2462 1085 2671 1137 malitia
2699 1101 2786 1138 eos
2846 1085 3019 1139 videre
3056 1103 3164 1140 non
3193 1085 3395 1141 valetis.
3427 1089 3572 1142 Plura
3600 1088 3703 1157 ejus

2155 1177 2371 1248 generis
2432 1185 2543 1230 toto
2567 1176 2657 1230 illo
2717 1191 2992 1243 sermone,
3025 1192 3145 1247 qua:
3179 1177 3292 1247 ipsa
3326 1179 3440 1249 ejus
3468 1194 3618 1232 causa
3648 1195 3703 1234 ac

2154 1268 2361 1323 crimen
2426 1267 2565 1336 apud
2634 1266 2940 1337 Syncellum
2998 1270 3328 1332 videantur;
3381 1285 3496 1338 qure
3529 1280 3695 1324 tamen

2154 1360 2234 1415 sic
2267 1359 2336 1414 ab
2364 1373 2429 1415 eo
2460 1359 2626 1414 diluta
2652 1371 2843 1415 auctor
2873 1368 2957 1415 est
2978 1359 3222 1428 Sergius,
3251 1370 3309 1415 ut
3343 1375 3487 1416 mera
3515 1361 3703 1416 calum-

2156 1455 2244 1506 nia
2282 1453 2396 1508 visa
2448 1453 2558 1508 sint
2610 1453 2799 1524 synodi
2830 1453 3060 1523 judicio,
3098 1469 3204 1508 uno
3232 1454 3333 1509 hoc
3365 1455 3500 1508 ineo
3538 1468 3704 1522 repre-

2155 1545 2347 1610 henso,
2379 1545 2522 1616 quod
2552 1545 2625 1600 ita
2659 1545 2857 1612 Patris,
2891 1547 3082 1616 sicque
3127 1546 3414 1601 ambitiose
3446 1545 3571 1600 culti
3602 1562 3705 1598 ine—

2153 1638 2379 1690 morinm
2433 1636 2753 1691 celebraret.
2788 1635 2878 1690 Sic
2903 1635 3048 1690 enim
3081 1637 3172 1691 ille
3205 1636 3271 1692 ad
3291 1635 3564 1700 Proceres.
3619 1636 3708 1706 Sy-

2156 1728 2470 1795 meonisque
2493 1726 2808 1796 discipulos.
2860 1725 3000 1794 Ἐγὼ
3056 1727 3175 1794 μὲν,
3235 1725 3585 1793 ἐνδοξότατοι,
3632 1727 3710 1778 οὐ.
3799 1797 3804 1802 _

475 1826 634 1892 Θεοῦ,
667 1827 764 1880 ὃσα
799 1825 1042 1895 δηλονότι
1072 1824 1330 1893 ἐποίησεν
1361 1824 1448 1874 ἐπ’
1477 1821 1624 1891 αύτῴ
1654 1823 1681 1873 ό
1709 1820 1864 1883 Θεὸς,
1907 1820 2047 1872 κατά
2087 1819 2124 1875 Β
2154 1819 2346 1889 δεμίαν
2418 1818 2610 1871 έλαεον
2670 1817 2892 1874 πώποτε
2943 1820 3191 1889 πονηρὰν
3241 1819 3514 1888 ὑπόληψιν
3585 1815 3713 1870 κατά

475 1919 571 1981 τὰς
608 1917 858 1986 ἀψευδεῖς
900 1915 1224 1985 ὑποσχέσεις
1262 1913 1459 1966 αὑτοῦ·
1508 1914 1602 1964 καὶ
1631 1913 1780 1974 ὅπως
1831 1911 1931 1981 μὲν
1968 1911 2053 1962 λέ-

473 2027 662 2078 γοντος
695 2008 828 2079 πρὸς
869 2006 1136 2074 ὠφέλειαν
1193 2004 1302 2057 τῶν
1345 2005 1679 2067 ἀκουόντων,
1736 2001 2053 2070 κατηξιώθη

475 2103 592 2172 φῶς
638 2103 766 2154 ἰδεῖν
794 2099 930 2153 Θεοῦ
967 2100 1058 2152 καὶ
1081 2097 1215 2150 Θεὸν
1248 2098 1306 2149 ἐν
1339 2096 1481 2166 φωτὶ
1538 2095 1698 2165 δόξης
1727 2110 1743 2127 ·
1802 2094 1951 2154 ὅπως
1995 2093 2052 2145 δὲ

476 2191 730 2261 γνωστῶς
763 2191 909 2260 ἔργῳ
948 2192 1005 2242 ἐν
1043 2188 1220 2258 ἑαυτῴ
1279 2187 1377 2256 τὴν
1405 2186 1770 2258 ιέπιφοίτησιν
1807 2183 1930 2237 κατ’
1965 2187 2053 2236 ἐν·

475 2288 697 2352 έργειαν
760 2281 853 2336 τοῦ
906 2281 1059 2349 ἁγίου
1111 2278 1450 2348 Πνεύματος,
1499 2280 1594 2331 καὶ
1625 2277 1758 2345 ἅγια
1797 2278 1854 2330 ἐν
1912 2275 2053 2342 ἁγίῳ

475 2367 753 2442 Πνεύματι
786 2373 1011 2440 γέγονεν
1047 2387 1060 2399 ·
1093 2369 1254 2430 εὐθὺς
1283 2368 1476 2437 ὥσπερ
1526 2367 1686 2429 κύνες
1744 2365 2051 2426 λυσσῶντες

473 2463 908 2518 καθυλακτοῦσιν
939 2459 1126 2520 αὑτοῦ,
1148 2460 1240 2512 καὶ
1271 2458 1600 2523 κατεσθίειν,
1624 2457 1672 2507 εί
1698 2455 1943 2519 δυνατὸν,
1962 2456 2052 2507 τὸν

469 2559 645 2612 ταῦτα
679 2556 911 2622 λέγοντα
957 2552 1270 2604 σπεύδουσι*
1331 2549 1566 2610 Παῦσαι,
1625 2549 1894 2615 λέγοντες,
1949 2564 2050 2600 πε-

471 2650 784 2720 πλανημένε
837 2649 929 2703 καὶ
987 2647 1308 2714 ὑπερῄφανε
1360 2645 1446 2698 σύ.
1493 2645 1589 2706 Τίς
1647 2643 1756 2710 ἄρα
1814 2640 2052 2704 τοιοῦτος

471 2746 598 2816 ἄρτι
629 2745 878 2812 γέγονεν,
913 2739 986 2802 ὡς
1021 2739 1071 2790 οἱ
1098 2737 1254 2806 ἆγιον
1297 2737 1540 2805 Πατέρες
1574 2737 1827 2802 ἐγένοντο
1862 2753 1877 2801 ;
1954 2733 2051 2796 Τίς

471 2839 528 2889 δέ
559 2823 693 2887 Θεὸν
724 2829 948 2900 εἷδεν,ἢ
1003 2830 1131 2881 ίδεῖν
1183 2827 1284 2881 κᾶν
1343 2825 1594 2880 ὁπωσοῦν
1639 2826 1902 2887 δύναται;
1954 2822 2052 2884 Τίς

472 2927 702 2996 Πνεῦμα
744 2924 900 2991 ἅγιον
952 2922 1046 2974 ἐπὶ
1093 2919 1350 2973 τοσοῦτον
1402 2918 1614 2979 ἐλαϐεν,
1665 2917 1739 2976 ὡς
1769 2915 1836 2968 δι’
1883 2913 2048 2968 αὑτοῦ

471 3025 562 3074 τὸν
587 3019 805 3088 Πατέρα
836 3016 929 3070 καὶ
961 3014 1050 3066 τὸν
1086 3013 1213 3066 Υἱὸν
1235 3012 1528 3080 ἀξιωθῆναι
1592 3009 1753 3074 ίδεῖν;
1812 3007 2048 3069 Παῦσαι,

475 3115 638 3183 μήσε
672 3109 839 3172 λίθοις
866 3105 1307 3174 καταλευσθῆναι
1343 3104 1683 3171 ποιήσωμεν.
1748 3101 1837 3166 Ἐξ
1891 3096 2048 3168 ὑμῶν

475 3205 596 3274 μὲι,
637 3196 681 3256 ὦ
714 3193 892 3266 οὗτος,
916 3199 990 3260 ὼς
1016 3196 1168 3250 αὐτοί
1197 3213 1356 3265 φατε,
1402 3195 1578 3257 οὐδεὶς
1626 3192 1877 3262 οὐδαμῶς
1903 3207 1918 3222 ⁸
1984 3194 2050 3244 ἐκ

472 3300 528 3350 δὲ
562 3296 669 3348 τῶν
723 3290 1176 3363 προαιρουμένων
1211 3286 1300 3341 τὸν
1331 3285 1563 3356 σταυρὸν
1616 3281 1744 3352 ἆραι
1806 3285 1898 3358 καὶ
1949 3284 2048 3354 τὴν

473 3387 667 3456 στενὴν
698 3383 918 3436 ὁδεῦσαι
945 3381 1086 3444 ὁδον,
1110 3381 1204 3432 καὶ
1237 3379 1334 3438 τὰς
1368 3375 1578 3430 ἑαυτῶν
1596 3375 1840 3428 ἀπολέσα
1866 3375 2048 3444 ψυχὰς

475 3481 670 3532 ἕνεκεν
693 3476 792 3543 τῆς
818 3473 1036 3526 αἰωνίου
1071 3472 1237 3540 ζωῆς,
1271 3470 1458 3522 πολλοὶ
1499 3471 1597 3538 μὲν
1627 3463 1766 3520 εἶδον
1792 3467 1887 3520 καὶ
1916 3467 2050 3536 πρό-

471 3585 626 3636 τερον
652 3585 666 3598 ο
694 3568 908 3629 πλείους
931 3565 1008 3625 δὲ.
1033 3561 1210 3632 οἶμαι,
1229 3563 1398 3630 ὁρῶσι
1425 3562 1518 3614 καὶ
1541 3560 1656 3626 νῦν,
1673 3561 1768 3612 καὶ
1795 3559 1900 3612 τῶν
1925 3557 2048 3628 βου-

471 3662 712 3728 λομέκων
729 3659 958 3718 ἕκαστος
977 3656 1191 3724 ὄψεται·
1219 3655 1321 3705 πᾶν
1338 3653 1495 3722 ὑμεῖς
1518 3653 1802 3720 σκαιότητι
1820 3649 2046 3719 γνώμης

469 3755 563 3805 καὶ
599 3749 895 3820 βασκανίας
940 3747 1232 3815 φαυλότητι
1258 3744 1482 3805 τούτους
1513 3744 1641 3795 ἰδεῖν
1673 3743 1773 3794 οὐκ
1804 3741 2044 3810 ίσχύετε.

474 3841 593 3893 Non
618 3841 852 3901 credunt,
899 3839 1097 3904 sibique
1134 3836 1451 3902 persuadent
1502 3833 1618 3900 ﬁeri
1656 3848 1758 3886 non
1784 3846 1954 3898 posse,
1989 3841 2046 3884 ut

467 3933 618 3984 homo
642 3929 866 3997 perfecte
890 3945 918 3978 a
950 3925 1254 3978 libidinibus
1284 3934 1438 3992 atque
1466 3923 1606 3977 vitiis
1651 3928 1876 3976 mundus
1894 3924 1982 3986 sit,
1997 3933 2047 3976 et

470 4031 526 4073 ut
565 4031 730 4072 totum
771 4016 1190 4070 substantialiter
1232 4018 1283 4066 in
1337 4031 1390 4066 se
1418 4010 1755 4066 l’aracletum
1793 4014 2041 4082 recipiat.

474 4111 678 4163 Idcirco
699 4113 857 4163 etiam
897 4119 1077 4160 contra
1099 4124 1246 4159 suam
1279 4108 1508 4174 ipsorum
1541 4106 1831 4174 loquuntur
1859 4114 2048 4175 agunt-

469 4219 567 4271 qne
586 4203 832 4265 salutem,
886 4201 1185 4252 claudentes
1255 4215 1412 4268 super
1457 4216 1509 4252 se
1536 4199 1674 4264 ipsos
1737 4200 1874 4268 fores
1902 4198 2047 4267 regni

468 4294 741 4356 ccelorurn,
799 4303 1111 4361 cunctosque
1160 4292 1410 4360 reliquos,
1472 4291 1562 4359 qui
1619 4291 1774 4362 velint
1825 4292 2045 4355 intrare,

469 4386 817 4454 prohibentes.
853 4381 1148 4460 Siunutem
1183 4386 1336 4436 etiam
1361 4381 1426 4436 de
1464 4384 1571 4436 alio
1596 4382 1824 4451 quodam
1863 4381 2047 4433 audie-

2155 1911 2249 1963 τοῦ
2283 1910 2449 1980 κυροῦ
2480 1909 2704 1978 Συμεών
2741 1925 2756 1942 ο
2789 1910 2925 1964 ἀλλὰ
2961 1911 3056 1962 καὶ
3111 1911 3382 1978 ἀναγνοὺς
3449 1909 3712 1980 καταρχὰς

2155 2001 2222 2050 τὰ
2245 2000 2325 2061 εἰς
2357 1998 2448 2051 τὸν
2487 1999 2709 2069 Πατέρα
2734 1997 2927 2052 τούτου
2987 1999 3084 2052 ὑπ’
3122 2000 3290 2054 αὑτοῦ
3346 1999 3712 2070 γεγραμμένα,

2154 2090 2328 2160 ἥσθην
2363 2089 2453 2146 ἐπ’
2485 2091 2690 2153 αὑτοῖς,
2719 2091 2809 2143 τὸν
2840 2089 3052 2143 ἐκείνου
3077 2089 3202 2160 βίον.
3232 2091 3412 2156 εἰδὼς,
3456 2092 3548 2145 καὶ
3593 2088 3715 2158 ψάλ-

2153 2181 2270 2234 λειν
2304 2181 2582 2252 ἐπέτρεψα
2634 2182 2722 2233 ἐπ’
2763 2180 3032 2250 ἐκκλησίᾳ
3081 2181 3246 2244 αὑτὰ,
3297 2179 3715 2252 ὑπερεπαινέσας

2155 2274 2251 2345 τὴν
2282 2275 2465 2327 πίστιν
2489 2273 2678 2328 αὑτοῦ.
2717 2273 2861 2326 Ἀλλ’
2887 2275 2989 2327 οὑκ
3023 2269 3118 2327 οἷδ’
3151 2273 3302 2340 ὅθεν,
3331 2275 3428 2328 καὶ
3458 2275 3542 2335 τίς
3567 2273 3716 2341 γέγο-

2155 2383 2247 2420 νεν
2279 2365 2599 2435 ἀναμεταξὺ
2631 2365 2841 2420 ἐκείνου
2883 2366 2978 2419 καὶ
3010 2366 3106 2419 τοῦ
3138 2369 3439 2434 συγκέλλου
3469 2366 3714 2432 διαφορά,

2153 2459 2248 2510 καὶ
2287 2456 2486 2525 μυρίας
2512 2457 2634 2508 κατ’
2668 2457 2834 2510 αὑτοῦ
2884 2457 2985 2511 καὶ
3033 2457 3125 2512 τοῦ
3166 2460 3382 2528 Πατρδς
3425 2455 3584 2510 αὑτοῦ
3629 2453 3717 2514 τὰς

2153 2548 2491 2615 κατηγορίας
2523 2546 2832 2617 ἐξήγειρεν,
2867 2548 3023 2602 οὐδὲν
3048 2548 3213 2601 πλέον
3241 2549 3468 2618 ἐχούσα;
3501 2548 3532 2616 ἦ
3566 2547 3716 2616 μόνον

2152 2638 2427 2700 διαϐολάς.
2465 2640 2530 2690 Ἃ
2562 2639 2617 2690 δὲ
2643 2639 2881 2694 πέπονθε
2918 2641 3049 2710 παρ’
3117 2641 3303 2712 ἡμῶν,
3339 2643 3438 2711 οὑχ
3493 2639 3565 2703 ὡς
3622 2652 3717 2690 πα·

2157 2731 2450 2799 ρασφαλεὶς
2480 2731 2536 2783 ἐν
2564 2733 2674 2795 τοῖς
2713 2732 2814 2803 τῆς
2850 2734 3178 2802 Ἐκκλησίας
3225 2734 3489 2804 δόγμασι,
3533 2730 3600 2786 δι’
3651 2721 3720 2784 ὧν

2155 2824 2188 2892 ἠ
2229 2822 2364 2894 ὀρθὴ
2400 2826 2494 2878 καὶ
2521 2823 2824 2893 ἀμώμητος
2855 2827 3042 2889 πίστις
3072 2825 3394 2897 ὠχύρωται,
3445 2821 3721 2886 πέπονθεν,

2151 2915 2268 2967 ἀλλ’
2293 2916 2480 2984 ἐπειδὴ
2511 2917 2718 2980 ἐκεῖνος
2755 2917 2856 2987 μὲν
2900 2917 2995 2972 τοῦ
3033 2917 3165 2971 ίδίου
3213 2919 3570 2988 ἀμεταθέτως
3617 2910 3721 2982 εἶχε

2153 3003 2384 3071 σκοποῦ,
2415 3007 2510 3060 καὶ
2547 3007 2724 3078 τιμῶν
2750 3008 2842 3062 τὸν
2881 3010 3122 3079 Πατέρα,
3171 3009 3267 3064 τοῦ
3313 3009 3580 3080 λαμπρῶς
3612 3007 3724 3075 iop-

2149 3095 2337 3161 τάξειν
2363 3097 2464 3150 οὑκ
2498 3097 2736 3151 ἐπαύετο
2763 3113 2777 3128 ο
2811 3081 2861 3150 οἱ
2890 3102 3189 3169 κατήγοροι
3215 3099 3271 3152 δὲ
3308 3099 3478 3154 αὑτοῦ
3509 3095 3725 3165 ἐταράσ·

2152 3205 2327 3256 σοντο,
2359 3190 2454 3243 καὶ
2484 3189 2553 3242 δι’
2584 3189 2746 3260 ὄχλου
2787 3189 3140 3260 καθεκάστην
3175 3192 3317 3263 ἡμῖν
3346 3192 3608 3260 ἐγίνοντο.
3632 3185 3724 3239 Διά

2149 3282 2307 3335 τοῦτο
2339 3281 2436 3352 τῆς
2459 3281 2628 3351 μονῆς
2649 3280 2816 3334 αὑτοῦ
2844 3282 2940 3334 καὶ
2968 3281 3071 3351 τῆς
3111 3282 3330 3346 πόλεως
3381 3283 3542 3336 αὑτὸν
3596 3293 3726 3347 mp-

2150 3373 2403 3442 εκίνησα.
2425 3373 2540 3425 Νῦν
2567 3372 2646 3438 δὲ,
2670 3375 2718 3426 εί
2745 3373 3022 3443 βούλεται,
3051 3375 3145 3428 καὶ
3175 3375 3287 3437 τοῖς
3316 3377 3472 3445 ἐμοῖς
3497 3371 3625 3436 sliat
3651 3367 3730 3421 λό-

2149 3479 2288 3529 γοις,
2307 3464 2496 3534 κύριος
2515 3459 2675 3528 αὖθις
2693 3467 2788 3520 καὶ
2814 3469 2914 3535 τῆς
2940 3467 3079 3530 ιδίας
3099 3468 3268 3535 μονῆς
3291 3469 3608 3538 γενήσεται,
3637 3462 3728 3516 καὶ

2149 3553 2411 3623 ἀρχιερέα
2435 3555 2623 3609 τοῦτον
2659 3558 2718 3609 ἐν
2754 3557 2856 3628 μιᾷ
2902 3556 3011 3610 τῶν
3049 3557 3273 3627 ὑψηλῶν
3317 3557 3724 3629 μητροπόλεωνι

2153 3647 2580 3718 συνευδοκούσης
2599 3650 2779 3719 πάσης
2793 3649 2893 3719 τῆς
2918 3650 3069 3719 ἱερᾶς
3089 3651 3332 3717 συνόδου,
3350 3651 3721 3724 χειροτονήσωι

2151 3738 2327 3791 καὶτὰ
2370 3738 2556 3802 κακῶς
2577 3739 2916 3820 ἐκϐεβηκότα
2963 3742 3310 3810 διορθώσεως
3347 3745 3598 3812 τεύξεται
3633 3741 3725 3810 τῆς

2150 3830 2558 3902 προσηκούσης.
2599 3830 2711 3902 Ego
2755 3849 2904 3900 sane,
2925 3835 3024 3889 viri
3055 3835 3257 3906 inclyti,
3282 3837 3487 3894 nullam
3508 3847 3726 3905 unquam

2152 3922 2349 3975 malam
2369 3925 2721 3991 suspicionem
2745 3926 2996 3980 adversus
3026 3927 3278 3981 damnum
3304 3929 3612 3999 Symeonem
3638 3924 3729 3979 adv

2151 4013 2308 4066 misi:
2342 4015 2432 4067 sed
2469 4024 2518 4068 et
2546 4014 2692 4069 lectis
2727 4016 2881 4070 initio
2909 4033 3029 4087 quae
3051 4018 3123 4072 ab.
3143 4019 3233 4073 illo
3262 4023 3316 4075 in
3349 4020 3564 4075 Patrem
3583 4033 3725 4072 suum

2150 4107 2410 4173 conscipta
2427 4117 2597 4173 erant,
2621 4108 2728 4161 illis
2761 4110 2982 4179 gavisus
2999 4095 3136 4174 sum,
3163 4113 3254 4179 qui
3292 4115 3444 4169 illius
3471 4115 3729 4168 vitantes:-

2147 4197 2410 4262 ploratam
2428 4198 2693 4264 haberem,
2719 4201 2834 4270 ejus
2852 4202 3013 4272 [idem
3044 4219 3205 4272 supra
3229 4205 3450 4259 modum
3483 4205 3727 4258 laudans.

2165 4284 2352 4341 Verum
2371 4290 2524 4356 unde,
2554 4295 2748 4356 nescio,
2764 4310 2942 4363 quiue
2960 4295 3097 4348 inter
3109 4311 3230 4348 eum
3243 4296 3601 4366 acsyncellum
3615 4301 3728 4346 orta

2151 4381 2834 4454 discordia,innumeraque
2856 4386 3106 4440 adversus
3141 4403 3258 4441 eum
3299 4391 3518 4460 ejusque
3538 4396 3729 4458 patrem

385 4550 390 4555 η
469 4480 597 4543 rint,
622 4478 849 4548 legitime
878 4492 995 4530 eum
1020 4485 1264 4542 certasse,
1295 4476 1650 4545 mundumque
1680 4473 2048 4545 a'perturbatis
2087 4484 2126 4538 [)
2151 4472 2324 4524 excita
2350 4475 2748 4528 accusationum
2787 4477 2988 4545 capita,
3027 4478 3160 4530 nihil
3217 4489 3416 4547 prater
3444 4495 3616 4533 meras
3637 4492 3733 4531 ca-

470 4569 709 4623 omnibus
759 4567 1036 4636 amictibus
1091 4583 1222 4634 esse,
1274 4583 1336 4619 ac
1373 4565 1469 4619 Dei
1489 4565 1755 4619 mirabilia
1809 4565 2090 4619 omnibus

469 4661 790 4728 prmdicare;
841 4674 1160 4730 qucecunque
1217 4658 1467 4711 nimirum
1499 4657 1633 4710 Deus
1694 4658 1747 4710 in
1798 4656 1888 4710 illo
1928 4656 2050 4726 fecit

463 4737 620 4822 juxta
658 4755 950 4806 verissimus
968 4752 1338 4820 promissioues
1363 4765 1531 4812 suas;
1568 4751 1944 4819 dicentemque,
1982 4761 2036 4803 ut

470 4846 596 4897 muti
625 4860 770 4897 orum
811 4845 969 4897 saluti
1003 4843 1263 4904 consulat,
1299 4843 1393 4894 hoc
1421 4858 1472 4895 se
1503 4852 1831 4896 consecutum
1864 4858 1972 4894 esse
1990 4851 2049 4894 ut

472 4938 569 4990 Dei
607 4936 782 4989 lumen
829 4936 1047 5001 videret,
1085 4917 1352 5004 Deumque
1407 4937 1461 4987 in
1512 4935 1773 4988 claritatis
1809 4951 1901 4988 seu
1930 4950 2045 4985 nta-

459 5030 669 5096 jestatis
717 5027 935 5091 lumine,
980 5039 1133 5096 utque
1157 5029 1286 5080 adeo
1340 5028 1604 5096 sapienter
1648 5035 1772 5079 actu
1814 5024 2046 5092 Spiritus

466 5122 633 5174 sancti
660 5122 786 5173 inse
814 5121 1089 5172 adventum
1119 5118 1401 5170 secundum
1429 5117 1803 5184 operationem,
1833 5125 2048 5168 sancta—

466 5209 635 5275 queiu
663 5220 840 5263 sancto
882 5209 1086 5276 Spiritu
1119 5209 1263 5275 facta
1310 5209 1664 5273 conspiceret;
1692 5208 1865 5260 statim
1908 5207 2042 5260 velut

467 5321 620 5356 canes
683 5303 853 5354 rabidi
897 5301 1145 5352 adversus
1199 5316 1316 5352 eum
1354 5301 1638 5359 oblatrant,
1689 5299 2046 5366 festinantque

469 5405 521 5444 ut
561 5394 650 5464 qui
688 5393 798 5445 ha'c
835 5390 1091 5458 loquitur,
1136 5392 1178 5441 si
1230 5390 1344 5456 ﬁeri
1382 5400 1568 5457 potest,
1596 5391 1861 5441 devorent.
1889 5389 2046 5442 Cessa

468 5473 640 5545 aiunt,
660 5484 866 5535 seducte
899 5495 954 5532 tu
987 5497 1046 5531 ac
1071 5480 1306 5549 superbe.
1332 5481 1459 5544 Quis
1485 5483 1636 5533 modo
1669 5482 1815 5543 talis,
1843 5498 1904 5533 ac
1926 5495 2045 5534 san-

467 5576 536 5624 cti
582 5573 764 5624 Patres
806 5571 1090 5624 exstitere?
1125 5563 1254 5636 Quis
1300 5588 1415 5623 vero
1449 5570 1612 5624 Deum
1649 5573 1796 5636 vidit,
1832 5586 1920 5626 aut
1968 5577 2044 5628 vel

466 5663 742 5716 minimum
776 5663 944 5713 videre
973 5672 1136 5726 poteSt
1173 5665 1195 5717 ?
1235 5665 1364 5728 Quis
1423 5674 1571 5717 tanta
1601 5669 1750 5734 copia
1785 5664 2043 5733 Spiritum

469 5764 705 5806 sanctum
735 5753 954 5822 accepit,
996 5765 1047 5806 ut
1084 5771 1172 5820 per
1199 5773 1336 5821 eum,
1371 5757 1577 5809 Patrem
1611 5749 1912 5828 Filiumque
1939 5777 2044 5813 me-

2157 4565 2386 4618 lumnias
2415 4566 2682 4621 habentia.
2710 4568 2842 4632 Quae
2861 4585 2979 4623 vero
3001 4588 3032 4622 a
3054 4571 3201 4624 nobis
3218 4574 3298 4626 illi
3311 4575 3486 4628 multa
3505 4575 3732 4639 irrogata

2153 4666 2252 4719 est,
2277 4673 2378 4710 non
2411 4672 2469 4710 eo
2496 4659 2730 4728 irrogata
2757 4669 2832 4714 est
2851 4670 3103 4730 tanquam
3136 4664 3189 4715 in
3211 4664 3582 4719 ecclesiasticis
3615 4663 3732 4730 dog-

2156 4747 2335 4809 matis,
2374 4745 2562 4814 quibus
2613 4761 2755 4803 recta
2789 4766 2850 4803 ac
2867 4752 3136 4819 inculpata
3169 4753 3298 4819 ﬁdes
3323 4766 3440 4808 tota
3474 4751 3730 4812 consistit,

2154 4840 2407 4890 erraverit
2428 4854 2447 4901 ;
2480 4840 2570 4894 sed
2619 4843 2757 4909 quod
2791 4843 2848 4895 in
2879 4859 2976 4896 suo
3012 4844 3099 4898 ille
3147 4849 3421 4914 proposito
3457 4841 3731 4901 immobilis

2153 4932 2475 4998 persisteret,
2538 4931 2821 5003 Patrisque
2861 4935 3077 5001 honore,
3131 4939 3242 4992 dies
3263 4940 3431 5007 festos
3499 4934 3732 5007 agitandi

2154 5023 2430 5089 s;.lendido
2457 5025 2603 5078 cultu
2644 5042 2707 5079 ac
2738 5028 3041 5096 magniﬁco,
3068 5028 3273 5084 nullum
3304 5030 3470 5097 linem
3501 5030 3730 5100 faceret;

2153 5128 2313 5180 eaque
2351 5130 2404 5168 re
2431 5116 2771 5170 turbarentur
2803 5118 2947 5172 illius
2988 5129 3352 5186 accusatores,
3387 5137 3451 5174 ac
3499 5117 3730 5190 quotidie

2154 5208 2358 5260 molesti
2387 5210 2531 5261 nobis
2567 5212 2930 5264 obtunderem.
2984 5215 3112 5266 Haec
3141 5229 3305 5266 causa
3340 5222 3446 5279 est,
3486 5227 3585 5266 cur
3640 5219 3730 5262 suo

2155 5301 2305 5353 illum
2335 5304 2654 5356 monasterio
2696 5319 2758 5356 ac
2789 5305 3008 5358 civitate
3045 5307 3317 5359 utoverim.
3350 5305 3514 5359 Nunc
3541 5316 3658 5358 vero
3690 5299 3734 5352 si

2153 5392 2298 5456 velit,
2359 5394 2586 5461 meisque
2634 5395 2961 5450 sermonibus
2998 5399 3342 5467 acquieverit,
3400 5407 3515 5450 tum
3553 5406 3731 5449 rursus

2153 5487 2457 5540 monasterii
2475 5487 2560 5540 sui
2588 5487 2785 5539 arbiter
2813 5489 2932 5554 erit,
2953 5500 3063 5543 tum
3091 5493 3329 5544 universa
3360 5488 3734 5558 comprobante

2153 5592 2308 5629 sacra
2340 5579 2564 5646 synodo,
2599 5579 2654 5630 in
2694 5595 2800 5632 una
2831 5579 3090 5633 celsarum
3121 5581 3488 5650 metropoleon
3531 5579 3731 5646 episco-

2151 5684 2300 5734 pusa
2346 5671 2493 5722 nobis
2530 5671 2902 5736 ordinabitur;
2942 5682 2991 5725 et
3038 5689 3156 5743 qua:
3205 5672 3352 5728 mula
3413 5672 3733 5742 obtigerunt,

2151 5759 2514 5814 convenienter
2543 5763 2984 5816 eniemlnbuntur.
3024 5763 3294 5820 Notubant
3341 5761 3615 5833 superbia:
3641 5770 3728 5827 po-
