4052 6430
370 444 484 508 273

1129 450 1227 512 DE
1268 451 1648 514 ESSENTIA
1683 451 1782 513 ET
1812 451 2330 514 OPERATIONE.
2363 476 2433 488 -
2475 453 2896 515 PRAEFATIO.

3536 454 3644 519 2H

368 560 504 624 tius,
537 574 698 631 quam
748 574 977 640 prorsus
1012 576 1279 632 perversae
1307 561 1595 632 doctrinas,
1628 567 1831 637 quippe
1860 567 1948 638 qui

2063 568 2239 636 μάννα
2276 568 2373 622 τοῦ
2398 569 2591 640 νοητοῦ
2632 584 2645 598 ’
2672 571 2892 623 πάντων
2914 567 3023 622 τῶν
3053 567 3276 638 ἀγαθῶν
3323 569 3551 625 ἐκείνων
3586 573 3644 625 έν

372 651 605 722 iactaret
635 654 774 722 ipse,
797 654 939 723 quod
963 655 1205 725 antiquis
1233 658 1439 713 sanctis
1469 673 1580 728 prae
1608 672 1819 713 summa
1857 674 1958 729 pu-

380 744 545 799 ritate
575 758 682 799 non
714 745 1103 802 inllciabant'ur
1128 763 1451 805 concessum
1479 764 1626 818 esse,
1659 758 1723 806 ut
1749 751 1959 807 scilicet

375 835 575 891 divinis
607 838 910 906 potirentur
929 838 1227 897 visionibus
1253 859 1269 909 ;
1298 858 1397 912 pro
1418 859 1484 900 eo
1516 852 1696 899 tamen
1755 859 1822 900 ac
1852 845 1957 899 hu-

378 943 536 983 mana
605 929 710 985 fert
761 931 1025 998 conditio,
1090 922 1196 988 non
1230 930 1683 991 Messalianornm
1743 949 1954 1002 errore,

377 1031 431 1074 ut
457 1022 525 1076 ad
586 1022 795 1078 libitum
852 1024 968 1095 ipsa
1008 1025 1091 1082 eis
1126 1028 1425 1098 conspicua
1474 1027 1629 1083 lieret
1656 1028 1838 1084 divina
1868 1044 1959 1085 es-

376 1117 571 1182 sentia,
612 1117 694 1172 vel
727 1118 841 1187 ipsa
870 1117 1092 1173 claritas
1112 1120 1193 1176 eis
1214 1120 1353 1189 visa,
1392 1120 1631 1176 increata
1659 1119 1755 1175 Dei
1780 1120 1967 1191 gloria

364 1218 538 1272 esset,
571 1224 675 1263 non
712 1205 800 1264 Dei
835 1210 888 1264 in
915 1210 995 1266 eis
1031 1210 1258 1268 ell‘ectus
1287 1221 1341 1269 et
1367 1213 1672 1269 immutatio
1693 1228 1757 1269 ac
1780 1223 1957 1270 trans-

378 1300 648 1368 l'srtnutio,
714 1302 789 1356 ttli
815 1302 930 1373 ipse
957 1304 1163 1385 relatus
1215 1303 1629 1377 Symeon'satis
1657 1308 1948 1376 expressit.

449 1393 598 1458 Quod
623 1394 721 1457 ait,
755 1395 878 1449 ὅλον
922 1396 1198 1461 οὖσιωδῶς
1229 1399 1289 1450 ὲν
1324 1399 1538 1462 ἑαυτοῖς
1565 1398 1952 1471 δέξασθαιξτδν

378 1484 758 1557 Παράκλητον,
790 1488 1006 1544 Clarius
1030 1486 1208 1544 Serm.
1254 1490 1390 1563 Περὶ
1421 1490 1530 1547 τῶν
1586 1490 1951 1548 δουλευόντων

372 1574 520 1655 θεῷ,
543 1575 689 1638 τινες
719 1573 949 1650 ἃνηεῖεν,
981 1581 1273 1651 expressit.
1329 1582 1545 1654 Ὠσπερ
1591 1585 1952 1655 ἑκκαιόμενος

376 1650 657 1734 κλίϐανος,
698 1668 839 1721 ὲπάν
878 1650 1126 1741 σφοδρῶς
1168 1672 1368 1744 ἐκκαῇ,
1425 1650 1562 1738 ὅλως
1603 1650 1830 1747 διαυγής
1869 1650 1954 1744 yi-

372 1774 527 1812 νεται
560 1760 653 1813 καὶ
680 1759 774 1814 τοῦ
800 1761 971 1831 πυρὸς
1005 1763 1196 1833 ὅμοιος
1229 1781 1245 1799 ο
1293 1765 1436 1820 οὕτω
1472 1765 1538 1838 δὴ
1597 1770 1693 1821 καὶ
1747 1769 1780 1840 ἠ
1848 1767 1951 1840 τῆς

368 1848 550 1919 ψυχῆς
576 1852 757 1915 οὐσία,
781 1852 924 1929 έπάἱν
951 1854 1087 1924 μόνη
1118 1857 1291 1926 χωρὶς
1327 1858 1535 1921 πάθους
1589 1860 1943 1932 ὲναπομείνῃ,

2058 659 2360 714 ἀπολαύσει
2387 660 2619 730 γίνεται,
2655 662 2734 725 είς
2768 660 2803 715 ἀ
2830 661 2951 715 οὐδὲ
2973 661 3084 714 τῶν
3106 662 3359 731 ἀγγέλων
3388 663 3446 716 αἱ
3473 665 3647 723 Δυνά-

2064 763 2187 814 μεις
2219 747 2392 811 ἀδεῶς
2416 749 2722 803 ἐνατενίσαι
2750 749 3044 819 τολμῶσιν.
3073 750 3262 814 Οὕτως
3297 750 3461 822 ἔχων,
3507 770 3648 821 πυρ-

2060 838 2216 892 οῦται
2251 839 2330 911 τῷ
2364 840 2667 910 Πνεύματι,
2697 843 2789 895 καὶ
2816 843 2918 913 ὁρᾷ
2942 845 3002 897 τὸ
3031 844 3129 913 τῆς
3163 844 3415 908 θεώσεως
3475 846 3645 900 αὑτοῦ

2058 930 2310 986 ἐντεῦθεν
2363 934 2683 1003 μυστήριον.
2744 933 2862 1005 Πῦρ
2899 935 3037 1000 ὅλως
3086 936 3298 1004 γίνεται
3362 939 3428 1008 τῇ
3472 939 3644 1008 ψυχῇ,

2060 1023 2376 1092 μεταδιδοὺς
2402 1025 2497 1079 καὶ
2524 1025 2601 1093 τῷ
2625 1026 2839 1096 σώματι
2857 1030 2956 1096 τῆς
2980 1029 3190 1093 οἰκείας
3220 1031 3607 1101 λαμπρότητος
3628 1048 3642 1063 °

2055 1114 2215 1185 δίκην
2245 1116 2341 1170 τοῦ
2370 1118 2650 1187 ὁρωμένου
2684 1118 2882 1185 πυρὸς,
2921 1121 3021 1190 τῆς
3052 1122 3260 1186 οἰκείας
3313 1122 3393 1192 τῷ
3441 1123 3646 1194 σιδήρῳ

2059 1206 2279 1275 φύσεως
2314 1208 2714 1278 μεταδιδόντος.
2756 1211 2865 1264 Καὶ
2893 1211 3105 1281 γίνεται
3151 1216 3185 1285 ἡ
3213 1214 3360 1286 ψυχὴ
3414 1213 3491 1283 τῷ
3541 1214 3647 1267 σώ-
3712 1268 3717 1269 ,

2030 1314 2214 1367 .ματι,
2253 1299 2389 1371 ὅπερ
2414 1300 2606 1369 γέγονε
2631 1303 2697 1372 τῇ
2730 1300 2878 1374 ψυχῇ
2911 1305 2937 1355 ὁ
2976 1303 3132 1370 Θεὸς,
3180 1304 3327 1358 καθά
3382 1322 3552 1373 φησιν
3614 1306 3642 1373 ἡ

2055 1387 2321 1458 Θεολόγος
2358 1390 2534 1463 φωνή.
2561 1390 2698 1446 Οὔτε
2753 1396 2862 1465 γὰρ
2914 1393 3062 1465 ψυχὴ
3122 1392 3221 1467 ζῇν
3270 1388 3517 1462 δύναται,
3568 1397 3644 1466 μὴ

2057 1481 2411 1553 φωτιζομένη
2435 1484 2587 1555 παρά
2615 1484 2708 1538 τοῦ
2732 1486 3042 1551 κτίσαντος,
3066 1484 3192 1540 οὔτε
3220 1484 3403 1558 σῶμα,
3433 1488 3510 1558 μὴ
3539 1504 3644 1540 παι

2056 1575 2127 1647 ρὰ
2164 1574 2265 1646 τῆς
2306 1574 2485 1648 ψυχῆς
2529 1577 2964 1649 δυναμούμενον.
3008 1579 3210 1632 Σκόπει
3254 1579 3498 1650 ἀκριϐῶς
3536 1579 3645 1632 τῶν

2053 1663 2367 1735 λεγομένων
2404 1665 2504 1737 τὴν
2533 1667 2789 1740 δύναμιν.
2833 1670 3024 1740 Σῶμα,
3059 1671 3205 1740 ψυχὴ
3252 1671 3343 1723 καὶ
3375 1670 3502 1733 Θεός
3533 1687 3546 1700 ο
3571 1672 3644 1725 τὰ

2050 1758 2183 1829 τρία
2210 1758 2411 1814 ταῦτα.
2435 1759 2571 1823 Θεὸς
2598 1761 2861 1833 ἄναρχος,
2895 1762 3278 1833 ἀτελεύτητος,
3323 1762 3640 1834 ἀπρόσιτος,

2053 1848 2479 1921 ἀνεξιχνίαστος,
2524 1853 2777 1925 ἀόρατος,
2835 1844 3100 1927 ἄρρητός,
3146 1855 3383 1925 ἀναφὴς,
3433 1854 3646 1923 ἀψηλά-

270 1996 277 2009 η
368 1918 494 1993 τότε
510 1918 799 2008 θούσιωδῶς
831 1920 927 1997 κᾶι
951 1918 1094 2017 αὐτῂ
1114 1918 1331 2002 έτνοῦται
1362 1947 1423 2002 τὸ
1463 1918 1609 2003 θεῖον
1636 1951 1730 2004 καὶ
1765 1918 1946 2007 ίάῡλὸζ
1979 1918 2022 1977 Β
2051 1918 2242 2012 φητοξ.
2265 1918 2506 2014 ἀπαθῆξ,
2538 1918 3077 2018 dimisimus-ﬁs
3104 1946 3349 2018 ἐσχάτων
3375 1945 3485 2000 τῶν
3505 1948 3644 2015 ἡμε’

369 2030 506 2101 πῦρ,
540 2034 636 2086 καὶ
656 2033 819 2097 εὐθὺς
845 2035 1147 2090 ἀνάπτεται
1177 2038 1272 2091 καὶ
1303 2037 1587 2108 διαυγάζει
1633 2056 1647 2071 ·
1700 2041 1815 2095 ua‘l’
1853 2060 1949 2113 με-

348 2114 730 2193 ταλαμϐάνει,
761 2125 952 2199 ὥσπερ
981 2130 1009 2181 ὁ
1032 2127 1291 2193 κλίϐανος
1309 2131 1405 2184 τοῦ
1444 2132 1708 2204 αἰσθητοῦ
1755 2133 1947 2189 τούτου

371 2217 589 2288 πυρὸς,
624 2215 767 2273 οὕτω
815 2221 910 2273 καὶ
952 2220 1013 2274 τὸ
1046 2220 1208 2292 σῶμα
1253 2222 1347 2277 τοῦ
1381 2222 1528 2278 θείου
1564 2226 1660 2285 καὶ
1700 2225 1946 2298 ἀρρήτου

368 2310 570 2378 φωτὸς,
597 2311 694 2365 καὶ
720 2311 855 2365 αὐτὸ
886 2310 997 2382 πῦρ
1045 2315 1189 2369 κατά
1222 2314 1444 2386 μέθεξιν
1496 2314 1731 2386 γίνεται.
1791 2316 1946 2373 Velut

368 2414 586 2455 accensa
616 2403 826 2470 fornax,
853 2421 971 2458 cum
997 2405 1149 2463 valde
1200 2424 1423 2464 accensa
1490 2410 1673 2478 fuerit,
1731 2425 1949 2479 prorsus

373 2486 544 2539 lucida
571 2487 806 2555 ignisque
861 2488 1051 2543 similis
1114 2492 1331 2557 evadit;
1383 2493 1461 2547 sic
1492 2494 1744 2548 nimirunt
1785 2496 1950 2549 etiam

379 2577 534 2627 animi
552 2579 778 2631 essentia
807 2618 821 2639 ,
850 2578 939 2632 ubi
962 2580 1077 2634 sola
1108 2583 1302 2654 alisque
1331 2584 1613 2653 affectibus
1673 2586 1949 2642 vitiorum-

380 2684 474 2734 que
493 2685 670 2739 expers
696 2674 1030 2741 remanserit,
1047 2650 1179 2728 tun,
1201 2676 1286 2731 illi
1302 2693 1509 2747 quoque
1531 2678 1744 2734 divinus
1768 2688 1950 2734 extra-

371 2772 474 2828 que
503 2778 698 2817 onmem
755 2767 1037 2821 materiam
1104 2769 1241 2838 ignis
1325 2771 1681 2849 essentialiter
1739 2773 1947 2838 unitur,

367 2855 643 2923 s'atimqne
675 2858 979 2912 accenditur
1019 2869 1066 2913 et
1101 2860 1311 2917 lucescit
1348 2878 1367 2927 ;
1417 2879 1479 2917 ac
1526 2864 1663 2918 velut
1730 2864 1946 2932 fornax,

371 2946 511 3013 ignis
543 2947 721 3016 hujus,
755 2952 845 3018 qui
874 2967 1027 3006 sensu
1051 2955 1359 3025 percipitur,
1389 2958 1703 3013 commercio
1726 2962 1947 3030 'gautlet,

368 3040 447 3093 sic
467 3053 512 3093 et
536 3058 722 3109 corpus
750 3045 941 3100 diuina
963 3062 1026 3100 ac
1057 3064 1272 3104 arcana:
1302 3048 1436 3104 lueis
1461 3066 1481 3116 ,°
1502 3050 1777 3124 ipsumque
1811 3053 1949 3124 ignis

368 3132 668 3204 eraditqua
726 3136 860 3204 ignis
915 3140 1173 3208 particeps
1234 3152 1333 3195 est.
1395 3141 1495 3198 His
1572 3158 1708 3213 pene
1767 3143 1946 3199 alliuia

2053 2030 2165 2101 ρῶν
2193 2034 2388 2100 φανεὶς
2413 2034 2546 2105 ἡμῖν
2573 2036 2634 2088 ὲν
2662 2039 2829 2107 σαρκὶ
2876 2037 2946 2091 δι’
2972 2038 3131 2104 Υίοῦ,
3174 2040 3268 2093 καὶ
3317 2038 3643 2108 γνωρισθεὶς

2048 2125 2136 2180 διά
2166 2124 2264 2179 τοῦ
2298 2128 2570 2196 ηπαναγίου
2593 2128 2761 2183 αὐτοῦ
2801 2130 3142 2202 Πνεύματος,
3173 2130 3249 2196 ὡς
3284 2133 3640 2201 πιστεύομεν,

2046 2213 2166 2275 ἴσος
2184 2213 2318 2283 ἡμῖν
2348 2215 2491 2268 κατά
2519 2217 2698 2271 πάντα
2730 2221 2903 2291 χωρὶς
2951 2221 3252 2291 ἁμαρτίας.
3292 2221 3438 2293 ψυχῇ
3479 2222 3643 2293 νοερᾷ

2051 2300 2309 2371 μίγνυται
2337 2303 2426 2358 διὰ
2455 2305 2556 2377 τὴν
2589 2308 2728 2379 ὲμὴν
2749 2308 2954 2383 ψυχὴν,
2986 2308 3062 2375 ὥς
3092 2311 3197 2364 πού
3240 2330 3326 2374 τις
3365 2311 3494 2384 ἔφη,
3553 2314 3641 2368 ἵνα

2049 2393 2144 2447 καὶ
2189 2391 2519 2466 τδ’πνεῦμα
2575 2397 2730 2473 σώσῃ
2779 2402 2876 2455 καὶ
2934 2402 3035 2473 τὴν
3088 2403 3271 2475 σάρκα
3312 2404 3638 2480 ἀθανατίσῃ.

2059 2485 2223 2541 Ἀλλά
2250 2488 2365 2559 μὴν
2382 2490 2477 2544 καὶ
2509 2492 2935 2561 ᾶπαγγέλλεται,
2962 2494 3162 2564 λέγων,
3195 2514 3214 2549 ι
3253 2482 3558 2568 Ἐνοικήσω
3581 2500 3641 2553 ἐν

2026 2577 2258 2647 ἀὐτοῖς,
2289 2583 2384 2638 καὶ
2406 2582 2869 2655 ἑμπεριπατήσω.
2896 2604 2915 2638 ι
2975 2586 3136 2641 Ἀλλά
3200 2589 3460 2661 πρόσεχε.
3501 2589 3641 2644 Θεοῦ

2051 2671 2192 2724 κατά
2220 2672 2321 2736 τὰς
2337 2673 2592 2743 ἀψευδεῖς
2615 2676 2960 2746 ἐπαγγελίας
3007 2679 3350 2744 ἐνοικοῦντος
3393 2683 3455 2736 ἐν
3506 2683 3642 2754 ἡμῖν

2048 2766 2167 2826 τοῖς
2195 2758 2447 2836 γνησίοις
2481 2767 2696 2834 δούλοις
2719 2769 2913 2835 αὐτοῦ,
2946 2775 3041 2826 καὶ
3069 2773 3160 2827 διὰ
3188 2776 3296 2827 τῶν
3339 2774 3640 2845 ἐνεργειῶν

2052 2856 2147 2911 καὶ
2193 2857 2518 2929 ἰλλάμψεων
2558 2861 2653 2915 τοῦ
2683 2862 2949 2932 παναγίου
2980 2863 3297 2935 Πνεύματος
3328 2866 3643 2937 ἐμπεριπα-

2051 2941 2272 3014 τοῦντος
2298 2951 2357 3004 ἒν
2387 2952 2508 3015 ταῖς
2541 2953 2846 3024 ἡμετέραις
2871 2954 3093 3025 ψυχαῖς,
3121 2955 3444 3027 ἀχορίστους
3496 2953 3639 3010 εἶναι

2052 3037 2147 3093 τοῦ
2181 3034 2318 3093 Θεοῦ
2339 3041 2440 3105 τὰς
2470 3041 2628 3107 ἀξίας
2659 3043 2769 3096 τῶν
2790 3042 3053 3097 τοιούτων
3089 3044 3270 3114 ψυχὰς
3339 3044 3640 3114 ὁμολογουο

2057 3131 2239 3203 μένως
2280 3134 2642 3206 πιστεύομεν.
2682 3136 2804 3191 Τῶν
2827 3135 2881 3190 δὲ
2908 3136 3100 3209 ψυχῶν
3132 3138 3292 3192 πάλιν
3322 3137 3638 3208 διικνουμέ-

365 3218 779 3292 Clirysnstotuns
811 3228 1009 3296 quibus
1030 3231 1331 3299 praesertim
1360 3233 1496 3290 locis
1525 3234 1726 3291 divina:
1755 3235 1809 3289 in
1845 3252 1946 3292 no-

2052 3242 2162 3280 νων
2187 3229 2246 3281 έν
2262 3228 2367 3297 ὅλῳ
2396 3226 2475 3298 τῷ
2508 3228 2747 3299 σώματι,
2784 3230 2879 3283 καὶ
2905 3230 3095 3299 μηδενὶ
3125 3231 3284 3301 μέρει
3316 3230 3636 3300 ἀπολιμπα-

371 3315 454 3368 bis
481 3316 828 3374 liuclmristiae
851 3321 1074 3380 ell'ectus
1091 3333 1381 3394 exaggerat
1409 3344 1564 3398 :quaa
1589 3344 1721 3387 sane
1748 3330 1949 3387 intelli-

284 3402 285 3407 “
370 3409 562 3474 gentia,
595 3412 747 3464 utsic
772 3413 935 3469 nobis
969 3414 1134 3482 Deus,
1173 3416 1401 3488 ipsaque
1421 3420 1540 3488 ejus
1571 3423 1832 3492 essentia,
1853 3440 1950 3495 per

371 3517 465 3555 sua
489 3504 648 3566 dona,
680 3506 874 3573 quibus
900 3524 1085 3565 comes
1119 3520 1225 3574 est,
1262 3512 1544 3581 illabatur,
1572 3529 1820 3587 vereque
1848 3532 1944 3575 co-

371 3595 957 3662 puletur,nouutuna
1013 3604 1132 3674 ejus
1188 3616 1490 3676 nostraque
1553 3610 1794 3664 essentia
1853 3604 1987 3677 sit,,

369 3692 511 3755 quod
541 3704 638 3746 nec
671 3695 846 3761 poscit
884 3696 1194 3771 exemplum
1251 3697 1492 3756 fornacis
1555 3713 1824 3767 accensae,
1848 3701 1947 3756 sed

370 3791 429 3835 ut
451 3780 635 3835 intima
663 3785 907 3853 quasdam
936 3787 1192 3857 nullaque
1214 3787 1508 3845 verborum
1525 3789 1578 3846 vi
1608 3790 1946 3861 explicabilis

372 3871 463 3926 l‘ei
494 3874 615 3928 unio
633 3889 694 3929 ac
714 3877 997 3944 praesentia
1025 3878 1273 3934 inanima
1297 3879 1377 3936 sic
1399 3879 1617 3947 affecta,
1670 3882 1941 3953 signiﬁce-

382 3975 509 4031 tur;
536 3981 654 4035 tune
684 3967 796 4038 ipsa
827 3984 925 4039 per
949 3970 1185 4039 gratiam
1240 3981 1325 4028 est
1357 3973 1409 4027 in
1456 3972 1622 4043 jusﬁs
1671 3974 1943 4043 omnibus,

365 4061 462 4117 sed
485 4062 691 4117 occulta
723 4070 776 4119 et
793 4064 947 4133 quasi
973 4063 1181 4132 habitu,
1197 4065 1456 4137 nulloque
1476 4068 1560 4122 vel
1581 4067 1775 4139 exiguo
1784 4068 1945 4146 illius

367 4166 529 4207 sensu
557 4167 571 4220 ;
603 4154 654 4208 in
692 4155 948 4225 perlectis
985 4158 1144 4227 longe
1197 4158 1383 4213 notior
1408 4154 1646 4230 actuque
1674 4176 1737 4216 ac
1754 4162 1947 4217 minxi-

366 4261 457 4301 mo
480 4246 708 4315 quodam
745 4249 890 4304 velut
940 4249 1301 4314 sensu,velut
1349 4261 1508 4322 gustu
1559 4258 1792 4324 quodam
1853 4269 1947 4311 ex-

364 4349 619 4406 spectatac
641 4355 762 4394 cum
799 4338 909 4395 Deo
940 4340 1186 4405 θεώσεως
1219 4356 1341 4397 cum
1361 4359 1487 4398 eum
1519 4345 1827 4402 videbimus
1873 4350 1946 4404 si-

365 4430 471 4484 cuti
502 4442 604 4492 est,
644 4431 877 4502 indeque
911 4431 1147 4502 perfecte
1184 4433 1256 4488 dii
1294 4434 1522 4513 erimys,
1552 4435 1665 4493 Deo
1700 4438 1945 4509 perfecto

366 4520 612 4588 similes;
640 4538 762 4576 cum
794 4533 924 4577 tunc
955 4537 1175 4592 quoque
1210 4521 1354 4578 Deus
1407 4525 1621 4581 inﬁnite
1681 4526 1939 4599 eminpat,

2051 3319 2317 3390 νομένων,
2369 3321 2584 3391 ἀνάγκη
2641 3323 2860 3387 πάντως
2905 3323 2997 3377 καὶ
3045 3324 3216 3394 αὐτὴν
3271 3324 3372 3393 τὴν
3432 3322 3635 3393 σάρκα,
3720 3351 3725 3361 -

2048 3409 2357 3481 ἀχώριστον
2393 3411 2558 3466 οὖσαν
2587 3414 2684 3484 τῆς
2721 3414 2922 3485 ψυχῆς,
2983 3415 3184 3484 μᾶλλον
3236 3414 3292 3468 δὲ
3342 3414 3481 3485 μηδὲ
3534 3414 3635 3485 ζῇν

2049 3505 2224 3577 χωρὶς
2254 3507 2426 3577 αὐτῆς
2453 3507 2786 3578 δυναμένην,
2821 3507 2950 3577 ὃλην
2975 3506 3211 3576 ἄγεσθαι
3231 3507 3329 3576 τῆς
3349 3506 3528 3577 ψυχῆς
3556 3505 3633 3575 τῷ

2049 3597 2356 3671 θελήματν
2394 3600 2491 3654 καὶ
2512 3601 2584 3663 ὼς
2609 3601 2710 3654 οὐκ
2756 3599 2872 3653 ἐστι
2911 3601 3074 3679 σῶμα
3110 3599 3211 3670 ζῇν
3260 3600 3391 3654 ἄνευ
3431 3599 3630 3668 ψυχῆς,

2049 3690 2223 3755 οὔτως
2261 3680 2383 3745 οὐδὲ
2405 3692 2619 3763 θέλημα
2651 3692 2732 3745 ἔνι
2777 3693 2838 3745 τὸ
2885 3692 3045 3761 σῶμα
3082 3692 3229 3761 ἔχειν
3284 3691 3342 3743 τό
3392 3707 3451 3741 τε
3492 3707 3633 3758 παρ-

2050 3783 2205 3843 εκτδς
2221 3782 2424 3853 ψυχῆς.
2455 3783 2817 3839 Consociatur
2845 3783 3450 3853 angelis,commiscetur
3471 3781 3632 3832 lumi-

2037 3874 2123 3940 ni,
2160 3873 2324 3925 vitam
2350 3872 2617 3942 degustat,
2635 3874 3041 3927 immortalitati
3078 3872 3402 3935 conseritur,
3421 3870 3625 3922 delictis

2048 3959 2268 4027 fruitur,
2299 3961 2352 4014 in
2384 3961 2598 4014 tertium
2623 3961 2808 4014 caelum
2836 3959 3095 4027 ascendit,
3130 3962 3342 4029 rapitur
3392 3958 3444 4011 in
3466 3973 3628 4022 para-

2048 4055 2243 4120 disum,
2277 4054 2427 4108 audit
2455 4070 2656 4108 arcana
2690 4055 2886 4117 'verba,
2922 4054 2977 4108 in
3005 4052 3630 4122 thalamumingreditur,

2050 4156 2225 4201 torum
2262 4147 2548 4217 nuptialem
2601 4146 2734 4211 adit,
2775 4147 2912 4201 videt
2959 4143 3244 4217 Sponsum,
3307 4146 3630 4214 spiritalium

2048 4243 2355 4311 nuptiarum
2389 4242 2753 4296 communione
2782 4241 3037 4305 donatur,
3065 4241 3282 4311 mystico
3307 4251 3509 4294 cratere
3529 4242 3629 4294 im-

2045 4334 2240 4401 pletur;
2272 4333 2435 4388 vitulo
2462 4333 2729 4403 saginata,
2751 4331 2901 4386 vitali
2938 4347 3093 4398 pane,
3127 4333 3246 4386 vita:
3262 4330 3628 4401 poculo,Agno

2047 4427 2411 4490 immaculato,
2444 4443 2644 4482 manna
2676 4425 2911 4497 spiritali
2942 4426 3201 4494 reﬁcitur;
3232 4425 3340 4478 illis
3381 4425 3625 4478 omnibus

2046 4520 2195 4574 banis
2218 4524 2440 4589 potitur,
2472 4520 2528 4574 in
2581 4536 2698 4589 qua:
2732 4535 2823 4572 nec
2859 4517 3116 4588 angelica:
3164 4517 3460 4570 Potestates
3536 4516 3625 4569 in-

366 4613 551 4682 sicque
569 4610 872 4686 οὐσιὼδης(
904 4629 1029 4671 vera
1057 4615 1267 4671 scilicet
1303 4615 1433 4671 unio
1495 4617 1687 4673 futura
1737 4619 1850 4691 sit)
1880 4629 1938 4676 ιιι
1971 4614 2017 4673 ι)
2047 4612 2245 4680 trepide
2277 4615 2472 4664 audent
2503 4612 2829 4680 prospicere,
2856 4608 2946 4662 Ita
2980 4626 3036 4663 se
3063 4610 3282 4674 habens,
3324 4609 3631 4678 inﬂamma-

369 4704 461 4759 ι)νὶ
478 4717 770 4776 nostraque
793 4706 1024 4763 discreta
1058 4710 1299 4766 essentia
1329 4726 1345 4776 ;
1381 4720 1642 4782 tanquam
1673 4731 1773 4771 ens
1798 4732 1827 4771 a
1859 4731 1938 4781 se,

365 4808 421 4853 ct
448 4799 515 4853 ab
543 4798 668 4860 alio,
703 4809 941 4856 maneat.

438 4888 615 4945 Serm.
641 4890 775 4961 Περὶ
804 4892 1076 4957 ἀπαθείας
1122 4895 1217 4948 καὶ
1272 4897 1531 4968 ἐναρέτου
1580 4896 1722 4970 βίου,
1774 4901 1941 4970 iucip.

368 4983 592 5047 Πολλοῖς
620 4987 728 5045 τοῖς
767 4984 825 5036 έν
854 4985 1048 5056 κόσμῳ
1088 4986 1354 5052 πολλάκις
1382 4990 1817 5061 προσομιλήσας,
1872 4992 1943 5045 De

367 5078 545 5129 animo
564 5075 656 5129 Dei
682 5092 861 5130 amore
887 5076 1031 5138 ebrio
1059 5096 1120 5132 ac
1152 5096 1267 5134 vere
1289 5081 1569 5137 exstatt'co.
1596 5081 1941 5137 Συνάπτεται

364 5171 474 5231 τοῖς
534 5167 807 5236 ἀγγέλοις,
846 5168 925 5239 τῷ
989 5171 1130 5238 φωτὶ
1182 5168 1574 5242 ἀναμίγνυται,
1611 5174 1945 5243 ἀπογεύεται

364 5260 464 5327 τῆς
488 5259 656 5328 ζωῆς,
768 5259 1039 5334 ἀθανασίᾳ
1065 5265 1442 5334 συμπλέκεται
1472 5283 1483 5296 ·
1546 5268 1605 5318 ὲν
1638 5266 1943 5321 ἀπολαύσει

366 5355 579 5419 γίνεται
596 5353 692 5421 τῆς
719 5353 954 5423 τρυφῆς,
987 5355 1067 5417 εἰς
1093 5355 1280 5425 τρίτον
1337 5358 1632 5429 ἀνέρχεται
1690 5360 1943 5430 οὐρανὸν,

367 5442 676 5512 ἀρπάζεται
694 5443 774 5507 είς
802 5444 1149 5514 παράδεισον,
1177 5447 1366 5502 ἀκούει
1423 5446 1642 5521 ἄρρητα
1693 5451 1942 5521 ῥήματα,

363 5537 447 5598 είς
471 5536 562 5587 τὸν
592 5536 859 5605 νυμφῶνα
885 5535 1225 5609 εἰσέρχεται,
1254 5544 1334 5604 είς
1368 5540 1461 5594 τ>ον
1511 5544 1715 5597 παστὸν
1768 5560 1947 5615 παρα-

366 5628 600 5696 γίνεται,
632 5627 721 5680 τὸν
739 5627 988 5698 Νυμφίον
1015 5629 1248 5700 ὁρᾷ,τοῦ
1273 5634 1646 5702 πνευματικοῦ
1672 5633 1852 5702 γάμου
1886 5635 1944 5686 ὲν

368 5717 574 5787 μετοχῇ
597 5713 827 5784 γίνεται,
850 5715 942 5768 τοῦ
968 5717 1235 5787 μυστικοῦ
1264 5720 1540 5792 κρατῆρος
1571 5721 1942 5792 ἐμπίπλαται,

368 5805 461 5860 τοῦ
496 5806 708 5876 μόσχου
735 5802 829 5857 τοῦ
866 5808 1136 5875 σιτευτοῦ,
1179 5808 1274 5863 τοῦ
1329 5810 1497 5881 ἄρτου
1553 5810 1648 5865 τοῦ
1705 5809 1945 5883 ζωηροῦ,

372 5899 463 5953 τοῦ
500 5899 746 5969 πόματος
782 5898 873 5970 τῆς
934 5900 1103 5969 ζωῆς,
1146 5900 1238 5955 τοῦ
1293 5904 1528 5975 ἀμώμου
1573 5903 1796 5977 Ἀμνοῦ,
1851 5906 1945 5959 τοῦ

2047 4714 2135 4759 tur
2194 4703 2432 4774 Spiritu,
2463 4702 2684 4774 indeque
2740 4717 2848 4757 sua:
2907 4701 3260 4770 deiﬁcationis
3320 4700 3630 4769 mysterium

2045 4798 2232 4851 cernit.
2264 4797 2453 4850 Animo
2484 4813 2702 4864 prorsus
2732 4797 2970 4866 ignescit,
2997 4796 3272 4864 ipsumque
3291 4809 3478 4862 corpus
3533 4810 3630 4847 sua

2048 4892 2293 4945 claritate
2311 4890 2551 4959 impartit
2573 4907 2591 4953 ;
2616 4887 2759 4942 haud
2788 4904 2936 4941 secus
2965 4904 3029 4941 ac
3069 4887 3205 4957 ignis
3224 4886 3392 4941 oculis
3419 4889 3633 4955 conspi-

2049 4986 2482 5037 cuttsinnaturte
2536 4997 2646 5036 sua:
2704 4981 3075 5035 commercium
3122 4978 3322 5049 ferrum
3373 4980 3588 5032 asciscit
3618 5018 3633 5034 .

2056 5072 2267 5144 Ilocque
2296 5074 2469 5144 ipsum
2506 5073 2717 5127 animus
2769 5072 2979 5141 corpori
3002 5071 3253 5141 efﬁcitur,
3307 5071 3447 5139 quod
3476 5070 3635 5133 Deus

2051 5165 2228 5219 animo
2252 5167 2481 5229 exsistit,
2506 5167 2667 5237 juxta
2694 5181 2755 5218 ac
2811 5163 3103 5234 Tlteologus
3142 5164 3394 5234 loquitur.
3449 5162 3634 5234 Neque

2048 5259 2182 5310 enim
2213 5258 2331 5326 ﬁeri
2367 5265 2536 5326 potest
2559 5266 2614 5310 ut
2644 5258 2852 5311 animus
2884 5256 3046 5319 vivat,
3073 5257 3177 5310 nisi
3225 5257 3340 5324 ejus
3400 5256 3493 5323 qui
3513 5260 3637 5308 σόη·-

2049 5345 2180 5399 didit
2207 5346 2501 5421 fulgoribus
2530 5347 2853 5411 illustretur,
2886 5362 3052 5416 neque
3087 5356 3143 5399 ut
3181 5362 3391 5413 corpus,
3425 5345 3550 5413 quin
3567 5341 3629 5395 ab

2051 5438 2228 5491 animo
2277 5438 2575 5493 roboretur.
2604 5439 2826 5492 Attende
2865 5438 3144 5506 diligenter
3170 5454 3270 5505 quo
3318 5445 3542 5501 spectent
3573 5451 3635 5488 eu

2049 5547 2169 5601 qua:
2220 5532 2492 5587 dicuntur.
2536 5530 2764 5599 Corpus,
2819 5534 3021 5596 anima,
3083 5530 3240 5583 Deus.
3311 5527 3435 5579 Tria
3499 5527 3631 5583 lucc.

2055 5622 2196 5679 Deus
2231 5624 2588 5696 principiiac
2651 5625 2772 5692 ﬁnis
2804 5640 3009 5691 expers,
3073 5624 3389 5683 inaccessus,
3442 5620 3639 5691 imper-

2052 5718 2376 5783 scrntabilis,
2432 5719 2732 5781 invisibilis,
2768 5715 3071 5785 ine/Tubilis,
3101 5713 3193 5781 qui
3235 5727 3325 5764 nec
3353 5714 3502 5781 tangi
3540 5726 3631 5788 nec

2052 5810 2267 5879 palpari
2300 5820 2493 5879 potest.
2537 5811 2773 5880 nullique
2829 5807 3085 5862 obnoxius
3144 5802 3484 5871 allectuiest,
3541 5820 3636 5858 nec

2052 5906 2501 5973 enttrrttripotest,
2542 5905 2789 5958 extremis
2815 5899 3137 5970 temporibus
3169 5914 3431 5967 apparens
3488 5897 3635 5954 nobis
