4052 6456
347 469 460 537 277

1096 477 1196 538 DE
1237 475 1611 537 ESSENTIA
1650 475 1746 535 ET
1786 430 2309 535 OPERATIONE.
2340 495 2407 509 α-
2449 475 2870 538 PRxEFATIO.

3516 480 3621 542 2‘18

350 591 548 657 afﬂuis,
578 605 645 646 ex
683 589 884 664 Cyrillo
901 589 1086 647 doceri
1114 609 1129 647 :
1161 592 1408 661 Φυσικήν
1446 608 1629 661 φαμεν
1675 587 1934 659 γενέσθαι

2118 586 2335 642 Possem
2381 587 2485 643 alia
2542 587 2777 653 all‘erre,
2834 600 2893 643 ut
2931 590 3090 661 quod
3142 591 3307 648 habet
3357 591 3528 649 Serm.
3562 601 3630 652 de

348 687 451 756 τὴν
479 683 701 750 ἓνωσιν,
730 684 846 739 ἀλλ’
889 684 951 737 ὲκ
978 684 1073 737 δύο
1102 683 1451 754 πραγμάτων
1475 683 1773 753 ἀνομοίων,
1800 681 1936 747 Θεό-

351 776 517 849 τητός
546 794 606 830 τε
632 776 733 829 καὶ
761 775 1209 846 ἀνθρωπὸτητος,
1244 773 1333 827 τὸν
1362 773 1462 827 ἕνα
1502 774 1762 842 γενέσθαι
1803 775 1938 842 Χρι-

353 868 478 923 στὸν
508 868 604 922 καὶ
650 867 781 921 Υῐδν
803 867 897 922 καὶ
930 866 1131 939 Κύριον
1160 865 1651 937 διαϐεϐαιοῦμεθα.
1690 862 1939 918 Natura-

349 959 451 1013 lem
498 959 723 1012 dicimus
774 957 976 1031 factam
1029 973 1140 1012 esse
1201 959 1490 1023 unionem,
1557 957 1647 1010 sed
1672 972 1738 1010 ea:
1796 956 1932 1010 dua-

352 1049 648 1103 bus’rebus
672 1049 1018 1105 dissimilibus
1047 1089 1062 1114 ,
1096 1048 1302 1104 Deitate
1353 1049 1550 1103 scilicet
1607 1058 1652 1102 et
1690 1048 1937 1101 humanir

2043 681 2476 750 praevaricatione
2511 682 2661 747 Adae,
2692 683 2781 737 ubi
2813 694 2866 739 et
2893 684 3026 739 illud
3059 683 3336 749 οὐσιωδῶς
3370 690 3629 745 recurrit.

2046 773 2312 842 Ἐκστηθι
2346 773 2404 826 τὸ
2436 773 2666 844 φρικτὸν
2695 773 2913 829 ἀκούων
2941 775 3035 828 τοῦ
3063 777 3389 847 μυστηρίου,
3425 781 3631 836 καὶτὸν

2040 864 2197 930 λόγον
2249 866 2441 919 πιστὸν
2487 865 2617 920 ὄντα
2654 868 2793 936 μετὰ
2830 867 3013 935 πάσης
3046 867 3306 932 ὑπόδεξαι
3354 870 3634 941 πληροφο-

2045 956 2164 1022 ρέσς
2203 957 2299 1010 uati.
2362 958 2629 1020 πίστεως.
2677 958 3143 1028 Συλλαμϐἀνομεν
3176 957 3269 1014 οῦν
3300 962 3465 1014 αὐτὸν
3508 964 3631 1031 οὐχὶ

2043 1046 2396 1116 σωματικῶς,
2449 1048 2524 1110 ὡς
2577 1049 2609 1118 ἡ
2672 1050 2944 1120 ιῐαρθένος
2994 1052 3088 1104 xai
3143 1051 3410 1123 Θευτόκος
3466 1055 3631 1107 αὐτὸν

2046 1138 2367 1201 συνέλαϐεν,
2420 1139 2558 1193 ἀλλὰ
2608 1141 3001 1209 πνευματικῶς
3061 1142 3182 1211 μὲν,
3233 1146 3629 1209 οὑσιωδῶςδέ·

2042 1230 2145 1285 καὶ
2184 1230 2382 1301 ἔχομεν
2431 1230 2595 1285 αὐτὸν
2627 1234 2856 1298 ἐκεῖνον,
2887 1231 3069 1287 ὃνκαὶ
3101 1236 3135 1304 ἡ
3177 1237 3317 1303 ἁγνὴ
3350 1238 3631 1308 Παρθένος

2042 1322 2358 1387 συνέλαϐεν,
2403 1325 2460 1376 ὲν
2493 1326 2612 1388 ταῖς
2655 1325 2908 1394 καρδίαις
2947 1327 3127 1395 ἡμῶν,
3186 1328 3373 1392 καθὼς
3412 1335 3439 1384 ὁ
3489 1331 3632 1393 Θεῖος

2040 1412 2253 1478 uasta;
2284 1431 2450 1485 φησιν
2477 1431 2492 1447 ·
2534 1433 2553 1467 ι
2611 1416 2671 1469 '0
2703 1416 2833 1479 Θεὸς
2863 1417 2889 1469 ὁ
2923 1418 3097 1471 εἰπὼν
3126 1421 3189 1472 ἐκ
3238 1422 3465 1483 σκότους
3512 1423 3629 1489 φῶς

2039 1508 2273 1579 λάμψαι,
2312 1508 2478 1571 αὐτὸς
2530 1507 2775 1579 ἔλαμψεν
2827 1512 2886 1563 ὲν
2918 1512 3052 1578 ξταῖς
3086 1511 3340 1582 καρδίαις
3388 1514 3566 1582 ἡμῶν.
3607 1534 3629 1564 ι

2041 1594 2167 1653 Οἷον
2199 1599 2396 1664 εἰπεῖν,
2434 1599 2556 1654 ἀντὶ
2582 1598 2703 1661 τοῦ.
2743 1599 2917 1664 Αὐτὸς
2944 1601 3380 1666 ὅλοςὋύσιωδῶς
3406 1604 3632 1671 γέγονεν

2039 1691 2099 1744 ὲν
2131 1693 2288 1762 ἡμῖν.
2332 1690 2648 1761 Obstupesce
2672 1686 3011 1757 trlntendunt
3041 1696 3262 1749 audiens
3296 1699 3630 1764 mysterium,

2038 1800 2100 1839 ac
2123 1800 2436 1850 sermonem,
2470 1786 2561 1852 qui
2584 1785 2758 1854 ﬁdelis
2794 1785 2886 1849 sit,
2913 1788 3056 1840 omni
3081 1789 3395 1841 certitudine
3429 1806 3490 1842 nc
3530 1789 3634 1857 ﬁde

2039 1878 2262 1947 suscipe.
2300 1875 2464 1930 Illum
2509 1876 2686 1947 itaque
2717 1878 3059 1947 concipimus,
3108 1895 3211 1932 non
3253 1879 3630 1957 corporaliter.

2039 1976 2481 2046 quemadmodum
2523 1975 2678 2046 Virgo
2707 1994 2767 2045 ac
2816 1976 3046 2046 Deipara
3095 1992 3215 2031 eum
3251 1976 3510 2055 concepit,
3543 1978 3635 2031 sed

2041 2067 2357 2136 spiritaliter
2384 2069 2616 2137 quidem,
2657 2084 2836 2122 verum
2872 2067 3262 2133 essentialiter;
3301 2068 3639 2137 eamdemque

2040 2159 2208 2229 ipsum
2242 2159 2492 2214 habemus
2532 2157 2705 2230 (quem
2733 2168 2784 2212 et
2829 2157 2985 2228 Virgo
3037 2159 3340 2212 castissima
3379 2156 3637 2226 concepit)

354 1151 481 1206 tate,
515 1158 678 1195 unum
708 1141 907 1210 factum
935 1158 1047 1197 esse
1079 1140 1352 1197 Christum
1377 1151 1426 1195 et
1467 1139 1678 1195 Filium
1745 1151 1796 1195 et
1829 1139 1936 1193 Do-

353 1236 553 1289 minum
588 1235 932 1305 aﬂirmamus.
960 1233 1204 1298 Duabus,
1241 1235 1492 1305 inquam,
1557 1233 1720 1289 rebus
1774 1233 1939 1288 dissi-

355 1328 594 1394 milibus,
618 1344 740 1398 qua:
757 1338 811 1382 et
831 1327 1125 1383 dissimiles
1148 1327 1329 1394 reipsa
1354 1340 1416 1381 ac
1445 1326 1687 1383 essentia
1706 1339 1832 1388 sua,
1867 1324 1936 1381 ab

354 1423 555 1475 unione
587 1427 837 1475 maneant
866 1435 882 1484 ς
914 1419 992 1473 uti
1012 1434 1090 1491 ‘se
1139 1435 1227 1474 res
1256 1418 1417 1474 habet
1448 1419 1501 1473 in
1526 1417 1634 1473 illis
1664 1417 1938 1488 exemplis

354 1509 551 1581 quibus
572 1511 745 1565 sancti
773 1509 1027 1566 unionem
1074 1511 1191 1567 sive
1232 1510 1652 1582 hypostaticam,
1681 1509 1796 1566 sive
1815 1523 1937 1579 qua

361 1614 459 1668 per
484 1600 727 1670 gratiam
746 1609 831 1657 est
865 1601 885 1673 (
919 1600 1121 1657 amoris
1146 1601 1360 1657 scilicet
1386 1610 1442 1657 et
1464 1601 1778 1669 charltatis,
1813 1600 1947 1659 sive

354 1693 515 1748 etiam
536 1692 760 1747 visionis
785 1707 850 1747 ac
884 1693 1213 1762 cognitionis
1241 1691 1260 1764 )
1299 1693 1596 1764 explicant.

427 1779 652 1836 Videtur
676 1779 792 1850 ipse
816 1780 1051 1854 Cyrillus
1080 1780 1338 1854 Symeoni
1374 1783 1655 1853 praivisse
1699 1781 1799 1839 lib.
1835 1796 1933 1848 Ix,

355 1873 416 1928 in
438 1871 595 1929 Joan.
629 1886 821 1928 versus
860 1874 1055 1941 tinem,
1083 1872 1177 1929 ubi
1216 1872 1285 1929 de
1327 1873 1504 1942 prima
1538 1874 1820 1929 creatione
1853 1873 1936 1929 lo-

357 1981 555 2039 quens.
584 1982 686 2037 qua
713 1968 777 2024 ad
808 1968 898 2024 Dei
932 1970 1222 2042 imaginem
1254 1955 1420 2027 homo
1449 1971 1705 2027 conditus
1735 1981 1842 2040 est,
1878 1980 1936 2027 et

357 2058 428 2114 ad
476 2076 637 2130 quam
691 2077 787 2133 per
827 2061 1104 2119 Christum
1151 2063 1554 2133 reformamur;
1601 2064 1822 2121 exclusa
1874 2079 1938 2120 ea

358 2152 637 2223 opinione,
686 2168 806 2226 qua:
847 2154 1179 2221 spiraculum
1227 2170 1259 2211 a
1305 2154 1417 2212 Deo
1460 2156 1667 2211 homini
1700 2155 1942 2211 insuma-

1964 1925 2009 1980 Β

274 2294 285 2301 .
360 2255 497 2308 tum,
554 2247 789 2302 animam
839 2247 1161 2302 rationalem
1207 2246 1463 2317 exponit;
1508 2248 1624 2318 ipse
1674 2247 1938 2318 Spiritum

356 2347 603 2392 sanctum
647 2336 1057 2407 interpretatur,
1096 2339 1244 2394 velut
1290 2317 1634 2412 signaculum
1682 2317 1941 2410 perfectze

356 2432 471 2502 iam
495 2447 559 2486 cx
586 2430 761 2485 anima
793 2440 847 2488 et
885 2447 1114 2501 corpore
1159 2433 1414 2488 humanae
1448 2442 1696 2502 natura,
1747 2449 1778 2490 a
1830 2433 1943 2491 Deo

365 2508 720 2591 impressum;
759 2541 867 2594 quo
892 2524 972 2579 sic
1000 2511 1163 2580 homo
1188 2513 1334 2581 Deus
1363 2540 1502 2581 unus
1533 2527 1684 2581 θέσει
1716 2526 1791 2583 sit
1818 2565 1835 2590 ,
1877 2542 1942 2583 ac

374 2613 435 2669 in
466 2615 620 2671 tribus
650 2630 777 2670 vere
819 2616 1090 2671 etsistens
1125 2633 1140 2672 :
1172 2617 1419 2688 Μέτοχον
1459 2618 1626 2672 αὐτὸν
1659 2618 1761 2690 τῆς
1805 2618 1943 2684 ιδίας
1972 2620 1979 2627 ’

381 2706 581 2775 φύσεως
646 2708 902 2762 ἀποτελεῖ
963 2709 1116 2772 Θεὸς.
1197 2710 1535 2783 Ἕνεφύσησε
1592 2714 1702 2783 γὰρ
1752 2712 1832 2776 εἰς
1882 2714 1946 2766 τδ

375 2798 660 2871 πρόσωπον
693 2800 861 2855 αὑτοῦ
885 2802 1056 2873 πνοὴν
1086 2799 1255 2872 ζωῆς,
1285 2802 1432 2858 τοῦτ’
1455 2803 1594 2871 ἔστι,
1622 2803 1685 2858 τὸ
1719 2804 1946 2874 Πνεῦμα

366 2891 465 2944 τοῦ
488 2892 636 2947 Υἱοῦ.
671 2894 776 2947 Καὶ
809 2895 920 2967 γάρ
942 2897 1090 2949 ἐστιν
1117 2897 1304 2960 αὐτοῖς
1328 2898 1360 2968 η
1390 2895 1505 2968 ζωὴ
1542 2897 1680 2967 μετά
1706 2897 1942 2969 Πατρδς,

372 2983 609 3054 συνέχων
665 2986 744 3048 si;
793 2987 855 3040 τὸ
894 2982 1037 3042 εἶναι
1090 2988 1157 3042 τὰ
1207 2990 1406 3044 πάντα.
1451 2989 1701 3044 Κινεῖται
1736 2990 1844 3063 γὰρ
1889 2991 1948 3045 ὲν

354 3077 520 3148 ἀὐτῷ
546 3094 604 3132 τε
635 3080 727 3134 καὶ
769 3079 860 3151 ζῇ,
885 3081 952 3135 τὰ
989 3081 1136 3153 ζωῆς
1174 3081 1425 3137 δεκτικά.
1478 3081 1800 3149 Participem
1825 3102 1946 3139 eum

372 3168 511 3226 Deus
542 3173 767 3227 reddidit
800 3190 912 3228 suae
939 3187 1167 3231 naturae.
1210 3195 1230 3228 ί
1271 3173 1562 3246 lnsuﬂiavit
1597 3177 1738 3231 enim
1771 3178 1825 3231 in
1864 3177 1948 3241 [a-

2042 2252 2097 2305 in
2138 2251 2336 2305 nostris
2364 2248 2637 2315 cordibus,
2686 2250 2764 2301 uti
2805 2249 2986 2303 beatus
3030 2248 3232 2303 Paulus
3280 2249 3401 2304 ait:
3443 2267 3460 2299 ι
3500 2248 3638 2302 Deus

2041 2344 2133 2412 qui
2156 2343 2295 2395 dixit
2327 2343 2391 2397 de
2416 2342 2643 2396 tenebris
2679 2340 2854 2394 lumen
2883 2340 3243 2409 splendescere
3267 2378 3283 2404 ,
3319 2342 3429 2409 ipse
3456 2340 3638 2394 illuxit

2043 2436 2100 2490 in
2126 2435 2375 2489 cordibus
2406 2434 2641 2497 nostris;
2682 2451 2700 2483 ι
2730 2448 2827 2501 pro
2861 2449 2922 2486 eo
2961 2448 3023 2487 ac
3049 2433 3246 2486 diceret
3278 2447 3296 2487 :
3327 2430 3448 2502 Ipse
3498 2441 3640 2486 totus

2044 2527 2402 2582 essentialiter
2432 2526 2487 2579 in
2520 2526 2669 2579 nobis
2697 2533 2941 2580 versatus
2972 2535 3070 2578 est.
3109 2524 3276 2599 Ergo,
3307 2525 3420 2578 vult
3451 2539 3641 2579 essen-

2044 2617 2173 2673 tiale
2204 2616 2315 2673 Deo
2342 2617 2395 2672 in
2426 2617 2586 2672 nobis
2617 2615 2779 2672 esse?
2811 2613 3133 2686 NugaaNult
3166 2626 3318 2671 certe
3343 2615 3518 2684 ipsum
3557 2632 3644 2670 re-

2047 2724 2172 2763 vera
2207 2708 2373 2764 Dcum
2405 2722 2527 2764 esse
2556 2709 2610 2763 in
2640 2709 2798 2764 nobis
2823 2707 3089 2778 peculiari
3126 2708 3433 2778 praesentire
3459 2709 3642 2772 modo,

2049 2800 2183 2856 nihil
2219 2813 2530 2873 separatum
2565 2816 2593 2855 a
2627 2799 2744 2855 suis
2775 2799 2933 2869 donis
2958 2842 2970 2862 ,
3011 2815 3243 2870 quorum
3277 2810 3469 2859 auctor
3517 2813 3601 2854 est
3627 2839 3642 2860 .

2049 2909 2213 2965 supra
2247 2909 2411 2949 oume
2441 2895 2683 2950 debitum
2718 2901 2950 2949 naturas.
2989 2894 3256 2965 Sequitur
3293 2895 3421 2948 Ὅτι
3458 2895 3516 2947 δὲ
3549 2896 3644 2948 καὶ

2047 2987 2217 3055 ἡμεῖς
2274 2985 2335 3039 τὸ
2398 2986 2667 3040 ἄστεκτον
2728 2985 2842 3058 πῦρ
2900 2987 3023 3056 τῆς..
3055 2986 3324 3058 Θεὸτητος
3380 2987 3645 3052 ὡσαύτως

2048 3066 2317 3147 δεχόμεθα
2346 3119 2361 3143 ,
2422 3077 2658 3132 ἄκουσον
2705 3078 2800 3132 τοῦ
2848 3078 3056 3149 Κυρίου
3106 3077 3358 3150 λέγοντος
3386 3097 3401 3112 -
3451 3099 3469 3130 ι
3529 3081 3649 3158 Πῦρ

2048 3164 2214 3242 ἦλθον
2255 3166 2440 3239 βαλεῖν
2494 3169 2586 3223 ἐπὶ
2637 3169 2739 3241 τῆς
2793 3170 2920 3239 γῆς.
2976 3173 3138 3226 Ποῖον
3186 3171 3315 3225 ἄλλο
3365 3172 3417 3224 ει
3458 3172 3531 3241 μὴ
3586 3173 3651 3224 τὸ

368 3264 503 3317 ciem
531 3265 643 3336 ejus
668 3266 986 3335 spiraculum
1014 3268 1160 3333 vita,
1195 3286 1214 3319 ι
1256 3269 1351 3322 hoc
1377 3279 1476 3330 est.
1514 3266 1773 3338 Spiritum
1798 3266 1951 3324 Filii.

2057 3261 2348 3331 ὁμοούσιον
2393 3262 2561 3316 αὐτοῦ
2606 3264 2709 3332 τῆς
2758 3263 3028 3335 Θεότητος
3083 3262 3351 3334 Πνεῦμα,
3412 3264 3533 3335 μεθ’
3589 3260 3652 3318 οῦ

373 3352 494 3425 Ipse
525 3359 657 3412 enim
697 3359 802 3413 vita
834 3367 915 3413 est
939 3377 1057 3414 cum
1094 3359 1254 3415 Putre
1290 3402 1306 3429 ,
1342 3362 1396 3416 in
1427 3378 1538 3417 esse
1567 3365 1745 3419 omnia
1775 3362 1948 3418 conti—

376 3463 524 3502 nens.
568 3447 635 3502 In
679 3465 738 3503 eo
783 3449 971 3521 quippe
1021 3464 1296 3507 morentur
1343 3462 1393 3507 et
1443 3454 1641 3520 vivunt,
1686 3470 1805 3520 qua:
1832 3455 1956 3510 vitae

374 3537 593 3605 capacia
661 3548 803 3593 sunt.
863 3539 1111 3610 Aliisque
1158 3541 1211 3596 in
1264 3557 1386 3597 eam
1447 3557 1561 3598 rem
1619 3543 1952 3615 interjectis,

386 3625 477 3689 Ὠς
505 3628 603 3682 οὐκ
633 3627 720 3693 ἂν,
748 3626 923 3700 οἶμαι,
954 3632 1036 3694 τὶς
1086 3630 1157 3700 εῦ,
1198 3631 1412 3702 φρονῶν
1446 3632 1506 3685 τὸ
1559 3632 1624 3686 ὲκ
1672 3630 1772 3701 τῆς
1803 3631 1955 3695 Θείας

373 3718 565 3782 οὐσίας
608 3722 869 3792 προελθὸν
914 3725 1221 3796 ἐμφύσημα
1266 3722 1446 3794 ψυχὴν
1495 3720 1664 3777 οἴοιτο
1697 3721 1954 3791 γενέσθαι

374 3808 455 3879 τῷ
485 3808 639 3882 ζὼῳ·
673 3812 982 3883 ψυχωθέντι
1031 3813 1087 3867 δὲ
1119 3813 1347 3884 μᾶλλον,
1397 3814 1492 3867 καὶ
1525 3811 1663 3883 πρὸς
1714 3813 1955 3879 ἰδιότητα

374 3900 478 3970 τῆς
512 3902 721 3967 τελείας
758 3903 974 3973 φύσεως
1011 3904 1076 3958 δι’
1107 3906 1310 3974 ἀμφοῖν
1340 3903 1651 3974 ἀφιγμένῳ,
1685 3902 1863 3974 ψυχῆς
1889 3902 1953 3973 δὴ

373 3991 523 4060 λέγω
562 3995 656 4050 καὶ
711 3995 1005 4066 σώματος,
1051 3984 1305 4068 καθάπερ
1354 3995 1480 4049 τινὰ
1515 3995 1790 4067 σφραγῖδα
1854 3993 1955 4065 τῆς

377 4081 574 4136 ἑαυτοῦ
606 4085 821 4153 φύσεως
869 4083 1133 4156 ὲνέπηξεν
1162 4085 1192 4137 ὁ
1225 4083 1593 4156 Δημιουργδς,
1631 4083 1692 4138 τὸ
1729 4083 1955 4153 Πνεῦμα

375 4176 443 4254 το
488 4175 675 4243 ἅγιονο
728 4176 875 4230 τοῦτ’
908 4177 1023 4231 ἔστι
1070 4178 1170 4250 τὴν
1228 4178 1401 4250 πνοὴν
1450 4177 1552 4246 τῆς
1597 4174 1763 4247 ζωῆς,
1789 4176 1858 4230 δι’
1884 4171 1954 4249 ἧς

379 4267 518 4337 πρὸς
548 4267 605 4320 τὸ
638 4267 946 4338 ἀρχέτυπον
976 4269 1330 4324 διεπλάττετο
1369 4270 1589 4334 κάλλος·
1635 4269 1956 4323 ἀπετελεῖτο

375 4357 440 4410 δὲ
500 4358 622 4413 κατ’
679 4362 865 4414 εἰκόνα
916 4361 1011 4416 τοῦ
1046 4362 1361 4428 κτίσαντος
1402 4364 1543 4432 πρὸς
1596 4361 1956 4437 πᾶσανὶὶδὲαν

379 4450 600 4520 ἀρετῆς,
654 4453 889 4523 δυνάμει
926 4453 1022 4509 τοῦ
1072 4456 1472 4520 ὲνοικισθέντος
1532 4456 1682 4527 αὐτῷ
1723 4455 1956 4527 διακρα-

377 4545 638 4615 τοὺμενος
670 4547 1010 4618 Πνεῦματος.
1036 4546 1338 4604 -Neminem
1370 4566 1516 4604 same
1552 4550 1739 4606 mentis
1765 4551 1954 4605 existi-

2059 3350 2478 3424 συνεισέρχεται
2525 3353 2622 3407 κα)⁹
2651 3352 3046 3424 συνθεωρεῖται
3091 3353 3191 3408 σὺν
3235 3351 3314 3422 τῷ
3348 3354 3524 3423 Πατρὶ
3554 3356 3653 3406 καὶ

2058 3442 2250 3509 αὐτὸς,
2289 3444 2389 3500 καὶ
2429 3443 2578 3497 ἔνδον
2608 3443 2770 3515 ἡμῶν
2819 3444 3069 3512 γίνεται;
3114 3445 3269 3511 Quod
3323 3456 3499 3500 autem
3558 3460 3651 3499 nos

2056 3534 2217 3589 etiam
2259 3532 2648 3599 importabilem
2679 3533 2903 3589 Deitatis
2928 3536 3100 3604 ignem
3119 3536 3496 3603 suscipiamus,
3525 3535 3655 3590 audi

2032 3620 2347 3682 ‘Dominum
2371 3629 2654 3691 dicentem,
2686 3627 2898 3699 «Ignem
2936 3629 3061 3703 ueni)
3085 3629 3291 3683 mittere
3316 3631 3370 3682 iu
3397 3638 3649 3682 terram.)

2061 3720 2229 3786 Quem
2262 3721 2471 3788 ignem,
2512 3720 2616 3774 nisi
2647 3718 2912 3791 Spiritum
2960 3720 3241 3775 Divinitati
3288 3738 3399 3775 sua:
3435 3724 3656 3775 consub-

2057 3812 2385 3879 stantialem,
2421 3830 2540 3866 cum
2570 3829 2673 3884 quo
2709 3830 2816 3869 una
2847 3830 2966 3868 cum
3001 3817 3163 3868 Patre
3194 3815 3307 3879 ipse
3333 3831 3536 3882 quoque
3576 3814 3659 3867 in-

2057 3905 2295 3974 greditur
2317 3914 2365 3959 et
2400 3906 2733 3976 intelligitur,
2758 3923 2820 3960 ac
2850 3908 2905 3959 in
2933 3906 3079 3959 nobis
3104 3916 3344 3965 versatur
3362 3907 3387 3958 ἶ)
3411 3908 3653 3959 Modum-

2024 4043 2029 4047 .
2059 4012 2168 4067 que
2199 3997 2489 4067 specialem
2533 4000 2890 4070 sequentibus
2921 4000 3182 4068 explicat,
3213 4000 3303 4068 qui
3331 4011 3415 4054 est
3448 4000 3658 4053 Extrin-

2061 4088 2232 4144 ristiac
2272 4089 2653 4158 perceptione,
2698 4104 2803 4159 qua
2844 4088 3094 4145 extensio
3129 4097 3232 4156 est,
3277 4090 3394 4157 ejus
3423 4090 3565 4159 quod
3605 4094 3655 4144 iu

2061 4178 2231 4235 Maria
2260 4190 2538 4249 peractum
2574 4181 2892 4251 mysterium
2928 4189 3044 4246 est;
3077 4191 3131 4235 et
3162 4197 3267 4250 qua
3296 4182 3413 4250 ejus
3437 4189 3672 4237 carucm'

2062 4274 2476 4337 manum-antes,
2498 4272 2619 4324 ὅλον
2640 4273 2732 4324 τὸν
2759 4271 3119 4341 σαρκωοέντα
3151 4271 3285 4325 Θεὸν
3322 4275 3418 4325 καὶ
3448 4273 3652 4341 Κύριον

2059 4362 2221 4433 ἡμῶν
2247 4361 2456 4434 Ἰησοῦν
2487 4361 2745 4434 Χριστὸν,
2788 4364 2878 4416 τὸν
2915 4364 3034 4417 Υἱὸν
3080 4363 3246 4417 αὐτὸν
3277 4363 3371 4415 τοῦ
3396 4362 3533 4416 Θεοῦ
3565 4368 3659 4416 καὶ

2062 4455 2192 4509 Υξὺν
2214 4453 2315 4524 τῆς
2341 4455 2624 4527 Παρθένου
2662 4456 2757 4509 καὶ
2786 4439 3134 4527 παναμῶμου
3168 4440 3426 4528 δίαρῖας,
3470 4459 3560 4509 τὸν
3602 4461 3660 4510 ἐν

2063 4548 2219 4619 δεξιᾷ
2240 4547 2555 4619 καθήμενον
2573 4546 2665 4600 τοῦ
2685 4546 2821 4600 Θεοῦ
2843 4550 2938 4602 καὶ
2960 4548 3200 4618 Πατρὸς,
3228 4551 3283 4600 ἐν
3302 4550 3433 4616 ἡμῖν
3463 4548 3664 4617 ἔχομεν

378 4648 642 4693 maturum
678 4656 908 4709 unquam
947 4641 1202 4704 arbitror,
1238 4640 1471 4711 amatum
1514 4657 1579 4695 ea:
1609 4642 1790 4695 divina
1830 4644 1951 4696 sub-

2071 4644 2215 4697 κατὰ
2253 4643 2314 4696 τὸ
2352 4642 2443 4695 ὑπ’
2494 4641 2663 4695 αὑτοῦ
2715 4643 3054 4711 εἰρημένον*
3095 4659 3113 4691 ι
3182 4639 3241 4693 ὐ
3288 4639 3540 4711 τρώγων.
3559 4658 3661 4708 μου

376 4734 574 4787 stantia
604 4734 984 4802 procedentem,
1014 4734 1237 4788 animali
1276 4735 1507 4787 animam
1543 4735 1844 4795 exstitisse;
1870 4735 1961 4789 sed

375 4825 612 4878 animato
639 4826 833 4892 potius,
874 4838 922 4880 et
953 4827 1023 4879 ad
1055 4828 1432 4894 prOprietatem
1480 4838 1687 4903 natura:
1716 4826 1963 4897 perfecta:
2004 4845 2006 4847 ‘

377 4932 444 4968 ex
477 4916 652 4968 anima
695 4927 743 4969 et
792 4934 1008 4979 corpore
1032 4922 1272 4981 deducto,
1313 4930 1518 4974 natura?
1551 4936 1662 4973 sum
1690 4921 1850 4974 veluti
1883 4920 1957 4974 si-

378 5010 658 5078 gnaculum
686 5008 986 5065 Creatorem
1018 5014 1362 5082 impressisse,
1401 5012 1656 5083 Spiritum
1690 5023 1961 5076 sanctum,

379 5103 436 5153 id
469 5111 567 5160 est.
602 5103 923 5168 spiraculum
955 5105 1107 5170 vitta;
1140 5122 1230 5165 ner
1267 5107 1406 5178 quod
1442 5107 1512 5160 ad
1551 5107 1819 5176 archetypi
1847 5107 1964 5175 pul-

378 5194 727 5249 chritudinem
759 5195 1102 5265 formantur,
1145 5213 1194 5252 et
1236 5201 1306 5254 ad
1346 5199 1613 5257 Creatoris
1642 5201 1925 5271 imaginem
1946 5197 1971 5268 ,-

322 5308 339 5312 -
381 5291 451 5342 ad
479 5305 628 5341 omne
652 5290 862 5344 virtutis
903 5307 1067 5361 genus
1091 5333 1105 5357 ,
1142 5293 1328 5347 inserti
1373 5294 1420 5347 ei
1450 5291 1683 5363 Spiritus
1714 5293 1870 5364 inque
1904 5310 1965 5346 eo

381 5379 566 5448 locati,
591 5381 778 5435 virtute
803 5392 1186 5451 conservatum,
1207 5384 1563 5453 perﬁceretur.
1588 5386 1801 5440 Amissa
1829 5387 1963 5449 lucc,

382 5488 478 5544 per
527 5471 838 5529 facultatem
888 5475 1102 5530 arbitrii
1138 5475 1279 5547 (qua:
1320 5477 1433 5547 ipsa
1486 5476 1539 5531 in
1596 5478 1837 5543 homine,
1890 5480 1966 5533 ait

382 5565 631 5636 Cyrillus,
673 5568 916 5636 quietiam
948 5568 1202 5638 imaginis
1235 5569 1410 5639 purlio
1434 5570 1539 5641 est)
1571 5578 1628 5622 ut
1661 5571 1713 5623 in
1749 5569 1969 5625 Christo

384 5663 589 5715 unlone
616 5661 802 5716 itidem
833 5661 1136 5719 divinitatis
1170 5678 1292 5717 cum
1324 5664 1563 5718 humana
1601 5672 1793 5717 natura
1822 5705 1836 5729 ,
1881 5680 1969 5719 re-

385 5761 572 5822 parata
606 5754 740 5821 sint,
775 5763 828 5810 et
857 5769 951 5824 per
974 5750 1105 5810 eum'
1128 5755 1353 5826 ipsoque
1377 5754 1673 5812 Mcdiatore
1699 5756 1753 5811 iu
1788 5757 1967 5823 nobis;

389 5845 525 5901 idem
581 5847 832 5918 pluribus
874 5847 1263 5920 prosequitur:
1299 5848 1394 5905 sed
1449 5848 1563 5906 haec
1624 5848 1782 5907 nobis
1824 5848 1970 5904 sum-

389 5939 551 5996 ciant.

2064 4737 2164 4807 τὴν
2207 4737 2408 4806 σάρκα,
2438 4755 2456 4788 ι
2497 4753 2548 4788 κ.
2586 4752 2636 4787 τ.
2672 4736 2735 4786 ἑ·
2775 4733 2965 4786 Totum
3017 4733 3352 4785 incarnatum
3400 4729 3566 4784 Deum
3612 4743 3662 4782 et

2068 4829 2354 4883 Dominum
2399 4837 2638 4881 nostrum
2689 4824 2872 4881 Jcsum
2912 4823 3214 4885 Christum,
3250 4824 3492 4878 eumdem
3521 4824 3615 4877 Dei
3644 4864 3660 4886 ,

2080 4912 2406 4988 i’iigiuisque
2437 4934 2498 4971 ac
2528 4915 3009 4971 intemeratissimaz
3038 4915 3230 4970 Maria:
3283 4913 3510 4980 Filium,
3543 4932 3662 4969 eum

2066 5014 2154 5083 qui
2185 5010 2326 5065 sedet
2357 5012 2411 5064 in
2440 5011 2657 5064 dextera
2686 5007 2782 5064 Dei
2813 5018 2862 5062 et
2890 5006 3095 5074 Patris,
3125 5010 3182 5063 iu
3214 5008 3363 5063 nobis
3390 5010 3661 5073 habemus,

2059 5108 2223 5177 juxta
2254 5123 2314 5160 ac
2348 5106 2546 5160 dictum
2580 5106 2644 5161 ab
2696 5106 2790 5159 illo
2819 5115 2918 5160 est.
2985 5124 3003 5156 ι
3038 5105 3143 5172 Qui
3175 5107 3457 5159 manducet
3492 5123 3662 5159 meum

2068 5215 2332 5265 carnem,»
2362 5209 2460 5251 etc.
2509 5199 2639 5265 Qua:
2682 5197 2847 5251 verba
2902 5196 3029 5252 alibi
3083 5196 3163 5252 sic
3210 5197 3557 5269 exponit:lu
3589 5214 3666 5249 me

2071 5299 2265 5350 manet,
2310 5293 2371 5343 ὲν
2410 5293 2476 5360 τῇ
2508 5292 2614 5362 ἐμῇ
2652 5290 2801 5365 δόξῃ,
2831 5292 2890 5344 ὲν
2917 5290 2995 5360 τῷ
3020 5291 3140 5360 ἐμῷ
3164 5293 3329 5362 φωτὶ,
3366 5293 3424 5345 ὲν
3445 5293 3511 5361 τῇ
3553 5293 3663 5359 ἐμῇ

2071 5383 2330 5453 Θεότητι·
2360 5382 2426 5437 In
2462 5400 2575 5438 mea
2609 5386 2879 5449 claritate,
2925 5385 2982 5438 in
3030 5401 3146 5440 meo
3185 5386 3404 5449 lumine,
3448 5382 3506 5434 in
3547 5397 3663 5438 mea

2074 5474 2315 5539 Deitate;
2340 5489 2461 5544 qua:
2493 5473 2797 5543 suntdigne
2825 5474 3366 5534 communicantium,
3394 5479 3447 5524 et
3473 5482 3661 5522 eorum

2072 5565 2164 5636 qui
2200 5566 2380 5619 divino
2413 5565 2502 5618 illo
2534 5566 2658 5621 cibo
2693 5581 2818 5621 vero
2847 5577 3027 5620 incute
3064 5565 3398 5620 reﬁciantur.

2147 5658 2387 5732 Nimium
2422 5668 2528 5722 est,
2557 5660 2701 5727 quod
2734 5658 2805 5712 ita
2835 5657 3256 5731 revelationem,
3295 5650 3564 5716 notitiam,
3599 5651 3667 5705 il-

2075 5750 2479 5818 lustratiuncm,
2517 5764 2583 5804 ac
2611 5765 2732 5820 quia
2758 5750 3021 5818 ejusmodi
3057 5757 3182 5802 sunt
3215 5747 3497 5815 praedicat,
3533 5755 3589 5798 ut
3611 5756 3663 5797 ιιι

2028 5848 2033 5855 “
2077 5845 2281 5899 donum
2317 5842 2539 5914 gratim,
2572 5845 2714 5914 quod
2746 5844 3033 5898 habentem
3068 5839 3253 5923 lateat,
3288 5838 3535 5895 rideatur
3563 5852 3662 5894 ett-

2080 5940 2319 6005 clutlcre,
2362 5947 2677 6009 certamque
2704 5939 2926 5992 oumino
2956 5932 3319 5993 inhabitantis
3351 5930 3446 5988 Dei
3477 5928 3665 6003 cogitis
