4052 6426
800 370 833 383 α

542 410 653 475 183

1808 410 2210 474 MANUELIS
2248 410 2559 473 CALECAZ

3675 417 3766 483 ΞΜ

542 523 768 591 (quippe
791 518 1033 576 auctoris
1062 533 1167 576 non
1190 519 1414 577 omnino
1444 518 1671 591 laudati)
1699 535 1804 575 non
1832 521 2126 576 admodum
2156 527 2202 585 Α
2231 521 2331 586 dit,
2364 525 2563 589 (imbus
2592 534 2653 577 se
2678 529 2965 593 patronum
3001 523 3317 581 Cerularius
3346 527 3601 597 przeberet
3623 567 3637 592 ,
3666 530 3776 585 hinc

540 618 833 680 premeret.
877 609 1158 665 Potuerint
1207 612 1412 677 aemuli,
1462 626 1601 680 quos
1650 617 1834 666 tantos
1890 606 2145 683 Symeou'

538 715 735 771 passus
765 690 871 767 est,
906 701 1012 756 hoc
1046 701 1120 755 illi
1157 694 1447 770 aangere,’
1479 712 1539 756 ut
1583 711 1667 757 est
1722 701 1905 765 facile,
1956 714 2123 756 unum

545 792 783 860 aliquem
813 793 1079 862 ejusmodi
1114 802 1428 860 tractaturo,
1455 793 1541 849 vel
1572 796 1877 848 sermonem
1905 793 1991 846 vel
2012 792 2126 862 epi-

540 886 755 949 stolam,
785 899 888 939 non
922 894 1084 938 tantae
1113 884 1274 939 molis
1303 893 1397 939 aut
1432 885 1733 951 industriae,
1765 886 1847 940 vel
1887 885 2007 956 ejus
2042 885 2126 939 iu-

538 978 772 1031 famaudi
829 991 990 1032 causa
1020 1015 1037 1042 ,
1083 977 1165 1033 vel
1216 979 1499 1046 captandas
1548 979 1908 1043 auctoritatis,
1962 978 2120 1033 alteri

539 1070 788 1122 subdere.
816 1066 956 1122 llinc
981 1067 1263 1123 innumera
1295 1068 1382 1123 illa
1406 1069 1868 1139 ἐπιγραφομένων
1888 1082 2045 1135 seges
2067 1075 2122 1123 et

538 1159 1009 1229 ψευδεπιγράφων
1066 1162 1207 1234 apud
1263 1160 1482 1217 Grmcos
1533 1163 1737 1231 pariter
1777 1170 1834 1217 et
1873 1162 2121 1227 Latinos.

540 1247 770 1303 Michael
820 1248 1056 1313 Psellus,
1100 1258 1240 1304 orat.
1291 1264 1389 1304 sua
1433 1251 1500 1303 ad
1543 1249 1806 1319 synodum
1865 1248 1919 1303 in
1956 1262 2124 1303 causa

541 1341 832 1407 Cernlarii,
866 1341 995 1396 sede
1019 1340 1160 1411 pulsi
1188 1340 1437 1397 saeculari
1467 1350 1752 1410 potestate,
1776 1354 1842 1395 ac
1871 1340 2120 1408 synodali

541 1434 856 1501 cognitione
904 1432 1244 1497 damnandi,
1278 1447 1444 1502 quam
1482 1432 1578 1488 ille
1610 1433 2012 1488 damnationem
2055 1446 2122 1487 ac

541 1520 939 1590 depositiouem
990 1524 1138 1578 serio
1177 1532 1432 1592 urgeret;
1468 1523 1581 1579 visa
1628 1523 1748 1590 illa,
1787 1525 1985 1594 quibus
2017 1524 2123 1579 ali-

541 1614 673 1682 quid
704 1630 811 1669 nou
846 1614 980 1669 satis
1007 1613 1370 1669 Christianam
1396 1616 1597 1670 decens
1628 1615 1990 1681 honestatem,
2020 1630 2119 1669 exs

543 1719 650 1775 que
708 1705 800 1760 Dei
853 1716 908 1761 et
961 1715 1277 1761 sanctorum
1325 1706 1654 1772 rationibus,
1704 1707 2119 1773 immisceatur;

543 1796 812 1851 diabolica
838 1806 1147 1852 cor-amenta
1173 1811 1295 1853 esse
1325 1799 1557 1869 probat;
1584 1797 1891 1868 cujusmodi
1932 1806 2121 1853 osten-

758 1908 789 1939 ⁸
884 1896 899 1912 ο

2233 613 2560 681 gravissime
2594 628 2879 671 arcessens
2908 614 3267 685 Clialdaismi,
3298 626 3355 673 ut
3387 629 3578 684 vocat;
3607 635 3774 689 super-

2233 704 2473 760 stitionis
2503 704 2711 760 scilicet
2742 696 3031 777 spirituum
3056 717 3111 763 ct
3139 710 3437 767 animorum
3460 748 3474 774 ,
3499 725 3630 779 quae,
3660 711 3778 765 alia-

2231 808 2336 863 que
2364 793 2418 847 in
2450 806 2575 847 eum
2602 794 2747 851 dicta
2775 798 3095 867 scriptaque
3121 839 3137 864 ,
3178 814 3277 855 nec
3307 800 3587 868 injucunda
3618 800 3742 855 lcctu
3765 841 3778 867 ,

2230 902 2335 944 nec
2365 893 2578 947 inutilia
2616 890 2733 943 fore
2773 904 2954 959 spero,
2992 891 3043 944 iu
3070 890 3339 962 vulgaudo
3368 906 3397 945 a
3435 905 3514 945 uie
3559 888 3779 945 Historia:

2229 978 2545 1052 Byzantium
2595 990 2915 1052 exspectato
2974 990 3167 1047 tumo,
3216 996 3321 1050 quo
3374 986 3489 1036 suis
3531 982 3779 1038 coloribus

2230 1076 2447 1144 egregie
2468 1074 2669 1144 depicti
2694 1082 2854 1141 atque
2872 1073 3115 1140 expressi
3140 1074 3464 1142 prodantur,
3490 1074 3575 1143 qui
3598 1073 3779 1130 Graecis

2229 1163 2543 1219 schismatis
2575 1173 2826 1218 auctores
2854 1162 3154 1239 exstitere;
3187 1165 3514 1232 nequissima
3553 1177 3672 1218 vere
3699 1180 3779 1218 ca—

2228 1254 2342 1324 pita
2368 1293 2385 1317 ,
2421 1265 2474 1309 et
2502 1255 2593 1324 qui
2648 1263 2808 1309 tantm
2840 1253 3017 1325 gentis
3045 1263 3101 1308 et
3149 1254 3403 1309 Ecclesiae
3434 1254 3548 1309 labe
3576 1271 3635 1308 ac
3661 1256 3778 1308 ano-

2231 1344 2455 1415 στασίᾳ,
2479 1346 2576 1400 ulti
2599 1345 2730 1405 sint,
2759 1359 2895 1411 quas
2923 1344 3248 1399 videbantur
3270 1344 3498 1412 injurias
3516 1345 3614 1413 ipsi
3643 1359 3780 1398 accr-

2227 1433 2393 1504 pisse.
2420 1432 2544 1488 Haec
2577 1433 2863 1497 hactenus,
2889 1433 3038 1503 justo
3063 1432 3206 1486 forte
3233 1430 3776 1502 παρεκσατικὼτερον,

2230 1524 2286 1578 iu
2325 1525 2523 1594 quibus
2569 1524 2702 1594 ipsis
2748 1525 2971 1579 meliora
3023 1534 3299 1593 exspecto,
3347 1525 3394 1578 si
3441 1523 3558 1591 quis
3606 1521 3779 1575 docere

2229 1616 2465 1682 habent,
2517 1630 2582 1669 ac
2627 1615 2710 1670 vel
2760 1616 3088 1687 Symeonem
3130 1617 3340 1671 certius
3369 1614 3662 1677 vindicare,
3707 1610 3778 1666 vel

2227 1707 2390 1762 etiam
2453 1721 2603 1762 reum
2658 1706 2874 1772 facere,
2923 1715 3174 1777 superest
3227 1721 3400 1777 pauca
3460 1704 3694 1776 quietiam
3733 1701 3778 1757 iu

2226 1799 2401 1868 ipsam
2429 1797 2639 1854 Caleea:
2678 1797 3112 1854 lucubratiouem
3149 1813 3214 1853 ex
3249 1810 3402 1855 more
3452 1797 3717 1852 adnotare.

1738 2163 1878 2220 ΤΟΥ
1906 2163 2310 2221 ΣΟΦΩΤΔΤΟΥ
2337 2164 2605 2221 ΚΥΡῙΟΥ

1155 2337 1997 2546 ΜΑΝΟΥΗΛ
2073 2341 2424 2475 ΤΟΥ
2498 2336 3200 2474 ΚΑΛΕΚΑ

2100 2569 2259 2621 ΠΕΡΙ

1512 2726 1910 2822 ΟΥΣΙΑΣ
1983 2729 2180 2817 ΚΑΙ
2265 2732 2411 2818 ΕΝ
2415 2726 2871 2818 ΕΡΓΕΙΑΣ

1792 3028 2391 3133 ssplsu'rtssm.
2421 3067 2590 3133 Vtru

1266 3250 2244 3431 MANUELIS
2305 3247 3100 3499 QALECIE

1784 3541 2041 3589 ORDINIS

2091 3541 2599 3589 Ρωιοηοιιιηι

1122 3706 1274 3795 DE
1452 3706 2015 3798 ESSENTIA
2136 3706 2284 3794 ET
2427 3701 3257 3797 OPEBATIONE.

1260 3897 1331 3960 F.
1365 3897 1705 3959 Francisco
1738 3893 2129 3974 Combeﬁsio,
2161 3895 2438 3978 ejusdem
2467 3894 2755 3970 Ordinis,
2789 3850 3152 3975 interprets.

562 4314 777 4382 positus
806 4322 909 4378 est,
940 4322 1000 4370 ut
1024 4315 1186 4372 latam
1214 4330 1244 4372 a
1276 4315 1483 4387 synodo
1510 4316 1584 4387 de
1652 4316 1834 4371 divina
1897 4316 2134 4387 essentia

559 4403 854 4474 divinaque
882 4406 1206 4474 operatione,
1239 4405 1416 4476 deque
1434 4405 1542 4461 illis
1570 4414 1713 4461 mota
1767 4408 2069 4478 quaestione

559 4498 909 4562 sententiam,
967 4498 1172 4554 clarius
1228 4509 1542 4555 retexamus
1581 4514 1597 4566 ;
1630 4513 1736 4568 quo
1792 4499 2022 4566 scilicet,
2101 4499 2135 4555 ii

562 4587 654 4656 qui
692 4587 1089 4643 mutilationem
1113 4589 1329 4660 quidem
1352 4590 1572 4655 habent,
1589 4591 1684 4645 sed
1709 4607 1813 4647 non
1838 4593 2135 4647 secundum

560 4680 842 4742 scient‘am
871 4681 912 4747 ',
932 4680 1249 4759 erudiantur
1272 4681 1336 4735 ad
1363 4681 1601 4752 legitime
1630 4684 1965 4747 certandum,
1997 4685 2139 4740 unde

561 4773 663 4825 sibi
693 4779 746 4826 et
775 4786 1031 4828 coronam
1088 4771 1403 4841 acquiraut;
1436 4771 1527 4841 qui
1581 4782 1758 4851 autem
1786 4790 1850 4828 ex
1885 4774 2141 4845 simplici-

564 4872 671 4916 tate
701 4861 971 4932 ignoraut,
1004 4862 1334 4931 doceantur;
1373 4878 1519 4930 nam,
1566 4871 1624 4917 ut
1672 4875 1862 4920 auctor
1892 4873 1977 4922 est
2005 4868 2142 4922 divi-

563 4965 661 5004 uus
680 4937 999 5020 Apostolus:
1022 4951 1125 5018 Qui
1153 4953 1382 5023 ignorat,
1405 4954 1807 5024 ignorabitur”;
1839 4956 1986 5028 iique
2004 4959 2140 5012 adeo

563 5042 750 5109 etiam,
780 5043 870 5113 qui
922 5043 1161 5110 proclive
1188 5083 1204 5109 ,
1237 5058 1332 5099 seu
1384 5049 1563 5115 potius
1593 5056 1799 5105 temere
1859 5064 1924 5105 ac
1981 5049 2143 5104 mali-

566 5148 669 5199 gne
703 5134 837 5189 alios
873 5133 1304 5201 calumniantur,
1341 5138 1532 5207 eisque
1556 5139 1849 5195 detrahunt
1873 5128 1890 5205 ζ
1916 5139 2140 5210 injusti-

568 5230 652 5281 tia:
674 5234 993 5297 arguantur.
1038 5223 1185 5282 lianc
1212 5229 1478 5297 nimirum
1509 5233 1859 5297 sententiam,
1889 5232 2140 5287 uuiVnrsa

567 5318 830 5389 synodus,
884 5316 1207 5386 praesidente
1295 5322 1640 5391 imperatore,
1687 5324 1899 5394 saepius
1946 5337 2143 5378 conve-

569 5409 748 5475 uiens,
773 5404 903 5473 ipsa'
921 5408 1265 5478 promulgans
1294 5420 1457 5480 atque
1491 5412 1863 5476 conscribeus,
1886 5420 2141 5482 tanquam

570 5504 733 5551 rectae
798 5496 920 5552 ﬁdei
983 5498 1287 5555 columnam
1347 5502 1451 5557 sibi
1512 5503 1935 5572 proposuit,ac
1999 5505 2142 5559 velut

529 4243 537 4251 ι
632 4218 692 4274 Id
725 4219 885 4276 nobis
910 4220 996 4277 hic
1024 4221 1146 4293 loci,
1171 4220 1327 4294 quasi
1362 4222 1806 4294 defungentibus,
1846 4222 1970 4280 linis
2001 4239 2131 4295 pro-

2308 4221 2518 4287 Σκοπὸς
2563 4222 3077 4294 αὐτοσχεδιάζουσιν
3116 4218 3379 4290 ἐνταῦθα,
3420 4222 3519 4295 τὴν
3562 4209 3788 4290 περὶτοῦ

2241 4312 2555 4386 ζητήματος
2585 4316 2683 4384 τῆς
2730 4314 2877 4375 θείας
2908 4315 3128 4381 οὐσίας
3172 4314 3267 4368 καὶ
3311 4314 3463 4379 θείας
3514 4308 3792 4380 ἐνεργείας

2239 4409 2389 4478 παρὰ
2419 4407 2519 4477 τῆς
2573 4407 2792 4461 συνόδου
2842 4406 3267 4478 προενεχθεῖσαν
3303 4406 3596 4476 ἀπόφασιν,
3649 4395 3794 4465 σαφέ·

2241 4515 2432 4571 στερον
2485 4498 2785 4569 ὲξυφάναι·
2836 4499 2910 4562 ὡς
2953 4498 3041 4565 ἂν,
3093 4499 3143 4552 oi
3196 4497 3297 4568 μὲν
3349 4498 3534 4570 ζῆλον,
3586 4493 3644 4548 οὐ
3687 4483 3792 4544 κατ’

2240 4588 2537 4657 ἐπίγνωσιν
2562 4587 2616 4641 δὲ
2646 4588 2886 4659 ἔχοντες,
2939 4588 3309 4642 παιδευθῶσιν
3341 4582 3692 4657 ἀγωνίζεσθαι
3717 4594 3794 4632 νο·

2245 4678 2449 4751 μίμως,
2481 4678 2540 4744 ἑξ
2565 4671 2628 4733 οῦ
2669 4663 2762 4733 καὶ
2809 4679 2837 4732 ὁ
2886 4679 3187 4749 στέφανοςο
3216 4679 3272 4733 οἵ
3313 4697 3373 4733 τε
3418 4678 3476 4746 ἐξ
3520 4674 3794 4741 ἁπλότητος

2241 4768 2589 4837 ἀγνοοῦντες,
2628 4769 2879 4838 μάθωσιν
2907 4787 2920 4800 ⁸
2957 4770 3082 4822 ἐπεὶ
3103 4769 3244 4822 κατὰ
3269 4770 3362 4823 τὸν
3391 4769 3530 4823 θεῖον
3568 4762 3798 4820 Ἀπόστο-

2240 4860 2355 4924 λον,
2398 4861 2460 4914 '0
2489 4859 2723 4929 ἀγνοῶν
2775 4860 3219 4932 ἀγνοηθήσεται
3243 4876 3257 4890 ·
3284 4861 3383 4915 καὶ⁵
3408 4860 3472 4930 δὴ
3503 4856 3594 4912 καὶ
3617 4854 3662 4907 οί
3687 4850 3797 4908 τοὺς

2242 4950 2436 5015 ἄλλους
2469 4955 2797 5024 προχείρως,
2827 4953 2860 5024 ἢ
2914 4953 3114 5024 μᾶλλον
3142 4953 3352 5020 ἀλόγως
3387 4952 3483 5006 καὶ
3526 4943 3795 5013 κακοήθως

2246 5047 2708 5116 συκοφαντοῦντες
2755 5047 2850 5101 καὶ
2907 5043 3293 5109 διαϐάλλοντες
3345 5041 3670 5112 ἐλεγχθῶσιν
3699 5031 3797 5085 ἀδι-

2245 5137 2489 5202 κοῦντες.
2519 5139 2621 5192 Ἦν
2643 5139 2777 5212 δῆτα
2829 5139 3105 5207 ἀπόφασιν
3144 5138 3240 5207 ὅλη
3292 5136 3512 5199 σύνοδος
3554 5125 3797 5203 βασιλέως

2245 5233 2747 5304 προκαθεζομένου,
2797 5231 3063 5296 πολλάκις
3118 5229 3474 5293 συνελθοῦσα,
3540 5227 3797 5288 ἀποφηνα·

2248 5324 2387 5393 μένη
2449 5328 2544 5380 καὶ
2597 5317 3071 5396 συγγραψαμένή,
3120 5323 3197 5387 ὡς
3248 5323 3456 5392 στήλην
3514 5310 3797 5396 ὀρθοδθξίᾳς

2247 5416 2414 5486 ἑαυτῇ
2446 5413 2749 5485 προῦθηκε,
2776 5417 2889 5479 τοῖς
2924 5433 2983 5468 τε
3022 5395 3217 5477 ἄλλοις
3250 5411 3506 5481 κατέχειν
3536 5403 3696 5472 αὐτὴν
3731 5395 3797 5496 tit:

2248 5506 2374 5576 ὅρον
2405 5506 2690 5571 εὐσεϐείας
2714 5507 3068 5581 παραδέδωκε
3092 5521 3106 5535 ·
3141 5505 3238 5560 καὶ
3273 5504 3336 5574 δὴ
3365 5502 3460 5556 καὶ
3498 5498 3679 5581 Τόμονγ
3701 5502 3797 5581 ἴου

550 5587 785 5659 pietatis
826 5589 1087 5660 regulam,
1136 5592 1359 5663 reiiquis
1410 5594 1700 5647 tenendam
1759 5594 2131 5656 tradiditznet

2251 5559 2506 5667 ἡαλαμᾶ
2546 5559 3229 5667 ταύῇνὲττονομὸιζεσθαι
3288 5559 3597 5662 δίωρὶσατο.
3644 5576 3796 5632 Τοῦτο

573 5680 921 5735 nonTomum
955 5680 1195 5744 Palamm
1221 5684 1604 5756 appellandam
1641 5689 1842 5742 sanxit.
1874 5684 1931 5741 ld
1967 5688 2144 5744 euim-

648 5839 667 5873 ι
695 5834 855 5899 Rom.
893 5856 944 5910 χ,
981 5838 1033 5895 ι.
1111 5839 1132 5871 ²
1158 5836 1177 5892 l
1207 5835 1336 5894 Cor.
1373 5852 1485 5905 xiv,
1520 5837 1611 5894 38.

2258 5687 2441 5762 μέντοι
2486 5686 2764 5760 γνώριμον
2812 5689 2932 5753 ταῖς
2981 5686 3243 5752 διανοίαις
3285 5684 3397 5739 τῶν
3458 5678 3526 5734 τὰ
3574 5669 3794 5742 παρόντα
