4052 6436
216 437 239 448 ·
302 408 411 470 3’85

1332 411 1430 470 DE
1477 410 1849 472 ESSEN'TiA
1897 411 1991 470 ΕΤ
2026 411 2546 476 ΟΡΕΒᾹΤΙΟΝΕ.
3119 458 3139 484 ,

3463 417 3572 485 ἓῖϐ

298 519 775 589 ἀναγνωσομένων
830 521 1268 590 προῦποκείσοω,
1311 523 1386 585 ὡς
1430 519 1498 592 ἦν
1530 523 1746 596 καιρὸς,
1789 525 1877 579 ὅτε

1992 540 2113 578 vero
2168 541 2357 580 eorum
2387 527 2478 596 qui
2510 526 2610 580 ista
2661 523 2852 579 lceturi
2883 532 3029 592 sunt,
3085 533 3209 582 ante
3231 527 3416 582 omnia
3455 535 3575 584 ani-

300 615 332 684 ἡ
375 611 674 679 Ἐκκλησία
706 611 844 682 αὕτη
878 613 978 676 τῆς
1016 613 1347 684 ἀποφάσεως
1377 616 1583 685 ταύτης
1609 617 1878 687 πρότερον

300 705 497 776 ἑτέραν
530 705 781 758 ἐναντίαν
815 705 1074 776 ἐξήνεγκε
1099 723 1112 738 ⁸
1165 709 1258 761 καὶ
1297 707 1668 779 μαρτυροῦσιν
1695 709 1742 762 οἱ
1790 707 1887 760 καί

301 797 396 850 νῦν
425 797 506 850 ἔτι
539 796 743 861 ζῶντες
771 799 836 867 τῇ
880 799 1084 868 συνόδῳ
1125 797 1248 851 τότε
1295 799 1757 869 παραγενόμενοι,
1788 797 1883 850 καὶ

301 890 357 941 αἱ
390 888 664 960 προϐἅσαι
721 891 996 944 συνοδικαὶ
1025 890 1257 961 πράξεις
1311 891 1405 944 ἐπὶ
1453 888 1686 951 τούτοις,
1725 887 1882 958 βασι-

303 977 554 1042 λεύοντος
601 979 966 1046 Ἀνδρονίκου,
995 983 1090 1034 καὶ
1117 980 1186 1032 τά
1211 978 1574 1050 ἱστορούμενα
1609 979 1736 1048 περὶ
1759 977 1883 1029 τού-

301 1088 442 1124 των’
475 1070 608 1124 ὥστ’
640 1071 940 1139 ἀμφίϐολον
981 1066 1120 1126 εἶναι
1156 1074 1362 1140 ποτέρα
1407 1072 1516 1125 τῶν
1550 1072 1883 1140 ἀποφάσεων

302 1164 509 1217 τούτων
531 1163 763 1234 τάληθὲς
798 1165 916 1234 μεθ’
948 1163 1151 1234 ἑαυτῆς
1184 1165 1297 1234 ἔχει
1326 1181 1339 1195 -
1372 1166 1471 1239 τὴν
1500 1165 1612 1234 γὰρ
1649 1163 1883 1231 ἀντίφα-

305 1268 390 1309 σιν
423 1257 496 1327 μὴ
525 1256 791 1311 δύνασθαι
815 1258 1222 1327 συναληθεύειν,
1248 1259 1345 1313 καὶ
1375 1259 1458 1310 ὅτι
1484 1257 1749 1311 ἀδύνατον
1781 1258 1881 1326 τὴν

300 1347 604 1418 λεγομένην
634 1350 728 1404 καὶ
776 1349 1176 1420 πιστευομένην
1210 1349 1506 1420 καθολικὴν
1549 1347 1882 1419 Ἐκκλησίαν

299 1441 471 1511 αὐτὴν
504 1435 669 1506 εἶναι,
701 1441 802 1512 τὴν
836 1443 964 1514 περὶ
993 1442 1104 1496 τῶν
1145 1443 1328 1497 αὐτῶν
1377 1445 1472 1512 τῆς
1507 1443 1744 1503 πίστεως
1784 1458 1881 1494 κε-

301 1533 547 1602 φαλαίων
591 1535 686 1586 νῦν
743 1535 840 1602 μὲν
871 1534 1068 1600 οὕτως,
1107 1534 1203 1587 νῦν
1234 1535 1278 1586 δ’
1312 1535 1536 1596 ἐκείνως
1582 1534 1883 1586 τάναντιώ-

295 1643 443 1678 τατα
507 1624 804 1695 κρίνουσαν
877 1627 974 1679 καῖ
1042 1626 1378 1696 κρατοῦσαν,
1438 1625 1536 1677 καὶ
1592 1625 1882 1695 παρρησίᾳ

296 1721 591 1788 γράμμασι
624 1719 717 1772 καὶ
765 1719 1084 1790 πράγμασιν
1136 1721 1602 1794 ἀποφαινομένην.
1654 1723 1744 1772 Δεῖ
1772 1719 1882 1792 γὰρ

297 1810 397 1880 τὴν
446 1809 738 1882 καθολικὴν
789 1809 1114 1882 Ἐκκλησίαν
1143 1812 1434 1883 ἀληθεύειν
1464 1814 1582 1868 ἀεί’
1618 1814 1742 1867 ἐπεὶ
1787 1817 1880 1867 καὶ

297 1903 393 1955 τὸν
424 1903 808 1973 παρακούοντα
835 1903 1040 1976 ταύτης
1076 1904 1290 1958 ἐθνικὸν
1314 1907 1410 1958 καὶ
1440 1905 1682 1977 τελώνην
1713 1907 1741 1958 6
1769 1905 1882 1959 Κύ-

301 2011 422 2064 ριος
460 1991 598 2048 εῐναι
626 1994 938 2064 διωρίσατο.

376 2087 492 2139 Ἵνα
529 2087 709 2140 τοίνυν
739 2087 884 2141 κατά
908 2088 1110 2143 σκοπὸν
1141 2089 1464 2162 ἀρξάμενοι,
1495 2092 1594 2164 τὴν
1626 2095 1756 2162 περὶ
1786 2093 1882 2147 τοῦ

304 2177 615 2250 ζητήματος
648 2180 746 2250 τῆς
772 2180 921 2244 θείας
951 2181 1143 2245 οὐσίας
1180 2184 1274 2236 καὶ
1304 2184 1588 2255 ἐνεργείας
1619 2185 1715 2237 νῦν
1747 2201 1885 2253 κρα-

306 2268 508 2322 τοῦσαν
559 2269 835 2340 ἀπόφασιν
883 2272 1259 2342 ὲξυφάνωμεν,
1312 2277 1406 2328 καὶ
1457 2276 1662 2345 ταύτην
1714 2278 1884 2346 αὐτὴν

310 2360 395 2428 ἐφ’
428 2362 625 2431 ἑαυτῆς
671 2363 820 2427 ὅπως
871 2363 987 2434 ἔχει
1016 2365 1337 2436 θεωρῶμεν,
1388 2367 1590 2422 εἰδέναι
1650 2368 1754 2438 χρὴ
1800 2369 1882 2421 ὅτι

310 2452 390 2520 τῷ
432 2453 641 2523 ῥηθέντι
684 2455 850 2524 Τόμῳ
877 2456 976 2524 τῆς
1007 2457 1230 2511 συνόδου
1265 2458 1325 2523 ἓξ
1355 2460 1628 2528 κεφάλαια
1663 2463 1758 2514 καὶ
1781 2461 1884 2532 ζη-

317 2544 536 2613 τήματα
573 2549 668 2600 καὶ
706 2548 1154 2620 συμπεράσματα
1203 2550 1490 2622 πρόκειται
1542 2553 1734 2619 δεῖξαι,
1790 2553 1885 2606 καὶ

328 2637 456 2704 περὶ
484 2637 671 2693 τούτων
704 2641 936 2696 καθόλου
984 2643 1479 2715 πραγματεύεται·
1515 2639 1591 2699 ὧν
1639 2646 1880 2715 πρῶτον,

321 2728 404 2782 ὅτι
436 2728 576 2786 ἔστιν
603 2734 692 2786 ἐπὶ
721 2734 858 2788 Θεοῦ
891 2736 1164 2807 διάκρισις
1203 2738 1392 2802 οὐσίας
1434 2739 1530 2792 καὶ
1556 2741 1842 2810 ἐνεργείας
1867 2759 1882 2774 ·

312 2818 557 2892 δεύτερον
586 2825 666 2878 ὃτι
695 2826 956 2896 ἐνέργεια
989 2826 1127 2898 αὕτη
1160 2828 1311 2881 ἐστὶν
1350 2829 1605 2894 άκτιστος
1630 2847 1645 2861 ο
1674 2831 1882 2899 τρίτον,

307 2912 454 2982 ast-i1
505 2915 771 2986 διάκρισις
804 2918 944 2991 αὕτη
976 2921 1072 2975 καὶ
1113 2922 1146 2991 ή
1177 2921 1414 2990 διαφορὰ
1463 2923 1520 2977 ἐν
1547 2922 1626 2994 τῷ
1672 2923 1792 2993 Θεῷ
1821 2925 1883 2978 οὐ

308 3009 457 3059 ποιεῖ
484 3009 730 3066 σύνθεσιν
763 3013 820 3063 ἐν
851 3012 1000 3083 αὐτῷ
1023 3030 1038 3046 ο
1072 3014 1134 3068 τὸ
1185 3016 1465 3086 τέταρτον,
1497 3017 1579 3070 ὅτι
1613 3019 1674 3070 τὸ
1714 3016 1887 3087 ὄνομα

307 3098 408 3167 τῆς
459 3101 719 3168 Θεὸτητος
749 3104 849 3156 οὐκ
880 3106 973 3157 ἐπὶ
1017 3104 1121 3175 τῆς
1171 3107 1358 3171 οὐσίας
1405 3107 1568 3177 μόνον
1604 3110 1697 3164 τοῦ
1748 3107 1884 3162 Θεοῦ

1988 617 2090 671 tuis
2132 625 2304 678 ratum
2335 628 2456 672 esto
2485 633 2548 671 ac
2578 617 2962 682 constitutum,
2998 617 3167 673 fuisse
3219 629 3429 689 tempus
3447 637 3572 676 cum

1987 709 2102 762 lucc
2128 708 2386 771 Ecclesia,
2451 709 2779 763 sententiam
2813 709 3008 764 aliam
3062 709 3191 765 huic
3241 715 3572 768 contrariam

1985 809 2109 855 ante
2135 801 2341 861 edidit;
2379 814 2443 863 ac
2479 807 2769 879 testantur,
2792 801 2884 870 qui
2912 802 3081 856 etiam
3118 818 3244 856 num
3308 807 3575 872 supersti-

1987 906 2085 956 tes,
2113 894 2318 964 synodo
2347 895 2418 949 illi
2448 894 2835 960 interfuerunt,
2868 896 3144 966 Actusque
3181 898 3278 965 ipsi
3305 911 3368 948 eo
3394 898 3444 949 in
3475 914 3570 950 ne-

1985 989 2130 1055 getio
2157 987 2460 1052 SVnodales,
2494 988 2810 1044 Andronico
2857 989 3187 1057 imperatore
3213 1029 3228 1054 ,
3263 989 3428 1041 llzthiii
3461 1005 3476 1047 ;
3511 1003 3575 1040 ac

1985 1080 2216 1149 denique
2239 1094 2357 1148 quae
2394 1080 2459 1132 de
2488 1080 2594 1134 illis
2617 1088 2892 1148 gestorum
2931 1081 3298 1133 monumentis
3325 1082 3571 1134 conSt-ri—

1986 1178 2076 1240 pta
2109 1180 2234 1223 sunt
2269 1186 2284 1224 ι
2315 1171 2570 1239 quocirca
2599 1171 2821 1225 dubium
2853 1179 2960 1236 est,
2990 1179 3109 1224 utra
3127 1170 3320 1224 harum
3349 1181 3574 1224 senten-

1987 1261 2184 1314 tiarum
2218 1261 2451 1315 veritate
2475 1262 2702 1316 nitatur.
2738 1261 2934 1330 Liquet
2958 1264 3102 1316 enim
3133 1262 3246 1316 ﬁeri
3273 1277 3380 1315 non
3413 1277 3573 1329 posse

1987 1361 2045 1407 ut
2072 1352 2362 1408 allirmatio
2391 1362 2444 1408 et
2475 1355 2692 1423 negatio
2727 1354 2892 1408 simul
2933 1369 3071 1409 νεῖαι
3119 1355 3252 1417 sint,
3287 1355 3369 1408 vel
3397 1365 3454 1407 ut
3486 1355 3573 1406 illa

1985 1444 2196 1499 dicatur
2219 1453 2379 1513 atque
2418 1445 2676 1499 credatur
2737 1444 2977 1499 Ecclesia
3023 1445 3312 1507 catholica,
3349 1459 3470 1512 qua:
3508 1444 3577 1498 de

1985 1535 2174 1598 iisdem
2207 1537 2328 1590 lidei
2351 1537 2602 1605 capitulis
2627 1537 2788 1591 modo
2813 1537 2917 1602 sic,
2964 1549 3122 1591 mouo
3159 1537 3319 1590 aliter
3351 1576 3366 1600 ,
3402 1537 3578 1590 maxi-

1985 1641 2073 1682 me
2106 1628 2382 1681 contrari'a
2422 1630 2700 1694 decernat,
2746 1637 3036 1698 teneatque
3064 1636 3120 1682 et
3154 1627 3330 1695 palam
3357 1625 3579 1693 scriptis

1985 1718 2253 1788 factisque
2302 1718 2812 1775 enuntiet.Neccsse
2875 1727 2959 1774 est
3013 1721 3182 1783 enim,
3221 1725 3278 1771 ut
3333 1716 3575 1772 Ecclesia

1987 1811 2255 1867 catholica
2302 1825 2490 1865 verum
2527 1825 2741 1880 semper
2769 1812 2954 1876 dicat;
2985 1827 3107 1866 nam
3133 1819 3189 1865 et
3217 1810 3447 1881 quieam
3471 1822 3577 1862 non

1989 1905 2249 1967 audierit,
2285 1904 2562 1959 ethnicqu
2597 1912 2652 1959 et
2701 1903 3053 1974 publicanum
3118 1903 3259 1973 fore,
3317 1901 3581 1958 Dominus

1987 1993 2240 2051 statuit’.
2335 2062 2340 2064 _

2058 2085 2129 2141 Ut
2157 2087 2324 2157 igitur
2377 2096 2530 2142 certa
2562 2087 2628 2142 ad
2680 2087 2954 2144 destinata
3014 2087 3231 2143 ratione
3273 2088 3576 2151 ordientes,

1985 2179 2103 2249 ejus
2130 2195 2250 2248 qua!
2279 2193 2422 2235 nunc
2453 2180 2683 2245 obtinet,
2718 2181 2788 2246 de
2828 2180 3008 2235 divina
3031 2181 3268 2235 essentia
3294 2195 3359 2235 ac
3388 2194 3583 2248 opera-

1988 2273 2154 2335 tione,
2183 2273 2502 2342 qumstionis
2547 2273 2879 2330 sententiam
2948 2257 3282 2336 retexamus',
3329 2272 3606 2340 hancque»

1987 2363 2161 2434 ipsam
2186 2364 2243 2438 in
2269 2367 2469 2436 seipsa,
2503 2364 2805 2435 cujusmodi
2845 2365 2936 2429 sit,
2975 2375 3354 2425 contueamur,
3389 2363 3582 2416 obser-

1988 2457 2220 2512 vandum
2248 2468 2332 2513 est
2357 2474 2374 2524 ;
2408 2457 2483 2512 illi
2505 2473 2668 2527 quem
2689 2456 2802 2512 dixi
2832 2496 2849 2522 ,
2882 2456 3077 2528 synodi
3115 2453 3322 2517 ~Tomo,
3350 2468 3447 2509 se:
3475 2467 3578 2507 ca-

1989 2555 2098 2625 pita
2143 2569 2208 2608 ac
2249 2555 2582 2622 quaestiones
2657 2550 3177 2619 conclusionesque,
3238 2548 3578 2602 ostendenda

1988 2646 2260 2716 proposita
2291 2659 2436 2708 esse,
2469 2643 2645 2702 deque
2668 2642 2776 2694 illis
2812 2641 3115 2695 universim
3151 2647 3412 2694 tractare.
3451 2639 3579 2690 Pri-

1990 2755 2134 2794 mum
2162 2747 2276 2804 est,
2299 2753 2420 2792 esse
2449 2739 2502 2791 in
2522 2738 2635 2790 Deo
2653 2735 3055 2790 distinctionem
3088 2733 3345 2818 essentia;
3363 2743 3418 2786 et
3439 2746 3575 2800 ope-

1992 2832 2238 2887 rationis.
2264 2831 2531 2895 Alterum,
2559 2829 2701 2883 hanc
2715 2827 3082 2896 operatiOuem
3103 2827 3399 2878 increatnm
3437 2839 3578 2878 esse.

1987 2925 2254 2989 Tertium,
2275 2923 2660 2978 discretionem
2702 2923 2839 2974 hanc
2859 2933 2923 2977 ac
2941 2917 3346 2973 distinctionem
3384 2917 3437 2970 in
3471 2917 3582 2968 Deo

1989 3035 2096 3074 non
2128 3020 2308 3075 facere
2339 3019 2391 3074 in
2425 3035 2491 3075 eo
2516 3020 2988 3080 compositionem.
3017 3014 3306 3082 Quartum,
3352 3012 3580 3076 Deitatis

1987 3126 2187 3166 nomen
2221 3126 2330 3166 non
2374 3110 2550 3166 solum
2583 3110 2685 3164 diei
2711 3110 2776 3163 de
2807 3108 2898 3162 Dei
2920 3106 3184 3170 essentia,
3201 3117 3390 3157 verum
3412 3102 3577 3155 etiam

305 3192 548 3258 λέγεται,
581 3194 716 3247 ἀλλὰ
760 3197 855 3249 καὶ
899 3198 992 3250 ἐπὶ
1023 3197 1124 3268 τῆς
1166 3201 1316 3265 θείας
1359 3204 1643 3272 ἐνεργείας
1673 3203 1842 3258 αὑτοῦ
1866 3219 1882 3236 ⁶

1992 3204 2056 3259 de
2091 3203 2274 3258 divina
2305 3202 2641 3270 operatione.
2667 3201 2950 3265 Quintum,
2993 3196 3084 3252 Dei
3118 3192 3582 3250 essentiamillius

308 3285 583 3351 πέμπτον,
611 3286 692 3339 ὅτι
720 3288 750 3356 ἡ
785 3289 942 3343 οὐσία
964 3291 1058 3343 τοῦ
1091 3291 1225 3344 Θεοῦ
1256 3294 1583 3366 ὑπέρκειται
1615 3297 1714 3366 τῆς
1739 3300 1889 3366 ἐνερ-

305 3377 461 3443 γείας
491 3378 654 3430 αὐτοῦ
679 3395 694 3410 ο
727 3381 910 3446 ἕκτον,
957 3383 1038 3436 ὅτι
1071 3385 1097 3437 6
1127 3385 1260 3449 Θεὸς
1303 3387 1364 3440 οὐ
1402 3390 1689 3458 μετέχεται
1743 3391 1888 3444 κατὰ

306 3470 408 3536 τὴν
437 3471 624 3524 οὐσίαν
647 3473 836 3539 αὐτοῦ,
869 3475 1005 3530 ἀλλά
1040 3480 1184 3533 κατὰ
1211 3481 1312 3549 τὴν
1341 3483 1649 3552 ἐνέργειαν.
1695 3485 1789 3573 ἹΞκ
1821 3486 1884 3555 δὴ
1908 3493 1926 3501 ’

305 3563 419 3614 τῶν
451 3564 706 3618 τοιούτων
739 3567 1092 3638 ζητημάτων,
1126 3572 1162 3625 ἃ
1189 3575 1280 3626 καὶ
1310 3563 1889 3648 φιλοτιμότερονψάπο-

309 3653 673 3722 δεικνύουσιν,
715 3659 791 3723 ὡς
838 3662 1060 3730 οἴονται,
1096 3667 1270 3735 ἡτῶν
1319 3669 1526 3739 ἀνδρῶν
1553 3670 1758 3725 τούτων
1801 3671 1889 3724 πί-

315 3762 435 3808 στις
466 3748 710 3816 φαίνεται
737 3768 750 3781 °
771 3753 922 3822 ὅμως
942 3755 998 3808 δὲ
1031 3757 1123 3810 καὶ
1151 3759 1208 3824 ἐξ
1239 3756 1316 3812 ὧν
1349 3759 1592 3830 λέγουσι,
1623 3763 1888 3833 σαφέστε-

319 3856 414 3907 ρον
449 3841 630 3901 αὐτοῖς
671 3844 878 3913 ῥήμασι
919 3846 1263 3918 δειχθήσεται
1291 3869 1304 3882 ο
1339 3854 1414 3916 ὼς
1447 3855 1514 3907 ἂν
1557 3858 1584 3908 6
1609 3857 1720 3910 τῶν
1749 3877 1888 3928 προ-

309 3933 576 3987 τεθέντων
633 3937 834 4000 σκοπὸς
864 3934 1242 4011 λαμπρότερον
1272 3946 1560 4018 ἀναφανῇ,
1622 3951 1716 4003 καὶ
1771 3953 1888 4020 ἃμα

317 4028 506 4098 μηδεὶς
559 4031 756 4096 αὐτοὺς
801 4037 1255 4103 συκοφαντεῖσθαι
1303 4038 1752 4110 ῆδιαϐάλλεσθαι
1801 4064 1887 4099 νο-

318 4120 469 4190 μίσῃ.
505 4136 525 4150 '

384 4213 623 4280 Φανερδν
660 4217 761 4286 μὲν
793 4215 886 4270 οῦν
914 4219 978 4271 ἐκ
1008 4221 1110 4290 τῆς
1145 4221 1203 4276 ἐν
1242 4223 1320 4294 τῷ
1360 4225 1526 4296 Τόμῳ
1554 4226 1889 4296 ἀποφάσεως

319 4303 402 4357 δτι
427 4306 487 4357 οὐ
521 4308 647 4376 περὶ
668 4308 764 4378 τῆς
785 4309 1115 4381 διακρίσεως
1141 4313 1358 4385 ἐκείνης
1388 4318 1736 4389 προτιθέασι,
1766 4320 1889 4374 καθ’

316 4397 385 4468 ἢν
413 4400 443 4452 6
471 4394 552 4462 εἷς
583 4401 714 4466 Θεὸς
743 4403 1070 4473 ἀφθέγκτως
1098 4409 1218 4470 ταῖς
1252 4408 1587 4466 ὑποστάσεσι
1619 4412 1892 4482 διακρίνε-

315 4507 446 4546 nt‘
497 4495 741 4548 τουτέστι
797 4496 940 4549 κατά
976 4498 1074 4562 τὰς
1107 4502 1259 4568 τρεῖς
1298 4502 1628 4570 ὑποστάσεις
1673 4507 1770 4560 καὶ
1820 4508 1889 4561 τὰ

1996 3295 2300 3367 operationi
2334 3294 2576 3348 eminere
2600 3307 2662 3344 ac
2682 3289 3016 3360 superiorem
3041 3303 3183 3342 esse.
3201 3285 3450 3342 Sextum.
3478 3297 3582 3334 non

1997 3388 2311 3460 participari
2343 3387 2509 3440 Deum
2541 3385 2752 3439 ratione
2774 3381 3048 3448 essentize,
3080 3381 3173 3432 sed
3207 3378 3419 3459 ratione
3449 3390 3582 3443 ope-

1999 3485 2246 3540 rationis.
2286 3483 2362 3536 Ex
2423 3479 2687 3552 ejusmodi
2751 3492 2883 3531 sane
2919 3473 3332 3543 quaestionibus,
3361 3486 3500 3539 quas
3525 3477 3584 3522 et

1997 3578 2351 3637 iuculentius,
2392 3586 2448 3628 ut
2477 3573 2577 3626 sibi
2616 3573 2890 3633 videntur,
2917 3569 3210 3622 ostendunt
3239 3581 3302 3619 ac
3330 3565 3580 3631 probant,

1997 3683 2242 3738 quasnam
2275 3663 2344 3721 sit
2362 3668 2590 3720 istorum
2618 3663 2896 3718 hominum
2917 3658 3050 3713 ﬁdes
3075 3667 3242 3727 patet;
3269 3668 3580 3722 quanquam

1997 3761 2160 3815 etiam
2190 3775 2253 3813 ex
2288 3761 2370 3817 his
2401 3772 2521 3827 qua:
2551 3756 2759 3818 dicunt,
2795 3751 2928 3821 ipsis
2963 3765 3150 3804 eorum
3192 3747 3394 3806 verbis,
3429 3759 3457 3797 a
3487 3757 3585 3797 no-

1999 3855 2082 3908 bis
2113 3850 2519 3904 monstrandum
2551 3854 2639 3902 est
2674 3861 2690 3910 ;
2725 3859 2832 3914 quo
2883 3841 3164 3899 nimirum,
3211 3851 3399 3890 eorum
3461 3847 3584 3899 qua:

1999 3943 2274 4013 proposita
2299 3950 2444 4001 sum,
2479 3949 2676 4004 scopus
2727 3933 2927 3988 clarius
2979 3932 3094 4000 ipse
3153 3929 3448 3988 eluccscat,
3483 3937 3583 3976 nec

1999 4040 2285 4110 quisquam
2324 4049 2417 4105 per
2437 4029 2766 4087 calumniam
2795 4027 2998 4097 aliquid
3018 4025 3098 4080 eis
3127 4039 3159 4078 a
3209 4021 3365 4077 nobis
3415 4015 3580 4088 obiici

2003 4133 2325 4188 arbitretur.
3281 4139 3284 4142 '
3369 4159 3375 4164 ν

2073 4224 2267 4295 Liquet
2282 4231 2562 4287 autem,ex
2573 4232 2636 4273 es
2656 4231 2776 4289 qua:
2793 4217 2846 4270 in
2861 4213 3033 4269 Tomo
3050 4207 3580 4292 habetur,sententia

1999 4335 2109 4376 non
2146 4315 2498 4388 proposuisse
2532 4325 2648 4374 eos,
2671 4311 2738 4365 de
2777 4304 2865 4362 illa
2893 4307 3271 4369 distinctione,
3309 4317 3418 4374 qua
3439 4317 3583 4357 unus

2000 4412 2170 4474 Deus,
2197 4408 2359 4464 nullis
2394 4404 2574 4461 verbis
2611 4399 3170 4473 explicabiliratione,
3203 4394 3584 4469 hypostasihus

2002 4499 2569 4567 tliscernitur;tribus
2621 4496 2834 4557 scilicet
2890 4491 3262 4549 subsistentiis
3311 4504 3375 4544 ac
3412 4486 3586 4542 tribus

315 4583 444 4652 τρία
490 4586 756 4655 πρόσωπα
773 4590 810 4618 ·“
843 4587 934 4640 τοῦ
968 4589 1182 4660 Πατρὸς
1219 4593 1313 4644 καὶ
1368 4595 1462 4647 τοῦ
1493 4595 1625 4648 Υίοῦ
1651 4598 1762 4651 ικαὶ
1792 4598 1886 4650 τοῦ

1996 4595 2269 4667 personis,
2307 4592 2486 4647 Patris
2530 4579 2585 4643 et
2639 4587 2760 4641 Filii
2790 4594 2846 4641 et
2883 4587 3122 4654 Spiritus
3179 4582 3354 4636 sancti
3393 4595 3409 4643 ;
3451 4580 3581 4648 quin

314 4674 476 4740 ἁγίου
507 4676 864 4746 .Πνεύματος’
907 4680 1109 4750 μᾶλλον
1137 4683 1214 4747 δὲ,
1247 4683 1338 4736 τὸν
1385 4687 1605 4758 Πατέρα
1637 4689 1728 4742 καὶ
1761 4689 1892 4743 Υίδν

312 4772 409 4823 καὶ
436 4770 496 4823 τὸ
526 4770 678 4837 ἆγιον
713 4773 959 4844 Πνεῦμα,
998 4777 1225 4849 ἐπείπερ
1257 4779 1289 4849 ἡ
1325 4779 1426 4849 μὲν
1460 4781 1590 4849 ἁγία
1634 4782 1805 4851 Τριὰς
1833 4783 1892 4836 ἓν

309 4863 428 4916 ἐστι
459 4867 688 4933 πρᾶγμα
732 4867 760 4919 ὅ
788 4867 842 4920 τί
875 4869 1008 4922 ποτέ
1046 4871 1162 4924 ἐστι
1202 4873 1296 4926 καὶ
1345 4873 1444 4943 μία
1477 4875 1665 4929 οὐσία·
1704 4877 1800 4931 καὶ
1826 4878 1890 4930 ού

273 4953 369 5006 οτδ
403 4954 503 5024 μὲν
537 4956 647 5009 τῶν
694 4957 1006 5026 προσώπων
1036 4961 1315 5034 ὑφέστηκε
1367 4965 1491 5019 καθ’
1520 4967 1704 5031 ἑαυτὸ,
1741 4970 1800 5021 τὸ
1831 4969 1890 5022 δέ

308 5049 409 5119 οὐχ
443 5049 753 5117 ὑφέστηκεν
777 5068 792 5082 ·
827 5053 946 5106 οὐδὲ
987 5055 1049 5107 τὸ
1091 5056 1191 5126 μὲν
1233 5058 1502 5127 μεθεκτδν
1543 5062 1664 5116 καθ’
1703 5064 1890 5130 ἑαυτὸ,

306 5139 368 5191 τὸ
389 5140 450 5192 δὲ
481 5140 784 5209 άμέθεκτον
805 5158 819 5173 ⁸
853 5146 945 5198 καὶ
977 5147 1220 5221 παρίημι
1255 5149 1322 5203 τὰ
1351 5151 1543 5218 πλείω,
1581 5153 1617 5208 ἃ
1644 5157 1772 5228 περὶ
1797 5158 1892 5209 οὐ·

311 5231 433 5285 σίας
457 5232 554 5283 καὶ
583 5232 858 5299 ἐνεργείας
891 5233 1111 5303 λέγουσι
1143 5238 1539 5307 διακρίνοντες,
1567 5242 1643 5306 ὡς
1678 5243 1894 5318 δειχθή-

315 5337 506 5373 σεται·
538 5321 672 5375 ἀλλά
695 5324 833 5376 κατά
856 5342 979 5377 τινα
1007 5324 1178 5397 ἀλλην
1203 5328 1482 5399 διάκρισιν
1510 5331 1893 5401 ἐπινοηθεῖσαν

313 5415 497 5476 αὐτοῖς
522 5430 538 5444 ο
572 5414 695 5468 καθ’
728 5415 792 5486 ῆν
834 5416 910 5480 ὡς
950 5416 1252 5487 βούλονται.
1285 5421 1627 5492 διακρίνεται
1672 5423 1836 5486 αὐτὸς
1865 5426 1931 5484 6_

307 5506 737 5575 τρισυπόστατος
768 5509 900 5572 Θεὸς
929 5511 1018 5572 είς
1043 5511 1232 5564 οὐσίαν
1264 5512 1357 5589 κα).
1395 5513 1678 5582 ἐνέργειαν
1704 5531 1717 5546 °
1749 5517 1892 5586 μᾶλα

311 5599 401 5654 λον
431 5601 488 5654 δὲ
518 5599 714 5655 οὐσίαν
739 5602 832 5655 καὶ
862 5604 1164 5674 ἐνεργείας.
1197 5591 1435 5678 Φανερὸν
1463 5608 1518 5661 δὲ
1547 5611 1643 5662 καὶ
1681 5610 1764 5664 ὅτι
1793 5610 1894 5681 τὴν

313 5695 597 5765 ἐνέργειαν
648 5695 855 5767 ταύτην
907 5699 1001 5752 καὶ
1053 5700 1298 5772 Θεότητά
1348 5718 1520 5772 φασιν
1577 5703 1780 5776 μᾶλλον
1833 5704 1890 5789 δέ

387 5877 405 5908 ³
428 5875 622 5932 Matth.
687 5894 839 5945 xvttt,
871 5877 957 5941 l7,

1997 4691 2179 4762 potius
2209 4688 2368 4742 Patre
2404 4694 2457 4738 et
2485 4681 2623 4737 Filio
2660 4689 2714 4737 et
2744 4679 2951 4749 Spiritu
2983 4685 3199 4740 sancto,
3243 4670 3586 4742 quandoqui-

1998 4787 2119 4838 dem
2141 4789 2324 4836 sancta
2355 4777 2602 4831 Trinitas
2633 4789 2738 4828 una
2763 4786 2850 4825 res
2879 4778 2964 4827 est
2992 4781 3335 4839 quascunque
3363 4767 3580 4819 tandem

2001 4863 2092 4930 illa
2131 4876 2223 4936 sit,
2243 4885 2460 4941 unaque
2492 4866 2760 4931 essentia;
2797 4879 2896 4918 nec
2917 4875 3272 4932 personarum
3327 4859 3431 4912 alia
3462 4857 3586 4929 qui-

1980 4967 2119 5022 dem
2153 4979 2249 5035 per
2265 4979 2327 5019 se
2345 4960 2592 5018 subsistit
2615 4972 2850 5024 vereque
2871 4963 2976 5020 est,
3001 4954 3104 5008 alia
3129 4967 3231 5008 non
3257 4965 3353 5021 per
3377 4964 3436 5006 se
3458 4951 3591 5006 sub-

1999 5059 2150 5116 sistit
2185 5071 2285 5112 nec
2315 5065 2398 5111 est
2425 5068 2589 5118 vere;
2622 5052 2705 5106 vel
2729 5051 2834 5104 alia
2869 5049 2952 5104 sui
2977 5049 3094 5118 ipsa
3122 5047 3335 5101 ratione
3361 5043 3589 5114 partici-

1995 5147 2190 5220 pabilis
2219 5156 2324 5212 est,
2363 5143 2466 5199 alia
2493 5157 2558 5196 ex
2579 5155 2641 5196 se
2660 5138 2976 5210 participari
2995 5151 3102 5190 non
3127 5142 3326 5204 postet.
3358 5132 3589 5204 Aliaqne

1998 5240 2276 5311 complura
2307 5239 2472 5294 missa
2493 5231 2658 5301 lucio,
2681 5248 2802 5300 quae
2819 5231 2886 5286 de
2914 5229 3150 5288 essentia
3177 5236 3231 5294 et
3258 5226 3586 5294 Operationc

1996 5329 2726 5405 loquuntur,distinguendo
2774 5341 2840 5380 ac
2893 5325 3278 5387 discernendo,
3318 5328 3378 5375 ut
3435 5335 3592 5373 mun-

1995 5429 2263 5485 strabitur
2294 5441 2311 5491 ;
2343 5425 2439 5480 sed
2459 5421 2795 5486 ,secundum
2824 5417 2987 5472 aliam
3057 5415 3463 5472 distinctionem
3523 5421 3590 5462 ac

2002 5519 2412 5581 discretionem,
2445 5513 2604 5584 cujus
2657 5511 2760 5582 ipsi
2824 5521 3077 5565 auctores
3122 5506 3396 5561 exsistunt
3430 5517 3447 5555 :
3480 5513 3587 5569 qua

2003 5598 2214 5683 utique,
2240 5618 2299 5665 ut
2323 5610 2399 5665 illi
2429 5608 2773 5669 existimant,
2809 5604 2926 5673 ipse
2955 5604 3096 5656 Deus
3128 5600 3266 5652 trine
3281 5592 3588 5649 subsistens

2003 5705 2058 5762 in
2076 5704 2374 5764 essentiam
2407 5712 2462 5758 et
2482 5699 2860 5772 operationem
2909 5696 2930 5767 (
2964 5708 3060 5751 seu
3091 5689 3262 5762 magis
3304 5688 3360 5745 in
3395 5700 3584 5756 esseu-
