  <div class='ocr_page' id='page_1' title='image "/cluster/home/n/w/nwhite01/storage/ocr_20150623/152/coo.31924054870575/157.png"; bbox 0 0 4052 6442; ppageno 0'>
   <div class='ocr_carea' id='block_1_1' title="bbox 516 383 628 456">
    <p class='ocr_par' dir='ltr' id='par_1_1' title="bbox 516 383 628 456">
     <span class='ocr_line' id='line_1_1' title="bbox 516 383 628 456; baseline -0.027 0"><span class='ocrx_word' id='word_1_1' title='bbox 516 383 628 456; x_wconf 69' lang='lat'><strong><em>299</em></strong></span> 
     </span>
    </p>
   </div>
   <div class='ocr_carea' id='block_1_2' title="bbox 1789 374 2529 452">
    <p class='ocr_par' dir='ltr' id='par_1_2' title="bbox 1789 374 2529 452">
     <span class='ocr_line' id='line_1_2' title="bbox 1789 374 2529 452; baseline 0.005 -3"><span class='ocrx_word' id='word_1_2' title='bbox 1789 375 2191 449; x_wconf 76' lang='lat' dir='ltr'><strong><em>MANUE‘Lt‘s</em></strong></span> <span class='ocrx_word' id='word_1_3' title='bbox 2222 374 2529 452; x_wconf 53' lang='lat' dir='ltr'><strong><em>cuiae/ii</em></strong></span> 
     </span>
    </p>
   </div>
   <div class='ocr_carea' id='block_1_3' title="bbox 3660 376 3754 460">
    <p class='ocr_par' dir='ltr' id='par_1_3' title="bbox 3660 376 3754 460">
     <span class='ocr_line' id='line_1_3' title="bbox 3660 376 3754 460; baseline 0.043 -4"><span class='ocrx_word' id='word_1_4' title='bbox 3660 376 3754 460; x_wconf 62' lang='lat' dir='ltr'><strong><em>sti)</em></strong></span> 
     </span>
    </p>
   </div>
   <div class='ocr_carea' id='block_1_4' title="bbox 521 493 2106 578">
    <p class='ocr_par' dir='ltr' id='par_1_4' title="bbox 521 501 2100 577">
     <span class='ocr_line' id='line_1_4' title="bbox 521 501 2100 577; baseline -0.006 -13"><span class='ocrx_word' id='word_1_5' title='bbox 521 527 592 564; x_wconf 80' lang='lat' dir='ltr'><strong><em>ac</em></strong></span> <span class='ocrx_word' id='word_1_6' title='bbox 616 508 721 563; x_wconf 79' lang='lat' dir='ltr'><strong><em>illa</em></strong></span> <span class='ocrx_word' id='word_1_7' title='bbox 759 509 1084 577; x_wconf 70' lang='lat' dir='ltr'><strong><em>superiorem</em></strong></span> <span class='ocrx_word' id='word_1_8' title='bbox 1117 521 1250 562; x_wconf 80' lang='lat' dir='ltr'><strong><em>esse.</em></strong></span> <span class='ocrx_word' id='word_1_9' title='bbox 1298 502 1420 558; x_wconf 85' lang='lat' dir='ltr'><strong><em>Non</em></strong></span> <span class='ocrx_word' id='word_1_10' title='bbox 1453 503 1593 558; x_wconf 87' lang='lat' dir='ltr'><strong><em>enim</em></strong></span> <span class='ocrx_word' id='word_1_11' title='bbox 1612 501 1841 556; x_wconf 80' lang='lat' dir='ltr'><strong><em>eminere</em></strong></span> <span class='ocrx_word' id='word_1_12' title='bbox 1867 512 1968 568; x_wconf 86' lang='lat' dir='ltr'><strong><em>est,</em></strong></span> <span class='ocrx_word' id='word_1_13' title='bbox 1996 502 2100 555; x_wconf 82' lang='lat' dir='ltr'><strong><em>nisi</em></strong></span> 
     </span>
    </p>
   </div>
   <div class='ocr_carea' id='block_1_5' title="bbox 2209 493 3751 578">
    <p class='ocr_par' dir='ltr' id='par_1_5' title="bbox 2209 493 3751 578">
     <span class='ocr_line' id='line_1_5' title="bbox 2209 493 3751 578; baseline 0.006 -20"><span class='ocrx_word' id='word_1_14' title='bbox 2209 504 2319 574; x_wconf 80' lang='grc' dir='ltr'><strong><em>τὰρ</em></strong></span> <span class='ocrx_word' id='word_1_15' title='bbox 2337 503 2951 573; x_wconf 54' lang='grc' dir='ltr'>ἕστιιλύπερκεῖσθηι,</span> <span class='ocrx_word' id='word_1_16' title='bbox 2976 503 3056 573; x_wconf 77' lang='grc' dir='ltr'>μὴ</span> <span class='ocrx_word' id='word_1_17' title='bbox 3085 505 3257 573; x_wconf 77' lang='grc' dir='ltr'>ὄντος</span> <span class='ocrx_word' id='word_1_18' title='bbox 3295 507 3396 562; x_wconf 80' lang='grc' dir='ltr'>τοῦ</span> <span class='ocrx_word' id='word_1_19' title='bbox 3421 493 3751 578; x_wconf 62' lang='grc' dir='ltr'>ὑποϐεϐηκόι</span> 
     </span>
    </p>
   </div>
   <div class='ocr_carea' id='block_1_6' title="bbox 526 595 2106 672">
    <p class='ocr_par' dir='ltr' id='par_1_6' title="bbox 526 595 2106 672">
     <span class='ocr_line' id='line_1_6' title="bbox 526 595 2106 672; baseline -0.004 -16"><span class='ocrx_word' id='word_1_20' title='bbox 526 604 620 656; x_wconf 85' lang='lat' dir='ltr'><strong><em>ubi</em></strong></span> <span class='ocrx_word' id='word_1_21' title='bbox 647 601 774 672; x_wconf 84' lang='lat' dir='ltr'><strong><em>quid</em></strong></span> <span class='ocrx_word' id='word_1_22' title='bbox 801 599 1287 668; x_wconf 77' lang='lat' dir='ltr'><strong><em>eminentiinferius</em></strong></span> <span class='ocrx_word' id='word_1_23' title='bbox 1326 608 1425 652; x_wconf 82' lang='lat' dir='ltr'><strong><em>est.</em></strong></span> <span class='ocrx_word' id='word_1_24' title='bbox 1453 595 1841 662; x_wconf 81' lang='lat' dir='ltr'><strong><em>Quamobrem,</em></strong></span> <span class='ocrx_word' id='word_1_25' title='bbox 1875 595 1919 649; x_wconf 79' lang='lat' dir='ltr'><strong><em>si</em></strong></span> <span class='ocrx_word' id='word_1_26' title='bbox 1945 595 2106 664; x_wconf 78' lang='lat' dir='ltr'><strong><em>juxta</em></strong></span> 
     </span>
    </p>
   </div>
   <div class='ocr_carea' id='block_1_7' title="bbox 519 687 2106 763">
    <p class='ocr_par' dir='ltr' id='par_1_7' title="bbox 519 687 2106 763">
     <span class='ocr_line' id='line_1_7' title="bbox 519 687 2106 763; baseline -0.004 -16"><span class='ocrx_word' id='word_1_27' title='bbox 519 695 849 747; x_wconf 84' lang='lat' dir='ltr'><strong><em>sententiam</em></strong></span> <span class='ocrx_word' id='word_1_28' title='bbox 883 691 1095 763; x_wconf 82' lang='lat' dir='ltr'><strong><em>synodi,</em></strong></span> <span class='ocrx_word' id='word_1_29' title='bbox 1131 691 1303 743; x_wconf 89' lang='lat' dir='ltr'><strong><em>visum</em></strong></span> <span class='ocrx_word' id='word_1_30' title='bbox 1337 696 1422 743; x_wconf 89' lang='lat' dir='ltr'><strong><em>est</em></strong></span> <span class='ocrx_word' id='word_1_31' title='bbox 1444 687 1703 753; x_wconf 58' lang='lat' dir='ltr'><strong><em>divinam?</em></strong></span> <span class='ocrx_word' id='word_1_32' title='bbox 1733 687 2106 755; x_wconf 73' lang='lat' dir='ltr'><strong><em>operationem</em></strong></span> 
     </span>
    </p>
   </div>
   <div class='ocr_carea' id='block_1_8' title="bbox 518 776 2108 847">
    <p class='ocr_par' dir='ltr' id='par_1_8' title="bbox 518 776 2108 847">
     <span class='ocr_line' id='line_1_8' title="bbox 518 776 2108 847; baseline -0.003 -10"><span class='ocrx_word' id='word_1_33' title='bbox 518 799 640 839; x_wconf 81' lang='lat' dir='ltr'><strong><em>esse</em></strong></span> <span class='ocrx_word' id='word_1_34' title='bbox 673 782 938 837; x_wconf 86' lang='lat' dir='ltr'><strong><em>Deitatem</em></strong></span> <span class='ocrx_word' id='word_1_35' title='bbox 972 799 986 835; x_wconf 90' lang='lat'><strong>:</strong></span> <span class='ocrx_word' id='word_1_36' title='bbox 1022 781 1230 847; x_wconf 87' lang='lat' dir='ltr'><strong><em>hocque</em></strong></span> <span class='ocrx_word' id='word_1_37' title='bbox 1273 788 1520 843; x_wconf 87' lang='lat' dir='ltr'><strong><em>ostenso,</em></strong></span> <span class='ocrx_word' id='word_1_38' title='bbox 1556 777 1845 847; x_wconf 68' lang='lat' dir='ltr'><strong><em>quaesitum</em></strong></span> <span class='ocrx_word' id='word_1_39' title='bbox 1893 776 2108 832; x_wconf 78' lang='lat' dir='ltr'><strong>abunde</strong></span> 
     </span>
    </p>
   </div>
   <div class='ocr_carea' id='block_1_9' title="bbox 519 866 2104 938">
    <p class='ocr_par' dir='ltr' id='par_1_9' title="bbox 519 866 2104 938">
     <span class='ocr_line' id='line_1_9' title="bbox 519 866 2104 938; baseline -0.006 -9"><span class='ocrx_word' id='word_1_40' title='bbox 519 886 624 938; x_wconf 88' lang='lat' dir='ltr'><strong><em>est,</em></strong></span> <span class='ocrx_word' id='word_1_41' title='bbox 665 890 789 928; x_wconf 92' lang='lat' dir='ltr'><strong><em>num</em></strong></span> <span class='ocrx_word' id='word_1_42' title='bbox 841 873 983 927; x_wconf 83' lang='lat' dir='ltr'><strong><em>Deus</em></strong></span> <span class='ocrx_word' id='word_1_43' title='bbox 1027 870 1394 926; x_wconf 86' lang='lat' dir='ltr'><strong><em>essetttialiter</em></strong></span> <span class='ocrx_word' id='word_1_44' title='bbox 1433 869 1510 923; x_wconf 86' lang='lat' dir='ltr'><strong><em>illi</em></strong></span> <span class='ocrx_word' id='word_1_45' title='bbox 1544 870 1785 922; x_wconf 89' lang='lat' dir='ltr'><strong><em>emineat</em></strong></span> <span class='ocrx_word' id='word_1_46' title='bbox 1817 866 1996 936; x_wconf 89' lang='lat' dir='ltr'><strong><em>sitque</em></strong></span> <span class='ocrx_word' id='word_1_47' title='bbox 2039 882 2104 922; x_wconf 89' lang='lat' dir='ltr'><strong><em>ea</em></strong></span> 
     </span>
    </p>
   </div>
   <div class='ocr_carea' id='block_1_10' title="bbox 519 959 2108 1034">
    <p class='ocr_par' dir='ltr' id='par_1_10' title="bbox 519 959 2108 1034">
     <span class='ocr_line' id='line_1_10' title="bbox 519 959 2108 1034; baseline -0.006 -15"><span class='ocrx_word' id='word_1_48' title='bbox 519 967 775 1034; x_wconf 87' lang='lat' dir='ltr'><strong><em>superior</em></strong></span> <span class='ocrx_word' id='word_1_49' title='bbox 847 983 861 1019; x_wconf 90' lang='lat'><strong>:</strong></span> <span class='ocrx_word' id='word_1_50' title='bbox 929 965 1074 1033; x_wconf 86' lang='lat' dir='ltr'><strong><em>quod</em></strong></span> <span class='ocrx_word' id='word_1_51' title='bbox 1122 971 1178 1018; x_wconf 88' lang='lat' dir='ltr'><strong><em>et</em></strong></span> <span class='ocrx_word' id='word_1_52' title='bbox 1220 977 1329 1016; x_wconf 89' lang='lat' dir='ltr'><strong><em>uno</em></strong></span> <span class='ocrx_word' id='word_1_53' title='bbox 1388 961 1632 1015; x_wconf 87' lang='lat' dir='ltr'><strong><em>omnium</em></strong></span> <span class='ocrx_word' id='word_1_54' title='bbox 1689 959 1900 1014; x_wconf 83' lang='lat' dir='ltr'><strong><em>calculo</em></strong></span> <span class='ocrx_word' id='word_1_55' title='bbox 1955 960 2108 1014; x_wconf 91' lang='lat' dir='ltr'><strong><em>aiunt</em></strong></span> 
     </span>
    </p>
   </div>
   <div class='ocr_carea' id='block_1_11' title="bbox 520 1051 2107 1128">
    <p class='ocr_par' dir='ltr' id='par_1_11' title="bbox 520 1051 2107 1128">
     <span class='ocr_line' id='line_1_11' title="bbox 520 1051 2107 1128; baseline -0.003 -18"><span class='ocrx_word' id='word_1_56' title='bbox 520 1057 802 1128; x_wconf 65' lang='lat' dir='ltr'><strong><em>praedicari</em></strong></span> <span class='ocrx_word' id='word_1_57' title='bbox 868 1055 1186 1125; x_wconf 85' lang='lat' dir='ltr'><strong><em>:quomodo</em></strong></span> <span class='ocrx_word' id='word_1_58' title='bbox 1240 1068 1350 1107; x_wconf 90' lang='lat' dir='ltr'><strong><em>non</em></strong></span> <span class='ocrx_word' id='word_1_59' title='bbox 1397 1051 1705 1120; x_wconf 81' lang='lat' dir='ltr'><strong><em>perspicue,</em></strong></span> <span class='ocrx_word' id='word_1_60' title='bbox 1777 1060 1888 1104; x_wconf 90' lang='lat' dir='ltr'><strong><em>tum</em></strong></span> <span class='ocrx_word' id='word_1_61' title='bbox 1931 1066 1996 1106; x_wconf 80' lang='lat' dir='ltr'><strong><em>ex</em></strong></span> <span class='ocrx_word' id='word_1_62' title='bbox 2041 1052 2107 1105; x_wconf 84' lang='lat' dir='ltr'><strong><em>iis</em></strong></span> 
     </span>
    </p>
   </div>
   <div class='ocr_carea' id='block_1_12' title="bbox 519 1145 2106 1227">
    <p class='ocr_par' dir='ltr' id='par_1_12' title="bbox 519 1145 2106 1227">
     <span class='ocr_line' id='line_1_12' title="bbox 519 1145 2106 1227; baseline -0.003 -24"><span class='ocrx_word' id='word_1_63' title='bbox 519 1165 636 1217; x_wconf 67' lang='lat' dir='ltr'><strong><em>quite</em></strong></span> <span class='ocrx_word' id='word_1_64' title='bbox 667 1149 942 1227; x_wconf 71' lang='lat' dir='ltr'><strong><em>communi</em></strong></span> <span class='ocrx_word' id='word_1_65' title='bbox 975 1160 1269 1208; x_wconf 84' lang='lat' dir='ltr'><strong><em>consensu,</em></strong></span> <span class='ocrx_word' id='word_1_66' title='bbox 1308 1154 1418 1199; x_wconf 93' lang='lat' dir='ltr'><strong><em>tum</em></strong></span> <span class='ocrx_word' id='word_1_67' title='bbox 1481 1159 1603 1214; x_wconf 74' lang='lat' dir='ltr'><strong><em>qua:</em></strong></span> <span class='ocrx_word' id='word_1_68' title='bbox 1633 1145 1882 1207; x_wconf 76' lang='lat' dir='ltr'><strong><em>seorsim,</em></strong></span> <span class='ocrx_word' id='word_1_69' title='bbox 1927 1145 1992 1198; x_wconf 84' lang='lat' dir='ltr'><strong><em>ab</em></strong></span> <span class='ocrx_word' id='word_1_70' title='bbox 2040 1160 2106 1199; x_wconf 88' lang='lat' dir='ltr'><strong><em>eo</em></strong></span> 
     </span>
    </p>
   </div>
   <div class='ocr_carea' id='block_1_13' title="bbox 522 1228 2103 1306">
    <p class='ocr_par' dir='ltr' id='par_1_13' title="bbox 522 1228 2103 1306">
     <span class='ocr_line' id='line_1_13' title="bbox 522 1228 2103 1306; baseline -0.004 -17"><span class='ocrx_word' id='word_1_71' title='bbox 522 1236 612 1306; x_wconf 87' lang='lat' dir='ltr'><strong><em>qui</em></strong></span> <span class='ocrx_word' id='word_1_72' title='bbox 659 1239 886 1288; x_wconf 87' lang='lat' dir='ltr'><strong><em>istarum</em></strong></span> <span class='ocrx_word' id='word_1_73' title='bbox 948 1233 1264 1300; x_wconf 75' lang='lat' dir='ltr'><strong><em>dogmatum</em></strong></span> <span class='ocrx_word' id='word_1_74' title='bbox 1335 1239 1526 1284; x_wconf 88' lang='lat' dir='ltr'><strong><em>auctor</em></strong></span> <span class='ocrx_word' id='word_1_75' title='bbox 1555 1228 1681 1292; x_wconf 86' lang='lat' dir='ltr'><strong><em>fuit,</em></strong></span> <span class='ocrx_word' id='word_1_76' title='bbox 1723 1232 1924 1298; x_wconf 80' lang='lat' dir='ltr'><strong><em>scripta</em></strong></span> <span class='ocrx_word' id='word_1_77' title='bbox 1956 1241 2103 1294; x_wconf 90' lang='lat' dir='ltr'><strong><em>sunt,</em></strong></span> 
     </span>
    </p>
   </div>
   <div class='ocr_carea' id='block_1_14' title="bbox 523 1320 2106 1397">
    <p class='ocr_par' dir='ltr' id='par_1_14' title="bbox 523 1320 2106 1397">
     <span class='ocr_line' id='line_1_14' title="bbox 523 1320 2106 1397; baseline -0.004 -15"><span class='ocrx_word' id='word_1_78' title='bbox 523 1331 636 1397; x_wconf 84' lang='lat' dir='ltr'><strong><em>ipsa</em></strong></span> <span class='ocrx_word' id='word_1_79' title='bbox 698 1328 880 1380; x_wconf 82' lang='lat' dir='ltr'><strong><em>Deitas</em></strong></span> <span class='ocrx_word' id='word_1_80' title='bbox 941 1327 1153 1378; x_wconf 76' lang='lat' dir='ltr'><strong><em>dicatur</em></strong></span> <span class='ocrx_word' id='word_1_81' title='bbox 1223 1320 1454 1376; x_wconf 80' lang='lat' dir='ltr'><strong><em>inferior</em></strong></span> <span class='ocrx_word' id='word_1_82' title='bbox 1497 1336 1560 1374; x_wconf 87' lang='lat' dir='ltr'><strong><em>ac</em></strong></span> <span class='ocrx_word' id='word_1_83' title='bbox 1601 1321 1800 1384; x_wconf 83' lang='lat' dir='ltr'><strong><em>minor,</em></strong></span> <span class='ocrx_word' id='word_1_84' title='bbox 1859 1321 2106 1390; x_wconf 84' lang='lat' dir='ltr'><strong><em>Deusque</em></strong></span> 
     </span>
    </p>
   </div>
   <div class='ocr_carea' id='block_1_15' title="bbox 518 1411 2100 1482">
    <p class='ocr_par' dir='ltr' id='par_1_15' title="bbox 518 1411 2100 1482">
     <span class='ocr_line' id='line_1_15' title="bbox 518 1411 2100 1482; baseline -0.004 -7"><span class='ocrx_word' id='word_1_85' title='bbox 518 1419 886 1475; x_wconf 79' lang='lat' dir='ltr'><strong><em>essentialiter</em></strong></span> <span class='ocrx_word' id='word_1_86' title='bbox 935 1418 1182 1469; x_wconf 86' lang='lat' dir='ltr'><strong><em>eminens</em></strong></span> <span class='ocrx_word' id='word_1_87' title='bbox 1220 1429 1285 1468; x_wconf 87' lang='lat' dir='ltr'><strong><em>ac</em></strong></span> <span class='ocrx_word' id='word_1_88' title='bbox 1322 1414 1411 1468; x_wconf 87' lang='lat' dir='ltr'><strong><em>illa</em></strong></span> <span class='ocrx_word' id='word_1_89' title='bbox 1463 1413 1748 1482; x_wconf 83' lang='lat' dir='ltr'><strong><em>superior?</em></strong></span> <span class='ocrx_word' id='word_1_90' title='bbox 1803 1411 1918 1467; x_wconf 87' lang='lat' dir='ltr'><strong><em>Hoc</em></strong></span> <span class='ocrx_word' id='word_1_91' title='bbox 1955 1415 2100 1469; x_wconf 90' lang='lat' dir='ltr'><strong><em>enim</em></strong></span> 
     </span>
    </p>
   </div>
   <div class='ocr_carea' id='block_1_16' title="bbox 526 1508 2098 1579">
    <p class='ocr_par' dir='ltr' id='par_1_16' title="bbox 526 1508 2098 1579">
     <span class='ocr_line' id='line_1_16' title="bbox 526 1508 2098 1579; baseline -0.004 -10"><span class='ocrx_word' id='word_1_92' title='bbox 526 1515 691 1568; x_wconf 77' lang='lat' dir='ltr'><strong><em>etiam</em></strong></span> <span class='ocrx_word' id='word_1_93' title='bbox 741 1512 818 1564; x_wconf 77' lang='lat' dir='ltr'><strong><em>illi</em></strong></span> <span class='ocrx_word' id='word_1_94' title='bbox 854 1511 1008 1579; x_wconf 75' lang='lat' dir='ltr'><strong><em>quasi</em></strong></span> <span class='ocrx_word' id='word_1_95' title='bbox 1055 1509 1334 1563; x_wconf 82' lang='lat' dir='ltr'><strong><em>liberalius</em></strong></span> <span class='ocrx_word' id='word_1_96' title='bbox 1379 1508 1696 1565; x_wconf 86' lang='lat' dir='ltr'><strong><em>admittunt,</em></strong></span> <span class='ocrx_word' id='word_1_97' title='bbox 1741 1509 1820 1562; x_wconf 91' lang='lat' dir='ltr'><strong><em>sic</em></strong></span> <span class='ocrx_word' id='word_1_98' title='bbox 1847 1509 2098 1562; x_wconf 85' lang='lat' dir='ltr'><strong><em>absolute</em></strong></span> 
     </span>
    </p>
   </div>
   <div class='ocr_carea' id='block_1_17' title="bbox 521 1599 2101 1670">
    <p class='ocr_par' dir='ltr' id='par_1_17' title="bbox 521 1599 2101 1670">
     <span class='ocr_line' id='line_1_17' title="bbox 521 1599 2101 1670; baseline -0.004 -10"><span class='ocrx_word' id='word_1_99' title='bbox 521 1605 908 1660; x_wconf 88' lang='lat' dir='ltr'><strong><em>concludentes</em></strong></span> <span class='ocrx_word' id='word_1_100' title='bbox 943 1621 957 1655; x_wconf 91' lang='lat'><strong>:</strong></span> <span class='ocrx_word' id='word_1_101' title='bbox 991 1601 1258 1670; x_wconf 85' lang='lat' dir='ltr'><strong><em>Siquidem</em></strong></span> <span class='ocrx_word' id='word_1_102' title='bbox 1285 1600 1422 1653; x_wconf 89' lang='lat' dir='ltr'><strong><em>Deus</em></strong></span> <span class='ocrx_word' id='word_1_103' title='bbox 1455 1601 1802 1654; x_wconf 82' lang='lat' dir='ltr'><strong><em>essentiatim</em></strong></span> <span class='ocrx_word' id='word_1_104' title='bbox 1832 1615 1930 1653; x_wconf 69' lang='lat' dir='ltr'><strong><em>sua</em></strong></span> <span class='ocrx_word' id='word_1_105' title='bbox 1977 1599 2101 1653; x_wconf 84' lang='lat' dir='ltr'><strong><em>Dei-</em></strong></span> 
     </span>
    </p>
   </div>
   <div class='ocr_carea' id='block_1_18' title="bbox 523 1693 2098 1765">
    <p class='ocr_par' dir='ltr' id='par_1_18' title="bbox 523 1693 2098 1765">
     <span class='ocr_line' id='line_1_18' title="bbox 523 1693 2098 1765; baseline -0.006 -10"><span class='ocrx_word' id='word_1_106' title='bbox 523 1711 632 1755; x_wconf 83' lang='lat' dir='ltr'><strong><em>tute</em></strong></span> <span class='ocrx_word' id='word_1_107' title='bbox 674 1699 918 1765; x_wconf 79' lang='lat' dir='ltr'><strong><em>superior</em></strong></span> <span class='ocrx_word' id='word_1_108' title='bbox 973 1706 1072 1762; x_wconf 75' lang='lat' dir='ltr'><strong><em>est,</em></strong></span> <span class='ocrx_word' id='word_1_109' title='bbox 1115 1705 1174 1748; x_wconf 83' lang='grc' dir='ltr'><strong><em>ιιι</em></strong></span> <span class='ocrx_word' id='word_1_110' title='bbox 1212 1695 1414 1763; x_wconf 85' lang='lat' dir='ltr'><strong><em>liqueat</em></strong></span> <span class='ocrx_word' id='word_1_111' title='bbox 1443 1709 1536 1761; x_wconf 89' lang='lat' dir='ltr'><strong><em>per</em></strong></span> <span class='ocrx_word' id='word_1_112' title='bbox 1578 1708 1671 1747; x_wconf 77' lang='lat' dir='ltr'><strong><em>ens</em></strong></span> <span class='ocrx_word' id='word_1_113' title='bbox 1718 1693 2098 1758; x_wconf 78' lang='lat' dir='ltr'><strong><em>auctoritates,</em></strong></span> 
     </span>
    </p>
   </div>
   <div class='ocr_carea' id='block_1_19' title="bbox 521 1786 2100 1862">
    <p class='ocr_par' dir='ltr' id='par_1_19' title="bbox 521 1786 2100 1862">
     <span class='ocr_line' id='line_1_19' title="bbox 521 1786 2100 1862; baseline -0.004 -18"><span class='ocrx_word' id='word_1_114' title='bbox 521 1795 795 1862; x_wconf 78' lang='lat' dir='ltr'><strong><em>quibusin</em></strong></span> <span class='ocrx_word' id='word_1_115' title='bbox 836 1793 934 1845; x_wconf 85' lang='lat' dir='ltr'><strong><em>hac</em></strong></span> <span class='ocrx_word' id='word_1_116' title='bbox 981 1798 1135 1858; x_wconf 76' lang='lat' dir='ltr'><strong><em>parte</em></strong></span> <span class='ocrx_word' id='word_1_117' title='bbox 1171 1787 1510 1842; x_wconf 83' lang='lat' dir='ltr'><strong><em>calumniose</em></strong></span> <span class='ocrx_word' id='word_1_118' title='bbox 1560 1797 1810 1850; x_wconf 88' lang='lat' dir='ltr'><strong><em>utuntur,</em></strong></span> <span class='ocrx_word' id='word_1_119' title='bbox 1861 1801 1959 1839; x_wconf 91' lang='lat' dir='ltr'><strong><em>cur</em></strong></span> <span class='ocrx_word' id='word_1_120' title='bbox 2012 1786 2100 1839; x_wconf 85' lang='lat' dir='ltr'><strong><em>di-</em></strong></span> 
     </span>
    </p>
   </div>
   <div class='ocr_carea' id='block_1_20' title="bbox 521 1861 2177 1952">
    <p class='ocr_par' dir='ltr' id='par_1_20' title="bbox 521 1861 2177 1952">
     <span class='ocr_line' id='line_1_20' title="bbox 521 1861 2177 1952; baseline -0.004 -12"><span class='ocrx_word' id='word_1_121' title='bbox 521 1888 868 1942; x_wconf 84' lang='lat' dir='ltr'><strong><em>stinctionem</em></strong></span> <span class='ocrx_word' id='word_1_122' title='bbox 897 1899 1062 1952; x_wconf 87' lang='lat' dir='ltr'><strong><em>penes</em></strong></span> <span class='ocrx_word' id='word_1_123' title='bbox 1121 1881 1497 1936; x_wconf 81' lang='lat' dir='ltr'><strong><em>excellentiam</em></strong></span> <span class='ocrx_word' id='word_1_124' title='bbox 1551 1895 1614 1934; x_wconf 90' lang='lat' dir='ltr'><strong><em>ac</em></strong></span> <span class='ocrx_word' id='word_1_125' title='bbox 1673 1880 2102 1935; x_wconf 87' lang='lat' dir='ltr'><strong><em>submissionem</em></strong></span> <span class='ocrx_word' id='word_1_126' title='bbox 2137 1861 2177 1913; x_wconf 69' lang='grc' dir='ltr'>Β</span> 
     </span>
    </p>
   </div>
   <div class='ocr_carea' id='block_1_21' title="bbox 517 1973 2102 2048">
    <p class='ocr_par' dir='ltr' id='par_1_21' title="bbox 517 1973 2102 2048">
     <span class='ocr_line' id='line_1_21' title="bbox 517 1973 2102 2048; baseline -0.003 -15"><span class='ocrx_word' id='word_1_127' title='bbox 517 1977 763 2048; x_wconf 77' lang='lat' dir='ltr'><strong><em>undique</em></strong></span> <span class='ocrx_word' id='word_1_128' title='bbox 815 1975 1110 2031; x_wconf 81' lang='lat' dir='ltr'><strong><em>commenti</em></strong></span> <span class='ocrx_word' id='word_1_129' title='bbox 1141 1975 1271 2029; x_wconf 89' lang='lat' dir='ltr'><strong><em>sint.</em></strong></span> <span class='ocrx_word' id='word_1_130' title='bbox 1335 1974 1450 2030; x_wconf 90' lang='lat' dir='ltr'><strong><em>Hoc</em></strong></span> <span class='ocrx_word' id='word_1_131' title='bbox 1497 1975 1644 2028; x_wconf 89' lang='lat' dir='ltr'><strong><em>enim</em></strong></span> <span class='ocrx_word' id='word_1_132' title='bbox 1686 1973 1794 2027; x_wconf 87' lang='lat' dir='ltr'><strong><em>illis</em></strong></span> <span class='ocrx_word' id='word_1_133' title='bbox 1855 1975 2102 2028; x_wconf 84' lang='lat' dir='ltr'><strong><em>moribus</em></strong></span> 
     </span>
    </p>
   </div>
   <div class='ocr_carea' id='block_1_22' title="bbox 521 2067 2106 2140">
    <p class='ocr_par' dir='ltr' id='par_1_22' title="bbox 521 2067 2106 2140">
     <span class='ocr_line' id='line_1_22' title="bbox 521 2067 2106 2140; baseline -0.003 -15"><span class='ocrx_word' id='word_1_134' title='bbox 521 2080 920 2140; x_wconf 76' lang='lat' dir='ltr'><strong><em>comparatum,</em></strong></span> <span class='ocrx_word' id='word_1_135' title='bbox 950 2083 1018 2121; x_wconf 92' lang='lat' dir='ltr'><strong><em>ne</em></strong></span> <span class='ocrx_word' id='word_1_136' title='bbox 1059 2082 1088 2122; x_wconf 84' lang='lat' dir='ltr'><strong><em>a</em></strong></span> <span class='ocrx_word' id='word_1_137' title='bbox 1120 2067 1318 2135; x_wconf 83' lang='lat' dir='ltr'><strong><em>seipsis</em></strong></span> <span class='ocrx_word' id='word_1_138' title='bbox 1379 2067 1524 2135; x_wconf 88' lang='lat' dir='ltr'><strong><em>loqui</em></strong></span> <span class='ocrx_word' id='word_1_139' title='bbox 1555 2067 1863 2133; x_wconf 76' lang='lat' dir='ltr'><strong><em>videantur,</em></strong></span> <span class='ocrx_word' id='word_1_140' title='bbox 1892 2067 1944 2121; x_wconf 91' lang='lat' dir='ltr'><strong><em>in</em></strong></span> <span class='ocrx_word' id='word_1_141' title='bbox 1983 2067 2106 2136; x_wconf 84' lang='lat' dir='ltr'><strong><em>qui-‘-</em></strong></span> 
     </span>
    </p>
   </div>
   <div class='ocr_carea' id='block_1_23' title="bbox 521 2158 2102 2232">
    <p class='ocr_par' dir='ltr' id='par_1_23' title="bbox 521 2158 2102 2232">
     <span class='ocr_line' id='line_1_23' title="bbox 521 2158 2102 2232; baseline -0.006 -13"><span class='ocrx_word' id='word_1_142' title='bbox 521 2165 624 2219; x_wconf 86' lang='lat' dir='ltr'><strong><em>bus</em></strong></span> <span class='ocrx_word' id='word_1_143' title='bbox 646 2161 822 2232; x_wconf 82' lang='lat' dir='ltr'><strong><em>palam</em></strong></span> <span class='ocrx_word' id='word_1_144' title='bbox 895 2169 981 2216; x_wconf 87' lang='lat' dir='ltr'><strong><em>est</em></strong></span> <span class='ocrx_word' id='word_1_145' title='bbox 1034 2173 1128 2214; x_wconf 88' lang='lat' dir='ltr'><strong><em>eos</em></strong></span> <span class='ocrx_word' id='word_1_146' title='bbox 1183 2158 1562 2228; x_wconf 57' lang='lat' dir='ltr'><strong><em>b‘lasphemare</em></strong></span> <span class='ocrx_word' id='word_1_147' title='bbox 1605 2169 1621 2214; x_wconf 66' lang='grc' dir='ltr'><strong><em>ι</em></strong></span> <span class='ocrx_word' id='word_1_148' title='bbox 1657 2160 1749 2213; x_wconf 90' lang='lat' dir='ltr'><strong><em>sed</em></strong></span> <span class='ocrx_word' id='word_1_149' title='bbox 1819 2159 2102 2228; x_wconf 83' lang='lat' dir='ltr'><strong><em>cujusdam</em></strong></span> 
     </span>
    </p>
   </div>
   <div class='ocr_carea' id='block_1_24' title="bbox 437 2249 2105 2322">
    <p class='ocr_par' dir='ltr' id='par_1_24' title="bbox 437 2249 2105 2322">
     <span class='ocr_line' id='line_1_24' title="bbox 437 2249 2105 2322; baseline -0.002 -16"><span class='ocrx_word' id='word_1_150' title='bbox 437 2303 460 2314; x_wconf 83' lang='lat'>_</span> <span class='ocrx_word' id='word_1_151' title='bbox 520 2255 884 2310; x_wconf 81' lang='lat' dir='ltr'><strong><em>vetustiorum</em></strong></span> <span class='ocrx_word' id='word_1_152' title='bbox 955 2267 1060 2322; x_wconf 85' lang='lat' dir='ltr'><strong><em>per</em></strong></span> <span class='ocrx_word' id='word_1_153' title='bbox 1123 2250 1454 2306; x_wconf 84' lang='lat' dir='ltr'><strong><em>calumniam</em></strong></span> <span class='ocrx_word' id='word_1_154' title='bbox 1529 2249 1758 2303; x_wconf 84' lang='lat' dir='ltr'><strong><em>adducta</em></strong></span> <span class='ocrx_word' id='word_1_155' title='bbox 1814 2250 2105 2315; x_wconf 83' lang='lat' dir='ltr'><strong><em>sententia,</em></strong></span> 
     </span>
    </p>
   </div>
   <div class='ocr_carea' id='block_1_25' title="bbox 519 2342 2103 2413">
    <p class='ocr_par' dir='ltr' id='par_1_25' title="bbox 519 2342 2103 2413">
     <span class='ocr_line' id='line_1_25' title="bbox 519 2342 2103 2413; baseline -0.004 -10"><span class='ocrx_word' id='word_1_156' title='bbox 519 2346 767 2403; x_wconf 83' lang='lat' dir='ltr'><strong><em>eamdem</em></strong></span> <span class='ocrx_word' id='word_1_157' title='bbox 801 2347 972 2413; x_wconf 87' lang='lat' dir='ltr'><strong><em>ipsam</em></strong></span> <span class='ocrx_word' id='word_1_158' title='bbox 1013 2343 1210 2398; x_wconf 82' lang='lat' dir='ltr'><strong><em>nudam</em></strong></span> <span class='ocrx_word' id='word_1_159' title='bbox 1268 2342 1603 2411; x_wconf 82' lang='lat' dir='ltr'><strong><em>subjiciunt;</em></strong></span> <span class='ocrx_word' id='word_1_160' title='bbox 1631 2356 1695 2396; x_wconf 91' lang='lat' dir='ltr'><strong><em>ea</em></strong></span> <span class='ocrx_word' id='word_1_161' title='bbox 1749 2342 1957 2397; x_wconf 89' lang='lat' dir='ltr'><strong><em>scilicet</em></strong></span> <span class='ocrx_word' id='word_1_162' title='bbox 1981 2356 2103 2412; x_wconf 64' lang='lat' dir='ltr'><strong><em>quae</em></strong></span> 
     </span>
    </p>
   </div>
   <div class='ocr_carea' id='block_1_26' title="bbox 520 2432 2103 2501">
    <p class='ocr_par' dir='ltr' id='par_1_26' title="bbox 520 2432 2103 2501">
     <span class='ocr_line' id='line_1_26' title="bbox 520 2432 2103 2501; baseline -0.003 -12"><span class='ocrx_word' id='word_1_163' title='bbox 520 2440 661 2494; x_wconf 86' lang='lat' dir='ltr'><strong><em>dicta</em></strong></span> <span class='ocrx_word' id='word_1_164' title='bbox 692 2436 759 2490; x_wconf 89' lang='lat' dir='ltr'><strong><em>ab</em></strong></span> <span class='ocrx_word' id='word_1_165' title='bbox 779 2436 858 2490; x_wconf 88' lang='lat' dir='ltr'><strong><em>eis</em></strong></span> <span class='ocrx_word' id='word_1_166' title='bbox 886 2442 1012 2489; x_wconf 85' lang='lat' dir='ltr'><strong><em>sunt</em></strong></span> <span class='ocrx_word' id='word_1_167' title='bbox 1055 2433 1108 2487; x_wconf 93' lang='lat' dir='ltr'><strong><em>in</em></strong></span> <span class='ocrx_word' id='word_1_168' title='bbox 1160 2447 1316 2486; x_wconf 88' lang='lat' dir='ltr'><strong><em>suum</em></strong></span> <span class='ocrx_word' id='word_1_169' title='bbox 1352 2432 1736 2500; x_wconf 77' lang='lat' dir='ltr'><strong><em>detorquentes</em></strong></span> <span class='ocrx_word' id='word_1_170' title='bbox 1767 2447 2013 2501; x_wconf 87' lang='lat' dir='ltr'><strong><em>scopum,</em></strong></span> <span class='ocrx_word' id='word_1_171' title='bbox 2044 2437 2103 2485; x_wconf 82' lang='grc' dir='ltr'><strong><em>ιιι</em></strong></span> 
     </span>
    </p>
   </div>
   <div class='ocr_carea' id='block_1_27' title="bbox 519 2520 2101 2592">
    <p class='ocr_par' dir='ltr' id='par_1_27' title="bbox 519 2520 2101 2592">
     <span class='ocr_line' id='line_1_27' title="bbox 519 2520 2101 2592; baseline -0.005 -10"><span class='ocrx_word' id='word_1_172' title='bbox 519 2541 677 2582; x_wconf 87' lang='lat' dir='ltr'><strong><em>suam</em></strong></span> <span class='ocrx_word' id='word_1_173' title='bbox 713 2525 835 2579; x_wconf 71' lang='lat' dir='ltr'><strong><em>inde</em></strong></span> <span class='ocrx_word' id='word_1_174' title='bbox 861 2525 1160 2592; x_wconf 84' lang='lat' dir='ltr'><strong><em>nequitiam</em></strong></span> <span class='ocrx_word' id='word_1_175' title='bbox 1184 2530 1449 2574; x_wconf 84' lang='lat' dir='ltr'><strong><em>astruant.</em></strong></span> <span class='ocrx_word' id='word_1_176' title='bbox 1470 2520 1636 2589; x_wconf 83' lang='lat' dir='ltr'><strong><em>quue</em></strong></span> <span class='ocrx_word' id='word_1_177' title='bbox 1663 2521 1752 2574; x_wconf 85' lang='lat' dir='ltr'><strong><em>hic</em></strong></span> <span class='ocrx_word' id='word_1_178' title='bbox 1779 2521 1941 2574; x_wconf 88' lang='lat' dir='ltr'><strong><em>etiam</em></strong></span> <span class='ocrx_word' id='word_1_179' title='bbox 1967 2535 2101 2590; x_wconf 79' lang='lat' dir='ltr'><strong><em>prze-</em></strong></span> 
     </span>
    </p>
   </div>
   <div class='ocr_carea' id='block_1_28' title="bbox 521 2609 2102 2672">
    <p class='ocr_par' dir='ltr' id='par_1_28' title="bbox 521 2609 2102 2672">
     <span class='ocr_line' id='line_1_28' title="bbox 521 2609 2102 2672; baseline -0.004 0"><span class='ocrx_word' id='word_1_180' title='bbox 521 2629 672 2672; x_wconf 68' lang='lat' dir='ltr'><strong><em>Stare</em></strong></span> <span class='ocrx_word' id='word_1_181' title='bbox 699 2615 929 2668; x_wconf 87' lang='lat' dir='ltr'><strong><em>omnino</em></strong></span> <span class='ocrx_word' id='word_1_182' title='bbox 956 2613 1378 2666; x_wconf 80' lang='lat' dir='ltr'><strong><em>convincuntur.</em></strong></span> <span class='ocrx_word' id='word_1_183' title='bbox 1431 2609 1594 2664; x_wconf 89' lang='lat' dir='ltr'><strong><em>Deum</em></strong></span> <span class='ocrx_word' id='word_1_184' title='bbox 1626 2612 1769 2665; x_wconf 91' lang='lat' dir='ltr'><strong><em>enim</em></strong></span> <span class='ocrx_word' id='word_1_185' title='bbox 1797 2611 2102 2667; x_wconf 51' lang='lat' dir='ltr'><strong><em>essentialié</em></strong></span> 
     </span>
    </p>
   </div>
   <div class='ocr_carea' id='block_1_29' title="bbox 523 2702 2101 2776">
    <p class='ocr_par' dir='ltr' id='par_1_29' title="bbox 523 2702 2101 2776">
     <span class='ocr_line' id='line_1_29' title="bbox 523 2702 2101 2776; baseline -0.004 -12"><span class='ocrx_word' id='word_1_186' title='bbox 523 2722 606 2764; x_wconf 88' lang='lat' dir='ltr'><strong><em>ter</em></strong></span> <span class='ocrx_word' id='word_1_187' title='bbox 653 2724 751 2776; x_wconf 84' lang='lat' dir='ltr'><strong><em>sua</em></strong></span> <span class='ocrx_word' id='word_1_188' title='bbox 779 2707 1096 2776; x_wconf 75' lang='lat' dir='ltr'><strong><em>operatione</em></strong></span> <span class='ocrx_word' id='word_1_189' title='bbox 1147 2705 1289 2773; x_wconf 69' lang='lat' dir='ltr'><strong><em>(quae</em></strong></span> <span class='ocrx_word' id='word_1_190' title='bbox 1321 2704 1436 2771; x_wconf 88' lang='lat' dir='ltr'><strong><em>ipsa</em></strong></span> <span class='ocrx_word' id='word_1_191' title='bbox 1489 2702 1674 2757; x_wconf 82' lang='lat' dir='ltr'><strong><em>Deitas</em></strong></span> <span class='ocrx_word' id='word_1_192' title='bbox 1727 2704 2101 2776; x_wconf 89' lang='lat' dir='ltr'><strong><em>nuncupatur)</em></strong></span> 
     </span>
    </p>
   </div>
   <div class='ocr_carea' id='block_1_30' title="bbox 520 2775 2094 2867">
    <p class='ocr_par' dir='ltr' id='par_1_30' title="bbox 520 2775 2094 2867">
     <span class='ocr_line' id='line_1_30' title="bbox 520 2775 2094 2867; baseline -0.003 -11"><span class='ocrx_word' id='word_1_193' title='bbox 520 2775 784 2867; x_wconf 74' lang='lat' dir='ltr'><strong><em>majorem</em></strong></span> <span class='ocrx_word' id='word_1_194' title='bbox 854 2799 1040 2866; x_wconf 86' lang='lat' dir='ltr'><strong><em>illique</em></strong></span> <span class='ocrx_word' id='word_1_195' title='bbox 1107 2796 1372 2859; x_wconf 87' lang='lat' dir='ltr'><strong><em>eminere,</em></strong></span> <span class='ocrx_word' id='word_1_196' title='bbox 1446 2796 1676 2850; x_wconf 84' lang='lat' dir='ltr'><strong><em>adducta</em></strong></span> <span class='ocrx_word' id='word_1_197' title='bbox 1763 2775 2094 2851; x_wconf 82' lang='lat' dir='ltr'><strong><em>auctoritate</em></strong></span> 
     </span>
    </p>
   </div>
   <div class='ocr_carea' id='block_1_31' title="bbox 524 2888 2101 2962">
    <p class='ocr_par' dir='ltr' id='par_1_31' title="bbox 524 2888 2101 2962">
     <span class='ocr_line' id='line_1_31' title="bbox 524 2888 2101 2962; baseline -0.002 -17"><span class='ocrx_word' id='word_1_198' title='bbox 524 2894 836 2962; x_wconf 79' lang='lat' dir='ltr'><strong><em>probantes,</em></strong></span> <span class='ocrx_word' id='word_1_199' title='bbox 885 2906 982 2958; x_wconf 86' lang='lat' dir='ltr'><strong><em>per</em></strong></span> <span class='ocrx_word' id='word_1_200' title='bbox 1047 2904 1110 2946; x_wconf 84' lang='lat' dir='ltr'><strong><em>ea</em></strong></span> <span class='ocrx_word' id='word_1_201' title='bbox 1143 2903 1260 2957; x_wconf 65' lang='lat' dir='ltr'><strong><em>quae</em></strong></span> <span class='ocrx_word' id='word_1_202' title='bbox 1315 2888 1682 2954; x_wconf 79' lang='lat' dir='ltr'><strong><em>adduxerunt,</em></strong></span> <span class='ocrx_word' id='word_1_203' title='bbox 1731 2896 1864 2956; x_wconf 90' lang='lat' dir='ltr'><strong><em>quot</em></strong></span> <span class='ocrx_word' id='word_1_204' title='bbox 1923 2889 2101 2942; x_wconf 85' lang='lat' dir='ltr'><strong><em>modis</em></strong></span> 
     </span>
    </p>
   </div>
   <div class='ocr_carea' id='block_1_32' title="bbox 2207 599 3753 670">
    <p class='ocr_par' dir='ltr' id='par_1_32' title="bbox 2207 599 3753 670">
     <span class='ocr_line' id='line_1_32' title="bbox 2207 599 3753 670; baseline 0.003 -18"><span class='ocrx_word' id='word_1_205' title='bbox 2207 617 2333 665; x_wconf 83' lang='grc' dir='ltr'>τος.</span> <span class='ocrx_word' id='word_1_206' title='bbox 2371 599 2536 653; x_wconf 83' lang='grc' dir='ltr'>’Ὥστε</span> <span class='ocrx_word' id='word_1_207' title='bbox 2567 601 2618 653; x_wconf 87' lang='grc' dir='ltr'><strong><em>εί</em></strong></span> <span class='ocrx_word' id='word_1_208' title='bbox 2649 600 2807 654; x_wconf 81' lang='grc' dir='ltr'>κατὰ,</span> <span class='ocrx_word' id='word_1_209' title='bbox 2828 600 2926 670; x_wconf 83' lang='grc' dir='ltr'>τὴν</span> <span class='ocrx_word' id='word_1_210' title='bbox 2957 600 3238 668; x_wconf 85' lang='grc' dir='ltr'>ἀπόφασιν</span> <span class='ocrx_word' id='word_1_211' title='bbox 3268 601 3364 670; x_wconf 81' lang='grc' dir='ltr'>τῆς</span> <span class='ocrx_word' id='word_1_212' title='bbox 3390 603 3599 656; x_wconf 79' lang='grc' dir='ltr'><strong><em>συνόδου</em></strong></span> <span class='ocrx_word' id='word_1_213' title='bbox 3634 606 3753 657; x_wconf 66' lang='grc' dir='ltr'>Θεό.</span> 
     </span>
    </p>
   </div>
   <div class='ocr_carea' id='block_1_33' title="bbox 2207 691 3755 762">
    <p class='ocr_par' dir='ltr' id='par_1_33' title="bbox 2207 691 3755 762">
     <span class='ocr_line' id='line_1_33' title="bbox 2207 691 3755 762; baseline 0.005 -19"><span class='ocrx_word' id='word_1_214' title='bbox 2207 703 2306 757; x_wconf 85' lang='grc' dir='ltr'><strong><em>της</em></strong></span> <span class='ocrx_word' id='word_1_215' title='bbox 2341 691 2444 758; x_wconf 85' lang='grc' dir='ltr'>μὲν</span> <span class='ocrx_word' id='word_1_216' title='bbox 2481 691 2728 761; x_wconf 74' lang='grc' dir='ltr'>ἀνεφάνη</span> <span class='ocrx_word' id='word_1_217' title='bbox 2760 694 2792 760; x_wconf 85' lang='grc' dir='ltr'>ή</span> <span class='ocrx_word' id='word_1_218' title='bbox 2822 691 2943 743; x_wconf 87' lang='grc' dir='ltr'>Θεία</span> <span class='ocrx_word' id='word_1_219' title='bbox 2973 693 3226 761; x_wconf 76' lang='grc' dir='ltr'>ἐνέργεια</span> <span class='ocrx_word' id='word_1_220' title='bbox 3248 709 3264 724; x_wconf 85' lang='grc'>⁶</span> <span class='ocrx_word' id='word_1_221' title='bbox 3297 693 3431 762; x_wconf 88' lang='grc' dir='ltr'>μετὰ</span> <span class='ocrx_word' id='word_1_222' title='bbox 3454 695 3507 748; x_wconf 76' lang='grc' dir='ltr'><strong><em>δὲ</em></strong></span> <span class='ocrx_word' id='word_1_223' title='bbox 3541 696 3593 747; x_wconf 83' lang='grc' dir='ltr'>τὸ</span> <span class='ocrx_word' id='word_1_224' title='bbox 3619 696 3755 750; x_wconf 74' lang='grc' dir='ltr'>τοῦτο</span> 
     </span>
    </p>
   </div>
   <div class='ocr_carea' id='block_1_34' title="bbox 2207 781 3757 857">
    <p class='ocr_par' dir='ltr' id='par_1_34' title="bbox 2207 781 3757 857">
     <span class='ocr_line' id='line_1_34' title="bbox 2207 781 3757 857; baseline 0.004 -23"><span class='ocrx_word' id='word_1_225' title='bbox 2207 781 2510 852; x_wconf 77' lang='grc' dir='ltr'><strong><em>δειχθῆναι,</em></strong></span> <span class='ocrx_word' id='word_1_226' title='bbox 2545 782 2788 852; x_wconf 78' lang='grc' dir='ltr'>ὲζητὴθη</span> <span class='ocrx_word' id='word_1_227' title='bbox 2843 784 3405 855; x_wconf 83' lang='grc' dir='ltr'>προσαποδειχθῆναι,</span> <span class='ocrx_word' id='word_1_228' title='bbox 3447 789 3493 838; x_wconf 86' lang='grc' dir='ltr'><strong><em>εί</em></strong></span> <span class='ocrx_word' id='word_1_229' title='bbox 3527 787 3757 857; x_wconf 80' lang='grc' dir='ltr'>ὑπέρκει-</span> 
     </span>
    </p>
   </div>
   <div class='ocr_carea' id='block_1_35' title="bbox 2209 872 3756 949">
    <p class='ocr_par' dir='ltr' id='par_1_35' title="bbox 2209 872 3756 949">
     <span class='ocr_line' id='line_1_35' title="bbox 2209 872 3756 949; baseline 0.005 -25"><span class='ocrx_word' id='word_1_230' title='bbox 2209 888 2301 924; x_wconf 81' lang='grc' dir='ltr'><strong><em>ται</em></strong></span> <span class='ocrx_word' id='word_1_231' title='bbox 2332 872 2507 944; x_wconf 78' lang='grc' dir='ltr'>ταύτῃ</span> <span class='ocrx_word' id='word_1_232' title='bbox 2535 874 2658 928; x_wconf 88' lang='grc' dir='ltr'>κατ’</span> <span class='ocrx_word' id='word_1_233' title='bbox 2693 874 2886 928; x_wconf 79' lang='grc' dir='ltr'>οὑσίαν</span> <span class='ocrx_word' id='word_1_234' title='bbox 2909 875 2937 926; x_wconf 99' lang='lat'><strong><em>6</em></strong></span> <span class='ocrx_word' id='word_1_235' title='bbox 2967 875 3101 938; x_wconf 87' lang='grc' dir='ltr'>Θεός</span> <span class='ocrx_word' id='word_1_236' title='bbox 3120 892 3135 906; x_wconf 81' lang='grc' dir='ltr'><strong>ο</strong></span> <span class='ocrx_word' id='word_1_237' title='bbox 3163 875 3192 928; x_wconf 82' lang='grc' dir='ltr'><strong>ὃ</strong></span> <span class='ocrx_word' id='word_1_238' title='bbox 3231 879 3328 931; x_wconf 77' lang='grc' dir='ltr'>καὶ</span> <span class='ocrx_word' id='word_1_239' title='bbox 3364 877 3599 947; x_wconf 57' lang='grc' dir='ltr'>ἀνεφάνη</span> <span class='ocrx_word' id='word_1_240' title='bbox 3625 881 3756 949; x_wconf 77' lang='grc' dir='ltr'>παρὰ</span> 
     </span>
    </p>
   </div>
   <div class='ocr_carea' id='block_1_36' title="bbox 2209 964 3759 1038">
    <p class='ocr_par' dir='ltr' id='par_1_36' title="bbox 2209 964 3759 1038">
     <span class='ocr_line' id='line_1_36' title="bbox 2209 964 3759 1038; baseline 0.005 -22"><span class='ocrx_word' id='word_1_241' title='bbox 2209 964 2450 1030; x_wconf 76' lang='grc' dir='ltr'>πάντων,</span> <span class='ocrx_word' id='word_1_242' title='bbox 2505 965 2580 1025; x_wconf 81' lang='grc' dir='ltr'><strong><em>ὡς</em></strong></span> <span class='ocrx_word' id='word_1_243' title='bbox 2627 965 2784 1032; x_wconf 72' lang='grc' dir='ltr'>φασὶ,</span> <span class='ocrx_word' id='word_1_244' title='bbox 2819 968 3248 1038; x_wconf 82' lang='grc' dir='ltr'><strong><em>κηρυττόμενον,</em></strong></span> <span class='ocrx_word' id='word_1_245' title='bbox 3289 969 3404 1031; x_wconf 86' lang='grc' dir='ltr'>πῶς</span> <span class='ocrx_word' id='word_1_246' title='bbox 3445 970 3503 1022; x_wconf 90' lang='grc' dir='ltr'><strong><em>οὑ</em></strong></span> <span class='ocrx_word' id='word_1_247' title='bbox 3548 978 3759 1037; x_wconf 71' lang='grc' dir='ltr'>περιφαο</span> 
     </span>
    </p>
   </div>
   <div class='ocr_carea' id='block_1_37' title="bbox 2209 1057 3759 1131">
    <p class='ocr_par' dir='ltr' id='par_1_37' title="bbox 2209 1057 3759 1131">
     <span class='ocr_line' id='line_1_37' title="bbox 2209 1057 3759 1131; baseline 0.002 -21"><span class='ocrx_word' id='word_1_248' title='bbox 2209 1060 2318 1120; x_wconf 86' lang='grc' dir='ltr'>νῶς</span> <span class='ocrx_word' id='word_1_249' title='bbox 2355 1057 2418 1110; x_wconf 83' lang='grc' dir='ltr'>ἔκ</span> <span class='ocrx_word' id='word_1_250' title='bbox 2453 1075 2512 1128; x_wconf 84' lang='grc' dir='ltr'><strong><em>τε</em></strong></span> <span class='ocrx_word' id='word_1_251' title='bbox 2551 1059 2661 1110; x_wconf 85' lang='grc' dir='ltr'>τῶν</span> <span class='ocrx_word' id='word_1_252' title='bbox 2692 1063 2845 1130; x_wconf 80' lang='grc' dir='ltr'>κοινῇ</span> <span class='ocrx_word' id='word_1_253' title='bbox 2896 1063 2992 1115; x_wconf 67' lang='grc' dir='ltr'>καὶ</span> <span class='ocrx_word' id='word_1_254' title='bbox 3032 1060 3141 1112; x_wconf 86' lang='grc' dir='ltr'><strong><em>τῶν</em></strong></span> <span class='ocrx_word' id='word_1_255' title='bbox 3175 1061 3319 1124; x_wconf 77' lang='grc' dir='ltr'>ίδίως</span> <span class='ocrx_word' id='word_1_256' title='bbox 3359 1061 3436 1131; x_wconf 79' lang='grc' dir='ltr'><strong><em>τῷ</em></strong></span> <span class='ocrx_word' id='word_1_257' title='bbox 3484 1063 3642 1129; x_wconf 77' lang='grc' dir='ltr'>πατρὶ</span> <span class='ocrx_word' id='word_1_258' title='bbox 3668 1063 3759 1114; x_wconf 86' lang='grc' dir='ltr'>τῶν</span> 
     </span>
    </p>
   </div>
   <div class='ocr_carea' id='block_1_38' title="bbox 2208 1147 3760 1221">
    <p class='ocr_par' dir='ltr' id='par_1_38' title="bbox 2208 1147 3760 1221">
     <span class='ocr_line' id='line_1_38' title="bbox 2208 1147 3760 1221; baseline 0.003 -21"><span class='ocrx_word' id='word_1_259' title='bbox 2208 1147 2499 1218; x_wconf 79' lang='grc' dir='ltr'><strong><em>δογμάτων</em></strong></span> <span class='ocrx_word' id='word_1_260' title='bbox 2529 1148 2737 1202; x_wconf 81' lang='grc' dir='ltr'>τούτων</span> <span class='ocrx_word' id='word_1_261' title='bbox 2780 1150 3290 1220; x_wconf 79' lang='grc' dir='ltr'><strong><em>συγγεγραμμένων</em></strong></span> <span class='ocrx_word' id='word_1_262' title='bbox 3339 1153 3475 1221; x_wconf 72' lang='grc' dir='ltr'>αὑτὴ</span> <span class='ocrx_word' id='word_1_263' title='bbox 3514 1154 3604 1220; x_wconf 81' lang='grc' dir='ltr'>μὲν</span> <span class='ocrx_word' id='word_1_264' title='bbox 3632 1153 3760 1220; x_wconf 77' lang='grc' dir='ltr'>ὑφει·</span> 
     </span>
    </p>
   </div>
   <div class='ocr_carea' id='block_1_39' title="bbox 2210 1240 3754 1313">
    <p class='ocr_par' dir='ltr' id='par_1_39' title="bbox 2210 1240 3754 1313">
     <span class='ocr_line' id='line_1_39' title="bbox 2210 1240 3754 1313; baseline 0.003 -22"><span class='ocrx_word' id='word_1_265' title='bbox 2210 1240 2345 1309; x_wconf 88' lang='grc' dir='ltr'>μένη</span> <span class='ocrx_word' id='word_1_266' title='bbox 2381 1240 2585 1308; x_wconf 85' lang='grc' dir='ltr'>Θεότης</span> <span class='ocrx_word' id='word_1_267' title='bbox 2637 1241 2703 1294; x_wconf 80' lang='grc' dir='ltr'>ἂν</span> <span class='ocrx_word' id='word_1_268' title='bbox 2741 1241 2974 1310; x_wconf 83' lang='grc' dir='ltr'><strong><em>λέγοιτο,</em></strong></span> <span class='ocrx_word' id='word_1_269' title='bbox 3025 1242 3425 1313; x_wconf 82' lang='grc' dir='ltr'>ὑπερκείμενος</span> <span class='ocrx_word' id='word_1_270' title='bbox 3470 1244 3523 1297; x_wconf 79' lang='grc' dir='ltr'><strong><em>δὲ</em></strong></span> <span class='ocrx_word' id='word_1_271' title='bbox 3567 1244 3754 1313; x_wconf 71' lang='grc' dir='ltr'>ταύτης</span> 
     </span>
    </p>
   </div>
   <div class='ocr_carea' id='block_1_40' title="bbox 2205 1333 3763 1407">
    <p class='ocr_par' dir='ltr' id='par_1_40' title="bbox 2205 1333 3763 1407">
     <span class='ocr_line' id='line_1_40' title="bbox 2205 1333 3763 1407; baseline 0.002 -22"><span class='ocrx_word' id='word_1_272' title='bbox 2205 1333 2328 1386; x_wconf 86' lang='grc' dir='ltr'>κατ’</span> <span class='ocrx_word' id='word_1_273' title='bbox 2357 1333 2548 1386; x_wconf 81' lang='grc' dir='ltr'>οὐσίαν</span> <span class='ocrx_word' id='word_1_274' title='bbox 2579 1335 2607 1386; x_wconf 88' lang='lat'><strong><em>6</em></strong></span> <span class='ocrx_word' id='word_1_275' title='bbox 2647 1335 2781 1397; x_wconf 88' lang='grc' dir='ltr'>Θεός</span> <span class='ocrx_word' id='word_1_276' title='bbox 2811 1351 2825 1402; x_wconf 91' lang='lat'><strong>;</strong></span> <span class='ocrx_word' id='word_1_277' title='bbox 2870 1335 3040 1388; x_wconf 82' lang='grc' dir='ltr'>Τοῦτο</span> <span class='ocrx_word' id='word_1_278' title='bbox 3081 1338 3190 1407; x_wconf 80' lang='grc' dir='ltr'><strong><em>γὰρ</em></strong></span> <span class='ocrx_word' id='word_1_279' title='bbox 3217 1337 3313 1389; x_wconf 76' lang='grc' dir='ltr'>καὶ</span> <span class='ocrx_word' id='word_1_280' title='bbox 3341 1337 3494 1390; x_wconf 75' lang='grc' dir='ltr'>αὑτοὶ</span> <span class='ocrx_word' id='word_1_281' title='bbox 3519 1349 3763 1401; x_wconf 61' lang='grc' dir='ltr'>προσεπιι</span> 
     </span>
    </p>
   </div>
   <div class='ocr_carea' id='block_1_41' title="bbox 2203 1424 3765 1498">
    <p class='ocr_par' dir='ltr' id='par_1_41' title="bbox 2203 1424 3765 1498">
     <span class='ocr_line' id='line_1_41' title="bbox 2203 1424 3765 1498; baseline -0.001 -18"><span class='ocrx_word' id='word_1_282' title='bbox 2203 1424 2586 1494; x_wconf 67' lang='grc' dir='ltr'>δαψιλεὺονται</span> <span class='ocrx_word' id='word_1_283' title='bbox 2614 1428 3082 1498; x_wconf 71' lang='grc' dir='ltr'><strong><em>συμπεραίνοντες</em></strong></span> <span class='ocrx_word' id='word_1_284' title='bbox 3103 1427 3273 1490; x_wconf 78' lang='grc' dir='ltr'>οὕτως</span> <span class='ocrx_word' id='word_1_285' title='bbox 3295 1428 3501 1491; x_wconf 81' lang='grc' dir='ltr'>ἁπλῶς,</span> <span class='ocrx_word' id='word_1_286' title='bbox 3527 1431 3589 1482; x_wconf 86' lang='lat' dir='ltr'><strong><em>El</em></strong></span> <span class='ocrx_word' id='word_1_287' title='bbox 3612 1426 3765 1494; x_wconf 76' lang='grc' dir='ltr'><strong><em>ὺπέρ·</em></strong></span> 
     </span>
    </p>
   </div>
   <div class='ocr_carea' id='block_1_42' title="bbox 2204 1513 3762 1584">
    <p class='ocr_par' dir='ltr' id='par_1_42' title="bbox 2204 1513 3762 1584">
     <span class='ocr_line' id='line_1_42' title="bbox 2204 1513 3762 1584; baseline 0.002 -18"><span class='ocrx_word' id='word_1_288' title='bbox 2204 1517 2394 1567; x_wconf 62' lang='grc' dir='ltr'>κειται</span> <span class='ocrx_word' id='word_1_289' title='bbox 2421 1513 2548 1566; x_wconf 74' lang='grc' dir='ltr'>κατ’</span> <span class='ocrx_word' id='word_1_290' title='bbox 2581 1515 2804 1568; x_wconf 75' lang='grc' dir='ltr'>οὐσίαν</span> <span class='ocrx_word' id='word_1_291' title='bbox 2833 1518 2866 1568; x_wconf 82' lang='grc' dir='ltr'><strong><em>ό</em></strong></span> <span class='ocrx_word' id='word_1_292' title='bbox 2901 1515 3048 1580; x_wconf 81' lang='grc' dir='ltr'>Θεὸς</span> <span class='ocrx_word' id='word_1_293' title='bbox 3078 1517 3189 1584; x_wconf 72' lang='grc' dir='ltr'>τῆς</span> <span class='ocrx_word' id='word_1_294' title='bbox 3226 1517 3446 1571; x_wconf 79' lang='grc' dir='ltr'>ἑαυτοῦ</span> <span class='ocrx_word' id='word_1_295' title='bbox 3478 1521 3762 1584; x_wconf 81' lang='grc' dir='ltr'>Θεότητος,</span> 
     </span>
    </p>
   </div>
   <div class='ocr_carea' id='block_1_43' title="bbox 2206 1601 3765 1678">
    <p class='ocr_par' dir='ltr' id='par_1_43' title="bbox 2206 1601 3765 1678">
     <span class='ocr_line' id='line_1_43' title="bbox 2206 1601 3765 1678; baseline 0.001 -20"><span class='ocrx_word' id='word_1_296' title='bbox 2206 1605 2593 1673; x_wconf 77' lang='grc' dir='ltr'>ἀναφανέντος,</span> <span class='ocrx_word' id='word_1_297' title='bbox 2628 1605 2696 1659; x_wconf 81' lang='grc' dir='ltr'><strong><em>δι’</em></strong></span> <span class='ocrx_word' id='word_1_298' title='bbox 2719 1601 2795 1659; x_wconf 82' lang='grc' dir='ltr'>ὧν</span> <span class='ocrx_word' id='word_1_299' title='bbox 2830 1609 3262 1675; x_wconf 60' lang='grc' dir='ltr'><strong><em>συκοφαντοῦσιν</em></strong></span> <span class='ocrx_word' id='word_1_300' title='bbox 3295 1611 3352 1662; x_wconf 83' lang='grc' dir='ltr'><strong><em>έν</em></strong></span> <span class='ocrx_word' id='word_1_301' title='bbox 3379 1610 3558 1678; x_wconf 83' lang='grc' dir='ltr'>τούτῳ</span> <span class='ocrx_word' id='word_1_302' title='bbox 3581 1609 3652 1678; x_wconf 84' lang='grc' dir='ltr'>τῷ</span> <span class='ocrx_word' id='word_1_303' title='bbox 3684 1611 3765 1678; x_wconf 63' lang='grc' dir='ltr'>μές-</span> 
     </span>
    </p>
   </div>
   <div class='ocr_carea' id='block_1_44' title="bbox 2207 1697 3765 1774">
    <p class='ocr_par' dir='ltr' id='par_1_44' title="bbox 2207 1697 3765 1774">
     <span class='ocr_line' id='line_1_44' title="bbox 2207 1697 3765 1774; baseline 0.001 -26"><span class='ocrx_word' id='word_1_304' title='bbox 2207 1713 2293 1764; x_wconf 87' lang='grc' dir='ltr'><strong><em>ρει</em></strong></span> <span class='ocrx_word' id='word_1_305' title='bbox 2327 1697 2537 1768; x_wconf 77' lang='grc' dir='ltr'>ῥητῶν,</span> <span class='ocrx_word' id='word_1_306' title='bbox 2569 1698 2665 1751; x_wconf 82' lang='grc' dir='ltr'>τοῦ</span> <span class='ocrx_word' id='word_1_307' title='bbox 2697 1700 2862 1769; x_wconf 79' lang='grc' dir='ltr'>χάριν</span> <span class='ocrx_word' id='word_1_308' title='bbox 2893 1702 3191 1770; x_wconf 68' lang='grc' dir='ltr'>πανταχῶς</span> <span class='ocrx_word' id='word_1_309' title='bbox 3224 1703 3328 1773; x_wconf 77' lang='grc' dir='ltr'>τὴν</span> <span class='ocrx_word' id='word_1_310' title='bbox 3359 1701 3482 1756; x_wconf 77' lang='grc' dir='ltr'>καθ’</span> <span class='ocrx_word' id='word_1_311' title='bbox 3513 1703 3765 1774; x_wconf 74' lang='grc' dir='ltr'>ὑπεροχὴν</span> 
     </span>
    </p>
   </div>
   <div class='ocr_carea' id='block_1_45' title="bbox 2206 1789 3765 1871">
    <p class='ocr_par' dir='ltr' id='par_1_45' title="bbox 2206 1789 3765 1871">
     <span class='ocr_line' id='line_1_45' title="bbox 2206 1789 3765 1871; baseline 0.004 -31"><span class='ocrx_word' id='word_1_312' title='bbox 2206 1790 2304 1840; x_wconf 80' lang='grc' dir='ltr'>καὶ</span> <span class='ocrx_word' id='word_1_313' title='bbox 2360 1789 2662 1842; x_wconf 82' lang='grc' dir='ltr'><strong><em>ἐλάττωσιν</em></strong></span> <span class='ocrx_word' id='word_1_314' title='bbox 2716 1790 3092 1858; x_wconf 79' lang='grc' dir='ltr'>έμυΘεὺσαντὸ</span> <span class='ocrx_word' id='word_1_315' title='bbox 3137 1793 3428 1861; x_wconf 72' lang='grc' dir='ltr'>διαφοράν.</span> <span class='ocrx_word' id='word_1_316' title='bbox 3475 1793 3639 1871; x_wconf 62' lang='grc' dir='ltr'>ἘΘος</span> <span class='ocrx_word' id='word_1_317' title='bbox 3675 1792 3765 1860; x_wconf 68' lang='grc' dir='ltr'>γὰρ</span> 
     </span>
    </p>
   </div>
   <div class='ocr_carea' id='block_1_46' title="bbox 2208 1878 3766 1951">
    <p class='ocr_par' dir='ltr' id='par_1_46' title="bbox 2208 1878 3766 1951">
     <span class='ocr_line' id='line_1_46' title="bbox 2208 1878 3766 1951; baseline 0 -19"><span class='ocrx_word' id='word_1_318' title='bbox 2208 1881 2392 1943; x_wconf 79' lang='grc' dir='ltr'>αὑτοῖς</span> <span class='ocrx_word' id='word_1_319' title='bbox 2430 1880 2504 1950; x_wconf 81' lang='grc' dir='ltr'>μὴ</span> <span class='ocrx_word' id='word_1_320' title='bbox 2536 1881 2605 1933; x_wconf 87' lang='grc' dir='ltr'>δι’</span> <span class='ocrx_word' id='word_1_321' title='bbox 2635 1881 2847 1934; x_wconf 79' lang='grc' dir='ltr'>ἑαυτῶν</span> <span class='ocrx_word' id='word_1_322' title='bbox 2880 1881 3059 1934; x_wconf 80' lang='grc' dir='ltr'>δοκεῖν</span> <span class='ocrx_word' id='word_1_323' title='bbox 3091 1882 3296 1950; x_wconf 87' lang='grc' dir='ltr'>λέγειν,</span> <span class='ocrx_word' id='word_1_324' title='bbox 3341 1886 3402 1938; x_wconf 82' lang='grc' dir='ltr'>ὲν</span> <span class='ocrx_word' id='word_1_325' title='bbox 3433 1878 3514 1946; x_wconf 72' lang='grc' dir='ltr'><strong><em>οἷς</em></strong></span> <span class='ocrx_word' id='word_1_326' title='bbox 3548 1882 3766 1951; x_wconf 74' lang='grc' dir='ltr'>ἐπίδηλοι</span> 
     </span>
    </p>
   </div>
   <div class='ocr_carea' id='block_1_47' title="bbox 2207 1972 3766 2043">
    <p class='ocr_par' dir='ltr' id='par_1_47' title="bbox 2207 1972 3766 2043">
     <span class='ocr_line' id='line_1_47' title="bbox 2207 1972 3766 2043; baseline 0.001 -19"><span class='ocrx_word' id='word_1_327' title='bbox 2207 1972 2494 2040; x_wconf 78' lang='grc' dir='ltr'>φαίνονται</span> <span class='ocrx_word' id='word_1_328' title='bbox 2528 1972 3008 2043; x_wconf 70' lang='grc' dir='ltr'>βλασφημοῦντες,</span> <span class='ocrx_word' id='word_1_329' title='bbox 3040 1974 3179 2028; x_wconf 83' lang='grc' dir='ltr'>ἀλλά</span> <span class='ocrx_word' id='word_1_330' title='bbox 3204 1991 3356 2038; x_wconf 87' lang='grc' dir='ltr'>τινος</span> <span class='ocrx_word' id='word_1_331' title='bbox 3391 1975 3499 2028; x_wconf 85' lang='grc' dir='ltr'><strong><em>τῶν</em></strong></span> <span class='ocrx_word' id='word_1_332' title='bbox 3529 1974 3766 2027; x_wconf 80' lang='grc' dir='ltr'>παλαιτέ-</span> 
     </span>
    </p>
   </div>
   <div class='ocr_carea' id='block_1_48' title="bbox 2210 2066 3765 2138">
    <p class='ocr_par' dir='ltr' id='par_1_48' title="bbox 2210 2066 3765 2138">
     <span class='ocr_line' id='line_1_48' title="bbox 2210 2066 3765 2138; baseline 0.001 -23"><span class='ocrx_word' id='word_1_333' title='bbox 2210 2080 2318 2133; x_wconf 89' lang='grc' dir='ltr'>ρων</span> <span class='ocrx_word' id='word_1_334' title='bbox 2352 2066 2874 2132; x_wconf 58' lang='grc' dir='ltr'>συκοφαντίγσαντες</span> <span class='ocrx_word' id='word_1_335' title='bbox 2909 2066 3092 2135; x_wconf 76' lang='grc' dir='ltr'>ῥῆσιν,</span> <span class='ocrx_word' id='word_1_336' title='bbox 3149 2067 3324 2138; x_wconf 79' lang='grc' dir='ltr'>αὑτὴν</span> <span class='ocrx_word' id='word_1_337' title='bbox 3355 2067 3562 2138; x_wconf 80' lang='grc' dir='ltr'>ταύτην</span> <span class='ocrx_word' id='word_1_338' title='bbox 3595 2067 3765 2132; x_wconf 66' lang='grc' dir='ltr'>ἐπιφέέ</span> 
     </span>
    </p>
   </div>
   <div class='ocr_carea' id='block_1_49' title="bbox 2209 2155 3769 2228">
    <p class='ocr_par' dir='ltr' id='par_1_49' title="bbox 2209 2155 3769 2228">
     <span class='ocr_line' id='line_1_49' title="bbox 2209 2155 3769 2228; baseline 0.002 -23"><span class='ocrx_word' id='word_1_339' title='bbox 2209 2171 2326 2222; x_wconf 80' lang='grc' dir='ltr'>ρειν</span> <span class='ocrx_word' id='word_1_340' title='bbox 2351 2155 2592 2226; x_wconf 84' lang='grc' dir='ltr'>γυμνὴν,</span> <span class='ocrx_word' id='word_1_341' title='bbox 2645 2157 2714 2209; x_wconf 83' lang='grc' dir='ltr'><strong><em>τά</em></strong></span> <span class='ocrx_word' id='word_1_342' title='bbox 2744 2156 2831 2209; x_wconf 72' lang='grc' dir='ltr'><strong><em>ἔπ’</em></strong></span> <span class='ocrx_word' id='word_1_343' title='bbox 2860 2156 3037 2210; x_wconf 82' lang='grc' dir='ltr'>ἀλλων</span> <span class='ocrx_word' id='word_1_344' title='bbox 3067 2159 3341 2228; x_wconf 74' lang='grc' dir='ltr'><strong><em>εἰρημένα</em></strong></span> <span class='ocrx_word' id='word_1_345' title='bbox 3371 2160 3510 2228; x_wconf 73' lang='grc' dir='ltr'>πρὸς</span> <span class='ocrx_word' id='word_1_346' title='bbox 3554 2159 3640 2210; x_wconf 81' lang='grc' dir='ltr'>τὸν</span> <span class='ocrx_word' id='word_1_347' title='bbox 3666 2170 3769 2209; x_wconf 76' lang='grc' dir='ltr'>σκο-</span> 
     </span>
    </p>
   </div>
   <div class='ocr_carea' id='block_1_50' title="bbox 2209 2245 3768 2321">
    <p class='ocr_par' dir='ltr' id='par_1_50' title="bbox 2209 2245 3768 2321">
     <span class='ocr_line' id='line_1_50' title="bbox 2209 2245 3768 2321; baseline 0 -25"><span class='ocrx_word' id='word_1_348' title='bbox 2209 2247 2313 2297; x_wconf 83' lang='grc' dir='ltr'>πὸν</span> <span class='ocrx_word' id='word_1_349' title='bbox 2342 2245 2523 2298; x_wconf 78' lang='grc' dir='ltr'>αὐτῶν</span> <span class='ocrx_word' id='word_1_350' title='bbox 2555 2246 2891 2316; x_wconf 78' lang='grc' dir='ltr'>βιαζόμενοι,</span> <span class='ocrx_word' id='word_1_351' title='bbox 2942 2251 3023 2311; x_wconf 83' lang='grc' dir='ltr'><strong><em>είς</em></strong></span> <span class='ocrx_word' id='word_1_352' title='bbox 3059 2251 3410 2319; x_wconf 82' lang='grc' dir='ltr'>παράστασιν</span> <span class='ocrx_word' id='word_1_353' title='bbox 3451 2249 3550 2321; x_wconf 81' lang='grc' dir='ltr'>τῆς</span> <span class='ocrx_word' id='word_1_354' title='bbox 3581 2247 3768 2302; x_wconf 80' lang='grc' dir='ltr'>ἑαυτῶν</span> 
     </span>
    </p>
   </div>
   <div class='ocr_carea' id='block_1_51' title="bbox 2209 2337 3768 2412">
    <p class='ocr_par' dir='ltr' id='par_1_51' title="bbox 2209 2337 3768 2412">
     <span class='ocr_line' id='line_1_51' title="bbox 2209 2337 3768 2412; baseline -0.001 -23"><span class='ocrx_word' id='word_1_355' title='bbox 2209 2337 2461 2404; x_wconf 79' lang='grc' dir='ltr'>ἀνομίας.</span> <span class='ocrx_word' id='word_1_356' title='bbox 2501 2339 2566 2390; x_wconf 88' lang='grc' dir='ltr'><strong>Ὃ</strong></span> <span class='ocrx_word' id='word_1_357' title='bbox 2619 2338 2904 2392; x_wconf 76' lang='grc' dir='ltr'>κάνταῦθα</span> <span class='ocrx_word' id='word_1_358' title='bbox 2951 2340 3238 2406; x_wconf 78' lang='grc' dir='ltr'>ποιοῦντες</span> <span class='ocrx_word' id='word_1_359' title='bbox 3285 2342 3617 2412; x_wconf 77' lang='grc' dir='ltr'>ἐλέγχονται.</span> <span class='ocrx_word' id='word_1_360' title='bbox 3671 2339 3768 2403; x_wconf 74' lang='grc' dir='ltr'><strong><em>Τὴν</em></strong></span> 
     </span>
    </p>
   </div>
   <div class='ocr_carea' id='block_1_52' title="bbox 2208 2429 3768 2504">
    <p class='ocr_par' dir='ltr' id='par_1_52' title="bbox 2208 2429 3768 2504">
     <span class='ocr_line' id='line_1_52' title="bbox 2208 2429 3768 2504; baseline -0.001 -23"><span class='ocrx_word' id='word_1_361' title='bbox 2208 2429 2317 2498; x_wconf 80' lang='grc' dir='ltr'><strong><em>γὰρ</em></strong></span> <span class='ocrx_word' id='word_1_362' title='bbox 2351 2430 2444 2481; x_wconf 86' lang='grc' dir='ltr'>τοῦ</span> <span class='ocrx_word' id='word_1_363' title='bbox 2477 2431 2560 2483; x_wconf 86' lang='grc' dir='ltr'>ὅτι</span> <span class='ocrx_word' id='word_1_364' title='bbox 2588 2431 2912 2501; x_wconf 80' lang='grc' dir='ltr'>ὑπέρκειται</span> <span class='ocrx_word' id='word_1_365' title='bbox 2943 2433 2972 2486; x_wconf 91' lang='lat'><strong><em>6</em></strong></span> <span class='ocrx_word' id='word_1_366' title='bbox 3011 2433 3141 2496; x_wconf 85' lang='grc' dir='ltr'><strong><em>Θεὸς</em></strong></span> <span class='ocrx_word' id='word_1_367' title='bbox 3176 2436 3299 2487; x_wconf 77' lang='grc' dir='ltr'>κατ’</span> <span class='ocrx_word' id='word_1_368' title='bbox 3327 2435 3520 2487; x_wconf 79' lang='grc' dir='ltr'>οὐσίαν</span> <span class='ocrx_word' id='word_1_369' title='bbox 3543 2436 3635 2504; x_wconf 78' lang='grc' dir='ltr'>τῆς</span> <span class='ocrx_word' id='word_1_370' title='bbox 3661 2432 3768 2484; x_wconf 80' lang='grc' dir='ltr'>ἑαυο</span> 
     </span>
    </p>
   </div>
   <div class='ocr_carea' id='block_1_53' title="bbox 2209 2521 3767 2596">
    <p class='ocr_par' dir='ltr' id='par_1_53' title="bbox 2209 2521 3767 2596">
     <span class='ocr_line' id='line_1_53' title="bbox 2209 2521 3767 2596; baseline 0.003 -23"><span class='ocrx_word' id='word_1_371' title='bbox 2209 2521 2308 2574; x_wconf 74' lang='grc' dir='ltr'>τοῦ</span> <span class='ocrx_word' id='word_1_372' title='bbox 2343 2524 2644 2592; x_wconf 78' lang='grc' dir='ltr'>ἐνεργείας,</span> <span class='ocrx_word' id='word_1_373' title='bbox 2675 2524 2944 2596; x_wconf 84' lang='grc' dir='ltr'>Θεότητος</span> <span class='ocrx_word' id='word_1_374' title='bbox 2974 2525 3414 2596; x_wconf 76' lang='grc' dir='ltr'>ὀνομαζομένης,</span> <span class='ocrx_word' id='word_1_375' title='bbox 3447 2524 3767 2591; x_wconf 71' lang='grc' dir='ltr'>κατασκευῷ</span> 
     </span>
    </p>
   </div>
   <div class='ocr_carea' id='block_1_54' title="bbox 2207 2612 3768 2688">
    <p class='ocr_par' dir='ltr' id='par_1_54' title="bbox 2207 2612 3768 2688">
     <span class='ocr_line' id='line_1_54' title="bbox 2207 2612 3768 2688; baseline 0.015 -25"><span class='ocrx_word' id='word_1_376' title='bbox 2207 2613 2318 2684; x_wconf 84' lang='grc' dir='ltr'><strong><em>γὰρ</em></strong></span> <span class='ocrx_word' id='word_1_377' title='bbox 2353 2615 2718 2683; x_wconf 72' lang='grc' dir='ltr'>παράγοντες,</span> <span class='ocrx_word' id='word_1_378' title='bbox 2767 2616 2982 2688; x_wconf 74' lang='grc' dir='ltr'>ὁσαχῶς</span> <span class='ocrx_word' id='word_1_379' title='bbox 3025 2618 3356 2688; x_wconf 83' lang='grc' dir='ltr'>ὑπέρκειται</span> <span class='ocrx_word' id='word_1_380' title='bbox 3391 2617 3459 2671; x_wconf 80' lang='grc' dir='ltr'><strong><em>δι’</em></strong></span> <span class='ocrx_word' id='word_1_381' title='bbox 3493 2612 3566 2672; x_wconf 82' lang='grc' dir='ltr'><strong><em>ὧν</em></strong></span> <span class='ocrx_word' id='word_1_382' title='bbox 3613 2617 3768 2685; x_wconf 73' lang='grc' dir='ltr'><strong><em>παῖ’ή·</em></strong></span> 
     </span>
    </p>
   </div>
   <div class='ocr_carea' id='block_1_55' title="bbox 2210 2703 3770 2780">
    <p class='ocr_par' dir='ltr' id='par_1_55' title="bbox 2210 2703 3770 2780">
     <span class='ocr_line' id='line_1_55' title="bbox 2210 2703 3770 2780; baseline -0.001 -23"><span class='ocrx_word' id='word_1_383' title='bbox 2210 2721 2382 2774; x_wconf 89' lang='grc' dir='ltr'>γαγον</span> <span class='ocrx_word' id='word_1_384' title='bbox 2412 2704 2767 2776; x_wconf 86' lang='grc' dir='ltr'>δεδηλώκασι.</span> <span class='ocrx_word' id='word_1_385' title='bbox 2799 2707 2911 2761; x_wconf 69' lang='grc' dir='ltr'><strong><em>Καὶ</em></strong></span> <span class='ocrx_word' id='word_1_386' title='bbox 2926 2707 2987 2760; x_wconf 86' lang='grc' dir='ltr'>τὸ</span> <span class='ocrx_word' id='word_1_387' title='bbox 3020 2708 3121 2778; x_wconf 85' lang='grc' dir='ltr'>μὲν</span> <span class='ocrx_word' id='word_1_388' title='bbox 3147 2708 3300 2774; x_wconf 81' lang='grc' dir='ltr'>τάξει</span> <span class='ocrx_word' id='word_1_389' title='bbox 3321 2703 3477 2780; x_wconf 69' lang='grc' dir='ltr'>φασὶ,</span> <span class='ocrx_word' id='word_1_390' title='bbox 3506 2709 3565 2760; x_wconf 71' lang='grc' dir='ltr'>τὸ</span> <span class='ocrx_word' id='word_1_391' title='bbox 3589 2707 3632 2760; x_wconf 79' lang='grc' dir='ltr'><strong><em>δ’</em></strong></span> <span class='ocrx_word' id='word_1_392' title='bbox 3656 2709 3770 2760; x_wconf 84' lang='grc' dir='ltr'>ἀκο-</span> 
     </span>
    </p>
   </div>
   <div class='ocr_carea' id='block_1_56' title="bbox 2210 2796 3770 2870">
    <p class='ocr_par' dir='ltr' id='par_1_56' title="bbox 2210 2796 3770 2870">
     <span class='ocr_line' id='line_1_56' title="bbox 2210 2796 3770 2870; baseline -0.002 -23"><span class='ocrx_word' id='word_1_393' title='bbox 2210 2796 2468 2866; x_wconf 82' lang='grc' dir='ltr'>λουθήσει</span> <span class='ocrx_word' id='word_1_394' title='bbox 2518 2796 2642 2848; x_wconf 80' lang='grc' dir='ltr'>κατ’</span> <span class='ocrx_word' id='word_1_395' title='bbox 2673 2797 2925 2868; x_wconf 86' lang='grc' dir='ltr'>ἀνάγκην</span> <span class='ocrx_word' id='word_1_396' title='bbox 2967 2798 3375 2870; x_wconf 73' lang='grc' dir='ltr'>συμϐαινοὺσῃ,</span> <span class='ocrx_word' id='word_1_397' title='bbox 3412 2797 3474 2852; x_wconf 78' lang='grc' dir='ltr'>τδ</span> <span class='ocrx_word' id='word_1_398' title='bbox 3512 2798 3566 2852; x_wconf 80' lang='grc' dir='ltr'>δὲ</span> <span class='ocrx_word' id='word_1_399' title='bbox 3621 2797 3770 2857; x_wconf 78' lang='grc' dir='ltr'>θέσει,</span> 
     </span>
    </p>
   </div>
   <div class='ocr_carea' id='block_1_57' title="bbox 2211 2888 2662 2958">
    <p class='ocr_par' dir='ltr' id='par_1_57' title="bbox 2211 2888 2662 2958">
     <span class='ocr_line' id='line_1_57' title="bbox 2211 2888 2662 2958; baseline 0.002 -18"><span class='ocrx_word' id='word_1_400' title='bbox 2211 2888 2272 2940; x_wconf 81' lang='grc' dir='ltr'><strong><em>τὺ</em></strong></span> <span class='ocrx_word' id='word_1_401' title='bbox 2294 2888 2351 2940; x_wconf 81' lang='grc' dir='ltr'><strong><em>δὲ</em></strong></span> <span class='ocrx_word' id='word_1_402' title='bbox 2381 2888 2662 2958; x_wconf 78' lang='grc' dir='ltr'>ποσότητι.</span> 
     </span>
    </p>
   </div>
   <div class='ocr_carea' id='block_1_58' title="bbox 521 2976 3771 3054">
    <p class='ocr_par' dir='ltr' id='par_1_58' title="bbox 521 2976 3771 3054">
     <span class='ocr_line' id='line_1_58' title="bbox 521 2976 3771 3054; baseline -0.001 -13"><span class='ocrx_word' id='word_1_403' title='bbox 521 2987 764 3042; x_wconf 82' lang='lat' dir='ltr'><strong><em>emineat</em></strong></span> <span class='ocrx_word' id='word_1_404' title='bbox 821 2985 1190 3040; x_wconf 84' lang='lat' dir='ltr'><strong><em>declararunt.</em></strong></span> <span class='ocrx_word' id='word_1_405' title='bbox 1229 2983 1406 3052; x_wconf 81' lang='lat' dir='ltr'><strong><em>Atque</em></strong></span> <span class='ocrx_word' id='word_1_406' title='bbox 1446 2983 1590 3035; x_wconf 80' lang='lat' dir='ltr'><strong><em>aliud</em></strong></span> <span class='ocrx_word' id='word_1_407' title='bbox 1620 2983 1839 3051; x_wconf 83' lang='lat' dir='ltr'><strong><em>quidem</em></strong></span> <span class='ocrx_word' id='word_1_408' title='bbox 1911 2976 2104 3036; x_wconf 86' lang='lat' dir='ltr'><strong><em>ordine</em></strong></span> <span class='ocrx_word' id='word_1_409' title='bbox 2133 2993 2348 3048; x_wconf 75' lang='lat' dir='ltr'><strong><em>vorant,</em></strong></span> <span class='ocrx_word' id='word_1_410' title='bbox 2388 2982 2537 3037; x_wconf 89' lang='lat' dir='ltr'><strong><em>aliud</em></strong></span> <span class='ocrx_word' id='word_1_411' title='bbox 2589 2983 2902 3039; x_wconf 82' lang='lat' dir='ltr'><strong><em>necessaria</em></strong></span> <span class='ocrx_word' id='word_1_412' title='bbox 2971 2987 3386 3054; x_wconf 84' lang='lat' dir='ltr'><strong><em>consequentia,</em></strong></span> <span class='ocrx_word' id='word_1_413' title='bbox 3456 2986 3597 3040; x_wconf 77' lang='lat' dir='ltr'><strong><em>aliud</em></strong></span> <span class='ocrx_word' id='word_1_414' title='bbox 3660 2982 3771 3042; x_wconf 69' lang='lat' dir='ltr'><strong><em>situ.</em></strong></span> 
     </span>
    </p>
   </div>
   <div class='ocr_carea' id='block_1_59' title="bbox 522 3077 1512 3150">
    <p class='ocr_par' dir='ltr' id='par_1_59' title="bbox 522 3077 1512 3150">
     <span class='ocr_line' id='line_1_59' title="bbox 522 3077 1512 3150; baseline -0.006 -12"><span class='ocrx_word' id='word_1_415' title='bbox 522 3080 670 3138; x_wconf 82' lang='lat' dir='ltr'><strong><em>aliud</em></strong></span> <span class='ocrx_word' id='word_1_416' title='bbox 703 3083 1028 3150; x_wconf 81' lang='lat' dir='ltr'><strong><em>quantitate,</em></strong></span> <span class='ocrx_word' id='word_1_417' title='bbox 1059 3077 1201 3131; x_wconf 83' lang='lat' dir='ltr'><strong><em>aliud</em></strong></span> <span class='ocrx_word' id='word_1_418' title='bbox 1230 3079 1512 3146; x_wconf 85' lang='lat' dir='ltr'><strong><em>qualitate.</em></strong></span> 
     </span>
    </p>
   </div>
   <div class='ocr_carea' id='block_1_60' title="bbox 593 3165 2106 3244">
    <p class='ocr_par' dir='ltr' id='par_1_60' title="bbox 593 3172 2102 3242">
     <span class='ocr_line' id='line_1_60' title="bbox 593 3172 2102 3242; baseline -0.002 -12"><span class='ocrx_word' id='word_1_419' title='bbox 593 3177 672 3230; x_wconf 80' lang='lat' dir='ltr'><strong><em>Ac</em></strong></span> <span class='ocrx_word' id='word_1_420' title='bbox 693 3190 825 3230; x_wconf 86' lang='lat' dir='ltr'><strong><em>sane</em></strong></span> <span class='ocrx_word' id='word_1_421' title='bbox 855 3175 1098 3229; x_wconf 84' lang='lat' dir='ltr'><strong><em>decimus</em></strong></span> <span class='ocrx_word' id='word_1_422' title='bbox 1127 3176 1390 3242; x_wconf 84' lang='lat' dir='ltr'><strong><em>septimus</em></strong></span> <span class='ocrx_word' id='word_1_423' title='bbox 1424 3173 1528 3227; x_wconf 81' lang='lat' dir='ltr'><strong><em>illis</em></strong></span> <span class='ocrx_word' id='word_1_424' title='bbox 1557 3172 1887 3229; x_wconf 80' lang='lat' dir='ltr'><strong><em>adiuvemus</em></strong></span> <span class='ocrx_word' id='word_1_425' title='bbox 1905 3183 1992 3230; x_wconf 87' lang='lat' dir='ltr'><strong><em>est</em></strong></span> <span class='ocrx_word' id='word_1_426' title='bbox 2020 3175 2102 3227; x_wconf 85' lang='lat' dir='ltr'><strong><em>di-&#39;</em></strong></span> 
     </span>
    </p>
   </div>
   <div class='ocr_carea' id='block_1_61' title="bbox 2209 3165 3772 3244">
    <p class='ocr_par' dir='ltr' id='par_1_61' title="bbox 2277 3165 3772 3241">
     <span class='ocr_line' id='line_1_61' title="bbox 2277 3165 3772 3241; baseline 0.001 -19"><span class='ocrx_word' id='word_1_427' title='bbox 2277 3167 2389 3222; x_wconf 77' lang='grc' dir='ltr'><strong><em>Καὶ</em></strong></span> <span class='ocrx_word' id='word_1_428' title='bbox 2419 3165 2552 3237; x_wconf 83' lang='grc' dir='ltr'>γοῦν</span> <span class='ocrx_word' id='word_1_429' title='bbox 2585 3166 3050 3234; x_wconf 74' lang='grc' dir='ltr'>ἑπτακαιδέκατος</span> <span class='ocrx_word' id='word_1_430' title='bbox 3076 3168 3278 3238; x_wconf 81' lang='grc' dir='ltr'>τρόπος</span> <span class='ocrx_word' id='word_1_431' title='bbox 3316 3171 3582 3241; x_wconf 67' lang='grc' dir='ltr'>διαφορᾶς</span> <span class='ocrx_word' id='word_1_432' title='bbox 3611 3166 3772 3224; x_wconf 62' lang='grc' dir='ltr'>αὐτοῖς</span> 
     </span>
    </p>
   </div>
   <div class='ocr_carea' id='block_1_62' title="bbox 527 3267 2106 3335">
    <p class='ocr_par' dir='ltr' id='par_1_62' title="bbox 527 3267 2106 3335">
     <span class='ocr_line' id='line_1_62' title="bbox 527 3267 2106 3335; baseline -0.001 -11"><span class='ocrx_word' id='word_1_433' title='bbox 527 3269 842 3324; x_wconf 81' lang='lat' dir='ltr'><strong><em>stinctionis</em></strong></span> <span class='ocrx_word' id='word_1_434' title='bbox 872 3268 1063 3320; x_wconf 84' lang='lat' dir='ltr'><strong><em>modus</em></strong></span> <span class='ocrx_word' id='word_1_435' title='bbox 1096 3281 1260 3335; x_wconf 88' lang='lat' dir='ltr'><strong><em>penes</em></strong></span> <span class='ocrx_word' id='word_1_436' title='bbox 1286 3267 1554 3329; x_wconf 87' lang='lat' dir='ltr'><strong><em>ordinem,</em></strong></span> <span class='ocrx_word' id='word_1_437' title='bbox 1581 3267 1792 3321; x_wconf 85' lang='lat' dir='ltr'><strong><em>ratione</em></strong></span> <span class='ocrx_word' id='word_1_438' title='bbox 1823 3267 2022 3335; x_wconf 82' lang='lat' dir='ltr'><strong><em>prioris</em></strong></span> <span class='ocrx_word' id='word_1_439' title='bbox 2041 3281 2106 3322; x_wconf 77' lang='lat' dir='ltr'><strong><em>ac</em></strong></span> 
     </span>
    </p>
   </div>
   <div class='ocr_carea' id='block_1_63' title="bbox 529 3359 2104 3429">
    <p class='ocr_par' dir='ltr' id='par_1_63' title="bbox 529 3359 2104 3429">
     <span class='ocr_line' id='line_1_63' title="bbox 529 3359 2104 3429; baseline -0.001 -16"><span class='ocrx_word' id='word_1_440' title='bbox 529 3361 881 3429; x_wconf 84' lang='lat' dir='ltr'><strong><em>posterioris;</em></strong></span> <span class='ocrx_word' id='word_1_441' title='bbox 919 3375 1077 3429; x_wconf 85' lang='lat' dir='ltr'><strong><em>quem</em></strong></span> <span class='ocrx_word' id='word_1_442' title='bbox 1111 3359 1302 3428; x_wconf 89' lang='lat' dir='ltr'><strong><em>utique</em></strong></span> <span class='ocrx_word' id='word_1_443' title='bbox 1334 3359 1702 3412; x_wconf 66' lang='lat' dir='ltr'><strong><em>distinctionis</em></strong></span> <span class='ocrx_word' id='word_1_444' title='bbox 1737 3359 1957 3414; x_wconf 86' lang='lat' dir='ltr'><strong><em>modum</em></strong></span> <span class='ocrx_word' id='word_1_445' title='bbox 1991 3367 2104 3413; x_wconf 80' lang='lat' dir='ltr'><strong><em>tum</em></strong></span> 
     </span>
    </p>
   </div>
   <div class='ocr_carea' id='block_1_64' title="bbox 528 3451 2104 3523">
    <p class='ocr_par' dir='ltr' id='par_1_64' title="bbox 528 3451 2104 3523">
     <span class='ocr_line' id='line_1_64' title="bbox 528 3451 2104 3523; baseline -0.003 -14"><span class='ocrx_word' id='word_1_446' title='bbox 528 3471 592 3509; x_wconf 70' lang='lat' dir='ltr'><strong><em>es</em></strong></span> <span class='ocrx_word' id='word_1_447' title='bbox 621 3469 818 3523; x_wconf 79' lang='lat' dir='ltr'><strong><em>magno</em></strong></span> <span class='ocrx_word' id='word_1_448' title='bbox 847 3453 1044 3506; x_wconf 79' lang='lat' dir='ltr'><strong><em>Basilio</em></strong></span> <span class='ocrx_word' id='word_1_449' title='bbox 1079 3462 1354 3515; x_wconf 77' lang='lat' dir='ltr'><strong><em>aStruunt,</em></strong></span> <span class='ocrx_word' id='word_1_450' title='bbox 1384 3451 1599 3505; x_wconf 85' lang='lat' dir='ltr'><strong><em>dicente</em></strong></span> <span class='ocrx_word' id='word_1_451' title='bbox 1629 3451 1681 3504; x_wconf 91' lang='lat' dir='ltr'><strong><em>in</em></strong></span> <span class='ocrx_word' id='word_1_452' title='bbox 1707 3452 1819 3506; x_wconf 89' lang='lat' dir='ltr'><strong><em>suis</em></strong></span> <span class='ocrx_word' id='word_1_453' title='bbox 1837 3451 2104 3519; x_wconf 70' lang='lat' dir='ltr'><strong><em>Confuta-</em></strong></span> 
     </span>
    </p>
   </div>
   <div class='ocr_carea' id='block_1_65' title="bbox 531 3539 2106 3611">
    <p class='ocr_par' dir='ltr' id='par_1_65' title="bbox 531 3539 2106 3611">
     <span class='ocr_line' id='line_1_65' title="bbox 531 3539 2106 3611; baseline -0.001 -12"><span class='ocrx_word' id='word_1_454' title='bbox 531 3548 732 3600; x_wconf 76' lang='lat' dir='ltr'><strong><em>tionum</em></strong></span> <span class='ocrx_word' id='word_1_455' title='bbox 761 3547 931 3607; x_wconf 80' lang='lat' dir='ltr'><strong><em>libris,</em></strong></span> <span class='ocrx_word' id='word_1_456' title='bbox 961 3545 1025 3598; x_wconf 90' lang='lat' dir='ltr'><strong><em>de</em></strong></span> <span class='ocrx_word' id='word_1_457' title='bbox 1058 3539 1388 3598; x_wconf 56' lang='lat' dir='ltr'><strong><em>discretimh</em></strong></span> <span class='ocrx_word' id='word_1_458' title='bbox 1406 3557 1526 3611; x_wconf 69' lang='lat' dir='ltr'><strong><em>quae</em></strong></span> <span class='ocrx_word' id='word_1_459' title='bbox 1548 3543 1784 3596; x_wconf 83' lang='lat' dir='ltr'><strong><em>occurrit</em></strong></span> <span class='ocrx_word' id='word_1_460' title='bbox 1819 3543 1873 3596; x_wconf 90' lang='lat' dir='ltr'><strong><em>in</em></strong></span> <span class='ocrx_word' id='word_1_461' title='bbox 1907 3543 2106 3598; x_wconf 84' lang='lat' dir='ltr'><strong><em>divinis</em></strong></span> 
     </span>
    </p>
   </div>
   <div class='ocr_carea' id='block_1_66' title="bbox 531 3632 2104 3706">
    <p class='ocr_par' dir='ltr' id='par_1_66' title="bbox 531 3632 2104 3706">
     <span class='ocr_line' id='line_1_66' title="bbox 531 3632 2104 3706; baseline -0.001 -17"><span class='ocrx_word' id='word_1_462' title='bbox 531 3640 800 3706; x_wconf 80' lang='lat' dir='ltr'><strong><em>personis,</em></strong></span> <span class='ocrx_word' id='word_1_463' title='bbox 855 3650 962 3688; x_wconf 90' lang='lat' dir='ltr'><strong><em>non</em></strong></span> <span class='ocrx_word' id='word_1_464' title='bbox 1019 3633 1386 3688; x_wconf 78' lang='lat' dir='ltr'><strong><em>de-essent‘ue</em></strong></span> <span class='ocrx_word' id='word_1_465' title='bbox 1421 3641 1476 3693; x_wconf 83' lang='lat' dir='ltr'><strong><em>et</em></strong></span> <span class='ocrx_word' id='word_1_466' title='bbox 1513 3632 1873 3701; x_wconf 86' lang='lat' dir='ltr'><strong><em>operationis,</em></strong></span> <span class='ocrx_word' id='word_1_467' title='bbox 1919 3641 1978 3686; x_wconf 86' lang='lat' dir='ltr'><strong><em>ut</em></strong></span> <span class='ocrx_word' id='word_1_468' title='bbox 2030 3633 2104 3687; x_wconf 86' lang='lat' dir='ltr'><strong><em>illi</em></strong></span> 
     </span>
    </p>
   </div>
   <div class='ocr_carea' id='block_1_67' title="bbox 529 3721 2106 3792">
    <p class='ocr_par' dir='ltr' id='par_1_67' title="bbox 529 3721 2106 3792">
     <span class='ocr_line' id='line_1_67' title="bbox 529 3721 2106 3792; baseline -0.002 -15"><span class='ocrx_word' id='word_1_469' title='bbox 529 3727 869 3790; x_wconf 60' lang='lat' dir='ltr'><strong><em>existimant,</em></strong></span> <span class='ocrx_word' id='word_1_470' title='bbox 890 3725 1002 3792; x_wconf 88' lang='lat' dir='ltr'><strong><em>ipsa</em></strong></span> <span class='ocrx_word' id='word_1_471' title='bbox 1024 3724 1375 3777; x_wconf 85' lang='lat' dir='ltr'><strong><em>distinctione</em></strong></span> <span class='ocrx_word' id='word_1_472' title='bbox 1400 3737 1413 3773; x_wconf 92' lang='lat'><strong>:</strong></span> <span class='ocrx_word' id='word_1_473' title='bbox 1445 3721 1604 3775; x_wconf 81' lang='lat' dir='ltr'><strong><em>Aliud</em></strong></span> <span class='ocrx_word' id='word_1_474' title='bbox 1633 3723 1892 3792; x_wconf 76' lang='lat' dir='ltr'><strong><em>quoddam</em></strong></span> <span class='ocrx_word' id='word_1_475' title='bbox 1919 3735 1991 3778; x_wconf 87' lang='lat' dir='ltr'><strong><em>est</em></strong></span> <span class='ocrx_word' id='word_1_476' title='bbox 2013 3738 2106 3778; x_wconf 91' lang='lat' dir='ltr'><strong><em>or-</em></strong></span> 
     </span>
    </p>
   </div>
   <div class='ocr_carea' id='block_1_68' title="bbox 529 3813 2106 3889">
    <p class='ocr_par' dir='ltr' id='par_1_68' title="bbox 529 3813 2106 3889">
     <span class='ocr_line' id='line_1_68' title="bbox 529 3813 2106 3889; baseline -0.003 -17"><span class='ocrx_word' id='word_1_477' title='bbox 529 3820 670 3872; x_wconf 79' lang='lat' dir='ltr'><strong><em>dinis</em></strong></span> <span class='ocrx_word' id='word_1_478' title='bbox 690 3835 879 3889; x_wconf 81' lang='lat' dir='ltr'><strong><em>genus,</em></strong></span> <span class='ocrx_word' id='word_1_479' title='bbox 907 3832 970 3870; x_wconf 83' lang='lat' dir='ltr'><strong><em>ac</em></strong></span> <span class='ocrx_word' id='word_1_480' title='bbox 1001 3815 1397 3884; x_wconf 75' lang='lat' dir='ltr'><strong><em>sultjttngeule:</em></strong></span> <span class='ocrx_word' id='word_1_481' title='bbox 1427 3813 1492 3867; x_wconf 85' lang='lat' dir='ltr'><strong><em>In</em></strong></span> <span class='ocrx_word' id='word_1_482' title='bbox 1520 3814 1780 3883; x_wconf 81' lang='lat' dir='ltr'><strong><em>ejusmodi</em></strong></span> <span class='ocrx_word' id='word_1_483' title='bbox 1802 3816 1939 3869; x_wconf 85' lang='lat' dir='ltr'><strong><em>enim</em></strong></span> <span class='ocrx_word' id='word_1_484' title='bbox 1959 3817 2106 3882; x_wconf 85' lang='lat' dir='ltr'><strong><em>prius</em></strong></span> 
     </span>
    </p>
   </div>
   <div class='ocr_carea' id='block_1_69' title="bbox 530 3907 2105 3990">
    <p class='ocr_par' dir='ltr' id='par_1_69' title="bbox 530 3907 2105 3990">
     <span class='ocr_line' id='line_1_69' title="bbox 530 3907 2105 3990; baseline -0.003 -25"><span class='ocrx_word' id='word_1_485' title='bbox 530 3927 749 3966; x_wconf 79' lang='lat' dir='ltr'><strong><em>causam</em></strong></span> <span class='ocrx_word' id='word_1_486' title='bbox 773 3911 1026 3970; x_wconf 80' lang='lat' dir='ltr'><strong><em>dicimus;</em></strong></span> <span class='ocrx_word' id='word_1_487' title='bbox 1066 3907 1350 3977; x_wconf 77' lang='lat' dir='ltr'><strong><em>posterius,</em></strong></span> <span class='ocrx_word' id='word_1_488' title='bbox 1389 3910 1525 3976; x_wconf 80' lang='lat' dir='ltr'><strong><em>quod</em></strong></span> <span class='ocrx_word' id='word_1_489' title='bbox 1555 3917 1633 3960; x_wconf 84' lang='lat' dir='ltr'><strong><em>est</em></strong></span> <span class='ocrx_word' id='word_1_490' title='bbox 1672 3921 1738 3960; x_wconf 78' lang='lat' dir='ltr'><strong><em>ex</em></strong></span> <span class='ocrx_word' id='word_1_491' title='bbox 1759 3920 1975 3990; x_wconf 48' lang='lat' dir='ltr'><strong><em>causai</em></strong></span> <span class='ocrx_word' id='word_1_492' title='bbox 1995 3919 2105 3960; x_wconf 86' lang='lat' dir='ltr'><strong><em>tum</em></strong></span> 
     </span>
    </p>
   </div>
   <div class='ocr_carea' id='block_1_70' title="bbox 529 3995 2097 4070">
    <p class='ocr_par' dir='ltr' id='par_1_70' title="bbox 529 3995 2097 4070">
     <span class='ocr_line' id='line_1_70' title="bbox 529 3995 2097 4070; baseline -0.005 -13"><span class='ocrx_word' id='word_1_493' title='bbox 529 4019 595 4057; x_wconf 73' lang='lat' dir='ltr'><strong><em>es</em></strong></span> <span class='ocrx_word' id='word_1_494' title='bbox 623 4016 816 4070; x_wconf 77' lang='lat' dir='ltr'><strong><em>magno</em></strong></span> <span class='ocrx_word' id='word_1_495' title='bbox 834 4000 1158 4062; x_wconf 79' lang='lat' dir='ltr'><strong><em>Athanasio,</em></strong></span> <span class='ocrx_word' id='word_1_496' title='bbox 1184 3997 1420 4063; x_wconf 82' lang='lat' dir='ltr'><strong><em>dicente,</em></strong></span> <span class='ocrx_word' id='word_1_497' title='bbox 1452 3995 1657 4051; x_wconf 85' lang='lat' dir='ltr'><strong><em>Nomen</em></strong></span> <span class='ocrx_word' id='word_1_498' title='bbox 1704 3998 1847 4051; x_wconf 82' lang='lat' dir='ltr'><strong><em>Deus</em></strong></span> <span class='ocrx_word' id='word_1_499' title='bbox 1899 4007 2097 4050; x_wconf 86' lang='lat' dir='ltr'><strong><em>natura</em></strong></span> 
     </span>
    </p>
   </div>
   <div class='ocr_carea' id='block_1_71' title="bbox 528 4087 2104 4162">
    <p class='ocr_par' dir='ltr' id='par_1_71' title="bbox 528 4087 2104 4162">
     <span class='ocr_line' id='line_1_71' title="bbox 528 4087 2104 4162; baseline -0.003 -15"><span class='ocrx_word' id='word_1_500' title='bbox 528 4095 788 4162; x_wconf 80' lang='lat' dir='ltr'><strong><em>posterius</em></strong></span> <span class='ocrx_word' id='word_1_501' title='bbox 841 4100 940 4143; x_wconf 78' lang='lat' dir='ltr'><strong><em>est.</em></strong></span> <span class='ocrx_word' id='word_1_502' title='bbox 973 4089 1110 4154; x_wconf 86' lang='lat' dir='ltr'><strong><em>Quia</em></strong></span> <span class='ocrx_word' id='word_1_503' title='bbox 1145 4090 1308 4157; x_wconf 70' lang='lat' dir='ltr'><strong><em>igitur</em></strong></span> <span class='ocrx_word' id='word_1_504' title='bbox 1367 4087 1552 4141; x_wconf 85' lang='lat' dir='ltr'><strong><em>divina</em></strong></span> <span class='ocrx_word' id='word_1_505' title='bbox 1611 4089 1829 4156; x_wconf 88' lang='lat' dir='ltr'><strong><em>quidem</em></strong></span> <span class='ocrx_word' id='word_1_506' title='bbox 1863 4089 2104 4142; x_wconf 79' lang='lat' dir='ltr'><strong><em>essentia</em></strong></span> 
     </span>
    </p>
   </div>
   <div class='ocr_carea' id='block_1_72' title="bbox 529 4181 2108 4248">
    <p class='ocr_par' dir='ltr' id='par_1_72' title="bbox 529 4181 2108 4248">
     <span class='ocr_line' id='line_1_72' title="bbox 529 4181 2108 4248; baseline -0.011 -10"><span class='ocrx_word' id='word_1_507' title='bbox 529 4197 697 4238; x_wconf 76' lang='lat' dir='ltr'><strong><em>causa</em></strong></span> <span class='ocrx_word' id='word_1_508' title='bbox 729 4193 834 4248; x_wconf 80' lang='lat' dir='ltr'><strong><em>est,</em></strong></span> <span class='ocrx_word' id='word_1_509' title='bbox 856 4181 1048 4234; x_wconf 86' lang='lat' dir='ltr'><strong><em>&#39;divina</em></strong></span> <span class='ocrx_word' id='word_1_510' title='bbox 1080 4195 1209 4234; x_wconf 85' lang='lat' dir='ltr'><strong><em>vero</em></strong></span> <span class='ocrx_word' id='word_1_511' title='bbox 1241 4181 1489 4247; x_wconf 85' lang='lat' dir='ltr'><strong><em>operatio</em></strong></span> <span class='ocrx_word' id='word_1_512' title='bbox 1528 4193 1594 4231; x_wconf 82' lang='lat' dir='ltr'><strong><em>ex</em></strong></span> <span class='ocrx_word' id='word_1_513' title='bbox 1629 4193 1790 4232; x_wconf 84' lang='lat' dir='ltr'><strong><em>causa</em></strong></span> <span class='ocrx_word' id='word_1_514' title='bbox 1814 4191 1920 4240; x_wconf 62' lang='lat' dir='ltr'><strong><em>agt,</em></strong></span> <span class='ocrx_word' id='word_1_515' title='bbox 1949 4181 2108 4234; x_wconf 89' lang='lat' dir='ltr'><strong><em>colli-</em></strong></span> 
     </span>
    </p>
   </div>
   <div class='ocr_carea' id='block_1_73' title="bbox 532 4271 2108 4344">
    <p class='ocr_par' dir='ltr' id='par_1_73' title="bbox 532 4271 2108 4344">
     <span class='ocr_line' id='line_1_73' title="bbox 532 4271 2108 4344; baseline -0.002 -18"><span class='ocrx_word' id='word_1_516' title='bbox 532 4281 665 4344; x_wconf 65' lang='lat' dir='ltr'><strong><em>sunt</em></strong></span> <span class='ocrx_word' id='word_1_517' title='bbox 704 4274 940 4340; x_wconf 88' lang='lat' dir='ltr'><strong><em>priorem</em></strong></span> <span class='ocrx_word' id='word_1_518' title='bbox 976 4285 1096 4326; x_wconf 90' lang='lat' dir='ltr'><strong><em>esse</em></strong></span> <span class='ocrx_word' id='word_1_519' title='bbox 1128 4271 1365 4323; x_wconf 84' lang='lat' dir='ltr'><strong><em>divinam</em></strong></span> <span class='ocrx_word' id='word_1_520' title='bbox 1395 4272 1713 4334; x_wconf 86' lang='lat' dir='ltr'><strong><em>essentiam,</em></strong></span> <span class='ocrx_word' id='word_1_521' title='bbox 1751 4273 2108 4338; x_wconf 85' lang='lat' dir='ltr'><strong><em>posteriorem</em></strong></span> 
     </span>
    </p>
   </div>
   <div class='ocr_carea' id='block_1_74' title="bbox 532 4365 1347 4434">
    <p class='ocr_par' dir='ltr' id='par_1_74' title="bbox 532 4365 1347 4434">
     <span class='ocr_line' id='line_1_74' title="bbox 532 4365 1347 4434; baseline -0.006 -14"><span class='ocrx_word' id='word_1_522' title='bbox 532 4382 661 4420; x_wconf 85' lang='lat' dir='ltr'><strong><em>vero</em></strong></span> <span class='ocrx_word' id='word_1_523' title='bbox 684 4368 920 4420; x_wconf 86' lang='lat' dir='ltr'><strong><em>divinant</em></strong></span> <span class='ocrx_word' id='word_1_524' title='bbox 953 4365 1347 4434; x_wconf 65' lang='lat' dir='ltr'><strong><em>Operationemt</em></strong></span> 
     </span>
    </p>
   </div>
   <div class='ocr_carea' id='block_1_75' title="bbox 605 4453 2112 4514">
    <p class='ocr_par' dir='ltr' id='par_1_75' title="bbox 605 4453 2112 4514">
     <span class='ocr_line' id='line_1_75' title="bbox 605 4453 2112 4514; baseline -0.004 0"><span class='ocrx_word' id='word_1_525' title='bbox 605 4461 858 4514; x_wconf 86' lang='lat' dir='ltr'><strong><em>Decimus</em></strong></span> <span class='ocrx_word' id='word_1_526' title='bbox 888 4468 1116 4513; x_wconf 88' lang='lat' dir='ltr'><strong><em>octavus</em></strong></span> <span class='ocrx_word' id='word_1_527' title='bbox 1170 4459 1274 4512; x_wconf 81' lang='lat' dir='ltr'><strong><em>illis</em></strong></span> <span class='ocrx_word' id='word_1_528' title='bbox 1314 4457 1642 4511; x_wconf 88' lang='lat' dir='ltr'><strong><em>adinventns</em></strong></span> <span class='ocrx_word' id='word_1_529' title='bbox 1682 4465 1765 4511; x_wconf 89' lang='lat' dir='ltr'><strong><em>est</em></strong></span> <span class='ocrx_word' id='word_1_530' title='bbox 1798 4453 2112 4510; x_wconf 91' lang='lat' dir='ltr'><strong><em>distinctio-</em></strong></span> 
     </span>
    </p>
   </div>
   <div class='ocr_carea' id='block_1_76' title="bbox 2209 3258 3774 3336">
    <p class='ocr_par' dir='ltr' id='par_1_76' title="bbox 2209 3258 3774 3336">
     <span class='ocr_line' id='line_1_76' title="bbox 2209 3258 3774 3336; baseline 0.001 -24"><span class='ocrx_word' id='word_1_531' title='bbox 2209 3261 2558 3330; x_wconf 73' lang='grc' dir='ltr'>ιπινενόηται</span> <span class='ocrx_word' id='word_1_532' title='bbox 2592 3261 2742 3332; x_wconf 85' lang='grc' dir='ltr'><strong><em>παρά</em></strong></span> <span class='ocrx_word' id='word_1_533' title='bbox 2778 3262 2879 3334; x_wconf 83' lang='grc' dir='ltr'>τὴν</span> <span class='ocrx_word' id='word_1_534' title='bbox 2917 3263 3092 3330; x_wconf 82' lang='grc' dir='ltr'>τάξιν,</span> <span class='ocrx_word' id='word_1_535' title='bbox 3135 3265 3281 3318; x_wconf 83' lang='grc' dir='ltr'><strong><em>κατά</em></strong></span> <span class='ocrx_word' id='word_1_536' title='bbox 3311 3266 3372 3319; x_wconf 73' lang='grc' dir='ltr'><strong><em>τὸ</em></strong></span> <span class='ocrx_word' id='word_1_537' title='bbox 3401 3266 3662 3336; x_wconf 82' lang='grc' dir='ltr'>πρότερον</span> <span class='ocrx_word' id='word_1_538' title='bbox 3691 3258 3774 3311; x_wconf 71' lang='grc' dir='ltr'>καὶ</span> 
     </span>
    </p>
   </div>
   <div class='ocr_carea' id='block_1_77' title="bbox 2205 3349 3774 3426">
    <p class='ocr_par' dir='ltr' id='par_1_77' title="bbox 2205 3349 3774 3426">
     <span class='ocr_line' id='line_1_77' title="bbox 2205 3349 3774 3426; baseline -0.003 -20"><span class='ocrx_word' id='word_1_539' title='bbox 2205 3355 2266 3406; x_wconf 78' lang='grc' dir='ltr'>τὸ</span> <span class='ocrx_word' id='word_1_540' title='bbox 2299 3353 2590 3422; x_wconf 74' lang='grc' dir='ltr'><strong><em>δεύτερον⁸</em></strong></span> <span class='ocrx_word' id='word_1_541' title='bbox 2639 3353 2699 3405; x_wconf 87' lang='grc' dir='ltr'>ὃν</span> <span class='ocrx_word' id='word_1_542' title='bbox 2849 3356 3052 3423; x_wconf 75' lang='grc' dir='ltr'>τρόπον</span> <span class='ocrx_word' id='word_1_543' title='bbox 3102 3355 3380 3426; x_wconf 73' lang='grc' dir='ltr'>διαφορᾶς</span> <span class='ocrx_word' id='word_1_544' title='bbox 3431 3358 3541 3413; x_wconf 81' lang='grc' dir='ltr'><strong><em>ἀπό</em></strong></span> <span class='ocrx_word' id='word_1_545' title='bbox 3589 3373 3644 3408; x_wconf 79' lang='grc' dir='ltr'><strong><em>τε</em></strong></span> <span class='ocrx_word' id='word_1_546' title='bbox 3692 3349 3774 3403; x_wconf 81' lang='grc' dir='ltr'>τοῦ</span> 
     </span>
    </p>
   </div>
   <div class='ocr_carea' id='block_1_78' title="bbox 2209 3445 3774 3520">
    <p class='ocr_par' dir='ltr' id='par_1_78' title="bbox 2209 3445 3774 3520">
     <span class='ocr_line' id='line_1_78' title="bbox 2209 3445 3774 3520; baseline -0.003 -22"><span class='ocrx_word' id='word_1_547' title='bbox 2209 3446 2453 3516; x_wconf 81' lang='grc' dir='ltr'>μεγάλου</span> <span class='ocrx_word' id='word_1_548' title='bbox 2499 3445 2782 3498; x_wconf 82' lang='grc' dir='ltr'>Βασιλείου</span> <span class='ocrx_word' id='word_1_549' title='bbox 2817 3445 3352 3514; x_wconf 71' lang='grc' dir='ltr'>κατασκευάζουσιν,</span> <span class='ocrx_word' id='word_1_550' title='bbox 3410 3449 3690 3520; x_wconf 80' lang='grc' dir='ltr'>εἰρηκότος</span> <span class='ocrx_word' id='word_1_551' title='bbox 3727 3447 3774 3494; x_wconf 83' lang='grc' dir='ltr'>ἑν</span> 
     </span>
    </p>
   </div>
   <div class='ocr_carea' id='block_1_79' title="bbox 2204 3536 3775 3610">
    <p class='ocr_par' dir='ltr' id='par_1_79' title="bbox 2204 3536 3775 3610">
     <span class='ocr_line' id='line_1_79' title="bbox 2204 3536 3775 3610; baseline 0 -21"><span class='ocrx_word' id='word_1_552' title='bbox 2204 3539 2318 3600; x_wconf 79' lang='grc' dir='ltr'>τοῖς</span> <span class='ocrx_word' id='word_1_553' title='bbox 2359 3537 2824 3606; x_wconf 65' lang='grc' dir='ltr'>Ἀντιρῤηῒικοῖς</span> <span class='ocrx_word' id='word_1_554' title='bbox 2849 3544 2915 3590; x_wconf 87' lang='grc' dir='ltr'><strong><em>πε</em></strong></span> <span class='ocrx_word' id='word_1_555' title='bbox 2925 3542 2980 3606; x_wconf 78' lang='lat' dir='ltr'><strong><em>pl</em></strong></span> <span class='ocrx_word' id='word_1_556' title='bbox 3008 3539 3110 3608; x_wconf 83' lang='grc' dir='ltr'>τῆς</span> <span class='ocrx_word' id='word_1_557' title='bbox 3137 3542 3195 3592; x_wconf 77' lang='grc' dir='ltr'>ὲν</span> <span class='ocrx_word' id='word_1_558' title='bbox 3229 3544 3349 3606; x_wconf 62' lang='lat' dir='ltr'><strong><em>“rqu</em></strong></span> <span class='ocrx_word' id='word_1_559' title='bbox 3385 3543 3552 3604; x_wconf 88' lang='grc' dir='ltr'>Θείοις</span> <span class='ocrx_word' id='word_1_560' title='bbox 3580 3536 3775 3610; x_wconf 81' lang='grc' dir='ltr'>προσώ·</span> 
     </span>
    </p>
   </div>
   <div class='ocr_carea' id='block_1_80' title="bbox 2205 3630 3774 3702">
    <p class='ocr_par' dir='ltr' id='par_1_80' title="bbox 2205 3630 3774 3702">
     <span class='ocr_line' id='line_1_80' title="bbox 2205 3630 3774 3702; baseline -0.002 -20"><span class='ocrx_word' id='word_1_561' title='bbox 2205 3647 2330 3694; x_wconf 85' lang='grc' dir='ltr'>ποις</span> <span class='ocrx_word' id='word_1_562' title='bbox 2359 3630 2711 3701; x_wconf 84' lang='grc' dir='ltr'>διακρίσεως,</span> <span class='ocrx_word' id='word_1_563' title='bbox 2753 3631 2870 3685; x_wconf 79' lang='grc' dir='ltr'>ἀλλ’</span> <span class='ocrx_word' id='word_1_564' title='bbox 2901 3633 2962 3685; x_wconf 89' lang='grc' dir='ltr'><strong><em>οὑ</em></strong></span> <span class='ocrx_word' id='word_1_565' title='bbox 2995 3633 3126 3702; x_wconf 74' lang='grc' dir='ltr'>περὶ</span> <span class='ocrx_word' id='word_1_566' title='bbox 3158 3632 3285 3702; x_wconf 87' lang='grc' dir='ltr'>τῆς,</span> <span class='ocrx_word' id='word_1_567' title='bbox 3322 3637 3400 3698; x_wconf 87' lang='grc' dir='ltr'>ὠς</span> <span class='ocrx_word' id='word_1_568' title='bbox 3431 3635 3585 3688; x_wconf 78' lang='grc' dir='ltr'>αὐτοί</span> <span class='ocrx_word' id='word_1_569' title='bbox 3609 3637 3774 3700; x_wconf 70' lang='grc' dir='ltr'>φασιν,</span> 
     </span>
    </p>
   </div>
   <div class='ocr_carea' id='block_1_81' title="bbox 2203 3725 3778 3799">
    <p class='ocr_par' dir='ltr' id='par_1_81' title="bbox 2203 3725 3778 3799">
     <span class='ocr_line' id='line_1_81' title="bbox 2203 3725 3778 3799; baseline -0.001 -21"><span class='ocrx_word' id='word_1_570' title='bbox 2203 3725 2390 3788; x_wconf 83' lang='grc' dir='ltr'>οὐσίας</span> <span class='ocrx_word' id='word_1_571' title='bbox 2440 3725 2537 3779; x_wconf 63' lang='grc' dir='ltr'><strong><em>καὶ⁸</em></strong></span> <span class='ocrx_word' id='word_1_572' title='bbox 2593 3726 2879 3796; x_wconf 66' lang='grc' dir='ltr'>ἐνεργείας</span> <span class='ocrx_word' id='word_1_573' title='bbox 2932 3729 3286 3799; x_wconf 83' lang='grc' dir='ltr'>διακρίσεως,</span> <span class='ocrx_word' id='word_1_574' title='bbox 3351 3731 3486 3785; x_wconf 84' lang='grc' dir='ltr'>Ὅτι</span> <span class='ocrx_word' id='word_1_575' title='bbox 3551 3731 3676 3785; x_wconf 77' lang='grc' dir='ltr'>ἔστι</span> <span class='ocrx_word' id='word_1_576' title='bbox 3728 3727 3778 3778; x_wconf 77' lang='grc' dir='ltr'><strong><em>τι</em></strong></span> 
     </span>
    </p>
   </div>
   <div class='ocr_carea' id='block_1_82' title="bbox 2203 3814 3779 3892">
    <p class='ocr_par' dir='ltr' id='par_1_82' title="bbox 2203 3814 3779 3892">
     <span class='ocr_line' id='line_1_82' title="bbox 2203 3814 3779 3892; baseline 0.003 -22"><span class='ocrx_word' id='word_1_577' title='bbox 2203 3817 2429 3884; x_wconf 79' lang='grc' dir='ltr'>τάξεως</span> <span class='ocrx_word' id='word_1_578' title='bbox 2449 3814 2632 3886; x_wconf 77' lang='grc' dir='ltr'>εἶδος,</span> <span class='ocrx_word' id='word_1_579' title='bbox 2663 3821 2760 3873; x_wconf 81' lang='grc' dir='ltr'>καὶ</span> <span class='ocrx_word' id='word_1_580' title='bbox 2787 3822 3180 3888; x_wconf 85' lang='grc' dir='ltr'>ἐπαγαγόντος,</span> <span class='ocrx_word' id='word_1_581' title='bbox 3219 3823 3328 3876; x_wconf 81' lang='grc' dir='ltr'><em>Ἐν</em></span> <span class='ocrx_word' id='word_1_582' title='bbox 3351 3825 3481 3892; x_wconf 87' lang='grc' dir='ltr'>τοῖς</span> <span class='ocrx_word' id='word_1_583' title='bbox 3506 3823 3779 3882; x_wconf 71' lang='grc' dir='ltr'>τοιούτοις</span> 
     </span>
    </p>
   </div>
   <div class='ocr_carea' id='block_1_83' title="bbox 2203 3907 3778 3980">
    <p class='ocr_par' dir='ltr' id='par_1_83' title="bbox 2203 3907 3778 3980">
     <span class='ocr_line' id='line_1_83' title="bbox 2203 3907 3778 3980; baseline -0.001 -20"><span class='ocrx_word' id='word_1_584' title='bbox 2203 3909 2317 3976; x_wconf 78' lang='grc' dir='ltr'>γὰρ</span> <span class='ocrx_word' id='word_1_585' title='bbox 2366 3908 2658 3976; x_wconf 75' lang='grc' dir='ltr'>πρότερον</span> <span class='ocrx_word' id='word_1_586' title='bbox 2697 3909 2763 3961; x_wconf 89' lang='grc' dir='ltr'>τὸ</span> <span class='ocrx_word' id='word_1_587' title='bbox 2813 3908 3014 3962; x_wconf 76' lang='grc' dir='ltr'>αἴτιον</span> <span class='ocrx_word' id='word_1_588' title='bbox 3051 3908 3336 3978; x_wconf 76' lang='grc' dir='ltr'>λέγομεν,</span> <span class='ocrx_word' id='word_1_589' title='bbox 3406 3913 3684 3980; x_wconf 80' lang='grc' dir='ltr'>δεύτερον</span> <span class='ocrx_word' id='word_1_590' title='bbox 3720 3907 3778 3958; x_wconf 83' lang='grc' dir='ltr'>τὸ</span> 
     </span>
    </p>
   </div>
   <div class='ocr_carea' id='block_1_84' title="bbox 2206 3999 3781 4072">
    <p class='ocr_par' dir='ltr' id='par_1_84' title="bbox 2206 3999 3781 4072">
     <span class='ocr_line' id='line_1_84' title="bbox 2206 3999 3781 4072; baseline -0.001 -20"><span class='ocrx_word' id='word_1_591' title='bbox 2206 4001 2503 4053; x_wconf 67' lang='grc' dir='ltr'>αἰτιατόν·</span> <span class='ocrx_word' id='word_1_592' title='bbox 2576 4000 2685 4053; x_wconf 82' lang='grc' dir='ltr'><strong><em>ἀπό</em></strong></span> <span class='ocrx_word' id='word_1_593' title='bbox 2719 4017 2778 4052; x_wconf 89' lang='grc' dir='ltr'><strong><em>τε</em></strong></span> <span class='ocrx_word' id='word_1_594' title='bbox 2799 3999 2894 4052; x_wconf 79' lang='grc' dir='ltr'>τοῦ</span> <span class='ocrx_word' id='word_1_595' title='bbox 2922 4002 3164 4071; x_wconf 81' lang='grc' dir='ltr'>μεγάλου</span> <span class='ocrx_word' id='word_1_596' title='bbox 3201 4004 3560 4070; x_wconf 81' lang='grc' dir='ltr'>Ἀθανασίου,</span> <span class='ocrx_word' id='word_1_597' title='bbox 3590 4003 3781 4072; x_wconf 66' lang='grc' dir='ltr'>φήσανέ</span> 
     </span>
    </p>
   </div>
   <div class='ocr_carea' id='block_1_85' title="bbox 2203 4091 3777 4166">
    <p class='ocr_par' dir='ltr' id='par_1_85' title="bbox 2203 4091 3777 4166">
     <span class='ocr_line' id='line_1_85' title="bbox 2203 4091 3777 4166; baseline -0.001 -22"><span class='ocrx_word' id='word_1_598' title='bbox 2203 4109 2318 4155; x_wconf 88' lang='grc' dir='ltr'>τος,</span> <span class='ocrx_word' id='word_1_599' title='bbox 2355 4093 2445 4156; x_wconf 87' lang='grc' dir='ltr'><strong><em>Τὸ,</em></strong></span> <span class='ocrx_word' id='word_1_600' title='bbox 2473 4093 2636 4156; x_wconf 83' lang='grc' dir='ltr'>Θεὸς,</span> <span class='ocrx_word' id='word_1_601' title='bbox 2669 4092 2861 4160; x_wconf 72' lang='grc' dir='ltr'>ὄνομα</span> <span class='ocrx_word' id='word_1_602' title='bbox 2884 4091 3170 4162; x_wconf 65' lang='grc' dir='ltr'>δεύτερόν</span> <span class='ocrx_word' id='word_1_603' title='bbox 3207 4094 3362 4164; x_wconf 65' lang='grc' dir='ltr'><strong><em>¹ἐότι</em></strong></span> <span class='ocrx_word' id='word_1_604' title='bbox 3395 4096 3505 4165; x_wconf 79' lang='grc' dir='ltr'>τῆς</span> <span class='ocrx_word' id='word_1_605' title='bbox 3534 4097 3777 4166; x_wconf 67' lang='grc' dir='ltr'>φύσεως.</span> 
     </span>
    </p>
   </div>
   <div class='ocr_carea' id='block_1_86' title="bbox 2219 4184 3783 4258">
    <p class='ocr_par' dir='ltr' id='par_1_86' title="bbox 2219 4184 3783 4258">
     <span class='ocr_line' id='line_1_86' title="bbox 2219 4184 3783 4258; baseline 0.003 -22"><span class='ocrx_word' id='word_1_606' title='bbox 2219 4184 2374 4237; x_wconf 80' lang='grc' dir='ltr'>Ἐπεὶ</span> <span class='ocrx_word' id='word_1_607' title='bbox 2402 4187 2585 4238; x_wconf 80' lang='grc' dir='ltr'>τοίνυν</span> <span class='ocrx_word' id='word_1_608' title='bbox 2610 4186 2762 4240; x_wconf 88' lang='grc' dir='ltr'>αἰτία</span> <span class='ocrx_word' id='word_1_609' title='bbox 2804 4187 2908 4258; x_wconf 81' lang='grc' dir='ltr'>μὲν</span> <span class='ocrx_word' id='word_1_610' title='bbox 2939 4189 3088 4241; x_wconf 81' lang='grc' dir='ltr'>ἔστιν</span> <span class='ocrx_word' id='word_1_611' title='bbox 3113 4191 3145 4257; x_wconf 84' lang='grc' dir='ltr'>ἡ</span> <span class='ocrx_word' id='word_1_612' title='bbox 3188 4190 3313 4243; x_wconf 86' lang='grc' dir='ltr'>θεία</span> <span class='ocrx_word' id='word_1_613' title='bbox 3356 4194 3542 4257; x_wconf 83' lang='grc' dir='ltr'>οὑσία,</span> <span class='ocrx_word' id='word_1_614' title='bbox 3579 4188 3783 4254; x_wconf 66' lang='lat' dir='ltr'><strong><em>uitiati]</em></strong></span> 
     </span>
    </p>
   </div>
   <div class='ocr_carea' id='block_1_87' title="bbox 2206 4275 3782 4354">
    <p class='ocr_par' dir='ltr' id='par_1_87' title="bbox 2206 4275 3782 4354">
     <span class='ocr_line' id='line_1_87' title="bbox 2206 4275 3782 4354; baseline 0.003 -26"><span class='ocrx_word' id='word_1_615' title='bbox 2206 4275 2263 4328; x_wconf 80' lang='grc' dir='ltr'><strong><em>δὲ</em></strong></span> <span class='ocrx_word' id='word_1_616' title='bbox 2291 4277 2324 4344; x_wconf 76' lang='grc' dir='ltr'><strong>ἡ</strong></span> <span class='ocrx_word' id='word_1_617' title='bbox 2367 4275 2486 4328; x_wconf 87' lang='grc' dir='ltr'>Θεία</span> <span class='ocrx_word' id='word_1_618' title='bbox 2516 4277 2792 4344; x_wconf 75' lang='grc' dir='ltr'>ἐνέργεια,</span> <span class='ocrx_word' id='word_1_619' title='bbox 2829 4279 3160 4347; x_wconf 86' lang='grc' dir='ltr'>συνάγουσιν</span> <span class='ocrx_word' id='word_1_620' title='bbox 3200 4284 3286 4334; x_wconf 84' lang='grc' dir='ltr'>ὅτι</span> <span class='ocrx_word' id='word_1_621' title='bbox 3325 4288 3597 4354; x_wconf 75' lang='grc' dir='ltr'>πρότερον</span> <span class='ocrx_word' id='word_1_622' title='bbox 3633 4283 3782 4353; x_wconf 82' lang='grc' dir='ltr'><strong><em>μὲνὴ</em></strong></span> 
     </span>
    </p>
   </div>
   <div class='ocr_carea' id='block_1_88' title="bbox 2209 4367 3398 4442">
    <p class='ocr_par' dir='ltr' id='par_1_88' title="bbox 2209 4367 3398 4442">
     <span class='ocr_line' id='line_1_88' title="bbox 2209 4367 3398 4442; baseline 0.008 -24"><span class='ocrx_word' id='word_1_623' title='bbox 2209 4367 2327 4419; x_wconf 84' lang='grc' dir='ltr'>Θεία</span> <span class='ocrx_word' id='word_1_624' title='bbox 2353 4367 2532 4430; x_wconf 85' lang='grc' dir='ltr'>οὑσία,</span> <span class='ocrx_word' id='word_1_625' title='bbox 2561 4368 2815 4440; x_wconf 84' lang='grc' dir='ltr'>δεύτερον</span> <span class='ocrx_word' id='word_1_626' title='bbox 2843 4370 2899 4422; x_wconf 84' lang='grc' dir='ltr'><strong><em>δὲ</em></strong></span> <span class='ocrx_word' id='word_1_627' title='bbox 2924 4372 2956 4439; x_wconf 81' lang='grc' dir='ltr'>ἡ</span> <span class='ocrx_word' id='word_1_628' title='bbox 2985 4371 3106 4422; x_wconf 84' lang='grc' dir='ltr'>Θεία</span> <span class='ocrx_word' id='word_1_629' title='bbox 3135 4375 3398 4442; x_wconf 78' lang='grc' dir='ltr'>ἐνέργεια</span> 
     </span>
    </p>
   </div>
   <div class='ocr_carea' id='block_1_89' title="bbox 2293 4459 3782 4533">
    <p class='ocr_par' dir='ltr' id='par_1_89' title="bbox 2293 4459 3782 4533">
     <span class='ocr_line' id='line_1_89' title="bbox 2293 4459 3782 4533; baseline 0.001 -21"><span class='ocrx_word' id='word_1_630' title='bbox 2293 4459 2796 4524; x_wconf 72' lang='grc' dir='ltr'>Ὀκεωκαιδέκατος</span> <span class='ocrx_word' id='word_1_631' title='bbox 2833 4462 3030 4533; x_wconf 82' lang='grc' dir='ltr'>τρόπος</span> <span class='ocrx_word' id='word_1_632' title='bbox 3075 4463 3345 4532; x_wconf 75' lang='grc' dir='ltr'>διαφορᾶς</span> <span class='ocrx_word' id='word_1_633' title='bbox 3384 4467 3576 4530; x_wconf 79' lang='grc' dir='ltr'>αὐτοῖς</span> <span class='ocrx_word' id='word_1_634' title='bbox 3614 4467 3782 4518; x_wconf 64' lang='lat' dir='ltr'><strong><em>sm:-</em></strong></span> 
     </span>
    </p>
   </div>
   <div class='ocr_carea' id='block_1_90' title="bbox 531 4532 2106 4626">
    <p class='ocr_par' dir='ltr' id='par_1_90' title="bbox 531 4548 2105 4620">
     <span class='ocr_line' id='line_1_90' title="bbox 531 4548 2105 4620; baseline -0.003 -14"><span class='ocrx_word' id='word_1_635' title='bbox 531 4553 617 4607; x_wconf 86' lang='lat' dir='ltr'><strong><em>nis</em></strong></span> <span class='ocrx_word' id='word_1_636' title='bbox 640 4555 855 4616; x_wconf 88' lang='lat' dir='ltr'><strong><em>modus,</em></strong></span> <span class='ocrx_word' id='word_1_637' title='bbox 885 4566 1052 4620; x_wconf 87' lang='lat' dir='ltr'><strong><em>penes</em></strong></span> <span class='ocrx_word' id='word_1_638' title='bbox 1081 4551 1449 4606; x_wconf 79' lang='lat' dir='ltr'><strong><em>necessariam</em></strong></span> <span class='ocrx_word' id='word_1_639' title='bbox 1474 4549 1942 4610; x_wconf 89' lang='lat' dir='ltr'><strong><em>consecutionem,</em></strong></span> <span class='ocrx_word' id='word_1_640' title='bbox 1966 4548 2105 4614; x_wconf 88' lang='lat' dir='ltr'><strong><em>quod</em></strong></span> 
     </span>
    </p>
   </div>
   <div class='ocr_carea' id='block_1_91' title="bbox 2209 4532 3783 4626">
    <p class='ocr_par' dir='ltr' id='par_1_91' title="bbox 2214 4532 3783 4626">
     <span class='ocr_line' id='line_1_91' title="bbox 2214 4532 3783 4626; baseline 0.001 -24"><span class='ocrx_word' id='word_1_641' title='bbox 2214 4549 2424 4620; x_wconf 82' lang='grc' dir='ltr'>νόηται,</span> <span class='ocrx_word' id='word_1_642' title='bbox 2477 4551 2599 4602; x_wconf 81' lang='grc' dir='ltr'>κατ’</span> <span class='ocrx_word' id='word_1_643' title='bbox 2656 4532 2965 4618; x_wconf 70' lang='grc' dir='ltr'>ἀναγκαίαν</span> <span class='ocrx_word' id='word_1_644' title='bbox 3018 4552 3423 4624; x_wconf 71' lang='grc' dir='ltr'>ἀκολούθησιν·</span> <span class='ocrx_word' id='word_1_645' title='bbox 3489 4558 3644 4626; x_wconf 79' lang='grc' dir='ltr'>ὁτιή</span> <span class='ocrx_word' id='word_1_646' title='bbox 3694 4555 3783 4623; x_wconf 78' lang='grc' dir='ltr'>μὲν</span> 
     </span>
    </p>
   </div>
   <div class='ocr_carea' id='block_1_92' title="bbox 530 4636 2109 4708">
    <p class='ocr_par' dir='ltr' id='par_1_92' title="bbox 530 4636 2109 4708">
     <span class='ocr_line' id='line_1_92' title="bbox 530 4636 2109 4708; baseline -0.006 -13"><span class='ocrx_word' id='word_1_647' title='bbox 530 4643 716 4695; x_wconf 87' lang='lat' dir='ltr'><strong><em>divina</em></strong></span> <span class='ocrx_word' id='word_1_648' title='bbox 749 4641 968 4708; x_wconf 87' lang='lat' dir='ltr'><strong><em>quidem</em></strong></span> <span class='ocrx_word' id='word_1_649' title='bbox 1001 4638 1236 4692; x_wconf 86' lang='lat' dir='ltr'><strong><em>essentia</em></strong></span> <span class='ocrx_word' id='word_1_650' title='bbox 1265 4646 1484 4706; x_wconf 66' lang='lat' dir='ltr'><strong><em>prmeat,</em></strong></span> <span class='ocrx_word' id='word_1_651' title='bbox 1515 4645 1572 4690; x_wconf 88' lang='lat' dir='ltr'><strong><em>ttt</em></strong></span> <span class='ocrx_word' id='word_1_652' title='bbox 1606 4636 1657 4689; x_wconf 89' lang='lat' dir='ltr'><strong><em>id</em></strong></span> <span class='ocrx_word' id='word_1_653' title='bbox 1673 4636 1816 4704; x_wconf 90' lang='lat' dir='ltr'><strong><em>quod</em></strong></span> <span class='ocrx_word' id='word_1_654' title='bbox 1849 4636 1917 4688; x_wconf 87' lang='lat' dir='ltr'><strong><em>ad</em></strong></span> <span class='ocrx_word' id='word_1_655' title='bbox 1953 4643 2109 4686; x_wconf 88' lang='lat' dir='ltr'><strong><em>natu-</em></strong></span> 
     </span>
    </p>
   </div>
   <div class='ocr_carea' id='block_1_93' title="bbox 531 4726 2108 4799">
    <p class='ocr_par' dir='ltr' id='par_1_93' title="bbox 531 4726 2108 4799">
     <span class='ocr_line' id='line_1_93' title="bbox 531 4726 2108 4799; baseline -0.005 -13"><span class='ocrx_word' id='word_1_656' title='bbox 531 4746 647 4786; x_wconf 89' lang='lat' dir='ltr'><strong><em>ram</em></strong></span> <span class='ocrx_word' id='word_1_657' title='bbox 681 4740 909 4799; x_wconf 86' lang='lat' dir='ltr'><strong><em>spectat,</em></strong></span> <span class='ocrx_word' id='word_1_658' title='bbox 941 4730 1120 4783; x_wconf 86' lang='lat' dir='ltr'><strong><em>divina</em></strong></span> <span class='ocrx_word' id='word_1_659' title='bbox 1152 4738 1329 4783; x_wconf 81' lang='lat' dir='ltr'><strong><em>autem</em></strong></span> <span class='ocrx_word' id='word_1_660' title='bbox 1357 4728 1602 4794; x_wconf 84' lang='lat' dir='ltr'><strong><em>operatio</em></strong></span> <span class='ocrx_word' id='word_1_661' title='bbox 1644 4737 1924 4795; x_wconf 86' lang='lat' dir='ltr'><strong><em>sequatur,</em></strong></span> <span class='ocrx_word' id='word_1_662' title='bbox 1955 4735 2012 4778; x_wconf 91' lang='lat' dir='ltr'><strong><em>ut</em></strong></span> <span class='ocrx_word' id='word_1_663' title='bbox 2053 4726 2108 4779; x_wconf 92' lang='lat' dir='ltr'><strong><em>id</em></strong></span> 
     </span>
    </p>
   </div>
   <div class='ocr_carea' id='block_1_94' title="bbox 533 4819 2112 4894">
    <p class='ocr_par' dir='ltr' id='par_1_94' title="bbox 533 4819 2112 4894">
     <span class='ocr_line' id='line_1_94' title="bbox 533 4819 2112 4894; baseline -0.003 -17"><span class='ocrx_word' id='word_1_664' title='bbox 533 4825 680 4894; x_wconf 87' lang='lat' dir='ltr'><strong><em>quod</em></strong></span> <span class='ocrx_word' id='word_1_665' title='bbox 710 4825 778 4878; x_wconf 88' lang='lat' dir='ltr'><strong><em>ad</em></strong></span> <span class='ocrx_word' id='word_1_666' title='bbox 809 4825 1104 4878; x_wconf 84' lang='lat' dir='ltr'><strong><em>voluntatis</em></strong></span> <span class='ocrx_word' id='word_1_667' title='bbox 1127 4823 1479 4876; x_wconf 86' lang='lat' dir='ltr'><strong><em>sententiam.</em></strong></span> <span class='ocrx_word' id='word_1_668' title='bbox 1502 4821 1581 4876; x_wconf 86' lang='lat' dir='ltr'><strong><em>Ac</em></strong></span> <span class='ocrx_word' id='word_1_669' title='bbox 1614 4819 1839 4888; x_wconf 89' lang='lat' dir='ltr'><strong><em>probare</em></strong></span> <span class='ocrx_word' id='word_1_670' title='bbox 1866 4821 2112 4872; x_wconf 90' lang='lat' dir='ltr'><strong><em>nituntur</em></strong></span> 
     </span>
    </p>
   </div>
   <div class='ocr_carea' id='block_1_95' title="bbox 533 4912 2108 4984">
    <p class='ocr_par' dir='ltr' id='par_1_95' title="bbox 533 4912 2108 4984">
     <span class='ocr_line' id='line_1_95' title="bbox 533 4912 2108 4984; baseline -0.005 -12"><span class='ocrx_word' id='word_1_671' title='bbox 533 4933 600 4972; x_wconf 83' lang='lat' dir='ltr'><strong><em>ex</em></strong></span> <span class='ocrx_word' id='word_1_672' title='bbox 657 4917 837 4971; x_wconf 87' lang='lat' dir='ltr'><strong><em>verbis</em></strong></span> <span class='ocrx_word' id='word_1_673' title='bbox 900 4917 1080 4984; x_wconf 76' lang='lat' dir='ltr'><strong><em>magni</em></strong></span> <span class='ocrx_word' id='word_1_674' title='bbox 1117 4914 1430 4981; x_wconf 84' lang='lat' dir='ltr'><strong><em>Athanasii,</em></strong></span> <span class='ocrx_word' id='word_1_675' title='bbox 1471 4913 1710 4966; x_wconf 87' lang='lat' dir='ltr'><strong><em>dicentis</em></strong></span> <span class='ocrx_word' id='word_1_676' title='bbox 1749 4912 1879 4981; x_wconf 86' lang='lat' dir='ltr'><strong><em>(alio</em></strong></span> <span class='ocrx_word' id='word_1_677' title='bbox 1931 4919 2108 4965; x_wconf 88' lang='lat' dir='ltr'><strong><em>tamen</em></strong></span> 
     </span>
    </p>
   </div>
   <div class='ocr_carea' id='block_1_96' title="bbox 527 5001 2110 5079">
    <p class='ocr_par' dir='ltr' id='par_1_96' title="bbox 527 5001 2110 5079">
     <span class='ocr_line' id='line_1_96' title="bbox 527 5001 2110 5079; baseline -0.004 -17"><span class='ocrx_word' id='word_1_678' title='bbox 527 5001 742 5079; x_wconf 81' lang='lat' dir='ltr'><strong><em>sensu)</em></strong></span> <span class='ocrx_word' id='word_1_679' title='bbox 796 5010 1057 5062; x_wconf 79' lang='lat' dir='ltr'><strong><em>adversus</em></strong></span> <span class='ocrx_word' id='word_1_680' title='bbox 1109 5007 1344 5072; x_wconf 83' lang='lat' dir='ltr'><strong><em>Arianos</em></strong></span> <span class='ocrx_word' id='word_1_681' title='bbox 1390 5008 1444 5059; x_wconf 92' lang='lat' dir='ltr'><strong><em>in</em></strong></span> <span class='ocrx_word' id='word_1_682' title='bbox 1513 5005 1658 5058; x_wconf 84' lang='lat' dir='ltr'><strong><em>hunc</em></strong></span> <span class='ocrx_word' id='word_1_683' title='bbox 1717 5007 1933 5057; x_wconf 89' lang='lat' dir='ltr'><strong><em>modum</em></strong></span> <span class='ocrx_word' id='word_1_684' title='bbox 1974 5021 1986 5056; x_wconf 92' lang='lat'>:</span> <span class='ocrx_word' id='word_1_685' title='bbox 2025 5001 2110 5056; x_wconf 90' lang='lat' dir='ltr'><strong><em>Si-</em></strong></span> 
     </span>
    </p>
   </div>
   <div class='ocr_carea' id='block_1_97' title="bbox 533 5095 2112 5171">
    <p class='ocr_par' dir='ltr' id='par_1_97' title="bbox 533 5095 2112 5171">
     <span class='ocr_line' id='line_1_97' title="bbox 533 5095 2112 5171; baseline -0.003 -19"><span class='ocrx_word' id='word_1_686' title='bbox 533 5104 747 5171; x_wconf 81' lang='lat' dir='ltr'><strong><em>quidem</em></strong></span> <span class='ocrx_word' id='word_1_687' title='bbox 800 5099 908 5154; x_wconf 85' lang='lat' dir='ltr'><strong><em>Deo</em></strong></span> <span class='ocrx_word' id='word_1_688' title='bbox 967 5099 1203 5152; x_wconf 84' lang='lat' dir='ltr'><strong><em>tribuunt</em></strong></span> <span class='ocrx_word' id='word_1_689' title='bbox 1256 5097 1406 5164; x_wconf 78' lang='lat' dir='ltr'><strong><em>uelle,</em></strong></span> <span class='ocrx_word' id='word_1_690' title='bbox 1458 5097 1597 5165; x_wconf 84' lang='lat' dir='ltr'><strong><em>quod</em></strong></span> <span class='ocrx_word' id='word_1_691' title='bbox 1657 5097 1843 5149; x_wconf 85' lang='lat' dir='ltr'><strong><em>attinet</em></strong></span> <span class='ocrx_word' id='word_1_692' title='bbox 1896 5095 1968 5149; x_wconf 84' lang='lat' dir='ltr'><strong><em>ad</em></strong></span> <span class='ocrx_word' id='word_1_693' title='bbox 2008 5111 2112 5150; x_wconf 84' lang='lat' dir='ltr'><strong><em>non</em></strong></span> 
     </span>
    </p>
   </div>
   <div class='ocr_carea' id='block_1_98' title="bbox 533 5187 2112 5261">
    <p class='ocr_par' dir='ltr' id='par_1_98' title="bbox 533 5187 2112 5261">
     <span class='ocr_line' id='line_1_98' title="bbox 533 5187 2112 5261; baseline -0.005 -15"><span class='ocrx_word' id='word_1_694' title='bbox 533 5197 700 5256; x_wconf 83' lang='lat' dir='ltr'><strong><em>entia,</em></strong></span> <span class='ocrx_word' id='word_1_695' title='bbox 741 5194 924 5261; x_wconf 84' lang='lat' dir='ltr'><strong><em>quidm</em></strong></span> <span class='ocrx_word' id='word_1_696' title='bbox 968 5200 1261 5260; x_wconf 84' lang='lat' dir='ltr'><strong><em>agnoscunt</em></strong></span> <span class='ocrx_word' id='word_1_697' title='bbox 1329 5189 1384 5241; x_wconf 86' lang='lat' dir='ltr'><strong><em>in</em></strong></span> <span class='ocrx_word' id='word_1_698' title='bbox 1436 5188 1569 5257; x_wconf 28' lang='lat' dir='ltr'><strong><em>Deo.</em></strong></span> <span class='ocrx_word' id='word_1_699' title='bbox 1601 5187 1740 5258; x_wconf 85' lang='lat' dir='ltr'><strong><em>quod</em></strong></span> <span class='ocrx_word' id='word_1_700' title='bbox 1796 5199 1872 5240; x_wconf 89' lang='lat' dir='ltr'><strong><em>est</em></strong></span> <span class='ocrx_word' id='word_1_701' title='bbox 1925 5189 2112 5239; x_wconf 83' lang='lat' dir='ltr'><strong><em>volun-</em></strong></span> 
     </span>
    </p>
   </div>
   <div class='ocr_carea' id='block_1_99' title="bbox 537 5279 2114 5350">
    <p class='ocr_par' dir='ltr' id='par_1_99' title="bbox 537 5279 2114 5350">
     <span class='ocr_line' id='line_1_99' title="bbox 537 5279 2114 5350; baseline -0.006 -10"><span class='ocrx_word' id='word_1_702' title='bbox 537 5299 645 5340; x_wconf 88' lang='lat' dir='ltr'><strong><em>tate</em></strong></span> <span class='ocrx_word' id='word_1_703' title='bbox 703 5289 940 5350; x_wconf 84' lang='lat' dir='ltr'><strong><em>superius</em></strong></span> <span class='ocrx_word' id='word_1_704' title='bbox 972 5287 997 5339; x_wconf 78' lang='lat'><strong><em>7</em></strong></span> <span class='ocrx_word' id='word_1_705' title='bbox 1049 5287 1128 5336; x_wconf 82' lang='lat' dir='ltr'><strong><em>Ac</em></strong></span> <span class='ocrx_word' id='word_1_706' title='bbox 1179 5298 1371 5335; x_wconf 85' lang='lat' dir='ltr'><strong><em>rursus</em></strong></span> <span class='ocrx_word' id='word_1_707' title='bbox 1449 5282 1746 5335; x_wconf 71' lang='lat' dir='ltr'><strong><em>dicentis‘:</em></strong></span> <span class='ocrx_word' id='word_1_708' title='bbox 1797 5279 2114 5343; x_wconf 76' lang='lat' dir='ltr'><strong><em>Quemdmo-</em></strong></span> 
     </span>
    </p>
   </div>
   <div class='ocr_carea' id='block_1_100' title="bbox 535 5374 2110 5445">
    <p class='ocr_par' dir='ltr' id='par_1_100' title="bbox 535 5374 2110 5445">
     <span class='ocr_line' id='line_1_100' title="bbox 535 5374 2110 5445; baseline -0.003 -15"><span class='ocrx_word' id='word_1_709' title='bbox 535 5381 660 5432; x_wconf 80' lang='lat' dir='ltr'><strong><em>dum</em></strong></span> <span class='ocrx_word' id='word_1_710' title='bbox 695 5379 956 5431; x_wconf 81' lang='lat' dir='ltr'><strong><em>voluntati</em></strong></span> <span class='ocrx_word' id='word_1_711' title='bbox 981 5376 1280 5444; x_wconf 79' lang='lat' dir='ltr'><strong><em>opponitur,</em></strong></span> <span class='ocrx_word' id='word_1_712' title='bbox 1313 5376 1452 5445; x_wconf 89' lang='lat' dir='ltr'><strong><em>quod</em></strong></span> <span class='ocrx_word' id='word_1_713' title='bbox 1487 5382 1564 5428; x_wconf 86' lang='lat' dir='ltr'><strong><em>est</em></strong></span> <span class='ocrx_word' id='word_1_714' title='bbox 1599 5385 1788 5440; x_wconf 71' lang='grc' dir='ltr'>ριάειεγ</span> <span class='ocrx_word' id='word_1_715' title='bbox 1821 5374 2110 5427; x_wconf 80' lang='lat' dir='ltr'><strong><em>voluntatis</em></strong></span> 
     </span>
    </p>
   </div>
   <div class='ocr_carea' id='block_1_101' title="bbox 535 5467 2112 5536">
    <p class='ocr_par' dir='ltr' id='par_1_101' title="bbox 535 5467 2112 5536">
     <span class='ocr_line' id='line_1_101' title="bbox 535 5467 2112 5536; baseline -0.004 -12"><span class='ocrx_word' id='word_1_716' title='bbox 535 5473 871 5532; x_wconf 82' lang='lat' dir='ltr'><strong><em>sententiam,</em></strong></span> <span class='ocrx_word' id='word_1_717' title='bbox 899 5473 974 5522; x_wconf 87' lang='lat' dir='ltr'><strong><em>ita</em></strong></span> <span class='ocrx_word' id='word_1_718' title='bbox 1007 5470 1218 5529; x_wconf 84' lang='lat' dir='ltr'><strong><em>eminet,</em></strong></span> <span class='ocrx_word' id='word_1_719' title='bbox 1251 5470 1508 5536; x_wconf 66' lang='lat' dir='ltr'><strong><em>pra’itque</em></strong></span> <span class='ocrx_word' id='word_1_720' title='bbox 1541 5467 1822 5528; x_wconf 83' lang='lat' dir='ltr'><strong><em>voluntati,</em></strong></span> <span class='ocrx_word' id='word_1_721' title='bbox 1871 5470 2011 5534; x_wconf 87' lang='lat' dir='ltr'><strong><em>quod</em></strong></span> <span class='ocrx_word' id='word_1_722' title='bbox 2047 5480 2112 5518; x_wconf 74' lang='lat' dir='ltr'><strong><em>ex</em></strong></span> 
     </span>
    </p>
   </div>
   <div class='ocr_carea' id='block_1_102' title="bbox 537 5559 2111 5618">
    <p class='ocr_par' dir='ltr' id='par_1_102' title="bbox 537 5559 2111 5618">
     <span class='ocr_line' id='line_1_102' title="bbox 537 5559 2111 5618; baseline -0.002 -2"><span class='ocrx_word' id='word_1_723' title='bbox 537 5577 732 5616; x_wconf 82' lang='lat' dir='ltr'><strong><em>natura</em></strong></span> <span class='ocrx_word' id='word_1_724' title='bbox 768 5573 865 5618; x_wconf 81' lang='lat' dir='ltr'><strong><em>ert.</em></strong></span> <span class='ocrx_word' id='word_1_725' title='bbox 903 5564 978 5617; x_wconf 82' lang='lat' dir='ltr'><strong><em>Ex</em></strong></span> <span class='ocrx_word' id='word_1_726' title='bbox 1012 5565 1096 5617; x_wconf 88' lang='lat' dir='ltr'><strong><em>his</em></strong></span> <span class='ocrx_word' id='word_1_727' title='bbox 1124 5565 1267 5616; x_wconf 90' lang='lat' dir='ltr'><strong><em>enim</em></strong></span> <span class='ocrx_word' id='word_1_728' title='bbox 1299 5562 1667 5617; x_wconf 85' lang='lat' dir='ltr'><strong><em>necessariam</em></strong></span> <span class='ocrx_word' id='word_1_729' title='bbox 1699 5559 1948 5614; x_wconf 82' lang='lat' dir='ltr'><strong><em>inferunt</em></strong></span> <span class='ocrx_word' id='word_1_730' title='bbox 1977 5573 2111 5614; x_wconf 85' lang='lat' dir='ltr'><strong><em>con-</em></strong></span> 
     </span>
    </p>
   </div>
   <div class='ocr_carea' id='block_1_103' title="bbox 537 5655 2111 5726">
    <p class='ocr_par' dir='ltr' id='par_1_103' title="bbox 537 5655 2111 5726">
     <span class='ocr_line' id='line_1_103' title="bbox 537 5655 2111 5726; baseline -0.002 -17"><span class='ocrx_word' id='word_1_731' title='bbox 537 5657 896 5720; x_wconf 86' lang='lat' dir='ltr'><strong><em>secutionem,</em></strong></span> <span class='ocrx_word' id='word_1_732' title='bbox 925 5657 1141 5724; x_wconf 88' lang='lat' dir='ltr'><strong><em>quando</em></strong></span> <span class='ocrx_word' id='word_1_733' title='bbox 1162 5655 1376 5723; x_wconf 88' lang='lat' dir='ltr'><strong><em>quidem</em></strong></span> <span class='ocrx_word' id='word_1_734' title='bbox 1403 5656 1545 5726; x_wconf 92' lang='lat' dir='ltr'><strong><em>quod</em></strong></span> <span class='ocrx_word' id='word_1_735' title='bbox 1573 5670 1638 5709; x_wconf 82' lang='lat' dir='ltr'><strong><em>ex</em></strong></span> <span class='ocrx_word' id='word_1_736' title='bbox 1661 5665 1850 5708; x_wconf 80' lang='lat' dir='ltr'><strong><em>natura</em></strong></span> <span class='ocrx_word' id='word_1_737' title='bbox 1880 5664 1984 5719; x_wconf 88' lang='lat' dir='ltr'><strong><em>est,</em></strong></span> <span class='ocrx_word' id='word_1_738' title='bbox 2018 5668 2111 5706; x_wconf 83' lang='lat' dir='ltr'><strong><em>vo-</em></strong></span> 
     </span>
    </p>
   </div>
   <div class='ocr_carea' id='block_1_104' title="bbox 537 5745 2107 5818">
    <p class='ocr_par' dir='ltr' id='par_1_104' title="bbox 537 5745 2107 5818">
     <span class='ocr_line' id='line_1_104' title="bbox 537 5745 2107 5818; baseline -0.002 -18"><span class='ocrx_word' id='word_1_739' title='bbox 537 5745 729 5800; x_wconf 86' lang='lat' dir='ltr'><strong><em>luntati</em></strong></span> <span class='ocrx_word' id='word_1_740' title='bbox 757 5747 980 5815; x_wconf 89' lang='lat' dir='ltr'><strong><em>eminet,</em></strong></span> <span class='ocrx_word' id='word_1_741' title='bbox 1017 5747 1216 5814; x_wconf 88' lang='lat' dir='ltr'><strong><em>illaque</em></strong></span> <span class='ocrx_word' id='word_1_742' title='bbox 1264 5748 1516 5818; x_wconf 87' lang='lat' dir='ltr'><strong><em>superius</em></strong></span> <span class='ocrx_word' id='word_1_743' title='bbox 1557 5758 1675 5813; x_wconf 90' lang='lat' dir='ltr'><strong><em>est;</em></strong></span> <span class='ocrx_word' id='word_1_744' title='bbox 1713 5747 1895 5799; x_wconf 87' lang='lat' dir='ltr'><strong><em>divina</em></strong></span> <span class='ocrx_word' id='word_1_745' title='bbox 1928 5755 2107 5799; x_wconf 83' lang='lat' dir='ltr'><strong><em>autem</em></strong></span> 
     </span>
    </p>
   </div>
   <div class='ocr_carea' id='block_1_105' title="bbox 534 5837 2113 5912">
    <p class='ocr_par' dir='ltr' id='par_1_105' title="bbox 534 5837 2113 5912">
     <span class='ocr_line' id='line_1_105' title="bbox 534 5837 2113 5912; baseline -0.001 -18"><span class='ocrx_word' id='word_1_746' title='bbox 534 5837 787 5894; x_wconf 82' lang='lat' dir='ltr'><strong><em>voluntas</em></strong></span> <span class='ocrx_word' id='word_1_747' title='bbox 819 5849 903 5894; x_wconf 89' lang='lat' dir='ltr'><strong><em>est</em></strong></span> <span class='ocrx_word' id='word_1_748' title='bbox 933 5841 1022 5894; x_wconf 89' lang='lat' dir='ltr'><strong><em>Dei</em></strong></span> <span class='ocrx_word' id='word_1_749' title='bbox 1042 5841 1312 5910; x_wconf 84' lang='lat' dir='ltr'><strong><em>operatio;</em></strong></span> <span class='ocrx_word' id='word_1_750' title='bbox 1339 5843 1396 5896; x_wconf 77' lang='lat' dir='ltr'><strong><em>lit</em></strong></span> <span class='ocrx_word' id='word_1_751' title='bbox 1423 5855 1552 5912; x_wconf 79' lang='lat' dir='ltr'><strong><em>ergo</em></strong></span> <span class='ocrx_word' id='word_1_752' title='bbox 1585 5850 1642 5896; x_wconf 89' lang='lat' dir='ltr'><strong><em>ut</em></strong></span> <span class='ocrx_word' id='word_1_753' title='bbox 1685 5839 1826 5910; x_wconf 88' lang='lat' dir='ltr'><strong><em>quod</em></strong></span> <span class='ocrx_word' id='word_1_754' title='bbox 1859 5853 1923 5894; x_wconf 80' lang='lat' dir='ltr'><strong><em>ex</em></strong></span> <span class='ocrx_word' id='word_1_755' title='bbox 1958 5847 2113 5893; x_wconf 88' lang='lat' dir='ltr'><strong><em>natu-</em></strong></span> 
     </span>
    </p>
   </div>
   <div class='ocr_carea' id='block_1_106' title="bbox 2213 4639 3785 4717">
    <p class='ocr_par' dir='ltr' id='par_1_106' title="bbox 2213 4639 3785 4717">
     <span class='ocr_line' id='line_1_106' title="bbox 2213 4639 3785 4717; baseline 0 -21"><span class='ocrx_word' id='word_1_756' title='bbox 2213 4644 2332 4696; x_wconf 85' lang='grc' dir='ltr'>Θεία</span> <span class='ocrx_word' id='word_1_757' title='bbox 2363 4643 2522 4696; x_wconf 85' lang='grc' dir='ltr'>οὐσία</span> <span class='ocrx_word' id='word_1_758' title='bbox 2562 4646 2913 4712; x_wconf 79' lang='grc' dir='ltr'>προηγεῖται,</span> <span class='ocrx_word' id='word_1_759' title='bbox 2965 4643 3039 4708; x_wconf 84' lang='grc' dir='ltr'><strong><em>ὡς</em></strong></span> <span class='ocrx_word' id='word_1_760' title='bbox 3087 4645 3146 4698; x_wconf 86' lang='grc' dir='ltr'>τὸ</span> <span class='ocrx_word' id='word_1_761' title='bbox 3199 4651 3356 4717; x_wconf 80' lang='grc' dir='ltr'>παρὰ</span> <span class='ocrx_word' id='word_1_762' title='bbox 3392 4639 3594 4717; x_wconf 79' lang='grc' dir='ltr'>φύσιν·</span> <span class='ocrx_word' id='word_1_763' title='bbox 3651 4649 3682 4716; x_wconf 80' lang='grc' dir='ltr'><strong>ἡ</strong></span> <span class='ocrx_word' id='word_1_764' title='bbox 3735 4645 3785 4696; x_wconf 76' lang='grc' dir='ltr'><strong><em>δὲ</em></strong></span> 
     </span>
    </p>
   </div>
   <div class='ocr_carea' id='block_1_107' title="bbox 2213 4733 3785 4809">
    <p class='ocr_par' dir='ltr' id='par_1_107' title="bbox 2213 4733 3785 4809">
     <span class='ocr_line' id='line_1_107' title="bbox 2213 4733 3785 4809; baseline 0.001 -23"><span class='ocrx_word' id='word_1_765' title='bbox 2213 4733 2331 4786; x_wconf 83' lang='grc' dir='ltr'>Θεία</span> <span class='ocrx_word' id='word_1_766' title='bbox 2360 4733 2553 4786; x_wconf 73' lang='grc' dir='ltr'>ἕπεται</span> <span class='ocrx_word' id='word_1_767' title='bbox 2596 4735 2868 4806; x_wconf 79' lang='grc' dir='ltr'>ἐνέργεια,</span> <span class='ocrx_word' id='word_1_768' title='bbox 2903 4737 2977 4798; x_wconf 85' lang='grc' dir='ltr'>ὡς</span> <span class='ocrx_word' id='word_1_769' title='bbox 3025 4737 3086 4789; x_wconf 77' lang='grc' dir='ltr'>τὸ</span> <span class='ocrx_word' id='word_1_770' title='bbox 3135 4739 3288 4808; x_wconf 78' lang='grc' dir='ltr'>παρὰ</span> <span class='ocrx_word' id='word_1_771' title='bbox 3322 4741 3580 4809; x_wconf 83' lang='grc' dir='ltr'>γνώμην.</span> <span class='ocrx_word' id='word_1_772' title='bbox 3621 4742 3785 4803; x_wconf 86' lang='grc' dir='ltr'>Ὅπερ</span> 
     </span>
    </p>
   </div>
   <div class='ocr_carea' id='block_1_108' title="bbox 2211 4825 3786 4902">
    <p class='ocr_par' dir='ltr' id='par_1_108' title="bbox 2211 4825 3786 4902">
     <span class='ocr_line' id='line_1_108' title="bbox 2211 4825 3786 4902; baseline 0.003 -23"><span class='ocrx_word' id='word_1_773' title='bbox 2211 4826 2321 4879; x_wconf 77' lang='grc' dir='ltr'>ἀπὸ</span> <span class='ocrx_word' id='word_1_774' title='bbox 2345 4827 2450 4878; x_wconf 85' lang='grc' dir='ltr'>τῶν</span> <span class='ocrx_word' id='word_1_775' title='bbox 2479 4825 2573 4878; x_wconf 82' lang='grc' dir='ltr'><strong><em>τοῦ</em></strong></span> <span class='ocrx_word' id='word_1_776' title='bbox 2602 4828 2842 4898; x_wconf 80' lang='grc' dir='ltr'>μεγάλου</span> <span class='ocrx_word' id='word_1_777' title='bbox 2884 4828 3208 4882; x_wconf 81' lang='grc' dir='ltr'>Ἀθανασίου</span> <span class='ocrx_word' id='word_1_778' title='bbox 3238 4833 3554 4902; x_wconf 84' lang='grc' dir='ltr'>πειρῶνται</span> <span class='ocrx_word' id='word_1_779' title='bbox 3586 4829 3786 4886; x_wconf 75' lang='grc' dir='ltr'>δεικνύ·</span> 
     </span>
    </p>
   </div>
   <div class='ocr_carea' id='block_1_109' title="bbox 2215 4918 3790 4990">
    <p class='ocr_par' dir='ltr' id='par_1_109' title="bbox 2215 4918 3790 4990">
     <span class='ocr_line' id='line_1_109' title="bbox 2215 4918 3790 4990; baseline 0.001 -18"><span class='ocrx_word' id='word_1_780' title='bbox 2215 4935 2327 4984; x_wconf 83' lang='grc' dir='ltr'>ναι,</span> <span class='ocrx_word' id='word_1_781' title='bbox 2390 4918 2700 4988; x_wconf 73' lang='grc' dir='ltr'>εἰρηκότος,</span> <span class='ocrx_word' id='word_1_782' title='bbox 2762 4921 2884 4972; x_wconf 87' lang='grc' dir='ltr'>κατ’</span> <span class='ocrx_word' id='word_1_783' title='bbox 2949 4921 3118 4990; x_wconf 79' lang='grc' dir='ltr'>ἄλλην</span> <span class='ocrx_word' id='word_1_784' title='bbox 3178 4924 3418 4988; x_wconf 77' lang='grc' dir='ltr'>ἔννοιαν,</span> <span class='ocrx_word' id='word_1_785' title='bbox 3493 4930 3635 4977; x_wconf 63' lang='grc' dir='ltr'>κατὰ</span> <span class='ocrx_word' id='word_1_786' title='bbox 3691 4924 3790 4973; x_wconf 70' lang='grc' dir='ltr'><strong><em>τίν</em></strong></span> 
     </span>
    </p>
   </div>
   <div class='ocr_carea' id='block_1_110' title="bbox 2224 5012 3786 5084">
    <p class='ocr_par' dir='ltr' id='par_1_110' title="bbox 2224 5012 3786 5084">
     <span class='ocr_line' id='line_1_110' title="bbox 2224 5012 3786 5084; baseline 0.003 -20"><span class='ocrx_word' id='word_1_787' title='bbox 2224 5012 2518 5082; x_wconf 80' lang='grc' dir='ltr'>Ἀρειανῶν</span> <span class='ocrx_word' id='word_1_788' title='bbox 2544 5013 2767 5076; x_wconf 73' lang='grc' dir='ltr'>οὑτωσὶ,</span> <span class='ocrx_word' id='word_1_789' title='bbox 2810 5014 2878 5066; x_wconf 79' lang='lat' dir='ltr'><strong><em>Et</em></strong></span> <span class='ocrx_word' id='word_1_790' title='bbox 2902 5015 2970 5067; x_wconf 85' lang='grc' dir='ltr'>τὸ</span> <span class='ocrx_word' id='word_1_791' title='bbox 2999 5015 3342 5077; x_wconf 76' lang='grc' dir='ltr'>,βούλεσθαι</span> <span class='ocrx_word' id='word_1_792' title='bbox 3391 5018 3530 5084; x_wconf 77' lang='grc' dir='ltr'>περὶ</span> <span class='ocrx_word' id='word_1_793' title='bbox 3567 5016 3682 5070; x_wconf 82' lang='grc' dir='ltr'><strong><em>τῶν</em></strong></span> <span class='ocrx_word' id='word_1_794' title='bbox 3708 5012 3786 5082; x_wconf 72' lang='grc' dir='ltr'>μὴ</span> 
     </span>
    </p>
   </div>
   <div class='ocr_carea' id='block_1_111' title="bbox 2215 5102 3891 5176">
    <p class='ocr_par' dir='ltr' id='par_1_111' title="bbox 2215 5102 3891 5176">
     <span class='ocr_line' id='line_1_111' title="bbox 2215 5102 3891 5176; baseline 0.001 -19"><span class='ocrx_word' id='word_1_795' title='bbox 2215 5103 2407 5158; x_wconf 78' lang='grc' dir='ltr'>ὄντων</span> <span class='ocrx_word' id='word_1_796' title='bbox 2438 5103 2674 5157; x_wconf 79' lang='grc' dir='ltr'>διδόασι</span> <span class='ocrx_word' id='word_1_797' title='bbox 2708 5102 2788 5169; x_wconf 83' lang='grc' dir='ltr'>τῷ</span> <span class='ocrx_word' id='word_1_798' title='bbox 2832 5104 2978 5170; x_wconf 75' lang='grc' dir='ltr'>Θεῷ,</span> <span class='ocrx_word' id='word_1_799' title='bbox 3018 5104 3115 5158; x_wconf 85' lang='grc' dir='ltr'><strong><em>διὰ</em></strong></span> <span class='ocrx_word' id='word_1_800' title='bbox 3157 5107 3214 5160; x_wconf 75' lang='grc' dir='ltr'><strong><em>τί</em></strong></span> <span class='ocrx_word' id='word_1_801' title='bbox 3251 5106 3318 5159; x_wconf 77' lang='grc' dir='ltr'>τὸ</span> <span class='ocrx_word' id='word_1_802' title='bbox 3361 5111 3789 5176; x_wconf 75' lang='grc' dir='ltr'>ὑπερκείμενον</span> <span class='ocrx_word' id='word_1_803' title='bbox 3879 5139 3891 5156; x_wconf 77' lang='lat'><em>.</em></span> 
     </span>
    </p>
   </div>
   <div class='ocr_carea' id='block_1_112' title="bbox 2212 5192 3788 5264">
    <p class='ocr_par' dir='ltr' id='par_1_112' title="bbox 2212 5192 3788 5264">
     <span class='ocr_line' id='line_1_112' title="bbox 2212 5192 3788 5264; baseline 0.004 -18"><span class='ocrx_word' id='word_1_804' title='bbox 2212 5192 2326 5261; x_wconf 80' lang='grc' dir='ltr'>τῆς</span> <span class='ocrx_word' id='word_1_805' title='bbox 2367 5195 2732 5259; x_wconf 68' lang='grc' dir='ltr'>,βουλήσεως</span> <span class='ocrx_word' id='word_1_806' title='bbox 2777 5197 2889 5248; x_wconf 81' lang='grc' dir='ltr'>οὐκ</span> <span class='ocrx_word' id='word_1_807' title='bbox 2937 5196 3418 5264; x_wconf 75' lang='grc' dir='ltr'>ἐπιγινώσκουσι</span> <span class='ocrx_word' id='word_1_808' title='bbox 3468 5198 3578 5251; x_wconf 83' lang='grc' dir='ltr'>τοῦ</span> <span class='ocrx_word' id='word_1_809' title='bbox 3614 5194 3788 5252; x_wconf 70' lang='grc' dir='ltr'>Θεοῦῖ</span> 
     </span>
    </p>
   </div>
   <div class='ocr_carea' id='block_1_113' title="bbox 2215 5284 3790 5357">
    <p class='ocr_par' dir='ltr' id='par_1_113' title="bbox 2215 5284 3790 5357">
     <span class='ocr_line' id='line_1_113' title="bbox 2215 5284 3790 5357; baseline -0.002 -18"><span class='ocrx_word' id='word_1_810' title='bbox 2215 5289 2309 5340; x_wconf 78' lang='grc' dir='ltr'>καὶ</span> <span class='ocrx_word' id='word_1_811' title='bbox 2326 5287 2487 5340; x_wconf 86' lang='grc' dir='ltr'>πάλιν</span> <span class='ocrx_word' id='word_1_812' title='bbox 2507 5287 2780 5355; x_wconf 79' lang='grc' dir='ltr'>λέγοντος,</span> <span class='ocrx_word' id='word_1_813' title='bbox 2803 5287 3032 5355; x_wconf 75' lang='grc' dir='ltr'>’Ὠσπερ</span> <span class='ocrx_word' id='word_1_814' title='bbox 3054 5289 3383 5341; x_wconf 75' lang='grc' dir='ltr'>ἀντίκειται</span> <span class='ocrx_word' id='word_1_815' title='bbox 3405 5286 3479 5357; x_wconf 78' lang='grc' dir='ltr'>τῇ</span> <span class='ocrx_word' id='word_1_816' title='bbox 3494 5284 3790 5353; x_wconf 63' lang='grc' dir='ltr'>βουλήσει</span> 
     </span>
    </p>
   </div>
   <div class='ocr_carea' id='block_1_114' title="bbox 2214 5378 3788 5448">
    <p class='ocr_par' dir='ltr' id='par_1_114' title="bbox 2214 5378 3788 5448">
     <span class='ocr_line' id='line_1_114' title="bbox 2214 5378 3788 5448; baseline -0.005 -16"><span class='ocrx_word' id='word_1_817' title='bbox 2214 5381 2282 5434; x_wconf 82' lang='grc' dir='ltr'>τὸ</span> <span class='ocrx_word' id='word_1_818' title='bbox 2303 5381 2461 5447; x_wconf 68' lang='grc' dir='ltr'>παρὰ</span> <span class='ocrx_word' id='word_1_819' title='bbox 2481 5379 2742 5448; x_wconf 58' lang='grc' dir='ltr'>γνώμην,</span> <span class='ocrx_word' id='word_1_820' title='bbox 2767 5380 2957 5443; x_wconf 84' lang='grc' dir='ltr'>οὕτως</span> <span class='ocrx_word' id='word_1_821' title='bbox 2971 5381 3313 5446; x_wconf 82' lang='grc' dir='ltr'>ὑπέρκειται</span> <span class='ocrx_word' id='word_1_822' title='bbox 3332 5380 3435 5433; x_wconf 78' lang='grc' dir='ltr'>καὶ</span> <span class='ocrx_word' id='word_1_823' title='bbox 3452 5378 3788 5448; x_wconf 72' lang='grc' dir='ltr'>προηγεῖται</span> 
     </span>
    </p>
   </div>
   <div class='ocr_carea' id='block_1_115' title="bbox 2214 5471 3792 5543">
    <p class='ocr_par' dir='ltr' id='par_1_115' title="bbox 2214 5471 3792 5543">
     <span class='ocr_line' id='line_1_115' title="bbox 2214 5471 3792 5543; baseline 0.001 -18"><span class='ocrx_word' id='word_1_824' title='bbox 2214 5473 2319 5527; x_wconf 81' lang='grc' dir='ltr'>τοῦ</span> <span class='ocrx_word' id='word_1_825' title='bbox 2336 5473 2678 5538; x_wconf 77' lang='grc' dir='ltr'>,βούλεσθαι</span> <span class='ocrx_word' id='word_1_826' title='bbox 2721 5475 2788 5527; x_wconf 78' lang='grc' dir='ltr'>τὸ</span> <span class='ocrx_word' id='word_1_827' title='bbox 2833 5473 2984 5528; x_wconf 81' lang='grc' dir='ltr'>κατὰ</span> <span class='ocrx_word' id='word_1_828' title='bbox 3015 5475 3230 5543; x_wconf 67' lang='grc' dir='ltr'>φύσιν.</span> <span class='ocrx_word' id='word_1_829' title='bbox 3281 5472 3380 5524; x_wconf 87' lang='grc' dir='ltr'>Ἐκ</span> <span class='ocrx_word' id='word_1_830' title='bbox 3439 5474 3651 5526; x_wconf 84' lang='grc' dir='ltr'>τούτων</span> <span class='ocrx_word' id='word_1_831' title='bbox 3693 5471 3792 5538; x_wconf 81' lang='grc' dir='ltr'>γὰρ</span> 
     </span>
    </p>
   </div>
   <div class='ocr_carea' id='block_1_116' title="bbox 2213 5562 3794 5636">
    <p class='ocr_par' dir='ltr' id='par_1_116' title="bbox 2213 5562 3794 5636">
     <span class='ocr_line' id='line_1_116' title="bbox 2213 5562 3794 5636; baseline -0.001 -18"><span class='ocrx_word' id='word_1_832' title='bbox 2213 5565 2311 5634; x_wconf 79' lang='grc' dir='ltr'>τὴν</span> <span class='ocrx_word' id='word_1_833' title='bbox 2344 5565 2703 5636; x_wconf 83' lang='grc' dir='ltr'>ἀκολούθησιν</span> <span class='ocrx_word' id='word_1_834' title='bbox 2735 5566 3042 5632; x_wconf 86' lang='grc' dir='ltr'>ἀναγκαίαν</span> <span class='ocrx_word' id='word_1_835' title='bbox 3061 5565 3420 5631; x_wconf 70' lang='grc' dir='ltr'>εἰσάγουσιν,</span> <span class='ocrx_word' id='word_1_836' title='bbox 3451 5567 3529 5626; x_wconf 82' lang='grc' dir='ltr'>ὡς</span> <span class='ocrx_word' id='word_1_837' title='bbox 3559 5563 3680 5616; x_wconf 76' lang='grc' dir='ltr'>ἐπεὶ</span> <span class='ocrx_word' id='word_1_838' title='bbox 3700 5562 3794 5627; x_wconf 68' lang='grc' dir='ltr'><strong><em>τῆς</em></strong></span> 
     </span>
    </p>
   </div>
   <div class='ocr_carea' id='block_1_117' title="bbox 2217 5650 3796 5724">
    <p class='ocr_par' dir='ltr' id='par_1_117' title="bbox 2217 5650 3796 5724">
     <span class='ocr_line' id='line_1_117' title="bbox 2217 5650 3796 5724; baseline -0.004 -18"><span class='ocrx_word' id='word_1_839' title='bbox 2217 5653 2522 5724; x_wconf 82' lang='grc' dir='ltr'>βουλήσεως</span> <span class='ocrx_word' id='word_1_840' title='bbox 2557 5655 2887 5724; x_wconf 74' lang='grc' dir='ltr'>ὑπέρκειται</span> <span class='ocrx_word' id='word_1_841' title='bbox 2935 5654 2998 5706; x_wconf 82' lang='grc' dir='ltr'>τὸ</span> <span class='ocrx_word' id='word_1_842' title='bbox 3053 5655 3200 5708; x_wconf 85' lang='grc' dir='ltr'><strong><em>κατά</em></strong></span> <span class='ocrx_word' id='word_1_843' title='bbox 3244 5653 3448 5722; x_wconf 77' lang='grc' dir='ltr'>φύσινο</span> <span class='ocrx_word' id='word_1_844' title='bbox 3496 5656 3530 5723; x_wconf 78' lang='grc' dir='ltr'><strong>ἡ</strong></span> <span class='ocrx_word' id='word_1_845' title='bbox 3581 5653 3638 5706; x_wconf 82' lang='grc' dir='ltr'><strong><em>δὲ</em></strong></span> <span class='ocrx_word' id='word_1_846' title='bbox 3681 5650 3796 5703; x_wconf 87' lang='grc' dir='ltr'>Θεία</span> 
     </span>
    </p>
   </div>
   <div class='ocr_carea' id='block_1_118' title="bbox 2217 5742 3794 5818">
    <p class='ocr_par' dir='ltr' id='par_1_118' title="bbox 2217 5742 3794 5818">
     <span class='ocr_line' id='line_1_118' title="bbox 2217 5742 3794 5818; baseline -0.003 -18"><span class='ocrx_word' id='word_1_847' title='bbox 2217 5748 2472 5818; x_wconf 76' lang='grc' dir='ltr'>βούλησις</span> <span class='ocrx_word' id='word_1_848' title='bbox 2497 5747 2592 5800; x_wconf 81' lang='grc' dir='ltr'><strong><em>τοῦ</em></strong></span> <span class='ocrx_word' id='word_1_849' title='bbox 2629 5745 2767 5800; x_wconf 87' lang='grc' dir='ltr'>Θεοῦ</span> <span class='ocrx_word' id='word_1_850' title='bbox 2801 5748 2950 5800; x_wconf 76' lang='grc' dir='ltr'>ἐστιν</span> <span class='ocrx_word' id='word_1_851' title='bbox 2983 5747 3272 5815; x_wconf 73' lang='grc' dir='ltr'>ἐνέργειαο</span> <span class='ocrx_word' id='word_1_852' title='bbox 3317 5747 3661 5816; x_wconf 77' lang='grc' dir='ltr'>ὑπέρκειται</span> <span class='ocrx_word' id='word_1_853' title='bbox 3690 5742 3794 5810; x_wconf 80' lang='grc' dir='ltr'>ἄρα</span> 
     </span>
    </p>
   </div>
   <div class='ocr_carea' id='block_1_119' title="bbox 2217 5833 3794 5910">
    <p class='ocr_par' dir='ltr' id='par_1_119' title="bbox 2217 5833 3794 5910">
     <span class='ocr_line' id='line_1_119' title="bbox 2217 5833 3794 5910; baseline -0.005 -16"><span class='ocrx_word' id='word_1_854' title='bbox 2217 5841 2312 5894; x_wconf 71' lang='grc' dir='ltr'>καὶ</span> <span class='ocrx_word' id='word_1_855' title='bbox 2341 5839 2442 5908; x_wconf 80' lang='grc' dir='ltr'>τῆς</span> <span class='ocrx_word' id='word_1_856' title='bbox 2491 5837 2952 5910; x_wconf 75' lang='grc' dir='ltr'>Θείας”ὲνεργεί]ς</span> <span class='ocrx_word' id='word_1_857' title='bbox 2982 5839 3042 5893; x_wconf 83' lang='grc' dir='ltr'>τὸ</span> <span class='ocrx_word' id='word_1_858' title='bbox 3078 5839 3218 5894; x_wconf 83' lang='grc' dir='ltr'><strong><em>κατά</em></strong></span> <span class='ocrx_word' id='word_1_859' title='bbox 3252 5837 3448 5908; x_wconf 80' lang='grc' dir='ltr'>φύσιν.</span> <span class='ocrx_word' id='word_1_860' title='bbox 3488 5837 3635 5897; x_wconf 72' lang='grc' dir='ltr'>Ἀλλ’</span> <span class='ocrx_word' id='word_1_861' title='bbox 3658 5833 3794 5891; x_wconf 75' lang='grc' dir='ltr'>οὕτω</span> 
     </span>
    </p>
   </div>
  </div>
