4052 6438
556 399 662 473 διδ

1831 409 2143 469 MANUEL

2273 407 2576 469 CALECJE
2911 410 2914 412 ⁷
3673 414 3763 482 3ιά

555 529 933 574 occurrerunt.
981 520 1088 578 Nec
1123 523 1264 577 enim
1307 523 1395 579 liic
1437 525 1592 580 nobis
1623 529 1933 595 propositus
1981 526 2126 593 linis,

2248 525 2477 593 ιείμενοι
2500 524 2768 594 δόγμασιν
2789 525 3115 598 εὑρέθησαν.
3140 527 3215 579 Οὑ
3239 525 3344 596 γὰρ
3365 525 3640 584 ὲκτεθεῑναι
3657 535 3763 588 πάν.

558 618 616 662 ιιι
671 624 863 666 omnes
939 612 1428 682 impraesentiarum
1488 628 1980 685 repra’sentemus;
2034 619 2130 672 sed

556 715 819 768 quantum
843 703 1072 769 sufﬁcit,
1117 715 1176 760 ut
1219 721 1406 760 eorum
1438 706 1787 776 impudentiae
1841 709 2129 764 audaciam

558 806 622 846 ae
681 793 1058 858 temeritatem,
1085 805 1404 866 novamque
1453 796 1576 852 ﬁdei
1622 800 1830 854 crimen
1868 800 2127 855 ostendas

560 896 699 945 nrus,
754 897 863 950 quo
916 885 1171 939 nimirum
1220 902 1386 942 unum
1428 891 1885 959 perfectissimum
1923 889 2133 959 simpli-

557 973 948 1044 cissimumque
1022 977 1189 1032 Deum
1277 979 1332 1033 in
1389 993 1646 1036 sexcenta
1679 1021 1696 1047 ,
1750 997 2024 1051 parvaque
2077 991 2133 1037 et

532 1079 798 1155 .magna,
853 1067 1043 1138 sicque
1090 1070 1344 1135 diversa,
1408 1073 1743 1140 diviserunt;
1801 1082 1857 1128 et
1917 1074 1985 1129 ad
2038 1089 2131 1128 eo-

561 1171 675 1208 rum
752 1157 1098 1227 blaspbemize
1171 1161 1502 1230 prodendam
1574 1165 1908 1230 falsitatem,
1983 1167 2129 1236 quod

557 1261 683 1299 eum
732 1249 845 1303 haec
892 1250 1104 1320 aliaque
1137 1253 1256 1322 ejus
1301 1255 1517 1324 generis
1577 1259 1880 1309 damnanda
1920 1258 2136 1310 temeri-

561 1346 671 1390 tate
734 1337 884 1393 circa
928 1340 1098 1394 Deum
1141 1354 1497 1409 praesumant,
1556 1355 1742 1414 postea
1796 1345 2132 1411 inﬁciantur,

563 1426 770 1497 piisque
808 1429 907 1484 hac
961 1431 1013 1485 in
1056 1441 1210 1501 parte
1244 1437 1564 1502 ascribunt,
1622 1453 1851 1506 qttorum
1893 1437 1966 1491 illi
2010 1435 2137 1506 jure

566 1517 642 1572 rei
680 1529 1006 1587 teneantur;
1039 1523 1107 1579 ad
1142 1525 1347 1579 erroris
1387 1526 1512 1582 item
1544 1529 1967 1598 magnitudinem
1994 1543 2135 1598 pau-

562 1609 644 1666 cis
673 1612 742 1665 ob
789 1613 975 1668 oculos
1021 1619 1351 1685 ponendam,
1389 1617 1459 1672 iis
1497 1619 1590 1686 qui
1637 1620 1944 1685 ignorantia
1977 1609 2139 1673 labo-

566 1711 708 1765 rant,
773 1713 830 1758 ut
881 1707 1152 1773 noverint,
1203 1723 1368 1778 quam
1431 1709 1801 1780 imprudentes
1859 1711 2016 1765 ﬁdem
2059 1721 2140 1764 te-

563 1801 752 1857 neant,
808 1803 862 1850 et
909 1795 962 1849 in
1017 1797 1160 1866 quod
1214 1799 1520 1866 periculum
1585 1802 1787 1855 anima:
1833 1803 2140 1870 praecipites

2237 633 2333 680 τας
2353 616 2588 670 ἐνταῦθα
2619 618 2887 687 προύτέθη
2909 621 3131 686 σκοπὸς,
3150 619 3266 674 ἀλλ’
3285 622 3403 674 ὅσον
3425 623 3515 692 τῆς
3532 625 3762 690 ἀναιδείας

2239 707 2422 761 αὑτῶν
2441 707 2539 777 τὴν
2564 709 2772 778 τόλμην
2808 716 2903 762 και
2932 710 3030 780 τὴν
3055 713 3402 780 καινοτομίαν
3429 713 3729 778 ἐνδείξασθαι
3748 734 3760 749 ο

2238 800 2363 853 καθ’
2380 801 2448 870 ἢν
2460 801 2551 854 τὸν
2565 801 2660 854 ἕνα
2677 803 2772 856 καὶ
2788 802 3144 866 τελειότατον,
3163 806 3255 859 καὶ
3275 805 3625 860 ἁπλούστατον
3635 807 3764 871 Θεὸν,

2237 893 2316 955 εἰς
2351 894 2540 962 μυρία,
2563 894 2738 964 μικρά
2755 910 2816 946 τε
2840 897 2934 948 καὶ
2952 896 3182 963 μεγάλα,
3207 897 3300 950 καὶ
3319 894 3458 950 οὕτω
3481 897 3769 965 διαφέροντα

2238 984 2456 1045 διεῖλον,
2519 984 2784 1056 καὶπρὸς
2829 986 2892 1038 sb
2943 987 3042 1056 τῆς
3087 987 3433 1057 βλασφημίας
3502 989 3767 1056 ἐκκαλύψαι

2237 1076 2299 1129 sb
2331 1075 2526 1138 ψεῦδος
2548 1091 2563 1108 ο
2593 1077 2716 1128 ἐπεὶ
2767 1075 2943 1131 ταῦτα
2989 1079 3082 1131 καὶ
3128 1077 3349 1132 τοιαῦτα
3368 1082 3491 1150 περὶ
3543 1079 3629 1132 τοῦ
3657 1078 3776 1134 Θεοῦ,

2239 1168 2571 1238 τολμῶντες,
2607 1169 2798 1221 ἔπειτα
2830 1171 3146 1240 ἀρνοῦνται,
3179 1172 3407 1224 κάκεῖνα
3431 1174 3539 1234 τοῖς
3587 1171 3770 1224 εὑσεόέ-

2243 1276 2329 1312 σιν
2387 1262 2447 1312 ὲν
2506 1259 2684 1330 τούτῳ
2735 1261 2812 1328 τῷ
2881 1261 3039 1330 μέρει
3099 1263 3465 1326 ἀνατιθέασιν,
3520 1256 3596 1324 οἷς
3645 1262 3773 1314 αὑτοὶ

2238 1349 2463 1414 δικαίως
2499 1351 2750 1420 ἔχονταιο
2791 1355 2886 1406 καὶ
2922 1353 2986 1424 δὴ
3015 1354 3109 1406 καὶ
3139 1355 3276 1424 πρὸς
3309 1353 3369 1406 sb
3397 1353 3496 1423 τῆς
3520 1353 3704 1422 πλάνης
3721 1353 3776 1406 τὸ

2243 1441 2484 1510 μέγεθος
2505 1445 2619 1507 τοῖς
2654 1445 2944 1512 ἀγνοοῦσιν
2974 1446 3066 1498 ὑπ’
3089 1445 3212 1516 ὄψιν
3233 1445 3290 1512 ἐξ
3318 1446 3508 1515 ὀλίγων
3557 1446 3777 1518 ἀγαγεῖν,
3845 1463 3849 1470 ’

2240 1531 2316 1594 ὡς
2353 1533 2420 1587 ἂν
2452 1536 2630 1602 γνοῖεν
2664 1535 2784 1589 οἵαν
2828 1537 3012 1590 πίστιν
3058 1537 3382 1606 κατέχοντες
3413 1538 3671 1604 ἀγνοοῦσι,
3703 1545 3775 1588 καί

2241 1625 2320 1684 είς
2342 1625 2462 1676 ὅλον
2503 1625 2747 1680 κίνδυνον
2820 1627 3000 1696 ψυχῆς
3073 1629 3492 1701 καταφέρονται,
3542 1623 3643 1692 οἷός
3684 1630 3776 1682 ἐστι

2243 1711 2507 1775 κάκεῖνος
2539 1713 2641 1782 τῆς
2688 1715 2956 1785 διαφορᾶς
3005 1719 3032 1770 ό
3089 1719 3314 1789 τρόπος,
3371 1719 3428 1784 ὃς
3455 1721 3598 1774 οὐδὲν
3642 1718 3776 1792 ἧττον

2247 1802 2566 1872 ῥηθήσεται,
2603 1805 2733 1876 πρὸς
2769 1807 2994 1874 ἔνδειξιν
3016 1811 3111 1862 τοῦ
3145 1811 3228 1864 ὃτι
3273 1812 3369 1865 καὶ
3424 1813 3569 1868 ἄλλοι
3598 1812 3782 1878 πλείους

566 1893 744 1948 ruant,
777 1886 1082 1954 cuiusmodi
1103 1899 1187 1945 est
1223 1899 1280 1946 et
1322 1892 1413 1947 ille
1455 1892 1824 1947 distinctionis
1854 1895 2082 1957 modus,
2110 1909 2140 1946 a

2249 1892 2424 1962 ὅμοιοι
2458 1897 2590 1968 παρ’
2628 1899 2836 1964 αὑτοῖς,
2862 1900 2937 1963 ὠς
2962 1903 3202 1972 εἴρηται,
3244 1906 3403 1960 εἰσίν.

565 1975 722 2033 nobis
767 1979 1119 2038 nihilominus
1177 1983 1466 2052 dicendus,
1510 1985 1577 2043 ad
1619 1985 1960 2057 probandum
2001 1985 2134 2040 alios
2174 1998 2390 2055 quoque
2425 1989 2611 2057 plures
2693 1989 3007 2048 istiusmodi
3057 1995 3200 2065 apud
3252 1996 3408 2063 illos,
3472 1998 3547 2051 uti
3614 1997 3781 2052 dictum

563 2077 643 2121 est
659 2107 673 2131 ,
707 2079 946 2126 exstare.
1559 2133 1566 2146 ι

637 2158 769 2216 Nam
810 2163 911 2216 hoc
955 2180 1174 2236 quoque
1207 2166 1428 2222 eﬁ‘utire
1480 2169 1600 2223 ausi
1658 2179 1809 2233 sunt,
1842 2167 2145 2224 essentiam

563 2253 782 2320 quidem
818 2255 901 2308 sui
937 2257 1146 2312 ratione
1201 2258 1562 2313 immortalem
1593 2274 1737 2322 esse,
1777 2259 2149 2328 Operationem

564 2361 714 2409 vero,
745 2349 954 2404 ratione
1001 2350 1223 2418 quidem
1269 2353 1547 2419 essentiae,
1585 2367 1709 2406 esse
1747 2353 2146 2410 immortalem:

2326 2169 2668 2241 Τετόλμηται
2699 2172 2806 2241 γὰρ
2842 2174 2936 2228 καὶ
2974 2175 3155 2240 τοῦτο,
3188 2177 3272 2232 ὅτι
3309 2179 3341 2247 ἡ
3369 2177 3469 2250 μὲν
3493 2175 3636 2230 οὑσία
3679 2174 3785 2228 ἀθά-

2258 2263 2419 2324 νατός
2448 2264 2563 2315 ἐστι
2617 2264 2689 2317 δι’
2710 2266 2915 2334 ἑαυτήν
2939 2283 2954 2298 ο
2988 2268 3088 2336 ἠδ’
3109 2271 3388 2338 ἐνέργεια,
3439 2269 3526 2322 διὰ
3580 2269 3670 2336 μὲν
3708 2267 3784 2334 τὴν

2252 2353 2443 2406 οὑσίαν
2477 2355 2782 2420 ἀθάνατος,
2835 2357 2901 2410 δι’
2952 2358 3152 2430 ἑαυτὴν
3223 2349 3282 2412 δέ
3365 2361 3639 2428 νέκρωσις.
3699 2355 3784 2407 Καί

565 2440 657 2493 sui
691 2449 870 2494 autem
909 2443 1141 2507 ratione,
1169 2444 1439 2513 νέκρωσιν
1468 2446 1646 2512 (quasi
1687 2444 1839 2500 dicas
1866 2482 1882 2508 ,
1919 2443 2143 2496 mortiﬁ-

2256 2460 2392 2512 φησι
2427 2445 2692 2514 Παλαμᾶς
2723 2449 2782 2499 ὲν
2814 2448 2890 2518 τῷ
2955 2451 3092 2517 Περὶ
3153 2451 3322 2516 θείας
3399 2451 3498 2504 aai
3550 2445 3791 2502 θεοποιοῦ-

564 2531 838 2586 cationem
873 2549 938 2588 ac
983 2535 1177 2590 mortis
1215 2535 1542 2603 auctorem).
1597 2537 1686 2589 Ait
1726 2551 1958 2603 namque
1989 2533 2143 2588 Pala-

2249 2536 2566 2605 μεθέξεως,
2596 2542 2660 2594 εὶ
2690 2540 2756 2592 δ’
2781 2541 2995 2596 ἐκεῖνοι
3028 2545 3243 2598 τοῦτον
3289 2547 3396 2598 τὸν
3454 2544 3661 2610 τρόπον
3707 2537 3788 2592 καὶ

571 2637 708 2686 mas,
739 2623 790 2675 itt
827 2623 967 2678 libro
1004 2623 1082 2678 De
1119 2625 1300 2677 divina
1344 2637 1393 2678 et
1444 2627 1636 2692 dei/ica
1693 2626 2104 2694 participatione
2135 2642 2143 2678 λ

2257 2624 2438 2686 ζῶσιν
2459 2627 2725 2682 ἀθάνατα
2759 2632 2855 2685 καὶ
2890 2633 3240 2700 τεθνήκασι,
3285 2635 3380 2688 καί
3440 2632 3646 2687 πολλοὶ
3694 2627 3789 2682 τῶν

566 2711 664 2767 Sin
695 2725 867 2767 autent
899 2716 980 2770 illi
1020 2733 1114 2786 per
1145 2717 1282 2770 hunc
1319 2720 1532 2774 modum
1571 2727 1619 2771 et
1673 2719 2044 2771 immortaliter
2087 2719 2143 2771 vi-

2255 2718 2517 2774 ἐνταῦθα
2577 2721 2807 2780 ζώντων
2853 2727 3078 2792 νεκροί,
3109 2727 3378 2795 καθάπερ
3457 2729 3489 2780 d
3540 2723 3673 2791 ζωῆς
3712 2720 3794 2774 καλ

576 2815 700 2858 aunt
755 2815 804 2859 et
855 2809 1187 2873 moriuntur,
1244 2810 1502 2879 multique
1545 2812 1636 2880 qui
1682 2827 1789 2864 (ευο
1823 2812 1919 2863 hoc
1957 2813 2143 2873 vivunt,

2259 2811 2519 2867 θανάτου
2561 2815 2767 2882 κύριος
2814 2816 3069 2884 ἔδειξεν,
3110 2819 3288 2874 ἐστιν
3323 2820 3438 2888 ἄρα
3479 2819 3571 2874 καὶ
3615 2817 3789 2880 θεότης

580 2899 777 2949 mortui
801 2909 946 2964 sunt,
982 2903 1058 2954 uti
1091 2903 1321 2954 ostendit
1345 2903 1438 2968 qui
1467 2903 1586 2956 vita!
1618 2919 1681 2954 ac
1720 2903 1901 2956 mortis
1956 2901 2143 2955 arbitet

2257 2904 2569 2972 νέκρωσις,
2602 2907 2904 2975 ἀθάνατος
2929 2910 3079 2964 κατὰ
3101 2912 3300 2981 φύσιν
3333 2913 3622 2983 μένουσα.

569 2996 646 3045 est
665 3003 683 3051 ,'
702 2987 764 3054 ﬁt
799 3005 922 3059 ergo
955 3002 1008 3045 ut
1040 3003 1088 3046 et
1117 2991 1300 3047 Deitas
1321 2995 1661 3063 mortiﬁcatio
1683 3012 1743 3048 ac
1765 2996 1949 3048 mortis
1972 3004 2160 3052 auctor

569 3083 810 3148 exsistat,
855 3101 971 3137 cum
991 3102 1085 3153 per
1116 3098 1364 3140 naturam
1392 3088 1706 3141 immortalis
1740 3099 1980 3142 maneat‘.
2511 3146 2519 3154 _

642 3173 971 3230 Conclusum
1025 3178 1206 3247 itaque
1235 3189 1340 3244 est,
1371 3195 1480 3233 non
1528 3179 1766 3245 aliunde,
1808 3182 1900 3234 sed
1950 3195 2016 3233 ex
2072 3179 2143 3234 eis

2331 3178 2808 3248 Συνῆκταιτοίνυν
2834 3181 2935 3234 οὑκ
2973 3181 3216 3248 ἄλλοθεν,
3267 3183 3393 3236 ἀλλ*
3438 3182 3495 3249 ἐξ
3541 3172 3612 3234 ὧν
3653 3176 3794 3243 δημο-

569 3281 691 3336 qna:
723 3267 938 3332 publice
969 3271 1227 3339 synodica
1269 3271 1579 3341 cognitione
1610 3259 2027 3341 promulgarunt
2048 3309 2065 3335 ,
2100 3280 2143 3324 et

2262 3271 2354 3341 σίᾳ
2418 3271 2712 3334 συνοδικῶς
2765 3272 3137 3343 ἀπεφήναντο,
3208 3277 3305 3329 καὶ
3343 3278 3422 3336 είς
3460 3274 3663 3328 ἔκθεσιν
3721 3262 3798 3318 καὶ

569 3363 636 3414 ad
673 3361 796 3415 ﬁdei
824 3361 1110 3418 formulam
1158 3379 1220 3419 ac
1271 3363 1675 3420 confessionem
1707 3364 2143 3430 conscripserunt

2262 3360 2553 3428 ὁμολογίαν
2608 3363 2846 3426 πίστεως
2907 3363 3225 3435 ἀνέγραψαν
3303 3367 3396 3418 καὶ
3465 3362 3793 3415 ἐπίστευσαν,

570 3466 637 3506 ac
691 3454 1076 3520 crediderunt;
1133 3457 1380 3525 quinimo
1430 3457 1683 3520 credunt,
1736 3467 1901 3525 atque
1925 3472 2016 3509 eos
2050 3456 2143 3525 qui

2253 3453 2454 3522 μᾶλλον
2506 3455 2564 3507 δὲ
2622 3455 2962 3522 πιστεύουσι,
3021 3459 3116 3509 καὶ
3159 3457 3293 3522 τοὺς
3352 3457 3428 3528 μὴ
3479 3452 3794 3522 πειθομένους

571 3561 678 3598 non
712 3546 841 3614 ipsis
862 3551 1087 3602 credunt
1119 3564 1181 3604 ac
1219 3565 1424 3605 morem
1471 3559 1700 3618 gerunt,
1748 3552 1884 3604 diris
1919 3550 2143 3620 publicis

2251 3545 2412 3616 ἀραῖς
2439 3546 2716 3613 ὑπάγουσι
2739 3547 3050 3616 δημοσίαις,
3085 3548 3169 3602 ὅτι
3194 3547 3348 3602 ἔστιν
3377 3548 3472 3602 ἐπὶ
3524 3542 3652 3598 Θεοῦ
3707 3540 3796 3590 διαο

571 3635 866 3704 subjiciunt
892 3656 908 3704 ;
936 3655 1055 3694 esse
1078 3640 1333 3695 nimirum
1372 3643 1424 3695 in
1466 3641 1576 3698 Deo
1605 3642 2016 3697 distinctionem
2069 3643 2143 3695 di-

2251 3638 2395 3708 φορά
2435 3639 2586 3702 θείας
2609 3639 2798 3702 οὐσίας
2828 3642 2922 3693 καὶ
2944 3640 3094 3703 θείας
3112 3643 3428 3710 ἐνεργείας,
3458 3638 3640 3692 τοῦτον
3667 3647 3798 3703 προι-

569 3732 715 3786 viuae
737 3734 988 3788 essentia:
1017 3744 1072 3786 et
1095 3733 1290 3787 divina:
1319 3735 1672 3802 operationis,
1702 3750 1863 3805 quam
1887 3751 1983 3801 per
2005 3736 2148 3791 hunc

572 3820 685 3876 fere
721 3825 937 3878 modum
959 3823 1301 3892 explicarunt
1337 3843 1350 3878 :
1382 3826 1535 3890 Quod
1590 3827 1642 3879 in
1678 3825 1789 3880 Deo
1849 3827 1994 3880 aliud
2028 3828 2164 3896 qui--

571 3917 691 3968 dem
715 3925 797 3968 est
841 3916 931 3970 Dei
956 3916 1191 3970 essentia
1216 3956 1231 3982 ,
1257 3917 1400 3970 aliud
1447 3928 1630 3973 autem
1681 3933 1786 3972 non
1820 3931 1902 3974 est
1947 3919 2035 3974 Dei
2065 3935 2151 3974 es-

571 4007 742 4062 sentia
772 4025 786 4072 ;
817 4017 1004 4075 atque
1032 4008 1176 4061 aliud
1229 4009 1450 4078 quidem
1520 4022 1604 4064 eat
1656 4011 1796 4063 trine
1843 4011 2150 4066 subsistens

575 4109 788 4163 natura,
834 4099 978 4152 aliud
1038 4110 1219 4153 autem
1276 4117 1380 4154 non
1424 4111 1506 4154 est
1537 4102 1883 4156 subsistentia
1911 4117 2005 4154 seu
2034 4115 2148 4169 per-

571 4206 749 4256 sona;
795 4190 939 4244 aliud
965 4175 1147 4256 liabet,
1185 4194 1328 4246 aliud
1359 4195 1618 4260 habetur;
1653 4195 1796 4249 aliud
1837 4211 2002 4247 unum
2043 4204 2147 4258 est,

573 4281 718 4334 aliud
762 4281 1047 4335 multitudo
1077 4299 1091 4348 ;
1121 4281 1267 4336 aiiml
1324 4295 1516 4337 auctor
1566 4294 1647 4338 est
1682 4297 1736 4340 et
1770 4301 1931 4339 causa
1955 4327 1969 4349 ,
2005 4286 2149 4342 aliud

574 4376 716 4441 quod
771 4376 839 4430 ab
862 4386 1082 4431 auclore
1105 4387 1155 4432 et
1190 4394 1354 4432 causa
1407 4389 1526 4444 est;
1581 4379 1722 4432 aliud
1764 4391 1848 4432 est
1893 4395 2147 4447 Operans,

573 4468 718 4521 aliud
749 4483 1060 4537 operatum;
1106 4472 1251 4525 aliud
1289 4474 1428 4542 quod
1474 4472 1785 4541 insignitur,
1835 4474 1982 4527 aliud
2020 4476 2150 4527 insi-

572 4563 801 4631 gniens;
859 4564 1002 4617 aliud
1059 4565 1533 4632 imparticipaliile,
1588 4566 1733 4618 aliud
1765 4566 1907 4634 quod
1931 4567 2150 4635 partici-

574 4655 686 4720 pari
741 4665 960 4724 potest;
1027 4657 1171 4710 aliud
1215 4656 1545 4710 indivisibile
1578 4698 1593 4722 ,
1651 4657 1794 4710 aliud
1843 4657 2144 4720 divisibile;

2249 3731 2554 3802 νηνεγμένη
2588 3731 2680 3784 τὸν
2709 3733 2910 3801 τρόπον
2937 3733 3018 3785 ὅτι
3052 3733 3144 3784 ὲπὶ
3170 3733 3310 3786 Θεοῦ
3359 3734 3419 3786 τὸ
3452 3732 3548 3802 μὲν
3601 3728 3731 3781 ἔστιν
3769 3722 3795 3788 ll

2251 3823 2408 3876 οὑσία
2437 3823 2528 3876 τοῦ
2553 3823 2714 3889 Θεοῦ,
2745 3824 2806 3877 τὸ
2845 3823 2890 3877 δ’
2928 3826 3028 3878 οὑκ
3057 3824 3208 3877 ἔστιν
3239 3827 3274 3895 ἡ
3309 3826 3470 3878 οὑσία
3504 3823 3595 3876 τοῦ
3653 3814 3794 3871 Θεοῦ·

2251 3914 2347 3974 καὶ
2375 3914 2436 3964 τὸ
2472 3914 2572 3983 μὲν
2605 3912 2752 3967 ἐστιν
2777 3915 2809 3985 ἡ
2835 3916 3276 3986 τρισυπόστατος
3309 3920 3472 3985 φύσις
3492 3955 3508 3982 ,
3547 3913 3607 3966 sb
3637 3910 3680 3964 δ’
3718 3905 3802 3959 οὐκ

2251 4003 2401 4056 ἔστιν
2427 4004 2728 4067 ὑπόστασις
2748 4021 2766 4051 ο.
2801 4006 2896 4059 καὶ
2915 4006 2976 4059 sb
3010 4005 3110 4076 μὲν
3143 4006 3282 4076 ἔχει,
3319 4008 3380 4062 τὸ
3410 4005 3458 4059 δ’
3490 4005 3662 4074 ἔχεται
3681 4016 3694 4029 ’
3722 3995 3799 4048 καὶ

2250 4095 2311 4151 τὺ
2345 4097 2440 4163 μὲν
2470 4095 2552 4160 ἓν,
2593 4096 2652 4150 τὸ
2691 4096 2748 4149 δὲ
2790 4097 2994 4164 πλῆθος
3018 4115 3033 4130 ο
3065 4099 3162 4152 καὶ
3189 4098 3250 4152 sb
3308 4101 3409 4170 μὲν
3464 4099 3650 4156 αίτιον,
3695 4082 3798 4141 τὸδ’

2253 4189 2495 4250 αἰτιατόν
2518 4205 2531 4217 ·
2570 4193 2661 4242 καὶ
2683 4190 2744 4242 τὸ
2777 4189 2878 4258 μὲν
2913 4190 3192 4260 ἐνεργοῦν,
3227 4191 3290 4244 sb
3320 4193 3368 4246 δ’
3398 4187 3797 4261 ὲνεργδὺμενον·

2254 4287 2348 4338 καὶ
2377 4287 2439 4338 τὸ
2471 4288 2569 4356 μὲν
2601 4289 3166 4358 χαρακτηριζόμενον,
3197 4289 3260 4342 τὸ
3290 4291 3348 4344 δὲ
3379 4279 3764 4361 χαρακτηρίξον
3784 4288 3798 4304 ⁹

2253 4375 2432 4430 καὶτὸ
2467 4379 2563 4446 μὲν
2597 4378 2925 4448 ἀμέθεκτον,
2947 4380 3008 4432 sb
3030 4379 3086 4432 δὲ
3120 4380 3421 4449 μεθεκτόνο
3486 4375 3662 4432 καὶτὸ
3710 4370 3794 4440 μὲν

2254 4469 2570 4539 ἀμέριστον,
2604 4471 2664 4524 sb
2703 4471 2765 4523 δὲ
2818 4472 3073 4541 μεριστόν
3096 4489 3108 4502 ⁸
3175 4473 3270 4526 καὶ
3294 4474 3355 4526 sb
3386 4474 3489 4544 μὲν
3529 4468 3800 4532 ἀνώνυμον.

2251 4564 2312 4615 sb
2337 4564 2390 4615 δὲ
2412 4565 2815 4635 ὀνομαζόμενον
2845 4579 2860 4594 ⁶
2881 4567 2974 4619 καὶ
3003 4567 3063 4618 sb
3101 4568 3200 4636 μὲν
3237 4567 3620 4637 ἀπερινόητον,
3649 4559 3706 4612 τὸ
3756 4551 3801 4603 δὲ
3865 4627 3868 4632 _

2254 4657 2548 4725 νοούμενον
2573 4673 2587 4688 ⁸
2627 4658 2722 4710 καὶ
2752 4656 2812 4710 sb
2843 4657 2944 4725 μὲν
2979 4658 3234 4729 ἀόρατον,
3277 4659 3339 4711 sb
3363 4659 3420 4710 δὲ
3452 4655 3638 4726 ὁρατόν
3661 4665 3676 4680 ⁹
3728 4641 3804 4697 καὶ

573 4744 716 4797 alind
747 4747 980 4800 nominis
1016 4762 1230 4814 expers,
1266 4748 1412 4801 aliud
1442 4751 1588 4817 quod
1623 4748 1966 4812 nominatur;
2001 4749 2143 4801 aliud

2255 4751 2314 4801 sb
2346 4750 2446 4819 μὲν
2471 4749 2751 4818 ἀκίνητον,
2783 4749 2846 4802 sb
2885 4749 2942 4801 δὲ
2969 4750 3189 4820 κίνησις
3217 4767 3230 4782 ·
3257 4752 3353 4803 καὶ
3387 4750 3450 4802 sb
3510 4747 3608 4817 μὲν
3667 4742 3806 4806 ἄσχε”

575 4839 720 4889 nullo
753 4841 950 4895 mentis
979 4842 1220 4910 cogitatu
1265 4841 1623 4909 perceptibile
1648 4881 1663 4905 ,
1703 4840 1846 4894 aliud
1885 4843 2030 4908 quod
2069 4842 2146 4894 itt-

575 4929 882 4998 telligalur;
952 4931 1095 4985 aliud
1149 4931 1454 4995 invisibile,
1507 4932 1656 4985 aliud
1717 4931 2148 4996 visibile;aliud

575 5020 873 5087 itttttiobile,
936 5023 1085 5076 aliud
1141 5035 1361 5087 motus;
1420 5023 1564 5075 aliud
1618 5023 1955 5084 abstilutum,
2001 5023 2149 5077 aliud

576 5113 794 5166 allectio
818 5130 913 5167 seu
950 5115 1174 5168 habitus
1207 5133 1272 5169 ac
1306 5115 1604 5178 habitudo;
1632 5113 1778 5168 aliud
1805 5114 2150 5179 inimitabile,

574 5206 720 5258 aliud
748 5208 1021 5272 imitatio;
1057 5208 1204 5260 aliud
1247 5209 1417 5274 prius,
1459 5209 1605 5260 aliud
1643 5210 1908 5274 posterius
1943 5224 1959 5273 ;
2001 5209 2146 5263 aliud

573 5299 828 5366 snperius
854 5343 866 5363 ,
903 5301 1049 5352 aliud
1083 5300 1350 5364 inleriu’s;
1398 5313 1563 5368 atque
1606 5301 1754 5354 aliud
1790 5303 2047 5369 quidem,
2091 5312 2151 5355 ut

573 5395 868 5444 secundum
916 5403 1198 5456 naturam,
1233 5395 1385 5460 prwit
1410 5432 1425 5455 ,
1481 5393 1628 5446 aliud
1663 5410 1824 5456 vero,
1867 5406 1918 5445 ut
1957 5407 2149 5462 praeter

577 5495 847 5545 Laltlt‘utlt,
881 5483 1149 5550 sequitur,
1179 5501 1270 5537 seu
1331 5484 1404 5537 illi
1443 5501 1626 5538 eomes
1659 5498 1739 5538 est
1779 5503 1791 5538 :
1835 5502 1898 5538 ac
1928 5487 2145 5554 quidem

2253 4861 2369 4906 τον,
2404 4845 2464 4895 sb
2491 4844 2547 4896 δὲ
2611 4844 2796 4913 σχέσις
2823 4861 2838 4876 ·
2882 4844 2975 4896 καὶ
3019 4847 3081 4897 sb
3155 4843 3256 4913 μὲν
3312 4844 3606 4913 ἀμίμητον,
3662 4835 3717 4886 sb
3759 4827 3805 4880 δὲ

2257 4934 2517 5004 μίμησις·
2550 4935 2642 4986 καὶ
2677 4936 2739 4986 sb
2779 4935 2881 5004 μὲν
2909 4935 3196 5003 πρότερον,
3237 4934 3297 4986 sb
3338 4934 3397 4987 δὲ
3425 4933 3704 4998 δεύτερον’
3729 4915 3807 4978 καὶ

2253 5025 2314 5078 τὸ
2351 5026 2448 5092 μὲν
2482 5024 2772 5093 ἀνώτερον,
2809 5027 2870 5077 sb
2895 5025 2952 5087 δὲ
2984 5023 3329 5095 κατώτερονο
3375 5026 3472 5076 καὶ
3511 5023 3570 5074 sb
3607 5018 3717 5086 μὲν,
3742 5006 3805 5068 ὡς

2255 5115 2311 5167 sb
2343 5116 2482 5168 κατὰ
2511 5115 2694 5184 φύσιν,
2726 5121 3048 5187 προηγεῖται
3077 5157 3093 5182 ,
3165 5118 3226 5171 sb
3276 5117 3321 5170 δ’
3361 5116 3441 5178 ὡς
3473 5113 3617 5183 παρὰ
3643 5107 3804 5177 φύσιν,

2255 5205 2446 5260 ἕπεται
2480 5223 2493 5236 ·
2537 5207 2629 5260 καὶ
2654 5207 2714 5260 sb
2740 5208 2859 5276 μὲν,
2889 5209 2965 5272 ὡς
2991 5209 3318 5278 ἁμέθεκτον,
3349 5207 3639 5278 ἀπειράκις
3671 5195 3808 5252 ἀπείο

2259 5316 2366 5368 ρως
2427 5301 2782 5369 ὑπέρκειται·
2841 5301 2901 5354 sb
2953 5303 2994 5355 δ’
3049 5303 3126 5365 ὡς
3187 5303 3490 5372 μεθεκτὸν,
3545 5293 3808 5363 ἀπειράκις

2255 5393 2498 5459 ἀπείρως
2559 5395 2814 5460 ὑφεῖταιο
2865 5396 2958 5446 καί
2980 5396 3038 5447 sb
3099 5395 3220 5462 μὲν.
3279 5394 3356 5456 ὡς
3409 5392 3479 5446 τὰ
3511 5391 3636 5444 ὄντα
3674 5384 3807 5447 ᾰγιιι

2257 5485 2552 5552 ὑπερέχει·
2589 5484 2648 5535 sb
2681 5484 2746 5549 δ’,
2783 5485 2857 5546 ὠς
2888 5487 2955 5539 τὰ
2979 5487 3079 5539 οὑκ
3118 5487 3247 5539 ὄντα
3294 5486 3449 5552 ἅγια,
3480 5481 3805 5551 ὑπερέχεται-

577 5573 745 5638 aliud,
784 5585 841 5627 ut
872 5576 1344 5646 itnparticipabile,
1395 5577 1656 5631 inﬁnities
1699 5578 1907 5632 inﬁnite
1941 5578 2352 5646 supereminet;
2389 5577 2539 5631 aliud
2571 5592 2718 5642 vero,
2783 5589 2844 5632 ut
2895 5581 3038 5647 quod
3111 5590 3194 5634 est
3235 5574 3615 5649 participabile
3641 5613 3655 5634 ,
3699 5564 3808 5619 illli'

581 5669 742 5722 nities
797 5670 1004 5724 inﬁnite
1049 5671 1276 5726 inferius
1311 5682 1424 5738 est;
1487 5689 1549 5726 ac
1577 5673 1722 5724 aliud
1774 5673 2030 5740 quidem,
2079 5685 2135 5724 ut
2169 5686 2288 5740 qua:
2315 5684 2504 5726 sancta
2535 5684 2662 5725 sunt
2689 5711 2704 5736 ,
2738 5675 2972 5738 eminet;
3025 5673 3171 5728 aliud
3248 5688 3409 5740 vero,
3445 5684 3504 5726 ut
3558 5680 3671 5738 quae
3715 5671 3804 5712 non

581 5773 701 5814 sunt
735 5779 942 5831 sancta,
974 5769 1235 5836 subjacet.

663 5856 755 5916 lla:
787 5862 1005 5934 quidem
1025 5865 1325 5923 antithcscs
1358 5882 1420 5923 eo
1448 5864 1640 5923 ordine
1667 5864 1993 5934 distributae,
2014 5861 2143 5933 quod

2336 5852 2506 5916 Αὑται
2540 5860 2638 5930 μὲν
2665 5859 2756 5914 οὖν
2808 5861 3112 5926 ἀντιθέσεις
3153 5862 3249 5930 τὴν
3301 5858 3456 5925 τάξιν
3507 5854 3702 5924 τσίέην
3725 5859 3809 5913 ἠ’
