  <div class='ocr_page' id='page_1' title='image "/cluster/home/n/w/nwhite01/storage/ocr_20150623/152/coo.31924054870575/166.png"; bbox 0 0 4052 6424; ppageno 0'>
   <div class='ocr_carea' id='block_1_1' title="bbox 279 443 2485 541">
    <p class='ocr_par' dir='ltr' id='par_1_1' title="bbox 279 443 2485 541">
     <span class='ocr_line' id='line_1_1' title="bbox 279 443 2485 541; baseline 0.013 -60"><span class='ocrx_word' id='word_1_1' title='bbox 279 445 371 515; x_wconf 63' lang='grc' dir='ltr'><strong>3η</strong></span> <span class='ocrx_word' id='word_1_2' title='bbox 1279 444 1378 506; x_wconf 84' lang='lat' dir='ltr'><strong>DE</strong></span> <span class='ocrx_word' id='word_1_3' title='bbox 1419 443 1796 505; x_wconf 67' lang='lat' dir='ltr'><strong>ESSENI‘IA</strong></span> <span class='ocrx_word' id='word_1_4' title='bbox 1827 445 1934 505; x_wconf 72' lang='grc' dir='ltr'><strong>ΕΤ·</strong></span> <span class='ocrx_word' id='word_1_5' title='bbox 1966 445 2485 541; x_wconf 55' lang='lat' dir='ltr'><strong>OPER-AJ’IONE.</strong></span> 
     </span>
    </p>
   </div>
   <div class='ocr_carea' id='block_1_2' title="bbox 3429 449 3548 521">
    <p class='ocr_par' dir='ltr' id='par_1_2' title="bbox 3429 449 3548 521">
     <span class='ocr_line' id='line_1_2' title="bbox 3429 449 3548 521; baseline 0.092 -12"><span class='ocrx_word' id='word_1_6' title='bbox 3429 449 3548 521; x_wconf 61' lang='lat'><strong>323</strong></span> 
     </span>
    </p>
   </div>
   <div class='ocr_carea' id='block_1_3' title="bbox 279 555 1848 634">
    <p class='ocr_par' dir='ltr' id='par_1_3' title="bbox 279 555 1847 634">
     <span class='ocr_line' id='line_1_3' title="bbox 279 555 1847 634; baseline -0.004 -18"><span class='ocrx_word' id='word_1_7' title='bbox 279 562 482 634; x_wconf 80' lang='grc' dir='ltr'><strong>ροῦσαι,</strong></span> <span class='ocrx_word' id='word_1_8' title='bbox 513 558 575 614; x_wconf 82' lang='grc' dir='ltr'><strong>τδ</strong></span> <span class='ocrx_word' id='word_1_9' title='bbox 599 558 806 629; x_wconf 73' lang='grc' dir='ltr'><strong>σεμνὸν</strong></span> <span class='ocrx_word' id='word_1_10' title='bbox 834 557 997 625; x_wconf 81' lang='grc' dir='ltr'><strong>δῆθεν</strong></span> <span class='ocrx_word' id='word_1_11' title='bbox 1027 557 1430 626; x_wconf 76' lang='grc' dir='ltr'><strong>ὲπιφημίζουσι</strong></span> <span class='ocrx_word' id='word_1_12' title='bbox 1460 558 1526 626; x_wconf 81' lang='grc' dir='ltr'><strong>τῇ</strong></span> <span class='ocrx_word' id='word_1_13' title='bbox 1563 556 1724 624; x_wconf 79' lang='grc' dir='ltr'><strong>οὑσία</strong></span> <span class='ocrx_word' id='word_1_14' title='bbox 1754 555 1847 609; x_wconf 79' lang='grc' dir='ltr'><strong>τοῦ</strong></span> 
     </span>
    </p>
   </div>
   <div class='ocr_carea' id='block_1_4' title="bbox 1953 555 3538 634">
    <p class='ocr_par' dir='ltr' id='par_1_4' title="bbox 1954 555 3538 630">
     <span class='ocr_line' id='line_1_4' title="bbox 1954 555 3538 630; baseline 0.004 -22"><span class='ocrx_word' id='word_1_15' title='bbox 1954 555 2140 626; x_wconf 81' lang='lat' dir='ltr'><strong>utique</strong></span> <span class='ocrx_word' id='word_1_16' title='bbox 2170 558 2432 614; x_wconf 85' lang='lat' dir='ltr'><strong>decorum</strong></span> <span class='ocrx_word' id='word_1_17' title='bbox 2473 573 2538 616; x_wconf 90' lang='lat' dir='ltr'><strong>ac</strong></span> <span class='ocrx_word' id='word_1_18' title='bbox 2597 560 2942 630; x_wconf 79' lang='lat' dir='ltr'><strong>magniﬁcum</strong></span> <span class='ocrx_word' id='word_1_19' title='bbox 2978 569 3061 616; x_wconf 92' lang='lat' dir='ltr'><strong>est</strong></span> <span class='ocrx_word' id='word_1_20' title='bbox 3094 600 3108 624; x_wconf 92' lang='lat'><strong>,</strong></span> <span class='ocrx_word' id='word_1_21' title='bbox 3149 557 3393 615; x_wconf 87' lang='lat' dir='ltr'><strong>tribuunt</strong></span> <span class='ocrx_word' id='word_1_22' title='bbox 3443 561 3538 615; x_wconf 83' lang='lat' dir='ltr'><strong>Dei</strong></span> 
     </span>
    </p>
   </div>
   <div class='ocr_carea' id='block_1_5' title="bbox 275 649 1847 722">
    <p class='ocr_par' dir='ltr' id='par_1_5' title="bbox 275 649 1847 722">
     <span class='ocr_line' id='line_1_5' title="bbox 275 649 1847 722; baseline -0.004 -14"><span class='ocrx_word' id='word_1_23' title='bbox 275 654 403 708; x_wconf 86' lang='grc' dir='ltr'><strong>Θεοῦ</strong></span> <span class='ocrx_word' id='word_1_24' title='bbox 427 671 440 684; x_wconf 88' lang='grc'><strong>·</strong></span> <span class='ocrx_word' id='word_1_25' title='bbox 470 651 804 722; x_wconf 77' lang='grc' dir='ltr'><strong>καθαιροῦσι</strong></span> <span class='ocrx_word' id='word_1_26' title='bbox 848 651 905 704; x_wconf 74' lang='grc' dir='ltr'><strong>δὲ</strong></span> <span class='ocrx_word' id='word_1_27' title='bbox 939 650 1065 720; x_wconf 86' lang='grc' dir='ltr'><strong>μεθ’</strong></span> <span class='ocrx_word' id='word_1_28' title='bbox 1107 651 1434 722; x_wconf 76' lang='grc' dir='ltr'><strong>ὑπερϐολῆς,</strong></span> <span class='ocrx_word' id='word_1_29' title='bbox 1477 651 1545 722; x_wconf 78' lang='grc' dir='ltr'><strong>ἢν</strong></span> <span class='ocrx_word' id='word_1_30' title='bbox 1578 649 1847 703; x_wconf 76' lang='grc' dir='ltr'><strong>ὑπέθεντο</strong></span> 
     </span>
    </p>
   </div>
   <div class='ocr_carea' id='block_1_6' title="bbox 276 741 1848 814">
    <p class='ocr_par' dir='ltr' id='par_1_6' title="bbox 276 741 1848 814">
     <span class='ocr_line' id='line_1_6' title="bbox 276 741 1848 814; baseline -0.003 -11"><span class='ocrx_word' id='word_1_31' title='bbox 276 748 521 804; x_wconf 77' lang='grc' dir='ltr'><strong>ἄκτιστον</strong></span> <span class='ocrx_word' id='word_1_32' title='bbox 547 745 838 814; x_wconf 79' lang='grc' dir='ltr'><strong>ἐνέργειαν</strong></span> <span class='ocrx_word' id='word_1_33' title='bbox 887 743 1176 798; x_wconf 84' lang='grc' dir='ltr'><strong>καλεῖσθαι</strong></span> <span class='ocrx_word' id='word_1_34' title='bbox 1217 743 1311 798; x_wconf 84' lang='grc' dir='ltr'><strong>τοῦ</strong></span> <span class='ocrx_word' id='word_1_35' title='bbox 1341 741 1480 796; x_wconf 80' lang='grc' dir='ltr'><strong>Θεοῦ</strong></span> <span class='ocrx_word' id='word_1_36' title='bbox 1500 759 1514 776; x_wconf 78' lang='grc'><strong><em>⁸</em></strong></span> <span class='ocrx_word' id='word_1_37' title='bbox 1545 744 1601 796; x_wconf 89' lang='grc' dir='ltr'><strong>αί</strong></span> <span class='ocrx_word' id='word_1_38' title='bbox 1641 743 1699 795; x_wconf 76' lang='grc' dir='ltr'>δὲ</span> <span class='ocrx_word' id='word_1_39' title='bbox 1730 744 1848 811; x_wconf 85' lang='grc' dir='ltr'><strong>μετ’</strong></span> 
     </span>
    </p>
   </div>
   <div class='ocr_carea' id='block_1_7' title="bbox 274 835 1847 908">
    <p class='ocr_par' dir='ltr' id='par_1_7' title="bbox 274 835 1847 908">
     <span class='ocr_line' id='line_1_7' title="bbox 274 835 1847 908; baseline -0.004 -13"><span class='ocrx_word' id='word_1_40' title='bbox 274 841 454 903; x_wconf 63' lang='grc' dir='ltr'><strong>αὲτὰς,</strong></span> <span class='ocrx_word' id='word_1_41' title='bbox 514 839 624 892; x_wconf 75' lang='grc' dir='ltr'><strong>πᾶν</strong></span> <span class='ocrx_word' id='word_1_42' title='bbox 653 837 988 901; x_wconf 82' lang='grc' dir='ltr'><strong>τούναντίον,</strong></span> <span class='ocrx_word' id='word_1_43' title='bbox 1053 836 1380 908; x_wconf 81' lang='grc' dir='ltr'><strong>καθαιροῦσι</strong></span> <span class='ocrx_word' id='word_1_44' title='bbox 1414 838 1515 905; x_wconf 83' lang='grc' dir='ltr'><strong>μὲν</strong></span> <span class='ocrx_word' id='word_1_45' title='bbox 1561 836 1660 907; x_wconf 80' lang='grc' dir='ltr'><strong>τὴν</strong></span> <span class='ocrx_word' id='word_1_46' title='bbox 1693 835 1847 889; x_wconf 88' lang='grc' dir='ltr'><strong>θείαν</strong></span> 
     </span>
    </p>
   </div>
   <div class='ocr_carea' id='block_1_8' title="bbox 276 915 1845 1000">
    <p class='ocr_par' dir='ltr' id='par_1_8' title="bbox 276 915 1845 1000">
     <span class='ocr_line' id='line_1_8' title="bbox 276 915 1845 1000; baseline 0 -18"><span class='ocrx_word' id='word_1_47' title='bbox 276 915 473 990; x_wconf 72' lang='grc' dir='ltr'><strong>οὐσίαν,</strong></span> <span class='ocrx_word' id='word_1_48' title='bbox 507 927 847 997; x_wconf 79' lang='grc' dir='ltr'><strong>ἀπονέμουσι</strong></span> <span class='ocrx_word' id='word_1_49' title='bbox 877 927 933 980; x_wconf 86' lang='grc' dir='ltr'><strong>δὲ</strong></span> <span class='ocrx_word' id='word_1_50' title='bbox 965 927 1133 981; x_wconf 73' lang='grc' dir='ltr'><strong>πάλιν</strong></span> <span class='ocrx_word' id='word_1_51' title='bbox 1160 927 1222 981; x_wconf 79' lang='grc' dir='ltr'><strong>τὸ</strong></span> <span class='ocrx_word' id='word_1_52' title='bbox 1249 929 1450 999; x_wconf 82' lang='grc' dir='ltr'><strong>κράτος</strong></span> <span class='ocrx_word' id='word_1_53' title='bbox 1481 931 1548 1000; x_wconf 77' lang='grc' dir='ltr'><strong>τῇ</strong></span> <span class='ocrx_word' id='word_1_54' title='bbox 1582 927 1678 982; x_wconf 83' lang='grc' dir='ltr'><strong>τοῦ</strong></span> <span class='ocrx_word' id='word_1_55' title='bbox 1709 927 1845 982; x_wconf 86' lang='grc' dir='ltr'><strong>Θεοῦ</strong></span> 
     </span>
    </p>
   </div>
   <div class='ocr_carea' id='block_1_9' title="bbox 277 1019 1848 1094">
    <p class='ocr_par' dir='ltr' id='par_1_9' title="bbox 277 1019 1848 1094">
     <span class='ocr_line' id='line_1_9' title="bbox 277 1019 1848 1094; baseline 0.002 -21"><span class='ocrx_word' id='word_1_56' title='bbox 277 1020 538 1091; x_wconf 64' lang='grc' dir='ltr'><strong>ἐνεργείᾳ..</strong></span> <span class='ocrx_word' id='word_1_57' title='bbox 580 1019 649 1072; x_wconf 83' lang='grc' dir='ltr'><strong>Ἦ</strong></span> <span class='ocrx_word' id='word_1_58' title='bbox 699 1019 802 1089; x_wconf 82' lang='grc' dir='ltr'><strong>μὲν</strong></span> <span class='ocrx_word' id='word_1_59' title='bbox 854 1020 966 1090; x_wconf 70' lang='grc' dir='ltr'><strong>γὰρ</strong></span> <span class='ocrx_word' id='word_1_60' title='bbox 1015 1019 1135 1073; x_wconf 85' lang='grc' dir='ltr'><strong>θεία</strong></span> <span class='ocrx_word' id='word_1_61' title='bbox 1168 1021 1422 1092; x_wconf 76' lang='grc' dir='ltr'><strong>ἐνέργεια</strong></span> <span class='ocrx_word' id='word_1_62' title='bbox 1453 1022 1848 1094; x_wconf 77' lang='grc' dir='ltr'><strong>ἀπεργαστικὴ</strong></span> 
     </span>
    </p>
   </div>
   <div class='ocr_carea' id='block_1_10' title="bbox 276 1111 1847 1187">
    <p class='ocr_par' dir='ltr' id='par_1_10' title="bbox 276 1111 1847 1187">
     <span class='ocr_line' id='line_1_10' title="bbox 276 1111 1847 1187; baseline 0.003 -23"><span class='ocrx_word' id='word_1_63' title='bbox 276 1112 377 1182; x_wconf 84' lang='grc' dir='ltr'><strong>τῶν</strong></span> <span class='ocrx_word' id='word_1_64' title='bbox 404 1111 561 1174; x_wconf 76' lang='grc' dir='ltr'><strong>ἐκτός</strong></span> <span class='ocrx_word' id='word_1_65' title='bbox 595 1113 748 1164; x_wconf 78' lang='grc' dir='ltr'><strong>ἐστιν</strong></span> <span class='ocrx_word' id='word_1_66' title='bbox 767 1128 783 1144; x_wconf 79' lang='grc' dir='ltr'><strong>ο</strong></span> <span class='ocrx_word' id='word_1_67' title='bbox 824 1113 858 1184; x_wconf 67' lang='grc' dir='ltr'><strong>ιλ</strong></span> <span class='ocrx_word' id='word_1_68' title='bbox 885 1113 942 1166; x_wconf 81' lang='grc' dir='ltr'><strong>δὲ</strong></span> <span class='ocrx_word' id='word_1_69' title='bbox 970 1113 1093 1166; x_wconf 88' lang='grc' dir='ltr'><strong>θεία</strong></span> <span class='ocrx_word' id='word_1_70' title='bbox 1122 1115 1282 1167; x_wconf 78' lang='grc' dir='ltr'><strong>οὑσία</strong></span> <span class='ocrx_word' id='word_1_71' title='bbox 1332 1114 1546 1180; x_wconf 82' lang='grc' dir='ltr'><strong>οὐδενὸς</strong></span> <span class='ocrx_word' id='word_1_72' title='bbox 1598 1117 1847 1187; x_wconf 83' lang='grc' dir='ltr'><strong>ἀπεργα-</strong></span> 
     </span>
    </p>
   </div>
   <div class='ocr_carea' id='block_1_11' title="bbox 277 1203 1847 1277">
    <p class='ocr_par' dir='ltr' id='par_1_11' title="bbox 277 1203 1847 1277">
     <span class='ocr_line' id='line_1_11' title="bbox 277 1203 1847 1277; baseline 0.004 -19"><span class='ocrx_word' id='word_1_73' title='bbox 277 1203 428 1275; x_wconf 78' lang='grc' dir='ltr'><strong>στικὴ</strong></span> <span class='ocrx_word' id='word_1_74' title='bbox 457 1205 566 1258; x_wconf 89' lang='grc' dir='ltr'><strong>τῶν</strong></span> <span class='ocrx_word' id='word_1_75' title='bbox 595 1204 786 1266; x_wconf 76' lang='grc' dir='ltr'><strong>έκτόςο</strong></span> <span class='ocrx_word' id='word_1_76' title='bbox 824 1205 918 1258; x_wconf 75' lang='grc' dir='ltr'><strong>καὶ</strong></span> <span class='ocrx_word' id='word_1_77' title='bbox 945 1207 978 1277; x_wconf 87' lang='grc' dir='ltr'><strong>ἡ</strong></span> <span class='ocrx_word' id='word_1_78' title='bbox 1023 1208 1124 1277; x_wconf 81' lang='grc' dir='ltr'><strong>μὲν</strong></span> <span class='ocrx_word' id='word_1_79' title='bbox 1169 1207 1545 1276; x_wconf 76' lang='grc' dir='ltr'><strong>προσπελάζει</strong></span> <span class='ocrx_word' id='word_1_80' title='bbox 1581 1210 1693 1270; x_wconf 78' lang='grc' dir='ltr'><strong>τοῖς</strong></span> <span class='ocrx_word' id='word_1_81' title='bbox 1725 1211 1847 1264; x_wconf 80' lang='grc' dir='ltr'><strong>κτί-</strong></span> 
     </span>
    </p>
   </div>
   <div class='ocr_carea' id='block_1_12' title="bbox 277 1296 1848 1371">
    <p class='ocr_par' dir='ltr' id='par_1_12' title="bbox 277 1296 1848 1371">
     <span class='ocr_line' id='line_1_12' title="bbox 277 1296 1848 1371; baseline 0.006 -22"><span class='ocrx_word' id='word_1_82' title='bbox 277 1313 491 1366; x_wconf 75' lang='grc' dir='ltr'><strong>σμασιν,</strong></span> <span class='ocrx_word' id='word_1_83' title='bbox 525 1297 558 1365; x_wconf 85' lang='grc' dir='ltr'>ἠ</span> <span class='ocrx_word' id='word_1_84' title='bbox 589 1296 644 1350; x_wconf 82' lang='grc' dir='ltr'><strong>δ”</strong></span> <span class='ocrx_word' id='word_1_85' title='bbox 664 1298 1122 1367; x_wconf 81' lang='grc' dir='ltr'><strong>ἀπροσπέλαστός</strong></span> <span class='ocrx_word' id='word_1_86' title='bbox 1165 1303 1284 1354; x_wconf 83' lang='grc' dir='ltr'><strong>ἐστι</strong></span> <span class='ocrx_word' id='word_1_87' title='bbox 1309 1315 1326 1333; x_wconf 77' lang='grc' dir='ltr'><strong><em>ο</em></strong></span> <span class='ocrx_word' id='word_1_88' title='bbox 1359 1305 1455 1354; x_wconf 76' lang='grc' dir='ltr'><strong>καὶ</strong></span> <span class='ocrx_word' id='word_1_89' title='bbox 1489 1302 1522 1371; x_wconf 80' lang='grc' dir='ltr'><strong>ἡ</strong></span> <span class='ocrx_word' id='word_1_90' title='bbox 1551 1303 1648 1369; x_wconf 87' lang='grc' dir='ltr'><strong>μὲν</strong></span> <span class='ocrx_word' id='word_1_91' title='bbox 1681 1302 1848 1367; x_wconf 75' lang='grc' dir='ltr'><strong>σώζει</strong></span> 
     </span>
    </p>
   </div>
   <div class='ocr_carea' id='block_1_13' title="bbox 273 1385 1846 1464">
    <p class='ocr_par' dir='ltr' id='par_1_13' title="bbox 273 1385 1846 1464">
     <span class='ocr_line' id='line_1_13' title="bbox 273 1385 1846 1464; baseline 0.006 -26"><span class='ocrx_word' id='word_1_92' title='bbox 273 1385 437 1441; x_wconf 74' lang='grc' dir='ltr'><strong>ταῦτα</strong></span> <span class='ocrx_word' id='word_1_93' title='bbox 459 1387 872 1460; x_wconf 79' lang='grc' dir='ltr'><strong>λαμϐανομένη,</strong></span> <span class='ocrx_word' id='word_1_94' title='bbox 902 1390 934 1461; x_wconf 80' lang='grc' dir='ltr'>ἡ</span> <span class='ocrx_word' id='word_1_95' title='bbox 959 1391 1014 1444; x_wconf 86' lang='grc' dir='ltr'><strong>δὲ</strong></span> <span class='ocrx_word' id='word_1_96' title='bbox 1047 1390 1381 1455; x_wconf 64' lang='grc' dir='ltr'><strong>ὲξαναλὺσει</strong></span> <span class='ocrx_word' id='word_1_97' title='bbox 1415 1392 1588 1446; x_wconf 82' lang='grc' dir='ltr'><strong>ταῦτα</strong></span> <span class='ocrx_word' id='word_1_98' title='bbox 1614 1394 1744 1464; x_wconf 73' lang='grc' dir='ltr'><strong>πρὶν</strong></span> <span class='ocrx_word' id='word_1_99' title='bbox 1779 1394 1846 1448; x_wconf 82' lang='grc' dir='ltr'><strong>ἂν</strong></span> 
     </span>
    </p>
   </div>
   <div class='ocr_carea' id='block_1_14' title="bbox 273 1477 1846 1554">
    <p class='ocr_par' dir='ltr' id='par_1_14' title="bbox 273 1477 1846 1554">
     <span class='ocr_line' id='line_1_14' title="bbox 273 1477 1846 1554; baseline 0.005 -24"><span class='ocrx_word' id='word_1_100' title='bbox 273 1477 444 1549; x_wconf 81' lang='grc' dir='ltr'><strong>ληφθῇ</strong></span> <span class='ocrx_word' id='word_1_101' title='bbox 465 1497 480 1512; x_wconf 79' lang='grc' dir='ltr'><strong><em>ο</em></strong></span> <span class='ocrx_word' id='word_1_102' title='bbox 506 1480 652 1550; x_wconf 73' lang='grc' dir='ltr'><strong>καὶὴ</strong></span> <span class='ocrx_word' id='word_1_103' title='bbox 678 1480 776 1550; x_wconf 83' lang='grc' dir='ltr'><strong>μὲν</strong></span> <span class='ocrx_word' id='word_1_104' title='bbox 801 1481 902 1534; x_wconf 82' lang='grc' dir='ltr'><strong>ἀνα</strong></span> <span class='ocrx_word' id='word_1_105' title='bbox 915 1482 1222 1553; x_wconf 80' lang='grc' dir='ltr'><strong>μιγνυμένη</strong></span> <span class='ocrx_word' id='word_1_106' title='bbox 1250 1483 1463 1546; x_wconf 63' lang='grc' dir='ltr'><strong>τούτοις</strong></span> <span class='ocrx_word' id='word_1_107' title='bbox 1495 1483 1556 1536; x_wconf 82' lang='grc' dir='ltr'><strong>οὐ</strong></span> <span class='ocrx_word' id='word_1_108' title='bbox 1588 1484 1846 1554; x_wconf 76' lang='grc' dir='ltr'><strong>φύρεταιο</strong></span> 
     </span>
    </p>
   </div>
   <div class='ocr_carea' id='block_1_15' title="bbox 251 1572 1848 1647">
    <p class='ocr_par' dir='ltr' id='par_1_15' title="bbox 251 1572 1848 1647">
     <span class='ocr_line' id='line_1_15' title="bbox 251 1572 1848 1647; baseline 0.006 -25"><span class='ocrx_word' id='word_1_109' title='bbox 251 1574 303 1642; x_wconf 69' lang='grc' dir='ltr'><strong>,ἡ</strong></span> <span class='ocrx_word' id='word_1_110' title='bbox 335 1572 403 1636; x_wconf 80' lang='grc' dir='ltr'><strong>δ’,</strong></span> <span class='ocrx_word' id='word_1_111' title='bbox 431 1573 480 1624; x_wconf 87' lang='grc' dir='ltr'><strong>εί</strong></span> <span class='ocrx_word' id='word_1_112' title='bbox 514 1572 919 1644; x_wconf 82' lang='grc' dir='ltr'><strong>μεταληφθείη,</strong></span> <span class='ocrx_word' id='word_1_113' title='bbox 970 1573 1193 1645; x_wconf 74' lang='grc' dir='ltr'><strong>φυρμὸν</strong></span> <span class='ocrx_word' id='word_1_114' title='bbox 1239 1575 1519 1629; x_wconf 85' lang='grc' dir='ltr'><strong>πείσεται’</strong></span> <span class='ocrx_word' id='word_1_115' title='bbox 1555 1577 1650 1632; x_wconf 78' lang='grc' dir='ltr'><strong>καὶ</strong></span> <span class='ocrx_word' id='word_1_116' title='bbox 1673 1579 1706 1647; x_wconf 77' lang='grc' dir='ltr'><strong>ἡ</strong></span> <span class='ocrx_word' id='word_1_117' title='bbox 1747 1579 1848 1647; x_wconf 84' lang='grc' dir='ltr'><strong>μὲν</strong></span> 
     </span>
    </p>
   </div>
   <div class='ocr_carea' id='block_1_16' title="bbox 272 1663 1849 1738">
    <p class='ocr_par' dir='ltr' id='par_1_16' title="bbox 272 1663 1849 1738">
     <span class='ocr_line' id='line_1_16' title="bbox 272 1663 1849 1738; baseline 0.004 -20"><span class='ocrx_word' id='word_1_118' title='bbox 272 1666 429 1735; x_wconf 69' lang='grc' dir='ltr'><strong>φοιτᾷ</strong></span> <span class='ocrx_word' id='word_1_119' title='bbox 463 1663 616 1718; x_wconf 78' lang='grc' dir='ltr'><strong>κάτω</strong></span> <span class='ocrx_word' id='word_1_120' title='bbox 640 1666 778 1735; x_wconf 75' lang='grc' dir='ltr'><strong>πρὸς</strong></span> <span class='ocrx_word' id='word_1_121' title='bbox 807 1668 905 1737; x_wconf 80' lang='grc' dir='ltr'><strong>τὴν</strong></span> <span class='ocrx_word' id='word_1_122' title='bbox 932 1667 1138 1732; x_wconf 80' lang='grc' dir='ltr'><strong>κτίσιν,</strong></span> <span class='ocrx_word' id='word_1_123' title='bbox 1173 1670 1269 1721; x_wconf 86' lang='grc' dir='ltr'><strong>καὶ</strong></span> <span class='ocrx_word' id='word_1_124' title='bbox 1301 1668 1591 1738; x_wconf 72' lang='grc' dir='ltr'><strong>μετέχεται</strong></span> <span class='ocrx_word' id='word_1_125' title='bbox 1623 1670 1717 1723; x_wconf 85' lang='grc' dir='ltr'><strong>ὑπ’</strong></span> <span class='ocrx_word' id='word_1_126' title='bbox 1746 1672 1849 1724; x_wconf 83' lang='grc' dir='ltr'><strong>αὑ-</strong></span> 
     </span>
    </p>
   </div>
   <div class='ocr_carea' id='block_1_17' title="bbox 269 1759 1849 1832">
    <p class='ocr_par' dir='ltr' id='par_1_17' title="bbox 269 1759 1849 1832">
     <span class='ocr_line' id='line_1_17' title="bbox 269 1759 1849 1832; baseline 0.004 -20"><span class='ocrx_word' id='word_1_127' title='bbox 269 1762 386 1828; x_wconf 76' lang='grc' dir='ltr'><strong>τῆς,</strong></span> <span class='ocrx_word' id='word_1_128' title='bbox 419 1761 516 1813; x_wconf 77' lang='grc' dir='ltr'><strong>καὶ</strong></span> <span class='ocrx_word' id='word_1_129' title='bbox 566 1759 909 1832; x_wconf 78' lang='grc' dir='ltr'><strong>μιταδίδοται</strong></span> <span class='ocrx_word' id='word_1_130' title='bbox 966 1760 1061 1813; x_wconf 78' lang='grc' dir='ltr'><strong>καὶ</strong></span> <span class='ocrx_word' id='word_1_131' title='bbox 1101 1760 1320 1829; x_wconf 75' lang='grc' dir='ltr'>ἁγιάζει</span> <span class='ocrx_word' id='word_1_132' title='bbox 1372 1762 1468 1815; x_wconf 73' lang='grc' dir='ltr'><strong>καὶ</strong></span> <span class='ocrx_word' id='word_1_133' title='bbox 1495 1762 1722 1830; x_wconf 76' lang='grc' dir='ltr'><strong>φωτίζει</strong></span> <span class='ocrx_word' id='word_1_134' title='bbox 1754 1764 1849 1818; x_wconf 75' lang='grc' dir='ltr'><strong>καὶ</strong></span> 
     </span>
    </p>
   </div>
   <div class='ocr_carea' id='block_1_18' title="bbox 1955 650 3541 721">
    <p class='ocr_par' dir='ltr' id='par_1_18' title="bbox 1955 650 3541 721">
     <span class='ocr_line' id='line_1_18' title="bbox 1955 650 3541 721; baseline 0.002 -19"><span class='ocrx_word' id='word_1_135' title='bbox 1955 650 2207 704; x_wconf 74' lang='lat' dir='ltr'><strong>essentia:</strong></span> <span class='ocrx_word' id='word_1_136' title='bbox 2235 692 2250 716; x_wconf 91' lang='lat'><strong>,</strong></span> <span class='ocrx_word' id='word_1_137' title='bbox 2284 666 2634 721; x_wconf 89' lang='lat' dir='ltr'><strong>summopere</strong></span> <span class='ocrx_word' id='word_1_138' title='bbox 2679 667 2810 707; x_wconf 88' lang='lat' dir='ltr'><strong>vero</strong></span> <span class='ocrx_word' id='word_1_139' title='bbox 2865 652 3222 720; x_wconf 86' lang='lat' dir='ltr'><strong>deprimunt,</strong></span> <span class='ocrx_word' id='word_1_140' title='bbox 3249 666 3409 721; x_wconf 89' lang='lat' dir='ltr'><strong>quam</strong></span> <span class='ocrx_word' id='word_1_141' title='bbox 3442 668 3541 705; x_wconf 84' lang='lat' dir='ltr'><strong>vo-</strong></span> 
     </span>
    </p>
   </div>
   <div class='ocr_carea' id='block_1_19' title="bbox 1954 739 3540 813">
    <p class='ocr_par' dir='ltr' id='par_1_19' title="bbox 1954 739 3540 813">
     <span class='ocr_line' id='line_1_19' title="bbox 1954 739 3540 813; baseline 0.003 -19"><span class='ocrx_word' id='word_1_142' title='bbox 1954 739 2068 794; x_wconf 86' lang='lat' dir='ltr'><strong>cari</strong></span> <span class='ocrx_word' id='word_1_143' title='bbox 2112 740 2749 812; x_wconf 23' lang='lat' dir='ltr'><strong>docueruntliucrealam</strong></span> <span class='ocrx_word' id='word_1_144' title='bbox 2799 743 2893 799; x_wconf 85' lang='lat' dir='ltr'><strong>Dei</strong></span> <span class='ocrx_word' id='word_1_145' title='bbox 2945 746 3371 813; x_wconf 87' lang='lat' dir='ltr'><strong>operationem:</strong></span> <span class='ocrx_word' id='word_1_146' title='bbox 3417 760 3540 813; x_wconf 67' lang='lat' dir='ltr'><strong>quae</strong></span> 
     </span>
    </p>
   </div>
   <div class='ocr_carea' id='block_1_20' title="bbox 1955 837 3537 912">
    <p class='ocr_par' dir='ltr' id='par_1_20' title="bbox 1955 837 3537 912">
     <span class='ocr_line' id='line_1_20' title="bbox 1955 837 3537 912; baseline 0.007 -27"><span class='ocrx_word' id='word_1_147' title='bbox 1955 843 2134 886; x_wconf 91' lang='lat' dir='ltr'><strong>autem</strong></span> <span class='ocrx_word' id='word_1_148' title='bbox 2177 845 2484 903; x_wconf 85' lang='lat' dir='ltr'><strong>sequuntur</strong></span> <span class='ocrx_word' id='word_1_149' title='bbox 2513 877 2536 906; x_wconf 20' lang='grc' dir='ltr'><strong>,ι</strong></span> <span class='ocrx_word' id='word_1_150' title='bbox 2564 851 2723 902; x_wconf 78' lang='lat' dir='ltr'><strong>secus</strong></span> <span class='ocrx_word' id='word_1_151' title='bbox 2757 837 2984 902; x_wconf 85' lang='lat' dir='ltr'><strong>omnino</strong></span> <span class='ocrx_word' id='word_1_152' title='bbox 3041 838 3283 895; x_wconf 81' lang='lat' dir='ltr'><strong>divinam</strong></span> <span class='ocrx_word' id='word_1_153' title='bbox 3316 842 3537 912; x_wconf 81' lang='lat' dir='ltr'><strong>quidem</strong></span> 
     </span>
    </p>
   </div>
   <div class='ocr_carea' id='block_1_21' title="bbox 1954 923 3541 996">
    <p class='ocr_par' dir='ltr' id='par_1_21' title="bbox 1954 923 3541 996">
     <span class='ocr_line' id='line_1_21' title="bbox 1954 923 3541 996; baseline 0.007 -19"><span class='ocrx_word' id='word_1_154' title='bbox 1954 923 2249 978; x_wconf 88' lang='lat' dir='ltr'><strong>essentiam</strong></span> <span class='ocrx_word' id='word_1_155' title='bbox 2310 925 2650 996; x_wconf 87' lang='lat' dir='ltr'><strong>deprimunt,</strong></span> <span class='ocrx_word' id='word_1_156' title='bbox 2714 931 3000 984; x_wconf 75' lang='lat' dir='ltr'><strong>victoriam</strong></span> <span class='ocrx_word' id='word_1_157' title='bbox 3037 948 3166 996; x_wconf 88' lang='lat' dir='ltr'><strong>vero</strong></span> <span class='ocrx_word' id='word_1_158' title='bbox 3214 949 3403 988; x_wconf 83' lang='lat' dir='ltr'><strong>rursus</strong></span> <span class='ocrx_word' id='word_1_159' title='bbox 3450 933 3541 988; x_wconf 87' lang='lat' dir='ltr'><strong>tri-</strong></span> 
     </span>
    </p>
   </div>
   <div class='ocr_carea' id='block_1_22' title="bbox 1954 1014 3539 1096">
    <p class='ocr_par' dir='ltr' id='par_1_22' title="bbox 1954 1014 3539 1096">
     <span class='ocr_line' id='line_1_22' title="bbox 1954 1014 3539 1096; baseline 0.006 -26"><span class='ocrx_word' id='word_1_160' title='bbox 1954 1014 2130 1074; x_wconf 84' lang='lat' dir='ltr'><strong>buunt</strong></span> <span class='ocrx_word' id='word_1_161' title='bbox 2157 1016 2354 1082; x_wconf 79' lang='lat' dir='ltr'><strong>divinae</strong></span> <span class='ocrx_word' id='word_1_162' title='bbox 2377 1020 2713 1092; x_wconf 46' lang='lat' dir='ltr'><strong>operatioui,</strong></span> <span class='ocrx_word' id='word_1_163' title='bbox 2745 1022 2945 1090; x_wconf 42' lang='lat' dir='ltr'><strong>Divina,</strong></span> <span class='ocrx_word' id='word_1_164' title='bbox 2975 1025 3120 1080; x_wconf 90' lang='lat' dir='ltr'><strong>enim</strong></span> <span class='ocrx_word' id='word_1_165' title='bbox 3173 1025 3416 1096; x_wconf 76' lang='lat' dir='ltr'><strong>operatio</strong></span> <span class='ocrx_word' id='word_1_166' title='bbox 3448 1041 3539 1080; x_wconf 85' lang='lat' dir='ltr'><strong>re-</strong></span> 
     </span>
    </p>
   </div>
   <div class='ocr_carea' id='block_1_23' title="bbox 1953 1118 3537 1184">
    <p class='ocr_par' dir='ltr' id='par_1_23' title="bbox 1953 1118 3537 1184">
     <span class='ocr_line' id='line_1_23' title="bbox 1953 1118 3537 1184; baseline 0.006 -18"><span class='ocrx_word' id='word_1_167' title='bbox 1953 1127 2073 1166; x_wconf 87' lang='lat' dir='ltr'><strong>rum</strong></span> <span class='ocrx_word' id='word_1_168' title='bbox 2130 1127 2251 1182; x_wconf 70' lang='lat' dir='ltr'><strong>qua:</strong></span> <span class='ocrx_word' id='word_1_169' title='bbox 2293 1124 2420 1168; x_wconf 91' lang='lat' dir='ltr'><strong>sunt</strong></span> <span class='ocrx_word' id='word_1_170' title='bbox 2464 1126 2622 1172; x_wconf 73' lang='lat' dir='ltr'><strong>extra</strong></span> <span class='ocrx_word' id='word_1_171' title='bbox 2653 1118 2896 1183; x_wconf 81' lang='lat' dir='ltr'><strong>eﬂ&#39;ectrix</strong></span> <span class='ocrx_word' id='word_1_172' title='bbox 2931 1130 3044 1184; x_wconf 90' lang='lat' dir='ltr'><strong>est;</strong></span> <span class='ocrx_word' id='word_1_173' title='bbox 3077 1123 3259 1179; x_wconf 85' lang='lat' dir='ltr'><strong>divina</strong></span> <span class='ocrx_word' id='word_1_174' title='bbox 3295 1136 3423 1177; x_wconf 87' lang='lat' dir='ltr'><strong>vero</strong></span> <span class='ocrx_word' id='word_1_175' title='bbox 3447 1136 3537 1176; x_wconf 86' lang='lat' dir='ltr'><strong>es-</strong></span> 
     </span>
    </p>
   </div>
   <div class='ocr_carea' id='block_1_24' title="bbox 1955 1201 3538 1283">
    <p class='ocr_par' dir='ltr' id='par_1_24' title="bbox 1955 1201 3538 1283">
     <span class='ocr_line' id='line_1_24' title="bbox 1955 1201 3538 1283; baseline 0.005 -27"><span class='ocrx_word' id='word_1_176' title='bbox 1955 1201 2127 1257; x_wconf 89' lang='lat' dir='ltr'><strong>sentia</strong></span> <span class='ocrx_word' id='word_1_177' title='bbox 2167 1202 2365 1270; x_wconf 81' lang='lat' dir='ltr'><strong>nullius</strong></span> <span class='ocrx_word' id='word_1_178' title='bbox 2401 1219 2592 1260; x_wconf 92' lang='lat' dir='ltr'><strong>eorum</strong></span> <span class='ocrx_word' id='word_1_179' title='bbox 2634 1223 2755 1277; x_wconf 74' lang='lat' dir='ltr'><strong>qua:</strong></span> <span class='ocrx_word' id='word_1_180' title='bbox 2809 1222 2937 1266; x_wconf 91' lang='lat' dir='ltr'><strong>sunt</strong></span> <span class='ocrx_word' id='word_1_181' title='bbox 2964 1220 3118 1277; x_wconf 80' lang='lat' dir='ltr'><strong>extra</strong></span> <span class='ocrx_word' id='word_1_182' title='bbox 3150 1209 3393 1266; x_wconf 80' lang='lat' dir='ltr'><strong>eﬂ&#39;ectrix</strong></span> <span class='ocrx_word' id='word_1_183' title='bbox 3421 1220 3538 1283; x_wconf 74' lang='lat' dir='ltr'><strong>est;</strong></span> 
     </span>
    </p>
   </div>
   <div class='ocr_carea' id='block_1_25' title="bbox 1955 1294 3540 1372">
    <p class='ocr_par' dir='ltr' id='par_1_25' title="bbox 1955 1294 3540 1372">
     <span class='ocr_line' id='line_1_25' title="bbox 1955 1294 3540 1372; baseline 0.009 -26"><span class='ocrx_word' id='word_1_184' title='bbox 1955 1303 2120 1362; x_wconf 88' lang='lat' dir='ltr'><strong>atque</strong></span> <span class='ocrx_word' id='word_1_185' title='bbox 2157 1294 2245 1348; x_wconf 88' lang='lat' dir='ltr'><strong>illa</strong></span> <span class='ocrx_word' id='word_1_186' title='bbox 2274 1297 2496 1372; x_wconf 80' lang='lat' dir='ltr'><strong>quidem</strong></span> <span class='ocrx_word' id='word_1_187' title='bbox 2531 1301 2735 1367; x_wconf 80' lang='lat' dir='ltr'><strong>creatis</strong></span> <span class='ocrx_word' id='word_1_188' title='bbox 2772 1302 2932 1370; x_wconf 76' lang='lat' dir='ltr'><strong>rebus</strong></span> <span class='ocrx_word' id='word_1_189' title='bbox 2983 1304 3233 1372; x_wconf 79' lang='lat' dir='ltr'><strong>accedit,</strong></span> <span class='ocrx_word' id='word_1_190' title='bbox 3261 1305 3376 1359; x_wconf 63' lang='lat' dir='ltr'><strong>haec</strong></span> <span class='ocrx_word' id='word_1_191' title='bbox 3409 1320 3540 1360; x_wconf 90' lang='lat' dir='ltr'><strong>vero</strong></span> 
     </span>
    </p>
   </div>
   <div class='ocr_carea' id='block_1_26' title="bbox 1955 1385 3539 1467">
    <p class='ocr_par' dir='ltr' id='par_1_26' title="bbox 1955 1385 3539 1467">
     <span class='ocr_line' id='line_1_26' title="bbox 1955 1385 3539 1467; baseline 0.009 -27"><span class='ocrx_word' id='word_1_192' title='bbox 1955 1385 2238 1444; x_wconf 80' lang='lat' dir='ltr'><strong>inaccessa</strong></span> <span class='ocrx_word' id='word_1_193' title='bbox 2269 1399 2394 1455; x_wconf 88' lang='lat' dir='ltr'><strong>est;</strong></span> <span class='ocrx_word' id='word_1_194' title='bbox 2432 1400 2596 1460; x_wconf 90' lang='lat' dir='ltr'><strong>atque</strong></span> <span class='ocrx_word' id='word_1_195' title='bbox 2630 1393 2720 1448; x_wconf 86' lang='lat' dir='ltr'><strong>illa</strong></span> <span class='ocrx_word' id='word_1_196' title='bbox 2764 1397 2982 1464; x_wconf 85' lang='lat' dir='ltr'><strong>quidem</strong></span> <span class='ocrx_word' id='word_1_197' title='bbox 3027 1409 3312 1467; x_wconf 79' lang='lat' dir='ltr'><strong>percepta,</strong></span> <span class='ocrx_word' id='word_1_198' title='bbox 3355 1413 3418 1451; x_wconf 88' lang='lat' dir='ltr'><strong>ea</strong></span> <span class='ocrx_word' id='word_1_199' title='bbox 3453 1398 3539 1455; x_wconf 87' lang='lat' dir='ltr'><strong>in.-</strong></span> 
     </span>
    </p>
   </div>
   <div class='ocr_carea' id='block_1_27' title="bbox 1955 1476 3541 1558">
    <p class='ocr_par' dir='ltr' id='par_1_27' title="bbox 1955 1476 3541 1558">
     <span class='ocr_line' id='line_1_27' title="bbox 1955 1476 3541 1558; baseline 0.008 -26"><span class='ocrx_word' id='word_1_200' title='bbox 1955 1478 2194 1532; x_wconf 83' lang='lat' dir='ltr'><strong>coluutia</strong></span> <span class='ocrx_word' id='word_1_201' title='bbox 2278 1491 2522 1549; x_wconf 66' lang='lat' dir='ltr'><strong>praestat,</strong></span> <span class='ocrx_word' id='word_1_202' title='bbox 2581 1485 2695 1540; x_wconf 73' lang='lat' dir='ltr'><strong>haec</strong></span> <span class='ocrx_word' id='word_1_203' title='bbox 2727 1502 2858 1542; x_wconf 91' lang='lat' dir='ltr'><strong>vero</strong></span> <span class='ocrx_word' id='word_1_204' title='bbox 2911 1476 3228 1558; x_wconf 80' lang='lat' dir='ltr'><strong>priusquam</strong></span> <span class='ocrx_word' id='word_1_205' title='bbox 3284 1503 3541 1556; x_wconf 81' lang='lat' dir='ltr'><strong>percepta</strong></span> 
     </span>
    </p>
   </div>
   <div class='ocr_carea' id='block_1_28' title="bbox 1951 1571 3543 1647">
    <p class='ocr_par' dir='ltr' id='par_1_28' title="bbox 1951 1571 3543 1647">
     <span class='ocr_line' id='line_1_28' title="bbox 1951 1571 3543 1647; baseline 0.007 -22"><span class='ocrx_word' id='word_1_206' title='bbox 1951 1571 2046 1633; x_wconf 86' lang='lat' dir='ltr'><strong>sit,</strong></span> <span class='ocrx_word' id='word_1_207' title='bbox 2074 1574 2264 1639; x_wconf 49' lang='lat' dir='ltr'><strong>ﬁdem</strong></span> <span class='ocrx_word' id='word_1_208' title='bbox 2297 1577 2594 1632; x_wconf 81' lang='lat' dir='ltr'><strong>consumit.</strong></span> <span class='ocrx_word' id='word_1_209' title='bbox 2636 1577 2730 1634; x_wconf 82' lang='lat' dir='ltr'><strong>Illa</strong></span> <span class='ocrx_word' id='word_1_210' title='bbox 2764 1580 2830 1636; x_wconf 79' lang='lat' dir='ltr'><strong>iis</strong></span> <span class='ocrx_word' id='word_1_211' title='bbox 2883 1581 3168 1636; x_wconf 84' lang='lat' dir='ltr'><strong>commista</strong></span> <span class='ocrx_word' id='word_1_212' title='bbox 3192 1623 3208 1647; x_wconf 90' lang='lat'><strong>,</strong></span> <span class='ocrx_word' id='word_1_213' title='bbox 3246 1597 3356 1636; x_wconf 88' lang='lat' dir='ltr'><strong>non</strong></span> <span class='ocrx_word' id='word_1_214' title='bbox 3408 1596 3543 1636; x_wconf 80' lang='lat' dir='ltr'><strong>con-</strong></span> 
     </span>
    </p>
   </div>
   <div class='ocr_carea' id='block_1_29' title="bbox 1953 1665 3538 1742">
    <p class='ocr_par' dir='ltr' id='par_1_29' title="bbox 1953 1665 3538 1742">
     <span class='ocr_line' id='line_1_29' title="bbox 1953 1665 3538 1742; baseline 0.006 -22"><span class='ocrx_word' id='word_1_215' title='bbox 1953 1665 2250 1722; x_wconf 67' lang='lat' dir='ltr'><strong>tunditur:</strong></span> <span class='ocrx_word' id='word_1_216' title='bbox 2288 1671 2442 1739; x_wconf 66' lang='lat' dir='ltr'><strong>haec,</strong></span> <span class='ocrx_word' id='word_1_217' title='bbox 2501 1673 2548 1726; x_wconf 94' lang='lat' dir='ltr'><strong>si</strong></span> <span class='ocrx_word' id='word_1_218' title='bbox 2599 1682 2858 1742; x_wconf 87' lang='lat' dir='ltr'><strong>percepta</strong></span> <span class='ocrx_word' id='word_1_219' title='bbox 2904 1675 3108 1740; x_wconf 80' lang='lat' dir='ltr'><strong>fuerit,</strong></span> <span class='ocrx_word' id='word_1_220' title='bbox 3160 1674 3538 1730; x_wconf 84' lang='lat' dir='ltr'><strong>coal‘usiouem</strong></span> 
     </span>
    </p>
   </div>
   <div class='ocr_carea' id='block_1_30' title="bbox 1951 1761 3544 1835">
    <p class='ocr_par' dir='ltr' id='par_1_30' title="bbox 1951 1761 3544 1835">
     <span class='ocr_line' id='line_1_30' title="bbox 1951 1761 3544 1835; baseline 0.006 -23"><span class='ocrx_word' id='word_1_221' title='bbox 1951 1761 2224 1829; x_wconf 88' lang='lat' dir='ltr'><strong>patietur;</strong></span> <span class='ocrx_word' id='word_1_222' title='bbox 2258 1772 2422 1830; x_wconf 87' lang='lat' dir='ltr'><strong>atque</strong></span> <span class='ocrx_word' id='word_1_223' title='bbox 2467 1765 2716 1832; x_wconf 83' lang='lat' dir='ltr'><strong>operatio</strong></span> <span class='ocrx_word' id='word_1_224' title='bbox 2767 1766 2986 1835; x_wconf 80' lang='lat' dir='ltr'><strong>quidem</strong></span> <span class='ocrx_word' id='word_1_225' title='bbox 3030 1767 3258 1822; x_wconf 80' lang='lat' dir='ltr'><strong>inferius</strong></span> <span class='ocrx_word' id='word_1_226' title='bbox 3297 1768 3364 1821; x_wconf 85' lang='lat' dir='ltr'><strong>ad</strong></span> <span class='ocrx_word' id='word_1_227' title='bbox 3395 1783 3544 1823; x_wconf 89' lang='lat' dir='ltr'><strong>crea-</strong></span> 
     </span>
    </p>
   </div>
   <div class='ocr_carea' id='block_1_31' title="bbox 271 1845 1848 1926">
    <p class='ocr_par' dir='ltr' id='par_1_31' title="bbox 271 1845 1848 1926">
     <span class='ocr_line' id='line_1_31' title="bbox 271 1845 1848 1926; baseline 0.003 -22"><span class='ocrx_word' id='word_1_228' title='bbox 271 1850 518 1922; x_wconf 69' lang='grc' dir='ltr'><strong>ινιδρύει,</strong></span> <span class='ocrx_word' id='word_1_229' title='bbox 581 1851 679 1904; x_wconf 74' lang='grc' dir='ltr'><strong>καὶ</strong></span> <span class='ocrx_word' id='word_1_230' title='bbox 748 1850 866 1905; x_wconf 77' lang='grc' dir='ltr'><strong>θεοί</strong></span> <span class='ocrx_word' id='word_1_231' title='bbox 897 1853 1026 1916; x_wconf 84' lang='grc' dir='ltr'><strong>τοὺς</strong></span> <span class='ocrx_word' id='word_1_232' title='bbox 1049 1845 1240 1916; x_wconf 80' lang='grc' dir='ltr'><strong>¹ἀξίους</strong></span> <span class='ocrx_word' id='word_1_233' title='bbox 1259 1869 1276 1886; x_wconf 87' lang='grc'><strong>·</strong></span> <span class='ocrx_word' id='word_1_234' title='bbox 1317 1853 1350 1923; x_wconf 81' lang='grc' dir='ltr'><strong>ἡ</strong></span> <span class='ocrx_word' id='word_1_235' title='bbox 1381 1853 1428 1906; x_wconf 86' lang='grc' dir='ltr'>δ’</span> <span class='ocrx_word' id='word_1_236' title='bbox 1450 1855 1848 1926; x_wconf 78' lang='grc' dir='ltr'><strong>ἀνεκφοίτητος</strong></span> 
     </span>
    </p>
   </div>
   <div class='ocr_carea' id='block_1_32' title="bbox 1953 1845 3538 1926">
    <p class='ocr_par' dir='ltr' id='par_1_32' title="bbox 1956 1853 3538 1926">
     <span class='ocr_line' id='line_1_32' title="bbox 1956 1853 3538 1926; baseline 0.004 -22"><span class='ocrx_word' id='word_1_237' title='bbox 1956 1859 2130 1905; x_wconf 89' lang='lat' dir='ltr'><strong>turam</strong></span> <span class='ocrx_word' id='word_1_238' title='bbox 2169 1853 2337 1917; x_wconf 81' lang='lat' dir='ltr'><strong>venit,</strong></span> <span class='ocrx_word' id='word_1_239' title='bbox 2375 1865 2430 1909; x_wconf 90' lang='lat' dir='ltr'><strong>et</strong></span> <span class='ocrx_word' id='word_1_240' title='bbox 2455 1855 2524 1909; x_wconf 88' lang='lat' dir='ltr'><strong>ab</strong></span> <span class='ocrx_word' id='word_1_241' title='bbox 2571 1871 2632 1909; x_wconf 89' lang='lat' dir='ltr'><strong>ea</strong></span> <span class='ocrx_word' id='word_1_242' title='bbox 2671 1858 2968 1926; x_wconf 88' lang='lat' dir='ltr'><strong>percipitur</strong></span> <span class='ocrx_word' id='word_1_243' title='bbox 2998 1868 3052 1912; x_wconf 92' lang='lat' dir='ltr'><strong>et</strong></span> <span class='ocrx_word' id='word_1_244' title='bbox 3082 1860 3538 1925; x_wconf 86' lang='lat' dir='ltr'><strong>communicatur,</strong></span> 
     </span>
    </p>
   </div>
   <div class='ocr_carea' id='block_1_33' title="bbox 270 1943 1850 2016">
    <p class='ocr_par' dir='ltr' id='par_1_33' title="bbox 270 1943 1850 2016">
     <span class='ocr_line' id='line_1_33' title="bbox 270 1943 1850 2016; baseline 0 -16"><span class='ocrx_word' id='word_1_245' title='bbox 270 1945 359 2001; x_wconf 73' lang='grc' dir='ltr'><strong>καὶ</strong></span> <span class='ocrx_word' id='word_1_246' title='bbox 387 1943 721 2015; x_wconf 78' lang='grc' dir='ltr'><strong>ἀμετάδοτος</strong></span> <span class='ocrx_word' id='word_1_247' title='bbox 772 1945 950 2014; x_wconf 78' lang='grc' dir='ltr'><strong>μένει,</strong></span> <span class='ocrx_word' id='word_1_248' title='bbox 994 1945 1246 2016; x_wconf 82' lang='grc' dir='ltr'><strong>μηδόλως</strong></span> <span class='ocrx_word' id='word_1_249' title='bbox 1285 1946 1622 2002; x_wconf 86' lang='grc' dir='ltr'><strong>κατοικοῦσα</strong></span> <span class='ocrx_word' id='word_1_250' title='bbox 1647 1949 1706 2000; x_wconf 76' lang='grc' dir='ltr'><strong>ἐν</strong></span> <span class='ocrx_word' id='word_1_251' title='bbox 1737 1950 1850 2011; x_wconf 81' lang='grc' dir='ltr'><strong>τοῖς</strong></span> 
     </span>
    </p>
   </div>
   <div class='ocr_carea' id='block_1_34' title="bbox 269 2036 1850 2112">
    <p class='ocr_par' dir='ltr' id='par_1_34' title="bbox 269 2036 1850 2112">
     <span class='ocr_line' id='line_1_34' title="bbox 269 2036 1850 2112; baseline 0.003 -22"><span class='ocrx_word' id='word_1_252' title='bbox 269 2039 552 2105; x_wconf 75' lang='grc' dir='ltr'><strong>κτίσμασι,</strong></span> <span class='ocrx_word' id='word_1_253' title='bbox 592 2037 720 2107; x_wconf 85' lang='grc' dir='ltr'><strong>μηδ’</strong></span> <span class='ocrx_word' id='word_1_254' title='bbox 769 2036 1095 2104; x_wconf 81' lang='grc' dir='ltr'><strong>ἁγιάζουσα,</strong></span> <span class='ocrx_word' id='word_1_255' title='bbox 1155 2038 1294 2108; x_wconf 78' lang='grc' dir='ltr'><strong>μηδὲ</strong></span> <span class='ocrx_word' id='word_1_256' title='bbox 1330 2038 1667 2108; x_wconf 75' lang='grc' dir='ltr'><strong>φωτίζουσα,</strong></span> <span class='ocrx_word' id='word_1_257' title='bbox 1711 2041 1850 2112; x_wconf 81' lang='grc' dir='ltr'><strong>μηδὲ</strong></span> 
     </span>
    </p>
   </div>
   <div class='ocr_carea' id='block_1_35' title="bbox 269 2116 1852 2204">
    <p class='ocr_par' dir='ltr' id='par_1_35' title="bbox 269 2116 1852 2204">
     <span class='ocr_line' id='line_1_35' title="bbox 269 2116 1852 2204; baseline 0.004 -24"><span class='ocrx_word' id='word_1_258' title='bbox 269 2127 606 2198; x_wconf 69' lang='grc' dir='ltr'><strong>δνιδρὺουσα,</strong></span> <span class='ocrx_word' id='word_1_259' title='bbox 646 2127 782 2198; x_wconf 83' lang='grc' dir='ltr'><strong>μηδὲ</strong></span> <span class='ocrx_word' id='word_1_260' title='bbox 809 2127 1015 2187; x_wconf 73' lang='grc' dir='ltr'><strong>θεοῦσα</strong></span> <span class='ocrx_word' id='word_1_261' title='bbox 1044 2116 1224 2182; x_wconf 57' lang='grc' dir='ltr'><strong>ταῦτα</strong></span> <span class='ocrx_word' id='word_1_262' title='bbox 1244 2144 1260 2160; x_wconf 75' lang='grc' dir='ltr'>σ</span> <span class='ocrx_word' id='word_1_263' title='bbox 1306 2129 1405 2182; x_wconf 71' lang='grc' dir='ltr'><strong>καὶ</strong></span> <span class='ocrx_word' id='word_1_264' title='bbox 1435 2131 1468 2200; x_wconf 85' lang='grc' dir='ltr'><strong>ἡ</strong></span> <span class='ocrx_word' id='word_1_265' title='bbox 1505 2132 1606 2202; x_wconf 81' lang='grc' dir='ltr'><strong>μὲν</strong></span> <span class='ocrx_word' id='word_1_266' title='bbox 1637 2133 1852 2204; x_wconf 82' lang='grc' dir='ltr'><strong>κυρίως</strong></span> 
     </span>
    </p>
   </div>
   <div class='ocr_carea' id='block_1_36' title="bbox 271 2221 1850 2296">
    <p class='ocr_par' dir='ltr' id='par_1_36' title="bbox 271 2221 1850 2296">
     <span class='ocr_line' id='line_1_36' title="bbox 271 2221 1850 2296; baseline 0.004 -22"><span class='ocrx_word' id='word_1_267' title='bbox 271 2223 383 2274; x_wconf 65' lang='lat' dir='ltr'><strong>toti.</strong></span> <span class='ocrx_word' id='word_1_268' title='bbox 415 2221 609 2289; x_wconf 85' lang='grc' dir='ltr'><strong>θεότης</strong></span> <span class='ocrx_word' id='word_1_269' title='bbox 638 2223 734 2274; x_wconf 84' lang='grc' dir='ltr'><strong>καὶ</strong></span> <span class='ocrx_word' id='word_1_270' title='bbox 769 2222 884 2292; x_wconf 78' lang='grc' dir='ltr'><strong>ζωὴ</strong></span> <span class='ocrx_word' id='word_1_271' title='bbox 915 2222 1010 2278; x_wconf 73' lang='grc' dir='ltr'><strong>καὶ</strong></span> <span class='ocrx_word' id='word_1_272' title='bbox 1044 2223 1209 2290; x_wconf 81' lang='grc' dir='ltr'><strong>σοφία</strong></span> <span class='ocrx_word' id='word_1_273' title='bbox 1256 2223 1352 2276; x_wconf 56' lang='grc' dir='ltr'><strong>καὶ⁸</strong></span> <span class='ocrx_word' id='word_1_274' title='bbox 1405 2222 1639 2294; x_wconf 74' lang='grc' dir='ltr'><strong>δύναμις</strong></span> <span class='ocrx_word' id='word_1_275' title='bbox 1667 2241 1684 2259; x_wconf 79' lang='grc' dir='ltr'><strong><em>ο</em></strong></span> <span class='ocrx_word' id='word_1_276' title='bbox 1725 2229 1759 2296; x_wconf 79' lang='grc' dir='ltr'><strong>ἡ</strong></span> <span class='ocrx_word' id='word_1_277' title='bbox 1793 2227 1850 2280; x_wconf 67' lang='grc' dir='ltr'><strong>δὲ</strong></span> 
     </span>
    </p>
   </div>
   <div class='ocr_carea' id='block_1_37' title="bbox 274 2313 1848 2388">
    <p class='ocr_par' dir='ltr' id='par_1_37' title="bbox 274 2313 1848 2388">
     <span class='ocr_line' id='line_1_37' title="bbox 274 2313 1848 2388; baseline 0.003 -22"><span class='ocrx_word' id='word_1_278' title='bbox 274 2316 369 2368; x_wconf 77' lang='grc' dir='ltr'><strong>οὐκ</strong></span> <span class='ocrx_word' id='word_1_279' title='bbox 399 2314 514 2367; x_wconf 73' lang='grc' dir='ltr'><strong>ἐστι</strong></span> <span class='ocrx_word' id='word_1_280' title='bbox 539 2314 606 2367; x_wconf 85' lang='grc' dir='ltr'><strong>δι’</strong></span> <span class='ocrx_word' id='word_1_281' title='bbox 639 2313 841 2384; x_wconf 82' lang='grc' dir='ltr'><strong>ἑαυτὴν</strong></span> <span class='ocrx_word' id='word_1_282' title='bbox 874 2315 1088 2386; x_wconf 80' lang='grc' dir='ltr'><strong>θεότης,</strong></span> <span class='ocrx_word' id='word_1_283' title='bbox 1143 2316 1263 2369; x_wconf 72' lang='grc' dir='ltr'><strong>οὐδὲ</strong></span> <span class='ocrx_word' id='word_1_284' title='bbox 1301 2315 1441 2388; x_wconf 81' lang='grc' dir='ltr'><strong>ζωὴ,</strong></span> <span class='ocrx_word' id='word_1_285' title='bbox 1476 2318 1600 2372; x_wconf 80' lang='grc' dir='ltr'><strong>οὐδὲ</strong></span> <span class='ocrx_word' id='word_1_286' title='bbox 1657 2320 1848 2388; x_wconf 81' lang='grc' dir='ltr'><strong>σοφία,</strong></span> 
     </span>
    </p>
   </div>
   <div class='ocr_carea' id='block_1_38' title="bbox 270 2405 1849 2482">
    <p class='ocr_par' dir='ltr' id='par_1_38' title="bbox 270 2405 1849 2482">
     <span class='ocr_line' id='line_1_38' title="bbox 270 2405 1849 2482; baseline 0.004 -23"><span class='ocrx_word' id='word_1_287' title='bbox 270 2406 388 2464; x_wconf 68' lang='grc' dir='ltr'><strong>οὑδλ</strong></span> <span class='ocrx_word' id='word_1_288' title='bbox 404 2405 629 2476; x_wconf 77' lang='grc' dir='ltr'><strong>δύναμις</strong></span> <span class='ocrx_word' id='word_1_289' title='bbox 649 2425 663 2438; x_wconf 92' lang='grc'><strong>·</strong></span> <span class='ocrx_word' id='word_1_290' title='bbox 689 2408 782 2460; x_wconf 77' lang='grc' dir='ltr'><strong>καὶ</strong></span> <span class='ocrx_word' id='word_1_291' title='bbox 810 2409 843 2476; x_wconf 67' lang='grc' dir='ltr'>ἡ</span> <span class='ocrx_word' id='word_1_292' title='bbox 874 2407 974 2478; x_wconf 78' lang='grc' dir='ltr'><strong>μὲν</strong></span> <span class='ocrx_word' id='word_1_293' title='bbox 1007 2407 1158 2462; x_wconf 80' lang='grc' dir='ltr'><strong>ἔστιν</strong></span> <span class='ocrx_word' id='word_1_294' title='bbox 1183 2411 1215 2478; x_wconf 83' lang='grc' dir='ltr'>ἡ</span> <span class='ocrx_word' id='word_1_295' title='bbox 1237 2407 1465 2462; x_wconf 82' lang='grc' dir='ltr'><strong>πάντων</strong></span> <span class='ocrx_word' id='word_1_296' title='bbox 1490 2409 1849 2482; x_wconf 83' lang='grc' dir='ltr'><strong>κληρονομία,</strong></span> 
     </span>
    </p>
   </div>
   <div class='ocr_carea' id='block_1_39' title="bbox 272 2496 1851 2574">
    <p class='ocr_par' dir='ltr' id='par_1_39' title="bbox 272 2496 1851 2574">
     <span class='ocr_line' id='line_1_39' title="bbox 272 2496 1851 2574; baseline 0.006 -28"><span class='ocrx_word' id='word_1_297' title='bbox 272 2497 375 2574; x_wconf 61' lang='grc' dir='ltr'><strong>καὶ</strong></span> <span class='ocrx_word' id='word_1_298' title='bbox 429 2497 492 2548; x_wconf 76' lang='grc' dir='ltr'><strong>τδ</strong></span> <span class='ocrx_word' id='word_1_299' title='bbox 526 2496 670 2559; x_wconf 74' lang='grc' dir='ltr'><strong>τέλος</strong></span> <span class='ocrx_word' id='word_1_300' title='bbox 725 2496 838 2556; x_wconf 82' lang='grc' dir='ltr'><strong>τῶν</strong></span> <span class='ocrx_word' id='word_1_301' title='bbox 893 2498 1106 2566; x_wconf 76' lang='grc' dir='ltr'><strong>ἐφετῶν</strong></span> <span class='ocrx_word' id='word_1_302' title='bbox 1128 2514 1142 2527; x_wconf 88' lang='grc'>·</span> <span class='ocrx_word' id='word_1_303' title='bbox 1177 2501 1210 2571; x_wconf 80' lang='grc' dir='ltr'><strong>ἡ</strong></span> <span class='ocrx_word' id='word_1_304' title='bbox 1246 2498 1292 2552; x_wconf 84' lang='grc' dir='ltr'><strong>δ’</strong></span> <span class='ocrx_word' id='word_1_305' title='bbox 1324 2498 1450 2553; x_wconf 74' lang='grc' dir='ltr'><strong>οὔτε</strong></span> <span class='ocrx_word' id='word_1_306' title='bbox 1511 2501 1851 2573; x_wconf 79' lang='grc' dir='ltr'><strong>κληρονομία</strong></span> 
     </span>
    </p>
   </div>
   <div class='ocr_carea' id='block_1_40' title="bbox 285 2589 1850 2668">
    <p class='ocr_par' dir='ltr' id='par_1_40' title="bbox 285 2589 1850 2668">
     <span class='ocr_line' id='line_1_40' title="bbox 285 2589 1850 2668; baseline 0.006 -29"><span class='ocrx_word' id='word_1_307' title='bbox 285 2589 436 2639; x_wconf 69' lang='grc' dir='ltr'><strong>ἐστὶν</strong></span> <span class='ocrx_word' id='word_1_308' title='bbox 463 2589 776 2655; x_wconf 82' lang='grc' dir='ltr'><strong>οὑτινοσοῦν,</strong></span> <span class='ocrx_word' id='word_1_309' title='bbox 811 2589 935 2644; x_wconf 77' lang='grc' dir='ltr'><strong>οὔτε</strong></span> <span class='ocrx_word' id='word_1_310' title='bbox 963 2592 1378 2664; x_wconf 77' lang='grc' dir='ltr'><strong>μακαριότητος</strong></span> <span class='ocrx_word' id='word_1_311' title='bbox 1407 2593 1583 2657; x_wconf 83' lang='grc' dir='ltr'><strong>τέλος.</strong></span> <span class='ocrx_word' id='word_1_312' title='bbox 1609 2589 1758 2668; x_wconf 71' lang='grc' dir='ltr'><strong>τΑρα</strong></span> <span class='ocrx_word' id='word_1_313' title='bbox 1782 2595 1850 2649; x_wconf 79' lang='grc' dir='ltr'><strong>τὰ</strong></span> 
     </span>
    </p>
   </div>
   <div class='ocr_carea' id='block_1_41' title="bbox 281 2679 1848 2758">
    <p class='ocr_par' dir='ltr' id='par_1_41' title="bbox 281 2679 1848 2758">
     <span class='ocr_line' id='line_1_41' title="bbox 281 2679 1848 2758; baseline 0.005 -25"><span class='ocrx_word' id='word_1_314' title='bbox 281 2679 374 2733; x_wconf 64' lang='grc' dir='ltr'><strong>ἐπὶ</strong></span> <span class='ocrx_word' id='word_1_315' title='bbox 402 2680 636 2735; x_wconf 72' lang='grc' dir='ltr'><strong>τοσοῦτον</strong></span> <span class='ocrx_word' id='word_1_316' title='bbox 661 2683 989 2753; x_wconf 81' lang='grc' dir='ltr'><strong>διαφέροντα</strong></span> <span class='ocrx_word' id='word_1_317' title='bbox 1022 2685 1247 2738; x_wconf 78' lang='grc' dir='ltr'><strong>δυνατὸν</strong></span> <span class='ocrx_word' id='word_1_318' title='bbox 1286 2686 1364 2748; x_wconf 83' lang='grc' dir='ltr'><strong>είς</strong></span> <span class='ocrx_word' id='word_1_319' title='bbox 1391 2685 1449 2739; x_wconf 78' lang='grc' dir='ltr'><strong>ἓν</strong></span> <span class='ocrx_word' id='word_1_320' title='bbox 1480 2688 1714 2756; x_wconf 77' lang='grc' dir='ltr'><strong>πρᾶγμα</strong></span> <span class='ocrx_word' id='word_1_321' title='bbox 1747 2705 1848 2758; x_wconf 77' lang='grc' dir='ltr'><strong>μοι·</strong></span> 
     </span>
    </p>
   </div>
   <div class='ocr_carea' id='block_1_42' title="bbox 274 2772 1850 2845">
    <p class='ocr_par' dir='ltr' id='par_1_42' title="bbox 274 2772 1850 2845">
     <span class='ocr_line' id='line_1_42' title="bbox 274 2772 1850 2845; baseline 0.006 -22"><span class='ocrx_word' id='word_1_322' title='bbox 274 2772 469 2836; x_wconf 76' lang='grc' dir='ltr'><strong>νοεεδὲς</strong></span> <span class='ocrx_word' id='word_1_323' title='bbox 508 2775 600 2828; x_wconf 76' lang='grc' dir='ltr'><strong>καὶ</strong></span> <span class='ocrx_word' id='word_1_324' title='bbox 631 2775 1004 2830; x_wconf 80' lang='grc' dir='ltr'><strong>ἁπλούστατον</strong></span> <span class='ocrx_word' id='word_1_325' title='bbox 1032 2777 1128 2831; x_wconf 70' lang='grc' dir='ltr'><strong>καὶ</strong></span> <span class='ocrx_word' id='word_1_326' title='bbox 1159 2779 1523 2845; x_wconf 83' lang='grc' dir='ltr'><strong>τελειότατον,</strong></span> <span class='ocrx_word' id='word_1_327' title='bbox 1557 2775 1672 2844; x_wconf 78' lang='grc' dir='ltr'><strong>οἷός</strong></span> <span class='ocrx_word' id='word_1_328' title='bbox 1694 2782 1789 2833; x_wconf 82' lang='grc' dir='ltr'><strong>ἐστ</strong></span> <span class='ocrx_word' id='word_1_329' title='bbox 1801 2799 1850 2834; x_wconf 86' lang='grc' dir='ltr'><strong>ιν</strong></span> 
     </span>
    </p>
   </div>
   <div class='ocr_carea' id='block_1_43' title="bbox 264 2864 1850 2942">
    <p class='ocr_par' dir='ltr' id='par_1_43' title="bbox 264 2864 1850 2942">
     <span class='ocr_line' id='line_1_43' title="bbox 264 2864 1850 2942; baseline 0.004 -22"><span class='ocrx_word' id='word_1_330' title='bbox 264 2866 293 2920; x_wconf 77' lang='grc' dir='ltr'><em>ὁ</em></span> <span class='ocrx_word' id='word_1_331' title='bbox 315 2864 470 2930; x_wconf 78' lang='grc' dir='ltr'><strong>Θεὸς,</strong></span> <span class='ocrx_word' id='word_1_332' title='bbox 503 2865 596 2920; x_wconf 76' lang='grc' dir='ltr'><strong>καὶ</strong></span> <span class='ocrx_word' id='word_1_333' title='bbox 619 2867 748 2937; x_wconf 89' lang='grc' dir='ltr'><strong>μίαν</strong></span> <span class='ocrx_word' id='word_1_334' title='bbox 775 2867 1018 2939; x_wconf 86' lang='grc' dir='ltr'><strong>Θεότητα</strong></span> <span class='ocrx_word' id='word_1_335' title='bbox 1051 2869 1367 2938; x_wconf 74' lang='grc' dir='ltr'><strong>συνελθεῖνς</strong></span> <span class='ocrx_word' id='word_1_336' title='bbox 1397 2871 1601 2942; x_wconf 76' lang='grc' dir='ltr'><strong>μᾶλλον</strong></span> <span class='ocrx_word' id='word_1_337' title='bbox 1632 2873 1690 2925; x_wconf 80' lang='grc' dir='ltr'><strong>δὲ</strong></span> <span class='ocrx_word' id='word_1_338' title='bbox 1717 2875 1850 2941; x_wconf 90' lang='grc' dir='ltr'><strong>μίαν</strong></span> 
     </span>
    </p>
   </div>
   <div class='ocr_carea' id='block_1_44' title="bbox 265 2953 1844 3036">
    <p class='ocr_par' dir='ltr' id='par_1_44' title="bbox 265 2953 1844 3036">
     <span class='ocr_line' id='line_1_44' title="bbox 265 2953 1844 3036; baseline 0.004 -26"><span class='ocrx_word' id='word_1_339' title='bbox 265 2953 404 3036; x_wconf 58' lang='grc' dir='ltr'><strong>εἶναι</strong></span> <span class='ocrx_word' id='word_1_340' title='bbox 429 2959 688 3030; x_wconf 83' lang='grc' dir='ltr'><strong>Θεότητα,</strong></span> <span class='ocrx_word' id='word_1_341' title='bbox 717 2961 812 3034; x_wconf 74' lang='grc' dir='ltr'><strong>τὸν</strong></span> <span class='ocrx_word' id='word_1_342' title='bbox 841 2963 1064 3033; x_wconf 77' lang='grc' dir='ltr'><strong>Πατέρα</strong></span> <span class='ocrx_word' id='word_1_343' title='bbox 1097 2967 1194 3019; x_wconf 74' lang='grc' dir='ltr'><strong>καὶ</strong></span> <span class='ocrx_word' id='word_1_344' title='bbox 1231 2963 1359 3016; x_wconf 76' lang='grc' dir='ltr'><strong>Υίδν</strong></span> <span class='ocrx_word' id='word_1_345' title='bbox 1397 2965 1492 3017; x_wconf 74' lang='grc' dir='ltr'><strong>καὶ</strong></span> <span class='ocrx_word' id='word_1_346' title='bbox 1520 2965 1747 3033; x_wconf 78' lang='grc' dir='ltr'><strong>Πνεῦμα</strong></span> <span class='ocrx_word' id='word_1_347' title='bbox 1779 2965 1844 3017; x_wconf 79' lang='grc' dir='ltr'><strong>τὸ</strong></span> 
     </span>
    </p>
   </div>
   <div class='ocr_carea' id='block_1_45' title="bbox 265 3052 1846 3127">
    <p class='ocr_par' dir='ltr' id='par_1_45' title="bbox 265 3052 1846 3127">
     <span class='ocr_line' id='line_1_45' title="bbox 265 3052 1846 3127; baseline 0.001 -19"><span class='ocrx_word' id='word_1_348' title='bbox 265 3052 440 3119; x_wconf 70' lang='grc' dir='ltr'><strong>ἅγιον,</strong></span> <span class='ocrx_word' id='word_1_349' title='bbox 466 3052 540 3116; x_wconf 85' lang='grc' dir='ltr'><strong>ὼς</strong></span> <span class='ocrx_word' id='word_1_350' title='bbox 574 3055 730 3108; x_wconf 80' lang='grc' dir='ltr'><strong>αὐτοὶ</strong></span> <span class='ocrx_word' id='word_1_351' title='bbox 752 3056 1187 3125; x_wconf 83' lang='grc' dir='ltr'><strong>ὲτερατεὺσαντο</strong></span> <span class='ocrx_word' id='word_1_352' title='bbox 1238 3058 1289 3111; x_wconf 69' lang='grc' dir='ltr'><strong>οἱ</strong></span> <span class='ocrx_word' id='word_1_353' title='bbox 1321 3058 1633 3127; x_wconf 73' lang='grc' dir='ltr'><strong>θαυμαστοὶ</strong></span> <span class='ocrx_word' id='word_1_354' title='bbox 1664 3057 1846 3111; x_wconf 85' lang='grc' dir='ltr'><strong>θεολό-</strong></span> 
     </span>
    </p>
   </div>
   <div class='ocr_carea' id='block_1_46' title="bbox 262 3129 1845 3219">
    <p class='ocr_par' dir='ltr' id='par_1_46' title="bbox 262 3129 1845 3219">
     <span class='ocr_line' id='line_1_46' title="bbox 262 3129 1845 3219; baseline 0.004 -23"><span class='ocrx_word' id='word_1_355' title='bbox 262 3129 370 3211; x_wconf 71' lang='grc' dir='ltr'><strong>γοι,</strong></span> <span class='ocrx_word' id='word_1_356' title='bbox 405 3145 652 3212; x_wconf 82' lang='grc' dir='ltr'><strong>λέγοντες</strong></span> <span class='ocrx_word' id='word_1_357' title='bbox 685 3147 760 3208; x_wconf 85' lang='grc' dir='ltr'><strong>ὡς</strong></span> <span class='ocrx_word' id='word_1_358' title='bbox 789 3146 1210 3216; x_wconf 78' lang='grc' dir='ltr'><strong>προεκτέθειται</strong></span> <span class='ocrx_word' id='word_1_359' title='bbox 1245 3149 1306 3200; x_wconf 80' lang='grc' dir='ltr'><strong>ἐν</strong></span> <span class='ocrx_word' id='word_1_360' title='bbox 1344 3151 1456 3210; x_wconf 80' lang='grc' dir='ltr'><strong>τοῖς</strong></span> <span class='ocrx_word' id='word_1_361' title='bbox 1507 3147 1845 3219; x_wconf 84' lang='grc' dir='ltr'><strong>ἁναθεματι-</strong></span> 
     </span>
    </p>
   </div>
   <div class='ocr_carea' id='block_1_47' title="bbox 264 3217 1917 3310">
    <p class='ocr_par' dir='ltr' id='par_1_47' title="bbox 264 3217 1917 3310">
     <span class='ocr_line' id='line_1_47' title="bbox 264 3217 1917 3310; baseline 0.004 -21"><span class='ocrx_word' id='word_1_362' title='bbox 264 3239 419 3306; x_wconf 80' lang='grc' dir='ltr'><strong>σμοῖς</strong></span> <span class='ocrx_word' id='word_1_363' title='bbox 444 3238 645 3303; x_wconf 87' lang='grc' dir='ltr'><strong>αὑτῶν,</strong></span> <span class='ocrx_word' id='word_1_364' title='bbox 684 3239 816 3293; x_wconf 85' lang='grc' dir='ltr'><strong>Ὀτι</strong></span> <span class='ocrx_word' id='word_1_365' title='bbox 847 3239 970 3305; x_wconf 81' lang='grc' dir='ltr'><strong>τοῖς</strong></span> <span class='ocrx_word' id='word_1_366' title='bbox 1028 3239 1326 3309; x_wconf 73' lang='grc' dir='ltr'><strong>φρονοῦσι</strong></span> <span class='ocrx_word' id='word_1_367' title='bbox 1391 3241 1493 3294; x_wconf 79' lang='grc' dir='ltr'><strong>καὶ</strong></span> <span class='ocrx_word' id='word_1_368' title='bbox 1550 3217 1850 3310; x_wconf 66' lang='grc' dir='ltr'><strong>λέγουσιν</strong></span> 
     </span>
    </p>
   </div>
   <div class='ocr_carea' id='block_1_48' title="bbox 262 3327 1847 3416">
    <p class='ocr_par' dir='ltr' id='par_1_48' title="bbox 262 3327 1847 3416">
     <span class='ocr_line' id='line_1_48' title="bbox 262 3327 1847 3416; baseline 0.003 -36"><span class='ocrx_word' id='word_1_369' title='bbox 262 3327 358 3382; x_wconf 77' lang='grc' dir='ltr'><strong>ἐπὶ</strong></span> <span class='ocrx_word' id='word_1_370' title='bbox 397 3327 510 3396; x_wconf 82' lang='grc' dir='ltr'><strong>τῆς</strong></span> <span class='ocrx_word' id='word_1_371' title='bbox 552 3329 714 3412; x_wconf 69' lang='grc' dir='ltr'><strong>θείας</strong></span> <span class='ocrx_word' id='word_1_372' title='bbox 773 3332 992 3397; x_wconf 84' lang='grc' dir='ltr'><strong>οὐσίας</strong></span> <span class='ocrx_word' id='word_1_373' title='bbox 1048 3333 1256 3402; x_wconf 27' lang='grc' dir='ltr'><strong>μόνης,</strong></span> <span class='ocrx_word' id='word_1_374' title='bbox 1285 3332 1352 3416; x_wconf 69' lang='grc' dir='ltr'><strong>τρ</strong></span> <span class='ocrx_word' id='word_1_375' title='bbox 1407 3331 1522 3400; x_wconf 80' lang='grc' dir='ltr'><strong>τῆς</strong></span> <span class='ocrx_word' id='word_1_376' title='bbox 1554 3333 1847 3400; x_wconf 84' lang='grc' dir='ltr'><strong>Θεότητος</strong></span> 
     </span>
    </p>
   </div>
   <div class='ocr_carea' id='block_1_49' title="bbox 261 3408 1846 3494">
    <p class='ocr_par' dir='ltr' id='par_1_49' title="bbox 261 3408 1846 3494">
     <span class='ocr_line' id='line_1_49' title="bbox 261 3408 1846 3494; baseline 0.003 -22"><span class='ocrx_word' id='word_1_377' title='bbox 261 3420 450 3490; x_wconf 78' lang='grc' dir='ltr'><strong>ὄνομα</strong></span> <span class='ocrx_word' id='word_1_378' title='bbox 482 3408 790 3489; x_wconf 77' lang='grc' dir='ltr'><strong>λέγεσθαι,</strong></span> <span class='ocrx_word' id='word_1_379' title='bbox 821 3421 908 3492; x_wconf 81' lang='grc' dir='ltr'><strong>μὴ</strong></span> <span class='ocrx_word' id='word_1_380' title='bbox 943 3408 1435 3494; x_wconf 61' lang='grc' dir='ltr'><strong>όμολογοῦσῖὃὲ,</strong></span> <span class='ocrx_word' id='word_1_381' title='bbox 1461 3423 1616 3477; x_wconf 84' lang='grc' dir='ltr'><strong>κατὰ</strong></span> <span class='ocrx_word' id='word_1_382' title='bbox 1645 3423 1713 3476; x_wconf 83' lang='grc' dir='ltr'><strong>τὸ</strong></span> <span class='ocrx_word' id='word_1_383' title='bbox 1736 3422 1846 3490; x_wconf 83' lang='grc' dir='ltr'><strong>τῆς</strong></span> 
     </span>
    </p>
   </div>
   <div class='ocr_carea' id='block_1_50' title="bbox 272 3513 1848 3587">
    <p class='ocr_par' dir='ltr' id='par_1_50' title="bbox 272 3513 1848 3587">
     <span class='ocr_line' id='line_1_50' title="bbox 272 3513 1848 3587; baseline 0.003 -22"><span class='ocrx_word' id='word_1_384' title='bbox 272 3513 638 3581; x_wconf 71' lang='grc' dir='ltr'><strong>Ἐκκλησίας</strong></span> <span class='ocrx_word' id='word_1_385' title='bbox 667 3517 918 3582; x_wconf 79' lang='grc' dir='ltr'><strong>εὐσεϐὲς</strong></span> <span class='ocrx_word' id='word_1_386' title='bbox 947 3519 1250 3587; x_wconf 66' lang='grc' dir='ltr'><strong>φρόνημα.</strong></span> <span class='ocrx_word' id='word_1_387' title='bbox 1290 3517 1390 3571; x_wconf 78' lang='grc' dir='ltr'><strong>καὶ</strong></span> <span class='ocrx_word' id='word_1_388' title='bbox 1413 3516 1516 3570; x_wconf 77' lang='grc' dir='ltr'><strong>ἐπὶ</strong></span> <span class='ocrx_word' id='word_1_389' title='bbox 1539 3519 1650 3586; x_wconf 86' lang='grc' dir='ltr'><strong>τῆς</strong></span> <span class='ocrx_word' id='word_1_390' title='bbox 1683 3517 1848 3582; x_wconf 80' lang='grc' dir='ltr'><strong>θείας</strong></span> 
     </span>
    </p>
   </div>
   <div class='ocr_carea' id='block_1_51' title="bbox 258 3603 1848 3680">
    <p class='ocr_par' dir='ltr' id='par_1_51' title="bbox 258 3603 1848 3680">
     <span class='ocr_line' id='line_1_51' title="bbox 258 3603 1848 3680; baseline 0.003 -21"><span class='ocrx_word' id='word_1_391' title='bbox 258 3605 560 3674; x_wconf 66' lang='grc' dir='ltr'><strong>ἐνεργείας</strong></span> <span class='ocrx_word' id='word_1_392' title='bbox 614 3609 728 3677; x_wconf 78' lang='grc' dir='ltr'><strong>οὐχ</strong></span> <span class='ocrx_word' id='word_1_393' title='bbox 784 3603 968 3679; x_wconf 80' lang='grc' dir='ltr'><strong>ἦττον</strong></span> <span class='ocrx_word' id='word_1_394' title='bbox 999 3609 1147 3664; x_wconf 82' lang='grc' dir='ltr'><strong>αὐτὸ</strong></span> <span class='ocrx_word' id='word_1_395' title='bbox 1205 3609 1518 3680; x_wconf 70' lang='grc' dir='ltr'><strong>τίθεσθαι,</strong></span> <span class='ocrx_word' id='word_1_396' title='bbox 1565 3609 1664 3663; x_wconf 73' lang='grc' dir='ltr'><strong>καί</strong></span> <span class='ocrx_word' id='word_1_397' title='bbox 1695 3610 1848 3663; x_wconf 75' lang='grc' dir='ltr'><strong>οὕτω</strong></span> 
     </span>
    </p>
   </div>
   <div class='ocr_carea' id='block_1_52' title="bbox 259 3691 1846 3770">
    <p class='ocr_par' dir='ltr' id='par_1_52' title="bbox 259 3691 1846 3770">
     <span class='ocr_line' id='line_1_52' title="bbox 259 3691 1846 3770; baseline 0.003 -20"><span class='ocrx_word' id='word_1_398' title='bbox 259 3697 450 3751; x_wconf 69' lang='grc' dir='ltr'><strong>πάλιν</strong></span> <span class='ocrx_word' id='word_1_399' title='bbox 466 3699 613 3768; x_wconf 79' lang='grc' dir='ltr'><strong>μίαν</strong></span> <span class='ocrx_word' id='word_1_400' title='bbox 639 3691 896 3769; x_wconf 74' lang='grc' dir='ltr'><strong>Θεότήτα</strong></span> <span class='ocrx_word' id='word_1_401' title='bbox 929 3699 1084 3756; x_wconf 83' lang='grc' dir='ltr'><strong>πᾶσι</strong></span> <span class='ocrx_word' id='word_1_402' title='bbox 1117 3703 1365 3770; x_wconf 76' lang='grc' dir='ltr'><strong>τρόποις</strong></span> <span class='ocrx_word' id='word_1_403' title='bbox 1401 3703 1846 3769; x_wconf 76' lang='grc' dir='ltr'><strong>πρεσϐεύουσι,</strong></span> 
     </span>
    </p>
   </div>
   <div class='ocr_carea' id='block_1_53' title="bbox 254 3775 1846 3867">
    <p class='ocr_par' dir='ltr' id='par_1_53' title="bbox 254 3775 1846 3867">
     <span class='ocr_line' id='line_1_53' title="bbox 254 3775 1846 3867; baseline 0.004 -26"><span class='ocrx_word' id='word_1_404' title='bbox 254 3775 491 3856; x_wconf 72' lang='grc' dir='ltr'><strong>Πατρός</strong></span> <span class='ocrx_word' id='word_1_405' title='bbox 511 3792 610 3844; x_wconf 77' lang='grc' dir='ltr'><strong>καὶ</strong></span> <span class='ocrx_word' id='word_1_406' title='bbox 640 3791 776 3846; x_wconf 83' lang='grc' dir='ltr'><strong>Υίοῦ</strong></span> <span class='ocrx_word' id='word_1_407' title='bbox 798 3793 894 3845; x_wconf 79' lang='grc' dir='ltr'><strong>καὶ</strong></span> <span class='ocrx_word' id='word_1_408' title='bbox 920 3792 1097 3861; x_wconf 77' lang='grc' dir='ltr'><strong>ἁγίου</strong></span> <span class='ocrx_word' id='word_1_409' title='bbox 1128 3789 1510 3867; x_wconf 80' lang='grc' dir='ltr'><strong>Πνεύματος,</strong></span> <span class='ocrx_word' id='word_1_410' title='bbox 1549 3793 1846 3866; x_wconf 75' lang='grc' dir='ltr'><strong>ἀνάθεμα,</strong></span> 
     </span>
    </p>
   </div>
   <div class='ocr_carea' id='block_1_54' title="bbox 253 3881 1849 3958">
    <p class='ocr_par' dir='ltr' id='par_1_54' title="bbox 253 3881 1849 3958">
     <span class='ocr_line' id='line_1_54' title="bbox 253 3881 1849 3958; baseline 0.002 -23"><span class='ocrx_word' id='word_1_411' title='bbox 253 3881 334 3956; x_wconf 78' lang='grc' dir='ltr'><strong>ὡς</strong></span> <span class='ocrx_word' id='word_1_412' title='bbox 364 3883 519 3935; x_wconf 71' lang='grc' dir='ltr'><strong>αὐτοί</strong></span> <span class='ocrx_word' id='word_1_413' title='bbox 542 3899 725 3951; x_wconf 82' lang='grc' dir='ltr'><strong>φασιν.</strong></span> <span class='ocrx_word' id='word_1_414' title='bbox 754 3881 908 3958; x_wconf 69' lang='grc' dir='ltr'><strong>Ἀρά.</strong></span> <span class='ocrx_word' id='word_1_415' title='bbox 941 3885 1062 3937; x_wconf 74' lang='grc' dir='ltr'><strong>ἐστι</strong></span> <span class='ocrx_word' id='word_1_416' title='bbox 1091 3884 1320 3958; x_wconf 78' lang='grc' dir='ltr'><strong>δυνατόν</strong></span> <span class='ocrx_word' id='word_1_417' title='bbox 1343 3901 1358 3948; x_wconf 71' lang='grc' dir='ltr'><strong>ς</strong></span> <span class='ocrx_word' id='word_1_418' title='bbox 1385 3883 1420 3952; x_wconf 80' lang='grc' dir='ltr'><strong>ἢ</strong></span> <span class='ocrx_word' id='word_1_419' title='bbox 1456 3883 1615 3938; x_wconf 78' lang='grc' dir='ltr'><strong>τοῦτο</strong></span> <span class='ocrx_word' id='word_1_420' title='bbox 1645 3885 1849 3938; x_wconf 72' lang='grc' dir='ltr'><strong>ἀδύνα-</strong></span> 
     </span>
    </p>
   </div>
   <div class='ocr_carea' id='block_1_55' title="bbox 251 3956 1842 4047">
    <p class='ocr_par' dir='ltr' id='par_1_55' title="bbox 251 3956 1842 4047">
     <span class='ocr_line' id='line_1_55' title="bbox 251 3956 1842 4047; baseline 0.001 -20"><span class='ocrx_word' id='word_1_421' title='bbox 251 3964 371 4038; x_wconf 70' lang='grc' dir='ltr'><strong>τον,</strong></span> <span class='ocrx_word' id='word_1_422' title='bbox 397 3973 585 4045; x_wconf 82' lang='grc' dir='ltr'><strong>ὥσπερ</strong></span> <span class='ocrx_word' id='word_1_423' title='bbox 617 3956 876 4029; x_wconf 81' lang='grc' dir='ltr'><strong>ἀδύνατον</strong></span> <span class='ocrx_word' id='word_1_424' title='bbox 909 3976 971 4030; x_wconf 85' lang='grc' dir='ltr'><strong>τὸ</strong></span> <span class='ocrx_word' id='word_1_425' title='bbox 1006 3976 1069 4029; x_wconf 78' lang='grc' dir='ltr'><strong>ὃν</strong></span> <span class='ocrx_word' id='word_1_426' title='bbox 1100 3956 1198 4029; x_wconf 58' lang='grc' dir='ltr'><strong>καὶ</strong></span> <span class='ocrx_word' id='word_1_427' title='bbox 1256 3977 1333 4047; x_wconf 76' lang='grc' dir='ltr'><strong>μὴ</strong></span> <span class='ocrx_word' id='word_1_428' title='bbox 1367 3975 1451 4040; x_wconf 82' lang='grc' dir='ltr'><strong>ὃν,</strong></span> <span class='ocrx_word' id='word_1_429' title='bbox 1488 3977 1586 4028; x_wconf 78' lang='grc' dir='ltr'><strong>καὶ</strong></span> <span class='ocrx_word' id='word_1_430' title='bbox 1646 3975 1708 4028; x_wconf 85' lang='grc' dir='ltr'><strong>τὸ</strong></span> <span class='ocrx_word' id='word_1_431' title='bbox 1735 3976 1842 4044; x_wconf 80' lang='grc' dir='ltr'><strong>ὑφ-</strong></span> 
     </span>
    </p>
   </div>
   <div class='ocr_carea' id='block_1_56' title="bbox 253 4063 1842 4138">
    <p class='ocr_par' dir='ltr' id='par_1_56' title="bbox 253 4063 1842 4138">
     <span class='ocr_line' id='line_1_56' title="bbox 253 4063 1842 4138; baseline 0 -18"><span class='ocrx_word' id='word_1_432' title='bbox 253 4063 434 4128; x_wconf 80' lang='grc' dir='ltr'><strong>εστὼς</strong></span> <span class='ocrx_word' id='word_1_433' title='bbox 468 4067 559 4119; x_wconf 85' lang='grc' dir='ltr'><strong>καὶ</strong></span> <span class='ocrx_word' id='word_1_434' title='bbox 593 4067 666 4137; x_wconf 81' lang='grc' dir='ltr'><strong>μὴ</strong></span> <span class='ocrx_word' id='word_1_435' title='bbox 695 4067 968 4136; x_wconf 79' lang='grc' dir='ltr'><strong>ὑφεστὼς,</strong></span> <span class='ocrx_word' id='word_1_436' title='bbox 1003 4069 1100 4122; x_wconf 72' lang='grc' dir='ltr'><strong>καὶ</strong></span> <span class='ocrx_word' id='word_1_437' title='bbox 1123 4067 1186 4120; x_wconf 78' lang='grc' dir='ltr'><strong>τὸ</strong></span> <span class='ocrx_word' id='word_1_438' title='bbox 1210 4067 1450 4137; x_wconf 78' lang='grc' dir='ltr'><strong>ἀόρατον</strong></span> <span class='ocrx_word' id='word_1_439' title='bbox 1489 4068 1588 4121; x_wconf 80' lang='grc' dir='ltr'><strong>καὶ</strong></span> <span class='ocrx_word' id='word_1_440' title='bbox 1622 4068 1842 4138; x_wconf 80' lang='grc' dir='ltr'><strong>ὁρατόνο</strong></span> 
     </span>
    </p>
   </div>
   <div class='ocr_carea' id='block_1_57' title="bbox 253 4142 1848 4228">
    <p class='ocr_par' dir='ltr' id='par_1_57' title="bbox 253 4142 1848 4228">
     <span class='ocr_line' id='line_1_57' title="bbox 253 4142 1848 4228; baseline 0.001 -19"><span class='ocrx_word' id='word_1_441' title='bbox 253 4151 354 4210; x_wconf 71' lang='grc' dir='ltr'><strong>καὶ</strong></span> <span class='ocrx_word' id='word_1_442' title='bbox 401 4160 464 4209; x_wconf 84' lang='grc' dir='ltr'><strong>τὸ</strong></span> <span class='ocrx_word' id='word_1_443' title='bbox 515 4157 804 4225; x_wconf 76' lang='grc' dir='ltr'><strong>ἀπειράκις</strong></span> <span class='ocrx_word' id='word_1_444' title='bbox 861 4157 1108 4228; x_wconf 81' lang='grc' dir='ltr'><strong>ἀπείρως</strong></span> <span class='ocrx_word' id='word_1_445' title='bbox 1157 4156 1584 4226; x_wconf 82' lang='grc' dir='ltr'><strong>ὑπερκείμενον,</strong></span> <span class='ocrx_word' id='word_1_446' title='bbox 1639 4159 1734 4210; x_wconf 78' lang='grc' dir='ltr'><strong>καὶ</strong></span> <span class='ocrx_word' id='word_1_447' title='bbox 1783 4142 1848 4211; x_wconf 75' lang='grc' dir='ltr'><strong>τὸ</strong></span> 
     </span>
    </p>
   </div>
   <div class='ocr_carea' id='block_1_58' title="bbox 252 4240 1844 4320">
    <p class='ocr_par' dir='ltr' id='par_1_58' title="bbox 252 4240 1844 4320">
     <span class='ocr_line' id='line_1_58' title="bbox 252 4240 1844 4320; baseline 0.001 -18"><span class='ocrx_word' id='word_1_448' title='bbox 252 4249 584 4314; x_wconf 74' lang='grc' dir='ltr'><strong>τοσαυτάκις</strong></span> <span class='ocrx_word' id='word_1_449' title='bbox 605 4240 706 4303; x_wconf 60' lang='grc' dir='ltr'><strong>και</strong></span> <span class='ocrx_word' id='word_1_450' title='bbox 723 4249 896 4312; x_wconf 70' lang='grc' dir='ltr'><strong>οὕτως</strong></span> <span class='ocrx_word' id='word_1_451' title='bbox 921 4250 1218 4320; x_wconf 80' lang='grc' dir='ltr'><strong>ὑφειμένον</strong></span> <span class='ocrx_word' id='word_1_452' title='bbox 1238 4265 1252 4281; x_wconf 78' lang='grc'><strong><em>⁸</em></strong></span> <span class='ocrx_word' id='word_1_453' title='bbox 1276 4245 1373 4303; x_wconf 71' lang='grc' dir='ltr'><strong>καὶ</strong></span> <span class='ocrx_word' id='word_1_454' title='bbox 1400 4248 1580 4302; x_wconf 84' lang='grc' dir='ltr'><strong>πάντα</strong></span> <span class='ocrx_word' id='word_1_455' title='bbox 1610 4248 1678 4320; x_wconf 81' lang='grc' dir='ltr'><strong>δὴ</strong></span> <span class='ocrx_word' id='word_1_456' title='bbox 1699 4249 1844 4317; x_wconf 84' lang='grc' dir='ltr'><strong>λέγω</strong></span> 
     </span>
    </p>
   </div>
   <div class='ocr_carea' id='block_1_59' title="bbox 253 4332 1849 4413">
    <p class='ocr_par' dir='ltr' id='par_1_59' title="bbox 253 4332 1849 4413">
     <span class='ocr_line' id='line_1_59' title="bbox 253 4332 1849 4413; baseline 0 -17"><span class='ocrx_word' id='word_1_457' title='bbox 253 4332 398 4397; x_wconf 66' lang='grc' dir='ltr'><strong>τάπὶ</strong></span> <span class='ocrx_word' id='word_1_458' title='bbox 441 4343 648 4407; x_wconf 75' lang='grc' dir='ltr'><strong>τούτοις</strong></span> <span class='ocrx_word' id='word_1_459' title='bbox 677 4343 786 4396; x_wconf 88' lang='grc' dir='ltr'><strong>τῶν</strong></span> <span class='ocrx_word' id='word_1_460' title='bbox 817 4341 1332 4413; x_wconf 82' lang='grc' dir='ltr'><strong>προηριθμημὲνων</strong></span> <span class='ocrx_word' id='word_1_461' title='bbox 1367 4343 1612 4412; x_wconf 88' lang='grc' dir='ltr'><strong>τρόπων.</strong></span> <span class='ocrx_word' id='word_1_462' title='bbox 1677 4336 1849 4398; x_wconf 82' lang='grc' dir='ltr'><strong>Τοῦτο</strong></span> 
     </span>
    </p>
   </div>
   <div class='ocr_carea' id='block_1_60' title="bbox 259 4433 1848 4505">
    <p class='ocr_par' dir='ltr' id='par_1_60' title="bbox 259 4433 1848 4505">
     <span class='ocr_line' id='line_1_60' title="bbox 259 4433 1848 4505; baseline 0.001 -18"><span class='ocrx_word' id='word_1_463' title='bbox 259 4435 370 4505; x_wconf 79' lang='grc' dir='ltr'><strong>μὲν</strong></span> <span class='ocrx_word' id='word_1_464' title='bbox 391 4438 499 4500; x_wconf 79' lang='grc' dir='ltr'><strong>τοῖς</strong></span> <span class='ocrx_word' id='word_1_465' title='bbox 522 4435 778 4489; x_wconf 82' lang='grc' dir='ltr'><strong>ὁπωσοῦν</strong></span> <span class='ocrx_word' id='word_1_466' title='bbox 811 4435 1131 4504; x_wconf 75' lang='grc' dir='ltr'><strong>λογίζεσθαι</strong></span> <span class='ocrx_word' id='word_1_467' title='bbox 1163 4434 1486 4504; x_wconf 83' lang='grc' dir='ltr'><strong>δυναμένοις</strong></span> <span class='ocrx_word' id='word_1_468' title='bbox 1516 4436 1564 4488; x_wconf 83' lang='grc' dir='ltr'><strong>εἰ</strong></span> <span class='ocrx_word' id='word_1_469' title='bbox 1617 4433 1848 4488; x_wconf 80' lang='grc' dir='ltr'><strong>δυνατὸν</strong></span> 
     </span>
    </p>
   </div>
   <div class='ocr_carea' id='block_1_61' title="bbox 249 4513 1062 4581">
    <p class='ocr_par' dir='ltr' id='par_1_61' title="bbox 249 4513 1062 4581">
     <span class='ocr_line' id='line_1_61' title="bbox 249 4513 1062 4581; baseline 0.002 -2"><span class='ocrx_word' id='word_1_470' title='bbox 249 4523 406 4580; x_wconf 61' lang='grc' dir='ltr'><strong>εἶναι</strong></span> <span class='ocrx_word' id='word_1_471' title='bbox 441 4513 851 4581; x_wconf 81' lang='grc' dir='ltr'><strong>καταλείπεται.</strong></span> <span class='ocrx_word' id='word_1_472' title='bbox 1056 4515 1062 4522; x_wconf 53' lang='grc'><em>’</em></span> 
     </span>
    </p>
   </div>
   <div class='ocr_carea' id='block_1_62' title="bbox 1953 1943 3544 2018">
    <p class='ocr_par' dir='ltr' id='par_1_62' title="bbox 1953 1943 3544 2018">
     <span class='ocr_line' id='line_1_62' title="bbox 1953 1943 3544 2018; baseline 0.005 -22"><span class='ocrx_word' id='word_1_473' title='bbox 1953 1952 2006 1996; x_wconf 87' lang='grc' dir='ltr'><strong>ει</strong></span> <span class='ocrx_word' id='word_1_474' title='bbox 2035 1943 2342 1999; x_wconf 79' lang='lat' dir='ltr'><strong>sanctiﬁcat</strong></span> <span class='ocrx_word' id='word_1_475' title='bbox 2365 1953 2421 2000; x_wconf 89' lang='lat' dir='ltr'><strong>et</strong></span> <span class='ocrx_word' id='word_1_476' title='bbox 2456 1945 2724 2001; x_wconf 88' lang='lat' dir='ltr'><strong>illuminat</strong></span> <span class='ocrx_word' id='word_1_477' title='bbox 2749 1959 2801 2002; x_wconf 86' lang='lat' dir='ltr'><strong>et</strong></span> <span class='ocrx_word' id='word_1_478' title='bbox 2839 1947 3059 2011; x_wconf 83' lang='lat' dir='ltr'><strong>insidet,</strong></span> <span class='ocrx_word' id='word_1_479' title='bbox 3099 1957 3155 2003; x_wconf 81' lang='lat' dir='ltr'><strong>et</strong></span> <span class='ocrx_word' id='word_1_480' title='bbox 3178 1964 3273 2004; x_wconf 88' lang='lat' dir='ltr'><strong>eos</strong></span> <span class='ocrx_word' id='word_1_481' title='bbox 3294 1949 3386 2018; x_wconf 85' lang='lat' dir='ltr'><strong>qui</strong></span> <span class='ocrx_word' id='word_1_482' title='bbox 3415 1959 3544 2004; x_wconf 90' lang='lat' dir='ltr'><strong>sunt</strong></span> 
     </span>
    </p>
   </div>
   <div class='ocr_carea' id='block_1_63' title="bbox 1953 2037 3541 2109">
    <p class='ocr_par' dir='ltr' id='par_1_63' title="bbox 1953 2037 3541 2109">
     <span class='ocr_line' id='line_1_63' title="bbox 1953 2037 3541 2109; baseline 0.005 -17"><span class='ocrx_word' id='word_1_483' title='bbox 1953 2037 2124 2109; x_wconf 76' lang='lat' dir='ltr'><strong>digni,</strong></span> <span class='ocrx_word' id='word_1_484' title='bbox 2155 2039 2372 2095; x_wconf 80' lang='lat' dir='ltr'><strong>deitieat</strong></span> <span class='ocrx_word' id='word_1_485' title='bbox 2398 2057 2413 2106; x_wconf 89' lang='lat'><strong>;</strong></span> <span class='ocrx_word' id='word_1_486' title='bbox 2451 2041 2690 2096; x_wconf 81' lang='lat' dir='ltr'><strong>essentia</strong></span> <span class='ocrx_word' id='word_1_487' title='bbox 2723 2057 2853 2097; x_wconf 85' lang='lat' dir='ltr'><strong>vero</strong></span> <span class='ocrx_word' id='word_1_488' title='bbox 2882 2060 2911 2097; x_wconf 86' lang='lat' dir='ltr'><strong>a</strong></span> <span class='ocrx_word' id='word_1_489' title='bbox 2942 2057 3004 2098; x_wconf 92' lang='lat' dir='ltr'><strong>se</strong></span> <span class='ocrx_word' id='word_1_490' title='bbox 3033 2059 3142 2098; x_wconf 91' lang='lat' dir='ltr'><strong>non</strong></span> <span class='ocrx_word' id='word_1_491' title='bbox 3171 2044 3447 2099; x_wconf 82' lang='lat' dir='ltr'><strong>excedens</strong></span> <span class='ocrx_word' id='word_1_492' title='bbox 3476 2059 3541 2100; x_wconf 90' lang='lat' dir='ltr'><strong>ac</strong></span> 
     </span>
    </p>
   </div>
   <div class='ocr_carea' id='block_1_64' title="bbox 1954 2129 3544 2204">
    <p class='ocr_par' dir='ltr' id='par_1_64' title="bbox 1954 2129 3544 2204">
     <span class='ocr_line' id='line_1_64' title="bbox 1954 2129 3544 2204; baseline 0.004 -21"><span class='ocrx_word' id='word_1_493' title='bbox 1954 2129 2486 2187; x_wconf 86' lang='lat' dir='ltr'><strong>iucommuuicabilis</strong></span> <span class='ocrx_word' id='word_1_494' title='bbox 2518 2142 2723 2198; x_wconf 87' lang='lat' dir='ltr'><strong>manet,</strong></span> <span class='ocrx_word' id='word_1_495' title='bbox 2754 2134 2904 2188; x_wconf 90' lang='lat' dir='ltr'><strong>nullo</strong></span> <span class='ocrx_word' id='word_1_496' title='bbox 2937 2150 3159 2204; x_wconf 84' lang='lat' dir='ltr'><strong>prorsus</strong></span> <span class='ocrx_word' id='word_1_497' title='bbox 3190 2137 3349 2189; x_wconf 79' lang='lat' dir='ltr'><strong>modo</strong></span> <span class='ocrx_word' id='word_1_498' title='bbox 3388 2138 3544 2190; x_wconf 86' lang='lat' dir='ltr'><strong>habi-</strong></span> 
     </span>
    </p>
   </div>
   <div class='ocr_carea' id='block_1_65' title="bbox 1953 2221 3540 2294">
    <p class='ocr_par' dir='ltr' id='par_1_65' title="bbox 1953 2221 3540 2294">
     <span class='ocr_line' id='line_1_65' title="bbox 1953 2221 3540 2294; baseline 0.004 -19"><span class='ocrx_word' id='word_1_499' title='bbox 1953 2229 2080 2276; x_wconf 86' lang='lat' dir='ltr'><strong>tans</strong></span> <span class='ocrx_word' id='word_1_500' title='bbox 2115 2221 2168 2275; x_wconf 90' lang='lat' dir='ltr'><strong>in</strong></span> <span class='ocrx_word' id='word_1_501' title='bbox 2199 2225 2426 2291; x_wconf 77' lang='lat' dir='ltr'><strong>creatis,</strong></span> <span class='ocrx_word' id='word_1_502' title='bbox 2451 2239 2630 2292; x_wconf 88' lang='lat' dir='ltr'><strong>neque</strong></span> <span class='ocrx_word' id='word_1_503' title='bbox 2668 2226 3048 2290; x_wconf 79' lang='lat' dir='ltr'><strong>sanetiiicaus,</strong></span> <span class='ocrx_word' id='word_1_504' title='bbox 3075 2243 3174 2282; x_wconf 88' lang='lat' dir='ltr'><strong>uec</strong></span> <span class='ocrx_word' id='word_1_505' title='bbox 3199 2227 3540 2294; x_wconf 89' lang='lat' dir='ltr'><strong>illuminans,</strong></span> 
     </span>
    </p>
   </div>
   <div class='ocr_carea' id='block_1_66' title="bbox 1955 2312 3544 2386">
    <p class='ocr_par' dir='ltr' id='par_1_66' title="bbox 1955 2312 3544 2386">
     <span class='ocr_line' id='line_1_66' title="bbox 1955 2312 3544 2386; baseline 0.005 -22"><span class='ocrx_word' id='word_1_506' title='bbox 1955 2326 2056 2365; x_wconf 84' lang='lat' dir='ltr'><strong>nec</strong></span> <span class='ocrx_word' id='word_1_507' title='bbox 2092 2312 2358 2378; x_wconf 82' lang='lat' dir='ltr'><strong>insidens,</strong></span> <span class='ocrx_word' id='word_1_508' title='bbox 2413 2328 2514 2368; x_wconf 87' lang='lat' dir='ltr'><strong>nec</strong></span> <span class='ocrx_word' id='word_1_509' title='bbox 2559 2313 2648 2368; x_wconf 89' lang='lat' dir='ltr'><strong>illa</strong></span> <span class='ocrx_word' id='word_1_510' title='bbox 2700 2314 2988 2370; x_wconf 83' lang='lat' dir='ltr'><strong>deiﬁcans.</strong></span> <span class='ocrx_word' id='word_1_511' title='bbox 3043 2319 3123 2371; x_wconf 85' lang='lat' dir='ltr'><strong>Ac</strong></span> <span class='ocrx_word' id='word_1_512' title='bbox 3184 2317 3406 2386; x_wconf 87' lang='lat' dir='ltr'><strong>quidem</strong></span> <span class='ocrx_word' id='word_1_513' title='bbox 3452 2317 3544 2372; x_wconf 78' lang='lat' dir='ltr'><strong>illa</strong></span> 
     </span>
    </p>
   </div>
   <div class='ocr_carea' id='block_1_67' title="bbox 1955 2405 3545 2474">
    <p class='ocr_par' dir='ltr' id='par_1_67' title="bbox 1955 2405 3545 2474">
     <span class='ocr_line' id='line_1_67' title="bbox 1955 2405 3545 2474; baseline 0.004 -18"><span class='ocrx_word' id='word_1_514' title='bbox 1955 2418 2085 2458; x_wconf 88' lang='lat' dir='ltr'><strong>vere</strong></span> <span class='ocrx_word' id='word_1_515' title='bbox 2132 2419 2196 2457; x_wconf 90' lang='lat' dir='ltr'><strong>ac</strong></span> <span class='ocrx_word' id='word_1_516' title='bbox 2224 2405 2446 2473; x_wconf 87' lang='lat' dir='ltr'><strong>proprie</strong></span> <span class='ocrx_word' id='word_1_517' title='bbox 2485 2405 2666 2460; x_wconf 89' lang='lat' dir='ltr'><strong>deitas</strong></span> <span class='ocrx_word' id='word_1_518' title='bbox 2697 2415 2821 2470; x_wconf 89' lang='lat' dir='ltr'><strong>est,</strong></span> <span class='ocrx_word' id='word_1_519' title='bbox 2855 2417 2910 2460; x_wconf 90' lang='lat' dir='ltr'><strong>et</strong></span> <span class='ocrx_word' id='word_1_520' title='bbox 2943 2407 3048 2460; x_wconf 85' lang='lat' dir='ltr'><strong>vita</strong></span> <span class='ocrx_word' id='word_1_521' title='bbox 3089 2418 3144 2461; x_wconf 89' lang='lat' dir='ltr'><strong>et</strong></span> <span class='ocrx_word' id='word_1_522' title='bbox 3177 2408 3448 2474; x_wconf 83' lang='lat' dir='ltr'><strong>sapientia</strong></span> <span class='ocrx_word' id='word_1_523' title='bbox 3486 2420 3545 2464; x_wconf 87' lang='lat' dir='ltr'><strong>et</strong></span> 
     </span>
    </p>
   </div>
   <div class='ocr_carea' id='block_1_68' title="bbox 1955 2499 3542 2569">
    <p class='ocr_par' dir='ltr' id='par_1_68' title="bbox 1955 2499 3542 2569">
     <span class='ocr_line' id='line_1_68' title="bbox 1955 2499 3542 2569; baseline 0.004 -21"><span class='ocrx_word' id='word_1_524' title='bbox 1955 2499 2127 2552; x_wconf 88' lang='lat' dir='ltr'><strong>virtus</strong></span> <span class='ocrx_word' id='word_1_525' title='bbox 2160 2514 2174 2562; x_wconf 90' lang='lat'><strong>;</strong></span> <span class='ocrx_word' id='word_1_526' title='bbox 2210 2499 2326 2552; x_wconf 74' lang='lat' dir='ltr'><strong>lure</strong></span> <span class='ocrx_word' id='word_1_527' title='bbox 2359 2510 2541 2553; x_wconf 90' lang='lat' dir='ltr'><strong>autem</strong></span> <span class='ocrx_word' id='word_1_528' title='bbox 2568 2500 2650 2553; x_wconf 79' lang='lat' dir='ltr'><strong>sui</strong></span> <span class='ocrx_word' id='word_1_529' title='bbox 2701 2501 2814 2569; x_wconf 64' lang='lat' dir='ltr'><strong>ipsa</strong></span> <span class='ocrx_word' id='word_1_530' title='bbox 2848 2501 3062 2555; x_wconf 84' lang='lat' dir='ltr'><strong>ratione</strong></span> <span class='ocrx_word' id='word_1_531' title='bbox 3095 2517 3198 2555; x_wconf 90' lang='lat' dir='ltr'><strong>non</strong></span> <span class='ocrx_word' id='word_1_532' title='bbox 3230 2509 3315 2555; x_wconf 91' lang='lat' dir='ltr'><strong>est</strong></span> <span class='ocrx_word' id='word_1_533' title='bbox 3345 2501 3542 2564; x_wconf 84' lang='lat' dir='ltr'><strong>deitas,</strong></span> 
     </span>
    </p>
   </div>
   <div class='ocr_carea' id='block_1_69' title="bbox 1955 2589 3544 2664">
    <p class='ocr_par' dir='ltr' id='par_1_69' title="bbox 1955 2589 3544 2664">
     <span class='ocr_line' id='line_1_69' title="bbox 1955 2589 3544 2664; baseline 0.003 -22"><span class='ocrx_word' id='word_1_534' title='bbox 1955 2605 2133 2658; x_wconf 87' lang='lat' dir='ltr'><strong>neque</strong></span> <span class='ocrx_word' id='word_1_535' title='bbox 2164 2589 2273 2644; x_wconf 86' lang='lat' dir='ltr'><strong>vita</strong></span> <span class='ocrx_word' id='word_1_536' title='bbox 2309 2607 2486 2660; x_wconf 90' lang='lat' dir='ltr'><strong>neque</strong></span> <span class='ocrx_word' id='word_1_537' title='bbox 2518 2593 2786 2661; x_wconf 84' lang='lat' dir='ltr'><strong>sapientia</strong></span> <span class='ocrx_word' id='word_1_538' title='bbox 2817 2609 2992 2664; x_wconf 90' lang='lat' dir='ltr'><strong>neque</strong></span> <span class='ocrx_word' id='word_1_539' title='bbox 3020 2594 3211 2649; x_wconf 80' lang='lat' dir='ltr'><strong>virtus.</strong></span> <span class='ocrx_word' id='word_1_540' title='bbox 3240 2595 3417 2663; x_wconf 85' lang='lat' dir='ltr'><strong>Atque</strong></span> <span class='ocrx_word' id='word_1_541' title='bbox 3451 2595 3544 2648; x_wconf 87' lang='lat' dir='ltr'><strong>illa</strong></span> 
     </span>
    </p>
   </div>
   <div class='ocr_carea' id='block_1_70' title="bbox 1951 2683 3546 2755">
    <p class='ocr_par' dir='ltr' id='par_1_70' title="bbox 1951 2683 3546 2755">
     <span class='ocr_line' id='line_1_70' title="bbox 1951 2683 3546 2755; baseline 0.004 -23"><span class='ocrx_word' id='word_1_542' title='bbox 1951 2683 2168 2748; x_wconf 83' lang='lat' dir='ltr'><strong>quidem</strong></span> <span class='ocrx_word' id='word_1_543' title='bbox 2206 2684 2451 2736; x_wconf 85' lang='lat' dir='ltr'><strong>omnium</strong></span> <span class='ocrx_word' id='word_1_544' title='bbox 2493 2683 2787 2739; x_wconf 67' lang='lat' dir='ltr'><strong>bmreditas</strong></span> <span class='ocrx_word' id='word_1_545' title='bbox 2817 2693 2902 2740; x_wconf 90' lang='lat' dir='ltr'><strong>est</strong></span> <span class='ocrx_word' id='word_1_546' title='bbox 2937 2701 3001 2740; x_wconf 88' lang='lat' dir='ltr'><strong>ac</strong></span> <span class='ocrx_word' id='word_1_547' title='bbox 3035 2685 3315 2755; x_wconf 82' lang='lat' dir='ltr'><strong>possessio</strong></span> <span class='ocrx_word' id='word_1_548' title='bbox 3341 2726 3358 2750; x_wconf 94' lang='lat'><strong>,</strong></span> <span class='ocrx_word' id='word_1_549' title='bbox 3392 2684 3546 2738; x_wconf 86' lang='lat' dir='ltr'><strong>linis-</strong></span> 
     </span>
    </p>
   </div>
   <div class='ocr_carea' id='block_1_71' title="bbox 1953 2775 3543 2846">
    <p class='ocr_par' dir='ltr' id='par_1_71' title="bbox 1953 2775 3543 2846">
     <span class='ocr_line' id='line_1_71' title="bbox 1953 2775 3543 2846; baseline 0.004 -22"><span class='ocrx_word' id='word_1_550' title='bbox 1953 2789 2062 2843; x_wconf 88' lang='lat' dir='ltr'><strong>que</strong></span> <span class='ocrx_word' id='word_1_551' title='bbox 2091 2775 2470 2843; x_wconf 81' lang='lat' dir='ltr'><strong>appetibilium</strong></span> <span class='ocrx_word' id='word_1_552' title='bbox 2503 2792 2517 2842; x_wconf 90' lang='lat'><strong>;</strong></span> <span class='ocrx_word' id='word_1_553' title='bbox 2551 2777 2665 2830; x_wconf 75' lang='grc' dir='ltr'><strong>Ιιςεε</strong></span> <span class='ocrx_word' id='word_1_554' title='bbox 2688 2786 2870 2831; x_wconf 90' lang='lat' dir='ltr'><strong>autem</strong></span> <span class='ocrx_word' id='word_1_555' title='bbox 2914 2792 3091 2846; x_wconf 90' lang='lat' dir='ltr'><strong>neque</strong></span> <span class='ocrx_word' id='word_1_556' title='bbox 3121 2777 3410 2832; x_wconf 65' lang='lat' dir='ltr'><strong>ltaareditas</strong></span> <span class='ocrx_word' id='word_1_557' title='bbox 3448 2792 3543 2831; x_wconf 90' lang='lat' dir='ltr'><strong>seu</strong></span> 
     </span>
    </p>
   </div>
   <div class='ocr_carea' id='block_1_72' title="bbox 1953 2867 3545 2938">
    <p class='ocr_par' dir='ltr' id='par_1_72' title="bbox 1953 2867 3545 2938">
     <span class='ocr_line' id='line_1_72' title="bbox 1953 2867 3545 2938; baseline 0.004 -20"><span class='ocrx_word' id='word_1_558' title='bbox 1953 2869 2232 2934; x_wconf 88' lang='lat' dir='ltr'><strong>possessio</strong></span> <span class='ocrx_word' id='word_1_559' title='bbox 2282 2867 2448 2922; x_wconf 85' lang='lat' dir='ltr'><strong>ullius</strong></span> <span class='ocrx_word' id='word_1_560' title='bbox 2501 2867 2824 2938; x_wconf 84' lang='lat' dir='ltr'><strong>cujusquam</strong></span> <span class='ocrx_word' id='word_1_561' title='bbox 2877 2880 3002 2932; x_wconf 87' lang='lat' dir='ltr'><strong>est,</strong></span> <span class='ocrx_word' id='word_1_562' title='bbox 3047 2885 3147 2924; x_wconf 91' lang='lat' dir='ltr'><strong>nec</strong></span> <span class='ocrx_word' id='word_1_563' title='bbox 3184 2869 3545 2924; x_wconf 73' lang='lat' dir='ltr'><strong>beatitudinis</strong></span> 
     </span>
    </p>
   </div>
   <div class='ocr_carea' id='block_1_73' title="bbox 1953 2955 3546 3031">
    <p class='ocr_par' dir='ltr' id='par_1_73' title="bbox 1953 2955 3546 3031">
     <span class='ocr_line' id='line_1_73' title="bbox 1953 2955 3546 3031; baseline 0.002 -22"><span class='ocrx_word' id='word_1_564' title='bbox 1953 2955 2102 3012; x_wconf 84' lang='lat' dir='ltr'><strong>ﬁnis.</strong></span> <span class='ocrx_word' id='word_1_565' title='bbox 2143 2958 2360 3028; x_wconf 80' lang='lat' dir='ltr'><strong>Ergone</strong></span> <span class='ocrx_word' id='word_1_566' title='bbox 2393 2958 2508 3014; x_wconf 79' lang='lat' dir='ltr'><strong>ﬁeri</strong></span> <span class='ocrx_word' id='word_1_567' title='bbox 2543 2963 2738 3029; x_wconf 85' lang='lat' dir='ltr'><strong>possit,</strong></span> <span class='ocrx_word' id='word_1_568' title='bbox 2773 2971 2850 3014; x_wconf 84' lang='lat' dir='ltr'><strong>&#39;ut</strong></span> <span class='ocrx_word' id='word_1_569' title='bbox 2885 2977 3006 3031; x_wconf 63' lang='lat' dir='ltr'><strong>quae</strong></span> <span class='ocrx_word' id='word_1_570' title='bbox 3043 2960 3123 3015; x_wconf 88' lang='lat' dir='ltr'><strong>sic</strong></span> <span class='ocrx_word' id='word_1_571' title='bbox 3155 2961 3366 3015; x_wconf 87' lang='lat' dir='ltr'><strong>diversa</strong></span> <span class='ocrx_word' id='word_1_572' title='bbox 3415 2968 3546 3013; x_wconf 89' lang='lat' dir='ltr'><strong>sunt</strong></span> 
     </span>
    </p>
   </div>
   <div class='ocr_carea' id='block_1_74' title="bbox 1956 3048 3546 3117">
    <p class='ocr_par' dir='ltr' id='par_1_74' title="bbox 1956 3048 3546 3117">
     <span class='ocr_line' id='line_1_74' title="bbox 1956 3048 3546 3117; baseline 0.003 -16"><span class='ocrx_word' id='word_1_573' title='bbox 1956 3057 2124 3116; x_wconf 85' lang='lat' dir='ltr'><strong>atque</strong></span> <span class='ocrx_word' id='word_1_574' title='bbox 2154 3048 2410 3105; x_wconf 82' lang='lat' dir='ltr'><strong>distincta</strong></span> <span class='ocrx_word' id='word_1_575' title='bbox 2436 3091 2452 3117; x_wconf 92' lang='lat'><strong>,</strong></span> <span class='ocrx_word' id='word_1_576' title='bbox 2508 3053 2560 3106; x_wconf 90' lang='lat' dir='ltr'><strong>in</strong></span> <span class='ocrx_word' id='word_1_577' title='bbox 2600 3069 2712 3108; x_wconf 89' lang='lat' dir='ltr'><strong>rem</strong></span> <span class='ocrx_word' id='word_1_578' title='bbox 2763 3069 2924 3106; x_wconf 87' lang='lat' dir='ltr'><strong>unam</strong></span> <span class='ocrx_word' id='word_1_579' title='bbox 2961 3053 3283 3106; x_wconf 82' lang='lat' dir='ltr'><strong>uniformem</strong></span> <span class='ocrx_word' id='word_1_580' title='bbox 3330 3063 3382 3105; x_wconf 90' lang='lat' dir='ltr'><strong>et</strong></span> <span class='ocrx_word' id='word_1_581' title='bbox 3415 3052 3546 3106; x_wconf 83' lang='lat' dir='ltr'><strong>sim-</strong></span> 
     </span>
    </p>
   </div>
   <div class='ocr_carea' id='block_1_75' title="bbox 1953 3138 3541 3213">
    <p class='ocr_par' dir='ltr' id='par_1_75' title="bbox 1953 3138 3541 3213">
     <span class='ocr_line' id='line_1_75' title="bbox 1953 3138 3541 3213; baseline 0.004 -22"><span class='ocrx_word' id='word_1_582' title='bbox 1953 3138 2306 3207; x_wconf 88' lang='lat' dir='ltr'><strong>plicissimam</strong></span> <span class='ocrx_word' id='word_1_583' title='bbox 2357 3143 2961 3212; x_wconf 75' lang='lat' dir='ltr'><strong>perfectissimamque,</strong></span> <span class='ocrx_word' id='word_1_584' title='bbox 3016 3144 3196 3213; x_wconf 84' lang='lat' dir='ltr'><strong>qualis</strong></span> <span class='ocrx_word' id='word_1_585' title='bbox 3232 3153 3318 3198; x_wconf 89' lang='lat' dir='ltr'><strong>cst</strong></span> <span class='ocrx_word' id='word_1_586' title='bbox 3375 3145 3541 3210; x_wconf 84' lang='lat' dir='ltr'><strong>Deus,</strong></span> 
     </span>
    </p>
   </div>
   <div class='ocr_carea' id='block_1_76' title="bbox 1953 3229 3544 3306">
    <p class='ocr_par' dir='ltr' id='par_1_76' title="bbox 1953 3229 3544 3306">
     <span class='ocr_line' id='line_1_76' title="bbox 1953 3229 3544 3306; baseline 0.006 -24"><span class='ocrx_word' id='word_1_587' title='bbox 1953 3246 2114 3284; x_wconf 88' lang='lat' dir='ltr'><strong>unam</strong></span> <span class='ocrx_word' id='word_1_588' title='bbox 2171 3229 2412 3302; x_wconf 84' lang='lat' dir='ltr'><strong>denique</strong></span> <span class='ocrx_word' id='word_1_589' title='bbox 2467 3233 2736 3289; x_wconf 88' lang='lat' dir='ltr'><strong>Deitatem</strong></span> <span class='ocrx_word' id='word_1_590' title='bbox 2795 3236 3167 3290; x_wconf 81' lang='lat' dir='ltr'><strong>conveniant?</strong></span> <span class='ocrx_word' id='word_1_591' title='bbox 3213 3251 3307 3290; x_wconf 88' lang='lat' dir='ltr'><strong>seu</strong></span> <span class='ocrx_word' id='word_1_592' title='bbox 3362 3239 3544 3306; x_wconf 80' lang='lat' dir='ltr'><strong>poti-us</strong></span> 
     </span>
    </p>
   </div>
   <div class='ocr_carea' id='block_1_77' title="bbox 1955 3320 3545 3397">
    <p class='ocr_par' dir='ltr' id='par_1_77' title="bbox 1955 3320 3545 3397">
     <span class='ocr_line' id='line_1_77' title="bbox 1955 3320 3545 3397; baseline 0.004 -22"><span class='ocrx_word' id='word_1_593' title='bbox 1955 3336 2062 3375; x_wconf 86' lang='lat' dir='ltr'><strong>una</strong></span> <span class='ocrx_word' id='word_1_594' title='bbox 2100 3320 2283 3376; x_wconf 87' lang='lat' dir='ltr'><strong>Deitas</strong></span> <span class='ocrx_word' id='word_1_595' title='bbox 2313 3325 2554 3379; x_wconf 83' lang='lat' dir='ltr'><strong>existant</strong></span> <span class='ocrx_word' id='word_1_596' title='bbox 2584 3365 2600 3388; x_wconf 92' lang='lat'><strong>,</strong></span> <span class='ocrx_word' id='word_1_597' title='bbox 2639 3324 2819 3388; x_wconf 81' lang='lat' dir='ltr'><strong>Pater,</strong></span> <span class='ocrx_word' id='word_1_598' title='bbox 2859 3325 3026 3382; x_wconf 85' lang='lat' dir='ltr'><strong>Filius</strong></span> <span class='ocrx_word' id='word_1_599' title='bbox 3057 3336 3111 3381; x_wconf 89' lang='lat' dir='ltr'><strong>et</strong></span> <span class='ocrx_word' id='word_1_600' title='bbox 3148 3327 3388 3397; x_wconf 80' lang='lat' dir='ltr'><strong>Spiritus</strong></span> <span class='ocrx_word' id='word_1_601' title='bbox 3413 3343 3545 3382; x_wconf 84' lang='lat' dir='ltr'><strong>san-</strong></span> 
     </span>
    </p>
   </div>
   <div class='ocr_carea' id='block_1_78' title="bbox 1956 3418 3544 3492">
    <p class='ocr_par' dir='ltr' id='par_1_78' title="bbox 1956 3418 3544 3492">
     <span class='ocr_line' id='line_1_78' title="bbox 1956 3418 3544 3492; baseline 0.004 -21"><span class='ocrx_word' id='word_1_602' title='bbox 1956 3426 2103 3481; x_wconf 83' lang='lat' dir='ltr'><strong>ctus,</strong></span> <span class='ocrx_word' id='word_1_603' title='bbox 2137 3427 2195 3470; x_wconf 90' lang='lat' dir='ltr'><strong>ut</strong></span> <span class='ocrx_word' id='word_1_604' title='bbox 2228 3418 2329 3486; x_wconf 85' lang='lat' dir='ltr'><strong>ipsi</strong></span> <span class='ocrx_word' id='word_1_605' title='bbox 2374 3418 2679 3488; x_wconf 77' lang='lat' dir='ltr'><strong>(mirabiles</strong></span> <span class='ocrx_word' id='word_1_606' title='bbox 2717 3421 2930 3475; x_wconf 80' lang='lat' dir='ltr'><strong>scilicet</strong></span> <span class='ocrx_word' id='word_1_607' title='bbox 2981 3421 3243 3492; x_wconf 80' lang='lat' dir='ltr'><strong>theologi)</strong></span> <span class='ocrx_word' id='word_1_608' title='bbox 3291 3433 3544 3491; x_wconf 88' lang='lat' dir='ltr'><strong>portento</strong></span> 
     </span>
    </p>
   </div>
   <div class='ocr_carea' id='block_1_79' title="bbox 1953 3511 3544 3582">
    <p class='ocr_par' dir='ltr' id='par_1_79' title="bbox 1953 3511 3544 3582">
     <span class='ocr_line' id='line_1_79' title="bbox 1953 3511 3544 3582; baseline 0 -16"><span class='ocrx_word' id='word_1_609' title='bbox 1953 3511 2361 3578; x_wconf 73' lang='lat' dir='ltr'><strong>conﬁnxerunt,</strong></span> <span class='ocrx_word' id='word_1_610' title='bbox 2395 3513 2664 3576; x_wconf 86' lang='lat' dir='ltr'><strong>dicentes,</strong></span> <span class='ocrx_word' id='word_1_611' title='bbox 2694 3515 2772 3566; x_wconf 91' lang='lat' dir='ltr'><strong>uti</strong></span> <span class='ocrx_word' id='word_1_612' title='bbox 2799 3514 3056 3582; x_wconf 86' lang='lat' dir='ltr'><strong>superius</strong></span> <span class='ocrx_word' id='word_1_613' title='bbox 3101 3517 3408 3582; x_wconf 75' lang='lat' dir='ltr'><strong>expositum</strong></span> <span class='ocrx_word' id='word_1_614' title='bbox 3437 3525 3544 3582; x_wconf 66' lang='lat' dir='ltr'><strong>est,</strong></span> 
     </span>
    </p>
   </div>
   <div class='ocr_carea' id='block_1_80' title="bbox 1952 3605 3544 3675">
    <p class='ocr_par' dir='ltr' id='par_1_80' title="bbox 1952 3605 3544 3675">
     <span class='ocr_line' id='line_1_80' title="bbox 1952 3605 3544 3675; baseline -0.001 -15"><span class='ocrx_word' id='word_1_615' title='bbox 1952 3607 2008 3660; x_wconf 91' lang='lat' dir='ltr'><strong>iu</strong></span> <span class='ocrx_word' id='word_1_616' title='bbox 2043 3607 2161 3661; x_wconf 83' lang='lat' dir='ltr'><strong>suis</strong></span> <span class='ocrx_word' id='word_1_617' title='bbox 2194 3606 2690 3660; x_wconf 76' lang='lat' dir='ltr'><strong>Anatbematismis</strong></span> <span class='ocrx_word' id='word_1_618' title='bbox 2724 3623 2736 3658; x_wconf 90' lang='lat'>:</span> <span class='ocrx_word' id='word_1_619' title='bbox 2763 3605 2842 3660; x_wconf 87' lang='lat' dir='ltr'><strong>Iis</strong></span> <span class='ocrx_word' id='word_1_620' title='bbox 2875 3607 2968 3675; x_wconf 83' lang='lat' dir='ltr'><strong>qui</strong></span> <span class='ocrx_word' id='word_1_621' title='bbox 2990 3607 3222 3660; x_wconf 83' lang='lat' dir='ltr'><strong>sentiunt</strong></span> <span class='ocrx_word' id='word_1_622' title='bbox 3245 3624 3308 3658; x_wconf 85' lang='lat' dir='ltr'><strong>uc</strong></span> <span class='ocrx_word' id='word_1_623' title='bbox 3335 3607 3544 3672; x_wconf 83' lang='lat' dir='ltr'><strong>dicunt,</strong></span> 
     </span>
    </p>
   </div>
   <div class='ocr_carea' id='block_1_81' title="bbox 1951 3694 3547 3760">
    <p class='ocr_par' dir='ltr' id='par_1_81' title="bbox 1951 3694 3547 3760">
     <span class='ocr_line' id='line_1_81' title="bbox 1951 3694 3547 3760; baseline 0 -11"><span class='ocrx_word' id='word_1_624' title='bbox 1951 3694 2178 3749; x_wconf 80' lang='lat' dir='ltr'><strong>Deitatis</strong></span> <span class='ocrx_word' id='word_1_625' title='bbox 2213 3713 2400 3749; x_wconf 81' lang='lat' dir='ltr'><strong>nomen</strong></span> <span class='ocrx_word' id='word_1_626' title='bbox 2431 3701 2496 3750; x_wconf 77' lang='lat' dir='ltr'><strong>de</strong></span> <span class='ocrx_word' id='word_1_627' title='bbox 2517 3696 2634 3748; x_wconf 85' lang='lat' dir='ltr'><strong>sala</strong></span> <span class='ocrx_word' id='word_1_628' title='bbox 2665 3697 2898 3750; x_wconf 75' lang='lat' dir='ltr'><strong>essentia</strong></span> <span class='ocrx_word' id='word_1_629' title='bbox 2923 3695 3054 3760; x_wconf 78' lang='lat' dir='ltr'><strong>dici,</strong></span> <span class='ocrx_word' id='word_1_630' title='bbox 3095 3712 3186 3749; x_wconf 86' lang='lat' dir='ltr'><strong>nec</strong></span> <span class='ocrx_word' id='word_1_631' title='bbox 3216 3696 3377 3760; x_wconf 68' lang='lat' dir='ltr'><strong>juxta</strong></span> <span class='ocrx_word' id='word_1_632' title='bbox 3401 3697 3547 3760; x_wconf 82' lang='lat' dir='ltr'><strong>pium</strong></span> 
     </span>
    </p>
   </div>
   <div class='ocr_carea' id='block_1_82' title="bbox 1953 3787 3548 3855">
    <p class='ocr_par' dir='ltr' id='par_1_82' title="bbox 1953 3787 3548 3855">
     <span class='ocr_line' id='line_1_82' title="bbox 1953 3787 3548 3855; baseline 0 -14"><span class='ocrx_word' id='word_1_633' title='bbox 1953 3787 2207 3841; x_wconf 78' lang='lat' dir='ltr'><strong>Ecclesia:</strong></span> <span class='ocrx_word' id='word_1_634' title='bbox 2254 3803 2468 3840; x_wconf 71' lang='lat' dir='ltr'><strong>sensum</strong></span> <span class='ocrx_word' id='word_1_635' title='bbox 2507 3787 2855 3840; x_wconf 77' lang='lat' dir='ltr'><strong>nihilominus</strong></span> <span class='ocrx_word' id='word_1_636' title='bbox 2901 3787 2955 3840; x_wconf 82' lang='lat' dir='ltr'><strong>in</strong></span> <span class='ocrx_word' id='word_1_637' title='bbox 2998 3788 3180 3840; x_wconf 84' lang='lat' dir='ltr'><strong>diuina</strong></span> <span class='ocrx_word' id='word_1_638' title='bbox 3215 3788 3386 3852; x_wconf 81' lang='lat' dir='ltr'><strong>ipsum</strong></span> <span class='ocrx_word' id='word_1_639' title='bbox 3423 3804 3548 3855; x_wconf 84' lang='lat' dir='ltr'><strong>ope-</strong></span> 
     </span>
    </p>
   </div>
   <div class='ocr_carea' id='block_1_83' title="bbox 1952 3879 3546 3950">
    <p class='ocr_par' dir='ltr' id='par_1_83' title="bbox 1952 3879 3546 3950">
     <span class='ocr_line' id='line_1_83' title="bbox 1952 3879 3546 3950; baseline 0.001 -18"><span class='ocrx_word' id='word_1_640' title='bbox 1952 3879 2164 3934; x_wconf 79' lang='lat' dir='ltr'><strong>ratione</strong></span> <span class='ocrx_word' id='word_1_641' title='bbox 2195 3881 2344 3950; x_wconf 88' lang='lat' dir='ltr'><strong>poni,</strong></span> <span class='ocrx_word' id='word_1_642' title='bbox 2392 3882 2570 3950; x_wconf 76' lang='lat' dir='ltr'><strong>sitque</strong></span> <span class='ocrx_word' id='word_1_643' title='bbox 2621 3897 2808 3934; x_wconf 77' lang='lat' dir='ltr'><strong>rursus</strong></span> <span class='ocrx_word' id='word_1_644' title='bbox 2863 3897 3023 3933; x_wconf 79' lang='lat' dir='ltr'><strong>unam</strong></span> <span class='ocrx_word' id='word_1_645' title='bbox 3074 3881 3247 3933; x_wconf 84' lang='lat' dir='ltr'><strong>modis</strong></span> <span class='ocrx_word' id='word_1_646' title='bbox 3303 3880 3546 3934; x_wconf 85' lang='lat' dir='ltr'><strong>omnibus</strong></span> 
     </span>
    </p>
   </div>
   <div class='ocr_carea' id='block_1_84' title="bbox 1951 3971 3548 4040">
    <p class='ocr_par' dir='ltr' id='par_1_84' title="bbox 1951 3971 3548 4040">
     <span class='ocr_line' id='line_1_84' title="bbox 1951 3971 3548 4040; baseline -0.004 -10"><span class='ocrx_word' id='word_1_647' title='bbox 1951 3975 2213 4030; x_wconf 81' lang='lat' dir='ltr'><strong>Deitatem</strong></span> <span class='ocrx_word' id='word_1_648' title='bbox 2249 3972 2434 4026; x_wconf 86' lang='lat' dir='ltr'><strong>Patris</strong></span> <span class='ocrx_word' id='word_1_649' title='bbox 2464 3985 2511 4028; x_wconf 85' lang='lat' dir='ltr'><strong>et</strong></span> <span class='ocrx_word' id='word_1_650' title='bbox 2567 3971 2700 4026; x_wconf 81' lang='lat' dir='ltr'><strong>Filii</strong></span> <span class='ocrx_word' id='word_1_651' title='bbox 2754 3983 2803 4027; x_wconf 86' lang='lat' dir='ltr'><strong>et</strong></span> <span class='ocrx_word' id='word_1_652' title='bbox 2853 3971 3092 4038; x_wconf 79' lang='lat' dir='ltr'><strong>Spiritus</strong></span> <span class='ocrx_word' id='word_1_653' title='bbox 3125 3973 3298 4026; x_wconf 82' lang='lat' dir='ltr'><strong>sancti</strong></span> <span class='ocrx_word' id='word_1_654' title='bbox 3333 3972 3548 4040; x_wconf 80' lang='lat' dir='ltr'><strong>docent,</strong></span> 
     </span>
    </p>
   </div>
   <div class='ocr_carea' id='block_1_85' title="bbox 1950 4065 3548 4135">
    <p class='ocr_par' dir='ltr' id='par_1_85' title="bbox 1950 4065 3548 4135">
     <span class='ocr_line' id='line_1_85' title="bbox 1950 4065 3548 4135; baseline -0.001 -14"><span class='ocrx_word' id='word_1_655' title='bbox 1950 4068 2260 4131; x_wconf 74' lang='lat' dir='ltr'><strong>anathema,</strong></span> <span class='ocrx_word' id='word_1_656' title='bbox 2289 4077 2348 4120; x_wconf 89' lang='lat' dir='ltr'><strong>ut</strong></span> <span class='ocrx_word' id='word_1_657' title='bbox 2397 4065 2498 4134; x_wconf 88' lang='lat' dir='ltr'><strong>ipsi</strong></span> <span class='ocrx_word' id='word_1_658' title='bbox 2533 4065 2710 4118; x_wconf 86' lang='lat' dir='ltr'><strong>aiunt.</strong></span> <span class='ocrx_word' id='word_1_659' title='bbox 2768 4065 2912 4135; x_wconf 79' lang='lat' dir='ltr'><strong>Ergo</strong></span> <span class='ocrx_word' id='word_1_660' title='bbox 2962 4065 3257 4134; x_wconf 83' lang='lat' dir='ltr'><strong>possibile?</strong></span> <span class='ocrx_word' id='word_1_661' title='bbox 3287 4075 3382 4118; x_wconf 88' lang='lat' dir='ltr'><strong>aut</strong></span> <span class='ocrx_word' id='word_1_662' title='bbox 3437 4079 3548 4119; x_wconf 86' lang='lat' dir='ltr'><strong>non</strong></span> 
     </span>
    </p>
   </div>
   <div class='ocr_carea' id='block_1_86' title="bbox 1952 4159 3546 4229">
    <p class='ocr_par' dir='ltr' id='par_1_86' title="bbox 1952 4159 3546 4229">
     <span class='ocr_line' id='line_1_86' title="bbox 1952 4159 3546 4229; baseline -0.001 -15"><span class='ocrx_word' id='word_1_663' title='bbox 1952 4159 2317 4229; x_wconf 80' lang='lat' dir='ltr'><strong>impossibile,</strong></span> <span class='ocrx_word' id='word_1_664' title='bbox 2347 4159 2488 4214; x_wconf 90' lang='lat' dir='ltr'><strong>sicut</strong></span> <span class='ocrx_word' id='word_1_665' title='bbox 2519 4160 2862 4228; x_wconf 83' lang='lat' dir='ltr'><strong>impossibile</strong></span> <span class='ocrx_word' id='word_1_666' title='bbox 2895 4168 2977 4213; x_wconf 89' lang='lat' dir='ltr'><strong>est</strong></span> <span class='ocrx_word' id='word_1_667' title='bbox 3001 4200 3017 4224; x_wconf 94' lang='lat'><strong>,</strong></span> <span class='ocrx_word' id='word_1_668' title='bbox 3051 4159 3196 4228; x_wconf 86' lang='lat' dir='ltr'><strong>quod</strong></span> <span class='ocrx_word' id='word_1_669' title='bbox 3230 4169 3314 4211; x_wconf 92' lang='lat' dir='ltr'><strong>est</strong></span> <span class='ocrx_word' id='word_1_670' title='bbox 3346 4169 3400 4212; x_wconf 90' lang='lat' dir='ltr'><strong>et</strong></span> <span class='ocrx_word' id='word_1_671' title='bbox 3435 4174 3546 4212; x_wconf 90' lang='lat' dir='ltr'><strong>nou</strong></span> 
     </span>
    </p>
   </div>
   <div class='ocr_carea' id='block_1_87' title="bbox 1950 4249 3551 4319">
    <p class='ocr_par' dir='ltr' id='par_1_87' title="bbox 1950 4249 3551 4319">
     <span class='ocr_line' id='line_1_87' title="bbox 1950 4249 3551 4319; baseline -0.001 -15"><span class='ocrx_word' id='word_1_672' title='bbox 1950 4259 2074 4315; x_wconf 84' lang='lat' dir='ltr'><strong>est;</strong></span> <span class='ocrx_word' id='word_1_673' title='bbox 2120 4249 2374 4319; x_wconf 89' lang='lat' dir='ltr'><strong>quodque</strong></span> <span class='ocrx_word' id='word_1_674' title='bbox 2425 4265 2552 4304; x_wconf 84' lang='lat' dir='ltr'><strong>vere</strong></span> <span class='ocrx_word' id='word_1_675' title='bbox 2606 4250 2878 4314; x_wconf 84' lang='lat' dir='ltr'><strong>subsistit,</strong></span> <span class='ocrx_word' id='word_1_676' title='bbox 2929 4264 3030 4303; x_wconf 89' lang='lat' dir='ltr'><strong>nec</strong></span> <span class='ocrx_word' id='word_1_677' title='bbox 3072 4264 3198 4303; x_wconf 85' lang='lat' dir='ltr'><strong>vere</strong></span> <span class='ocrx_word' id='word_1_678' title='bbox 3243 4249 3551 4304; x_wconf 83' lang='lat' dir='ltr'><strong>subsistens</strong></span> 
     </span>
    </p>
   </div>
   <div class='ocr_carea' id='block_1_88' title="bbox 1949 4341 3546 4410">
    <p class='ocr_par' dir='ltr' id='par_1_88' title="bbox 1949 4341 3546 4410">
     <span class='ocr_line' id='line_1_88' title="bbox 1949 4341 3546 4410; baseline 0 -16"><span class='ocrx_word' id='word_1_679' title='bbox 1949 4352 2073 4407; x_wconf 86' lang='lat' dir='ltr'><strong>est;</strong></span> <span class='ocrx_word' id='word_1_680' title='bbox 2112 4356 2330 4410; x_wconf 88' lang='lat' dir='ltr'><strong>quoque</strong></span> <span class='ocrx_word' id='word_1_681' title='bbox 2360 4341 2657 4405; x_wconf 83' lang='lat' dir='ltr'><strong>invisibile,</strong></span> <span class='ocrx_word' id='word_1_682' title='bbox 2690 4352 2743 4396; x_wconf 91' lang='lat' dir='ltr'><strong>et</strong></span> <span class='ocrx_word' id='word_1_683' title='bbox 2780 4343 2924 4409; x_wconf 90' lang='lat' dir='ltr'><strong>quod</strong></span> <span class='ocrx_word' id='word_1_684' title='bbox 2951 4341 3166 4395; x_wconf 84' lang='lat' dir='ltr'><strong>visibile</strong></span> <span class='ocrx_word' id='word_1_685' title='bbox 3207 4349 3331 4406; x_wconf 89' lang='lat' dir='ltr'><strong>est;</strong></span> <span class='ocrx_word' id='word_1_686' title='bbox 3374 4341 3546 4409; x_wconf 89' lang='lat' dir='ltr'><strong>quod-</strong></span> 
     </span>
    </p>
   </div>
   <div class='ocr_carea' id='block_1_89' title="bbox 1953 4435 3552 4505">
    <p class='ocr_par' dir='ltr' id='par_1_89' title="bbox 1953 4435 3552 4505">
     <span class='ocr_line' id='line_1_89' title="bbox 1953 4435 3552 4505; baseline 0.001 -17"><span class='ocrx_word' id='word_1_687' title='bbox 1953 4451 2062 4505; x_wconf 89' lang='lat' dir='ltr'><strong>que</strong></span> <span class='ocrx_word' id='word_1_688' title='bbox 2094 4436 2356 4490; x_wconf 86' lang='lat' dir='ltr'><strong>iuliuities</strong></span> <span class='ocrx_word' id='word_1_689' title='bbox 2395 4435 2609 4489; x_wconf 88' lang='lat' dir='ltr'><strong>iuliuite</strong></span> <span class='ocrx_word' id='word_1_690' title='bbox 2637 4436 2843 4488; x_wconf 83' lang='lat' dir='ltr'><strong>eminet</strong></span> <span class='ocrx_word' id='word_1_691' title='bbox 2893 4443 2948 4486; x_wconf 88' lang='lat' dir='ltr'><strong>et</strong></span> <span class='ocrx_word' id='word_1_692' title='bbox 2981 4435 3124 4503; x_wconf 87' lang='lat' dir='ltr'><strong>quod</strong></span> <span class='ocrx_word' id='word_1_693' title='bbox 3156 4435 3317 4488; x_wconf 86' lang='lat' dir='ltr'><strong>toties</strong></span> <span class='ocrx_word' id='word_1_694' title='bbox 3358 4435 3552 4503; x_wconf 84' lang='lat' dir='ltr'><strong>sicque</strong></span> 
     </span>
    </p>
   </div>
   <div class='ocr_carea' id='block_1_90' title="bbox 1953 4526 3552 4597">
    <p class='ocr_par' dir='ltr' id='par_1_90' title="bbox 1953 4526 3552 4597">
     <span class='ocr_line' id='line_1_90' title="bbox 1953 4526 3552 4597; baseline -0.003 -14"><span class='ocrx_word' id='word_1_695' title='bbox 1953 4526 2187 4583; x_wconf 77' lang='lat' dir='ltr'><strong>inferius</strong></span> <span class='ocrx_word' id='word_1_696' title='bbox 2213 4538 2332 4593; x_wconf 88' lang='lat' dir='ltr'><strong>est;</strong></span> <span class='ocrx_word' id='word_1_697' title='bbox 2365 4543 2430 4582; x_wconf 84' lang='lat' dir='ltr'><strong>ac</strong></span> <span class='ocrx_word' id='word_1_698' title='bbox 2459 4543 2800 4597; x_wconf 69' lang='lat' dir='ltr'><strong>qutecuuque</strong></span> <span class='ocrx_word' id='word_1_699' title='bbox 2842 4527 2947 4580; x_wconf 87' lang='lat' dir='ltr'><strong>alia</strong></span> <span class='ocrx_word' id='word_1_700' title='bbox 3001 4528 3144 4582; x_wconf 88' lang='lat' dir='ltr'><strong>modi</strong></span> <span class='ocrx_word' id='word_1_701' title='bbox 3176 4527 3431 4595; x_wconf 89' lang='lat' dir='ltr'><strong>superius</strong></span> <span class='ocrx_word' id='word_1_702' title='bbox 3464 4542 3552 4580; x_wconf 78' lang='lat' dir='ltr'><strong>re-</strong></span> 
     </span>
    </p>
   </div>
   <div class='ocr_carea' id='block_1_91' title="bbox 247 4604 3552 4705">
    <p class='ocr_par' dir='ltr' id='par_1_91' title="bbox 247 4604 3552 4705">
     <span class='ocr_line' id='line_1_91' title="bbox 247 4604 3552 4705; baseline -0.001 -25"><span class='ocrx_word' id='word_1_703' title='bbox 247 4611 455 4680; x_wconf 75' lang='lat' dir='ltr'><strong>censiti</strong></span> <span class='ocrx_word' id='word_1_704' title='bbox 509 4605 733 4682; x_wconf 77' lang='lat' dir='ltr'><strong>habent.</strong></span> <span class='ocrx_word' id='word_1_705' title='bbox 767 4604 883 4680; x_wconf 78' lang='lat' dir='ltr'><strong>Hoc</strong></span> <span class='ocrx_word' id='word_1_706' title='bbox 920 4639 1072 4692; x_wconf 88' lang='lat' dir='ltr'><strong>sane,</strong></span> <span class='ocrx_word' id='word_1_707' title='bbox 1117 4640 1187 4684; x_wconf 87' lang='lat' dir='ltr'><strong>an</strong></span> <span class='ocrx_word' id='word_1_708' title='bbox 1231 4623 1348 4679; x_wconf 80' lang='lat' dir='ltr'><strong>ﬁeri</strong></span> <span class='ocrx_word' id='word_1_709' title='bbox 1384 4624 1556 4694; x_wconf 90' lang='lat' dir='ltr'><strong>possit</strong></span> <span class='ocrx_word' id='word_1_710' title='bbox 1625 4624 1980 4694; x_wconf 78' lang='lat' dir='ltr'><strong>cogitandum</strong></span> <span class='ocrx_word' id='word_1_711' title='bbox 2030 4625 2359 4705; x_wconf 82' lang='lat' dir='ltr'><strong>relinquitur</strong></span> <span class='ocrx_word' id='word_1_712' title='bbox 2439 4625 2637 4694; x_wconf 85' lang='lat' dir='ltr'><strong>quibus</strong></span> <span class='ocrx_word' id='word_1_713' title='bbox 2668 4627 2766 4687; x_wconf 66' lang='grc' dir='ltr'><strong>,νει</strong></span> <span class='ocrx_word' id='word_1_714' title='bbox 2829 4612 2968 4678; x_wconf 78' lang='lat' dir='ltr'><strong>mica</strong></span> <span class='ocrx_word' id='word_1_715' title='bbox 3042 4623 3231 4694; x_wconf 86' lang='lat' dir='ltr'><strong>judicii</strong></span> <span class='ocrx_word' id='word_1_716' title='bbox 3284 4639 3349 4678; x_wconf 86' lang='lat' dir='ltr'><strong>ac</strong></span> <span class='ocrx_word' id='word_1_717' title='bbox 3405 4640 3552 4681; x_wconf 67' lang='lat' dir='ltr'><strong>sana:</strong></span> 
     </span>
    </p>
   </div>
   <div class='ocr_carea' id='block_1_92' title="bbox 247 4718 620 4774">
    <p class='ocr_par' dir='ltr' id='par_1_92' title="bbox 247 4718 620 4774">
     <span class='ocr_line' id='line_1_92' title="bbox 247 4718 620 4774; baseline 0.011 -4"><span class='ocrx_word' id='word_1_718' title='bbox 247 4718 489 4772; x_wconf 81' lang='lat' dir='ltr'><strong>rationis</strong></span> <span class='ocrx_word' id='word_1_719' title='bbox 518 4730 620 4774; x_wconf 85' lang='lat' dir='ltr'><strong>est.</strong></span> 
     </span>
    </p>
   </div>
   <div class='ocr_carea' id='block_1_93' title="bbox 329 4806 1848 4878">
    <p class='ocr_par' dir='ltr' id='par_1_93' title="bbox 329 4808 1840 4878">
     <span class='ocr_line' id='line_1_93' title="bbox 329 4808 1840 4878; baseline -0.004 -12"><span class='ocrx_word' id='word_1_720' title='bbox 329 4812 496 4867; x_wconf 81' lang='grc' dir='ltr'><strong>οὕτω</strong></span> <span class='ocrx_word' id='word_1_721' title='bbox 521 4815 726 4877; x_wconf 75' lang='grc' dir='ltr'><strong>τοίνυν,</strong></span> <span class='ocrx_word' id='word_1_722' title='bbox 755 4812 898 4866; x_wconf 68' lang='grc' dir='ltr'><strong>κατὰ</strong></span> <span class='ocrx_word' id='word_1_723' title='bbox 929 4811 1178 4876; x_wconf 83' lang='grc' dir='ltr'><strong>τούτους,</strong></span> <span class='ocrx_word' id='word_1_724' title='bbox 1217 4809 1316 4864; x_wconf 76' lang='grc' dir='ltr'><strong>καὶ</strong></span> <span class='ocrx_word' id='word_1_725' title='bbox 1357 4808 1438 4862; x_wconf 79' lang='grc' dir='ltr'><strong>ἔτι</strong></span> <span class='ocrx_word' id='word_1_726' title='bbox 1486 4809 1708 4872; x_wconf 60' lang='grc' dir='ltr'><strong>πλείους</strong></span> <span class='ocrx_word' id='word_1_727' title='bbox 1741 4810 1840 4878; x_wconf 80' lang='grc' dir='ltr'><strong>τῆς</strong></span> 
     </span>
    </p>
   </div>
   <div class='ocr_carea' id='block_1_94' title="bbox 1953 4806 3552 4878">
    <p class='ocr_par' dir='ltr' id='par_1_94' title="bbox 2023 4806 3552 4878">
     <span class='ocr_line' id='line_1_94' title="bbox 2023 4806 3552 4878; baseline 0 -16"><span class='ocrx_word' id='word_1_728' title='bbox 2023 4807 2116 4863; x_wconf 88' lang='lat' dir='ltr'><strong>Sic</strong></span> <span class='ocrx_word' id='word_1_729' title='bbox 2151 4808 2338 4878; x_wconf 79' lang='lat' dir='ltr'><strong>igitur,</strong></span> <span class='ocrx_word' id='word_1_730' title='bbox 2377 4817 2734 4876; x_wconf 85' lang='lat' dir='ltr'><strong>posteaquam</strong></span> <span class='ocrx_word' id='word_1_731' title='bbox 2775 4806 2894 4868; x_wconf 86' lang='lat' dir='ltr'><strong>his,</strong></span> <span class='ocrx_word' id='word_1_732' title='bbox 2936 4822 3075 4876; x_wconf 83' lang='lat' dir='ltr'><strong>quos</strong></span> <span class='ocrx_word' id='word_1_733' title='bbox 3111 4806 3367 4872; x_wconf 63' lang='lat' dir='ltr'><strong>diximus,</strong></span> <span class='ocrx_word' id='word_1_734' title='bbox 3400 4807 3552 4862; x_wconf 68' lang='lat' dir='ltr'><strong>alits-</strong></span> 
     </span>
    </p>
   </div>
   <div class='ocr_carea' id='block_1_95' title="bbox 243 4901 1844 4974">
    <p class='ocr_par' dir='ltr' id='par_1_95' title="bbox 243 4901 1844 4974">
     <span class='ocr_line' id='line_1_95' title="bbox 243 4901 1844 4974; baseline -0.004 -16"><span class='ocrx_word' id='word_1_735' title='bbox 243 4907 521 4974; x_wconf 69' lang='grc' dir='ltr'><strong>διαφορᾶς</strong></span> <span class='ocrx_word' id='word_1_736' title='bbox 549 4907 641 4968; x_wconf 73' lang='grc' dir='ltr'><strong>καὶ</strong></span> <span class='ocrx_word' id='word_1_737' title='bbox 665 4905 993 4967; x_wconf 73' lang='grc' dir='ltr'><strong>ἀντιθέσεως</strong></span> <span class='ocrx_word' id='word_1_738' title='bbox 1032 4903 1294 4974; x_wconf 88' lang='grc' dir='ltr'><strong>τρόπους,</strong></span> <span class='ocrx_word' id='word_1_739' title='bbox 1321 4903 1412 4968; x_wconf 82' lang='grc' dir='ltr'><strong>τὸν</strong></span> <span class='ocrx_word' id='word_1_740' title='bbox 1444 4901 1544 4954; x_wconf 64' lang='grc' dir='ltr'><strong>ἕνα</strong></span> <span class='ocrx_word' id='word_1_741' title='bbox 1579 4901 1721 4971; x_wconf 73' lang='grc' dir='ltr'><strong>θεὸν</strong></span> <span class='ocrx_word' id='word_1_742' title='bbox 1762 4903 1844 4963; x_wconf 86' lang='grc' dir='ltr'><strong>είς</strong></span> 
     </span>
    </p>
   </div>
   <div class='ocr_carea' id='block_1_96' title="bbox 243 4992 1844 5070">
    <p class='ocr_par' dir='ltr' id='par_1_96' title="bbox 243 4992 1844 5070">
     <span class='ocr_line' id='line_1_96' title="bbox 243 4992 1844 5070; baseline -0.004 -19"><span class='ocrx_word' id='word_1_743' title='bbox 243 5000 449 5052; x_wconf 76' lang='grc' dir='ltr'><strong>οὐσίαν</strong></span> <span class='ocrx_word' id='word_1_744' title='bbox 476 4999 570 5053; x_wconf 73' lang='grc' dir='ltr'><strong>καὶ</strong></span> <span class='ocrx_word' id='word_1_745' title='bbox 599 4999 876 5070; x_wconf 73' lang='grc' dir='ltr'><strong>ἐνέργειαν</strong></span> <span class='ocrx_word' id='word_1_746' title='bbox 905 4997 1194 5066; x_wconf 77' lang='grc' dir='ltr'><strong>διελόντες,</strong></span> <span class='ocrx_word' id='word_1_747' title='bbox 1231 4995 1429 5059; x_wconf 72' lang='grc' dir='ltr'><strong>ἔπειτα</strong></span> <span class='ocrx_word' id='word_1_748' title='bbox 1462 4993 1655 5062; x_wconf 78' lang='grc' dir='ltr'><strong>ὥσπερ</strong></span> <span class='ocrx_word' id='word_1_749' title='bbox 1693 4992 1759 5047; x_wconf 82' lang='grc' dir='ltr'><strong>ἂν</strong></span> <span class='ocrx_word' id='word_1_750' title='bbox 1793 4993 1844 5044; x_wconf 87' lang='grc' dir='ltr'><strong>εἰ</strong></span> 
     </span>
    </p>
   </div>
   <div class='ocr_carea' id='block_1_97' title="bbox 246 5084 1845 5162">
    <p class='ocr_par' dir='ltr' id='par_1_97' title="bbox 246 5084 1845 5162">
     <span class='ocr_line' id='line_1_97' title="bbox 246 5084 1845 5162; baseline -0.003 -19"><span class='ocrx_word' id='word_1_751' title='bbox 246 5095 335 5162; x_wconf 81' lang='grc' dir='ltr'><strong>μὴ</strong></span> <span class='ocrx_word' id='word_1_752' title='bbox 367 5094 400 5162; x_wconf 75' lang='grc' dir='ltr'>ἡ</span> <span class='ocrx_word' id='word_1_753' title='bbox 431 5092 592 5146; x_wconf 76' lang='grc' dir='ltr'><strong>οὐσία</strong></span> <span class='ocrx_word' id='word_1_754' title='bbox 620 5093 716 5146; x_wconf 82' lang='grc' dir='ltr'><strong>καὶ</strong></span> <span class='ocrx_word' id='word_1_755' title='bbox 741 5091 805 5156; x_wconf 78' lang='grc' dir='ltr'><strong>τὸ</strong></span> <span class='ocrx_word' id='word_1_756' title='bbox 826 5090 1103 5154; x_wconf 81' lang='grc' dir='ltr'><strong>ἁνοὺσιον,</strong></span> <span class='ocrx_word' id='word_1_757' title='bbox 1138 5091 1232 5154; x_wconf 76' lang='grc' dir='ltr'><strong>καὶ</strong></span> <span class='ocrx_word' id='word_1_758' title='bbox 1261 5088 1322 5143; x_wconf 84' lang='grc' dir='ltr'><strong>τὸ</strong></span> <span class='ocrx_word' id='word_1_759' title='bbox 1345 5087 1595 5157; x_wconf 86' lang='grc' dir='ltr'><strong>ὑφεστὼς</strong></span> <span class='ocrx_word' id='word_1_760' title='bbox 1632 5087 1728 5140; x_wconf 79' lang='grc' dir='ltr'><strong>καὶ</strong></span> <span class='ocrx_word' id='word_1_761' title='bbox 1769 5084 1845 5160; x_wconf 65' lang='grc' dir='ltr'><strong>μὴ</strong></span> 
     </span>
    </p>
   </div>
   <div class='ocr_carea' id='block_1_98' title="bbox 240 5179 1846 5256">
    <p class='ocr_par' dir='ltr' id='par_1_98' title="bbox 240 5179 1846 5256">
     <span class='ocr_line' id='line_1_98' title="bbox 240 5179 1846 5256; baseline -0.004 -17"><span class='ocrx_word' id='word_1_762' title='bbox 240 5186 530 5254; x_wconf 76' lang='grc' dir='ltr'><strong>ὑφεστὼς,</strong></span> <span class='ocrx_word' id='word_1_763' title='bbox 557 5188 656 5240; x_wconf 79' lang='grc' dir='ltr'><strong>καὶ</strong></span> <span class='ocrx_word' id='word_1_764' title='bbox 681 5186 744 5240; x_wconf 81' lang='grc' dir='ltr'><strong>τὸ</strong></span> <span class='ocrx_word' id='word_1_765' title='bbox 781 5185 979 5256; x_wconf 83' lang='grc' dir='ltr'><strong>ὁρατὸν</strong></span> <span class='ocrx_word' id='word_1_766' title='bbox 1034 5185 1128 5247; x_wconf 76' lang='grc' dir='ltr'><strong>καὶ</strong></span> <span class='ocrx_word' id='word_1_767' title='bbox 1158 5184 1414 5254; x_wconf 84' lang='grc' dir='ltr'><strong>ἀόρατον,</strong></span> <span class='ocrx_word' id='word_1_768' title='bbox 1462 5182 1556 5242; x_wconf 73' lang='grc' dir='ltr'><strong>καὶ</strong></span> <span class='ocrx_word' id='word_1_769' title='bbox 1581 5180 1653 5232; x_wconf 74' lang='grc' dir='ltr'><strong>τὰ</strong></span> <span class='ocrx_word' id='word_1_770' title='bbox 1681 5179 1846 5234; x_wconf 82' lang='grc' dir='ltr'><strong>λοιπὰ</strong></span> 
     </span>
    </p>
   </div>
   <div class='ocr_carea' id='block_1_99' title="bbox 239 5273 1870 5356">
    <p class='ocr_par' dir='ltr' id='par_1_99' title="bbox 239 5273 1870 5356">
     <span class='ocr_line' id='line_1_99' title="bbox 239 5273 1870 5356; baseline -0.003 -26"><span class='ocrx_word' id='word_1_771' title='bbox 239 5279 371 5330; x_wconf 80' lang='grc' dir='ltr'><strong>τῶν</strong></span> <span class='ocrx_word' id='word_1_772' title='bbox 428 5277 784 5356; x_wconf 48' lang='grc' dir='ltr'><strong>ἀντιθέσεω-ν,</strong></span> <span class='ocrx_word' id='word_1_773' title='bbox 844 5281 926 5340; x_wconf 87' lang='grc' dir='ltr'><strong>είς</strong></span> <span class='ocrx_word' id='word_1_774' title='bbox 982 5277 1041 5332; x_wconf 82' lang='grc' dir='ltr'><strong>ἓν</strong></span> <span class='ocrx_word' id='word_1_775' title='bbox 1123 5277 1540 5346; x_wconf 74' lang='grc' dir='ltr'><strong>συνερχόμενα,</strong></span> <span class='ocrx_word' id='word_1_776' title='bbox 1597 5273 1870 5356; x_wconf 65' lang='grc' dir='ltr'><strong>σύνθεσιν</strong></span> 
     </span>
    </p>
   </div>
   <div class='ocr_carea' id='block_1_100' title="bbox 238 5349 1849 5442">
    <p class='ocr_par' dir='ltr' id='par_1_100' title="bbox 238 5349 1849 5442">
     <span class='ocr_line' id='line_1_100' title="bbox 238 5349 1849 5442; baseline -0.002 -18"><span class='ocrx_word' id='word_1_777' title='bbox 238 5372 477 5434; x_wconf 64' lang='grc' dir='ltr'><strong>ἐποίουν</strong></span> <span class='ocrx_word' id='word_1_778' title='bbox 508 5349 799 5440; x_wconf 60' lang='grc' dir='ltr'><strong>(σύνθετον</strong></span> <span class='ocrx_word' id='word_1_779' title='bbox 822 5372 930 5441; x_wconf 78' lang='grc' dir='ltr'><strong>γάρ</strong></span> <span class='ocrx_word' id='word_1_780' title='bbox 960 5374 1078 5432; x_wconf 79' lang='grc' dir='ltr'><strong>ἐστι</strong></span> <span class='ocrx_word' id='word_1_781' title='bbox 1102 5371 1164 5423; x_wconf 80' lang='grc' dir='ltr'><strong>τὸ</strong></span> <span class='ocrx_word' id='word_1_782' title='bbox 1191 5373 1257 5424; x_wconf 82' lang='grc' dir='ltr'><strong>ὲκ</strong></span> <span class='ocrx_word' id='word_1_783' title='bbox 1286 5367 1499 5440; x_wconf 78' lang='grc' dir='ltr'><strong>πολλῶν</strong></span> <span class='ocrx_word' id='word_1_784' title='bbox 1524 5371 1620 5435; x_wconf 75' lang='grc' dir='ltr'><strong>καὶ</strong></span> <span class='ocrx_word' id='word_1_785' title='bbox 1655 5367 1849 5442; x_wconf 71' lang='grc' dir='ltr'><strong>διαφά·</strong></span> 
     </span>
    </p>
   </div>
   <div class='ocr_carea' id='block_1_101' title="bbox 242 5459 1848 5532">
    <p class='ocr_par' dir='ltr' id='par_1_101' title="bbox 242 5459 1848 5532">
     <span class='ocr_line' id='line_1_101' title="bbox 242 5459 1848 5532; baseline -0.001 -17"><span class='ocrx_word' id='word_1_786' title='bbox 242 5481 372 5532; x_wconf 79' lang='grc' dir='ltr'><strong>ρων</strong></span> <span class='ocrx_word' id='word_1_787' title='bbox 402 5463 839 5532; x_wconf 81' lang='grc' dir='ltr'><strong>συγκείμενον,ῆ</strong></span> <span class='ocrx_word' id='word_1_788' title='bbox 873 5464 934 5514; x_wconf 75' lang='grc' dir='ltr'><strong>τὸ</strong></span> <span class='ocrx_word' id='word_1_789' title='bbox 955 5463 1170 5526; x_wconf 79' lang='grc' dir='ltr'><strong>πολλοῖς</strong></span> <span class='ocrx_word' id='word_1_790' title='bbox 1208 5462 1290 5526; x_wconf 78' lang='grc' dir='ltr'><strong>είς</strong></span> <span class='ocrx_word' id='word_1_791' title='bbox 1339 5460 1514 5515; x_wconf 86' lang='grc' dir='ltr'><strong>ταυτὸ</strong></span> <span class='ocrx_word' id='word_1_792' title='bbox 1567 5459 1848 5523; x_wconf 78' lang='grc' dir='ltr'><strong>συνιοῦσιν</strong></span> 
     </span>
    </p>
   </div>
   <div class='ocr_carea' id='block_1_102' title="bbox 239 5551 1844 5625">
    <p class='ocr_par' dir='ltr' id='par_1_102' title="bbox 239 5551 1844 5625">
     <span class='ocr_line' id='line_1_102' title="bbox 239 5551 1844 5625; baseline -0.001 -18"><span class='ocrx_word' id='word_1_793' title='bbox 239 5555 728 5625; x_wconf 74' lang='grc' dir='ltr'><strong>ἀπαρτιζόμενον,</strong></span> <span class='ocrx_word' id='word_1_794' title='bbox 754 5555 896 5617; x_wconf 79' lang='grc' dir='ltr'><strong>κατὰ</strong></span> <span class='ocrx_word' id='word_1_795' title='bbox 934 5555 1030 5624; x_wconf 76' lang='grc' dir='ltr'><strong>τὴν</strong></span> <span class='ocrx_word' id='word_1_796' title='bbox 1069 5554 1180 5614; x_wconf 82' lang='grc' dir='ltr'><strong>τῶν</strong></span> <span class='ocrx_word' id='word_1_797' title='bbox 1212 5551 1485 5620; x_wconf 62' lang='grc' dir='ltr'><strong>θεολόγων</strong></span> <span class='ocrx_word' id='word_1_798' title='bbox 1519 5551 1738 5619; x_wconf 80' lang='grc' dir='ltr'><strong>ἀπλανῆ</strong></span> <span class='ocrx_word' id='word_1_799' title='bbox 1763 5551 1844 5613; x_wconf 85' lang='grc' dir='ltr'><strong>δι-</strong></span> 
     </span>
    </p>
   </div>
   <div class='ocr_carea' id='block_1_103' title="bbox 235 5641 1846 5716">
    <p class='ocr_par' dir='ltr' id='par_1_103' title="bbox 235 5641 1846 5716">
     <span class='ocr_line' id='line_1_103' title="bbox 235 5641 1846 5716; baseline -0.002 -17"><span class='ocrx_word' id='word_1_800' title='bbox 235 5645 607 5715; x_wconf 81' lang='grc' dir='ltr'><strong>δασκαλίαν),</strong></span> <span class='ocrx_word' id='word_1_801' title='bbox 630 5646 1060 5716; x_wconf 76' lang='grc' dir='ltr'><strong>διισχυρίζονται</strong></span> <span class='ocrx_word' id='word_1_802' title='bbox 1095 5644 1170 5716; x_wconf 78' lang='grc' dir='ltr'><strong>μὴ</strong></span> <span class='ocrx_word' id='word_1_803' title='bbox 1212 5645 1466 5714; x_wconf 87' lang='grc' dir='ltr'><strong>γίνεσθαι</strong></span> <span class='ocrx_word' id='word_1_804' title='bbox 1499 5643 1752 5697; x_wconf 79' lang='grc' dir='ltr'><strong>σύνθεσιν</strong></span> <span class='ocrx_word' id='word_1_805' title='bbox 1781 5641 1846 5695; x_wconf 73' lang='grc' dir='ltr'><strong>ἐκ</strong></span> 
     </span>
    </p>
   </div>
   <div class='ocr_carea' id='block_1_104' title="bbox 235 5729 1845 5808">
    <p class='ocr_par' dir='ltr' id='par_1_104' title="bbox 235 5729 1845 5808">
     <span class='ocr_line' id='line_1_104' title="bbox 235 5729 1845 5808; baseline -0.004 -19"><span class='ocrx_word' id='word_1_806' title='bbox 235 5755 308 5789; x_wconf 83' lang='grc' dir='ltr'><strong>τε</strong></span> <span class='ocrx_word' id='word_1_807' title='bbox 344 5737 448 5808; x_wconf 83' lang='grc' dir='ltr'><strong>τῆς</strong></span> <span class='ocrx_word' id='word_1_808' title='bbox 474 5736 666 5799; x_wconf 86' lang='grc' dir='ltr'><strong>οὐσίας</strong></span> <span class='ocrx_word' id='word_1_809' title='bbox 711 5737 805 5789; x_wconf 81' lang='grc' dir='ltr'><strong>τοῦ</strong></span> <span class='ocrx_word' id='word_1_810' title='bbox 849 5735 1010 5799; x_wconf 83' lang='grc' dir='ltr'><strong>Θεοῦ,</strong></span> <span class='ocrx_word' id='word_1_811' title='bbox 1069 5737 1164 5790; x_wconf 78' lang='grc' dir='ltr'><strong>καὶ</strong></span> <span class='ocrx_word' id='word_1_812' title='bbox 1209 5729 1288 5789; x_wconf 83' lang='grc' dir='ltr'><strong>ὧν</strong></span> <span class='ocrx_word' id='word_1_813' title='bbox 1340 5734 1633 5804; x_wconf 75' lang='grc' dir='ltr'><strong>φρονοῦσιν</strong></span> <span class='ocrx_word' id='word_1_814' title='bbox 1689 5729 1845 5788; x_wconf 74' lang='grc' dir='ltr'><strong>αὑτοὶ</strong></span> 
     </span>
    </p>
   </div>
   <div class='ocr_carea' id='block_1_105' title="bbox 236 5823 1841 5902">
    <p class='ocr_par' dir='ltr' id='par_1_105' title="bbox 236 5823 1841 5902">
     <span class='ocr_line' id='line_1_105' title="bbox 236 5823 1841 5902; baseline -0.004 -17"><span class='ocrx_word' id='word_1_815' title='bbox 236 5829 669 5902; x_wconf 73' lang='grc' dir='ltr'><strong>πραγματικῶς</strong></span> <span class='ocrx_word' id='word_1_816' title='bbox 717 5830 990 5901; x_wconf 80' lang='grc' dir='ltr'><strong>διαφόρων</strong></span> <span class='ocrx_word' id='word_1_817' title='bbox 1049 5831 1422 5898; x_wconf 72' lang='grc' dir='ltr'><strong>συνυπάρχειν</strong></span> <span class='ocrx_word' id='word_1_818' title='bbox 1466 5827 1629 5898; x_wconf 71' lang='grc' dir='ltr'><strong>αὑτῇ,</strong></span> <span class='ocrx_word' id='word_1_819' title='bbox 1688 5823 1841 5897; x_wconf 70' lang='grc' dir='ltr'><strong>παρὰ</strong></span> 
     </span>
    </p>
   </div>
   <div class='ocr_carea' id='block_1_106' title="bbox 239 5906 1838 6006">
    <p class='ocr_par' dir='ltr' id='par_1_106' title="bbox 239 5906 1838 6006">
     <span class='ocr_line' id='line_1_106' title="bbox 239 5906 1838 6006; baseline -0.006 -25"><span class='ocrx_word' id='word_1_820' title='bbox 239 5924 442 5991; x_wconf 63' lang='grc' dir='ltr'><strong>πάντα</strong></span> <span class='ocrx_word' id='word_1_821' title='bbox 463 5921 619 5994; x_wconf 87' lang='grc' dir='ltr'><strong>λόγον</strong></span> <span class='ocrx_word' id='word_1_822' title='bbox 643 5922 738 5977; x_wconf 73' lang='grc' dir='ltr'><strong>καὶ</strong></span> <span class='ocrx_word' id='word_1_823' title='bbox 769 5923 947 5978; x_wconf 70' lang='grc' dir='ltr'><strong>πᾶσαν</strong></span> <span class='ocrx_word' id='word_1_824' title='bbox 987 5921 1337 6006; x_wconf 70' lang='grc' dir='ltr'><strong>διδασκαλίαν</strong></span> <span class='ocrx_word' id='word_1_825' title='bbox 1353 5920 1461 5977; x_wconf 81' lang='grc' dir='ltr'><strong>τῶν</strong></span> <span class='ocrx_word' id='word_1_826' title='bbox 1497 5906 1660 5991; x_wconf 74' lang='grc' dir='ltr'><strong>ἱερῶν</strong></span> <span class='ocrx_word' id='word_1_827' title='bbox 1687 5918 1838 5972; x_wconf 74' lang='grc' dir='ltr'><strong>διδα-</strong></span> 
     </span>
    </p>
   </div>
   <div class='ocr_carea' id='block_1_107' title="bbox 1951 4899 3551 4970">
    <p class='ocr_par' dir='ltr' id='par_1_107' title="bbox 1951 4899 3551 4970">
     <span class='ocr_line' id='line_1_107' title="bbox 1951 4899 3551 4970; baseline 0.001 -17"><span class='ocrx_word' id='word_1_828' title='bbox 1951 4915 2060 4970; x_wconf 89' lang='lat' dir='ltr'><strong>que</strong></span> <span class='ocrx_word' id='word_1_829' title='bbox 2121 4899 2368 4969; x_wconf 82' lang='lat' dir='ltr'><strong>pluribus</strong></span> <span class='ocrx_word' id='word_1_830' title='bbox 2417 4900 2785 4966; x_wconf 78' lang='lat' dir='ltr'><strong>distinctionis</strong></span> <span class='ocrx_word' id='word_1_831' title='bbox 2836 4915 2899 4952; x_wconf 86' lang='lat' dir='ltr'><strong>ac</strong></span> <span class='ocrx_word' id='word_1_832' title='bbox 2954 4900 3316 4968; x_wconf 86' lang='lat' dir='ltr'><strong>Oppositiouis</strong></span> <span class='ocrx_word' id='word_1_833' title='bbox 3370 4901 3551 4956; x_wconf 67' lang='lat' dir='ltr'><strong>modis</strong></span> 
     </span>
    </p>
   </div>
   <div class='ocr_carea' id='block_1_108' title="bbox 1954 4992 3557 5060">
    <p class='ocr_par' dir='ltr' id='par_1_108' title="bbox 1954 4992 3557 5060">
     <span class='ocr_line' id='line_1_108' title="bbox 1954 4992 3557 5060; baseline 0.001 -15"><span class='ocrx_word' id='word_1_834' title='bbox 1954 5007 2118 5060; x_wconf 75' lang='lat' dir='ltr'><strong>unum</strong></span> <span class='ocrx_word' id='word_1_835' title='bbox 2157 4992 2327 5045; x_wconf 87' lang='lat' dir='ltr'><strong>Deum</strong></span> <span class='ocrx_word' id='word_1_836' title='bbox 2377 4992 2429 5049; x_wconf 86' lang='lat' dir='ltr'><strong>in</strong></span> <span class='ocrx_word' id='word_1_837' title='bbox 2481 4993 2780 5047; x_wconf 74' lang='lat' dir='ltr'><strong>essentiam</strong></span> <span class='ocrx_word' id='word_1_838' title='bbox 2835 5001 2890 5044; x_wconf 85' lang='lat' dir='ltr'><strong>et</strong></span> <span class='ocrx_word' id='word_1_839' title='bbox 2940 4993 3317 5060; x_wconf 71' lang='lat' dir='ltr'><strong>operationem</strong></span> <span class='ocrx_word' id='word_1_840' title='bbox 3351 4994 3557 5048; x_wconf 69' lang='lat' dir='ltr'><strong>divise-</strong></span> 
     </span>
    </p>
   </div>
   <div class='ocr_carea' id='block_1_109' title="bbox 1954 5085 3552 5160">
    <p class='ocr_par' dir='ltr' id='par_1_109' title="bbox 1954 5085 3552 5160">
     <span class='ocr_line' id='line_1_109' title="bbox 1954 5085 3552 5160; baseline 0.002 -23"><span class='ocrx_word' id='word_1_841' title='bbox 1954 5094 2122 5150; x_wconf 88' lang='lat' dir='ltr'><strong>runt;</strong></span> <span class='ocrx_word' id='word_1_842' title='bbox 2175 5085 2371 5139; x_wconf 87' lang='lat' dir='ltr'><strong>deinde</strong></span> <span class='ocrx_word' id='word_1_843' title='bbox 2409 5096 2672 5154; x_wconf 87' lang='lat' dir='ltr'><strong>tanquam</strong></span> <span class='ocrx_word' id='word_1_844' title='bbox 2731 5086 2971 5141; x_wconf 88' lang='lat' dir='ltr'><strong>essentia</strong></span> <span class='ocrx_word' id='word_1_845' title='bbox 3002 5137 3018 5160; x_wconf 72' lang='grc'><strong>,</strong></span> <span class='ocrx_word' id='word_1_846' title='bbox 3053 5097 3107 5140; x_wconf 86' lang='grc' dir='ltr'><strong>ει</strong></span> <span class='ocrx_word' id='word_1_847' title='bbox 3135 5087 3278 5156; x_wconf 86' lang='lat' dir='ltr'><strong>quod</strong></span> <span class='ocrx_word' id='word_1_848' title='bbox 3313 5087 3552 5142; x_wconf 87' lang='lat' dir='ltr'><strong>essentia</strong></span> 
     </span>
    </p>
   </div>
   <div class='ocr_carea' id='block_1_110' title="bbox 1954 5175 3556 5248">
    <p class='ocr_par' dir='ltr' id='par_1_110' title="bbox 1954 5175 3556 5248">
     <span class='ocr_line' id='line_1_110' title="bbox 1954 5175 3556 5248; baseline 0.003 -21"><span class='ocrx_word' id='word_1_849' title='bbox 1954 5183 2134 5248; x_wconf 63' lang='lat' dir='ltr'><strong>caret,</strong></span> <span class='ocrx_word' id='word_1_850' title='bbox 2161 5175 2416 5244; x_wconf 86' lang='lat' dir='ltr'><strong>quodque</strong></span> <span class='ocrx_word' id='word_1_851' title='bbox 2475 5175 2724 5230; x_wconf 81' lang='lat' dir='ltr'><strong>subsistit</strong></span> <span class='ocrx_word' id='word_1_852' title='bbox 2753 5216 2768 5238; x_wconf 91' lang='lat'><strong>,</strong></span> <span class='ocrx_word' id='word_1_853' title='bbox 2815 5187 2868 5230; x_wconf 89' lang='lat' dir='ltr'><strong>et</strong></span> <span class='ocrx_word' id='word_1_854' title='bbox 2895 5180 3041 5246; x_wconf 87' lang='lat' dir='ltr'><strong>quod</strong></span> <span class='ocrx_word' id='word_1_855' title='bbox 3072 5195 3180 5233; x_wconf 91' lang='lat' dir='ltr'><strong>nun</strong></span> <span class='ocrx_word' id='word_1_856' title='bbox 3221 5194 3349 5234; x_wconf 89' lang='lat' dir='ltr'><strong>vere</strong></span> <span class='ocrx_word' id='word_1_857' title='bbox 3381 5182 3556 5234; x_wconf 74' lang='lat' dir='ltr'><strong>exsis-</strong></span> 
     </span>
    </p>
   </div>
   <div class='ocr_carea' id='block_1_111' title="bbox 1960 5267 3550 5338">
    <p class='ocr_par' dir='ltr' id='par_1_111' title="bbox 1960 5267 3550 5338">
     <span class='ocr_line' id='line_1_111' title="bbox 1960 5267 3550 5338; baseline 0.004 -20"><span class='ocrx_word' id='word_1_858' title='bbox 1960 5274 2078 5319; x_wconf 88' lang='lat' dir='ltr'><strong>tens</strong></span> <span class='ocrx_word' id='word_1_859' title='bbox 2107 5275 2290 5329; x_wconf 83' lang='lat' dir='ltr'><strong>est,ac</strong></span> <span class='ocrx_word' id='word_1_860' title='bbox 2312 5267 2536 5337; x_wconf 88' lang='lat' dir='ltr'><strong>reliqua</strong></span> <span class='ocrx_word' id='word_1_861' title='bbox 2565 5269 2650 5323; x_wconf 90' lang='lat' dir='ltr'><strong>sic</strong></span> <span class='ocrx_word' id='word_1_862' title='bbox 2688 5268 2961 5338; x_wconf 73' lang='lat' dir='ltr'><strong>opposita;</strong></span> <span class='ocrx_word' id='word_1_863' title='bbox 3001 5269 3053 5324; x_wconf 91' lang='lat' dir='ltr'><strong>in</strong></span> <span class='ocrx_word' id='word_1_864' title='bbox 3074 5287 3241 5325; x_wconf 87' lang='lat' dir='ltr'><strong>unum</strong></span> <span class='ocrx_word' id='word_1_865' title='bbox 3275 5271 3550 5333; x_wconf 83' lang='lat' dir='ltr'><strong>coeuntia,</strong></span> 
     </span>
    </p>
   </div>
   <div class='ocr_carea' id='block_1_112' title="bbox 1956 5357 3551 5430">
    <p class='ocr_par' dir='ltr' id='par_1_112' title="bbox 1956 5357 3551 5430">
     <span class='ocr_line' id='line_1_112' title="bbox 1956 5357 3551 5430; baseline -0.001 -18"><span class='ocrx_word' id='word_1_866' title='bbox 1956 5357 2418 5428; x_wconf 82' lang='lat' dir='ltr'><strong>compositionem</strong></span> <span class='ocrx_word' id='word_1_867' title='bbox 2443 5375 2550 5413; x_wconf 89' lang='lat' dir='ltr'><strong>nou</strong></span> <span class='ocrx_word' id='word_1_868' title='bbox 2581 5358 2828 5414; x_wconf 81' lang='lat' dir='ltr'><strong>facerent</strong></span> <span class='ocrx_word' id='word_1_869' title='bbox 2858 5359 3243 5430; x_wconf 76' lang='lat' dir='ltr'><strong>(compositum</strong></span> <span class='ocrx_word' id='word_1_870' title='bbox 3269 5361 3415 5415; x_wconf 87' lang='lat' dir='ltr'><strong>enim</strong></span> <span class='ocrx_word' id='word_1_871' title='bbox 3443 5369 3551 5418; x_wconf 89' lang='lat' dir='ltr'><strong>est.</strong></span> 
     </span>
    </p>
   </div>
   <div class='ocr_carea' id='block_1_113' title="bbox 1957 5451 3550 5523">
    <p class='ocr_par' dir='ltr' id='par_1_113' title="bbox 1957 5451 3550 5523">
     <span class='ocr_line' id='line_1_113' title="bbox 1957 5451 3550 5523; baseline -0.001 -17"><span class='ocrx_word' id='word_1_872' title='bbox 1957 5453 2102 5522; x_wconf 74' lang='lat' dir='ltr'><strong>quod</strong></span> <span class='ocrx_word' id='word_1_873' title='bbox 2136 5467 2201 5523; x_wconf 66' lang='lat' dir='ltr'><strong>es</strong></span> <span class='ocrx_word' id='word_1_874' title='bbox 2237 5451 2426 5507; x_wconf 87' lang='lat' dir='ltr'><strong>multis</strong></span> <span class='ocrx_word' id='word_1_875' title='bbox 2458 5460 2624 5520; x_wconf 88' lang='lat' dir='ltr'><strong>atque</strong></span> <span class='ocrx_word' id='word_1_876' title='bbox 2656 5452 2932 5508; x_wconf 86' lang='lat' dir='ltr'><strong>distinctis</strong></span> <span class='ocrx_word' id='word_1_877' title='bbox 2972 5464 3212 5518; x_wconf 87' lang='lat' dir='ltr'><strong>constat,</strong></span> <span class='ocrx_word' id='word_1_878' title='bbox 3243 5455 3358 5507; x_wconf 85' lang='lat' dir='ltr'><strong>sive</strong></span> <span class='ocrx_word' id='word_1_879' title='bbox 3403 5452 3550 5520; x_wconf 89' lang='lat' dir='ltr'><strong>quod</strong></span> 
     </span>
    </p>
   </div>
   <div class='ocr_carea' id='block_1_114' title="bbox 1956 5543 3548 5619">
    <p class='ocr_par' dir='ltr' id='par_1_114' title="bbox 1956 5543 3548 5619">
     <span class='ocr_line' id='line_1_114' title="bbox 1956 5543 3548 5619; baseline 0 -21"><span class='ocrx_word' id='word_1_880' title='bbox 1956 5544 2145 5598; x_wconf 88' lang='lat' dir='ltr'><strong>multis</strong></span> <span class='ocrx_word' id='word_1_881' title='bbox 2171 5543 2228 5608; x_wconf 89' lang='lat' dir='ltr'><strong>in</strong></span> <span class='ocrx_word' id='word_1_882' title='bbox 2282 5545 2421 5598; x_wconf 85' lang='lat' dir='ltr'><strong>idem</strong></span> <span class='ocrx_word' id='word_1_883' title='bbox 2461 5546 2785 5600; x_wconf 85' lang='lat' dir='ltr'><strong>coeuntibus</strong></span> <span class='ocrx_word' id='word_1_884' title='bbox 2829 5548 3099 5619; x_wconf 80' lang='lat' dir='ltr'><strong>integrum</strong></span> <span class='ocrx_word' id='word_1_885' title='bbox 3138 5561 3201 5600; x_wconf 89' lang='lat' dir='ltr'><strong>ac</strong></span> <span class='ocrx_word' id='word_1_886' title='bbox 3242 5544 3548 5615; x_wconf 82' lang='lat' dir='ltr'><strong>perlectqu</strong></span> 
     </span>
    </p>
   </div>
   <div class='ocr_carea' id='block_1_115' title="bbox 1947 5634 3544 5708">
    <p class='ocr_par' dir='ltr' id='par_1_115' title="bbox 1947 5634 3544 5708">
     <span class='ocr_line' id='line_1_115' title="bbox 1947 5634 3544 5708; baseline -0.001 -18"><span class='ocrx_word' id='word_1_887' title='bbox 1947 5645 2149 5701; x_wconf 58' lang='lat' dir='ltr'><strong>exstat,</strong></span> <span class='ocrx_word' id='word_1_888' title='bbox 2185 5645 2243 5689; x_wconf 91' lang='lat' dir='ltr'><strong>ut</strong></span> <span class='ocrx_word' id='word_1_889' title='bbox 2285 5651 2410 5690; x_wconf 88' lang='lat' dir='ltr'><strong>vera</strong></span> <span class='ocrx_word' id='word_1_890' title='bbox 2443 5651 2508 5690; x_wconf 89' lang='lat' dir='ltr'><strong>ac</strong></span> <span class='ocrx_word' id='word_1_891' title='bbox 2541 5644 2697 5698; x_wconf 76' lang='lat' dir='ltr'><strong>certa</strong></span> <span class='ocrx_word' id='word_1_892' title='bbox 2723 5637 3103 5708; x_wconf 81' lang='lat' dir='ltr'><strong>theologorum</strong></span> <span class='ocrx_word' id='word_1_893' title='bbox 3142 5637 3387 5691; x_wconf 87' lang='lat' dir='ltr'><strong>doctrina</strong></span> <span class='ocrx_word' id='word_1_894' title='bbox 3412 5634 3544 5706; x_wconf 80' lang='lat' dir='ltr'><strong>est).</strong></span> 
     </span>
    </p>
   </div>
   <div class='ocr_carea' id='block_1_116' title="bbox 1951 5727 3546 5798">
    <p class='ocr_par' dir='ltr' id='par_1_116' title="bbox 1951 5727 3546 5798">
     <span class='ocr_line' id='line_1_116' title="bbox 1951 5727 3546 5798; baseline 0.001 -16"><span class='ocrx_word' id='word_1_895' title='bbox 1951 5744 2060 5783; x_wconf 90' lang='lat' dir='ltr'><strong>nou</strong></span> <span class='ocrx_word' id='word_1_896' title='bbox 2103 5728 2220 5784; x_wconf 79' lang='lat' dir='ltr'><strong>ﬁeri</strong></span> <span class='ocrx_word' id='word_1_897' title='bbox 2276 5729 2733 5798; x_wconf 88' lang='lat' dir='ltr'><strong>compositionem</strong></span> <span class='ocrx_word' id='word_1_898' title='bbox 2781 5729 3084 5794; x_wconf 80' lang='lat' dir='ltr'><strong>aliirtuaut,</strong></span> <span class='ocrx_word' id='word_1_899' title='bbox 3116 5743 3182 5782; x_wconf 79' lang='lat' dir='ltr'><strong>ex</strong></span> <span class='ocrx_word' id='word_1_900' title='bbox 3225 5727 3408 5783; x_wconf 87' lang='lat' dir='ltr'><strong>divina</strong></span> <span class='ocrx_word' id='word_1_901' title='bbox 3453 5742 3546 5784; x_wconf 82' lang='lat' dir='ltr'><strong>es-</strong></span> 
     </span>
    </p>
   </div>
   <div class='ocr_carea' id='block_1_117' title="bbox 1947 5819 3546 5890">
    <p class='ocr_par' dir='ltr' id='par_1_117' title="bbox 1947 5819 3546 5890">
     <span class='ocr_line' id='line_1_117' title="bbox 1947 5819 3546 5890; baseline 0.001 -13"><span class='ocrx_word' id='word_1_902' title='bbox 1947 5821 2146 5888; x_wconf 85' lang='lat' dir='ltr'><strong>sentia,</strong></span> <span class='ocrx_word' id='word_1_903' title='bbox 2186 5835 2361 5889; x_wconf 79' lang='lat' dir='ltr'><strong>exque</strong></span> <span class='ocrx_word' id='word_1_904' title='bbox 2388 5819 2478 5886; x_wconf 89' lang='lat' dir='ltr'><strong>iis,</strong></span> <span class='ocrx_word' id='word_1_905' title='bbox 2515 5835 2636 5890; x_wconf 62' lang='lat' dir='ltr'><strong>qua:</strong></span> <span class='ocrx_word' id='word_1_906' title='bbox 2666 5821 2744 5875; x_wconf 90' lang='lat' dir='ltr'><strong>illi</strong></span> <span class='ocrx_word' id='word_1_907' title='bbox 2779 5823 2998 5878; x_wconf 87' lang='lat' dir='ltr'><strong>realiter</strong></span> <span class='ocrx_word' id='word_1_908' title='bbox 3030 5819 3316 5887; x_wconf 83' lang='lat' dir='ltr'><strong>distincta,</strong></span> <span class='ocrx_word' id='word_1_909' title='bbox 3357 5819 3546 5878; x_wconf 63' lang='lat' dir='ltr'><strong>coeti-</strong></span> 
     </span>
    </p>
   </div>
   <div class='ocr_carea' id='block_1_118' title="bbox 1946 5912 3540 5984">
    <p class='ocr_par' dir='ltr' id='par_1_118' title="bbox 1946 5912 3540 5984">
     <span class='ocr_line' id='line_1_118' title="bbox 1946 5912 3540 5984; baseline -0.003 -12"><span class='ocrx_word' id='word_1_910' title='bbox 1946 5926 2093 5972; x_wconf 89' lang='lat' dir='ltr'><strong>stere</strong></span> <span class='ocrx_word' id='word_1_911' title='bbox 2147 5913 2251 5984; x_wconf 83' lang='lat' dir='ltr'><strong>ipsi</strong></span> <span class='ocrx_word' id='word_1_912' title='bbox 2305 5912 2645 5981; x_wconf 79' lang='lat' dir='ltr'><strong>existimant,</strong></span> <span class='ocrx_word' id='word_1_913' title='bbox 2703 5923 2890 5971; x_wconf 87' lang='lat' dir='ltr'><strong>contra</strong></span> <span class='ocrx_word' id='word_1_914' title='bbox 2953 5929 3175 5971; x_wconf 87' lang='lat' dir='ltr'><strong>omnem</strong></span> <span class='ocrx_word' id='word_1_915' title='bbox 3246 5913 3540 5981; x_wconf 79' lang='lat' dir='ltr'><strong>rationem,</strong></span> 
     </span>
    </p>
   </div>
  </div>
