  <div class='ocr_page' id='page_1' title='image "/cluster/home/n/w/nwhite01/storage/ocr_20150623/152/coo.31924054870575/168.png"; bbox 0 0 4052 6422; ppageno 0'>
   <div class='ocr_carea' id='block_1_1' title="bbox 213 380 326 457">
    <p class='ocr_par' dir='ltr' id='par_1_1' title="bbox 213 380 326 457">
     <span class='ocr_line' id='line_1_1' title="bbox 213 380 326 457; baseline -0.009 0"><span class='ocrx_word' id='word_1_1' title='bbox 213 380 326 457; x_wconf 64' lang='grc' dir='ltr'><strong>ΒΞΥ</strong></span> 
     </span>
    </p>
   </div>
   <div class='ocr_carea' id='block_1_2' title="bbox 1216 364 2424 440">
    <p class='ocr_par' dir='ltr' id='par_1_2' title="bbox 1216 364 2424 440">
     <span class='ocr_line' id='line_1_2' title="bbox 1216 364 2424 440; baseline -0.007 0"><span class='ocrx_word' id='word_1_2' title='bbox 1216 372 1315 440; x_wconf 80' lang='lat' dir='ltr'><strong>DE</strong></span> <span class='ocrx_word' id='word_1_3' title='bbox 1359 366 1733 438; x_wconf 62' lang='lat' dir='ltr'><strong>ESSEN&#39;I‘IA</strong></span> <span class='ocrx_word' id='word_1_4' title='bbox 1776 364 1872 435; x_wconf 77' lang='lat' dir='ltr'><strong>ET</strong></span> <span class='ocrx_word' id='word_1_5' title='bbox 1909 365 2424 433; x_wconf 78' lang='lat' dir='ltr'><strong>OPERATIONE.</strong></span> 
     </span>
    </p>
   </div>
   <div class='ocr_carea' id='block_1_3' title="bbox 3358 371 3467 434">
    <p class='ocr_par' dir='ltr' id='par_1_3' title="bbox 3358 371 3467 434">
     <span class='ocr_line' id='line_1_3' title="bbox 3358 371 3467 434; baseline 0 -1"><span class='ocrx_word' id='word_1_6' title='bbox 3358 371 3467 434; x_wconf 76' lang='lat'><strong>3‘22</strong></span> 
     </span>
    </p>
   </div>
   <div class='ocr_carea' id='block_1_4' title="bbox 169 483 1796 575">
    <p class='ocr_par' dir='ltr' id='par_1_4' title="bbox 169 495 1784 575">
     <span class='ocr_line' id='line_1_4' title="bbox 169 495 1784 575; baseline -0.012 -11"><span class='ocrx_word' id='word_1_7' title='bbox 169 549 174 552; x_wconf 85' lang='grc'><strong>-</strong></span> <span class='ocrx_word' id='word_1_8' title='bbox 213 509 327 564; x_wconf 70' lang='grc' dir='ltr'>τῶν</span> <span class='ocrx_word' id='word_1_9' title='bbox 356 499 638 575; x_wconf 66' lang='grc' dir='ltr'>φυσικῶν</span> <span class='ocrx_word' id='word_1_10' title='bbox 653 499 724 554; x_wconf 81' lang='grc' dir='ltr'>ἐν</span> <span class='ocrx_word' id='word_1_11' title='bbox 750 495 825 568; x_wconf 76' lang='grc' dir='ltr'>τῇ</span> <span class='ocrx_word' id='word_1_12' title='bbox 849 497 1031 569; x_wconf 64' lang='grc' dir='ltr'>φύσει</span> <span class='ocrx_word' id='word_1_13' title='bbox 1052 495 1324 566; x_wconf 78' lang='grc' dir='ltr'>γίνεσθαι</span> <span class='ocrx_word' id='word_1_14' title='bbox 1345 495 1784 554; x_wconf 74' lang='grc' dir='ltr'><strong>διδασκόντων,</strong></span> 
     </span>
    </p>
   </div>
   <div class='ocr_carea' id='block_1_5' title="bbox 1899 483 3475 575">
    <p class='ocr_par' dir='ltr' id='par_1_5' title="bbox 1899 483 3475 556">
     <span class='ocr_line' id='line_1_5' title="bbox 1899 483 3475 556; baseline 0.002 -18"><span class='ocrx_word' id='word_1_15' title='bbox 1899 487 1970 539; x_wconf 87' lang='lat' dir='ltr'><strong>ita</strong></span> <span class='ocrx_word' id='word_1_16' title='bbox 2002 495 2059 540; x_wconf 82' lang='lat' dir='ltr'><strong>ut</strong></span> <span class='ocrx_word' id='word_1_17' title='bbox 2095 483 2369 541; x_wconf 78' lang='lat' dir='ltr'><strong>distinctio</strong></span> <span class='ocrx_word' id='word_1_18' title='bbox 2401 486 2513 540; x_wconf 69' lang='lat' dir='ltr'><strong>haec</strong></span> <span class='ocrx_word' id='word_1_19' title='bbox 2543 484 2680 539; x_wconf 84' lang='lat' dir='ltr'><strong>nihil</strong></span> <span class='ocrx_word' id='word_1_20' title='bbox 2730 499 2953 554; x_wconf 76' lang='lat' dir='ltr'><strong>prorsus</strong></span> <span class='ocrx_word' id='word_1_21' title='bbox 3017 484 3225 556; x_wconf 74' lang='lat' dir='ltr'><strong>officiat</strong></span> <span class='ocrx_word' id='word_1_22' title='bbox 3281 488 3475 541; x_wconf 74' lang='lat' dir='ltr'><strong>diuina:</strong></span> 
     </span>
    </p>
   </div>
   <div class='ocr_carea' id='block_1_6' title="bbox 207 585 1780 665">
    <p class='ocr_par' dir='ltr' id='par_1_6' title="bbox 207 585 1780 665">
     <span class='ocr_line' id='line_1_6' title="bbox 207 585 1780 665; baseline -0.013 -10"><span class='ocrx_word' id='word_1_23' title='bbox 207 600 288 665; x_wconf 77' lang='grc' dir='ltr'>ὡς</span> <span class='ocrx_word' id='word_1_24' title='bbox 316 595 438 650; x_wconf 75' lang='grc' dir='ltr'>κατ’</span> <span class='ocrx_word' id='word_1_25' title='bbox 463 592 646 647; x_wconf 79' lang='grc' dir='ltr'>σῦδέν</span> <span class='ocrx_word' id='word_1_26' title='bbox 676 590 917 653; x_wconf 81' lang='grc' dir='ltr'>πάντως</span> <span class='ocrx_word' id='word_1_27' title='bbox 942 587 1062 650; x_wconf 77' lang='grc' dir='ltr'>τὴν</span> <span class='ocrx_word' id='word_1_28' title='bbox 1090 586 1384 656; x_wconf 69' lang='grc' dir='ltr'>διαφορὰν</span> <span class='ocrx_word' id='word_1_29' title='bbox 1403 585 1632 650; x_wconf 85' lang='grc' dir='ltr'>ταύτην</span> <span class='ocrx_word' id='word_1_30' title='bbox 1673 585 1780 636; x_wconf 72' lang='grc' dir='ltr'><strong>λυ-</strong></span> 
     </span>
    </p>
   </div>
   <div class='ocr_carea' id='block_1_7' title="bbox 209 677 1787 760">
    <p class='ocr_par' dir='ltr' id='par_1_7' title="bbox 209 677 1787 760">
     <span class='ocr_line' id='line_1_7' title="bbox 209 677 1787 760; baseline -0.009 -16"><span class='ocrx_word' id='word_1_31' title='bbox 209 685 574 760; x_wconf 86' lang='grc' dir='ltr'>μαινομένην</span> <span class='ocrx_word' id='word_1_32' title='bbox 599 682 675 752; x_wconf 81' lang='grc' dir='ltr'>τῇ</span> <span class='ocrx_word' id='word_1_33' title='bbox 705 683 836 750; x_wconf 77' lang='grc' dir='ltr'>θείᾳ</span> <span class='ocrx_word' id='word_1_34' title='bbox 866 681 1184 748; x_wconf 72' lang='grc' dir='ltr'>ἁπλότητι,</span> <span class='ocrx_word' id='word_1_35' title='bbox 1209 678 1498 749; x_wconf 81' lang='grc' dir='ltr'><strong>ἀνάθεμα,</strong></span> <span class='ocrx_word' id='word_1_36' title='bbox 1534 677 1609 741; x_wconf 82' lang='grc' dir='ltr'><strong>ὡς</strong></span> <span class='ocrx_word' id='word_1_37' title='bbox 1631 677 1787 731; x_wconf 79' lang='grc' dir='ltr'>αὐτοὶ</span> 
     </span>
    </p>
   </div>
   <div class='ocr_carea' id='block_1_8' title="bbox 216 783 518 853">
    <p class='ocr_par' dir='ltr' id='par_1_8' title="bbox 216 783 518 853">
     <span class='ocr_line' id='line_1_8' title="bbox 216 783 518 853; baseline -0.007 -18"><span class='ocrx_word' id='word_1_38' title='bbox 216 783 518 853; x_wconf 75' lang='grc' dir='ltr'>βούλονται.</span> 
     </span>
    </p>
   </div>
   <div class='ocr_carea' id='block_1_9' title="bbox 291 859 1785 937">
    <p class='ocr_par' dir='ltr' id='par_1_9' title="bbox 291 859 1785 937">
     <span class='ocr_line' id='line_1_9' title="bbox 291 859 1785 937; baseline -0.009 -11"><span class='ocrx_word' id='word_1_39' title='bbox 291 873 442 927; x_wconf 78' lang='grc' dir='ltr'>Ἐπεὶ</span> <span class='ocrx_word' id='word_1_40' title='bbox 465 870 510 924; x_wconf 87' lang='grc' dir='ltr'><strong>δ’</strong></span> <span class='ocrx_word' id='word_1_41' title='bbox 541 868 806 932; x_wconf 76' lang='grc' dir='ltr'>ὡσαύτως</span> <span class='ocrx_word' id='word_1_42' title='bbox 837 866 1067 937; x_wconf 73' lang='grc' dir='ltr'>εὓρηται</span> <span class='ocrx_word' id='word_1_43' title='bbox 1098 865 1230 932; x_wconf 86' lang='grc' dir='ltr'>παρ’</span> <span class='ocrx_word' id='word_1_44' title='bbox 1272 863 1460 923; x_wconf 76' lang='grc' dir='ltr'>αὐτοῖς</span> <span class='ocrx_word' id='word_1_45' title='bbox 1493 861 1588 915; x_wconf 75' lang='grc' dir='ltr'><strong>καὶ</strong></span> <span class='ocrx_word' id='word_1_46' title='bbox 1618 859 1785 930; x_wconf 68' lang='grc' dir='ltr'>ἕτερα</span> 
     </span>
    </p>
   </div>
   <div class='ocr_carea' id='block_1_10' title="bbox 220 953 1787 1029">
    <p class='ocr_par' dir='ltr' id='par_1_10' title="bbox 220 953 1787 1029">
     <span class='ocr_line' id='line_1_10' title="bbox 220 953 1787 1029; baseline -0.007 -13"><span class='ocrx_word' id='word_1_47' title='bbox 220 965 330 1016; x_wconf 63' lang='grc' dir='ltr'>λίαν</span> <span class='ocrx_word' id='word_1_48' title='bbox 359 962 530 1029; x_wconf 81' lang='grc' dir='ltr'>ἀσεσῆ</span> <span class='ocrx_word' id='word_1_49' title='bbox 557 961 654 1012; x_wconf 77' lang='grc' dir='ltr'>καὶ</span> <span class='ocrx_word' id='word_1_50' title='bbox 686 957 976 1028; x_wconf 82' lang='grc' dir='ltr'><strong>παράλογα</strong></span> <span class='ocrx_word' id='word_1_51' title='bbox 1000 955 1272 1024; x_wconf 79' lang='grc' dir='ltr'><strong>δόγματα,</strong></span> <span class='ocrx_word' id='word_1_52' title='bbox 1298 954 1372 1024; x_wconf 82' lang='grc' dir='ltr'>μὴ</span> <span class='ocrx_word' id='word_1_53' title='bbox 1401 953 1787 1007; x_wconf 78' lang='grc' dir='ltr'><strong>ὑποπίπτοντα</strong></span> 
     </span>
    </p>
   </div>
   <div class='ocr_carea' id='block_1_11' title="bbox 221 1045 1785 1120">
    <p class='ocr_par' dir='ltr' id='par_1_11' title="bbox 221 1045 1785 1120">
     <span class='ocr_line' id='line_1_11' title="bbox 221 1045 1785 1120; baseline -0.006 -12"><span class='ocrx_word' id='word_1_54' title='bbox 221 1058 322 1118; x_wconf 69' lang='lat' dir='ltr'><strong>‘ti;</strong></span> <span class='ocrx_word' id='word_1_55' title='bbox 356 1054 464 1108; x_wconf 84' lang='grc' dir='ltr'>τῶν</span> <span class='ocrx_word' id='word_1_56' title='bbox 513 1052 837 1120; x_wconf 75' lang='grc' dir='ltr'><strong>διαιρέσεων</strong></span> <span class='ocrx_word' id='word_1_57' title='bbox 883 1048 1130 1116; x_wconf 83' lang='grc' dir='ltr'>τρόποις,</span> <span class='ocrx_word' id='word_1_58' title='bbox 1191 1048 1493 1115; x_wconf 82' lang='grc' dir='ltr'>ἀναγκαῖον</span> <span class='ocrx_word' id='word_1_59' title='bbox 1546 1047 1643 1100; x_wconf 76' lang='grc' dir='ltr'><strong>καὶ</strong></span> <span class='ocrx_word' id='word_1_60' title='bbox 1677 1045 1785 1099; x_wconf 86' lang='grc' dir='ltr'>ἀπὸ</span> 
     </span>
    </p>
   </div>
   <div class='ocr_carea' id='block_1_12' title="bbox 221 1141 1784 1212">
    <p class='ocr_par' dir='ltr' id='par_1_12' title="bbox 221 1141 1784 1212">
     <span class='ocr_line' id='line_1_12' title="bbox 221 1141 1784 1212; baseline -0.005 -12"><span class='ocrx_word' id='word_1_61' title='bbox 221 1147 417 1200; x_wconf 76' lang='grc' dir='ltr'>τούτων</span> <span class='ocrx_word' id='word_1_62' title='bbox 450 1144 694 1199; x_wconf 77' lang='grc' dir='ltr'>ἐκθεῖναι</span> <span class='ocrx_word' id='word_1_63' title='bbox 730 1161 854 1196; x_wconf 80' lang='grc' dir='ltr'>τινα</span> <span class='ocrx_word' id='word_1_64' title='bbox 885 1141 1154 1206; x_wconf 65' lang='grc' dir='ltr'>ἐνταυθοῖ,</span> <span class='ocrx_word' id='word_1_65' title='bbox 1191 1144 1324 1211; x_wconf 79' lang='grc' dir='ltr'>πρὸς</span> <span class='ocrx_word' id='word_1_66' title='bbox 1354 1143 1413 1194; x_wconf 81' lang='grc' dir='ltr'><strong>τὸ</strong></span> <span class='ocrx_word' id='word_1_67' title='bbox 1436 1141 1784 1212; x_wconf 75' lang='grc' dir='ltr'>παραστῆσαι</span> 
     </span>
    </p>
   </div>
   <div class='ocr_carea' id='block_1_13' title="bbox 215 1233 1786 1306">
    <p class='ocr_par' dir='ltr' id='par_1_13' title="bbox 215 1233 1786 1306">
     <span class='ocr_line' id='line_1_13' title="bbox 215 1233 1786 1306; baseline -0.003 -14"><span class='ocrx_word' id='word_1_68' title='bbox 215 1241 306 1292; x_wconf 71' lang='grc' dir='ltr'>καὶ</span> <span class='ocrx_word' id='word_1_69' title='bbox 331 1237 490 1291; x_wconf 80' lang='grc' dir='ltr'>πλέον</span> <span class='ocrx_word' id='word_1_70' title='bbox 515 1239 618 1305; x_wconf 77' lang='grc' dir='ltr'><strong>τῆς</strong></span> <span class='ocrx_word' id='word_1_71' title='bbox 639 1236 770 1298; x_wconf 83' lang='grc' dir='ltr'>νέας</span> <span class='ocrx_word' id='word_1_72' title='bbox 797 1235 977 1289; x_wconf 83' lang='grc' dir='ltr'>αὐτῶν</span> <span class='ocrx_word' id='word_1_73' title='bbox 1001 1235 1239 1297; x_wconf 76' lang='grc' dir='ltr'>πίστεως</span> <span class='ocrx_word' id='word_1_74' title='bbox 1259 1234 1319 1287; x_wconf 81' lang='grc' dir='ltr'><strong>τὸ</strong></span> <span class='ocrx_word' id='word_1_75' title='bbox 1345 1233 1543 1304; x_wconf 81' lang='grc' dir='ltr'>ψεῦδος</span> <span class='ocrx_word' id='word_1_76' title='bbox 1567 1237 1660 1287; x_wconf 81' lang='grc' dir='ltr'>καὶ</span> <span class='ocrx_word' id='word_1_77' title='bbox 1685 1233 1786 1306; x_wconf 81' lang='grc' dir='ltr'><strong>τὴν</strong></span> 
     </span>
    </p>
   </div>
   <div class='ocr_carea' id='block_1_14' title="bbox 216 1322 1786 1397">
    <p class='ocr_par' dir='ltr' id='par_1_14' title="bbox 216 1322 1786 1397">
     <span class='ocr_line' id='line_1_14' title="bbox 216 1322 1786 1397; baseline -0.001 -14"><span class='ocrx_word' id='word_1_78' title='bbox 216 1331 421 1387; x_wconf 70' lang='grc' dir='ltr'>ἄνοιαν.</span> <span class='ocrx_word' id='word_1_79' title='bbox 447 1329 557 1392; x_wconf 86' lang='grc' dir='ltr'>Τὰς</span> <span class='ocrx_word' id='word_1_80' title='bbox 594 1327 853 1397; x_wconf 82' lang='grc' dir='ltr'>θεότητας</span> <span class='ocrx_word' id='word_1_81' title='bbox 877 1322 990 1393; x_wconf 81' lang='grc' dir='ltr'>οὖν,</span> <span class='ocrx_word' id='word_1_82' title='bbox 1019 1327 1083 1390; x_wconf 72' lang='grc' dir='ltr'>ἃς</span> <span class='ocrx_word' id='word_1_83' title='bbox 1114 1327 1177 1380; x_wconf 80' lang='grc' dir='ltr'><strong>ὲκ</strong></span> <span class='ocrx_word' id='word_1_84' title='bbox 1206 1328 1329 1380; x_wconf 86' lang='grc' dir='ltr'>νέου</span> <span class='ocrx_word' id='word_1_85' title='bbox 1362 1329 1786 1397; x_wconf 81' lang='grc' dir='ltr'>συνεστήσαντο,</span> 
     </span>
    </p>
   </div>
   <div class='ocr_carea' id='block_1_15' title="bbox 217 1419 1791 1490">
    <p class='ocr_par' dir='ltr' id='par_1_15' title="bbox 217 1419 1791 1490">
     <span class='ocr_line' id='line_1_15' title="bbox 217 1419 1791 1490; baseline -0.002 -13"><span class='ocrx_word' id='word_1_86' title='bbox 217 1424 362 1477; x_wconf 79' lang='grc' dir='ltr'>ἔστιν</span> <span class='ocrx_word' id='word_1_87' title='bbox 395 1425 532 1478; x_wconf 81' lang='grc' dir='ltr'>ὅπου</span> <span class='ocrx_word' id='word_1_88' title='bbox 563 1424 658 1476; x_wconf 80' lang='grc' dir='ltr'>καὶ</span> <span class='ocrx_word' id='word_1_89' title='bbox 682 1420 837 1486; x_wconf 81' lang='grc' dir='ltr'>θεούς</span> <span class='ocrx_word' id='word_1_90' title='bbox 882 1437 1036 1490; x_wconf 87' lang='grc' dir='ltr'>φασι.</span> <span class='ocrx_word' id='word_1_91' title='bbox 1098 1421 1261 1489; x_wconf 80' lang='grc' dir='ltr'><strong>Λέγει</strong></span> <span class='ocrx_word' id='word_1_92' title='bbox 1294 1419 1426 1488; x_wconf 83' lang='grc' dir='ltr'>γοῦν</span> <span class='ocrx_word' id='word_1_93' title='bbox 1461 1423 1488 1475; x_wconf 86' lang='grc' dir='ltr'>ὁ</span> <span class='ocrx_word' id='word_1_94' title='bbox 1519 1420 1791 1489; x_wconf 81' lang='grc' dir='ltr'>Παλαμᾶς</span> 
     </span>
    </p>
   </div>
   <div class='ocr_carea' id='block_1_16' title="bbox 218 1509 1788 1584">
    <p class='ocr_par' dir='ltr' id='par_1_16' title="bbox 218 1509 1788 1584">
     <span class='ocr_line' id='line_1_16' title="bbox 218 1509 1788 1584; baseline -0.001 -16"><span class='ocrx_word' id='word_1_95' title='bbox 218 1515 272 1568; x_wconf 76' lang='grc' dir='ltr'>ἐν</span> <span class='ocrx_word' id='word_1_96' title='bbox 290 1532 397 1567; x_wconf 83' lang='grc' dir='ltr'>τινι</span> <span class='ocrx_word' id='word_1_97' title='bbox 424 1515 532 1567; x_wconf 84' lang='grc' dir='ltr'>τῶν</span> <span class='ocrx_word' id='word_1_98' title='bbox 557 1515 686 1584; x_wconf 76' lang='grc' dir='ltr'>περὶ</span> <span class='ocrx_word' id='word_1_99' title='bbox 713 1513 808 1566; x_wconf 83' lang='grc' dir='ltr'><strong>τοῦ</strong></span> <span class='ocrx_word' id='word_1_100' title='bbox 831 1513 1010 1583; x_wconf 82' lang='grc' dir='ltr'>φωτὸς</span> <span class='ocrx_word' id='word_1_101' title='bbox 1031 1512 1206 1581; x_wconf 78' lang='grc' dir='ltr'>λόγων</span> <span class='ocrx_word' id='word_1_102' title='bbox 1228 1511 1416 1576; x_wconf 80' lang='grc' dir='ltr'>αὑτοῦ,</span> <span class='ocrx_word' id='word_1_103' title='bbox 1441 1512 1618 1566; x_wconf 66' lang='grc' dir='ltr'>διττὴν</span> <span class='ocrx_word' id='word_1_104' title='bbox 1647 1509 1788 1567; x_wconf 76' lang='grc' dir='ltr'>εἶναι</span> 
     </span>
    </p>
   </div>
   <div class='ocr_carea' id='block_1_17' title="bbox 215 1601 1789 1673">
    <p class='ocr_par' dir='ltr' id='par_1_17' title="bbox 215 1601 1789 1673">
     <span class='ocr_line' id='line_1_17' title="bbox 215 1601 1789 1673; baseline -0.001 -16"><span class='ocrx_word' id='word_1_105' title='bbox 215 1603 274 1657; x_wconf 77' lang='grc' dir='ltr'><strong>τὸ</strong></span> <span class='ocrx_word' id='word_1_106' title='bbox 305 1602 460 1656; x_wconf 74' lang='grc' dir='ltr'><strong>Θείον</strong></span> <span class='ocrx_word' id='word_1_107' title='bbox 506 1602 828 1673; x_wconf 79' lang='grc' dir='ltr'>βουλόμενος</span> <span class='ocrx_word' id='word_1_108' title='bbox 857 1601 1051 1668; x_wconf 82' lang='grc' dir='ltr'>δεῖξαι,</span> <span class='ocrx_word' id='word_1_109' title='bbox 1079 1603 1164 1655; x_wconf 88' lang='grc' dir='ltr'><strong>Οὐ</strong></span> <span class='ocrx_word' id='word_1_110' title='bbox 1180 1603 1379 1669; x_wconf 86' lang='grc' dir='ltr'>μόνον</span> <span class='ocrx_word' id='word_1_111' title='bbox 1430 1602 1578 1666; x_wconf 85' lang='grc' dir='ltr'>Θεός</span> <span class='ocrx_word' id='word_1_112' title='bbox 1613 1602 1789 1655; x_wconf 78' lang='grc' dir='ltr'>ἐστιν</span> 
     </span>
    </p>
   </div>
   <div class='ocr_carea' id='block_1_18' title="bbox 216 1687 1788 1766">
    <p class='ocr_par' dir='ltr' id='par_1_18' title="bbox 216 1687 1788 1766">
     <span class='ocr_line' id='line_1_18' title="bbox 216 1687 1788 1766; baseline -0.003 -16"><span class='ocrx_word' id='word_1_113' title='bbox 216 1694 366 1764; x_wconf 80' lang='grc' dir='ltr'>ὑπὲρ</span> <span class='ocrx_word' id='word_1_114' title='bbox 392 1695 463 1748; x_wconf 88' lang='grc' dir='ltr'>τὰ</span> <span class='ocrx_word' id='word_1_115' title='bbox 483 1693 630 1748; x_wconf 77' lang='grc' dir='ltr'>ὄντα</span> <span class='ocrx_word' id='word_1_116' title='bbox 649 1692 738 1747; x_wconf 86' lang='grc' dir='ltr'>ὢν</span> <span class='ocrx_word' id='word_1_117' title='bbox 766 1691 1056 1766; x_wconf 79' lang='grc' dir='ltr'><strong>(δηλαδὴή</strong></span> <span class='ocrx_word' id='word_1_118' title='bbox 1087 1693 1358 1764; x_wconf 75' lang='grc' dir='ltr'>ἐνέργεια,</span> <span class='ocrx_word' id='word_1_119' title='bbox 1379 1710 1446 1747; x_wconf 85' lang='grc' dir='ltr'><strong>πε</strong></span> <span class='ocrx_word' id='word_1_120' title='bbox 1457 1695 1511 1766; x_wconf 86' lang='lat' dir='ltr'><strong>pl.</strong></span> <span class='ocrx_word' id='word_1_121' title='bbox 1540 1687 1607 1765; x_wconf 80' lang='grc' dir='ltr'><strong>ἦς</strong></span> <span class='ocrx_word' id='word_1_122' title='bbox 1639 1693 1788 1763; x_wconf 79' lang='grc' dir='ltr'>αὐτῷ</span> 
     </span>
    </p>
   </div>
   <div class='ocr_carea' id='block_1_19' title="bbox 217 1785 1788 1859">
    <p class='ocr_par' dir='ltr' id='par_1_19' title="bbox 217 1785 1788 1859">
     <span class='ocr_line' id='line_1_19' title="bbox 217 1785 1788 1859; baseline -0.001 -19"><span class='ocrx_word' id='word_1_123' title='bbox 217 1785 280 1859; x_wconf 79' lang='grc' dir='ltr'><strong>ἦν</strong></span> <span class='ocrx_word' id='word_1_124' title='bbox 311 1789 466 1857; x_wconf 68' lang='grc' dir='ltr'>λόγος</span> <span class='ocrx_word' id='word_1_125' title='bbox 484 1787 524 1852; x_wconf 87' lang='grc'>),</span> <span class='ocrx_word' id='word_1_126' title='bbox 543 1785 702 1842; x_wconf 74' lang='grc' dir='ltr'><em>ἀλλὰ</em></span> <span class='ocrx_word' id='word_1_127' title='bbox 731 1785 826 1840; x_wconf 75' lang='grc' dir='ltr'><strong>καὶ</strong></span> <span class='ocrx_word' id='word_1_128' title='bbox 854 1786 1168 1854; x_wconf 84' lang='grc' dir='ltr'>ὐπέρθεος.</span> <span class='ocrx_word' id='word_1_129' title='bbox 1193 1786 1300 1841; x_wconf 81' lang='lat' dir='ltr'><strong>Kal</strong></span> <span class='ocrx_word' id='word_1_130' title='bbox 1332 1789 1402 1840; x_wconf 80' lang='grc' dir='ltr'>οὐ</span> <span class='ocrx_word' id='word_1_131' title='bbox 1422 1787 1619 1854; x_wconf 89' lang='grc' dir='ltr'>μόνον</span> <span class='ocrx_word' id='word_1_132' title='bbox 1639 1787 1788 1856; x_wconf 84' lang='grc' dir='ltr'>ὑπὲρ</span> 
     </span>
    </p>
   </div>
   <div class='ocr_carea' id='block_1_20' title="bbox 217 1875 1790 1946">
    <p class='ocr_par' dir='ltr' id='par_1_20' title="bbox 217 1875 1790 1946">
     <span class='ocr_line' id='line_1_20' title="bbox 217 1875 1790 1946; baseline -0.001 -14"><span class='ocrx_word' id='word_1_133' title='bbox 217 1878 423 1936; x_wconf 83' lang='grc' dir='ltr'>πᾶσαν</span> <span class='ocrx_word' id='word_1_134' title='bbox 447 1875 619 1934; x_wconf 81' lang='grc' dir='ltr'>θέσιν</span> <span class='ocrx_word' id='word_1_135' title='bbox 647 1875 840 1939; x_wconf 78' lang='grc' dir='ltr'>ἐστιν,</span> <span class='ocrx_word' id='word_1_136' title='bbox 873 1875 1036 1931; x_wconf 75' lang='grc' dir='ltr'><em>ἀλλὰ</em></span> <span class='ocrx_word' id='word_1_137' title='bbox 1069 1875 1170 1929; x_wconf 76' lang='grc' dir='ltr'><strong>καὶ</strong></span> <span class='ocrx_word' id='word_1_138' title='bbox 1191 1875 1345 1946; x_wconf 84' lang='grc' dir='ltr'>ὑπὲρ</span> <span class='ocrx_word' id='word_1_139' title='bbox 1372 1875 1583 1932; x_wconf 89' lang='grc' dir='ltr'>πᾶσαν</span> <span class='ocrx_word' id='word_1_140' title='bbox 1614 1879 1790 1946; x_wconf 63' lang='grc' dir='ltr'><strong>ἀφαί-</strong></span> 
     </span>
    </p>
   </div>
   <div class='ocr_carea' id='block_1_21' title="bbox 209 1967 1794 2040">
    <p class='ocr_par' dir='ltr' id='par_1_21' title="bbox 209 1967 1794 2040">
     <span class='ocr_line' id='line_1_21' title="bbox 209 1967 1794 2040; baseline -0.002 -16"><span class='ocrx_word' id='word_1_141' title='bbox 209 1985 384 2040; x_wconf 82' lang='grc' dir='ltr'>ρεσιν</span> <span class='ocrx_word' id='word_1_142' title='bbox 420 1970 460 2037; x_wconf 79' lang='grc' dir='ltr'><em>ἡ</em></span> <span class='ocrx_word' id='word_1_143' title='bbox 489 1967 758 2036; x_wconf 79' lang='grc' dir='ltr'>ὑπεροχὴ</span> <span class='ocrx_word' id='word_1_144' title='bbox 790 1967 898 2022; x_wconf 86' lang='grc' dir='ltr'><strong>τοῦ</strong></span> <span class='ocrx_word' id='word_1_145' title='bbox 931 1967 1176 2023; x_wconf 80' lang='grc' dir='ltr'>πάντων</span> <span class='ocrx_word' id='word_1_146' title='bbox 1207 1967 1514 2031; x_wconf 78' lang='grc' dir='ltr'><strong>ἐπέκεινα,</strong></span> <span class='ocrx_word' id='word_1_147' title='bbox 1561 1968 1659 2040; x_wconf 76' lang='grc' dir='ltr'><strong>καὶ</strong></span> <span class='ocrx_word' id='word_1_148' title='bbox 1681 1969 1794 2026; x_wconf 70' lang='grc' dir='ltr'><strong>πᾶ.</strong></span> 
     </span>
    </p>
   </div>
   <div class='ocr_carea' id='block_1_22' title="bbox 209 2055 1789 2127">
    <p class='ocr_par' dir='ltr' id='par_1_22' title="bbox 209 2055 1789 2127">
     <span class='ocr_line' id='line_1_22' title="bbox 209 2055 1789 2127; baseline 0.003 -17"><span class='ocrx_word' id='word_1_149' title='bbox 209 2074 334 2111; x_wconf 81' lang='grc' dir='ltr'><strong>σαν</strong></span> <span class='ocrx_word' id='word_1_150' title='bbox 356 2058 671 2124; x_wconf 84' lang='grc' dir='ltr'>ὑπεροχὴν</span> <span class='ocrx_word' id='word_1_151' title='bbox 693 2055 981 2110; x_wconf 77' lang='grc' dir='ltr'><strong>ὁπωσοῦν</strong></span> <span class='ocrx_word' id='word_1_152' title='bbox 1003 2056 1338 2125; x_wconf 77' lang='grc' dir='ltr'><strong>γενομένην</strong></span> <span class='ocrx_word' id='word_1_153' title='bbox 1362 2059 1789 2127; x_wconf 75' lang='grc' dir='ltr'>ὑπερϐέϐηκεν.</span> 
     </span>
    </p>
   </div>
   <div class='ocr_carea' id='block_1_23' title="bbox 217 2148 1793 2220">
    <p class='ocr_par' dir='ltr' id='par_1_23' title="bbox 217 2148 1793 2220">
     <span class='ocr_line' id='line_1_23' title="bbox 217 2148 1793 2220; baseline 0.003 -17"><span class='ocrx_word' id='word_1_154' title='bbox 217 2151 382 2203; x_wconf 69' lang='grc' dir='ltr'><strong>Πάλιν</strong></span> <span class='ocrx_word' id='word_1_155' title='bbox 413 2152 473 2202; x_wconf 79' lang='grc' dir='ltr'><strong>ὲν</strong></span> <span class='ocrx_word' id='word_1_156' title='bbox 505 2149 584 2217; x_wconf 68' lang='grc' dir='ltr'>τῷ</span> <span class='ocrx_word' id='word_1_157' title='bbox 605 2149 778 2219; x_wconf 81' lang='grc' dir='ltr'>αὐτῷ,</span> <span class='ocrx_word' id='word_1_158' title='bbox 805 2148 916 2203; x_wconf 81' lang='grc' dir='ltr'><strong>Καὶ</strong></span> <span class='ocrx_word' id='word_1_159' title='bbox 943 2148 1074 2203; x_wconf 80' lang='grc' dir='ltr'><strong>οὐδ’</strong></span> <span class='ocrx_word' id='word_1_160' title='bbox 1104 2150 1300 2203; x_wconf 77' lang='grc' dir='ltr'>έκεῖνο</span> <span class='ocrx_word' id='word_1_161' title='bbox 1332 2152 1491 2218; x_wconf 81' lang='grc' dir='ltr'>παρὰ</span> <span class='ocrx_word' id='word_1_162' title='bbox 1527 2153 1639 2220; x_wconf 83' lang='grc' dir='ltr'>τῆς</span> <span class='ocrx_word' id='word_1_163' title='bbox 1665 2157 1793 2207; x_wconf 58' lang='grc' dir='ltr'>θεολ</span> 
     </span>
    </p>
   </div>
   <div class='ocr_carea' id='block_1_24' title="bbox 224 2238 1792 2312">
    <p class='ocr_par' dir='ltr' id='par_1_24' title="bbox 224 2238 1792 2312">
     <span class='ocr_line' id='line_1_24' title="bbox 224 2238 1792 2312; baseline 0.002 -19"><span class='ocrx_word' id='word_1_164' title='bbox 224 2241 427 2308; x_wconf 68' lang='grc' dir='ltr'>λογίας</span> <span class='ocrx_word' id='word_1_165' title='bbox 486 2238 774 2307; x_wconf 79' lang='grc' dir='ltr'>ἤκουσεν,</span> <span class='ocrx_word' id='word_1_166' title='bbox 825 2239 906 2306; x_wconf 87' lang='grc' dir='ltr'>ὡς</span> <span class='ocrx_word' id='word_1_167' title='bbox 929 2239 1064 2293; x_wconf 78' lang='grc' dir='ltr'>ἀντὶ</span> <span class='ocrx_word' id='word_1_168' title='bbox 1115 2239 1363 2293; x_wconf 81' lang='grc' dir='ltr'>πάντων</span> <span class='ocrx_word' id='word_1_169' title='bbox 1411 2241 1532 2295; x_wconf 85' lang='grc' dir='ltr'>τόθ’</span> <span class='ocrx_word' id='word_1_170' title='bbox 1581 2243 1724 2312; x_wconf 69' lang='grc' dir='ltr'>ἡμῖν</span> <span class='ocrx_word' id='word_1_171' title='bbox 1753 2245 1792 2312; x_wconf 79' lang='grc' dir='ltr'><strong><em>ἠ</em></strong></span> 
     </span>
    </p>
   </div>
   <div class='ocr_carea' id='block_1_25' title="bbox 224 2329 1795 2404">
    <p class='ocr_par' dir='ltr' id='par_1_25' title="bbox 224 2329 1795 2404">
     <span class='ocr_line' id='line_1_25' title="bbox 224 2329 1795 2404; baseline 0.005 -21"><span class='ocrx_word' id='word_1_172' title='bbox 224 2333 352 2384; x_wconf 73' lang='grc' dir='ltr'>θεία</span> <span class='ocrx_word' id='word_1_173' title='bbox 380 2331 694 2400; x_wconf 77' lang='grc' dir='ltr'>γενήσεται</span> <span class='ocrx_word' id='word_1_174' title='bbox 728 2332 932 2401; x_wconf 71' lang='grc' dir='ltr'>φύσις,</span> <span class='ocrx_word' id='word_1_175' title='bbox 981 2332 1060 2385; x_wconf 78' lang='grc' dir='ltr'><strong>ἵν’</strong></span> <span class='ocrx_word' id='word_1_176' title='bbox 1109 2329 1397 2387; x_wconf 78' lang='grc' dir='ltr'>ἐντεῦθεν</span> <span class='ocrx_word' id='word_1_177' title='bbox 1439 2335 1592 2404; x_wconf 80' lang='grc' dir='ltr'>γοῦν</span> <span class='ocrx_word' id='word_1_178' title='bbox 1641 2339 1795 2392; x_wconf 86' lang='grc' dir='ltr'><strong>Θεὸν</strong></span> 
     </span>
    </p>
   </div>
   <div class='ocr_carea' id='block_1_26' title="bbox 219 2423 1794 2495">
    <p class='ocr_par' dir='ltr' id='par_1_26' title="bbox 219 2423 1794 2495">
     <span class='ocr_line' id='line_1_26' title="bbox 219 2423 1794 2495; baseline 0.003 -19"><span class='ocrx_word' id='word_1_179' title='bbox 219 2423 375 2476; x_wconf 72' lang='grc' dir='ltr'>εἶναι</span> <span class='ocrx_word' id='word_1_180' title='bbox 421 2423 580 2476; x_wconf 77' lang='grc' dir='ltr'>τουτὶ</span> <span class='ocrx_word' id='word_1_181' title='bbox 618 2423 688 2476; x_wconf 86' lang='grc' dir='ltr'><strong>τὸ</strong></span> <span class='ocrx_word' id='word_1_182' title='bbox 740 2423 866 2492; x_wconf 76' lang='grc' dir='ltr'><strong>φῶς</strong></span> <span class='ocrx_word' id='word_1_183' title='bbox 896 2424 1222 2491; x_wconf 82' lang='grc' dir='ltr'><strong>πιστεύσῃ.</strong></span> <span class='ocrx_word' id='word_1_184' title='bbox 1266 2425 1380 2478; x_wconf 74' lang='grc' dir='ltr'><strong>Καὶ</strong></span> <span class='ocrx_word' id='word_1_185' title='bbox 1403 2425 1464 2477; x_wconf 81' lang='grc' dir='ltr'><strong>ἐν</strong></span> <span class='ocrx_word' id='word_1_186' title='bbox 1491 2424 1569 2495; x_wconf 83' lang='grc' dir='ltr'><strong>τῷ</strong></span> <span class='ocrx_word' id='word_1_187' title='bbox 1601 2425 1644 2495; x_wconf 84' lang='grc' dir='ltr'><strong>β’</strong></span> <span class='ocrx_word' id='word_1_188' title='bbox 1684 2427 1794 2481; x_wconf 81' lang='grc' dir='ltr'>τῶν</span> 
     </span>
    </p>
   </div>
   <div class='ocr_carea' id='block_1_27' title="bbox 224 2513 1790 2586">
    <p class='ocr_par' dir='ltr' id='par_1_27' title="bbox 224 2513 1790 2586">
     <span class='ocr_line' id='line_1_27' title="bbox 224 2513 1790 2586; baseline 0.002 -20"><span class='ocrx_word' id='word_1_189' title='bbox 224 2513 377 2566; x_wconf 75' lang='grc' dir='ltr'>κατὰ</span> <span class='ocrx_word' id='word_1_190' title='bbox 431 2514 535 2566; x_wconf 79' lang='grc' dir='ltr'>τῶν</span> <span class='ocrx_word' id='word_1_191' title='bbox 580 2514 850 2584; x_wconf 80' lang='grc' dir='ltr'>δευτέρων</span> <span class='ocrx_word' id='word_1_192' title='bbox 896 2513 990 2568; x_wconf 82' lang='grc' dir='ltr'><strong>τοῦ</strong></span> <span class='ocrx_word' id='word_1_193' title='bbox 1047 2515 1335 2586; x_wconf 76' lang='grc' dir='ltr'>Βαρλαὰμ,</span> <span class='ocrx_word' id='word_1_194' title='bbox 1384 2515 1444 2568; x_wconf 82' lang='grc' dir='ltr'><strong>ὃν</strong></span> <span class='ocrx_word' id='word_1_195' title='bbox 1470 2517 1790 2586; x_wconf 75' lang='grc' dir='ltr'>ἐπιγράφει,</span> 
     </span>
    </p>
   </div>
   <div class='ocr_carea' id='block_1_28' title="bbox 237 2604 1796 2678">
    <p class='ocr_par' dir='ltr' id='par_1_28' title="bbox 237 2604 1796 2678">
     <span class='ocr_line' id='line_1_28' title="bbox 237 2604 1796 2678; baseline 0.003 -20"><span class='ocrx_word' id='word_1_196' title='bbox 237 2604 566 2672; x_wconf 68' lang='grc' dir='ltr'>Κατάλογος</span> <span class='ocrx_word' id='word_1_197' title='bbox 618 2605 738 2658; x_wconf 84' lang='grc' dir='ltr'><strong>τῶν</strong></span> <span class='ocrx_word' id='word_1_198' title='bbox 787 2606 1190 2660; x_wconf 79' lang='grc' dir='ltr'>ἐκϐαινόντων</span> <span class='ocrx_word' id='word_1_199' title='bbox 1245 2608 1510 2672; x_wconf 78' lang='grc' dir='ltr'><strong>ἀτόπων,</strong></span> <span class='ocrx_word' id='word_1_200' title='bbox 1557 2611 1640 2663; x_wconf 85' lang='grc' dir='ltr'><strong>Οὐ</strong></span> <span class='ocrx_word' id='word_1_201' title='bbox 1666 2609 1796 2678; x_wconf 81' lang='grc' dir='ltr'>μὴν</span> 
     </span>
    </p>
   </div>
   <div class='ocr_carea' id='block_1_29' title="bbox 232 2697 1792 2770">
    <p class='ocr_par' dir='ltr' id='par_1_29' title="bbox 232 2697 1792 2770">
     <span class='ocr_line' id='line_1_29' title="bbox 232 2697 1792 2770; baseline 0.004 -19"><span class='ocrx_word' id='word_1_202' title='bbox 232 2697 697 2767; x_wconf 69' lang='grc' dir='ltr'>ἀλλ’έπειδήπερ</span> <span class='ocrx_word' id='word_1_203' title='bbox 728 2699 848 2752; x_wconf 77' lang='grc' dir='ltr'>εἰσὶ</span> <span class='ocrx_word' id='word_1_204' title='bbox 884 2700 955 2753; x_wconf 83' lang='grc' dir='ltr'>τὰ</span> <span class='ocrx_word' id='word_1_205' title='bbox 983 2699 1323 2769; x_wconf 80' lang='grc' dir='ltr'>μετέχοντα</span> <span class='ocrx_word' id='word_1_206' title='bbox 1374 2700 1482 2754; x_wconf 88' lang='grc' dir='ltr'><strong>τοῦ</strong></span> <span class='ocrx_word' id='word_1_207' title='bbox 1534 2702 1707 2768; x_wconf 83' lang='grc' dir='ltr'>Θεοῦ,</span> <span class='ocrx_word' id='word_1_208' title='bbox 1753 2702 1792 2770; x_wconf 81' lang='grc' dir='ltr'><strong><em>ἠ</em></strong></span> 
     </span>
    </p>
   </div>
   <div class='ocr_carea' id='block_1_30' title="bbox 223 2791 1795 2863">
    <p class='ocr_par' dir='ltr' id='par_1_30' title="bbox 223 2791 1795 2863">
     <span class='ocr_line' id='line_1_30' title="bbox 223 2791 1795 2863; baseline 0.003 -20"><span class='ocrx_word' id='word_1_209' title='bbox 223 2792 292 2844; x_wconf 66' lang='grc' dir='ltr'><em>δὲ</em></span> <span class='ocrx_word' id='word_1_210' title='bbox 315 2793 670 2859; x_wconf 78' lang='grc' dir='ltr'>ὑπερούσιος</span> <span class='ocrx_word' id='word_1_211' title='bbox 697 2791 878 2846; x_wconf 86' lang='grc' dir='ltr'>οὐσία</span> <span class='ocrx_word' id='word_1_212' title='bbox 909 2792 1016 2845; x_wconf 88' lang='grc' dir='ltr'><strong>τοῦ</strong></span> <span class='ocrx_word' id='word_1_213' title='bbox 1049 2791 1200 2846; x_wconf 84' lang='grc' dir='ltr'>Θεοῦ</span> <span class='ocrx_word' id='word_1_214' title='bbox 1225 2791 1624 2846; x_wconf 85' lang='grc' dir='ltr'>παντάπασιν</span> <span class='ocrx_word' id='word_1_215' title='bbox 1655 2793 1795 2863; x_wconf 77' lang='grc' dir='ltr'>ἀμέ-</span> 
     </span>
    </p>
   </div>
   <div class='ocr_carea' id='block_1_31' title="bbox 221 2882 1792 2953">
    <p class='ocr_par' dir='ltr' id='par_1_31' title="bbox 221 2882 1792 2953">
     <span class='ocr_line' id='line_1_31' title="bbox 221 2882 1792 2953; baseline 0.001 -17"><span class='ocrx_word' id='word_1_216' title='bbox 221 2887 428 2949; x_wconf 85' lang='grc' dir='ltr'>θεκτος</span> <span class='ocrx_word' id='word_1_217' title='bbox 449 2899 464 2914; x_wconf 90' lang='grc'><strong>·</strong></span> <span class='ocrx_word' id='word_1_218' title='bbox 492 2883 662 2937; x_wconf 80' lang='grc' dir='ltr'>ἔστιν</span> <span class='ocrx_word' id='word_1_219' title='bbox 695 2884 809 2952; x_wconf 80' lang='grc' dir='ltr'>ἆρα</span> <span class='ocrx_word' id='word_1_220' title='bbox 830 2899 885 2936; x_wconf 90' lang='grc' dir='ltr'><strong>τι</strong></span> <span class='ocrx_word' id='word_1_221' title='bbox 906 2882 1136 2952; x_wconf 78' lang='grc' dir='ltr'>μεταξὺ</span> <span class='ocrx_word' id='word_1_222' title='bbox 1178 2882 1286 2952; x_wconf 82' lang='grc' dir='ltr'>τῆς</span> <span class='ocrx_word' id='word_1_223' title='bbox 1318 2883 1649 2953; x_wconf 70' lang='grc' dir='ltr'>ἀμεθέιιτου</span> <span class='ocrx_word' id='word_1_224' title='bbox 1688 2887 1792 2938; x_wconf 85' lang='grc' dir='ltr'><strong>οὺ-</strong></span> 
     </span>
    </p>
   </div>
   <div class='ocr_carea' id='block_1_32' title="bbox 221 2973 1792 3047">
    <p class='ocr_par' dir='ltr' id='par_1_32' title="bbox 221 2973 1792 3047">
     <span class='ocr_line' id='line_1_32' title="bbox 221 2973 1792 3047; baseline 0.001 -17"><span class='ocrx_word' id='word_1_225' title='bbox 221 2980 362 3044; x_wconf 81' lang='grc' dir='ltr'>σΙας</span> <span class='ocrx_word' id='word_1_226' title='bbox 415 2977 667 3031; x_wconf 79' lang='grc' dir='ltr'>καὶτῶν</span> <span class='ocrx_word' id='word_1_227' title='bbox 715 2978 1116 3047; x_wconf 83' lang='grc' dir='ltr'>μετεχόντων,</span> <span class='ocrx_word' id='word_1_228' title='bbox 1167 2976 1246 3032; x_wconf 81' lang='grc' dir='ltr'><strong>δι’</strong></span> <span class='ocrx_word' id='word_1_229' title='bbox 1281 2973 1354 3033; x_wconf 83' lang='grc' dir='ltr'>οὗ</span> <span class='ocrx_word' id='word_1_230' title='bbox 1407 2978 1482 3031; x_wconf 86' lang='grc' dir='ltr'>τὰ</span> <span class='ocrx_word' id='word_1_231' title='bbox 1508 2978 1615 3032; x_wconf 85' lang='grc' dir='ltr'><strong>τοῦ</strong></span> <span class='ocrx_word' id='word_1_232' title='bbox 1643 2978 1792 3032; x_wconf 88' lang='grc' dir='ltr'>Θεοῦ</span> 
     </span>
    </p>
   </div>
   <div class='ocr_carea' id='block_1_33' title="bbox 220 3069 1795 3141">
    <p class='ocr_par' dir='ltr' id='par_1_33' title="bbox 220 3069 1795 3141">
     <span class='ocr_line' id='line_1_33' title="bbox 220 3069 1795 3141; baseline 0.001 -17"><span class='ocrx_word' id='word_1_233' title='bbox 220 3072 564 3141; x_wconf 77' lang='grc' dir='ltr'>μετέχουσι,</span> <span class='ocrx_word' id='word_1_234' title='bbox 612 3073 720 3123; x_wconf 81' lang='grc' dir='ltr'><strong>Καὶ</strong></span> <span class='ocrx_word' id='word_1_235' title='bbox 762 3072 880 3140; x_wconf 84' lang='grc' dir='ltr'>μετ’</span> <span class='ocrx_word' id='word_1_236' title='bbox 932 3069 1122 3136; x_wconf 81' lang='grc' dir='ltr'>ὀλίγα·</span> <span class='ocrx_word' id='word_1_237' title='bbox 1156 3069 1258 3123; x_wconf 87' lang='grc' dir='ltr'><strong>Δεῖ</strong></span> <span class='ocrx_word' id='word_1_238' title='bbox 1299 3069 1368 3122; x_wconf 81' lang='grc' dir='ltr'><strong>δὲ</strong></span> <span class='ocrx_word' id='word_1_239' title='bbox 1395 3069 1591 3136; x_wconf 80' lang='grc' dir='ltr'>ζητεῖν</span> <span class='ocrx_word' id='word_1_240' title='bbox 1636 3070 1795 3140; x_wconf 71' lang='grc' dir='ltr'>ἡμᾶς</span> 
     </span>
    </p>
   </div>
   <div class='ocr_carea' id='block_1_34' title="bbox 1887 575 3124 667">
    <p class='ocr_par' dir='ltr' id='par_1_34' title="bbox 1887 575 3124 667">
     <span class='ocr_line' id='line_1_34' title="bbox 1887 575 3124 667; baseline 0.001 -36"><span class='ocrx_word' id='word_1_241' title='bbox 1887 577 2242 646; x_wconf 74' lang='lat' dir='ltr'><strong><em>simplicitati.</em></strong></span> <span class='ocrx_word' id='word_1_242' title='bbox 2273 575 2587 643; x_wconf 80' lang='lat' dir='ltr'><strong>anathema,</strong></span> <span class='ocrx_word' id='word_1_243' title='bbox 2621 585 2682 632; x_wconf 77' lang='lat' dir='ltr'><strong>ut</strong></span> <span class='ocrx_word' id='word_1_244' title='bbox 2711 576 2814 648; x_wconf 85' lang='lat' dir='ltr'><strong><em>ipsi</em></strong></span> <span class='ocrx_word' id='word_1_245' title='bbox 2873 575 3086 633; x_wconf 78' lang='lat' dir='ltr'><strong>volunt.</strong></span> <span class='ocrx_word' id='word_1_246' title='bbox 3106 634 3124 667; x_wconf 43' lang='grc' dir='ltr'>ἱ</span> 
     </span>
    </p>
   </div>
   <div class='ocr_carea' id='block_1_35' title="bbox 1959 850 3475 927">
    <p class='ocr_par' dir='ltr' id='par_1_35' title="bbox 1959 850 3475 927">
     <span class='ocr_line' id='line_1_35' title="bbox 1959 850 3475 927; baseline 0.009 -25"><span class='ocrx_word' id='word_1_247' title='bbox 1959 850 2096 916; x_wconf 85' lang='lat' dir='ltr'><strong>Quia</strong></span> <span class='ocrx_word' id='word_1_248' title='bbox 2128 865 2260 904; x_wconf 90' lang='lat' dir='ltr'><strong>vero</strong></span> <span class='ocrx_word' id='word_1_249' title='bbox 2296 851 2502 920; x_wconf 86' lang='lat' dir='ltr'><strong>pariter</strong></span> <span class='ocrx_word' id='word_1_250' title='bbox 2545 851 2651 906; x_wconf 86' lang='lat' dir='ltr'><strong>alia</strong></span> <span class='ocrx_word' id='word_1_251' title='bbox 2703 865 2923 922; x_wconf 80' lang='lat' dir='ltr'><strong>quoque</strong></span> <span class='ocrx_word' id='word_1_252' title='bbox 2976 854 3134 909; x_wconf 78' lang='lat' dir='ltr'><strong>valde</strong></span> <span class='ocrx_word' id='word_1_253' title='bbox 3188 857 3353 927; x_wconf 85' lang='lat' dir='ltr'><strong>impia</strong></span> <span class='ocrx_word' id='word_1_254' title='bbox 3411 877 3475 916; x_wconf 88' lang='lat' dir='ltr'><strong>ac</strong></span> 
     </span>
    </p>
   </div>
   <div class='ocr_carea' id='block_1_36' title="bbox 1889 942 3471 1018">
    <p class='ocr_par' dir='ltr' id='par_1_36' title="bbox 1889 942 3471 1018">
     <span class='ocr_line' id='line_1_36' title="bbox 1889 942 3471 1018; baseline 0.007 -22"><span class='ocrx_word' id='word_1_255' title='bbox 1889 942 2126 998; x_wconf 84' lang='lat' dir='ltr'><strong>absurda</strong></span> <span class='ocrx_word' id='word_1_256' title='bbox 2151 943 2409 1012; x_wconf 76' lang='lat' dir='ltr'><strong>dogmata</strong></span> <span class='ocrx_word' id='word_1_257' title='bbox 2477 943 2585 996; x_wconf 88' lang='lat' dir='ltr'><strong><em>illis</em></strong></span> <span class='ocrx_word' id='word_1_258' title='bbox 2645 945 2939 998; x_wconf 84' lang='lat' dir='ltr'><strong>adiuventa</strong></span> <span class='ocrx_word' id='word_1_259' title='bbox 2977 955 3125 1008; x_wconf 86' lang='lat' dir='ltr'><strong>sunt,</strong></span> <span class='ocrx_word' id='word_1_260' title='bbox 3177 965 3300 1018; x_wconf 67' lang='lat' dir='ltr'><strong>quae</strong></span> <span class='ocrx_word' id='word_1_261' title='bbox 3362 969 3471 1007; x_wconf 84' lang='lat' dir='ltr'><strong>non</strong></span> 
     </span>
    </p>
   </div>
   <div class='ocr_carea' id='block_1_37' title="bbox 1887 1035 3500 1109">
    <p class='ocr_par' dir='ltr' id='par_1_37' title="bbox 1887 1035 3500 1109">
     <span class='ocr_line' id='line_1_37' title="bbox 1887 1035 3500 1109; baseline 0.006 -20"><span class='ocrx_word' id='word_1_262' title='bbox 1887 1035 2086 1089; x_wconf 86' lang='lat' dir='ltr'><strong>cadunt</strong></span> <span class='ocrx_word' id='word_1_263' title='bbox 2190 1035 2291 1088; x_wconf 86' lang='lat' dir='ltr'><strong>sub</strong></span> <span class='ocrx_word' id='word_1_264' title='bbox 2365 1035 2704 1109; x_wconf 74' lang='lat' dir='ltr'><strong>divisionum</strong></span> <span class='ocrx_word' id='word_1_265' title='bbox 2801 1038 3013 1102; x_wconf 81' lang='lat' dir='ltr'><strong>modos,</strong></span> <span class='ocrx_word' id='word_1_266' title='bbox 3097 1045 3500 1098; x_wconf 73' lang='lat' dir='ltr'><strong>nccessariuur</strong></span> 
     </span>
    </p>
   </div>
   <div class='ocr_carea' id='block_1_38' title="bbox 1888 1125 3477 1199">
    <p class='ocr_par' dir='ltr' id='par_1_38' title="bbox 1888 1125 3477 1199">
     <span class='ocr_line' id='line_1_38' title="bbox 1888 1125 3477 1199; baseline 0.006 -20"><span class='ocrx_word' id='word_1_267' title='bbox 1888 1136 1972 1180; x_wconf 88' lang='lat' dir='ltr'><strong>est</strong></span> <span class='ocrx_word' id='word_1_268' title='bbox 2033 1128 2194 1179; x_wconf 85' lang='lat' dir='ltr'><strong>etiam</strong></span> <span class='ocrx_word' id='word_1_269' title='bbox 2262 1125 2350 1180; x_wconf 84' lang='lat' dir='ltr'><strong>hic</strong></span> <span class='ocrx_word' id='word_1_270' title='bbox 2379 1128 2626 1194; x_wconf 67' lang='lat' dir='ltr'><strong>quaedam</strong></span> <span class='ocrx_word' id='word_1_271' title='bbox 2683 1143 2746 1180; x_wconf 81' lang='lat' dir='ltr'><strong>ex</strong></span> <span class='ocrx_word' id='word_1_272' title='bbox 2811 1127 2919 1183; x_wconf 80' lang='lat' dir='ltr'><strong>illis</strong></span> <span class='ocrx_word' id='word_1_273' title='bbox 2993 1146 3359 1199; x_wconf 75' lang='lat' dir='ltr'><strong>exponamus.</strong></span> <span class='ocrx_word' id='word_1_274' title='bbox 3419 1148 3477 1188; x_wconf 87' lang='grc' dir='ltr'><strong>ιιι</strong></span> 
     </span>
    </p>
   </div>
   <div class='ocr_carea' id='block_1_39' title="bbox 1889 1217 3477 1288">
    <p class='ocr_par' dir='ltr' id='par_1_39' title="bbox 1889 1217 3477 1288">
     <span class='ocr_line' id='line_1_39' title="bbox 1889 1217 3477 1288; baseline 0.005 -16"><span class='ocrx_word' id='word_1_275' title='bbox 1889 1217 2016 1272; x_wconf 82' lang='lat' dir='ltr'><strong>hinc</strong></span> <span class='ocrx_word' id='word_1_276' title='bbox 2079 1233 2299 1288; x_wconf 82' lang='lat' dir='ltr'><strong>quoque</strong></span> <span class='ocrx_word' id='word_1_277' title='bbox 2353 1233 2506 1272; x_wconf 69' lang='lat' dir='ltr'><strong>nova:</strong></span> <span class='ocrx_word' id='word_1_278' title='bbox 2562 1218 2782 1274; x_wconf 76' lang='lat' dir='ltr'><strong>il‘orum</strong></span> <span class='ocrx_word' id='word_1_279' title='bbox 2815 1244 2820 1250; x_wconf 89' lang='lat'><em>-</em></span> <span class='ocrx_word' id='word_1_280' title='bbox 2859 1221 2982 1275; x_wconf 86' lang='lat' dir='ltr'><strong>ﬁdei</strong></span> <span class='ocrx_word' id='word_1_281' title='bbox 3051 1224 3342 1279; x_wconf 74' lang='lat' dir='ltr'><strong>falsitatem</strong></span> <span class='ocrx_word' id='word_1_282' title='bbox 3411 1244 3477 1282; x_wconf 85' lang='lat' dir='ltr'><strong>ac</strong></span> 
     </span>
    </p>
   </div>
   <div class='ocr_carea' id='block_1_40' title="bbox 1890 1308 3476 1375">
    <p class='ocr_par' dir='ltr' id='par_1_40' title="bbox 1890 1308 3476 1375">
     <span class='ocr_line' id='line_1_40' title="bbox 1890 1308 3476 1375; baseline 0.006 -15"><span class='ocrx_word' id='word_1_283' title='bbox 1890 1309 2224 1362; x_wconf 81' lang='lat' dir='ltr'><strong>dementiam</strong></span> <span class='ocrx_word' id='word_1_284' title='bbox 2264 1312 2642 1363; x_wconf 76' lang='lat' dir='ltr'><strong>ostendamus.</strong></span> <span class='ocrx_word' id='word_1_285' title='bbox 2688 1308 2838 1375; x_wconf 77' lang='lat' dir='ltr'><strong>Quae</strong></span> <span class='ocrx_word' id='word_1_286' title='bbox 2869 1311 3014 1364; x_wconf 82' lang='lat' dir='ltr'><strong>enim</strong></span> <span class='ocrx_word' id='word_1_287' title='bbox 3045 1313 3113 1367; x_wconf 86' lang='lat' dir='ltr'><strong>de</strong></span> <span class='ocrx_word' id='word_1_288' title='bbox 3147 1329 3290 1370; x_wconf 75' lang='lat' dir='ltr'><strong>novo</strong></span> <span class='ocrx_word' id='word_1_289' title='bbox 3332 1317 3476 1371; x_wconf 82' lang='lat' dir='ltr'><strong>divi-</strong></span> 
     </span>
    </p>
   </div>
   <div class='ocr_carea' id='block_1_41' title="bbox 1891 1401 3472 1472">
    <p class='ocr_par' dir='ltr' id='par_1_41' title="bbox 1891 1401 3472 1472">
     <span class='ocr_line' id='line_1_41' title="bbox 1891 1401 3472 1472; baseline 0.008 -20"><span class='ocrx_word' id='word_1_290' title='bbox 1891 1401 2091 1454; x_wconf 83' lang='lat' dir='ltr'><strong>nitates</strong></span> <span class='ocrx_word' id='word_1_291' title='bbox 2111 1401 2508 1463; x_wconf 79' lang='lat' dir='ltr'><strong>cunilaverunt,</strong></span> <span class='ocrx_word' id='word_1_292' title='bbox 2535 1402 2864 1472; x_wconf 84' lang='lat' dir='ltr'><strong>quandoque</strong></span> <span class='ocrx_word' id='word_1_293' title='bbox 2886 1405 3050 1457; x_wconf 85' lang='lat' dir='ltr'><strong>etiam</strong></span> <span class='ocrx_word' id='word_1_294' title='bbox 3082 1405 3227 1461; x_wconf 84' lang='lat' dir='ltr'><strong>Deos</strong></span> <span class='ocrx_word' id='word_1_295' title='bbox 3255 1420 3472 1464; x_wconf 81' lang='lat' dir='ltr'><strong>vocant.</strong></span> 
     </span>
    </p>
   </div>
   <div class='ocr_carea' id='block_1_42' title="bbox 1890 1490 3478 1559">
    <p class='ocr_par' dir='ltr' id='par_1_42' title="bbox 1890 1490 3478 1559">
     <span class='ocr_line' id='line_1_42' title="bbox 1890 1490 3478 1559; baseline 0.007 -14"><span class='ocrx_word' id='word_1_296' title='bbox 1890 1490 2142 1546; x_wconf 87' lang='lat' dir='ltr'><strong>Palamas</strong></span> <span class='ocrx_word' id='word_1_297' title='bbox 2175 1508 2307 1546; x_wconf 88' lang='lat' dir='ltr'><strong>sane</strong></span> <span class='ocrx_word' id='word_1_298' title='bbox 2334 1495 2390 1546; x_wconf 85' lang='lat' dir='ltr'><strong>in</strong></span> <span class='ocrx_word' id='word_1_299' title='bbox 2442 1496 2676 1559; x_wconf 78' lang='lat' dir='ltr'><strong>quadam</strong></span> <span class='ocrx_word' id='word_1_300' title='bbox 2738 1511 2965 1550; x_wconf 84' lang='lat' dir='ltr'><strong>suarum</strong></span> <span class='ocrx_word' id='word_1_301' title='bbox 3026 1500 3340 1552; x_wconf 75' lang='lat' dir='ltr'><strong>orationum</strong></span> <span class='ocrx_word' id='word_1_302' title='bbox 3408 1502 3478 1555; x_wconf 86' lang='lat' dir='ltr'><strong>de</strong></span> 
     </span>
    </p>
   </div>
   <div class='ocr_carea' id='block_1_43' title="bbox 1891 1584 3473 1655">
    <p class='ocr_par' dir='ltr' id='par_1_43' title="bbox 1891 1584 3473 1655">
     <span class='ocr_line' id='line_1_43' title="bbox 1891 1584 3473 1655; baseline 0.006 -19"><span class='ocrx_word' id='word_1_303' title='bbox 1891 1584 2117 1649; x_wconf 85' lang='lat' dir='ltr'><strong>lumine,</strong></span> <span class='ocrx_word' id='word_1_304' title='bbox 2155 1585 2352 1655; x_wconf 80' lang='lat' dir='ltr'><strong>duplex</strong></span> <span class='ocrx_word' id='word_1_305' title='bbox 2387 1586 2601 1641; x_wconf 85' lang='lat' dir='ltr'><strong>scilicet</strong></span> <span class='ocrx_word' id='word_1_306' title='bbox 2650 1587 2860 1642; x_wconf 77' lang='lat' dir='ltr'><strong>Numen</strong></span> <span class='ocrx_word' id='word_1_307' title='bbox 2889 1589 3076 1644; x_wconf 85' lang='lat' dir='ltr'><strong>volens</strong></span> <span class='ocrx_word' id='word_1_308' title='bbox 3128 1593 3418 1646; x_wconf 81' lang='lat' dir='ltr'><strong>ostendere</strong></span> <span class='ocrx_word' id='word_1_309' title='bbox 3459 1610 3473 1646; x_wconf 93' lang='lat'><strong>:</strong></span> 
     </span>
    </p>
   </div>
   <div class='ocr_carea' id='block_1_44' title="bbox 1894 1673 3477 1752">
    <p class='ocr_par' dir='ltr' id='par_1_44' title="bbox 1894 1673 3477 1752">
     <span class='ocr_line' id='line_1_44' title="bbox 1894 1673 3477 1752; baseline 0.001 -21"><span class='ocrx_word' id='word_1_310' title='bbox 1894 1673 2016 1731; x_wconf 80' lang='lat' dir='ltr'><strong>Non</strong></span> <span class='ocrx_word' id='word_1_311' title='bbox 2047 1675 2220 1730; x_wconf 84' lang='lat' dir='ltr'><strong>solum</strong></span> <span class='ocrx_word' id='word_1_312' title='bbox 2261 1678 2402 1732; x_wconf 80' lang='lat' dir='ltr'><strong>Deus</strong></span> <span class='ocrx_word' id='word_1_313' title='bbox 2437 1688 2536 1746; x_wconf 86' lang='lat' dir='ltr'><strong>est,</strong></span> <span class='ocrx_word' id='word_1_314' title='bbox 2561 1680 2651 1748; x_wconf 90' lang='lat' dir='ltr'><strong>qui</strong></span> <span class='ocrx_word' id='word_1_315' title='bbox 2689 1681 2758 1733; x_wconf 88' lang='lat' dir='ltr'><strong>sit</strong></span> <span class='ocrx_word' id='word_1_316' title='bbox 2811 1697 2973 1749; x_wconf 96' lang='lat' dir='ltr'><strong>super</strong></span> <span class='ocrx_word' id='word_1_317' title='bbox 3016 1697 3079 1734; x_wconf 88' lang='lat' dir='ltr'><strong>ea</strong></span> <span class='ocrx_word' id='word_1_318' title='bbox 3149 1698 3267 1752; x_wconf 66' lang='lat' dir='ltr'><strong>quin</strong></span> <span class='ocrx_word' id='word_1_319' title='bbox 3325 1696 3477 1747; x_wconf 79' lang='lat' dir='ltr'><strong>sunt,</strong></span> 
     </span>
    </p>
   </div>
   <div class='ocr_carea' id='block_1_45' title="bbox 1893 1767 3478 1841">
    <p class='ocr_par' dir='ltr' id='par_1_45' title="bbox 1893 1767 3478 1841">
     <span class='ocr_line' id='line_1_45' title="bbox 1893 1767 3478 1841; baseline 0.005 -21"><span class='ocrx_word' id='word_1_320' title='bbox 1893 1767 1946 1820; x_wconf 90' lang='lat' dir='ltr'><strong>id</strong></span> <span class='ocrx_word' id='word_1_321' title='bbox 1972 1778 2073 1833; x_wconf 90' lang='lat' dir='ltr'><strong>est,</strong></span> <span class='ocrx_word' id='word_1_322' title='bbox 2107 1769 2251 1821; x_wconf 90' lang='lat' dir='ltr'><strong>entia</strong></span> <span class='ocrx_word' id='word_1_323' title='bbox 2283 1771 2501 1838; x_wconf 85' lang='lat' dir='ltr'><strong>(nempe</strong></span> <span class='ocrx_word' id='word_1_324' title='bbox 2530 1771 2799 1838; x_wconf 85' lang='lat' dir='ltr'><strong>operatio,</strong></span> <span class='ocrx_word' id='word_1_325' title='bbox 2857 1771 2925 1824; x_wconf 83' lang='lat' dir='ltr'><strong>de</strong></span> <span class='ocrx_word' id='word_1_326' title='bbox 2982 1787 3089 1841; x_wconf 84' lang='lat' dir='ltr'><strong>qua</strong></span> <span class='ocrx_word' id='word_1_327' title='bbox 3161 1773 3236 1826; x_wconf 89' lang='lat' dir='ltr'><strong>illi</strong></span> <span class='ocrx_word' id='word_1_328' title='bbox 3293 1789 3478 1828; x_wconf 81' lang='lat' dir='ltr'><strong>sermo</strong></span> 
     </span>
    </p>
   </div>
   <div class='ocr_carea' id='block_1_46' title="bbox 1894 1859 3479 1934">
    <p class='ocr_par' dir='ltr' id='par_1_46' title="bbox 1894 1859 3479 1934">
     <span class='ocr_line' id='line_1_46' title="bbox 1894 1859 3479 1934; baseline 0.003 -20"><span class='ocrx_word' id='word_1_329' title='bbox 1894 1861 2032 1929; x_wconf 83' lang='lat' dir='ltr'><strong>erat)</strong></span> <span class='ocrx_word' id='word_1_330' title='bbox 2059 1900 2074 1926; x_wconf 93' lang='lat'><strong>,</strong></span> <span class='ocrx_word' id='word_1_331' title='bbox 2111 1859 2201 1913; x_wconf 86' lang='lat' dir='ltr'><strong>sed</strong></span> <span class='ocrx_word' id='word_1_332' title='bbox 2223 1868 2272 1914; x_wconf 90' lang='lat' dir='ltr'><strong>et</strong></span> <span class='ocrx_word' id='word_1_333' title='bbox 2321 1875 2485 1926; x_wconf 84' lang='lat' dir='ltr'><strong>supra</strong></span> <span class='ocrx_word' id='word_1_334' title='bbox 2525 1876 2686 1930; x_wconf 86' lang='lat' dir='ltr'><strong>quam</strong></span> <span class='ocrx_word' id='word_1_335' title='bbox 2739 1860 2900 1914; x_wconf 85' lang='lat' dir='ltr'><strong>Dens.</strong></span> <span class='ocrx_word' id='word_1_336' title='bbox 2941 1861 3052 1915; x_wconf 82' lang='lat' dir='ltr'><strong>Nec</strong></span> <span class='ocrx_word' id='word_1_337' title='bbox 3089 1864 3260 1917; x_wconf 86' lang='lat' dir='ltr'><strong>solum</strong></span> <span class='ocrx_word' id='word_1_338' title='bbox 3314 1881 3479 1934; x_wconf 87' lang='lat' dir='ltr'><strong><em>supra</em></strong></span> 
     </span>
    </p>
   </div>
   <div class='ocr_carea' id='block_1_47' title="bbox 1895 1952 3479 2023">
    <p class='ocr_par' dir='ltr' id='par_1_47' title="bbox 1895 1952 3479 2023">
     <span class='ocr_line' id='line_1_47' title="bbox 1895 1952 3479 2023; baseline 0.004 -19"><span class='ocrx_word' id='word_1_339' title='bbox 1895 1967 2046 2005; x_wconf 87' lang='lat' dir='ltr'><strong>omne</strong></span> <span class='ocrx_word' id='word_1_340' title='bbox 2070 1954 2209 2021; x_wconf 83' lang='lat' dir='ltr'><strong>quod</strong></span> <span class='ocrx_word' id='word_1_341' title='bbox 2236 1952 2570 2021; x_wconf 75' lang='lat' dir='ltr'><strong>afﬁrmatur,</strong></span> <span class='ocrx_word' id='word_1_342' title='bbox 2601 1962 2718 2018; x_wconf 88' lang='lat' dir='ltr'><strong>est;</strong></span> <span class='ocrx_word' id='word_1_343' title='bbox 2743 1954 2832 2006; x_wconf 85' lang='lat' dir='ltr'><strong>sed</strong></span> <span class='ocrx_word' id='word_1_344' title='bbox 2885 1963 2934 2007; x_wconf 92' lang='lat' dir='ltr'><strong>et</strong></span> <span class='ocrx_word' id='word_1_345' title='bbox 2994 1971 3160 2023; x_wconf 89' lang='lat' dir='ltr'><strong>supra</strong></span> <span class='ocrx_word' id='word_1_346' title='bbox 3213 1957 3270 2010; x_wconf 89' lang='lat' dir='ltr'><strong>id</strong></span> <span class='ocrx_word' id='word_1_347' title='bbox 3326 1973 3479 2011; x_wconf 88' lang='lat' dir='ltr'><strong>omne</strong></span> 
     </span>
    </p>
   </div>
   <div class='ocr_carea' id='block_1_48' title="bbox 1893 2044 3478 2119">
    <p class='ocr_par' dir='ltr' id='par_1_48' title="bbox 1893 2044 3478 2119">
     <span class='ocr_line' id='line_1_48' title="bbox 1893 2044 3478 2119; baseline 0.005 -23"><span class='ocrx_word' id='word_1_348' title='bbox 1893 2044 2034 2114; x_wconf 86' lang='lat' dir='ltr'><strong>quod</strong></span> <span class='ocrx_word' id='word_1_349' title='bbox 2065 2044 2306 2112; x_wconf 84' lang='lat' dir='ltr'><strong>negando</strong></span> <span class='ocrx_word' id='word_1_350' title='bbox 2359 2055 2682 2109; x_wconf 76' lang='lat' dir='ltr'><strong>remouetur,</strong></span> <span class='ocrx_word' id='word_1_351' title='bbox 2718 2047 2834 2114; x_wconf 86' lang='lat' dir='ltr'><strong>ejus</strong></span> <span class='ocrx_word' id='word_1_352' title='bbox 2867 2047 3182 2101; x_wconf 71' lang='lat' dir='ltr'><strong>excellentia</strong></span> <span class='ocrx_word' id='word_1_353' title='bbox 3247 2051 3338 2119; x_wconf 86' lang='lat' dir='ltr'><strong>qui</strong></span> <span class='ocrx_word' id='word_1_354' title='bbox 3397 2060 3478 2104; x_wconf 87' lang='lat' dir='ltr'><strong>est</strong></span> 
     </span>
    </p>
   </div>
   <div class='ocr_carea' id='block_1_49' title="bbox 1893 2135 3478 2210">
    <p class='ocr_par' dir='ltr' id='par_1_49' title="bbox 1893 2135 3478 2210">
     <span class='ocr_line' id='line_1_49' title="bbox 1893 2135 3478 2210; baseline 0.006 -25"><span class='ocrx_word' id='word_1_355' title='bbox 1893 2148 2056 2200; x_wconf 77' lang='lat' dir='ltr'><strong>supra</strong></span> <span class='ocrx_word' id='word_1_356' title='bbox 2086 2135 2284 2195; x_wconf 86' lang='lat' dir='ltr'><strong>omnia,</strong></span> <span class='ocrx_word' id='word_1_357' title='bbox 2347 2151 2653 2204; x_wconf 86' lang='lat' dir='ltr'><strong>omnemque</strong></span> <span class='ocrx_word' id='word_1_358' title='bbox 2712 2137 3100 2205; x_wconf 62' lang='lat' dir='ltr'><strong>excellentiam,</strong></span> <span class='ocrx_word' id='word_1_359' title='bbox 3157 2155 3478 2210; x_wconf 66' lang='lat' dir='ltr'><strong>quacunque</strong></span> 
     </span>
    </p>
   </div>
   <div class='ocr_carea' id='block_1_50' title="bbox 1895 2225 3478 2301">
    <p class='ocr_par' dir='ltr' id='par_1_50' title="bbox 1895 2225 3478 2301">
     <span class='ocr_line' id='line_1_50' title="bbox 1895 2225 3478 2301; baseline 0.004 -23"><span class='ocrx_word' id='word_1_360' title='bbox 1895 2226 1988 2278; x_wconf 87' lang='lat' dir='ltr'><strong>illa</strong></span> <span class='ocrx_word' id='word_1_361' title='bbox 2018 2227 2105 2290; x_wconf 93' lang='lat' dir='ltr'><strong>sit,</strong></span> <span class='ocrx_word' id='word_1_362' title='bbox 2145 2236 2380 2292; x_wconf 86' lang='lat' dir='ltr'><strong>superat.</strong></span> <span class='ocrx_word' id='word_1_363' title='bbox 2442 2225 2768 2296; x_wconf 79' lang='lat' dir='ltr'><strong>Rursusque</strong></span> <span class='ocrx_word' id='word_1_364' title='bbox 2798 2231 2849 2282; x_wconf 88' lang='lat' dir='ltr'><strong>in</strong></span> <span class='ocrx_word' id='word_1_365' title='bbox 2888 2230 3082 2282; x_wconf 85' lang='lat' dir='ltr'><strong>eodem</strong></span> <span class='ocrx_word' id='word_1_366' title='bbox 3114 2244 3133 2282; x_wconf 91' lang='lat'><strong><em>:</em></strong></span> <span class='ocrx_word' id='word_1_367' title='bbox 3164 2230 3268 2284; x_wconf 88' lang='lat' dir='ltr'><strong>Sed</strong></span> <span class='ocrx_word' id='word_1_368' title='bbox 3314 2248 3478 2301; x_wconf 84' lang='lat' dir='ltr'><strong>neque</strong></span> 
     </span>
    </p>
   </div>
   <div class='ocr_carea' id='block_1_51' title="bbox 1893 2317 3478 2387">
    <p class='ocr_par' dir='ltr' id='par_1_51' title="bbox 1893 2317 3478 2387">
     <span class='ocr_line' id='line_1_51' title="bbox 1893 2317 3478 2387; baseline 0.003 -16"><span class='ocrx_word' id='word_1_369' title='bbox 1893 2334 1959 2371; x_wconf 81' lang='lat' dir='ltr'><strong>ea:</strong></span> <span class='ocrx_word' id='word_1_370' title='bbox 1989 2319 2250 2387; x_wconf 80' lang='lat' dir='ltr'><strong>theologia</strong></span> <span class='ocrx_word' id='word_1_371' title='bbox 2277 2317 2413 2371; x_wconf 86' lang='lat' dir='ltr'><strong>illud</strong></span> <span class='ocrx_word' id='word_1_372' title='bbox 2448 2319 2675 2380; x_wconf 83' lang='lat' dir='ltr'><strong>audivit,</strong></span> <span class='ocrx_word' id='word_1_373' title='bbox 2711 2328 2834 2371; x_wconf 88' lang='lat' dir='ltr'><strong>tunc</strong></span> <span class='ocrx_word' id='word_1_374' title='bbox 2864 2321 3099 2373; x_wconf 89' lang='lat' dir='ltr'><strong>omnium</strong></span> <span class='ocrx_word' id='word_1_375' title='bbox 3163 2321 3278 2375; x_wconf 88' lang='lat' dir='ltr'><strong>loco</strong></span> <span class='ocrx_word' id='word_1_376' title='bbox 3327 2326 3478 2377; x_wconf 85' lang='lat' dir='ltr'><strong>nobis</strong></span> 
     </span>
    </p>
   </div>
   <div class='ocr_carea' id='block_1_52' title="bbox 1895 2407 3476 2479">
    <p class='ocr_par' dir='ltr' id='par_1_52' title="bbox 1895 2407 3476 2479">
     <span class='ocr_line' id='line_1_52' title="bbox 1895 2407 3476 2479; baseline 0.004 -20"><span class='ocrx_word' id='word_1_377' title='bbox 1895 2407 2007 2476; x_wconf 82' lang='lat' dir='ltr'><strong>fore</strong></span> <span class='ocrx_word' id='word_1_378' title='bbox 2031 2408 2262 2460; x_wconf 74' lang='lat' dir='ltr'><strong>divinam</strong></span> <span class='ocrx_word' id='word_1_379' title='bbox 2293 2417 2565 2472; x_wconf 82' lang='lat' dir='ltr'><strong>naturam,</strong></span> <span class='ocrx_word' id='word_1_380' title='bbox 2602 2418 2660 2460; x_wconf 93' lang='lat' dir='ltr'><strong>ut</strong></span> <span class='ocrx_word' id='word_1_381' title='bbox 2685 2409 2807 2462; x_wconf 78' lang='lat' dir='ltr'><strong>inde</strong></span> <span class='ocrx_word' id='word_1_382' title='bbox 2839 2414 3056 2464; x_wconf 78' lang='lat' dir='ltr'><strong>tandem</strong></span> <span class='ocrx_word' id='word_1_383' title='bbox 3084 2412 3476 2479; x_wconf 77' lang='lat' dir='ltr'><strong><em>persuadeatur</em></strong></span> 
     </span>
    </p>
   </div>
   <div class='ocr_carea' id='block_1_53' title="bbox 1894 2497 3472 2562">
    <p class='ocr_par' dir='ltr' id='par_1_53' title="bbox 1894 2497 3472 2562">
     <span class='ocr_line' id='line_1_53' title="bbox 1894 2497 3472 2562; baseline 0.005 -10"><span class='ocrx_word' id='word_1_384' title='bbox 1894 2497 2060 2552; x_wconf 84' lang='lat' dir='ltr'><strong>Deum</strong></span> <span class='ocrx_word' id='word_1_385' title='bbox 2095 2515 2202 2552; x_wconf 88' lang='lat' dir='ltr'><strong>esse</strong></span> <span class='ocrx_word' id='word_1_386' title='bbox 2228 2499 2323 2552; x_wconf 85' lang='lat' dir='ltr'><strong>Itoc</strong></span> <span class='ocrx_word' id='word_1_387' title='bbox 2349 2499 2548 2552; x_wconf 87' lang='lat' dir='ltr'><strong>lumen.</strong></span> <span class='ocrx_word' id='word_1_388' title='bbox 2579 2499 2739 2562; x_wconf 87' lang='lat' dir='ltr'><strong>Item,</strong></span> <span class='ocrx_word' id='word_1_389' title='bbox 2770 2501 2908 2555; x_wconf 86' lang='lat' dir='ltr'><strong>libro</strong></span> <span class='ocrx_word' id='word_1_390' title='bbox 2933 2505 3174 2557; x_wconf 83' lang='lat' dir='ltr'><strong>secundo</strong></span> <span class='ocrx_word' id='word_1_391' title='bbox 3203 2506 3472 2560; x_wconf 84' lang='lat' dir='ltr'><strong>adversus</strong></span> 
     </span>
    </p>
   </div>
   <div class='ocr_carea' id='block_1_54' title="bbox 1894 2588 3469 2669">
    <p class='ocr_par' dir='ltr' id='par_1_54' title="bbox 1894 2588 3469 2669">
     <span class='ocr_line' id='line_1_54' title="bbox 1894 2588 3469 2669; baseline 0.006 -27"><span class='ocrx_word' id='word_1_392' title='bbox 1894 2588 2161 2644; x_wconf 83' lang='lat' dir='ltr'><strong>Barlaami</strong></span> <span class='ocrx_word' id='word_1_393' title='bbox 2191 2591 2365 2645; x_wconf 88' lang='lat' dir='ltr'><strong>altera</strong></span> <span class='ocrx_word' id='word_1_394' title='bbox 2394 2593 2596 2660; x_wconf 76' lang='lat' dir='ltr'><strong>capita,</strong></span> <span class='ocrx_word' id='word_1_395' title='bbox 2629 2609 2792 2662; x_wconf 87' lang='lat' dir='ltr'><strong>quem</strong></span> <span class='ocrx_word' id='word_1_396' title='bbox 2828 2605 3116 2662; x_wconf 62' lang='lat' dir='ltr'><strong>praenatat,</strong></span> <span class='ocrx_word' id='word_1_397' title='bbox 3173 2595 3469 2669; x_wconf 81' lang='lat' dir='ltr'><strong>Catalogus</strong></span> 
     </span>
    </p>
   </div>
   <div class='ocr_carea' id='block_1_55' title="bbox 1895 2680 3477 2756">
    <p class='ocr_par' dir='ltr' id='par_1_55' title="bbox 1895 2680 3477 2756">
     <span class='ocr_line' id='line_1_55' title="bbox 1895 2680 3477 2756; baseline 0.003 -22"><span class='ocrx_word' id='word_1_398' title='bbox 1895 2680 2243 2734; x_wconf 82' lang='lat' dir='ltr'><strong>absurdorum</strong></span> <span class='ocrx_word' id='word_1_399' title='bbox 2271 2697 2390 2750; x_wconf 81' lang='lat' dir='ltr'><strong>qute</strong></span> <span class='ocrx_word' id='word_1_400' title='bbox 2424 2692 2742 2751; x_wconf 83' lang='lat' dir='ltr'><strong>sequuntur,</strong></span> <span class='ocrx_word' id='word_1_401' title='bbox 2786 2683 3086 2747; x_wconf 76' lang='lat' dir='ltr'><strong>Enimvero,</strong></span> <span class='ocrx_word' id='word_1_402' title='bbox 3137 2689 3477 2756; x_wconf 81' lang='lat' dir='ltr'><strong>quandoqui-</strong></span> 
     </span>
    </p>
   </div>
   <div class='ocr_carea' id='block_1_56' title="bbox 1893 2773 3480 2847">
    <p class='ocr_par' dir='ltr' id='par_1_56' title="bbox 1893 2773 3480 2847">
     <span class='ocr_line' id='line_1_56' title="bbox 1893 2773 3480 2847; baseline 0.005 -23"><span class='ocrx_word' id='word_1_403' title='bbox 1893 2773 2008 2826; x_wconf 90' lang='lat' dir='ltr'><strong>dem</strong></span> <span class='ocrx_word' id='word_1_404' title='bbox 2043 2783 2165 2826; x_wconf 84' lang='lat' dir='ltr'><strong>sunt</strong></span> <span class='ocrx_word' id='word_1_405' title='bbox 2188 2790 2306 2842; x_wconf 73' lang='lat' dir='ltr'><strong>qua&#39;</strong></span> <span class='ocrx_word' id='word_1_406' title='bbox 2337 2773 2505 2826; x_wconf 88' lang='lat' dir='ltr'><strong>Deum</strong></span> <span class='ocrx_word' id='word_1_407' title='bbox 2553 2775 2898 2842; x_wconf 86' lang='lat' dir='ltr'><strong>participent,</strong></span> <span class='ocrx_word' id='word_1_408' title='bbox 2960 2775 3057 2828; x_wconf 85' lang='lat' dir='ltr'><strong>Dei</strong></span> <span class='ocrx_word' id='word_1_409' title='bbox 3099 2787 3297 2844; x_wconf 89' lang='lat' dir='ltr'><strong>autem,</strong></span> <span class='ocrx_word' id='word_1_410' title='bbox 3363 2795 3480 2847; x_wconf 76' lang='lat' dir='ltr'><strong>qua:</strong></span> 
     </span>
    </p>
   </div>
   <div class='ocr_carea' id='block_1_57' title="bbox 1895 2867 3479 2939">
    <p class='ocr_par' dir='ltr' id='par_1_57' title="bbox 1895 2867 3479 2939">
     <span class='ocr_line' id='line_1_57' title="bbox 1895 2867 3479 2939; baseline 0.006 -22"><span class='ocrx_word' id='word_1_411' title='bbox 1895 2881 2094 2917; x_wconf 84' lang='lat' dir='ltr'><strong>omnem</strong></span> <span class='ocrx_word' id='word_1_412' title='bbox 2123 2867 2665 2931; x_wconf 82' lang='lat' dir='ltr'><strong>essentiamsuperat,</strong></span> <span class='ocrx_word' id='word_1_413' title='bbox 2685 2868 2933 2932; x_wconf 85' lang='lat' dir='ltr'><strong>essentia,</strong></span> <span class='ocrx_word' id='word_1_414' title='bbox 2967 2883 3187 2934; x_wconf 75' lang='lat' dir='ltr'><strong><em>prorsus</em></strong></span> <span class='ocrx_word' id='word_1_415' title='bbox 3230 2873 3479 2939; x_wconf 79' lang='lat' dir='ltr'><strong>imparti-</strong></span> 
     </span>
    </p>
   </div>
   <div class='ocr_carea' id='block_1_58' title="bbox 1893 2956 3481 3026">
    <p class='ocr_par' dir='ltr' id='par_1_58' title="bbox 1893 2956 3481 3026">
     <span class='ocr_line' id='line_1_58' title="bbox 1893 2956 3481 3026; baseline 0.004 -16"><span class='ocrx_word' id='word_1_416' title='bbox 1893 2956 2133 3025; x_wconf 85' lang='lat' dir='ltr'><strong>cipubilis</strong></span> <span class='ocrx_word' id='word_1_417' title='bbox 2164 2966 2279 3021; x_wconf 87' lang='lat' dir='ltr'><strong>est;</strong></span> <span class='ocrx_word' id='word_1_418' title='bbox 2302 2957 2460 3026; x_wconf 85' lang='lat' dir='ltr'><strong>plane</strong></span> <span class='ocrx_word' id='word_1_419' title='bbox 2490 2959 2693 3026; x_wconf 80' lang='lat' dir='ltr'><strong>aliquid</strong></span> <span class='ocrx_word' id='word_1_420' title='bbox 2727 2959 3002 3013; x_wconf 83' lang='lat' dir='ltr'><strong>intercedit</strong></span> <span class='ocrx_word' id='word_1_421' title='bbox 3029 2961 3167 3015; x_wconf 88' lang='lat' dir='ltr'><strong>inter</strong></span> <span class='ocrx_word' id='word_1_422' title='bbox 3199 2967 3481 3017; x_wconf 82' lang='lat' dir='ltr'><strong>essentiam</strong></span> 
     </span>
    </p>
   </div>
   <div class='ocr_carea' id='block_1_59' title="bbox 1895 3050 3480 3124">
    <p class='ocr_par' dir='ltr' id='par_1_59' title="bbox 1895 3050 3480 3124">
     <span class='ocr_line' id='line_1_59' title="bbox 1895 3050 3480 3124; baseline 0.003 -19"><span class='ocrx_word' id='word_1_423' title='bbox 1895 3050 2394 3118; x_wconf 76' lang='lat' dir='ltr'><strong>imparticipabilem</strong></span> <span class='ocrx_word' id='word_1_424' title='bbox 2429 3059 2480 3104; x_wconf 90' lang='lat' dir='ltr'><strong>et</strong></span> <span class='ocrx_word' id='word_1_425' title='bbox 2511 3066 2572 3104; x_wconf 88' lang='lat' dir='ltr'><strong>ea</strong></span> <span class='ocrx_word' id='word_1_426' title='bbox 2612 3066 2729 3120; x_wconf 79' lang='lat' dir='ltr'><strong>qua:</strong></span> <span class='ocrx_word' id='word_1_427' title='bbox 2784 3053 3132 3121; x_wconf 84' lang='lat' dir='ltr'><strong><em>participant,</em></strong></span> <span class='ocrx_word' id='word_1_428' title='bbox 3179 3071 3273 3118; x_wconf 91' lang='lat' dir='ltr'><strong>per</strong></span> <span class='ocrx_word' id='word_1_429' title='bbox 3337 3058 3480 3124; x_wconf 85' lang='lat' dir='ltr'><strong>quod</strong></span> 
     </span>
    </p>
   </div>
   <div class='ocr_carea' id='block_1_60' title="bbox 226 3144 1796 3232">
    <p class='ocr_par' dir='ltr' id='par_1_60' title="bbox 226 3161 1794 3232">
     <span class='ocr_line' id='line_1_60' title="bbox 226 3161 1794 3232; baseline -0.003 -12"><span class='ocrx_word' id='word_1_430' title='bbox 226 3166 372 3220; x_wconf 83' lang='grc' dir='ltr'>Θεὸν</span> <span class='ocrx_word' id='word_1_431' title='bbox 395 3165 622 3232; x_wconf 81' lang='grc' dir='ltr'>ἕτερον.</span> <span class='ocrx_word' id='word_1_432' title='bbox 641 3165 750 3218; x_wconf 76' lang='grc' dir='ltr'><strong>οὐκ</strong></span> <span class='ocrx_word' id='word_1_433' title='bbox 781 3164 925 3218; x_wconf 80' lang='grc' dir='ltr'>ὄντα</span> <span class='ocrx_word' id='word_1_434' title='bbox 950 3163 1144 3231; x_wconf 89' lang='grc' dir='ltr'>μόνον</span> <span class='ocrx_word' id='word_1_435' title='bbox 1159 3161 1481 3230; x_wconf 81' lang='grc' dir='ltr'>αὐτοτελῆ,</span> <span class='ocrx_word' id='word_1_436' title='bbox 1515 3163 1794 3230; x_wconf 86' lang='grc' dir='ltr'>αὺτενέρ-</span> 
     </span>
    </p>
   </div>
   <div class='ocr_carea' id='block_1_61' title="bbox 1899 3144 3475 3232">
    <p class='ocr_par' dir='ltr' id='par_1_61' title="bbox 1899 3144 3475 3220">
     <span class='ocr_line' id='line_1_61' title="bbox 1899 3144 3475 3220; baseline 0.003 -20"><span class='ocrx_word' id='word_1_437' title='bbox 1899 3162 1959 3200; x_wconf 82' lang='lat' dir='ltr'><strong>ea</strong></span> <span class='ocrx_word' id='word_1_438' title='bbox 1985 3161 2102 3213; x_wconf 68' lang='lat' dir='ltr'><strong>quin</strong></span> <span class='ocrx_word' id='word_1_439' title='bbox 2132 3154 2256 3199; x_wconf 87' lang='lat' dir='ltr'><strong>sunt</strong></span> <span class='ocrx_word' id='word_1_440' title='bbox 2294 3144 2388 3198; x_wconf 88' lang='lat' dir='ltr'><strong>Dei</strong></span> <span class='ocrx_word' id='word_1_441' title='bbox 2401 3145 2740 3213; x_wconf 82' lang='lat' dir='ltr'><strong>participem.</strong></span> <span class='ocrx_word' id='word_1_442' title='bbox 2785 3144 3092 3214; x_wconf 83' lang='lat' dir='ltr'><strong>Paucisque</strong></span> <span class='ocrx_word' id='word_1_443' title='bbox 3136 3149 3475 3220; x_wconf 79' lang='lat' dir='ltr'><strong>iuterjectis:</strong></span> 
     </span>
    </p>
   </div>
   <div class='ocr_carea' id='block_1_62' title="bbox 225 3253 1796 3326">
    <p class='ocr_par' dir='ltr' id='par_1_62' title="bbox 225 3253 1796 3326">
     <span class='ocr_line' id='line_1_62' title="bbox 225 3253 1796 3326; baseline 0.001 -18"><span class='ocrx_word' id='word_1_444' title='bbox 225 3275 425 3326; x_wconf 73' lang='grc' dir='ltr'>γητον,</span> <span class='ocrx_word' id='word_1_445' title='bbox 450 3257 636 3308; x_wconf 67' lang='grc' dir='ltr'>αὐτὸν</span> <span class='ocrx_word' id='word_1_446' title='bbox 661 3255 878 3309; x_wconf 85' lang='grc' dir='ltr'>ἑαυτὸν</span> <span class='ocrx_word' id='word_1_447' title='bbox 907 3255 984 3308; x_wconf 83' lang='grc' dir='ltr'><strong>δι’</strong></span> <span class='ocrx_word' id='word_1_448' title='bbox 1004 3253 1227 3308; x_wconf 83' lang='grc' dir='ltr'>ἑαυτοῦ</span> <span class='ocrx_word' id='word_1_449' title='bbox 1275 3255 1598 3324; x_wconf 84' lang='grc' dir='ltr'>θεώμενον,</span> <span class='ocrx_word' id='word_1_450' title='bbox 1631 3254 1796 3310; x_wconf 69' lang='grc' dir='ltr'><em>ἀλλὰ</em></span> 
     </span>
    </p>
   </div>
   <div class='ocr_carea' id='block_1_63' title="bbox 225 3342 1794 3415">
    <p class='ocr_par' dir='ltr' id='par_1_63' title="bbox 225 3342 1794 3415">
     <span class='ocr_line' id='line_1_63' title="bbox 225 3342 1794 3415; baseline -0.003 -15"><span class='ocrx_word' id='word_1_451' title='bbox 225 3349 318 3400; x_wconf 76' lang='grc' dir='ltr'><strong>καὶ</strong></span> <span class='ocrx_word' id='word_1_452' title='bbox 345 3347 591 3415; x_wconf 72' lang='grc' dir='ltr'>ἀγαθάν.</span> <span class='ocrx_word' id='word_1_453' title='bbox 624 3345 732 3399; x_wconf 83' lang='grc' dir='ltr'><strong>Καὶ</strong></span> <span class='ocrx_word' id='word_1_454' title='bbox 775 3345 984 3410; x_wconf 77' lang='grc' dir='ltr'>ἁπλῶς</span> <span class='ocrx_word' id='word_1_455' title='bbox 1033 3343 1127 3396; x_wconf 80' lang='grc' dir='ltr'><strong>δεῖ</strong></span> <span class='ocrx_word' id='word_1_456' title='bbox 1153 3342 1311 3412; x_wconf 76' lang='grc' dir='ltr'>ἡμᾶς</span> <span class='ocrx_word' id='word_1_457' title='bbox 1370 3342 1565 3411; x_wconf 80' lang='grc' dir='ltr'>ζητεῖν</span> <span class='ocrx_word' id='word_1_458' title='bbox 1623 3346 1794 3409; x_wconf 82' lang='grc' dir='ltr'>Θεὸν,</span> 
     </span>
    </p>
   </div>
   <div class='ocr_carea' id='block_1_64' title="bbox 224 3434 1798 3508">
    <p class='ocr_par' dir='ltr' id='par_1_64' title="bbox 224 3434 1798 3508">
     <span class='ocr_line' id='line_1_64' title="bbox 224 3434 1798 3508; baseline -0.003 -15"><span class='ocrx_word' id='word_1_459' title='bbox 224 3441 376 3494; x_wconf 79' lang='grc' dir='ltr'>οὕτω</span> <span class='ocrx_word' id='word_1_460' title='bbox 429 3456 554 3504; x_wconf 85' lang='grc' dir='ltr'><strong>πως</strong></span> <span class='ocrx_word' id='word_1_461' title='bbox 607 3438 940 3508; x_wconf 78' lang='grc' dir='ltr'>μεθεκτὸν,</span> <span class='ocrx_word' id='word_1_462' title='bbox 996 3434 1069 3494; x_wconf 81' lang='grc' dir='ltr'>οὗ</span> <span class='ocrx_word' id='word_1_463' title='bbox 1122 3437 1486 3506; x_wconf 81' lang='grc' dir='ltr'>μετέχοντες</span> <span class='ocrx_word' id='word_1_464' title='bbox 1539 3436 1798 3501; x_wconf 79' lang='grc' dir='ltr'>ἕκαστος</span> 
     </span>
    </p>
   </div>
   <div class='ocr_carea' id='block_1_65' title="bbox 223 3529 1796 3600">
    <p class='ocr_par' dir='ltr' id='par_1_65' title="bbox 223 3529 1796 3600">
     <span class='ocr_line' id='line_1_65' title="bbox 223 3529 1796 3600; baseline -0.004 -14"><span class='ocrx_word' id='word_1_465' title='bbox 223 3535 458 3598; x_wconf 72' lang='grc' dir='ltr'>οἰκείως</span> <span class='ocrx_word' id='word_1_466' title='bbox 487 3532 678 3597; x_wconf 83' lang='grc' dir='ltr'>ἐαυτῷ</span> <span class='ocrx_word' id='word_1_467' title='bbox 700 3533 850 3586; x_wconf 84' lang='grc' dir='ltr'>κατὰ</span> <span class='ocrx_word' id='word_1_468' title='bbox 871 3532 984 3600; x_wconf 77' lang='grc' dir='ltr'><strong>τὴν</strong></span> <span class='ocrx_word' id='word_1_469' title='bbox 1001 3530 1110 3598; x_wconf 83' lang='grc' dir='ltr'>τῆς</span> <span class='ocrx_word' id='word_1_470' title='bbox 1129 3529 1424 3600; x_wconf 78' lang='grc' dir='ltr'><strong>μεθέξεως</strong></span> <span class='ocrx_word' id='word_1_471' title='bbox 1440 3529 1796 3596; x_wconf 77' lang='grc' dir='ltr'>ἀναλογίαν,</span> 
     </span>
    </p>
   </div>
   <div class='ocr_carea' id='block_1_66' title="bbox 225 3617 1801 3688">
    <p class='ocr_par' dir='ltr' id='par_1_66' title="bbox 225 3617 1801 3688">
     <span class='ocr_line' id='line_1_66' title="bbox 225 3617 1801 3688; baseline -0.004 -13"><span class='ocrx_word' id='word_1_472' title='bbox 225 3622 399 3686; x_wconf 72' lang='grc' dir='ltr'>ὄντες</span> <span class='ocrx_word' id='word_1_473' title='bbox 424 3623 521 3674; x_wconf 71' lang='grc' dir='ltr'><strong>καὶ</strong></span> <span class='ocrx_word' id='word_1_474' title='bbox 547 3620 774 3688; x_wconf 76' lang='grc' dir='ltr'>ζῶντες,</span> <span class='ocrx_word' id='word_1_475' title='bbox 799 3623 894 3676; x_wconf 81' lang='grc' dir='ltr'><strong>καὶ</strong></span> <span class='ocrx_word' id='word_1_476' title='bbox 918 3622 1113 3675; x_wconf 79' lang='grc' dir='ltr'>ἔνθεοι</span> <span class='ocrx_word' id='word_1_477' title='bbox 1137 3621 1419 3688; x_wconf 83' lang='grc' dir='ltr'>ἐσόμεθα.</span> <span class='ocrx_word' id='word_1_478' title='bbox 1445 3621 1660 3672; x_wconf 76' lang='grc' dir='ltr'>’Ἔστιν</span> <span class='ocrx_word' id='word_1_479' title='bbox 1687 3617 1801 3685; x_wconf 77' lang='grc' dir='ltr'>ἄρα</span> 
     </span>
    </p>
   </div>
   <div class='ocr_carea' id='block_1_67' title="bbox 223 3709 1799 3784">
    <p class='ocr_par' dir='ltr' id='par_1_67' title="bbox 223 3709 1799 3784">
     <span class='ocr_line' id='line_1_67' title="bbox 223 3709 1799 3784; baseline -0.004 -17"><span class='ocrx_word' id='word_1_480' title='bbox 223 3732 276 3767; x_wconf 86' lang='grc' dir='ltr'><strong>τι</strong></span> <span class='ocrx_word' id='word_1_481' title='bbox 309 3713 539 3781; x_wconf 83' lang='grc' dir='ltr'>μεταξὺ</span> <span class='ocrx_word' id='word_1_482' title='bbox 571 3714 688 3767; x_wconf 86' lang='grc' dir='ltr'>τῶν</span> <span class='ocrx_word' id='word_1_483' title='bbox 706 3712 973 3784; x_wconf 77' lang='grc' dir='ltr'>γενητῶν</span> <span class='ocrx_word' id='word_1_484' title='bbox 993 3711 1222 3782; x_wconf 76' lang='grc' dir='ltr'>καὶτῆς</span> <span class='ocrx_word' id='word_1_485' title='bbox 1257 3709 1587 3776; x_wconf 82' lang='grc' dir='ltr'>ἀμεθέκτου</span> <span class='ocrx_word' id='word_1_486' title='bbox 1615 3710 1799 3775; x_wconf 81' lang='grc' dir='ltr'>ὑπερ-</span> 
     </span>
    </p>
   </div>
   <div class='ocr_carea' id='block_1_68' title="bbox 223 3801 1799 3875">
    <p class='ocr_par' dir='ltr' id='par_1_68' title="bbox 223 3801 1799 3875">
     <span class='ocr_line' id='line_1_68' title="bbox 223 3801 1799 3875; baseline -0.003 -15"><span class='ocrx_word' id='word_1_487' title='bbox 223 3807 582 3874; x_wconf 85' lang='grc' dir='ltr'>ουσιότητος</span> <span class='ocrx_word' id='word_1_488' title='bbox 630 3807 890 3873; x_wconf 77' lang='grc' dir='ltr'>ἐκείνης,</span> <span class='ocrx_word' id='word_1_489' title='bbox 942 3807 1057 3875; x_wconf 84' lang='grc' dir='ltr'><strong>οὐχ</strong></span> <span class='ocrx_word' id='word_1_490' title='bbox 1118 3804 1189 3858; x_wconf 82' lang='grc' dir='ltr'>ἐν</span> <span class='ocrx_word' id='word_1_491' title='bbox 1245 3805 1459 3873; x_wconf 88' lang='grc' dir='ltr'>μόνον,</span> <span class='ocrx_word' id='word_1_492' title='bbox 1504 3801 1669 3856; x_wconf 76' lang='grc' dir='ltr'><strong>ἀλλὰ</strong></span> <span class='ocrx_word' id='word_1_493' title='bbox 1701 3801 1799 3855; x_wconf 78' lang='grc' dir='ltr'><strong>καὶ</strong></span> 
     </span>
    </p>
   </div>
   <div class='ocr_carea' id='block_1_69' title="bbox 221 3894 1800 3964">
    <p class='ocr_par' dir='ltr' id='par_1_69' title="bbox 221 3894 1800 3964">
     <span class='ocr_line' id='line_1_69' title="bbox 221 3894 1800 3964; baseline -0.004 -13"><span class='ocrx_word' id='word_1_494' title='bbox 221 3895 458 3951; x_wconf 62' lang='grc' dir='ltr'><em>πολλὰ·</em></span> <span class='ocrx_word' id='word_1_495' title='bbox 482 3898 578 3950; x_wconf 74' lang='grc' dir='ltr'><strong>καὶ</strong></span> <span class='ocrx_word' id='word_1_496' title='bbox 603 3898 887 3964; x_wconf 85' lang='grc' dir='ltr'>τοσαῦτα,</span> <span class='ocrx_word' id='word_1_497' title='bbox 913 3900 1113 3952; x_wconf 74' lang='grc' dir='ltr'>ὁπόσα</span> <span class='ocrx_word' id='word_1_498' title='bbox 1137 3895 1214 3964; x_wconf 79' lang='grc' dir='ltr'><strong>δὴ</strong></span> <span class='ocrx_word' id='word_1_499' title='bbox 1235 3896 1332 3949; x_wconf 81' lang='grc' dir='ltr'><strong>καὶ</strong></span> <span class='ocrx_word' id='word_1_500' title='bbox 1354 3895 1426 3948; x_wconf 87' lang='grc' dir='ltr'>τὰ</span> <span class='ocrx_word' id='word_1_501' title='bbox 1447 3894 1800 3963; x_wconf 78' lang='grc' dir='ltr'>μετέχονταο</span> 
     </span>
    </p>
   </div>
   <div class='ocr_carea' id='block_1_70' title="bbox 221 3984 1798 4056">
    <p class='ocr_par' dir='ltr' id='par_1_70' title="bbox 221 3984 1798 4056">
     <span class='ocr_line' id='line_1_70' title="bbox 221 3984 1798 4056; baseline -0.001 -15"><span class='ocrx_word' id='word_1_502' title='bbox 221 3988 415 4041; x_wconf 83' lang='grc' dir='ltr'>ταῦτα</span> <span class='ocrx_word' id='word_1_503' title='bbox 444 3987 496 4039; x_wconf 79' lang='grc' dir='ltr'><em>δ’</em></span> <span class='ocrx_word' id='word_1_504' title='bbox 529 3990 600 4042; x_wconf 86' lang='grc' dir='ltr'>οὺ</span> <span class='ocrx_word' id='word_1_505' title='bbox 634 3989 763 4043; x_wconf 81' lang='grc' dir='ltr'>καθ’</span> <span class='ocrx_word' id='word_1_506' title='bbox 794 3989 998 4052; x_wconf 77' lang='grc' dir='ltr'>ἑαυτὰ,</span> <span class='ocrx_word' id='word_1_507' title='bbox 1026 3988 1098 4041; x_wconf 88' lang='grc' dir='ltr'>τὰ</span> <span class='ocrx_word' id='word_1_508' title='bbox 1121 3987 1282 4056; x_wconf 83' lang='grc' dir='ltr'>μέσα</span> <span class='ocrx_word' id='word_1_509' title='bbox 1309 3984 1550 4054; x_wconf 80' lang='grc' dir='ltr'><strong>δηλαδὴ</strong></span> <span class='ocrx_word' id='word_1_510' title='bbox 1578 3985 1798 4039; x_wconf 74' lang='grc' dir='ltr'><strong>ἐκεῑνω</strong></span> 
     </span>
    </p>
   </div>
   <div class='ocr_carea' id='block_1_71' title="bbox 223 4078 1802 4149">
    <p class='ocr_par' dir='ltr' id='par_1_71' title="bbox 223 4078 1802 4149">
     <span class='ocr_line' id='line_1_71' title="bbox 223 4078 1802 4149; baseline -0.002 -15"><span class='ocrx_word' id='word_1_511' title='bbox 223 4078 514 4148; x_wconf 77' lang='grc' dir='ltr'>δυνάμεις</span> <span class='ocrx_word' id='word_1_512' title='bbox 555 4079 663 4149; x_wconf 77' lang='grc' dir='ltr'>γάρ</span> <span class='ocrx_word' id='word_1_513' title='bbox 683 4082 802 4134; x_wconf 76' lang='grc' dir='ltr'>εισι</span> <span class='ocrx_word' id='word_1_514' title='bbox 833 4079 939 4149; x_wconf 84' lang='grc' dir='ltr'>τῆς</span> <span class='ocrx_word' id='word_1_515' title='bbox 978 4081 1498 4146; x_wconf 84' lang='grc' dir='ltr'>ὐπερουσιότητος</span> <span class='ocrx_word' id='word_1_516' title='bbox 1531 4078 1802 4146; x_wconf 80' lang='grc' dir='ltr'>ἐκείνης,</span> 
     </span>
    </p>
   </div>
   <div class='ocr_carea' id='block_1_72' title="bbox 221 4170 1800 4242">
    <p class='ocr_par' dir='ltr' id='par_1_72' title="bbox 221 4170 1800 4242">
     <span class='ocr_line' id='line_1_72' title="bbox 221 4170 1800 4242; baseline -0.001 -15"><span class='ocrx_word' id='word_1_517' title='bbox 221 4170 504 4242; x_wconf 78' lang='grc' dir='ltr'>μοναχῶς</span> <span class='ocrx_word' id='word_1_518' title='bbox 532 4173 628 4226; x_wconf 81' lang='grc' dir='ltr'><strong>καὶ</strong></span> <span class='ocrx_word' id='word_1_519' title='bbox 654 4173 890 4238; x_wconf 84' lang='grc' dir='ltr'>ένιαίως</span> <span class='ocrx_word' id='word_1_520' title='bbox 924 4171 1364 4240; x_wconf 74' lang='grc' dir='ltr'>προειληφυίας</span> <span class='ocrx_word' id='word_1_521' title='bbox 1388 4171 1490 4224; x_wconf 81' lang='grc' dir='ltr'><strong>καὶ</strong></span> <span class='ocrx_word' id='word_1_522' title='bbox 1513 4175 1800 4238; x_wconf 79' lang='grc' dir='ltr'>συνειλη-</span> 
     </span>
    </p>
   </div>
   <div class='ocr_carea' id='block_1_73' title="bbox 225 4261 1804 4334">
    <p class='ocr_par' dir='ltr' id='par_1_73' title="bbox 225 4261 1804 4334">
     <span class='ocr_line' id='line_1_73' title="bbox 225 4261 1804 4334; baseline -0.001 -17"><span class='ocrx_word' id='word_1_523' title='bbox 225 4266 414 4331; x_wconf 74' lang='grc' dir='ltr'>ςουίας</span> <span class='ocrx_word' id='word_1_524' title='bbox 467 4264 579 4331; x_wconf 85' lang='grc' dir='ltr'>τὴν</span> <span class='ocrx_word' id='word_1_525' title='bbox 626 4263 745 4317; x_wconf 89' lang='grc' dir='ltr'>τῶν</span> <span class='ocrx_word' id='word_1_526' title='bbox 767 4262 1072 4334; x_wconf 81' lang='grc' dir='ltr'>μεθεκτῶν</span> <span class='ocrx_word' id='word_1_527' title='bbox 1111 4262 1365 4317; x_wconf 82' lang='grc' dir='ltr'>ἅπασαν</span> <span class='ocrx_word' id='word_1_528' title='bbox 1408 4262 1678 4327; x_wconf 72' lang='grc' dir='ltr'>πληθύν.</span> <span class='ocrx_word' id='word_1_529' title='bbox 1705 4261 1804 4315; x_wconf 76' lang='grc' dir='ltr'><strong>Διὰ</strong></span> 
     </span>
    </p>
   </div>
   <div class='ocr_carea' id='block_1_74' title="bbox 227 4353 1804 4423">
    <p class='ocr_par' dir='ltr' id='par_1_74' title="bbox 227 4353 1804 4423">
     <span class='ocr_line' id='line_1_74' title="bbox 227 4353 1804 4423; baseline -0.001 -14"><span class='ocrx_word' id='word_1_530' title='bbox 227 4356 408 4409; x_wconf 72' lang='grc' dir='ltr'>ταῦτα</span> <span class='ocrx_word' id='word_1_531' title='bbox 459 4355 600 4408; x_wconf 77' lang='grc' dir='ltr'>ἔστιν</span> <span class='ocrx_word' id='word_1_532' title='bbox 655 4357 790 4410; x_wconf 84' lang='grc' dir='ltr'>ὅπου</span> <span class='ocrx_word' id='word_1_533' title='bbox 818 4356 928 4410; x_wconf 86' lang='grc' dir='ltr'>τῶν</span> <span class='ocrx_word' id='word_1_534' title='bbox 962 4354 1161 4408; x_wconf 78' lang='grc' dir='ltr'>ἑαυτοῦ</span> <span class='ocrx_word' id='word_1_535' title='bbox 1217 4354 1394 4423; x_wconf 85' lang='grc' dir='ltr'>λόγων</span> <span class='ocrx_word' id='word_1_536' title='bbox 1451 4353 1804 4423; x_wconf 79' lang='grc' dir='ltr'>ἀπηρεύξατο</span> 
     </span>
    </p>
   </div>
   <div class='ocr_carea' id='block_1_75' title="bbox 231 4443 1804 4512">
    <p class='ocr_par' dir='ltr' id='par_1_75' title="bbox 231 4443 1804 4512">
     <span class='ocr_line' id='line_1_75' title="bbox 231 4443 1804 4512; baseline 0 -15"><span class='ocrx_word' id='word_1_537' title='bbox 231 4446 432 4512; x_wconf 80' lang='grc' dir='ltr'>λέγων,</span> <span class='ocrx_word' id='word_1_538' title='bbox 461 4445 616 4499; x_wconf 87' lang='grc' dir='ltr'>Ὅσα</span> <span class='ocrx_word' id='word_1_539' title='bbox 637 4447 764 4499; x_wconf 76' lang='grc' dir='ltr'>κατ’</span> <span class='ocrx_word' id='word_1_540' title='bbox 797 4445 959 4510; x_wconf 80' lang='grc' dir='ltr'>εἶδος</span> <span class='ocrx_word' id='word_1_541' title='bbox 983 4446 1055 4498; x_wconf 85' lang='grc' dir='ltr'>τὰ</span> <span class='ocrx_word' id='word_1_542' title='bbox 1085 4443 1252 4506; x_wconf 78' lang='grc' dir='ltr'>ὄντα,</span> <span class='ocrx_word' id='word_1_543' title='bbox 1290 4443 1581 4497; x_wconf 85' lang='grc' dir='ltr'>τοσαῦται</span> <span class='ocrx_word' id='word_1_544' title='bbox 1610 4443 1710 4496; x_wconf 78' lang='grc' dir='ltr'><strong>καὶ</strong></span> <span class='ocrx_word' id='word_1_545' title='bbox 1744 4444 1804 4497; x_wconf 78' lang='lat' dir='ltr'><strong>al</strong></span> 
     </span>
    </p>
   </div>
   <div class='ocr_carea' id='block_1_76' title="bbox 1895 3236 3481 3310">
    <p class='ocr_par' dir='ltr' id='par_1_76' title="bbox 1895 3236 3481 3310">
     <span class='ocr_line' id='line_1_76' title="bbox 1895 3236 3481 3310; baseline 0.003 -19"><span class='ocrx_word' id='word_1_546' title='bbox 1895 3237 2064 3291; x_wconf 87' lang='lat' dir='ltr'><strong>Porro</strong></span> <span class='ocrx_word' id='word_1_547' title='bbox 2093 3238 2233 3290; x_wconf 81' lang='lat' dir='ltr'><strong>alius</strong></span> <span class='ocrx_word' id='word_1_548' title='bbox 2270 3237 2422 3291; x_wconf 85' lang='lat' dir='ltr'><strong>nobis</strong></span> <span class='ocrx_word' id='word_1_549' title='bbox 2449 3236 2588 3290; x_wconf 86' lang='lat' dir='ltr'><strong>Deus</strong></span> <span class='ocrx_word' id='word_1_550' title='bbox 2625 3237 2941 3306; x_wconf 64' lang='lat' dir='ltr'><strong>quaerendus</strong></span> <span class='ocrx_word' id='word_1_551' title='bbox 3005 3249 3104 3306; x_wconf 87' lang='lat' dir='ltr'><strong>est,</strong></span> <span class='ocrx_word' id='word_1_552' title='bbox 3155 3244 3242 3310; x_wconf 87' lang='lat' dir='ltr'><strong>qui</strong></span> <span class='ocrx_word' id='word_1_553' title='bbox 3287 3244 3481 3296; x_wconf 81' lang='lat' dir='ltr'><strong>nedum</strong></span> 
     </span>
    </p>
   </div>
   <div class='ocr_carea' id='block_1_77' title="bbox 1895 3331 3482 3401">
    <p class='ocr_par' dir='ltr' id='par_1_77' title="bbox 1895 3331 3482 3401">
     <span class='ocr_line' id='line_1_77' title="bbox 1895 3331 3482 3401; baseline 0.004 -18"><span class='ocrx_word' id='word_1_554' title='bbox 1895 3332 1962 3383; x_wconf 91' lang='lat' dir='ltr'><strong>sit</strong></span> <span class='ocrx_word' id='word_1_555' title='bbox 1986 3333 2097 3397; x_wconf 88' lang='lat' dir='ltr'><strong>ipse</strong></span> <span class='ocrx_word' id='word_1_556' title='bbox 2125 3347 2158 3383; x_wconf 89' lang='grc' dir='ltr'><strong>α</strong></span> <span class='ocrx_word' id='word_1_557' title='bbox 2199 3347 2254 3383; x_wconf 89' lang='lat' dir='ltr'><strong>se</strong></span> <span class='ocrx_word' id='word_1_558' title='bbox 2309 3331 2600 3399; x_wconf 82' lang='lat' dir='ltr'><strong>perfectus,</strong></span> <span class='ocrx_word' id='word_1_559' title='bbox 2654 3347 2768 3384; x_wconf 86' lang='lat' dir='ltr'><strong>ase</strong></span> <span class='ocrx_word' id='word_1_560' title='bbox 2825 3331 3043 3399; x_wconf 76' lang='lat' dir='ltr'><strong>efﬁcax,</strong></span> <span class='ocrx_word' id='word_1_561' title='bbox 3097 3335 3208 3401; x_wconf 85' lang='lat' dir='ltr'><strong>ipse</strong></span> <span class='ocrx_word' id='word_1_562' title='bbox 3253 3338 3482 3401; x_wconf 82' lang='lat' dir='ltr'><strong>seipsum</strong></span> 
     </span>
    </p>
   </div>
   <div class='ocr_carea' id='block_1_78' title="bbox 1895 3424 3485 3498">
    <p class='ocr_par' dir='ltr' id='par_1_78' title="bbox 1895 3424 3485 3498">
     <span class='ocr_line' id='line_1_78' title="bbox 1895 3424 3485 3498; baseline 0.004 -22"><span class='ocrx_word' id='word_1_563' title='bbox 1895 3439 1986 3491; x_wconf 89' lang='lat' dir='ltr'><strong>per</strong></span> <span class='ocrx_word' id='word_1_564' title='bbox 2027 3425 2254 3491; x_wconf 84' lang='lat' dir='ltr'><strong>seipsum</strong></span> <span class='ocrx_word' id='word_1_565' title='bbox 2279 3424 2481 3486; x_wconf 86' lang='lat' dir='ltr'><strong>videns,</strong></span> <span class='ocrx_word' id='word_1_566' title='bbox 2509 3439 2688 3477; x_wconf 82' lang='lat' dir='ltr'><strong>verum</strong></span> <span class='ocrx_word' id='word_1_567' title='bbox 2713 3426 2872 3478; x_wconf 89' lang='lat' dir='ltr'><strong>etiam</strong></span> <span class='ocrx_word' id='word_1_568' title='bbox 2907 3429 3094 3480; x_wconf 78' lang='lat' dir='ltr'><strong>bonus.</strong></span> <span class='ocrx_word' id='word_1_569' title='bbox 3153 3425 3485 3498; x_wconf 78' lang='lat' dir='ltr'><strong>Omninoque</strong></span> 
     </span>
    </p>
   </div>
   <div class='ocr_carea' id='block_1_79' title="bbox 1899 3515 3484 3587">
    <p class='ocr_par' dir='ltr' id='par_1_79' title="bbox 1899 3515 3484 3587">
     <span class='ocr_line' id='line_1_79' title="bbox 1899 3515 3484 3587; baseline 0.004 -19"><span class='ocrx_word' id='word_1_570' title='bbox 1899 3515 2049 3568; x_wconf 87' lang='lat' dir='ltr'><strong>nobis</strong></span> <span class='ocrx_word' id='word_1_571' title='bbox 2088 3515 2226 3568; x_wconf 85' lang='lat' dir='ltr'><strong>Deus</strong></span> <span class='ocrx_word' id='word_1_572' title='bbox 2263 3519 2581 3585; x_wconf 55' lang='lat' dir='ltr'><strong>quairendus</strong></span> <span class='ocrx_word' id='word_1_573' title='bbox 2637 3527 2734 3580; x_wconf 81' lang='lat' dir='ltr'><strong>est,</strong></span> <span class='ocrx_word' id='word_1_574' title='bbox 2803 3518 2859 3570; x_wconf 89' lang='lat' dir='ltr'><strong>in</strong></span> <span class='ocrx_word' id='word_1_575' title='bbox 2909 3517 3049 3570; x_wconf 84' lang='lat' dir='ltr'><strong>hunc</strong></span> <span class='ocrx_word' id='word_1_576' title='bbox 3099 3519 3210 3587; x_wconf 78' lang='lat' dir='ltr'><strong>fere</strong></span> <span class='ocrx_word' id='word_1_577' title='bbox 3265 3524 3484 3575; x_wconf 82' lang='lat' dir='ltr'><strong>modum</strong></span> 
     </span>
    </p>
   </div>
   <div class='ocr_carea' id='block_1_80' title="bbox 1898 3609 3487 3681">
    <p class='ocr_par' dir='ltr' id='par_1_80' title="bbox 1898 3609 3487 3681">
     <span class='ocr_line' id='line_1_80' title="bbox 1898 3609 3487 3681; baseline 0.004 -21"><span class='ocrx_word' id='word_1_578' title='bbox 1898 3609 2302 3676; x_wconf 73' lang='lat' dir='ltr'><strong>partiripabilis,</strong></span> <span class='ocrx_word' id='word_1_579' title='bbox 2335 3611 2487 3678; x_wconf 84' lang='lat' dir='ltr'><strong>cujus</strong></span> <span class='ocrx_word' id='word_1_580' title='bbox 2519 3611 2719 3680; x_wconf 87' lang='lat' dir='ltr'><strong>singuli</strong></span> <span class='ocrx_word' id='word_1_581' title='bbox 2775 3613 3182 3681; x_wconf 80' lang='lat' dir='ltr'><strong>participatione</strong></span> <span class='ocrx_word' id='word_1_582' title='bbox 3240 3619 3487 3666; x_wconf 86' lang='lat' dir='ltr'><strong>conveni-</strong></span> 
     </span>
    </p>
   </div>
   <div class='ocr_carea' id='block_1_81' title="bbox 1898 3703 3484 3772">
    <p class='ocr_par' dir='ltr' id='par_1_81' title="bbox 1898 3703 3484 3772">
     <span class='ocr_line' id='line_1_81' title="bbox 1898 3703 3484 3772; baseline 0.004 -18"><span class='ocrx_word' id='word_1_583' title='bbox 1898 3710 2042 3754; x_wconf 90' lang='lat' dir='ltr'><strong>enter</strong></span> <span class='ocrx_word' id='word_1_584' title='bbox 2073 3718 2168 3770; x_wconf 92' lang='lat' dir='ltr'><strong>pro</strong></span> <span class='ocrx_word' id='word_1_585' title='bbox 2186 3703 2611 3772; x_wconf 86' lang='lat' dir='ltr'><strong>participationis</strong></span> <span class='ocrx_word' id='word_1_586' title='bbox 2658 3705 2867 3759; x_wconf 81' lang='lat' dir='ltr'><strong>ratione</strong></span> <span class='ocrx_word' id='word_1_587' title='bbox 2892 3713 2940 3758; x_wconf 86' lang='lat' dir='ltr'><strong>et</strong></span> <span class='ocrx_word' id='word_1_588' title='bbox 2996 3706 3172 3769; x_wconf 87' lang='lat' dir='ltr'><strong>modo,</strong></span> <span class='ocrx_word' id='word_1_589' title='bbox 3217 3721 3338 3758; x_wconf 88' lang='lat' dir='ltr'><strong>cum</strong></span> <span class='ocrx_word' id='word_1_590' title='bbox 3386 3724 3484 3760; x_wconf 77' lang='lat' dir='ltr'><strong>ea:-</strong></span> 
     </span>
    </p>
   </div>
   <div class='ocr_carea' id='block_1_82' title="bbox 1900 3796 3484 3868">
    <p class='ocr_par' dir='ltr' id='par_1_82' title="bbox 1900 3796 3484 3868">
     <span class='ocr_line' id='line_1_82' title="bbox 1900 3796 3484 3868; baseline 0.006 -20"><span class='ocrx_word' id='word_1_591' title='bbox 1900 3796 2164 3858; x_wconf 84' lang='lat' dir='ltr'><strong>sistentes,</strong></span> <span class='ocrx_word' id='word_1_592' title='bbox 2221 3807 2333 3849; x_wconf 87' lang='lat' dir='ltr'><strong>tum</strong></span> <span class='ocrx_word' id='word_1_593' title='bbox 2397 3797 2646 3864; x_wconf 79' lang='lat' dir='ltr'><strong>viventes,</strong></span> <span class='ocrx_word' id='word_1_594' title='bbox 2720 3810 2931 3868; x_wconf 84' lang='lat' dir='ltr'><strong>tumque</strong></span> <span class='ocrx_word' id='word_1_595' title='bbox 3027 3800 3193 3853; x_wconf 78' lang='lat' dir='ltr'><strong>divini</strong></span> <span class='ocrx_word' id='word_1_596' title='bbox 3257 3801 3484 3857; x_wconf 85' lang='lat' dir='ltr'><strong>erimus.</strong></span> 
     </span>
    </p>
   </div>
   <div class='ocr_carea' id='block_1_83' title="bbox 1909 3886 3486 3960">
    <p class='ocr_par' dir='ltr' id='par_1_83' title="bbox 1909 3886 3486 3960">
     <span class='ocr_line' id='line_1_83' title="bbox 1909 3886 3486 3960; baseline 0.003 -19"><span class='ocrx_word' id='word_1_597' title='bbox 1909 3886 2007 3941; x_wconf 88' lang='lat' dir='ltr'><strong>Est</strong></span> <span class='ocrx_word' id='word_1_598' title='bbox 2040 3888 2206 3957; x_wconf 85' lang='lat' dir='ltr'><strong>igitur</strong></span> <span class='ocrx_word' id='word_1_599' title='bbox 2244 3888 2447 3957; x_wconf 86' lang='lat' dir='ltr'><strong>aliquid</strong></span> <span class='ocrx_word' id='word_1_600' title='bbox 2510 3887 2741 3942; x_wconf 88' lang='lat' dir='ltr'><strong>medium</strong></span> <span class='ocrx_word' id='word_1_601' title='bbox 2800 3891 2940 3944; x_wconf 89' lang='lat' dir='ltr'><strong>inter</strong></span> <span class='ocrx_word' id='word_1_602' title='bbox 2996 3899 3175 3960; x_wconf 78' lang='lat' dir='ltr'><strong>creata</strong></span> <span class='ocrx_word' id='word_1_603' title='bbox 3233 3900 3281 3944; x_wconf 90' lang='lat' dir='ltr'><strong>et</strong></span> <span class='ocrx_word' id='word_1_604' title='bbox 3335 3893 3486 3945; x_wconf 83' lang='lat' dir='ltr'><strong>illam</strong></span> 
     </span>
    </p>
   </div>
   <div class='ocr_carea' id='block_1_84' title="bbox 1909 3979 3486 4051">
    <p class='ocr_par' dir='ltr' id='par_1_84' title="bbox 1909 3979 3486 4051">
     <span class='ocr_line' id='line_1_84' title="bbox 1909 3979 3486 4051; baseline 0.002 -19"><span class='ocrx_word' id='word_1_605' title='bbox 1909 3979 2406 4048; x_wconf 81' lang='lat' dir='ltr'><strong>imparticipabilem</strong></span> <span class='ocrx_word' id='word_1_606' title='bbox 2433 3981 2512 4051; x_wconf 91' lang='lat' dir='ltr'><strong>(ut</strong></span> <span class='ocrx_word' id='word_1_607' title='bbox 2548 3982 2624 4034; x_wconf 91' lang='lat' dir='ltr'><strong>sic</strong></span> <span class='ocrx_word' id='word_1_608' title='bbox 2650 3982 2848 4042; x_wconf 89' lang='lat' dir='ltr'><strong>dicam)</strong></span> <span class='ocrx_word' id='word_1_609' title='bbox 2889 3982 3486 4050; x_wconf 77' lang='lat' dir='ltr'><strong>superessentialitatem</strong></span> 
     </span>
    </p>
   </div>
   <div class='ocr_carea' id='block_1_85' title="bbox 1905 4072 3488 4142">
    <p class='ocr_par' dir='ltr' id='par_1_85' title="bbox 1905 4072 3488 4142">
     <span class='ocr_line' id='line_1_85' title="bbox 1905 4072 3488 4142; baseline 0.001 -15"><span class='ocrx_word' id='word_1_610' title='bbox 1905 4073 2225 4142; x_wconf 83' lang='lat' dir='ltr'><strong>(essentiam</strong></span> <span class='ocrx_word' id='word_1_611' title='bbox 2260 4072 2466 4128; x_wconf 82' lang='lat' dir='ltr'><strong>scilicet</strong></span> <span class='ocrx_word' id='word_1_612' title='bbox 2491 4074 2596 4125; x_wconf 85' lang='lat' dir='ltr'><strong>vim</strong></span> <span class='ocrx_word' id='word_1_613' title='bbox 2632 4089 2846 4128; x_wconf 80' lang='lat' dir='ltr'><strong>Omnem</strong></span> <span class='ocrx_word' id='word_1_614' title='bbox 2873 4089 2940 4128; x_wconf 84' lang='lat' dir='ltr'><strong>ac</strong></span> <span class='ocrx_word' id='word_1_615' title='bbox 2977 4074 3194 4128; x_wconf 89' lang='lat' dir='ltr'><strong>modum</strong></span> <span class='ocrx_word' id='word_1_616' title='bbox 3234 4079 3488 4128; x_wconf 63' lang='lat' dir='ltr'><strong>essentne</strong></span> 
     </span>
    </p>
   </div>
   <div class='ocr_carea' id='block_1_86' title="bbox 1907 4163 3486 4234">
    <p class='ocr_par' dir='ltr' id='par_1_86' title="bbox 1907 4163 3486 4234">
     <span class='ocr_line' id='line_1_86' title="bbox 1907 4163 3486 4234; baseline 0 -18"><span class='ocrx_word' id='word_1_617' title='bbox 1907 4163 2308 4232; x_wconf 80' lang='lat' dir='ltr'><strong>snperanlem),</strong></span> <span class='ocrx_word' id='word_1_618' title='bbox 2362 4179 2454 4216; x_wconf 90' lang='lat' dir='ltr'><strong>nec</strong></span> <span class='ocrx_word' id='word_1_619' title='bbox 2481 4179 2643 4216; x_wconf 87' lang='lat' dir='ltr'><strong>unum</strong></span> <span class='ocrx_word' id='word_1_620' title='bbox 2697 4166 2984 4230; x_wconf 76' lang='lat' dir='ltr'><strong>duntaxat,</strong></span> <span class='ocrx_word' id='word_1_621' title='bbox 3037 4167 3128 4218; x_wconf 81' lang='lat' dir='ltr'><strong>sed</strong></span> <span class='ocrx_word' id='word_1_622' title='bbox 3183 4173 3234 4219; x_wconf 89' lang='lat' dir='ltr'><strong>et</strong></span> <span class='ocrx_word' id='word_1_623' title='bbox 3291 4169 3486 4234; x_wconf 82' lang='lat' dir='ltr'><strong>plura;</strong></span> 
     </span>
    </p>
   </div>
   <div class='ocr_carea' id='block_1_87' title="bbox 1907 4256 3485 4328">
    <p class='ocr_par' dir='ltr' id='par_1_87' title="bbox 1907 4256 3485 4328">
     <span class='ocr_line' id='line_1_87' title="bbox 1907 4256 3485 4328; baseline 0.002 -20"><span class='ocrx_word' id='word_1_624' title='bbox 1907 4264 2087 4322; x_wconf 83' lang='lat' dir='ltr'><strong>totque</strong></span> <span class='ocrx_word' id='word_1_625' title='bbox 2120 4256 2271 4321; x_wconf 85' lang='lat' dir='ltr'><strong>adeo,</strong></span> <span class='ocrx_word' id='word_1_626' title='bbox 2308 4265 2436 4326; x_wconf 86' lang='lat' dir='ltr'><strong>quot</strong></span> <span class='ocrx_word' id='word_1_627' title='bbox 2465 4259 2718 4310; x_wconf 82' lang='lat' dir='ltr'><strong>nimirum</strong></span> <span class='ocrx_word' id='word_1_628' title='bbox 2757 4261 2918 4312; x_wconf 88' lang='lat' dir='ltr'><strong>etiam</strong></span> <span class='ocrx_word' id='word_1_629' title='bbox 2948 4261 3059 4313; x_wconf 69' lang='lat' dir='ltr'><strong>hac</strong></span> <span class='ocrx_word' id='word_1_630' title='bbox 3083 4261 3485 4328; x_wconf 16' lang='lat' dir='ltr'><strong>puniche-autin,</strong></span> 
     </span>
    </p>
   </div>
   <div class='ocr_carea' id='block_1_88' title="bbox 1906 4347 3482 4415">
    <p class='ocr_par' dir='ltr' id='par_1_88' title="bbox 1906 4347 3482 4415">
     <span class='ocr_line' id='line_1_88' title="bbox 1906 4347 3482 4415; baseline 0.004 -16"><span class='ocrx_word' id='word_1_631' title='bbox 1906 4347 2058 4415; x_wconf 84' lang='lat' dir='ltr'><strong>cujus</strong></span> <span class='ocrx_word' id='word_1_632' title='bbox 2086 4363 2304 4402; x_wconf 86' lang='lat' dir='ltr'><strong>munere</strong></span> <span class='ocrx_word' id='word_1_633' title='bbox 2333 4365 2427 4410; x_wconf 87' lang='lat' dir='ltr'><strong>per</strong></span> <span class='ocrx_word' id='word_1_634' title='bbox 2453 4365 2507 4402; x_wconf 87' lang='lat' dir='ltr'><strong>se</strong></span> <span class='ocrx_word' id='word_1_635' title='bbox 2530 4359 2676 4413; x_wconf 89' lang='lat' dir='ltr'><strong>sunt,</strong></span> <span class='ocrx_word' id='word_1_636' title='bbox 2706 4351 2882 4404; x_wconf 86' lang='lat' dir='ltr'><strong>media</strong></span> <span class='ocrx_word' id='word_1_637' title='bbox 2913 4351 3114 4404; x_wconf 84' lang='lat' dir='ltr'><strong>scilicet</strong></span> <span class='ocrx_word' id='word_1_638' title='bbox 3174 4351 3291 4406; x_wconf 87' lang='lat' dir='ltr'><strong>illa.</strong></span> <span class='ocrx_word' id='word_1_639' title='bbox 3371 4353 3482 4405; x_wconf 80' lang='lat' dir='ltr'><strong>l&#39;rr-</strong></span> 
     </span>
    </p>
   </div>
   <div class='ocr_carea' id='block_1_89' title="bbox 1909 4439 3492 4508">
    <p class='ocr_par' dir='ltr' id='par_1_89' title="bbox 1909 4439 3492 4508">
     <span class='ocr_line' id='line_1_89' title="bbox 1909 4439 3492 4508; baseline 0.003 -17"><span class='ocrx_word' id='word_1_640' title='bbox 1909 4449 2045 4493; x_wconf 80' lang='lat' dir='ltr'><strong>tates</strong></span> <span class='ocrx_word' id='word_1_641' title='bbox 2071 4439 2211 4492; x_wconf 88' lang='lat' dir='ltr'><strong>enim</strong></span> <span class='ocrx_word' id='word_1_642' title='bbox 2242 4448 2364 4492; x_wconf 82' lang='lat' dir='ltr'><strong>sunt</strong></span> <span class='ocrx_word' id='word_1_643' title='bbox 2392 4440 2853 4508; x_wconf 74' lang='lat' dir='ltr'><strong>superexcellentis</strong></span> <span class='ocrx_word' id='word_1_644' title='bbox 2891 4441 3036 4494; x_wconf 80' lang='lat' dir='ltr'><strong>illius</strong></span> <span class='ocrx_word' id='word_1_645' title='bbox 3064 4444 3324 4504; x_wconf 74' lang='lat' dir='ltr'><strong>essentia&#39;,</strong></span> <span class='ocrx_word' id='word_1_646' title='bbox 3372 4460 3492 4502; x_wconf 75' lang='lat' dir='ltr'><strong>ante</strong></span> 
     </span>
    </p>
   </div>
   <div class='ocr_carea' id='block_1_90' title="bbox 228 4531 1796 4604">
    <p class='ocr_par' dir='ltr' id='par_1_90' title="bbox 228 4536 1796 4604">
     <span class='ocr_line' id='line_1_90' title="bbox 228 4536 1796 4604; baseline -0.003 -13"><span class='ocrx_word' id='word_1_647' title='bbox 228 4537 531 4604; x_wconf 65' lang='grc' dir='ltr'>θεότητος,</span> <span class='ocrx_word' id='word_1_648' title='bbox 565 4537 748 4592; x_wconf 73' lang='grc' dir='ltr'>ἄλλαι</span> <span class='ocrx_word' id='word_1_649' title='bbox 781 4536 988 4591; x_wconf 73' lang='grc' dir='ltr'><em>ἄλλων</em></span> <span class='ocrx_word' id='word_1_650' title='bbox 1037 4536 1457 4604; x_wconf 81' lang='grc' dir='ltr'>ὑπερκείμεναι</span> <span class='ocrx_word' id='word_1_651' title='bbox 1499 4536 1595 4589; x_wconf 75' lang='grc' dir='ltr'><strong>καὶ</strong></span> <span class='ocrx_word' id='word_1_652' title='bbox 1631 4537 1796 4603; x_wconf 78' lang='grc' dir='ltr'>ὑφει-</span> 
     </span>
    </p>
   </div>
   <div class='ocr_carea' id='block_1_91' title="bbox 1899 4531 3489 4604">
    <p class='ocr_par' dir='ltr' id='par_1_91' title="bbox 1909 4531 3489 4600">
     <span class='ocr_line' id='line_1_91' title="bbox 1909 4531 3489 4600; baseline 0 -14"><span class='ocrx_word' id='word_1_653' title='bbox 1909 4531 2148 4586; x_wconf 79' lang='lat' dir='ltr'><strong>uidelicet</strong></span> <span class='ocrx_word' id='word_1_654' title='bbox 2179 4531 2495 4600; x_wconf 87' lang='lat' dir='ltr'><strong>simpliciter</strong></span> <span class='ocrx_word' id='word_1_655' title='bbox 2525 4548 2588 4585; x_wconf 85' lang='lat' dir='ltr'><strong><em>ac</em></strong></span> <span class='ocrx_word' id='word_1_656' title='bbox 2614 4533 2760 4586; x_wconf 81' lang='lat' dir='ltr'><strong>unite</strong></span> <span class='ocrx_word' id='word_1_657' title='bbox 2791 4532 3094 4599; x_wconf 69' lang='lat' dir='ltr'><strong>pra/iubeat</strong></span> <span class='ocrx_word' id='word_1_658' title='bbox 3136 4549 3197 4584; x_wconf 91' lang='lat' dir='ltr'><strong>ac</strong></span> <span class='ocrx_word' id='word_1_659' title='bbox 3223 4535 3489 4586; x_wconf 77' lang='lat' dir='ltr'><strong>contineat</strong></span> 
     </span>
    </p>
   </div>
   <div class='ocr_carea' id='block_1_92' title="bbox 221 4621 1806 4698">
    <p class='ocr_par' dir='ltr' id='par_1_92' title="bbox 221 4621 1806 4698">
     <span class='ocr_line' id='line_1_92' title="bbox 221 4621 1806 4698; baseline -0.001 -16"><span class='ocrx_word' id='word_1_660' title='bbox 221 4629 434 4697; x_wconf 78' lang='grc' dir='ltr'>μέναι.</span> <span class='ocrx_word' id='word_1_661' title='bbox 458 4629 624 4683; x_wconf 77' lang='grc' dir='ltr'>Πάλιν</span> <span class='ocrx_word' id='word_1_662' title='bbox 648 4631 676 4682; x_wconf 86' lang='grc' dir='ltr'><strong>ὁ</strong></span> <span class='ocrx_word' id='word_1_663' title='bbox 695 4629 858 4690; x_wconf 69' lang='grc' dir='ltr'>αὐτὸς</span> <span class='ocrx_word' id='word_1_664' title='bbox 883 4631 941 4681; x_wconf 78' lang='grc' dir='ltr'><strong>ὲν</strong></span> <span class='ocrx_word' id='word_1_665' title='bbox 960 4627 1104 4698; x_wconf 70' lang='grc' dir='ltr'>λόγῳ</span> <span class='ocrx_word' id='word_1_666' title='bbox 1122 4621 1184 4682; x_wconf 76' lang='grc' dir='ltr'>οὗ</span> <span class='ocrx_word' id='word_1_667' title='bbox 1215 4629 1249 4697; x_wconf 79' lang='grc' dir='ltr'><strong>ἡ</strong></span> <span class='ocrx_word' id='word_1_668' title='bbox 1279 4627 1581 4697; x_wconf 80' lang='grc' dir='ltr'><strong>ἁρχὴ,οὺκ</strong></span> <span class='ocrx_word' id='word_1_669' title='bbox 1611 4627 1806 4691; x_wconf 73' lang='grc' dir='ltr'>ἐστιν,</span> 
     </span>
    </p>
   </div>
   <div class='ocr_carea' id='block_1_93' title="bbox 223 4717 1812 4792">
    <p class='ocr_par' dir='ltr' id='par_1_93' title="bbox 223 4717 1812 4792">
     <span class='ocr_line' id='line_1_93' title="bbox 223 4717 1812 4792; baseline -0.003 -15"><span class='ocrx_word' id='word_1_670' title='bbox 223 4719 274 4777; x_wconf 81' lang='grc' dir='ltr'><em>ὦ</em></span> <span class='ocrx_word' id='word_1_671' title='bbox 334 4717 533 4788; x_wconf 86' lang='grc' dir='ltr'>οὗτος,</span> <span class='ocrx_word' id='word_1_672' title='bbox 578 4723 744 4792; x_wconf 75' lang='grc' dir='ltr'>ἡμῖν,</span> <span class='ocrx_word' id='word_1_673' title='bbox 809 4722 917 4777; x_wconf 84' lang='grc' dir='ltr'><strong>Καὶ</strong></span> <span class='ocrx_word' id='word_1_674' title='bbox 970 4723 1200 4789; x_wconf 86' lang='grc' dir='ltr'>ταύτην</span> <span class='ocrx_word' id='word_1_675' title='bbox 1248 4721 1460 4774; x_wconf 84' lang='grc' dir='ltr'>τοίνυν</span> <span class='ocrx_word' id='word_1_676' title='bbox 1489 4719 1605 4785; x_wconf 87' lang='grc' dir='ltr'>τὴν</span> <span class='ocrx_word' id='word_1_677' title='bbox 1640 4720 1812 4773; x_wconf 78' lang='grc' dir='ltr'>θείην</span> 
     </span>
    </p>
   </div>
   <div class='ocr_carea' id='block_1_94' title="bbox 226 4810 1808 4884">
    <p class='ocr_par' dir='ltr' id='par_1_94' title="bbox 226 4810 1808 4884">
     <span class='ocr_line' id='line_1_94' title="bbox 226 4810 1808 4884; baseline -0.002 -17"><span class='ocrx_word' id='word_1_678' title='bbox 226 4816 458 4883; x_wconf 78' lang='grc' dir='ltr'>αιγλην</span> <span class='ocrx_word' id='word_1_679' title='bbox 485 4817 580 4868; x_wconf 81' lang='grc' dir='ltr'><strong>καὶ</strong></span> <span class='ocrx_word' id='word_1_680' title='bbox 604 4814 784 4884; x_wconf 78' lang='grc' dir='ltr'>χάριν</span> <span class='ocrx_word' id='word_1_681' title='bbox 816 4814 912 4868; x_wconf 77' lang='grc' dir='ltr'><strong>καὶ</strong></span> <span class='ocrx_word' id='word_1_682' title='bbox 944 4813 1250 4880; x_wconf 79' lang='grc' dir='ltr'>ἐνέργειαν</span> <span class='ocrx_word' id='word_1_683' title='bbox 1284 4811 1382 4865; x_wconf 78' lang='grc' dir='ltr'><strong>καὶ</strong></span> <span class='ocrx_word' id='word_1_684' title='bbox 1422 4811 1652 4878; x_wconf 82' lang='grc' dir='ltr'>δωρεὰν</span> <span class='ocrx_word' id='word_1_685' title='bbox 1701 4810 1808 4864; x_wconf 86' lang='grc' dir='ltr'><strong>τοῦ</strong></span> 
     </span>
    </p>
   </div>
   <div class='ocr_carea' id='block_1_95' title="bbox 229 4901 1812 4977">
    <p class='ocr_par' dir='ltr' id='par_1_95' title="bbox 229 4901 1812 4977">
     <span class='ocr_line' id='line_1_95' title="bbox 229 4901 1812 4977; baseline -0.003 -18"><span class='ocrx_word' id='word_1_686' title='bbox 229 4906 533 4977; x_wconf 83' lang='grc' dir='ltr'>παναγιόυ</span> <span class='ocrx_word' id='word_1_687' title='bbox 553 4906 895 4974; x_wconf 85' lang='grc' dir='ltr'>Πνεύματος</span> <span class='ocrx_word' id='word_1_688' title='bbox 922 4903 1166 4974; x_wconf 84' lang='grc' dir='ltr'>Πνεῦμα</span> <span class='ocrx_word' id='word_1_689' title='bbox 1188 4903 1362 4972; x_wconf 78' lang='grc' dir='ltr'>ἅγιον</span> <span class='ocrx_word' id='word_1_690' title='bbox 1392 4904 1452 4955; x_wconf 89' lang='grc' dir='ltr'>αἱ</span> <span class='ocrx_word' id='word_1_691' title='bbox 1475 4901 1624 4957; x_wconf 85' lang='grc' dir='ltr'>θεῖαι</span> <span class='ocrx_word' id='word_1_692' title='bbox 1649 4903 1812 4970; x_wconf 81' lang='grc' dir='ltr'>Γραο</span> 
     </span>
    </p>
   </div>
   <div class='ocr_carea' id='block_1_96' title="bbox 229 4993 1810 5068">
    <p class='ocr_par' dir='ltr' id='par_1_96' title="bbox 229 4993 1810 5068">
     <span class='ocr_line' id='line_1_96' title="bbox 229 4993 1810 5068; baseline -0.004 -15"><span class='ocrx_word' id='word_1_693' title='bbox 229 4999 344 5068; x_wconf 66' lang='grc' dir='ltr'><strong>φαὶ</strong></span> <span class='ocrx_word' id='word_1_694' title='bbox 399 4997 941 5068; x_wconf 78' lang='grc' dir='ltr'>κατονομάζουσιν’</span> <span class='ocrx_word' id='word_1_695' title='bbox 974 4997 1138 5053; x_wconf 72' lang='grc' dir='ltr'><strong>ἀλλὰ</strong></span> <span class='ocrx_word' id='word_1_696' title='bbox 1167 4995 1244 5064; x_wconf 73' lang='grc' dir='ltr'><strong>δὴ</strong></span> <span class='ocrx_word' id='word_1_697' title='bbox 1286 4995 1386 5049; x_wconf 79' lang='grc' dir='ltr'><strong>καὶ</strong></span> <span class='ocrx_word' id='word_1_698' title='bbox 1418 4994 1680 5061; x_wconf 85' lang='grc' dir='ltr'>Θεότητα</span> <span class='ocrx_word' id='word_1_699' title='bbox 1711 4993 1810 5048; x_wconf 78' lang='grc' dir='ltr'><strong>καὶ</strong></span> 
     </span>
    </p>
   </div>
   <div class='ocr_carea' id='block_1_97' title="bbox 231 5089 1809 5158">
    <p class='ocr_par' dir='ltr' id='par_1_97' title="bbox 231 5089 1809 5158">
     <span class='ocr_line' id='line_1_97' title="bbox 231 5089 1809 5158; baseline -0.004 -12"><span class='ocrx_word' id='word_1_700' title='bbox 231 5094 410 5153; x_wconf 71' lang='grc' dir='ltr'>Θεὸν,</span> <span class='ocrx_word' id='word_1_701' title='bbox 444 5091 541 5144; x_wconf 78' lang='grc' dir='ltr'><strong>καὶ</strong></span> <span class='ocrx_word' id='word_1_702' title='bbox 567 5089 988 5157; x_wconf 62' lang='grc' dir='ltr'>θεοποιὸν,“καὶ</span> <span class='ocrx_word' id='word_1_703' title='bbox 1027 5090 1518 5158; x_wconf 79' lang='grc' dir='ltr'>αὑτοαγαθότητα</span> <span class='ocrx_word' id='word_1_704' title='bbox 1545 5089 1640 5141; x_wconf 82' lang='grc' dir='ltr'><strong>καὶ</strong></span> <span class='ocrx_word' id='word_1_705' title='bbox 1665 5089 1809 5156; x_wconf 53' lang='lat' dir='ltr'><strong>dra-</strong></span> 
     </span>
    </p>
   </div>
   <div class='ocr_carea' id='block_1_98' title="bbox 226 5177 1808 5249">
    <p class='ocr_par' dir='ltr' id='par_1_98' title="bbox 226 5177 1808 5249">
     <span class='ocr_line' id='line_1_98' title="bbox 226 5177 1808 5249; baseline -0.004 -13"><span class='ocrx_word' id='word_1_706' title='bbox 226 5183 507 5236; x_wconf 82' lang='grc' dir='ltr'>θοποιόν.</span> <span class='ocrx_word' id='word_1_707' title='bbox 542 5179 650 5233; x_wconf 79' lang='grc' dir='ltr'><strong>Καὶ</strong></span> <span class='ocrx_word' id='word_1_708' title='bbox 704 5180 1070 5249; x_wconf 76' lang='grc' dir='ltr'>δημιουργόν</span> <span class='ocrx_word' id='word_1_709' title='bbox 1113 5177 1219 5231; x_wconf 89' lang='grc' dir='ltr'><strong>τοῦ</strong></span> <span class='ocrx_word' id='word_1_710' title='bbox 1255 5178 1485 5242; x_wconf 87' lang='grc' dir='ltr'>παντὸς</span> <span class='ocrx_word' id='word_1_711' title='bbox 1510 5193 1702 5246; x_wconf 68' lang='grc' dir='ltr'>φασιν</span> <span class='ocrx_word' id='word_1_712' title='bbox 1748 5179 1808 5230; x_wconf 79' lang='grc' dir='ltr'>αἱ</span> 
     </span>
    </p>
   </div>
   <div class='ocr_carea' id='block_1_99' title="bbox 225 5269 1811 5342">
    <p class='ocr_par' dir='ltr' id='par_1_99' title="bbox 225 5269 1811 5342">
     <span class='ocr_line' id='line_1_99' title="bbox 225 5269 1811 5342; baseline -0.004 -13"><span class='ocrx_word' id='word_1_713' title='bbox 225 5275 387 5328; x_wconf 79' lang='grc' dir='ltr'>θεῖαι</span> <span class='ocrx_word' id='word_1_714' title='bbox 413 5273 642 5341; x_wconf 69' lang='grc' dir='ltr'>Γραφαὶ</span> <span class='ocrx_word' id='word_1_715' title='bbox 671 5271 786 5342; x_wconf 82' lang='grc' dir='ltr'>τὴν</span> <span class='ocrx_word' id='word_1_716' title='bbox 806 5274 975 5327; x_wconf 82' lang='grc' dir='ltr'>θείαν</span> <span class='ocrx_word' id='word_1_717' title='bbox 1002 5272 1229 5335; x_wconf 85' lang='grc' dir='ltr'>ταύτην</span> <span class='ocrx_word' id='word_1_718' title='bbox 1266 5270 1464 5338; x_wconf 80' lang='grc' dir='ltr'>χάριν,</span> <span class='ocrx_word' id='word_1_719' title='bbox 1500 5269 1811 5337; x_wconf 78' lang='grc' dir='ltr'>ἐνέργειαν</span> 
     </span>
    </p>
   </div>
   <div class='ocr_carea' id='block_1_100' title="bbox 224 5347 1809 5433">
    <p class='ocr_par' dir='ltr' id='par_1_100' title="bbox 224 5347 1809 5433">
     <span class='ocr_line' id='line_1_100' title="bbox 224 5347 1809 5433; baseline -0.004 -13"><span class='ocrx_word' id='word_1_720' title='bbox 224 5384 295 5420; x_wconf 85' lang='grc' dir='ltr'><strong>τε</strong></span> <span class='ocrx_word' id='word_1_721' title='bbox 330 5369 432 5420; x_wconf 73' lang='grc' dir='ltr'><strong>καὶ</strong></span> <span class='ocrx_word' id='word_1_722' title='bbox 456 5366 700 5433; x_wconf 81' lang='grc' dir='ltr'>δωρεὰν,</span> <span class='ocrx_word' id='word_1_723' title='bbox 745 5365 864 5433; x_wconf 82' lang='grc' dir='ltr'>τὴν</span> <span class='ocrx_word' id='word_1_724' title='bbox 899 5347 985 5417; x_wconf 71' lang='grc' dir='ltr'><strong>ὲλι</strong></span> <span class='ocrx_word' id='word_1_725' title='bbox 1017 5363 1129 5432; x_wconf 81' lang='grc' dir='ltr'>τῆς</span> <span class='ocrx_word' id='word_1_726' title='bbox 1160 5364 1535 5430; x_wconf 58' lang='grc' dir='ltr'>ὺπερουσίου</span> <span class='ocrx_word' id='word_1_727' title='bbox 1567 5362 1809 5430; x_wconf 79' lang='grc' dir='ltr'>Τριάδος</span> 
     </span>
    </p>
   </div>
   <div class='ocr_carea' id='block_1_101' title="bbox 229 5455 1810 5528">
    <p class='ocr_par' dir='ltr' id='par_1_101' title="bbox 229 5455 1810 5528">
     <span class='ocr_line' id='line_1_101' title="bbox 229 5455 1810 5528; baseline -0.003 -17"><span class='ocrx_word' id='word_1_728' title='bbox 229 5459 710 5528; x_wconf 74' lang='grc' dir='ltr'>προερχομένην,</span> <span class='ocrx_word' id='word_1_729' title='bbox 764 5458 997 5527; x_wconf 83' lang='grc' dir='ltr'>μάρτυς</span> <span class='ocrx_word' id='word_1_730' title='bbox 1049 5459 1081 5510; x_wconf 83' lang='grc' dir='ltr'><strong>ό</strong></span> <span class='ocrx_word' id='word_1_731' title='bbox 1143 5455 1572 5523; x_wconf 78' lang='grc' dir='ltr'>Ἀρεοπαγίτης</span> <span class='ocrx_word' id='word_1_732' title='bbox 1603 5455 1810 5507; x_wconf 85' lang='grc' dir='ltr'>Διονύ-</span> 
     </span>
    </p>
   </div>
   <div class='ocr_carea' id='block_1_102' title="bbox 227 5567 392 5618">
    <p class='ocr_par' dir='ltr' id='par_1_102' title="bbox 227 5567 392 5618">
     <span class='ocr_line' id='line_1_102' title="bbox 227 5567 392 5618; baseline 0.012 -14"><span class='ocrx_word' id='word_1_733' title='bbox 227 5567 283 5604; x_wconf 88' lang='grc' dir='ltr'>σ.</span> <span class='ocrx_word' id='word_1_734' title='bbox 296 5570 392 5618; x_wconf 89' lang='grc' dir='ltr'>ος.</span> 
     </span>
    </p>
   </div>
   <div class='ocr_carea' id='block_1_103' title="bbox 1909 4626 3486 4696">
    <p class='ocr_par' dir='ltr' id='par_1_103' title="bbox 1909 4626 3486 4696">
     <span class='ocr_line' id='line_1_103' title="bbox 1909 4626 3486 4696; baseline -0.001 -16"><span class='ocrx_word' id='word_1_735' title='bbox 1909 4627 2364 4696; x_wconf 72' lang='lat' dir='ltr'><strong>participabilium</strong></span> <span class='ocrx_word' id='word_1_736' title='bbox 2457 4643 2662 4682; x_wconf 85' lang='lat' dir='ltr'><strong>omnem</strong></span> <span class='ocrx_word' id='word_1_737' title='bbox 2710 4627 3122 4680; x_wconf 86' lang='lat' dir='ltr'><strong>multitudinem.</strong></span> <span class='ocrx_word' id='word_1_738' title='bbox 3176 4626 3385 4680; x_wconf 81' lang='lat' dir='ltr'><strong>Idcirco</strong></span> <span class='ocrx_word' id='word_1_739' title='bbox 3436 4632 3486 4678; x_wconf 64' lang='lat' dir='ltr'><strong>in</strong></span> 
     </span>
    </p>
   </div>
   <div class='ocr_carea' id='block_1_104' title="bbox 1910 4719 3486 4789">
    <p class='ocr_par' dir='ltr' id='par_1_104' title="bbox 1910 4719 3486 4789">
     <span class='ocr_line' id='line_1_104' title="bbox 1910 4719 3486 4789; baseline 0 -17"><span class='ocrx_word' id='word_1_740' title='bbox 1910 4719 2242 4789; x_wconf 85' lang='lat' dir='ltr'><strong>quibusdam</strong></span> <span class='ocrx_word' id='word_1_741' title='bbox 2321 4734 2544 4774; x_wconf 87' lang='lat' dir='ltr'><strong>suarum</strong></span> <span class='ocrx_word' id='word_1_742' title='bbox 2618 4719 3058 4773; x_wconf 84' lang='lat' dir='ltr'><strong>lucubrationum</strong></span> <span class='ocrx_word' id='word_1_743' title='bbox 3153 4727 3486 4786; x_wconf 59' lang='lat' dir='ltr'><strong>quantoque</strong></span> 
     </span>
    </p>
   </div>
   <div class='ocr_carea' id='block_1_105' title="bbox 1911 4808 3493 4878">
    <p class='ocr_par' dir='ltr' id='par_1_105' title="bbox 1911 4808 3493 4878">
     <span class='ocr_line' id='line_1_105' title="bbox 1911 4808 3493 4878; baseline -0.001 -15"><span class='ocrx_word' id='word_1_744' title='bbox 1911 4809 2204 4876; x_wconf 84' lang='lat' dir='ltr'><strong>eructavit,</strong></span> <span class='ocrx_word' id='word_1_745' title='bbox 2242 4809 2465 4864; x_wconf 85' lang='lat' dir='ltr'><strong>dicens:</strong></span> <span class='ocrx_word' id='word_1_746' title='bbox 2501 4809 2641 4876; x_wconf 85' lang='lat' dir='ltr'><strong>Quot</strong></span> <span class='ocrx_word' id='word_1_747' title='bbox 2673 4821 2796 4864; x_wconf 86' lang='lat' dir='ltr'><strong>sunt</strong></span> <span class='ocrx_word' id='word_1_748' title='bbox 2836 4825 2916 4862; x_wconf 90' lang='lat' dir='ltr'><strong>res</strong></span> <span class='ocrx_word' id='word_1_749' title='bbox 2943 4811 2998 4861; x_wconf 91' lang='lat' dir='ltr'><strong><em>in</em></strong></span> <span class='ocrx_word' id='word_1_750' title='bbox 3037 4808 3226 4878; x_wconf 83' lang='lat' dir='ltr'><strong>specie,</strong></span> <span class='ocrx_word' id='word_1_751' title='bbox 3263 4819 3335 4861; x_wconf 90' lang='lat' dir='ltr'><strong>tot</strong></span> <span class='ocrx_word' id='word_1_752' title='bbox 3366 4820 3493 4863; x_wconf 82' lang='lat' dir='ltr'><strong>sunt</strong></span> 
     </span>
    </p>
   </div>
   <div class='ocr_carea' id='block_1_106' title="bbox 1910 4901 3460 4973">
    <p class='ocr_par' dir='ltr' id='par_1_106' title="bbox 1910 4901 3460 4973">
     <span class='ocr_line' id='line_1_106' title="bbox 1910 4901 3460 4973; baseline 0 -17"><span class='ocrx_word' id='word_1_753' title='bbox 1910 4913 1957 4956; x_wconf 88' lang='lat' dir='ltr'><strong>et</strong></span> <span class='ocrx_word' id='word_1_754' title='bbox 1986 4902 2315 4966; x_wconf 79' lang='lat' dir='ltr'><strong>divinitates,</strong></span> <span class='ocrx_word' id='word_1_755' title='bbox 2352 4905 2474 4957; x_wconf 79' lang='lat' dir='ltr'><strong>alia:</strong></span> <span class='ocrx_word' id='word_1_756' title='bbox 2499 4905 2621 4957; x_wconf 89' lang='lat' dir='ltr'><strong>aliis</strong></span> <span class='ocrx_word' id='word_1_757' title='bbox 2689 4901 3180 4973; x_wconf 76' lang='lat' dir='ltr'><strong>superexccllentes,</strong></span> <span class='ocrx_word' id='word_1_758' title='bbox 3233 4905 3354 4956; x_wconf 76' lang='lat' dir='ltr'><strong>alia:</strong></span> <span class='ocrx_word' id='word_1_759' title='bbox 3405 4905 3460 4956; x_wconf 88' lang='lat' dir='ltr'><strong>in</strong></span> 
     </span>
    </p>
   </div>
   <div class='ocr_carea' id='block_1_107' title="bbox 1910 4995 3492 5063">
    <p class='ocr_par' dir='ltr' id='par_1_107' title="bbox 1910 4995 3492 5063">
     <span class='ocr_line' id='line_1_107' title="bbox 1910 4995 3492 5063; baseline 0.003 -15"><span class='ocrx_word' id='word_1_760' title='bbox 1910 4996 2155 5063; x_wconf 81' lang='lat' dir='ltr'><strong>ferioree.</strong></span> <span class='ocrx_word' id='word_1_761' title='bbox 2191 4995 2403 5050; x_wconf 78' lang='lat' dir='ltr'><strong>Rursus</strong></span> <span class='ocrx_word' id='word_1_762' title='bbox 2432 4997 2571 5051; x_wconf 88' lang='lat' dir='ltr'><strong>idem</strong></span> <span class='ocrx_word' id='word_1_763' title='bbox 2603 4997 2654 5050; x_wconf 90' lang='lat' dir='ltr'><strong>in</strong></span> <span class='ocrx_word' id='word_1_764' title='bbox 2690 4996 2852 5060; x_wconf 71' lang='lat' dir='ltr'><strong>labro,</strong></span> <span class='ocrx_word' id='word_1_765' title='bbox 2890 4995 3044 5062; x_wconf 88' lang='lat' dir='ltr'><strong>cujus</strong></span> <span class='ocrx_word' id='word_1_766' title='bbox 3102 4995 3315 5048; x_wconf 84' lang='lat' dir='ltr'><strong>initium</strong></span> <span class='ocrx_word' id='word_1_767' title='bbox 3367 5009 3492 5052; x_wconf 86' lang='lat' dir='ltr'><strong>cst:</strong></span> 
     </span>
    </p>
   </div>
   <div class='ocr_carea' id='block_1_108' title="bbox 1913 5087 3490 5158">
    <p class='ocr_par' dir='ltr' id='par_1_108' title="bbox 1913 5087 3490 5158">
     <span class='ocr_line' id='line_1_108' title="bbox 1913 5087 3490 5158; baseline 0 -17"><span class='ocrx_word' id='word_1_768' title='bbox 1913 5087 2038 5142; x_wconf 81' lang='lat' dir='ltr'><strong>Non</strong></span> <span class='ocrx_word' id='word_1_769' title='bbox 2095 5100 2170 5142; x_wconf 89' lang='lat' dir='ltr'><strong>est</strong></span> <span class='ocrx_word' id='word_1_770' title='bbox 2214 5090 2386 5153; x_wconf 79' lang='lat' dir='ltr'><strong>nobis,</strong></span> <span class='ocrx_word' id='word_1_771' title='bbox 2453 5090 2667 5143; x_wconf 88' lang='lat' dir='ltr'><strong>amice:</strong></span> <span class='ocrx_word' id='word_1_772' title='bbox 2708 5089 2775 5141; x_wconf 81' lang='lat' dir='ltr'><strong>Et</strong></span> <span class='ocrx_word' id='word_1_773' title='bbox 2838 5091 2977 5141; x_wconf 82' lang='lat' dir='ltr'><strong>hunc</strong></span> <span class='ocrx_word' id='word_1_774' title='bbox 3027 5089 3204 5158; x_wconf 89' lang='lat' dir='ltr'><strong>itaque</strong></span> <span class='ocrx_word' id='word_1_775' title='bbox 3254 5089 3490 5142; x_wconf 75' lang='lat' dir='ltr'><strong>divinum</strong></span> 
     </span>
    </p>
   </div>
   <div class='ocr_carea' id='block_1_109' title="bbox 1912 5180 3493 5249">
    <p class='ocr_par' dir='ltr' id='par_1_109' title="bbox 1912 5180 3493 5249">
     <span class='ocr_line' id='line_1_109' title="bbox 1912 5180 3493 5249; baseline -0.001 -14"><span class='ocrx_word' id='word_1_776' title='bbox 1912 5180 2242 5249; x_wconf 86' lang='lat' dir='ltr'><strong>splendorem</strong></span> <span class='ocrx_word' id='word_1_777' title='bbox 2272 5193 2318 5234; x_wconf 90' lang='lat' dir='ltr'><strong>et</strong></span> <span class='ocrx_word' id='word_1_778' title='bbox 2358 5182 2586 5246; x_wconf 85' lang='lat' dir='ltr'><strong>qratiam</strong></span> <span class='ocrx_word' id='word_1_779' title='bbox 2633 5192 2680 5234; x_wconf 91' lang='lat' dir='ltr'><strong>et</strong></span> <span class='ocrx_word' id='word_1_780' title='bbox 2743 5183 3122 5249; x_wconf 86' lang='lat' dir='ltr'><strong>operationem,</strong></span> <span class='ocrx_word' id='word_1_781' title='bbox 3191 5190 3240 5234; x_wconf 91' lang='lat' dir='ltr'><strong>et</strong></span> <span class='ocrx_word' id='word_1_782' title='bbox 3298 5183 3493 5233; x_wconf 81' lang='lat' dir='ltr'><strong>donum</strong></span> 
     </span>
    </p>
   </div>
   <div class='ocr_carea' id='block_1_110' title="bbox 1916 5271 3494 5339">
    <p class='ocr_par' dir='ltr' id='par_1_110' title="bbox 1916 5271 3494 5339">
     <span class='ocr_line' id='line_1_110' title="bbox 1916 5271 3494 5339; baseline 0 -15"><span class='ocrx_word' id='word_1_783' title='bbox 1916 5272 2245 5324; x_wconf 79' lang='lat' dir='ltr'><strong>sanctissimi</strong></span> <span class='ocrx_word' id='word_1_784' title='bbox 2319 5273 2573 5339; x_wconf 61' lang='lat' dir='ltr'><strong>Spiritus,</strong></span> <span class='ocrx_word' id='word_1_785' title='bbox 2660 5271 2914 5339; x_wconf 84' lang='lat' dir='ltr'><strong>Spiritum</strong></span> <span class='ocrx_word' id='word_1_786' title='bbox 2984 5282 3229 5326; x_wconf 81' lang='lat' dir='ltr'><strong>sanctum</strong></span> <span class='ocrx_word' id='word_1_787' title='bbox 3299 5275 3494 5326; x_wconf 75' lang='lat' dir='ltr'><strong>divinw</strong></span> 
     </span>
    </p>
   </div>
   <div class='ocr_carea' id='block_1_111' title="bbox 1919 5363 3485 5432">
    <p class='ocr_par' dir='ltr' id='par_1_111' title="bbox 1919 5363 3485 5432">
     <span class='ocr_line' id='line_1_111' title="bbox 1919 5363 3485 5432; baseline -0.003 -14"><span class='ocrx_word' id='word_1_788' title='bbox 1919 5363 2209 5432; x_wconf 72' lang='lat' dir='ltr'><strong>Scriptura:</strong></span> <span class='ocrx_word' id='word_1_789' title='bbox 2237 5364 2658 5432; x_wconf 81' lang='lat' dir='ltr'><strong>appellant;sed</strong></span> <span class='ocrx_word' id='word_1_790' title='bbox 2707 5374 2758 5418; x_wconf 89' lang='lat' dir='ltr'><strong>et</strong></span> <span class='ocrx_word' id='word_1_791' title='bbox 2811 5365 3068 5419; x_wconf 83' lang='lat' dir='ltr'><strong>Deitatem</strong></span> <span class='ocrx_word' id='word_1_792' title='bbox 3100 5376 3148 5418; x_wconf 88' lang='lat' dir='ltr'><strong>et</strong></span> <span class='ocrx_word' id='word_1_793' title='bbox 3187 5364 3378 5424; x_wconf 81' lang='lat' dir='ltr'><strong>Deum,</strong></span> <span class='ocrx_word' id='word_1_794' title='bbox 3435 5372 3485 5415; x_wconf 83' lang='lat' dir='ltr'><strong>et</strong></span> 
     </span>
    </p>
   </div>
   <div class='ocr_carea' id='block_1_112' title="bbox 1917 5454 3489 5528">
    <p class='ocr_par' dir='ltr' id='par_1_112' title="bbox 1917 5454 3489 5528">
     <span class='ocr_line' id='line_1_112' title="bbox 1917 5454 3489 5528; baseline -0.001 -21"><span class='ocrx_word' id='word_1_795' title='bbox 1917 5454 2307 5523; x_wconf 80' lang='lat' dir='ltr'><strong>uimdeiﬁcam,</strong></span> <span class='ocrx_word' id='word_1_796' title='bbox 2353 5461 2403 5509; x_wconf 89' lang='lat' dir='ltr'><strong>et</strong></span> <span class='ocrx_word' id='word_1_797' title='bbox 2427 5475 2520 5524; x_wconf 84' lang='lat' dir='ltr'><strong>per</strong></span> <span class='ocrx_word' id='word_1_798' title='bbox 2562 5474 2616 5511; x_wconf 86' lang='lat' dir='ltr'><strong>se</strong></span> <span class='ocrx_word' id='word_1_799' title='bbox 2670 5458 2976 5528; x_wconf 63' lang='lat' dir='ltr'><strong>lenitatem</strong></span> <span class='ocrx_word' id='word_1_800' title='bbox 3055 5468 3113 5512; x_wconf 84' lang='lat' dir='ltr'><strong>et</strong></span> <span class='ocrx_word' id='word_1_801' title='bbox 3185 5456 3489 5521; x_wconf 69' lang='lat' dir='ltr'><strong>horrificam.</strong></span> 
     </span>
    </p>
   </div>
   <div class='ocr_carea' id='block_1_113' title="bbox 1919 5547 3490 5621">
    <p class='ocr_par' dir='ltr' id='par_1_113' title="bbox 1919 5547 3490 5621">
     <span class='ocr_line' id='line_1_113' title="bbox 1919 5547 3490 5621; baseline -0.004 -20"><span class='ocrx_word' id='word_1_802' title='bbox 1919 5547 2112 5603; x_wconf 78' lang='lat' dir='ltr'><strong>Rerum</strong></span> <span class='ocrx_word' id='word_1_803' title='bbox 2128 5568 2330 5621; x_wconf 84' lang='lat' dir='ltr'><strong>quoque</strong></span> <span class='ocrx_word' id='word_1_804' title='bbox 2362 5551 2724 5606; x_wconf 76' lang='lat' dir='ltr'><strong>universitatis</strong></span> <span class='ocrx_word' id='word_1_805' title='bbox 2751 5567 3017 5605; x_wconf 85' lang='lat' dir='ltr'><strong>auctorem</strong></span> <span class='ocrx_word' id='word_1_806' title='bbox 3046 5566 3107 5604; x_wconf 88' lang='lat' dir='ltr'><strong><em>ac</em></strong></span> <span class='ocrx_word' id='word_1_807' title='bbox 3159 5549 3490 5600; x_wconf 84' lang='lat' dir='ltr'><strong>conditorem</strong></span> 
     </span>
    </p>
   </div>
   <div class='ocr_carea' id='block_1_114' title="bbox 226 5637 3489 5713">
    <p class='ocr_par' dir='ltr' id='par_1_114' title="bbox 226 5637 3489 5713">
     <span class='ocr_line' id='line_1_114' title="bbox 226 5637 3489 5713; baseline -0.002 -16"><span class='ocrx_word' id='word_1_808' title='bbox 226 5646 426 5699; x_wconf 64' lang='lat' dir='ltr'><strong>divine</strong></span> <span class='ocrx_word' id='word_1_809' title='bbox 482 5644 676 5697; x_wconf 68' lang='lat' dir='ltr'><strong>eadem</strong></span> <span class='ocrx_word' id='word_1_810' title='bbox 731 5641 1021 5710; x_wconf 71' lang='lat' dir='ltr'><strong>Scriptura</strong></span> <span class='ocrx_word' id='word_1_811' title='bbox 1085 5648 1274 5696; x_wconf 88' lang='lat' dir='ltr'><strong>vocant</strong></span> <span class='ocrx_word' id='word_1_812' title='bbox 1351 5639 1587 5692; x_wconf 83' lang='lat' dir='ltr'><strong>divinam</strong></span> <span class='ocrx_word' id='word_1_813' title='bbox 1648 5637 1783 5692; x_wconf 83' lang='lat' dir='ltr'><strong>hanc</strong></span> <span class='ocrx_word' id='word_1_814' title='bbox 1813 5643 2066 5709; x_wconf 88' lang='lat' dir='ltr'><strong>gratiam,</strong></span> <span class='ocrx_word' id='word_1_815' title='bbox 2101 5646 2449 5713; x_wconf 82' lang='lat' dir='ltr'><strong>Operationem</strong></span> <span class='ocrx_word' id='word_1_816' title='bbox 2489 5661 2552 5698; x_wconf 87' lang='lat' dir='ltr'><strong>ac</strong></span> <span class='ocrx_word' id='word_1_817' title='bbox 2637 5644 2854 5710; x_wconf 46' lang='lat' dir='ltr'><strong>denum,</strong></span> <span class='ocrx_word' id='word_1_818' title='bbox 2929 5659 2993 5696; x_wconf 77' lang='lat' dir='ltr'><strong>ex</strong></span> <span class='ocrx_word' id='word_1_819' title='bbox 3066 5640 3489 5708; x_wconf 85' lang='lat' dir='ltr'><strong>superesscntiuti</strong></span> 
     </span>
    </p>
   </div>
   <div class='ocr_carea' id='block_1_115' title="bbox 232 5733 1613 5804">
    <p class='ocr_par' dir='ltr' id='par_1_115' title="bbox 232 5733 1613 5804">
     <span class='ocr_line' id='line_1_115' title="bbox 232 5733 1613 5804; baseline -0.002 -16"><span class='ocrx_word' id='word_1_820' title='bbox 232 5735 501 5792; x_wconf 83' lang='lat' dir='ltr'><strong>Trinitate</strong></span> <span class='ocrx_word' id='word_1_821' title='bbox 520 5735 819 5804; x_wconf 86' lang='lat' dir='ltr'><strong>procedens,</strong></span> <span class='ocrx_word' id='word_1_822' title='bbox 843 5743 969 5788; x_wconf 88' lang='lat' dir='ltr'><strong>teste</strong></span> <span class='ocrx_word' id='word_1_823' title='bbox 998 5733 1250 5804; x_wconf 81' lang='lat' dir='ltr'><strong>Dionysio</strong></span> <span class='ocrx_word' id='word_1_824' title='bbox 1274 5734 1613 5800; x_wconf 75' lang='lat' dir='ltr'><strong>Areopagita.</strong></span> 
     </span>
    </p>
   </div>
   <div class='ocr_carea' id='block_1_116' title="bbox 299 5821 1807 5896">
    <p class='ocr_par' dir='ltr' id='par_1_116' title="bbox 299 5821 1807 5896">
     <span class='ocr_line' id='line_1_116' title="bbox 299 5821 1807 5896; baseline -0.006 -16"><span class='ocrx_word' id='word_1_825' title='bbox 299 5829 415 5880; x_wconf 74' lang='grc' dir='ltr'><strong>Καὶ</strong></span> <span class='ocrx_word' id='word_1_826' title='bbox 450 5825 480 5876; x_wconf 79' lang='grc' dir='ltr'>ὁ</span> <span class='ocrx_word' id='word_1_827' title='bbox 535 5827 880 5896; x_wconf 77' lang='grc' dir='ltr'>χρηματίσας</span> <span class='ocrx_word' id='word_1_828' title='bbox 923 5825 979 5878; x_wconf 85' lang='grc' dir='ltr'><strong>δὲ</strong></span> <span class='ocrx_word' id='word_1_829' title='bbox 1015 5827 1090 5888; x_wconf 84' lang='grc' dir='ltr'><strong>εἰς</strong></span> <span class='ocrx_word' id='word_1_830' title='bbox 1151 5823 1499 5894; x_wconf 73' lang='grc' dir='ltr'>πατριάρχην</span> <span class='ocrx_word' id='word_1_831' title='bbox 1538 5821 1807 5892; x_wconf 71' lang='grc' dir='ltr'>Ἰσίδωρος</span> 
     </span>
    </p>
   </div>
   <div class='ocr_carea' id='block_1_117' title="bbox 1987 5817 3485 5896">
    <p class='ocr_par' dir='ltr' id='par_1_117' title="bbox 1987 5817 3485 5896">
     <span class='ocr_line' id='line_1_117' title="bbox 1987 5817 3485 5896; baseline -0.001 -28"><span class='ocrx_word' id='word_1_832' title='bbox 1987 5822 2199 5893; x_wconf 80' lang='lat' dir='ltr'><strong>Quique</strong></span> <span class='ocrx_word' id='word_1_833' title='bbox 2261 5823 2570 5896; x_wconf 77' lang='lat' dir='ltr'><strong>patriarcha</strong></span> <span class='ocrx_word' id='word_1_834' title='bbox 2645 5825 2745 5880; x_wconf 77' lang='lat' dir='ltr'><strong>fuit</strong></span> <span class='ocrx_word' id='word_1_835' title='bbox 2812 5822 3076 5890; x_wconf 81' lang='lat' dir='ltr'><strong>Isidorus,</strong></span> <span class='ocrx_word' id='word_1_836' title='bbox 3142 5819 3197 5876; x_wconf 89' lang='lat' dir='ltr'><strong>in</strong></span> <span class='ocrx_word' id='word_1_837' title='bbox 3250 5817 3485 5889; x_wconf 61' lang='lat' dir='ltr'><strong>qundam</strong></span> 
     </span>
    </p>
   </div>
  </div>
