4052 6428
216 360 324 424 333

1249 357 1348 420 DE
1393 357 1764 451 ESSENTIA
1805 357 1900 418 ET
1938 350 2451 443 OPERATIONE.

3381 351 3488 418 334

215 461 600 543 έρεσχελιῶν,
631 470 796 528 ἀλλὰ
828 470 927 526 καὶ
973 470 1449 554 ἀσφαλέστατον
1493 470 1604 540 τῆς
1651 470 1820 534 Ἔχει,

1922 471 2213 524 tEcclesicc
2269 485 2333 524 ac
2388 454 2602 538 pietatis
2656 469 2983 523 tutissimum
3050 469 3375 540 defensorem
3434 483 3488 527 et

217 567 476 637 κλησίας
513 563 763 634 καὶτῆς
790 564 1106 631 εὐσεϐείας
1147 553 1465 634 πρόμαχον
1505 563 1604 617 καὶ
1638 579 1788 632 προ-

217 656 562 726 ἀγωνιστὴν
601 655 709 710 καὶ
743 656 979 724 ,βοηθὸν
1025 655 1250 722 ταύτης
1307 653 1786 724 ἀποφαινόμεθα.

222 725 450 808 Τούτων
472 748 542 802 δὲ
567 747 759 815 οὕτως
789 747 1120 811 ἐκϐάντων,
1149 745 1371 802 λοιπὸν
1417 741 1499 817 ἦν
1525 746 1613 800 ἔτι
1639 725 1788 815 προ·

219 840 616 912 θυμουμένοις
685 838 895 895 πᾶσαν
956 839 1156 894 αἰτίαν
1221 837 1341 893 τῶν
1390 837 1793 908 βουλομένων

218 931 515 989 αἰτιᾶσθαι
545 929 870 1000 περιαιρεῖν
889 948 903 962 ο
927 930 1086 1001 μηδὲ
1115 929 1268 999 ἅπερ
1295 929 1414 984 τῶν
1444 930 1514 984 έν
1537 930 1663 996 τοῖς
1683 929 1792 984 τοῦ

222 1023 530 1094 ἱερωτάτου
564 1023 1029 1091 Θεσσαλονίκης
1071 1023 1545 1094 συγγράμμασιν
1591 1024 1662 1078 ἐν
1701 1024 1795 1077 al-

223 1119 371 1183 τίαις
419 1114 741 1171 ἐποιοῦντο
793 1117 849 1168 oi
903 1115 1015 1181 τῆς
1070 1115 1445 1182 Ἐκκλησιάς
1494 1113 1793 1184 πολέμιοι,

223 1207 370 1279 μηδὲ
391 1207 577 1261 ταῦτα
601 1205 1011 1276 παραδραμεῖν
1043 1205 1445 1271 ἀϐασάνιστα,
1471 1207 1524 1260 ει
1546 1205 1645 1260 καὶ
1675 1205 1796 1262 ἀπὸ

225 1299 339 1356 τῶν
365 1299 820 1366 ἐξετασθέντων
842 1300 912 1353 ἑν
941 1298 1017 1366 τῇ
1045 1299 1174 1366 θείᾳ
1202 1299 1446 1367 συνόδῳ
1479 1300 1581 1354 καὶ
1610 1299 1800 1354 ταῦτα

226 1391 417 1444 πάντα
451 1387 970 1458 περιελήφθησαν.
1007 1389 1306 1458 Εὐρόντος
1331 1385 1446 1446 οὖν
1476 1388 1665 1446 ταῦτα
1690 1390 1800 1446 τοῦ

225 1483 550 1561 κρατίστου
577 1483 677 1538 καὶ
718 1482 893 1553 ἁγίου
939 1482 1112 1551 ἡμῶν
1157 1483 1458 1538 αὑθέντου
1484 1482 1584 1537 καὶ
1617 1484 1800 1549 βασι-

226 1579 376 1645 λέως
403 1575 931 1648 καταγεγραμμένη
951 1575 1105 1631 κατὰ
1122 1578 1310 1647 μέρος
1334 1576 1496 1644 παρὰ
1517 1575 1631 1646 τῆς
1652 1576 1806 1631 ἐκεί·

226 1685 337 1723 νου
363 1669 582 1738 χειρὸς,
629 1667 908 1736 καὶπρὸς
944 1666 1105 1737 ἡμᾶς
1133 1667 1324 1722 ταῦτα
1361 1665 1599 1735 δόντος,
1631 1667 1806 1737 ἡμεῖς

1889 557 2332 635 propugnatorem
2369 562 2768 632 adjutoremque
2789 562 3123 617 decernimus
3159 580 3222 617 ac
3249 581 3490 634 pronunc-

1892 657 2111 711 tiamus.
2143 653 2192 708 Η
2200 657 2242 709 is
2267 667 2442 710 autem
2464 669 2523 708 eo
2547 663 2732 708 eventu
2760 654 3010 723 peractis.
3027 653 3200 709 adhuc
3225 656 3490 728 reliquum

1892 758 2032 813 erat,
2071 746 2220 802 nobis
2259 746 2355 801 hoc
2395 743 2781 817 satagentibus,
2815 755 2872 800 ut
2904 747 3109 803 scilicet
3168 747 3350 803 dicam
3402 751 3491 803 in-

1897 841 2038 909 ferre
2068 837 2356 894 volentium
2374 839 2569 893 crimen
2597 854 2748 893 omne
2775 837 3123 906 dilueremus,
3157 856 3249 895 nec
3283 857 3345 895 ea
3375 858 3494 912 quos

1897 933 1954 986 in
1987 932 2340 986 sacratissimi
2388 930 2873 986 Thessalonicensis
2930 931 3388 988 lucubrationibus
3432 954 3495 990 ac

1895 1025 2134 1092 scriptis,
2164 1022 2421 1078 Ecclesia:
2453 1023 2629 1078 hostes
2656 1023 2850 1077 erroris
2883 1031 3013 1078 nota
3052 1037 3390 1095 aspergerent
3425 1043 3493 1080 ac

1897 1117 2234 1189 sugillarent,
2260 1116 2564 1171 indiscussa
2619 1119 2904 1183 omittere;
2967 1133 3268 1188 quanquam
3329 1119 3493 1172 exiis

1898 1223 2018 1280 qua
2048 1210 2102 1263 in
2132 1217 2320 1264 sancta
2375 1209 2578 1278 synodo
2621 1208 2933 1263 examinata
2985 1216 3130 1273 sunt,
3165 1207 3276 1264 ha’c
3333 1208 3499 1263 etiam

1901 1302 2080 1357 omnia
2112 1303 2294 1356 merito
2314 1301 2478 1356 videri
2495 1303 2694 1385 possint
2723 1300 3124 1368 comprehensa.
3151 1300 3282 1356 Cum
3311 1302 3494 1370 itaque

1902 1392 2295 1463 potentissimus
2321 1407 2385 1444 ac
2413 1389 2782 1444 sanctissimus
2802 1388 3045 1443 dominus
3081 1397 3258 1442 noster
3288 1403 3351 1440 ac
3393 1388 3498 1440 im-

1902 1495 2120 1552 perator
2169 1485 2282 1543 hazc
2313 1485 2537 1538 seorsim
2563 1481 2708 1536 illius
2735 1482 3038 1551 conscripta
3104 1495 3266 1535 manu
3315 1491 3501 1536 nactus

1903 1585 2059 1642 esset,
2085 1593 2146 1632 ac
2169 1577 2318 1632 nobis
2345 1592 2406 1631 ea
2427 1575 2750 1646 porrexisset
2783 1593 2802 1640 ,-
2861 1591 2957 1629 nos
3013 1574 3226 1644 singula
3275 1589 3497 1644 ᾳιιαιμιε

1912 1671 1967 1724 in
1991 1669 2346 1724 sacratissimi
2371 1666 2857 1722 Thessalonicensis
2886 1666 3064 1720 codice
3087 1665 3307 1734 legimus
3339 1665 3507 1718 serio-

226 1758 488 1814 ἓκαστον
507 1753 754 1822 τούτων.
787 1759 858 1814 έν
874 1759 982 1814 τοῦ
1004 1758 1324 1827 ίερωτάτου
1349 1761 1806 1828 Θεσσαλονίκης

1922 1778 2005 1832 rue
2033 1761 2476 1828 nominavimus,
2539 1761 2901 1814 conuenientes
2945 1760 2999 1813 in
3037 1758 3293 1828 Magnam
3341 1756 3506 1812 eccle-

225 1850 440 1917 ,βιϐλίῳ
464 1848 809 1920 ἀνέγνωμέν
832 1867 895 1904 τε
921 1849 1019 1905 καὶ
1050 1821 1449 1920 έεετάσαμεν,
1471 1821 1808 1907 συνελθόνί

1922 1854 2076 1920 siam,
2102 1854 2336 1923 diemque
2361 1853 2414 1905 in
2453 1867 2518 1906 ea
2541 1851 2807 1906 communi
2847 1859 3136 1915 conventu,
3181 1864 3284 1904 non
3319 1849 3502 1909 semel,

228 1961 323 2010 τες
358 1943 510 1996 κατὰ
538 1941 653 2011 τὴν
671 1940 948 2012 μεγάλην
990 1931 1386 2007 Ἐκκλησίαν.
1416 1941 1515 1996 καὶ
1551 1942 1806 2012 συνδιηο

225 2033 655 2105 μερεύσαντες,
689 2035 804 2104 οὐχ
833 2032 1020 2099 ἅπαξ,
1055 2033 1221 2088 ἀλλὰ
1247 2033 1345 2087 καὶ
1367 2034 1484 2100 δὶς,
1512 2017 1613 2088 καὶ
1655 2022 1808 2103 τρὶς,

230 2124 329 2178 καὶ
352 2123 667 2190 πολλάκις,
699 2124 797 2177 καὶ
838 2123 948 2178 τὸν
985 2121 1104 2192 μὲν
1153 2117 1619 2195 Θεσσαλονίκης
1642 2126 1807 2197 ἱερώ-

235 2231 413 2269 τατον
442 2214 901 2284 μητροπολίτην
953 2213 1053 2269 καὶ
1099 2211 1165 2267 έν
1199 2214 1436 2283 τούτοις
1477 2203 1811 2286 σύμφωνον

241 2305 361 2372 τοῖς
407 2306 582 2374 ἱεροῖς
613 2307 925 2373 θεολόγοις
976 2305 1254 2377 εὕρομεν,
1308 2309 1409 2362 καὶ
1455 2309 1808 2380 συνήγορον

241 2399 494 2468 Χριστοῦ
525 2397 714 2468 χάριτι
754 2397 868 2468 τῆς
906 2398 1052 2454 ’κατ’
1098 2398 1418 2455 εὐσέϐειαν
1477 2403 1801 2474 ἀληθείας⁸

240 2488 464 2555 αὐτοὺς
481 2487 540 2542 δὲ
554 2489 812 2556 πολλαῖς
841 2489 939 2543 καὶ
961 2491 1256 2561 μεγάλαις
1279 2491 1553 2561 αἱρέσεσι
1573 2495 1809 2564 περιπί-

252 2585 525 2648 πτοντας,
552 2582 645 2635 καὶ
677 2600 802 2649 τοις
823 2584 982 2656 παρὰ
1003 2585 1123 2640 τῶν
1143 2588 1443 2656 θεολόγων
1469 2588 1816 2662 είρημένοις

1915 1945 2008 2002 sed
2032 1945 2130 2010 bis,
2158 1953 2336 2015 terque
2361 1960 2425 1998 ac
2445 1944 2636 2012 saepius
2657 1943 3029 2011 transigentes,
3055 1940 3508 1996 sacratissimum-

1916 2052 2015 2107 que
2047 2035 2526 2092 Thessalonicensis
2564 2032 2837 2090 Ecclesia:
2864 2032 3269 2102 metropolitam,
3315 2031 3372 2086 in
3423 2030 3506 2085 his

1915 2129 2298 2200 quoquesacris
2320 2126 2574 2198 theologis
2590 2135 3000 2182 consentaneum
3041 2126 3358 2190 invenimus,
3391 2124 3506 2192 ejus

1917 2237 2035 2277 uero
2069 2229 2428 2282 accusatores.
2445 2218 2626 2274 multis
2654 2220 2959 2290 magnisque
2996 2217 3286 2274 hieresibus
3343 2215 3509 2270 obno-

1911 2314 2051 2377 otios,
2075 2314 2332 2382 dictisque
2379 2311 2740 2383 theologorum
2804 2312 2984 2382 palam
3036 2310 3507 2370 contradicentes;

1917 2416 2146 2477 tumque
2171 2408 2286 2461 haec
2304 2404 2503 2474 illatrue
2526 2405 2846 2473 subjiciunt,
2871 2399 3383 2473 compluraqueelia
3402 2416 3478 2456 nu
3502 2432 3510 2441 -

1914 2509 2132 2569 gantur,
2154 2496 2292 2552 baud
2326 2509 2487 2552 secus
2519 2508 2585 2551 ac
2634 2494 2916 2564 impudica
2943 2494 3219 2560 mulieres,
3249 2506 3402 2548 suam
3433 2497 3516 2562 ip.

1914 2604 2099 2646 eorum
2141 2589 2531 2660 turpitudinem
2573 2587 2696 2644 aliis
2726 2587 3064 2643 tribuentes.

253 2671 510 2752 φσνέριῖκ-
551 2677 977 2748 ἀντιλέγοντας
1000 2694 1017 2710 ·
1075 2673 1198 2734 εἶτα
1247 2681 1572 2753 ἐπιφέρουσι
1622 2685 1692 2738 τὰ
1714 2683 1810 2738 καὶ
1840 2681 1946 2737 τά·
1981 2685 2076 2738 καὶ
2099 2683 2200 2738 ὅσα
2221 2681 2357 2739 ἄλλα
2380 2679 2740 2754 φλυαροῦσιν,
2771 2679 2964 2750 ῶσπερ
3023 2679 3080 2733 αι
3141 2677 3344 2749 φαῦλαι
3406 2677 3516 2731 τῶν

250 2765 534 2845 γυναικῶν,
564 2771 774 2843 ἑτέροις
800 2773 900 2845 τὴν
926 2774 1136 2831 ἑαυτῶν
1157 2775 1578 2850 αισχημοσύνην
1616 2779 1996 2845 ἀνατιθέντες.

229 2931 234 2940 _
328 2857 739 2934 ’ἀναγορεύουσι
765 2864 822 2918 δὲ
845 2865 1010 2921 αὐτὸν
1039 2868 1136 2922 καὶ
1166 2869 1224 2922 ἑν
1246 2863 1327 2932 οἷς
1349 2871 1814 2942 ἀναθεματιζουσι

2011 2871 2302 2928 Celebrant
2329 2885 2456 2924 vero
2503 2885 2624 2925 eum
2677 2867 2730 2923 in
2761 2869 2825 2924 iis
2851 2868 3036 2933 etiam,
3075 2867 3127 2922 in
3153 2867 3351 2937 quibus
3377 2883 3384 2894 ’
3407 2881 3514 2920 non

239 2953 372 3013 τοὺς
400 2953 477 3025 μὴ
507 2953 858 3043 πειθομένους
891 2960 1014 3022 ταῖς
1049 2959 1230 3016 αὐτῶν
1255 2960 1652 3033 βλασφημίαις.
1672 2965 1817 3019 Φασὶ

1922 2965 2205 3018 credentes
2237 2963 2476 3031 ipsorum
2506 2957 2858 3030 blasphemiis
2917 2958 3261 3012 anathemate
3291 2955 3515 3010 feriunt.
3553 2961 3565 2968 ’

244 3047 400 3144 γοῦν,
451 3050 783 3144 ιξρηγορίου
832 3051 941 3144 τοῦ
999 3054 1332 3125 ἀγιωτάτου
1366 3061 1819 3127 μητροπολίτου

1922 3055 2090 3111 Aiunt
2113 3055 2316 3122 itaque,
2343 3051 2586 3122 Gregorii
2610 3049 2938 3104 sanctissimi
2972 3047 3318 3115 metropolitte
3344 3043 3511 3100 Thes—

248 3137 724 3210 Θεσσαλονίκης,
783 3143 891 3197 τοῦ
951 3145 1292 3213 συνοδικῶς
1337 3145 1435 3202 ἐπ’
1477 3147 1818 3217 ἐκκλησίας

1922 3149 2284 3214 salonicensis,
2309 3147 2400 3218 qui
2428 3146 2677 3218 synodice
2711 3146 2768 3199 in
2799 3142 2996 3214 Μηίοτί
3038 3141 3262 3196 ecclesia
3283 3137 3516 3192 Barlaa-

245 3227 526 3300 Μεγάλης
549 3230 831 3303 Βαρλαάμ
854 3249 919 3287 τε
946 3236 1045 3288 καὶ
1062 3235 1443 3301 Ἀκίνδυνον,
1462 3236 1606 3301 τοὺς
1633 3239 1820 3308 ἀρχη-

1927 3261 2072 3300 mum
2095 3253 2150 3298 et
2179 3241 2534 3312 Acindynum,
2559 3239 2819 3295 haereseon
2848 3245 3091 3291 auctores
3109 3251 3170 3289 ac
3202 3234 3518 3296 inventores.

244 3324 392 3391 τοὺς
445 3323 543 3377 καὶ
579 3322 900 3394 ἐφευρετὰς
926 3326 1046 3380 τῶν
1097 3326 1414 3396 αἱρέσεων,
1446 3331 1822 3397 καθελόντος

246 3414 369 3468 σὺν
424 3411 502 3484 τῇ
528 3415 662 3486 περὶ
719 3416 942 3483 αὐτοὺς
995 3417 1235 3487 πονηρᾷ
1283 3419 1627 3490 συμμορίᾳ·
1701 3415 1822 3490 εἶτα

243 3510 654 3578 ὲπάγοντες,·ὲν
704 3503 787 3574 οἷς
826 3509 1300 3580 συκοφαντοῦντες
1349 3489 1444 3567 καὶ
1490 3489 1824 3584 ψευδόμενοι

243 3605 344 3656 οὐκ
380 3601 743 3684 αἰσχύνονται,
776 3602 1212 3672 προσεπάγουσι,
1245 3604 1361 3674 Τῆς
1387 3600 1458 3660 δὲ
1478 3603 1686 3676 κοινῆς
1715 3606 1824 3662 τοῦ

244 3695 506 3764 Χριστοῦ
575 3694 965 3765 Ἐκκλησίας,
1024 3694 1128 3750 καὶ
1187 3693 1307 3751 τῶν
1351 3695 1666 3767 ἀληθινῶν
1719 3700 1823 3754 καὶ

247 3788 594 3844 ἀπτανστων
625 3787 759 3857 περὶ
796 3789 1096 3857 Θεότητος
1125 3787 1443 3859 δογμάτων
1487 3792 1699 3862 σοφῶς
1724 3793 1826 3848 καὶ

246 3873 534 3951 γενναίως
567 3878 607 3934 ά
617 3895 722 3949 γαν
753 3873 1360 3949 προπολεμήσαντος,
1387 3883 1487 3937 καὶ
1519 3884 1828 3955 συγγράμ-

241 3985 398 4042 μασι
421 3969 520 4024 καὶ
545 3969 752 4041 λόγοις
767 3969 866 4025 καὶ
897 3970 1232 4038 διαλέξεσι,
1252 3971 1351 4026 καὶ
1365 3973 1515 4043 μίαν
1546 3975 1827 4043 Θεότητα,

229 4063 352 4117 ’καὶ
369 4061 520 4117 Θεὸν
539 4061 645 4143 ἕνα
685 4058 1199 4132 τρισυπόστατον,
1225 4064 1829 4136 ἐνεργῆ,θελητιιιὸν,

249 4154 738 4222 παντοδύναμον,
761 4154 1053 4211 ἀκτιστον
1093 4157 1192 4212 διὰ
1243 4157 1510 4222 πάντων,
1541 4161 1695 4214 κατὰ
1727 4162 1834 4229 τὰς

253 4244 501 4314 Γραρὰς
529 4243 784 4312 καὶτοὺς
813 4245 1260 4316 θεολόγουςκαι
1284 4245 1586 4316 ἐξηγητὰς
1605 4237 1837 4302 τούτων

257 4336 786 4405 ἁνακηρύξαντοςο
818 4335 927 4391 τοῦ
960 4335 1060 4391 καὶ
1092 4335 1389 4391 κοινωνοῦ
1406 4335 1508 4412 καὶ
1530 4337 1836 4402 συνφδοῦ,

263 4428 360 4503 καὶ
378 4421 702 4498 συμφώνου
723 4427 821 4484 καὶ
837 4427 1234 4484 σπουδαστοῦ
1255 4427 1354 4484 καὶ
1374 4430 1839 4499 συναγωνιστοῦ

259 4521 506 4576 πάντων
561 4523 791 4578 τούτων
849 4522 1273 4592 ἀναφανέντος
1328 4522 1428 4578 καὶ
1482 4526 1693 4594 λόγοις
1736 4525 1839 4579 καὶ

1923 3337 2194 3393 abdicauit
2225 3345 2494 3405 ;tumque
2523 3333 2771 3402 adjectis,
2803 3331 2857 3385 in
2884 3329 3086 3399 quibus
3113 3342 3208 3383 eos
3235 3325 3520 3381 calumniae

1927 3444 2036 3485 non
2060 3429 2228 3500 piget,
2266 3442 2366 3482 nec
2397 3425 2688 3489 mendacii,
2748 3422 2966 3478 abunde
3013 3420 3308 3489 subjiciunt
3364 3433 3379 3470 :
3413 3418 3521 3484 Qui

1925 3538 2020 3590 pro
2051 3521 2314 3577 communi
2341 3517 2545 3576 Christi
2573 3515 2821 3572 Ecclesia
2868 3514 3111 3584 uerisque
3153 3528 3217 3567 ac
3266 3511 3424 3567 certis
3455 3514 3522 3566 de

1923 3613 2130 3674 Deitute
2164 3610 2382 3666 decretis
2399 3610 2662 3676 salienter
2702 3607 3091 3676 admodumque
3117 3615 3330 3658 strenue
3389 3605 3524 3657 scri-

1925 3718 2134 3778 ptorum
2158 3703 2530 3768 monumentis,
2549 3700 2975 3768 sermonibusque
3003 3693 3524 3772 acdisputationibus

1929 3797 2271 3868 depugnauit,
2292 3810 2554 3863 unamque
2593 3790 2859 3846 Deitatem
2879 3800 2927 3843 et
2960 3789 3125 3842 Deum
3176 3801 3341 3840 unum
3386 3785 3524 3838 trine

1929 3890 2324 3952 subsistentem,
2355 3882 2680 3954 operationis
2696 3899 2764 3935 ac
2795 3879 3087 3934 voluntatis
3108 3876 3362 3948 facultate
3388 3891 3525 3946 prati

1931 3982 2124 4046 ditum,
2157 3977 2588 4044 omnipotentem,
2618 3987 2710 4042 per
2755 3971 2936 4026 omnia
2981 3969 3307 4032 increatum,
3333 3982 3524 4022 secun-

1932 4072 2060 4126 dum
2099 4067 2408 4136 Scripturas
2439 4075 2487 4120 et
2511 4063 2780 4134 theologos
2830 4062 3123 4130 harumque
3183 4059 3523 4128 interpretes,

1933 4159 2263 4232 praedicavit,
2293 4156 2484 4228 quique
2507 4155 2694 4208 horum
2721 4152 2960 4207 omnium
3009 4161 3057 4204 et
3079 4148 3246 4204 verbis
3297 4159 3345 4203 et
3368 4149 3523 4217 [actis

1936 4250 2284 4310 ctconsocius
2309 4257 2360 4304 et
2406 4245 2747 4318 astipulator'
2773 4255 2821 4299 et
2865 4243 3195 4300 consentiens
3263 4241 3521 4310 dilignte-

1939 4361 2039 4417 que
2063 4353 2289 4401 curator
2301 4359 2365 4398 ac
2390 4348 2750 4412 propugnator
2777 4339 2991 4402 enituit,
3017 4344 3217 4392 teterua
3234 4334 3488 4390 memoria
3507 4375 3524 4398 ,

1941 4449 2004 4494 ut
2034 4437 2224 4492 volunt
2249 4435 2373 4503 ipsi.
2400 4431 2690 4500 Quomodo
2727 4440 2910 4484 autem
2952 4443 3120 4484 unum
3149 4426 3319 4481 Deum
3355 4424 3527 4488 dicat,

1944 4525 2294 4581 manifestum
2333 4533 2416 4578 est
2484 4537 2550 4576 ex
2581 4529 2709 4574 aute
2759 4517 2922 4572 dictis
2978 4515 3187 4582 ;velut
3241 4513 3524 4574 nimirum,

256 4612 610 4682 πράγμασιν
632 4613 842 4669 αΙωνία
880 4613 920 4682 ἡ
946 4612 1179 4683 μνήμη,
1211 4614 1288 4675 ὡς
1314 4614 1471 4668 αὐτοὶ
1529 4613 1814 4684 βούλονται

1943 4617 2088 4688 quod
2121 4623 2186 4670 ex
2225 4612 2409 4692 multis
2437 4617 2601 4680 atque
2651 4609 2883 4664 diversis
2917 4621 3012 4663 seu
3036 4604 3308 4661 distinctis
3360 4619 3525 4658 unum

253 4703 388 4766 Πῶς
407 4704 466 4757 δὲ
488 4704 584 4758 ἕνα
611 4705 742 4760 θεόν
764 4721 923 4775 φησι,
951 4705 1114 4776 δῆλον
1139 4705 1203 4758 ὲκ
1236 4705 1347 4759 τῶν
1377 4707 1798 4776 προειρημένων
1821 4723 1836 4738 ο

253 4796 345 4850 ὅτι
374 4795 450 4859 ῶς
485 4796 547 4849 τδ
589 4796 652 4850 ἐκ
674 4795 782 4850 τῶν
816 4797 1032 4851 πολλῶν
1069 4797 1168 4854 καὶ
1195 4786 1566 4868 διαφερόντων
1590 4784 1674 4853 ἓνξ
1714 4798 1839 4862 Πῶς

253 4888 316 4944 δὲ
353 4887 634 4958 θελητικδν
664 4889 760 4944 καὶ
788 4890 1010 4961 ἐνεργῆ,
1061 4889 1139 4954 ῶς
1190 4889 1394 4952 πολλὰς
1421 4889 1518 4943 καὶ
1551 4891 1840 4962 διαφόρους

252 4981 549 5052 ἐνεργείας
592 4982 650 5034 ὲν
697 4980 874 5052 ἐαυτῷ
933 4981 1283 5053 περιέχοντα,
1333 4981 1430 5035 καὶ
1457 4979 1534 5046 ὡς
1568 4978 1839 5053 πολλοιχοῦ

251 5073 373 5126 τῶν
405 5072 603 5126 ἑαυτοῦ
638 5073 818 5143 λόγων
883 5073 1298 5145 παντοδύναμόν
1352 5091 1514 5144 φησι,
1563 5075 1661 5145 οὐχ
1691 5075 1776 5127 ὅτι
1805 5074 1837 5142 ἡ

251 5164 384 5219 θεῖα
405 5165 565 5219 οὐσία
581 5165 677 5219 κα)⁵
697 5164 920 5235 ἄπειρος
947 5167 1044 5220 καὶ
1065 5165 1432 5238 ὑπερπλήρης
1453 5165 1640 5234 ἐκείνη
1665 5164 1846 5218 πάντα

248 5257 510 5324 δύναται,
571 5257 667 5310 καὶ
725 5255 907 5311 πάντα
938 5258 1079 5323 ἐστὶ,
1116 5259 1214 5312 καὶ
1253 5256 1368 5330 ζωὴ
1403 5259 1498 5311 καὶ
1556 5256 1724 5324 σοφία
1753 5254 1848 5308 καὶ

253 5351 538 5422 ἀγαθότης
570 5351 667 5404 καὶ
699 5348 954 5422 δύναμις,
991 5351 1086 5404 καὶ
1120 5349 1174 5405 ει
1215 5368 1269 5405 τι
1304 5348 1848 5405 τοιοῦτονίάπολελυ-

262 5444 450 5516 μένως
493 5441 805 5498 ἀποδίδοται
855 5443 1014 5515 αὐτῇ,
1070 5443 1166 5498 καῖ⁹
1199 5443 1389 5507 καθὼς
1420 5446 1447 5497 ὁ
1478 5442 1846 5513 Δαμασκηνὸς

260 5536 414 5604 λέγει
435 5551 451 5566 ο
500 5533 666 5600 Θεός
695 5532 867 5586 ἐστιν
887 5533 1069 5587 οὐσία
1092 5527 1490 5604 δημιουργικὴ
1522 5531 1641 5587 τῶν
1682 5519 1846 5588 ὅλων

262 5626 342 5682 δι’
370 5628 568 5697 ἄκραν
609 5627 956 5694 τελειότητα
987 5625 1087 5680 καὶ
1118 5624 1438 5693 ἁπλότητα
1469 5627 1562 5680 καὶ
1597 5625 1842 5679 ἓνωσινο

261 5721 380 5776 ἀλλ’
403 5721 549 5777 οὕτω
582 5720 716 5791 φησι
756 5719 1193 5790 παντοδῦνιμον,
1221 5720 1298 5781 ὡς
1332 5722 1392 5772 ἐν
1427 5719 1608 5790 ἐαυτῷ
1643 5717 1845 5782 πολλὰς

257 5816 356 5871 καὶ
378 5814 565 5878 πάσας
608 5811 932 5882 περιέχοντα
963 5811 1248 5884 δυνάμεις,
1293 5811 1659 5884 διαφερούσας
1711 5809 1846 5882 πρός

1945 4705 2235 4762 conﬂatur.
2293 4691 2577 4768 Quomodo
2625 4711 2755 4752 vero
2810 4693 3106 4750 voluntatis
3163 4707 3229 4746 ac
3271 4691 3527 4763 operaudi

1939 4797 1990 4851 vi
2017 4794 2329 4866 praeditum,
2361 4791 2512 4845 velut
2544 4789 2754 4846 scilicet
2783 4787 2876 4856 qui
2918 4785 3120 4840 multas
3145 4790 3314 4852 alque
3348 4784 3530 4838 divur-

1937 4903 2030 4946 sas
2061 4885 2159 4944 seu
2199 4885 2485 4940 distinctas
2511 4881 2859 4952 operationes
2899 4881 2952 4933 in
2991 4893 3052 4934 se
3106 4880 3385 4956 contineat
3415 4887 3534 4942 ;nl-

1939 4990 2124 5054 quem
2149 4978 2332 5034 multis
2365 4991 2590 5034 suorum
2620 4973 2950 5041 scriptorum
2982 4970 3140 5036 locis,
3177 4971 3532 5040 oumiputeu-

1941 5083 2048 5129 tem
2072 5086 2196 5128 eum
2225 5079 2404 5134 vocat,
2435 5083 2540 5122 non
2569 5066 2698 5136 quia
2725 5065 2904 5120 divina
2949 5063 3188 5120 essentia
3216 5070 3271 5118 et
3300 5062 3534 5127 infinita,

1948 5176 2274 5232 Omnetnqne
2298 5161 2518 5215 vincens
2538 5155 2928 5229 plenitudinem
2946 5154 3126 5209 omnia
3139 5163 3538 5233 potest,estque

1949 5256 2157 5319 omnia,
2187 5263 2237 5308 et
2265 5255 2373 5308 vita
2398 5262 2451 5308 et
2489 5250 2758 5320 sapientia
2787 5257 2845 5303 et
2872 5248 3092 5302 bonitas
3122 5260 3176 5302 et
3209 5248 3380 5303 virtus
3439 5263 3537 5304 seu

1949 5347 2221 5421 potentia,
2252 5361 2316 5401 ac
2347 5346 2392 5400 si
2431 5343 2559 5412 quid
2597 5343 2742 5398 aliud
2793 5343 3043 5398 absolute
3076 5342 3152 5396 illi
3219 5342 3478 5421 tribuitur
3515 5356 3531 5403 ;

1947 5416 2012 5496 ac
2031 5441 2173 5496 sicut
2196 5441 2559 5493 Damasceuus
2587 5435 2719 5490 dicit
2749 5449 2764 5490 :
2791 5433 2933 5489 Deus
2956 5443 3030 5489 est
3057 5433 3281 5486 essentia
3301 5416 3538 5485 omnium

1951 5532 2261 5588 creatrixob
2291 5544 2551 5583 summam
2602 5525 2974 5598 perfectionem
3038 5535 3086 5580 et
3146 5521 3536 5590 simplicitatem

1885 5620 1905 5647 ”
1952 5637 2000 5680 et
2042 5609 2298 5678 unitatem
2327 5640 2348 5689 ;
2379 5621 2471 5677 sed
2502 5622 2578 5676 ita
2613 5619 3227 5688 dicitOmnipotentem,
3279 5611 3539 5684 velutqui

1954 5717 2011 5774 in
2043 5716 2226 5787 seipso
2252 5717 2449 5770 multas
2471 5726 2770 5781 omnesque
2823 5708 3220 5779 complectatur
3278 5705 3535 5768 virtutes,

1957 5793 2054 5867 seu
2080 5811 2244 5876 vires,
2281 5819 2394 5864 tum
2425 5808 2571 5877 ipsas
2598 5805 2740 5864 inter
2767 5810 2968 5872 sedum
2995 5800 3062 5858 ab
3099 5797 3341 5856 essentia
3402 5801 3541 5855 divi-
