4074 6416
348 343 467 410 3'17

1372 359 1468 419 DE
1499 362 1873 425 ESSEN'PIA
1910 367 2008 428 ET
2048 364 2546 431 OPERATIONE

3407 437 3420 444 ..
3503 374 3610 440 378

344 468 478 524 ἄλλο
521 468 630 540 χρὴ
662 471 824 534 νοεῖν,
861 471 990 525 ἄλλο
1033 473 1129 541 μὲν
1165 477 1401 546 πρᾶγμα
1461 479 1562 547 τὴν
1614 483 1907 553 τρισσοφαί

2030 493 2081 537 te
2113 497 2310 540 variat.
2345 486 2459 542 Non
2485 489 2630 544 enim
2685 489 2832 544 aliud
2867 489 3276 562 intelligendum
3301 510 3317 560 ;
3344 490 3417 547 ita
3445 493 3607 547 nimi-

344 562 612 633 Θεότητα,
643 562 774 618 ἄλλο
799 564 854 618 δὲ
889 567 990 634 τὴν
1026 566 1236 621 ἑνιαίαν
1263 569 1659 638 ἐκλάμπουσαν
1679 574 1876 644 αἴγλην
1909 593 1924 609 ο

345 654 475 708 ἄλλο
490 655 550 708 δὲ
570 653 671 724 τὴν
701 655 832 724 μίαν
859 660 1295 726 τρισυπόστατον
1337 660 1504 726 φύσιν
1521 677 1538 693 ⁵
1597 662 1726 718 ἄλλο
1752 666 1808 719 δὲ
1832 668 1924 720 τὸν

345 745 652 815 Γεννὴτορα
684 745 780 800 καὶ
807 746 900 800 τὸν
927 747 1103 816 Λόγον
1146 751 1242 803 καὶ
1267 751 1328 806 1:6
1358 753 1496 808 Πνεῦ
1507 773 1602 824 μα.
1641 757 1766 811 οὐδ’
1793 759 1922 813 ὅταν

342 837 372 887 6
412 836 586 905 μέγας
625 837 887 909 Ἱερόθεος
910 842 969 894 ἒν
1007 843 1121 906 τοῖς
1155 836 1447 914 ἐρωτικοῖς
1481 846 1714 918 ’Υμνοις
1749 850 1919 922 λέγει,

341 928 474 982 Ὅτι
496 929 606 996 μία
627 929 716 996 τίς
737 930 910 985 ἐστιν
928 933 1098 1002 ἀπλῆ
1117 934 1370 1006 δύναμις
1387 941 1421 992 ό
1445 941 1612 1006 Θεὸς,
1635 941 1920 1008 δηλονότι

337 1016 412 1082 ἐξ
443 1018 666 1087 ἑαυτῆς
693 1021 791 1076 καί
843 1024 920 1077 δι’
941 1025 1164 1095 ἑαυτῆς
1201 1029 1302 1082 καὶ
1322 1029 1416 1098 ἐφ’
1437 1030 1661 1100 ἑαυτῆς
1692 1033 1923 1102 ἑαυτὴν

337 1113 800 1179 ἀνακυκλοῦσα,
823 1117 924 1170 καὶ
946 1119 1034 1184 εὶς
1055 1119 1285 1190 ἑαυτὴν
1316 1123 1407 1176 ἀεὶ
1437 1123 1667 1190 ταυτῶς
1689 1125 1922 1180 ἀνελιτ-

338 1206 582 1275 τομένη,
617 1208 761 1262 κατὰ
791 1210 893 1274 τὰς
925 1210 1219 1282 διαφόρους
1250 1213 1458 1278 ταύτας
1486 1216 1794 1285 προθέσεις,
1837 1219 1920 1281 εἰς

337 1299 571 1368 διάφορα
600 1300 693 1354 τὸν
739 1302 870 1354 Θεὸν
901 1304 1442 1376 ἀναγκασθησόμεθα
1494 1308 1758 1377 διαιρεῖνι
1805 1309 1917 1363 οὐδ’

337 1391 466 1444 ὅταν
500 1392 717 1458 λέγεται
749 1393 828 1464 τῷ
855 1393 981 1464 θείῳ
1021 1398 1304 1470 Διονυσίῳ,
1332 1399 1409 1465 ὡς
1452 1400 1559 1473 ἄρα
1587 1405 1621 1457 ὁ
1651 1403 1794 1470 Θεὸς
1848 1405 1919 1470 ἐξ

337 1481 558 1536 ἑαυτοῦ
590 1486 890 1552 πρόεισιν.

411 1667 487 1724 ς’.
517 1662 642 1717 Ὀτι
661 1663 730 1738 τὰ
756 1665 849 1718 ἐπὶ
868 1666 1057 1734 οὐσίας
1081 1671 1176 1724 καὶ
1199 1671 1485 1742 ἐνεργείας
1512 1675 1778 1746 εἰρημένα
1800 1677 1917 1742 τοῖς

334 1753 516 1820 ἀγὲοις
545 1755 659 1808 ’ἐπὶ
713 1757 824 1809 τῶν
871 1763 1214 1830 κτισμάτων,
1271 1763 1461 1838 ὥσπερ
1492 1767 1556 1820 ἂν
1590 1769 1640 1821 εί
1661 1769 1756 1823 ἐπὶ
1777 1770 1916 1824 Θεοῦ

334 1845 544 1912 εἴρητο,
572 1849 666 1901 καὶ
691 1848 834 1903 οὕτω
867 1853 964 1905 καὶ
989 1855 1078 1906 ἐπ’
1109 1856 1274 1910 αὐτοῦ
1313 1859 1557 1928 ἠξίωσαν
1586 1862 1752 1932 ἔχειν.
1787 1860 1914 1918 Οἷον

333 1938 410 2000 ὡς
445 1940 572 1993 ὅταν
603 1943 630 1993 6
659 1941 812 2008 ἅγιος
841 1945 992 2014 λέγει
1016 1949 1319 2017 Διονύσιος,
1354 1952 1549 2007 Οὐδὲν
1577 1953 1698 2011 τῶν
1722 1955 1916 2011 ὄντων

333 2030 468 2083 ἐστὶ
505 2033 770 2102 φυσικῆς
794 2036 1098 2106 ἐνεργείας
1120 2043 1300 2111 χωρίς
1325 2060 1342 2076 ο
1365 2045 1458 2099 καὶ
1485 2048 1660 2112 αὖθις,
1703 2052 1774 2106 Τὸ
1799 2069 1913 2122 μη-

332 2123 548 2189 δεμιάν
565 2124 873 2194 ἐνέργειαν
896 2128 1042 2198 ἔχον
1069 2132 1208 2193 οὔτε
1239 2135 1434 2198 ἐστιν,
1469 2137 1608 2192 οὔτε
1631 2139 1690 2192 τί
1715 2141 1911 2209 ἐστιν,

335 2215 480 2268 οὐδὲ
508 2216 680 2271 ἔστιν
707 2219 864 2287 ὅλως
883 2223 1070 2277 αὑτοῦ
1102 2227 1290 2292 θέσις.
1319 2228 1505 2284 Ταῦτα
1542 2231 1647 2302 γὰρ
1681 2231 1775 2285 ἐπὶ
1801 2233 1912 2288 τῶν

340 2305 502 2357 manu
536 2307 791 2378 εἴρηται·
846 2313 1041 2366 Οὐδὲν
1073 2312 1205 2386 γὰρ,
1257 2319 1413 2389 φησὶ,
1441 2319 1561 2374 τῶν
1592 2321 1803 2382 ὄντων,
1851 2323 1916 2378 '0.

337 2399 394 2452 δὲ
423 2402 548 2466 Θεὸς
587 2403 742 2459 οὐδὲν
773 2406 882 2460 τῶν
910 2407 1082 2462 ὄντων
1113 2411 1283 2479 ἐστὶν,
1309 2407 1420 2470 οὐδ’
1446 2416 1762 2490 δμόστοιχος
1787 2419 1910 2474 οὐδὲ

2029 589 2148 628 rum
2179 584 2235 628 ut
2264 590 2376 630 rem
2405 577 2566 632 aliam
2597 578 2740 642 velit,
2777 580 2933 636 trina:
2953 581 3091 637 lucis
3114 582 3378 638 Deitatem
3401 599 3417 649 ;
3441 583 3602 637 aliam

2028 679 2176 728 vero,
2207 665 2536 736 singularem
2593 668 2938 740 eﬂulgentem
2975 674 3248 740 nitorem;
3290 674 3452 729 aliam
3503 691 3602 729 au-

2027 763 2159 822 tem,
2191 772 2354 812 unam
2389 759 2532 813 triue
2565 762 2954 817 subsistentem
2990 773 3274 833 naturam;
3309 781 3372 818 ac
3395 774 3606 836 postre-

2026 860 2114 900 mo
2139 846 2342 914 aliam,
2399 848 2740 915 Genitorem,
2804 851 3155 924 Verbumque
3215 855 3603 924 et'Spiritum.

2021 932 2133 988 Nec
2170 951 2294 990 cum
2337 953 2560 1007 magnus
2585 939 2912 998 Hierotbens
2946 943 2998 997 in
3038 947 3320 1001 amatoriis
3359 946 3602 1002 Canticis
3634 994 3638 998 .

2022 1025 2192 1080 dicit:
2226 1027 2381 1092 Quod
2415 1017 2552 1084 Deus
2580 1047 2686 1086 una
2740 1035 2984 1102 quoniam
3005 1037 3230 1106 simplex
3282 1041 3448 1092 virtus
3500 1047 3599 1102 est,

2020 1134 2086 1172 ea:
2117 1119 2286 1188 seipsa
2319 1130 2367 1173 et
2394 1134 2494 1189 per
2514 1123 2750 1192 seipsam
2784 1135 2831 1178 et
2861 1127 2914 1180 in
2941 1128 3117 1194 seipsa
3146 1130 3374 1198 seipsam
3427 1131 3598 1184 revol-

2021 1226 2165 1276 vens,
2196 1219 2350 1279 atque
2371 1213 2422 1264 in
2453 1214 2681 1284 seipsam
2704 1233 2900 1284 semper
2920 1220 3098 1275 eodem
3129 1224 3280 1274 modo
3309 1233 3597 1289 revertens,

2016 1300 2172 1370 juxta
2209 1308 2450 1359 diversas
2478 1307 2575 1362 has
2625 1312 3021 1378 propositiones
3077 1331 3298 1370 necesse
3357 1316 3586 1369 habebi—

2021 1408 2138 1446 mus
2177 1393 2343 1450 Deum
2377 1397 2426 1447 in
2451 1396 2666 1453 diversa
2704 1411 2871 1470 atque
2888 1403 3144 1458 distincta
3198 1403 3480 1473 dividere;
3533 1420 3600 1460 ac

2019 1499 2193 1554 neque
2224 1501 2344 1541 cum
2375 1489 2450 1543 ait
2480 1490 2670 1548 beatus
2717 1492 3029 1567 Dionysius,
3093 1497 3257 1552 Deum
3308 1514 3373 1552 ea:
3423 1501 3598 1568 seipso

2017 1577 2315 1644 procedere.

2093 1667 2146 1722 θ.
2189 1668 2378 1735 Sexto,
2405 1675 2549 1745 quod
2591 1689 2654 1728 ea
2687 1691 2808 1746 quae
2839 1677 2982 1733 dicta
3010 1691 3134 1735 sunt
3163 1682 3368 1737 sanctis
3421 1682 3486 1736 de
3513 1698 3600 1738 cs-

1988 1819 1992 1822 ,
2018 1762 2195 1816 scntia
2219 1771 2272 1818 et
2296 1767 2630 1833 operatione,
2670 1769 2721 1824 in
2762 1770 2925 1827 rebus
2973 1773 3197 1840 creatis,
3223 1790 3286 1831 ac
3309 1775 3353 1834 si
3380 1776 3519 1830 dicta
3545 1776 3598 1830 in

2021 1853 2130 1910 Deo
2155 1867 2360 1923 essent,
2392 1859 2471 1913 sic
2498 1869 2554 1916 et
2595 1863 2649 1916 in
2703 1877 2768 1918 eo
2798 1879 2858 1920 se
2896 1866 3098 1922 habere
3156 1867 3468 1923 voluerunt.
3528 1869 3602 1927 Ut

2015 1962 2137 2004 cum
2183 1963 2404 2007 sanctus
2452 1953 2746 2026 Dionysius
2797 1957 2950 2020 dicit,
2986 1957 3138 2014 Nihil
3187 1960 3245 2014 in
3290 1961 3445 2016 rebus
3490 1977 3600 2018 esse

2015 2042 2208 2110 absque
2231 2045 2465 2098 naturali
2499 2049 2837 2114 operatione;
2865 2065 2931 2106 ac
2959 2067 3150 2108 rursus
3181 2069 3196 2107 :
3255 2052 3407 2118 Quod
3465 2055 3592 2108 nut-

2014 2130 2121 2184 lam
2145 2134 2296 2187 habet
2325 2139 2703 2204 operationem,
2729 2155 2894 2208 neque
2920 2150 3018 2208 est,
3056 2157 3221 2213 neque
3259 2145 3465 2212 aliquid
3489 2154 3598 2210 est,

2015 2239 2178 2294 neque
2204 2225 2314 2280 ulla
2341 2243 2558 2297 prorsus
2603 2231 2716 2298 ejus
2763 2232 2980 2298 pasitio,
3036 2249 3129 2287 seu
3170 2234 3464 2304 afﬁrmatio
3493 2246 3598 2293 est.

2015 2314 2143 2371 Haec
2177 2319 2323 2373 enim
2355 2321 2422 2374 de
2450 2321 2612 2382 rebus
2637 2323 2712 2393 (id
2734 2324 2931 2396 est,.iis
2954 2318 3082 2395 quae
3104 2329 3252 2399 sunt)
3271 2329 3414 2382 dicta
3441 2339 3588 2384 sunt.

2014 2409 2166 2466 Nihil
2203 2413 2378 2480 enim,
2408 2413 2608 2485 inquit,
2635 2417 2690 2471 in
2727 2419 2904 2474 rebus.
2930 2418 3070 2475 Deus
3091 2431 3274 2482 autem
3325 2423 3468 2477 nulla
3505 2438 3592 2477 re-

349 2493 836 2564 συναριθμούμενος
897 2499 1080 2564 αὐτοῖς
1128 2503 1302 2572 ἐστιν,
1336 2504 1474 2559 ἀλλᾶ
1509 2509 1647 2578 ὑπὲρ
1675 2512 1744 2562 τὰ
1777 2511 1907 2566 ὄντα

2011 2520 2130 2559 rum
2151 2514 2256 2571 est,
2281 2521 2381 2562 nec
2403 2507 2650 2578 ejusdem
2688 2525 2752 2564 ac
2783 2510 2888 2566 illa:
2915 2513 3146 2568 ordinis.
3180 2526 3276 2574 aut
3306 2515 3398 2585 qui
3431 2519 3594 2572 rebus

353 2581 675 2653 ἀσυγκρίτως
737 2588 1256 2664 ὑπερανῳκημένος.
1319 2597 1428 2650 Καὶ
1477 2599 1506 2650 6
1549 2599 1907 2674 Δαμασκὸθεν

2012 2608 2466 2666 connumeretur,
2493 2601 2588 2656 sed
2621 2617 2788 2675 supra
2820 2619 2932 2668 res,
2959 2619 3023 2660 ac
3046 2621 3107 2660 ea
3138 2621 3260 2676 qua:
3311 2616 3457 2671 sunt,
3513 2608 3595 2662 iu-

366 2673 592 2746 Ἰωάννης
619 2677 818 2733 οὑτωσὶ
856 2680 1026 2750 λέγει,
1052 2685 1245 2740 Ἀλλο
1283 2686 1574 2758 ἐνέργεια,
1607 2671 1706 2744 καί
1752 2691 1907 2748 ἄλλο

2010 2690 2449 2758 comparabiliter
2467 2671 2738 2750 eminens.
2771 2695 2906 2756 Cum
2959 2695 3087 2751 item
3129 2696 3370 2754 Joannes
3399 2699 3598 2755 Dama-

340 2765 732 2835 ἐνεργητικέν,
766 2773 865 2827 καί
898 2774 1054 2830 ἄλλο
1080 2777 1401 2850 ἐνέργημα,
1428 2782 1524 2836 καὶ
1558 2783 1716 2840 ἄλλο
1744 2785 1907 2854 ἐνερ-

2018 2795 2218 2838 sceuus
2251 2783 2332 2838 sic
2363 2785 2439 2838 ait
2474 2785 2684 2858 :Mliud
2705 2798 2780 2843 est
2807 2789 3077 2856 operatio,
3095 2789 3344 2860 aliudque
3402 2808 3596 2861 opera-

334 2858 501 2926 τοῦν,
551 2860 852 2933 Ἕτιέργεια
898 2873 1018 2936 μέν
1042 2869 1080 2936 ἡ
1130 2869 1424 2941 δραστικὴ
1465 2875 1562 2928 καί
1603 2875 1907 2945 οὐσιώδης

2011 2875 2173 2928 tivum
2203 2873 2284 2944 (ut
2311 2876 2395 2930 sic
2424 2875 2646 2947 dicam),
2679 2887 2834 2949 atque
2863 2879 3014 2933 aliud
3048 2898 3200 2949 opus,
3237 2858 3286 2935 et
3309 2858 3458 2935 aliud
3477 2900 3597 2950 ope-

330 2949 440 3017 τῆς
461 2953 696 3020 φύσεως
725 2957 970 3026 κίνησις
990 2974 1004 2990 ·
1029 2961 1414 3031 ἐνεργητικὸν
1437 2965 1505 3019 δὲ
1531 2968 1569 3035 ἡ
1599 2970 1808 3038 φύσις,
1838 2971 1907 3036 ἐξ

2011 2981 2159 3021 rans.
2194 2966 2290 3021 Est
2313 2968 2450 3022 enim
2479 2971 2739 3038 operatio,
2767 2971 2962 3039 efﬁcax
2988 2989 3055 3027 ac.
3097 2975 3470 3029 substantialis
3495 2991 3596 3028 na-

327 3037 404 3111 ἧς
433 3045 470 3110 ἡ
495 3045 763 3114 ἐνέργεια
784 3051 1064 3118 πρόεισιν
1084 3070 1098 3084 ο
1126 3055 1426 3128 ἐνέργημα
1443 3059 1513 3114 δὲ
1535 3037 1728 3130 τὸτῆς
1747 3063 1910 3131 ἐνερ-

325 3137 492 3204 γείας
519 3137 938 3212 ἀποτέλεσμαο
973 3146 1234 3216 ἐνεργῶν
1255 3149 1324 3203 δὲ
1356 3153 1390 3205 ό
1420 3155 1789 3224 κεχρημένος
1824 3157 1902 3227 τῇ

2013 3151 2152 3205 ratio
2177 3153 2449 3221 procedit;
2485 3168 2614 3222 opus
2645 3170 2796 3221 vero,
2820 3157 3142 3225 operationis
3178 3159 3394 3228 eﬁ‘ectus
3420 3177 3439 3225 ,'
3469 3177 3598 3227 open

322 3229 611 3299 ἐνεργείᾳ,
643 3233 847 3289 εἵτουν
872 3238 911 3306 ἡ
955 3240 1320 3310 ὑπόστασις,
1351 3245 1500 3298 αὐτὸ
1525 3246 1592 3300 τὸ
1620 3249 1900 3319 ὑφεστὼς

2009 3260 2130 3298 rans
2158 3246 2402 3316 denique,
2429 3247 2522 3316 qui
2547 3247 2713 3302 alitur
2739 3251 3075 3317 operatione;
3100 3251 3153 3306 id
3175 3261 3252 3306 est
3281 3291 3298 3318 ,
3333 3254 3590 3324 hyposta-

323 3324 671 3392 πρόσωπον.
731 3328 841 3382 Καὶ
870 3329 1030 3385 τοῦτο
1081 3335 1192 3404 γὰρ
1224 3336 1361 3406 πρὸς
1401 3337 1468 3392 τὰ
1500 3339 1629 3394 ὅντα
1679 3342 1708 3394 6
1735 3343 1900 3412 αὐτὸς

2009 3337 2107 3400 sis,
2156 3339 2270 3405 ipsa
2311 3338 2512 3393 scilicet
2569 3341 2858 3396 subsistens
2893 3360 3136 3411 persona.
3195 3345 3327 3406 Nam
3379 3356 3433 3400 et
3469 3347 3587 3416 ipse

2013 3067 2151 3114 turre
2182 3067 2392 3124 motus;
2423 3062 2749 3129 Operativum
2790 3073 2986 3128 autem,
3015 3075 3230 3130 natura,
3261 3081 3326 3120 ea:
3350 3083 3452 3133 qua
3476 3084 3596 3133 ape-
3693 3120 3700 3127 ,

322 3417 996 3492 ἀποϐλέπωνδιωρίσατο.
1051 3427 1176 3480 Ὅτι
1214 3429 1322 3500 γὰρ
1358 3431 1418 3483 οὐ
1470 3433 1600 3503 περὶ
1623 3435 1724 3504 τῆς
1749 3438 1900 3507 ἐνερ-

321 3514 476 3575 γείας
508 3512 630 3565 καθ’
659 3514 726 3585 ἦν
755 3516 904 3570 ἐστιν
930 3518 1279 3590 ἐνεργητικὸς
1306 3525 1334 3576 6
1360 3523 1496 3588 Θεὸς
1524 3526 1701 3582 ταῦτα
1721 3528 1900 3582 διαλέ-

320 3619 499 3670 γεται,
546 3607 675 3676 περὶ
730 3607 786 3672 δὲ
815 3609 924 3682 τῶν
956 3613 1069 3674 τοῖς
1121 3613 1419 3682 κτίσμασιν
1471 3616 1906 3690 ἀριθμουμένων,

317 3700 559 3751 ποιεῖται
619 3700 707 3751 τὸν
759 3701 936 3770 λόγον,
970 3705 1192 3772 πρῶτον
1217 3706 1318 3775 μὲν
1364 3707 1526 3778 δῆλον
1559 3711 1668 3764 ἀπὸ
1695 3714 1796 3766 τοῦ.
1823 3715 1910 3786 μὴ.

315 3792 637 3862 προσθεῖναι
655 3792 746 3846 τὸν
763 3794 920 3860 ᾆγιον
941 3796 1113 3849 ταῦτα
1130 3795 1358 3865 λέγοντα
1390 3801 1472 3854 ὅτι
1495 3801 1585 3856 ἐπὶ
1611 3803 1746 3857 Θεοῦ
1769 3804 1908 3861 ἄλλο.

315 3884 594 3952 ἐνέργεια,
619 3887 712 3938 καὶ
756 3886 885 3940 ἄλλο
913 3888 1290 3959 ἐνεργητικὸν,
1327 3893 1423 3948 καὶ
1452 3894 1522 3948 τὰ
1568 3895 1721 3965 ἑξῆς,
1751 3897 1784 3967 ἢ
1814 3899 1904 3960 ὅτι

315 3976 412 4028 ἐπὶ
441 3974 576 4028 Θεοῦ
607 3977 760 4030 τοῦτο
792 3978 954 4046 λέγω,
985 3980 1101 4033 ἀλλ’
1123 3982 1314 4044 ἁπλῶς
1334 3984 1556 4052 οὑτωσὶ,
1585 3985 1778 4040 ἔπειτα
1801 3989 1897 4042 καὶ

314 4070 429 4123 ἀπὸ
461 4068 554 4122 τοῦ
601 4070 903 4142 κεχρῆσθαι
938 4075 1002 4143 τῇ
1040 4073 1238 4128 ἑαυτοῦ
1292 4077 1546 4148 ἐνεργείᾳ
1598 4078 1690 4132 τὸν
1738 4080 1894 4150 ἐνερε-

314 4161 521 4230 γοῦντα
571 4163 744 4219 εἰπεῖν
769 4177 783 4193 ⁸
854 4165 882 4217 6
913 4163 1024 4235 γὰρ
1075 4165 1210 4230 Θεὸς
1260 4167 1319 4220 οὐ
1351 4168 1553 4238 χρῆταί
1581 4187 1689 4224 τινι
1719 4172 1800 4235 εἰς
1834 4172 1899 4226 τὸ

314 4255 669 4324 δημιουργεῖν
695 4254 752 4322 ἐξ
782 4255 882 4309 οὐκ
903 4256 1134 4328 ὄντος,ςῆ
1166 4261 1339 4312 ποιεῖν
1365 4260 1572 4326 ἁπλῶς,
1601 4261 1792 4333 ὥσπερ
1828 4263 1896 4319 ἂν

321 4342 372 4392 εἰ
404 4342 473 4410 μὴ
511 4341 672 4405 αὐτὸς
705 4343 882 4415 ἑαυτῷ
912 4345 1096 4416 ἤρκει.
1131 4347 1206 4404 Τὸ
1235 4349 1345 4422 γὰρ
1375 4350 1467 4405 τὸν
1495 4350 1627 4407 Θεὸν
1648 4355 1743 4407 καὶ
1777 4357 1895 4409 Πα-

2009 3430 2076 3482 ad
2129 3445 2193 3484 ea
2246 3444 2370 3499 qua:
2424 3437 2573 3496 sunt,
2603 3447 2700 3486 seu
2729 3433 2796 3487 ad
2845 3450 2934 3496 res
2976 3437 3292 3504 attendens,
3353 3441 3456 3492 hoc
3511 3439 3582 3492 ita

2005 3519 2278 3574 distinxit.
2302 3520 2458 3588 Quod
2490 3523 2638 3577 enim
2669 3540 2772 3580 non
2793 3526 2908 3580 haec
2931 3527 3185 3598 loquatur
3207 3530 3274 3584 de
3306 3532 3585 3599 operatio.

2005 3625 2097 3671 ne.
2139 3626 2245 3681 qua
2283 3615 2423 3668 Deus
2460 3615 2510 3670 vi
2541 3616 2734 3687 agendi
2769 3619 3032 3692 praeditus
3066 3628 3170 3688 est,
3222 3620 3324 3678 sed.
3351 3623 3418 3675 dc
3483 3622 3589 3675 illis

2003 3716 2309 3756 sermonem
2342 3703 2564 3770 habeat,
2593 3695 2716 3776 quae
2757 3708 2959 3764 creatis
3000 3709 3451 3775 adnumerantur,
3475 3713 3587 3782 pri-

2007 3807 2153 3846 mum
2189 3795 2355 3863 liquet
2408 3811 2474 3851 ex
2499 3811 2566 3852 eo
2588 3798 2734 3866 quod
2768 3807 2994 3854 sanctus
3025 3799 3147 3855 haec
3184 3799 3448 3870 loquens,
3477 3818 3582 3856 non

2004 3885 2272 3942 addiderit
2301 3907 2314 3943 :
2344 3886 2402 3942 ln
2435 3887 2544 3944 Deo
2579 3890 2730 3946 aliud
2758 3899 2844 3947 est
2868 3894 3148 3962 operatio,
3171 3893 3320 3948 aliud
3364 3895 3505 3964 quod
3534 3896 3584 3948 vi

2001 3981 2193 4048 agendi
2246 3980 2533 4048 praeditum
2572 3992 2676 4049 est,
2717 3994 2780 4044 et
2818 3999 2941 4055 quae
2996 3995 3360 4056 sequuntur“
3393 3988 3481 4042 vel
3529 3990 3589 4044 in

2003 4072 2116 4127 Deo
2149 4086 2208 4128 se
2241 4075 2344 4129 hoc
2378 4073 2557 4132 dicere
2587 4089 2604 4136 :
2646 4075 2740 4132 sed
2776 4075 2856 4132 sic
2882 4076 3234 4153 simpliciter.
3266 4077 3469 4134 Deinde
3517 4095 3587 4134 ex

2001 4178 2068 4219 eo
2108 4166 2250 4235 quod
2282 4166 2423 4221 dixit
2463 4179 2781 4238 operantem
2811 4169 2890 4225 uti
2915 4185 3014 4224 sua
3051 4170 3391 4242 operatione.
3448 4171 3590 4228 Deus

2003 4255 2150 4310 enim
2176 4272 2279 4310 non
2303 4257 2474 4312 utitur
2499 4257 2706 4328 aliquo,
2736 4259 2788 4313 in
2810 4265 2876 4314 eo
2907 4261 3051 4336 quod
3085 4262 3362 4317 conditex
3417 4262 3592 4317 nihilo

2002 4349 2083 4412 vel
2114 4351 2255 4421 quod
2283 4351 2508 4414 omnino
2533 4352 2661 4410 facit
2691 4351 2778 4410 vel
2799 4365 2970 4417 creat,
3023 4369 3098 4410 ac.
3133 4356 3178 4409 si
3208 4359 3322 4424 ipse
3349 4371 3455 4410 non
3483 4356 3592 4411 sibi

324 4431 452 4500 τέρα
469 4433 556 4487 διὰ
580 4435 672 4487 τοῦ
707 4435 840 4488 ἰδίου
871 4438 1004 4491 Υἱοῦ
1044 4439 1402 4512 δημιουργεῖν
1450 4442 1605 4497 οὐδὲν
1629 4445 1709 4516 τῷ
1753 4446 1898 4521 λόγῳ

2009 4441 2298 4499 sutliccret.
2329 4441 2464 4499 Nam
2490 4445 2635 4514 quod
2663 4445 2807 4500 Deus
2836 4454 2890 4499 et
2913 4444 3071 4501 Pater
3091 4461 3189 4512 per.
3207 4445 3400 4501 Filium
3428 4463 3584 4501 suum

323 4523 674 4592 λυμαίνεται’
713 4531 796 4583 Οὐ
847 4531 958 4598 γὰρ
1013 4533 1095 4599 ὡς
1150 4533 1228 4587 δι’
1267 4535 1534 4604 ὀργάνου
1643 4539 1920 4607 δούλου,

319 4615 460 4670 ἀλλ’
496 4617 576 4682 ὠς
603 4620 875 4687 φυσικῆς
908 4622 1008 4676 καί
1046 4623 1474 4681 ἐνυποστάτου
1501 4627 1834 4700 δυνάμεως,
1870 4637 1899 4687 6

318 4708 482 4771 αὐτὸς
515 4709 671 4778 ἅγιός
716 4729 889 4784 φησι’
944 4715 1041 4770 καὶ
1073 4715 1188 4770 ἴσον
1239 4717 1362 4773 ἐστὶ
1403 4719 1586 4789 λέγειν
1637 4725 1802 4778 αὑτὸν
1829 4724 1900 4780 δι’

316 4799 510 4854 ἑαυτοῦ
542 4802 895 4875 δημιουργεῖν
931 4824 992 4860 τε
1045 4808 1140 4862 καὶ
1195 4813 1391 4866 ποιεῖν.
1445 4812 1507 4867 '0
1547 4815 1657 4884 γὰρ
1694 4817 1899 4886 Πατήρ

311 4909 435 4960 μου
483 4892 593 4960 ἕως
617 4894 750 4965 ἄρτι
776 4897 1097 4966 ἐργάζεται,
1129 4903 1294 4973 κάγὼ
1348 4905 1684 4978 ἐργάζομαι,
1737 4909 1896 4979 φησί.

317 4983 436 5036 Μία
466 4986 572 5056 γὰρ
601 4988 760 5043 οὐσία
779 4992 808 5043 6
831 4992 1024 5063 Πατὴρ
1053 4994 1148 5048 καὶ
1181 4996 1208 5048 6
1226 4997 1376 5062 Υἱὸς,
1399 4999 1494 5052 καὶ
1519 4999 1620 5068 μία
1642 4999 1897 5072 δύναμις,

317 5079 414 5131 καὶ
443 5077 498 5130 ἓν
530 5082 794 5152 πρᾶγμασ
847 5084 984 5158 ὅπερ
1014 5088 1108 5140 ἐπὶ
1165 5092 1266 5162 τῆς
1325 5091 1611 5163 ἐνεργείας
1647 5095 1746 5148 καὶ
1797 5095 1898 5162 τῆς

315 5167 500 5229 οὐσίας
531 5171 590 5222 οὐ
626 5173 791 5240 φασιν
813 5175 990 5229 αὐτοί.
1015 5177 1402 5251 Φανερὼτερον
1434 5181 1491 5234 δὲ
1516 5181 1611 5235 καὶ
1637 5183 1746 5236 ἀπὸ
1800 5183 1898 5238 τοῦ

317 5257 533 5328 κίνησιν
587 5261 792 5334 ταύτην
823 5265 922 5336 τὴν
964 5267 1251 5338 ἐνέργειαν
1290 5272 1487 5325 εἰπεῖν.
1541 5272 1631 5326 Ἐν
1666 5275 1778 5342 γὰρ
1818 5274 1899 5345 τῷ

195 5392 211 5402 .
317 5347 436 5420 Θεῷ
469 5353 682 5422 κίνησιν
715 5356 775 5409 οὑ
808 5359 1010 5428 φαμέν.
1057 5361 1124 5415 Ἦ
1151 5364 1258 5433 γὰρ
1289 5366 1505 5436 κίνησις
1530 5367 1656 5421 καθ’
1692 5370 1898 5440 ἑαυτὴν

313 5439 540 5512 ἀτελήςο
569 5441 665 5498 τοῦ
699 5446 806 5518 γὰρ
833 5424 1023 5516 τέλους
1068 5424 1240 5507 Eva-xci
1281 5424 1530 5525 yivezcai'
1573 5461 1600 5512 6
1642 5459 1700 5514 δὲ
1739 5424 1902 5525 Θεὸς,

313 5532 464 5598 τέλος
495 5533 573 5588 ὢν
605 5536 666 5590 τὸ
706 5540 929 5596 πάντων
953 5543 1340 5614 τελικώτατον,
1383 5547 1502 5602 ἔστι
1536 5551 1636 5622 μὲν
1663 5553 1778 5615 τοῖς
1799 5551 1894 5606 ἄλ-

317 5623 428 5691 λοις
453 5629 630 5696 αἴτιος
661 5634 949 5705 κινήσεως,
977 5637 1140 5704 αὐτὸς
1162 5640 1217 5694 δὲ
1254 5642 1537 5714 ἀκίνητος.
1577 5645 1669 5700 Διὸ
1697 5647 1791 5700 καὶ
1827 5647 1890 5700 ὲν

387 5806 431 5838 ³³
463 5803 624 5862 Joan.
652 5821 707 5874 v,
738 5807 824 5865 17.

2001 4535 2437 4605 operetur,_uihil
2466 4537 2726 4596 doctrina:
2758 4534 2944 4591 allicit.
3002 4535 3124 4591 Non
3154 4539 3294 4592 enim
3327 4547 3583 4608 tanquam

1998 4643 2092 4698 per
2112 4628 2523 4682 instrumentum
2555 4638 2648 4682 aut
2672 4645 2900 4694 servant,
2926 4629 3020 4682 sed
3049 4639 3304 4698 tanquam
3346 4644 3444 4698 pet:
3483 4645 3589 4682 na-

1999 4717 2229 4772 turalem
2249 4719 2519 4783 virtutem,
2544 4719 2621 4774 ait
2646 4721 2787 4775 idem
2838 4731 3062 4775 sanctus
3088 4762 3104 4786 ,
3135 4722 3383 4790 idemque
3412 4730 3496 4776 est
3525 4738 3602 4782 ae,

1999 4807 2044 4862 si
2075 4808 2260 4872 dicas,
2287 4823 2410 4862 etim
2443 4823 2539 4878 per
2570 4809 2811 4878 seipsum
2846 4810 3108 4876 condere,
3127 4824 3220 4865 seu
3292 4809 3476 4868 facere
3535 4821 3590 4866 et

2000 4915 2209 4956 creare.
2237 4899 2326 4954 Ait
2362 4901 2509 4955 enim
2545 4900 2744 4956 :Pater
2760 4917 2905 4956 meus
2940 4917 3105 4972 usque
3139 4903 3294 4956 modo
3313 4913 3591 4972 operatur,

2004 5003 2052 5046 et
2088 5009 2180 5063 ego
2203 5010 2391 5062 operor
2419 4994 2482 5046 ”.
2509 4992 2630 5050 Una
2667 4993 2814 5050 enim
2855 4996 3157 5050 substantia
3187 5004 3271 5050 est
3337 4993 3504 5052 Pater
3531 5006 3588 5052 et

2005 5084 2197 5153 Filius,
2222 5103 2438 5157 unaque
2461 5088 2636 5143 virtus
2665 5099 2722 5142 et
2753 5104 2860 5144 una
2894 5105 3018 5154 res;
3054 5091 3200 5158 quod
3231 5090 3308 5144 illi
3337 5090 3404 5146 de
3464 5105 3592 5160 0pc-

2007 5179 2220 5240 ratioue
2240 5189 2294 5234 et
2321 5181 2559 5235 essentia
2587 5197 2693 5235 non
2716 5180 2926 5238 dicunt.
2956 5181 3127 5254 Magis
3180 5193 3371 5241 autem
3424 5185 3588 5238 etiam

2007 5286 2070 5324 ex
2097 5286 2166 5326 eo
2198 5271 2390 5340 liquet,
2419 5273 2563 5342 quod
2597 5275 2737 5328 hanc
2750 5275 3126 5344 operationem
3149 5287 3353 5331 motum
3373 5285 3587 5331 vocant.

2005 5361 2139 5417 Nam
2171 5366 2224 5418 in
2253 5363 2364 5421 Deo
2383 5380 2492 5420 non
2543 5365 2783 5422 dicimus
2854 5377 3084 5424 motum.
3147 5367 3358 5423 Etenim
3406 5376 3590 5421 motus

2005 5457 2304 5511 secundum
2329 5472 2388 5513 se
2412 5457 2761 5529 imperfectus
2793 5467 2912 5528 est;
2949 5461 3009 5516 lit
3034 5463 3178 5516 enim
3207 5459 3438 5524 alicujus
3465 5455 3588 5510 linis

2002 5548 2203 5620 gratia.
2241 5548 2384 5606 Deus
2420 5561 2624 5618 autem,
2652 5568 2775 5608 cum
2803 5552 2875 5608 sit
2901 5553 3152 5608 omnium
3174 5549 3299 5604 linis
3332 5543 3587 5600 liualissi-

2002 5657 2122 5699 mus
2146 5641 2226 5712 (ut
2253 5643 2333 5700 sic
2357 5642 2596 5715 loquar),
2638 5645 2759 5702 aliis
2787 5644 3004 5716 quidem
3048 5651 3240 5697 auctor
3271 5651 3356 5698 cst
3385 5649 3442 5694 ut
3470 5650 3584 5695 mo-
