4074 6440
509 323 614 387 πο

1767 304 2167 388 MANUELIS
2211 329 2515 391 cuneus
2923 399 2926 402 ,
3627 331 3715 393 uo

510 452 773 507 vcantttr;
808 441 923 511 ipse
942 455 1098 506 vero,
1130 439 1422 495 immobilis
1451 447 1555 495 est.
1581 438 1732 495 Unde
1756 441 1920 495 etiam
1953 455 2076 510 cap.

2190 440 2226 494 θ’
2255 441 2347 494 τοῦ
2372 445 2510 512 Περὶ
2540 444 2715 499 θείων
2737 442 3045 512 ὀνομάτων·
3068 441 3232 512 φησὶν
3255 442 3280 494 ὁ
3301 440 3436 504 θεῖος
3455 443 3713 508 Διονύσιος*

512 533 546 585 9
577 533 696 587 libri
733 532 803 586 De
825 533 1012 586 divinis
1031 533 1352 596 nominibus,
1374 533 1447 586 ait
1474 531 1534 586 D.
1572 530 1862 602 Dionysius
1895 552 1908 588 :
1940 533 2082 599 Quid

513 639 631 676 vero
667 624 823 676 etiam
854 639 968 676 cum
1005 639 1190 678 rursus
1221 625 1368 677 aiunt
1397 623 1624 692 theologi
1664 626 1946 692 procedere
1998 632 2084 677 at-

515 729 613 780 que
640 715 833 766 moveri
889 729 1031 777 eum,
1060 714 1152 780 qui
1182 714 1470 768 immobilis
1502 722 1578 767 est
1606 713 1710 768 ?Si
1742 713 1886 768 enim
1919 713 2083 767 esLin

513 802 609 856 illo
631 803 962 870 Operationis
995 811 1196 868 motus,
1235 805 1340 859 erit
1372 806 1682 882 communis
1711 804 1884 858 forma
1937 805 2080 873 pati-

512 893 634 946 bilis
667 895 880 948 virtutis
917 907 1120 961 rerum,
1157 905 1212 949 et
1237 895 1477 950 factricis
1529 895 1648 965 ejus
1674 894 1919 950 virtutis.
1972 893 2086 950 Mo-

514 995 599 1038 tus
627 987 769 1038 enim
819 993 971 1040 actus
1011 995 1094 1041 est
1122 996 1176 1040 et
1193 986 1457 1056 perfectio
1493 1001 1554 1040 ac
1608 987 1784 1042 forma
1801 989 2083 1058 utriusque

511 1077 728 1129 virtutis
764 1091 858 1131 seu
884 1078 1158 1145 potentiae,
1188 1087 1458 1148 quatenus
1488 1079 1730 1147 polentia
1759 1089 1878 1146 est;
1939 1080 2082 1134 velut

510 1167 796 1221 :cdilicatio
841 1168 958 1238 ejus
989 1169 1132 1238 quod
1162 1168 1417 1223 aedificari
1464 1170 1649 1237 habet,
1671 1179 1724 1225 et
1759 1170 1902 1241 quod
1973 1172 2078 1225 vim

511 1257 1030 1317 hubetaaditicandi.
1098 1259 1252 1314 Nulla
1283 1270 1460 1316 autem
1513 1261 1606 1317 Dei
1653 1276 1717 1318 ac
1763 1277 1943 1318 rerum
1997 1272 2080 1318 est

509 1359 682 1399 comm
692 1349 812 1402 nnis
850 1348 1046 1403 forma.

581 1434 845 1502 Septimo,
885 1438 1025 1506 quod
1057 1440 1120 1493 de
1158 1441 1270 1508 ipsa
1298 1443 1517 1510 quidem
1580 1445 1913 1512 operatione,
1969 1459 2077 1516 qua

2188 536 2249 587 Τί
2294 533 2363 586 δὲ
2413 534 2510 588 καὶ
2539 534 2686 587 ὅταν
2735 530 2909 596 αὖθις
2935 535 2989 588 οἱ
3021 534 3289 600 θεολόγοι
3339 534 3608 598 προϊόντα
3635 533 3716 586 καί

2192 625 2554 694 κινούμενον
2582 627 2733 696 φασί
2768 626 2876 680 τὸν
2905 626 3232 692 dictv-near;
3254 623 3315 676 Ei
3351 623 3455 693 γὰρ
3483 623 3617 676 ἐστιν
3646 623 3719 676 ἐπ’

2183 717 2395 770 ἐκείνου
2423 719 2455 785 ή
2491 717 2770 789 ἐνεργείας
2800 718 3040 788 κίνησις,
3092 716 3248 770 ἔσται
3287 715 3459 768 κοινὸν
3487 711 3613 777 εἶδος
3638 715 3722 781 τῆς

2184 808 2495 880 παθητικῆς
2520 809 2806 878 δυνάμεως
2833 809 2942 862 τῶν
2985 809 3176 870 ὄντων,
3218 806 3430 874 καὶτῆς
3462 803 3722 870 ποιητικῆς

2185 901 2471 971 δυνάμεως
2498 902 2684 957 αὐτοῦ.
2726 901 2792 955 Ἠ
2825 902 2934 972 γὰρ
2963 898 3181 969 κίνησίς
3209 902 3354 952 ἐστιν
3381 898 3414 966 ἡ
3449 894 3725 962 ἐντελέχεια

2186 994 2282 1047 καὶ
2321 993 2384 1048 τὸ
2438 991 2579 1057 εἶδος
2635 994 2906 1066 ἑκατέρας
2956 993 3262 1063 δυνάμεως,
3289 989 3411 1048 καθ’
3437 989 3464 1041 ὃ
3491 987 3721 1055 δύναμις·

2181 1084 2370 1156 ὥσπερ
2396 1087 2426 1156 ἡ
2453 1086 2804 1154 οἰκοδόμησις
2837 1083 2932 1139 τοῦ
2973 1073 3033 1136 τε
3073 1080 3428 1152 οἰκοδομητοῦ
3479 1079 3568 1133 καὶ
3596 1078 3722 1130 οἰκο-

2179 1175 2499 1248 δομητικοῦ.
2538 1177 2708 1232 Οὸδέν
2741 1177 2798 1230 δὲ
2835 1171 2974 1240 εἶδος
3007 1176 3101 1230 τοῦ
3137 1175 3273 1230 Θεοῦ
3301 1174 3395 1228 καὶ
3425 1172 3526 1242 τῶν
3554 1172 3723 1224 ὄντων.

2253 1433 2318 1500 ζ’.
2359 1436 2483 1490 Ὀτι
2523 1436 2592 1490 τὰ
2627 1440 2757 1508 περὶ
2813 1439 2985 1509 αὐτῆς
3043 1439 3142 1508 μέν
3170 1437 3271 1508 τῆς
3303 1437 3593 1508 ἐνεργείας,
3622 1433 3710 1488 καθ

513 1525 660 1578 Deus
691 1528 880 1595 agendi
917 1530 962 1582 vi
990 1531 1256 1597 praeditus
1320 1542 1425 1597 est,
1492 1536 1818 1606 quandoque
1875 1539 2080 1592 sanctis

2190 1528 2299 1597 ἡνὸ
2350 1529 2482 1592 Θεὸς
2538 1530 2891 1600 ἐνεργητικὸς
2943 1532 3114 1595 ἐστιν,
3177 1529 3394 1599 ἐνιαχοῦ
3442 1531 3547 1591 τοῖς
3577 1527 3726 1591 ἁγίοις

515 1617 694 1681 dicta;
725 1619 790 1672 ad
823 1619 1043 1688 haecque
1070 1623 1136 1675 de
1167 1624 1275 1676 vita
1326 1633 1380 1678 et
1423 1624 1690 1694 sapientia
1736 1633 1789 1680 et
1841 1628 2077 1693 potentia

515 1724 610 1761 seu
640 1709 837 1764 virtute
873 1719 926 1764 ct
953 1713 1216 1780 bonitate,
1244 1731 1458 1786 nempe,
1488 1719 1727 1786 potentia
1775 1734 1868 1775 seu
1903 1721 2078 1774 virtus

2181 1621 2448 1691 εἰρημένα
2467 1638 2482 1653 ο
2510 1621 2592 1674 ἔτι
2636 1623 2692 1674 δὲ
2721 1622 2849 1693 περὶ
2878 1624 2975 1692 τῆς
3003 1621 3150 1690 ζωῆς
3181 1621 3275 1675 καὶ
3310 1619 3496 1688 σοφίας
3543 1618 3631 1672 καὶ
3651 1617 3727 1670 δυ-

2180 1712 2397 1781 νάμεως
2420 1714 2513 1765 καὶ
2544 1712 2901 1782 ἁγαθότητος,
2939 1713 2973 1782 ἡ
3003 1710 3234 1781 δύναμις
3273 1713 3367 1766 καὶ
3399 1711 3509 1780 ζωὴ
3532 1710 3618 1764 καὶ
3647 1726 3726 1761 σοι

512 1808 568 1852 et
598 1800 708 1853 vita
735 1810 790 1855 et
820 1803 1083 1872 sapientia
1125 1817 1176 1861 et
1213 1807 1463 1874 bonitas;
1489 1810 1618 1875 quin
1656 1810 1784 1875 imo,
1834 1811 1947 1878 ipsa
1983 1827 2080 1881 per

2190 1804 2284 1873 φία
2307 1805 2399 1857 καὶ
2428 1804 2727 1874 ἁγαθότης,
2761 1804 2961 1873 μᾶλλον
2978 1805 3035 1856 δέ
3065 1803 3364 1873 αὑτοσοφία
3389 1805 3480 1858 καὶ
3506 1801 3728 1869 αὑτοζωὴ

515 1905 575 1943 se
606 1894 892 1959 sapientia,
920 1896 1031 1965 ipsa
1057 1897 1187 1962 vita,
1210 1898 1437 1968 ipsaque
1471 1902 1712 1969 polentia
1741 1916 1838 1956 seu
1867 1904 2078 1970 virtus;

513 1993 635 2049 quae
657 1982 903 2037 videlicet
943 2000 1039 2054 pro
1067 1985 1314 2043 humanae
1345 1989 1632 2044 locutionis
1667 1992 1849 2055 modo,
1883 1993 2080 2047 huma-

515 2072 639 2126 nius
659 2073 738 2143 (ut
763 2076 833 2128 ita
858 2077 1056 2146 dicam)
1077 2079 1421 2149 crassiusque
1445 2082 1638 2136 tradita
1660 2093 1943 2147 sunt,cum
1975 2098 2078 2138 non

514 2166 787 2232 contingat
817 2166 973 2220 aliter
1000 2182 1140 2233 eam,
1175 2181 1336 2238 quam
1381 2184 1478 2238 pro
1511 2186 1577 2225 eo
1597 2188 1661 2225 ac
1696 2173 1766 2226 illi
1801 2189 2082 2243 compara-

517 2262 626 2307 tum
652 2264 754 2322 est,
789 2269 1083 2326 conceptus
1115 2270 1275 2329 atque
1299 2263 1514 2316 nomina
1555 2262 1798 2332 proferre
1825 2306 1838 2329 ,
1891 2266 1979 2319 sic-
2025 2275 2084 2320 ut

515 2345 656 2399 dicta
683 2355 831 2413 sunt,
868 2351 1032 2404 etiam
1064 2353 1116 2405 in
1154 2353 1260 2408 Deo
1292 2368 1350 2408 se
1374 2356 1590 2424 proprie
1645 2355 1845 2411 habere
1903 2359 2084 2412 credi-

515 2437 732 2493 derunt.
764 2439 856 2506 Ut,
889 2443 1038 2497 verbi
1074 2446 1272 2514 gratia,
1306 2447 1426 2514 quia
1465 2447 1667 2501 dicitur
1714 2448 1880 2502 Deum
1919 2451 2085 2504 hahe-

516 2545 576 2584 re
603 2533 792 2598 vitam,
817 2530 918 2589 'ant
950 2536 1207 2592 virtutem
1245 2548 1337 2593 aut
1386 2541 1710 2609 sapientiam
1745 2551 1839 2595 aut
1894 2557 2086 2612 opera-

511 2624 748 2692 tionem;
787 2635 840 2680 ct
872 2645 887 2680 :
925 2626 1073 2681 Sicut
1123 2629 1286 2704 Pater
1316 2631 1467 2685 habet
1510 2633 1668 2686 vitam
1705 2635 1760 2687 in
1781 2639 2076 2704 semetipso,

509 2718 587 2771 sic
609 2718 754 2772 dedit
781 2726 829 2771 et
856 2717 999 2774 Filio
1017 2723 1176 2775 vitam
1208 2703 1397 2776 habere
1419 2726 1472 2778 in
1496 2727 1769 2796 semetipso
1799 2727 1864 2792 ’°,
1890 2737 1942 2782 et
1966 2703 2086 2798 qum

510 2819 636 2865 sunt
667 2812 960 2879 ejusmodi;
990 2828 1053 2866 ex
1080 2814 1163 2868 his
1194 2813 1294 2882 illi,
1316 2814 1458 2870 aliud
1481 2817 1698 2886 quidem
1731 2817 1872 2888 quod
1901 2818 2082 2882 habet,

510 2906 654 2959 aliud
709 2907 759 2960 id
808 2908 948 2976 quod
1000 2909 1246 2975 habetur,
1279 2925 1398 2965 esse
1421 2921 1746 2978 Statuerunt,
1773 2923 2082 2968 sanctorum

511 2998 578 3051 de
620 2998 703 3052 his
736 3000 1156 3068 expositionibus
1191 3003 1428 3058 animum
1473 3005 1691 3061 minime
1726 3007 2081 3074 attendentes,

516 3099 612 3144 aut
643 3107 774 3146 vero
803 3095 1080 3149 attendere
1111 3096 1391 3164 nolentes;
1422 3097 1474 3152 id
1493 3098 1705 3168 quidem
1729 3100 1868 3169 quod
1898 3099 2079 3163 habet,

511 3175 727 3232 Patrem
763 3181 911 3234 verbi
936 3185 1132 3250 gratia,
1167 3194 1258 3238 aut
1292 3185 1479 3248 Deum,
1531 3187 1616 3242 vel
1657 3189 1948 3244 essentiam
1993 3205 2079 3246 es-

511 3285 571 3324 se
598 3270 988 3339 decernentcs;
1023 3275 1168 3345 quod
1206 3291 1336 3331 vero
1359 3276 1608 3342 habetur,
1660 3278 1826 3334 vitam
1857 3289 1950 3334 aut
1985 3294 2074 3334 sa-

512 3362 792 3428 pientiam,
821 3374 914 3419 ant
942 3368 1232 3435 petentiam
1261 3382 1358 3422 seu
1381 3369 1658 3434 virtutem,
1692 3381 1786 3424 aut
1811 3371 2084 3439 operatio-

514 3467 662 3518 nem,
691 3468 795 3521 qua
822 3455 961 3510 Deus
984 3458 1264 3527 (quidquid
1287 3461 1502 3513 tandem
1529 3472 1651 3514 actu
1675 3459 1779 3531 est)
1804 3461 1858 3514 in
1884 3471 2084 3516 aeterna

513 3542 944 3616 immutabilique
997 3547 1279 3605 identitate
1305 3552 1664 3606 consimiliter
1702 3553 1975 3609 subsistit.
2004 3552 2080 3608 Ita

511 3635 765 3690 nimirum
790 3637 892 3693 illis
917 3638 1030 3696 fere
1055 3641 1253 3704 evenit,
1271 3657 1336 3698 ac
1373 3643 1440 3722 si,
1459 3643 1582 3714 quia
1614 3643 1778 3698 etiam
1803 3644 2080 3714 Scriptura

510 3726 675 3783 dicit:
703 3727 897 3784 Manus
924 3742 1026 3786 tute
1055 3731 1289 3800 fecerunt
1319 3750 1398 3788 me
1417 3745 1465 3788 et
1491 3735 1882 3804 plasmaverunt
1906 3752 1986 3791 me
2007 3737 2080 3802 ³¹;

508 3820 618 3886 vel,
646 3824 830 3878 Audivi
856 3842 1026 3879 uocem
1051 3835 1197 3879 tuam
1230 3827 1615 3882 deambulanti;
1644 3829 1698 3882 in
1722 3829 1972 3894 paradiso
2011 3831 2080 3884 ad

509 3930 794 3981 vesperam,
833 3925 883 3969 et
924 3917 1178 3972 abscondi
1217 3935 1296 3973 me
1340 3917 1421 3983 ";
1459 3919 1576 3974 sive
1616 3937 1628 3973 :
1676 3918 1948 3976 Odoratus
2006 3929 2083 3974 est

510 4004 767 4061 Dominus
796 4007 1007 4062 odorem
1039 4010 1318 4064 suavitatis
1332 4009 1410 4076 ³ἓ.;
1438 4021 1550 4078 aut,
1585 4010 1807 4083 Pergam
1827 4013 1896 4067 ad
1921 4030 2004 4068 vos
2030 4015 2084 4065 in

511 4097 689 4164 furore
720 4098 947 4166 obliquo,
989 4099 1117 4153 dicit
1153 4098 1404 4155 Dominus
1431 4102 1474 4133 ³⁵
1506 4119 1520 4157 :
1553 4119 1615 4157 ex
1652 4103 1736 4158 his
1791 4104 1979 4170 utique
2031 4111 2086 4157 et

511 4187 803 4253 similibus,
824 4191 990 4245 Deum
1014 4195 1305 4250 statuerint
1337 4211 1451 4250 rem
1479 4195 1770 4266 quamdam
1823 4210 1944 4250 esse
1978 4197 2082 4249 hu-

513 4295 670 4333 mana
707 4282 982 4350 praeditam
1015 4283 1208 4352 forma,
1243 4295 1297 4343 et
1318 4288 1645 4343 sentientem
1673 4301 1735 4340 ac
1758 4286 2079 4341 irascentem

513 4386 574 4425 ac
597 4385 930 4442 quacunque.
979 4377 1084 4430 alia
1140 4378 1317 4433 divina
1377 4375 1657 4447 Scriptura
1719 4376 1965 4446 loquitur
2014 4375 2084 4432 ob

2188 1896 2284 1948 xui.
2309 1894 2708 1962 αὐτοδύναμις·
2739 1895 2881 1948 κατὰ
2927 1894 2992 1964 δὴ
3031 1895 3122 1948 τὸν
3175 1896 3377 1966 τρόπον
3414 1897 3512 1964 τῆς
3545 1894 3732 1963 ἀνθρω-

2190 1986 2349 2055 πίνης
2396 1985 2704 2053 διαλέξεως,
2772 1985 3260 2055 ἀνθρωπινώτερον
3327 1985 3730 2054 παραδεδομένα,

2189 2079 2287 2130 οὐκ
2321 2077 2495 2141 ἄλλως
2522 2078 2893 2147 ἐγχωρούσης,
2925 2078 2959 2148 ἢ
2988 2079 3062 2140 ὠς
3092 2079 3326 2148 πέφυκε,
3353 2079 3634 2150 προφέρειν
3677 2077 3733 2129 τὰ

2191 2170 2435 2240 νοήματα
2469 2169 2561 2222 καὶ
2595 2171 2663 2222 τὰ
2687 2167 2946 2236 ὀνόματα,
2976 2167 3151 2231 οὕτως
3175 2169 3249 2231 ὠς
3277 2170 3514 2239 εἴρηται,
3542 2168 3630 2220 καὶ
3655 2165 3733 2218 ἐπὶ

2194 2261 2282 2316 τοῦ
2344 2259 2476 2313 Θεοῦ
2529 2259 2734 2328 κυρίως
2769 2258 2915 2329 ¹ἔχειν
2976 2260 3330 2316 ἐπίστευσαν.
3371 2255 3733 2326 οἷον,ἐπειδ.ὶν

2191 2352 2407 2420 λέγεται
2451 2349 2543 2404 τὸν
2577 2351 2709 2404 Θεὸν
2741 2351 2886 2420 ἔχειν
2915 2349 3082 2420 ζωὴν,
3119 2351 3406 2421 ἢδύναμιν
3436 2351 3468 2420 ἦ
3494 2349 3670 2418 σοφίαν
3704 2348 3730 2415 ἣ

2193 2446 2508 2514 ἐνέργειανο
2571 2444 2686 2505 καὶ,
2750 2442 2979 2511 ’Ὠσπερ
3041 2445 3074 2496 ὁ
3108 2443 3309 2511 Πατὴρ
3361 2445 3484 2511 ἔχει
3513 2440 3654 2507 ζωὴν
3679 2438 3734 2490 ἐν

2191 2535 2400 2601 ἑαυτῷ,
2434 2535 2624 2600 οὕτως
2671 2535 2856 2589 ἔδωκε
2915 2536 3013 2590 καί
3050 2535 3128 2600 τῷ
3158 2534 3267 2600 Υἱῷ
3300 2535 3450 2602 ζωὴν
3509 2535 3659 2601 ἔχειν
3677 2531 3734 2583 ἐν

2193 2628 2403 2694 ἐαυτῷ,
2437 2628 2528 2681 καὶ
2561 2630 2661 2682 ὅσα
2693 2627 2918 2680 τοιαῦτα
2941 2642 2956 2658 ·
3013 2629 3072 2691 ἐξ
3102 2620 3176 2682 ὧν
3202 2628 3334 2682 ἄλλο
3384 2628 3482 2698 μὲν
3508 2625 3566 2678 τὸ
3610 2624 3733 2694 ἕχον,

2192 2720 2320 2775 ἄλλο
2353 2719 2409 2771 δὲ
2437 2720 2494 2772 τὸ
2530 2720 2787 2789 ἐχόμενον
2823 2719 3006 2772 ἔθεντο
3034 2713 3198 2785 εἶναι,
3235 2719 3316 2790 μὴ
3347 2721 3460 2780 ταῖς
3486 2718 3607 2786 περὶ
3631 2711 3734 2767 τοὺ·

2192 2829 2299 2866 τωΛ
2332 2811 2620 2881 ἐξηγήσεσι
2649 2811 2757 2864 τῶν
2786 2813 2956 2880 ἁγῖων
2996 2811 3388 2881 προσσχόντες,
3415 2811 3448 2880 ἢ
3471 2807 3733 2880 προσσχεῖν

2197 2903 2271 2976 μὴ
2297 2903 2675 2974 βουληθέντες,
2701 2904 2759 2956 τὸ
2794 2904 2892 2973 μὲν
2924 2903 3044 2973 ἐχον
3060 2905 3151 2957 τὸν
3174 2903 3394 2971 Πατέρα
3419 2902 3542 2973 φέρε
3561 2899 3732 2958 εἰπεῖν,

2194 2996 2226 3066 ἦ
2266 2996 2356 3048 τὸν
2393 2995 2544 3059 Θεὸν,
2576 2997 2607 3066 ἢ
2648 2997 2746 3065 τὴν
2779 2996 2967 3049 οὐσίαν
2996 2991 3135 3049 εἶναι
3196 2995 3553 3066 ὁρισάμενοι·
3588 2990 3640 3044 τὸ
3687 2988 3734 3041 δὲ

2194 3089 2452 3158 ἐχόμενον
2482 3088 2577 3160 τὴν
2606 3088 2752 3157 ζωὴν
2781 3089 2812 3158 ἢ
2838 3089 2938 3159 τὴν
2988 3089 3204 3157 σοφίαν,
3240 3087 3275 3157 ἢ
3321 3089 3417 3155 τὴν
3447 3087 3661 3154 δύναμιν
3705 3079 3731 3148 ἢ

2185 3179 2282 3250 τὴν
2320 3180 2621 3251 ἐνέργειαν,
2677 3181 2799 3234 καθ’
2823 3182 2889 3250 ἣν
2918 3181 3245 3250 ὑφέστηκεν,
3288 3181 3317 3234 ὅ
3361 3183 3411 3234 τί
3443 3177 3555 3232 ποτ’
3604 3177 3733 3228 ἐστιν

2186 3272 2456 3343 ἐνεργείᾳ,
2497 3277 2525 3328 ὁ
2563 3273 2722 3338 Θεὸς,
2754 3274 2811 3326 ἐν
2841 3273 3040 3344 αἱωνίᾳ
3065 3273 3158 3326 καὶ
3186 3272 3552 3342 ἀμεταϐλήτῳ
3570 3265 3735 3322 ταυτό-

2183 3378 2308 3430 τητι
2339 3362 2729 3433 παραπλήσιον
2761 3363 3114 3425 πεπονθότες,
3141 3361 3338 3433 ὥσπερ
3369 3362 3449 3416 ἂν.
3464 3361 3510 3414 εί
3544 3357 3733 3426 καὶτῆς

2185 3453 2409 3524 Γραφῆς
2438 3455 2726 3526 λεγούσης,
2761 3457 2828 3509 Al
2870 3454 3063 3522 χεῖρές
3087 3470 3200 3508 σου
3237 3455 3539 3521 ἐποίησάν
3562 3468 3629 3522 με
3652 3449 3733 3502 καί

2186 3546 2466 3600 ἐπλασάν
2489 3564 2594 3616 με·
2635 3546 2690 3615 ἦ,
2763 3545 2878 3614 Τῆς
2909 3546 3117 3615 φωνῆς
3156 3563 3272 3600 σου
3327 3547 3561 3616 ἤκουσα
3592 3557 3736 3609 περί·

2186 3637 2521 3704 πατοῦντος
2579 3637 2648 3690 ἐν
2688 3635 2767 3702 τῷ
2806 3636 3149 3706 παραδείσῳ
3199 3637 3267 3689 τὸ
3323 3635 3601 3700 δειλινὸν,
3651 3629 3737 3685 καί

2186 3729 2450 3798 ἐκρύϐην
2471 3746 2486 3761 ο
2517 3730 2573 3800 ἢ,
2600 3730 2731 3782 Ὀτι
2756 3728 3079 3799 ὠσφράνθη
3117 3729 3338 3796 Κύριος
3375 3728 3572 3798 ὀσμὴν
3618 3722 3738 3777 εὐω-

2186 3821 2319 3886 δίας
2344 3836 2358 3852 ο
2395 3821 2510 3884 καὶ,
2537 3821 2668 3874 Ὅτι
2713 3821 3087 3890 πορεύσομαι
3114 3821 3264 3888 πρὸς
3319 3821 3472 3891 ὑμᾶς
3501 3820 3567 3872 ἐν
3597 3808 3737 3882 θυμῷ

2186 3911 2440 3979 πλαγίῳ,
2479 3911 2640 3981 λέγει
2666 3914 2900 3980 Κύριοςο
2933 3915 2996 3964 ἐκ
3018 3912 3081 3982 δὴ
3107 3911 3318 3964 τούτων
3342 3912 3436 3965 καὶ
3461 3909 3564 3980 τῶν
3585 3897 3738 3960 τοιού-

2185 4019 2293 4058 των
2321 4003 2788 4074 ἀνθρωπόμορφόν
2823 4021 2874 4056 τι
2910 3999 3050 4056 εἶναι
3085 4002 3174 4056 τὸν
3201 4003 3338 4055 Θεὸν
3365 4002 3613 4064 ἐτίθεντο,
3659 3993 3738 4048 καὶ

2186 4093 2580 4164 αἰσθανόμενον
2617 4093 2712 4147 καὶ
2744 4092 3110 4163 θυμούμενον,
3142 4093 3237 4147 καὶ
3259 4093 3364 4146 ὅσα
3387 4092 3518 4146 ἄλλα
3547 4087 3628 4143 διὰ
3656 4083 3740 4153 τὴν

2185 4182 2295 4237 τῶν
2318 4183 2627 4238 ἀκουόντων
2653 4183 2944 4238 ἀσθένειαν
2969 4186 3001 4255 ἡ
3034 4184 3154 4238 θεία
3187 4185 3386 4256 Γρεφὴ
3433 4183 3740 4247 διαλέγεται,

2185 4275 2273 4330 διὰ
2329 4276 2536 4331 τούτων
2588 4276 2674 4346 ἐφ’
2705 4276 2868 4346 ἔτερα
2924 4277 3076 4347 ἡμᾶς
3128 4276 3430 4343 ἀνάγουσι.
3469 4274 3652 4329 Καίτοι
3685 4266 3736 4320 οὒ

2189 4367 2350 4439 μόνον
2400 4371 2428 4422 ὸ
2460 4369 2590 4433 Θεὸς
2642 4366 2864 4437 λέγεται
2906 4369 2989 4422 ὃτι
3041 4367 3156 4438 ἔχει
3212 4367 3423 4441 ζωὴνῆ
3463 4369 3738 4436 ἐνέργειαν.

515 4464 815 4518 auditorum
849 4465 1298 4535 imbecillitatem,
1333 4485 1397 4524 ex
1441 4469 1523 4524 his
1559 4471 1629 4523 ad
1680 4468 1784 4524 alia
1813 4469 1972 4524 nobis
2005 4468 2080 4523 al-

2190 4459 2302 4515 ἀλλ’
2325 4461 2405 4513 ὅτι
2446 4460 2558 4530 ἔχει
2614 4461 2712 4513 καὶ
2743 4460 2956 4528 οὐσίαν,
2991 4461 3132 4514 κατὰ
3155 4460 3245 4514 τὸν
3287 4461 3445 4531 ἅγιον
3479 4456 3741 4511 Ίουστίνον

511 4553 647 4605 liora
680 4555 780 4608 iter
817 4558 1081 4628 prudens.
1103 4556 1340 4614 Tametsi
1373 4559 1531 4623 Deus,
1563 4558 1761 4614 nedum
1792 4558 1953 4612 vitam
1989 4559 2084 4612 ha-

515 4642 642 4696 bere
665 4643 873 4696 dicatur
895 4654 988 4699 aut
1025 4647 1425 4716 operationem,
1459 4663 1645 4702 verum
1695 4648 1860 4702 etiam
1887 4664 2080 4702 essen-

513 4733 666 4798 tiam,
707 4749 799 4789 seu
833 4738 1216 4804 substantiam,
1256 4749 1316 4793 ut
1371 4750 1563 4794 auctor
1611 4750 1694 4794 est
1723 4737 1975 4795 Justinus
2030 4741 2082 4794 in

513 4823 652 4878 libro
681 4826 941 4883 Adversus
981 4829 1230 4894 Grazcoa;
1281 4841 1564 4900 totumque
1623 4832 2082 4899 comprehensum

515 4917 569 4970 iu
604 4918 782 4986 seipso
813 4936 936 4978 esse
966 4922 1192 4987 habere,
1225 4934 1279 4978 ut
1307 4924 1472 4979 sentit
1493 4925 1787 4992 Gregorius
1849 4923 2085 4978 Theolo-

517 5023 637 5074 gus.
693 5009 1137 5082 Quandoquidem
1201 5015 1364 5084 igitur
1415 5015 1557 5069 aliud
1613 5030 1734 5070 esse
1800 5015 1982 5068 dicunt
2035 5015 2083 5068 id

2187 4552 2249 4606 ἐν
2269 4552 2347 4622 τῷ
2381 4555 2521 4607 κατὰ
2581 4551 2850 4622 Ἐλλήνων
2881 4551 3045 4606 αὐτοῦ
3078 4553 3224 4622 λόγῳ
3252 4568 3266 4581 ·
3319 4552 3412 4605 καὶ
3457 4551 3534 4605 δτι
3555 4548 3666 4603 ὅλον
3691 4545 3740 4595 ἐν

2190 4644 2366 4714 ἐαυτῷ
2392 4642 2672 4697 συλλαϐὼν
2702 4643 2816 4712 ἔχει
2861 4643 2922 4695 τὸ
2982 4637 3146 4705 εἶναι,
3181 4641 3325 4697 κατὰ
3375 4643 3468 4696 τὸν
3501 4637 3737 4706 Θεολόγον

2191 4737 2511 4808 Γρηγόριον.
2539 4735 2694 4789 Ἐπεὶ
2714 4733 2809 4790 οὖν
2834 4753 3003 4804 φασιν
3037 4735 3166 4789 ἄλλο
3195 4738 3294 4808 μὲν
3320 4733 3459 4791 εἷναι
3483 4735 3542 4788 τὸ
3569 4731 3740 4801 ἐχόμε-

2192 4845 2304 4893 νον,
2337 4827 2465 4882 ἄλλο
2517 4827 2573 4880 δέ
2617 4828 2677 4880 τὸ
2727 4826 2850 4898 ἔχον
2886 4827 3146 4898 πρᾶγμα,
3195 4829 3386 4898 ἕψεται
3414 4826 3535 4880 κατ’
3566 4819 3739 4877 αὐτοὺς

2193 4921 2320 4975 ἄλλο
2345 4920 2441 4989 μέν
2463 4916 2602 4973 εἶναι
2632 4920 2720 4972 τὸν
2751 4919 2906 4984 Θεὸν,
2935 4919 3123 4989 ἕτερον
3155 4919 3211 4971 δὲ
3235 4920 3334 4989 τὴν
3364 4918 3549 4972 οὐσίαν
3571 4906 3739 4970 αὐτοῦν

2196 5014 2289 5067 καὶ
2329 5007 2393 5066 αὖ
2419 5013 2547 5066 ἄλλο
2588 5011 2685 5082 μὲν
2718 5011 2903 5074 αὐτὸν,
2927 5011 3114 5080 ἕτερον
3138 5012 3193 5064 δέ
3228 5010 3287 5063 τὸ
3323 5005 3462 5065 εἶναι
3499 5003 3673 5060 αὐτοῦ.

517 5105 657 5170 quod
693 5107 938 5172 habetur,
971 5125 1193 5178 remque
1218 5111 1374 5165 aliam
1408 5112 1458 5165 id
1513 5112 1656 5180 quod
1691 5110 1891 5175 habet,
1962 5124 2299 5178 consequens
2354 5108 2413 5162 tit
2487 5110 2539 5162 in
2589 5109 2804 5162 illorum
2867 5110 3158 5170 sententia,
3205 5106 3348 5161 aliud
3401 5120 3523 5162 esse
3567 5100 3738 5156 Deum.

518 5203 680 5262 atque
713 5194 854 5251 aliud
879 5197 996 5268 ejus
1020 5202 1312 5254 essentiam
1346 5217 1408 5256 ac
1450 5202 1835 5266 substantiam,
1859 5217 1921 5257 ac
1947 5216 2133 5256 rursus
2169 5201 2345 5272 ipsum
2384 5201 2530 5256 aliud
2562 5217 2708 5269 esse,
2742 5201 2998 5269 aliudque
3025 5216 3144 5256 csse
3175 5201 3340 5255 illius.

592 5288 1036 5361 Prmtereajuxta
1061 5309 1248 5349 eorum
1299 5296 1576 5362 theologia:
1633 5297 1872 5364 regulas,
1941 5297 2086 5352 Deus

410 5377 416 5381 ”
520 5394 711 5446 expers
740 5385 991 5438 essentiac
1014 5386 1271 5452 erit;nec
1294 5389 1527 5442 essentia
1557 5388 1650 5443 Dei
1713 5405 1804 5443 seu
1835 5389 2090 5444 substan-

526 5472 594 5523 tia
629 5470 767 5527 Deus
798 5472 977 5528 futura
1007 5484 1109 5530 est.
1134 5473 1294 5530 Juxta
1328 5477 1471 5532 enim
1527 5480 1867 5545 divisionem,
1927 5495 2088 5548 quam

522 5559 871 5630 induxerunt,
896 5565 1169 5634 habentis,
1207 5568 1399 5639 ctejus
1452 5572 1594 5640 quod
1639 5572 1869 5627 habetur
1947 5586 2085 5624 unn-

2276 5299 2397 5352 Ἔτι
2423 5299 2565 5352 κατὰ
2597 5299 2723 5361 τοὺς
2746 5298 2908 5365 ὅρους
2938 5298 3039 5366 τῆς
3072 5297 3349 5365 θεολογίας
3373 5285 3742 5354 αὐτῶν,ὸθεδς
3847 5330 3863 5348 .

2196 5389 2445 5452 ἁνούσιος
2470 5389 2623 5441 ἔσται
2646 5402 2663 5420 ⁶
2687 5386 2780 5441 καὶ
2805 5388 2838 5458 ή
2862 5387 3015 5441 οὐσία
3046 5386 3138 5439 τοῦ
3164 5386 3296 5439 Θεοῦ
3318 5388 3418 5438 οὐκ
3440 5385 3584 5437 ἐσται
3604 5377 3735 5435 Θεὸς⁶
3812 5391 3822 5401 ’

2197 5477 2341 5530 κατᾶ
2371 5476 2480 5547 γὰρ
2513 5476 2614 5546 τὴν
2645 5474 2738 5527 τοῦ
2764 5475 2980 5544 ἔχοντος
3007 5475 3099 5527 καὶ
3133 5474 3413 5544 ἐχομένου,
3456 5469 3518 5539 ἦν
3539 5463 3739 5531 εἷσῆγίν

2197 5587 2317 5638 γον,
2351 5569 2637 5640 διαίρεσιν,
2677 5566 2778 5620 οὐκ
2806 5565 2873 5620 ἂν
2911 5569 2997 5637 εἴη
3032 5568 3089 5620 τὸ
3133 5566 3320 5636 ἕτερον
3352 5563 3462 5618 οἷον
3485 5559 3540 5614 τὸ
3568 5558 3736 5621 ἓτερῡν

601 5740 810 5795 ".Iiau
865 5725 1026 5795 ν’ἓϐ.
1109 5739 1319 5797 "Psal.
1380 5761 1569 5812 cxvm,
1614 5746 1702 5800 75-
1783 5747 1990 5802 "lien.
2024 5761 2081 5812 tl,

2190 5763 2212 5797 ι.
2294 5745 2337 5777 ³³
2383 5743 2514 5800 Gen.
2586 5759 2701 5809 vni,
2749 5742 2839 5796 2|.
2918 5743 2959 5776 ³⁵
3005 5743 3180 5798 Levit.
3225 5756 3370 5827 xxvi,
3404 5732 3611 5800 Ἦλθ-
