4074 6412
339 395 452 455 385

1368 385 1470 456 DE
1503 396 1885 460 ESSENTIA
1921 399 2018 460 ET
2053 399 2575 463 OPERATIONE.

3507 397 3616 462 386

338 512 451 563 τῶν
473 509 666 580 ἁγίων,
699 512 794 565 καὶ
823 511 1228 581 μακαριότητος
1247 511 1401 576 τέλος
1423 528 1438 543 ·
1459 512 1686 567 καὶτῶν
1713 513 1923 582 ἐφετῶν

2030 529 2132 584 que
2165 515 2423 570 deitatem
2453 521 2508 571 et
2536 513 2701 570 vitam
2732 520 2788 568 et
2835 510 3159 584 sapientiam
3190 518 3242 567 et
3277 511 3530 568 virtutem
3563 522 3619 569 et

331 604 400 655 τὸ
429 591 734 674 ἄκρότατον
756 620 771 635 ο
810 603 890 656 διδ
916 605 1010 657 καὶ
1053 606 1080 659 ό
1105 604 1311 676 ταύτης
1343 603 1684 678 κληρονόμος
1715 606 1921 677 κληρο-

335 699 506 766 νόμος
558 696 778 764 λέγεται
832 695 992 760 Θεοῦ,
1055 698 1149 751 καὶ
1178 697 1280 751 ὅσα
1313 697 1450 752 ἄλλα
1504 700 1563 752 ἐν
1609 699 1688 770 τῷ
1717 699 1922 772 πρώτῳ

338 787 688 858 προείρηται,
749 789 808 842 ἐν
845 778 892 857 ᾧ
932 787 1034 860 τὴν
1089 788 1278 842 πίστιν
1330 790 1440 843 τῶν
1470 789 1702 862 ἀνδρῶν,
1751 791 1812 857 ἐξ
1846 786 1922 846 ὧν

337 879 676 950 ἀνέγραψαν,
707 878 1049 950 ἐδείκνυμεν.
1087 879 1280 950 Τούτῳ
1303 881 1440 950 γοῦν
1473 882 1612 952 πρὸς
1643 883 1921 948 ἀπόδειξιν

336 969 449 1021 τῶν
479 969 789 1039 εἰρημένων
820 969 1084 1040 χρῶνται.
1110 970 1435 1040 ἀγνοοῦντες
1462 971 1543 1026 ὅτι
1573 973 1656 1036 τὸ,
1700 969 1764 1028 Ἡ
1791 973 1922 1027 θεία

336 1061 640 1129 summa;
694 1061 791 1114 καὶ
849 1061 1141 1132 ἐνέργεια,
1171 1062 1281 1132 μία
1317 1058 1498 1130 οὖσα,
1557 1064 1755 1120 πάντα
1793 1066 1922 1134 τοῖς

338 1151 492 1208 πᾶσι
536 1153 764 1222 γίνεται
791 1195 808 1219 ,
840 1143 1099 1226 περὶτῆς
1147 1153 1297 1219 θείας
1322 1157 1511 1229 obuia;
1559 1157 1798 1229 εἴρηται,
1844 1160 1921 1226 ὡς

341 1247 438 1298 καὶ
468 1245 606 1298 αὐτὰ
635 1245 704 1298 τὰ
735 1225 956 1316 ῥήματα
989 1249 1286 1319 μαρτυρεῖ,
1318 1225 1582 1322 ἇῦτικρυς
1613 1225 1921 1322 ἐςραρμοζό-

344 1354 482 1407 μενα
505 1341 645 1391 κατά
670 1338 730 1390 τὺ
757 1337 853 1408 τῆς
873 1338 1152 1406 θεολογίας
1181 1340 1305 1406 ἔθος
1340 1345 1407 1414 τῇ
1431 1342 1525 1396 τοῦ
1571 1341 1711 1396 Θεοῦ
1737 1327 1944 1417 οὐσίᾳ(

340 1430 436 1482 καὶ
457 1431 593 1500 αὐτῇ
619 1429 804 1483 πᾶσαν
827 1430 1107 1502 ὑπεροχὴν
1128 1431 1502 1502 ἀπονέμοντα,
1543 1431 1736 1504 ὥσπερ
1771 1437 1866 1489 καὶ
1892 1437 1922 1490 ὁ

344 1524 519 1590 μέγας
551 1517 673 1574 είπε
698 1521 976 1586 Διονύσιος
1013 1523 1074 1576 ἐν
1103 1521 1183 1594 τῷ
1216 1524 1356 1593 Περὶ
1386 1526 1562 1579 θείων
1585 1525 1917 1596 ὀνομάτων

342 1615 486 1666 “On
509 1611 660 1667 πᾶσι
724 1613 1137 1681 προνοητικῶς
1187 1617 1221 1669 ὁ
1285 1616 1431 1683 Θεὸς
1464 1616 1716 1686 πάρεστι
1739 1656 1755 1682 ,
1816 1619 1917 1673 καὶ

339 1705 540 1759 πάντα
567 1703 638 1758 ἐν
666 1701 818 1759 πᾶσι
857 1703 955 1760 διὰ
978 1703 1094 1772 τὴν
1127 1705 1372 1761 πάντων
1413 1710 1722 1778 σωτηρίαν
1761 1711 1918 1780 τίνε-

338 1812 460 1860 ται,
488 1793 689 1864 μένων
706 1794 800 1864 ἐφ’
831 1794 1074 1862 ἑαυτοῦ,
1097 1795 1198 1850 καὶ
1225 1796 1340 1866 τῆς
1370 1789 1598 1867 οἰκεῖος
1630 1801 1918 1871 ταυτότη-

338 1905 443 1953 τος
465 1887 907 1956 ἀνεκροιτήτως
941 1888 1071 1942 κατ’
1091 1888 1401 1959 ἐνέργειαν
1430 1891 1580 1967 μίαν
1601 1892 1700 1946 καὶ
1729 1893 1920 1949 datav-

338 1990 494 2031 στον
543 1978 852 2046 ἑστηκώς-ο
909 1981 1005 2035 καὶ
1063 1977 1220 2045 αὖθις
1255 1981 1316 2035 ἐν
1363 1984 1481 2046 τοῖς
1507 1983 1691 2048 αὐτοῖς
1733 2001 1920 2056 φησιν,

289 2123 292 2126 .
345 2066 452 2136 Ὦς
474 2070 630 2138 αὑτὴ
659 2073 790 2141 περὶ
812 2071 1036 2142 ἑαυτῆς
1064 2074 1136 2131 ἐν
1163 2071 1286 2140 τοῖς
1312 2075 1494 2144 ἱεροῖς
1523 2077 1752 2144 λογίοις
1772 2094 1922 2147 παρ-

338 2157 588 2225 έδωκεν,
623 2159 710 2213 ὅτι
746 2161 990 2215 πάντων
1015 2163 1190 2216 ἐστὶν
1238 2165 1419 2229 αιτιοι,
1443 2166 1543 2220 καὶ
1596 2167 1780 2236 ἀρχὴ,
1822 2168 1920 2223 καὶ

343 2253 525 2308 οὐσία
548 2253 644 2308 καὶ
675 2252 810 2322 ζωὴ,
844 2255 938 2307 καὶ
979 2254 1127 2309 τᾶλλ’
1153 2256 1254 2309 ὅσα
1286 2257 1412 2311 καθ’
1438 2257 1674 2312 ἕκαστον
1706 2259 1796 2324 ἐξα
1807 2259 1926 2331 ριθ-

349 2349 551 2414 μεῖται,
583 2345 676 2396 τὶν
700 2344 834 2398 Θεὸν
852 2346 989 2417 ἡμῖν
1025 2345 1293 2415 γίνεσθαι,
1359 2346 1436 2410 ὡς
1482 2347 1660 2420 ἀρχῆς
1704 2350 1924 2420 ἀπάσης

349 2435 680 2506 ὗπερὰρχιος
710 2435 801 2488 ’ὢν
851 2435 1016 2508 ἀρχή.
1043 2434 1200 2491 οὕτω
1227 2437 1339 2508 γὰρ
1366 2438 1462 2493 καὶ
1490 2439 1519 2492 ὁ
1563 2441 1924 2510 Δείμας-διόθεν

359 2533 421 2584 ἐν
453 2530 512 2596 ιβ’
557 2530 662 2586 τῶν
709 2530 876 2586 αὐτοῦ
911 2530 1272 2600 Θεολογικῶν,
1324 2535 1401 2597 ὡς
1434 2531 1532 2588 ἀπ’
1565 2535 1777 2589 ἐκείνου
1826 2535 1924 2590 ’τοῦ

367 2621 619 2691 μακαρίου
665 2622 900 2690 ἐξέδοτο,
936 2622 1134 2692 λέγων,
1205 2623 1260 2679 '0
1289 2627 1438 2694 Θεός
1477 2626 1724 2682 πάντων
1749 2629 1926 2684 ἐστὶν

355 2712 532 2765 οὐσιά
561 2711 658 2767 καὶ
691 2712 880 2782 ἀρχήο
919 2712 1040 2767 τῶν
1080 2713 1276 2770 ὄντων
1296 2717 1500 2779 οὐσία,
1552 2716 1674 2772 τῶν
1695 2703 1927 2780 Cibarth

349 2801 484 2872 ζὶιηξ.
524 2804 704 2876 Ὅπερ
761 2803 857 2858 οὖν
908 2806 968 2858 ἐν
999 2805 1211 2871 τούτοις
1245 2808 1417 2863 θείαν
1464 2809 1777 2880 tumtum
1825 2813 1925 2867 καὶ

343 2891 658 2961 ἐνέργειαν
705 2894 948 2966 εἴρηκεν,
1007 2897 1066 2948 ἐν
1097 2895 1354 2963 ἐκείνοις,
1401 2895 1468 2950 '0
1501 2899 1668 2964 Θεὸς,
1732 2900 1922 2970 φησὶν,

346 2984 590 3054 δηλονότι
616 2985 761 3038 κατὰ
803 2986 897 3038 τὸν
923 2984 1148 3058 Νύσσης
1197 2987 1524 3060 Γρηγόριον,
1557 2993 1617 3044 ἐν
1653 2990 1731 3060 τῷ
1780 2993 1924 3047 κατὰ

359 3075 652 3144 Ἑλλήνων,
683 3075 828 3129 οὕτω
864 3075 1113 3145 λέγοντα,
1140 3080 1209 3133 ει
1232 3078 1304 3132 δὲ
1334 3078 1402 3133 τὸ
1433 3082 1579 3145 Θεςλς
1604 3081 1792 3152 ὄνομα
1823 3083 1924 3138 οὖ-

2022 607 2390 662 haareditatem
2424 615 2735 661 sanctorum
2762 619 2905 666 esse.
2945 619 3008 659 ac
3039 604 3392 659 beatitudinis
3426 605 3612 672 linem,

2037 712 2102 752 ac
2136 709 2474 768 quaecunque
2507 695 2612 751 alia
2644 698 2695 750 in
2742 696 2910 767 priori
2949 703 3104 767 parte
3131 707 3256 749 ante
3284 697 3424 750 dicta
3465 707 3616 763 sunt,

2024 789 2078 843 in
2109 803 2213 858 qua
2245 803 2436 845 eorum
2479 789 2663 853 iidem,
2694 803 2762 844 ex
2801 787 2870 843 iis
2918 802 3040 858 quae
3067 787 3176 841 illis
3231 787 3434 856 scripta
3484 797 3614 842 sunt

2022 881 2387 936 ostendimus.
2429 879 2525 936 His
2553 882 2740 951 itaque
2773 888 3098 942 utuntur.ut
3133 893 3195 933 ea
3237 878 3463 947 probent
3495 893 3614 947 qum

2024 973 2168 1027 dicta
2203 982 2350 1038 sunt,
2395 973 2715 1044 ignorantes
2765 972 2908 1041 quod
2938 971 3012 1026 ita
3061 971 3302 1024 dicitur:
3338 959 3529 1023 Divina
3549 969 3618 1020 it-

2023 1062 2274 1120 lustratio
2301 1082 2363 1118 ac
2392 1065 2577 1126 virtus,
2612 1080 2729 1118 cum
2752 1081 2860 1118 una
2897 1063 2989 1128 sit,
3024 1065 3198 1117 omnia
3230 1063 3471 1116 omnibus
3519 1061 3578 1129 ﬁt
3600 1103 3615 1124 ,

2024 1159 2092 1212 de
2158 1159 2396 1212 essentia
2459 1155 2644 1210 divina
2694 1156 2894 1210 dictum
2945 1169 3110 1220 esse,
3157 1163 3217 1209 ut
3283 1161 3338 1208 et
3387 1153 3619 1223 ipsemet

2023 1248 2238 1303 abunde
2273 1255 2542 1303 testantur
2563 1245 2750 1312 verba,
2774 1261 2893 1317 qua:
2920 1247 3097 1316 palam
3133 1246 3413 1315 theologia
3447 1244 3620 1314 expli-

2023 1337 2181 1392 candi
2216 1349 2367 1393 more
2398 1336 2492 1392 Dei
2525 1336 2778 1392 essentia;
2824 1345 3149 1406 congruant,
3181 1350 3244 1389 ac
3296 1350 3511 1389 onmem
3541 1333 3620 1388 illi

2021 1430 2401 1485 excellentiam
2429 1432 2694 1494 tribuant,
2730 1429 2806 1484 uti
2835 1428 3002 1484 etiam
3044 1427 3183 1482 dixit
3219 1443 3446 1497 magnus
3487 1426 3613 1480 Dio-

2025 1521 2211 1594 nysius
2246 1523 2300 1577 in
2336 1522 2474 1578 libro
2509 1521 2585 1578 De
2611 1521 2813 1577 divinis
2869 1521 3165 1574 nominibus
3192 1535 3213 1574 :
3245 1519 3410 1573 Deum
3453 1519 3618 1572 nimi-

2024 1630 2144 1669 rum
2194 1614 2522 1682 providentia
2571 1613 2774 1668 cunctis
2811 1612 2962 1667 rebus
3001 1611 3204 1674 adesse,
3236 1600 3521 1680 omniaque
3563 1611 3618 1664 in

2023 1704 2262 1760 omnibus
2296 1704 2529 1760 omnium
2558 1703 2753 1757 saiutis
2781 1718 2947 1756 causa
2975 1701 3112 1771 ﬁeri,
3154 1715 3273 1754 cum
3301 1696 3384 1752 in'
3409 1715 3466 1752 se
3511 1699 3620 1767 ipse

2026 1805 2258 1862 maneat,
2308 1797 2464 1865 inque
2511 1811 2610 1850 sua
2657 1795 2934 1848 identitate
2979 1791 3128 1847 nullo
3181 1801 3334 1846 extra
3375 1805 3620 1859 processu

2027 1885 2310 1940 secundum
2349 1899 2510 1938 unam
2541 1881 3007 1950 incessabilemque
3039 1881 3286 1934 virtutem
3335 1879 3619 1932 consistat.

2023 1983 2103 2034 Ac
2137 1993 2325 2032 rursus
2358 1981 2410 2032 in
2443 1977 2632 2031 iisdem
2665 1975 2780 2029 ait:
2810 1973 2992 2045 Ipsam
3043 1974 3108 2026 de
3137 1973 3274 2025 sein
3307 1971 3474 2024 sacris
3505 1980 3620 2022 tra—

2026 2071 2228 2124 didisse
2251 2069 2519 2140 Eloquiis,
2560 2083 2671 2121 esse
2725 2081 2781 2121 se
2832 2068 3069 2120 omnium
3113 2075 3332 2117 causam
3380 2077 3471 2116 seu
3518 2076 3622 2113 au-

2024 2172 2242 2222 ctorem,
2298 2169 2346 2214 et
2397 2158 2716 2230 principium
2751 2166 2801 2211 et
2862 2156 3147 2210 essentiam
3229 2157 3282 2208 et
3331 2154 3520 2217 vitam,
3562 2158 3622 2203 et

2025 2265 2361 2319 quaecunque
2394 2251 2498 2303 alia
2528 2247 2802 2318 sigillatim
2857 2245 3026 2300 Deum
3055 2245 3213 2300 nobis
3254 2243 3372 2298 fieri
3421 2257 3614 2296 recen-

2026 2353 2128 2409 set,
2188 2353 2446 2412 tanquam
2499 2343 2594 2410 qui
2638 2340 2968 2410 principium
3027 2339 3123 2404 sit,
3158 2339 3304 2392 omni
3352 2335 3626 2405 principio

2027 2437 2295 2492 eminens.
2349 2434 2440 2490 Sic
2481 2435 2626 2489 enim
2677 2435 2842 2488 etiam
2904 2431 3276 2486 Damascenus
3309 2429 3362 2484 in
3418 2428 3622 2483 duode-

2027 2527 2170 2583 cimo
2212 2529 2448 2595 capitum
2498 2541 2722 2581 suorum
2775 2525 3223 2592 tlieologicoruin,
3277 2531 3337 2576 ut
3385 2535 3413 2573 a
3457 2521 3621 2574 beato

2030 2619 2120 2675 illo
2171 2621 2375 2687 editum
2430 2629 2536 2684 est,
2574 2618 2804 2673 dicens:
2846 2617 2986 2671 Deus
3026 2617 3259 2670 omnium
3304 2615 3527 2668 essentia
3559 2628 3626 2664 ae

2026 2710 2340 2780 principium
2392 2718 2508 2774 est;
2541 2721 2721 2762 eorum
2777 2721 2893 2775 quae
2943 2703 3086 2770 sunt,
3138 2705 3389 2765 essentia,
3440 2713 3621 2756 eorum

2028 2816 2145 2869 qute
2221 2801 2425 2864 uit-unt,
2483 2801 2611 2851 tita.
2696 2795 2848 2861 ρινθά
2903 2796 3086 2863 itaque
3133 2794 3188 2848 in
3244 2793 3350 2846 illis
3395 2792 3624 2846 diuinum

2029 2891 2169 2949 dixit
2216 2890 2633 2944 illustrationem
2691 2897 2868 2958 atque
2904 2888 3172 2957 uirtutem,
3218 2885 3272 2938 in
3349 2884 3433 2938 bis
3481 2883 3622 2938 Dens

2029 2989 2197 3053 dicit;
2223 2987 2377 3057 juxta
2405 2985 2546 3054 quod
2582 2984 2839 3039 nimirum
2873 2983 3038 3036 sentit
3084 2980 3378 3050 Gregorius
3426 2977 3624 3050 Nysse-

2028 3094 2154 3142 nus,
2205 3077 2463 3131 Oratione
2524 3076 2784 3129 adversus
2832 3072 3072 3135 Graecos,
3107 3071 3234 3124 dum
3265 3071 3346 3124 sic
3376 3069 3451 3123 ait
3482 3088 3495 3124 :
3527 3069 3628 3124 Sin

345 3166 490 3231 σίας
517 3167 891 3236 σημαντικόν
912 3167 1066 3232 ἐστι,
1079 3168 1231 3237 μίαν
1251 3170 1690 3241 ὁμολογοῦντες
1701 3174 1926 3229 οὐσίαν

2030 3179 2206 3224 autem
2239 3167 2374 3222 Deus
2398 3183 2580 3219 nomen
2607 3175 2681 3220 est
2711 3165 2990 3219 essentiam
3009 3164 3144 3230 signi
3153 3162 3437 3232 ﬁenns,qni
3461 3176 3622 3214 unam

345 3258 460 3325 τῆς
487 3260 656 3326 ἁγίας
692 3257 954 3326 Τριάδος,
976 3258 1086 3313 ἕνα
1119 3258 1270 3314 Θεὸν
1301 3261 1540 3328 εικότως
1572 3261 1924 3332 δοξάζομεν

346 3348 482 3402 ἐπεὶ
519 3348 659 3418 μιᾶς
689 3351 904 3417 οὐσίας
948 3350 1020 3404 ἐν
1054 3351 1247 3420 ὄνομα
1274 3351 1342 3406 τὸ
1383 3354 1529 3418 Θεός
1569 3353 1727 3408 ἐστι.
1759 3355 1929 3424 Δῆλον

347 3441 444 3494 οὖν
471 3441 548 3506 ὡς
583 3444 665 3508 τὸ,
731 3443 800 3498 Ἦ
831 3445 960 3498 θεία
989 3444 1303 3515 ἕλλαμψις
1352 3446 1451 3501 καὶ
1493 3446 1786 3518 ἐνέργεια,
1818 3452 1931 3520 μία

349 3528 512 3588 οὖσα
544 3534 645 3588 καὶ
703 3535 869 3606 ἁπλῆ
916 3535 1016 3590 καὶ
1073 3537 1418 3607 ἀμέριστος,
1469 3541 1600 3609 περὶ
1635 3541 1731 3609 τῆς
1776 3541 1930 3606 θείας

347 3625 539 3690 οὐσίας
588 3626 826 3698 εἴρηται.
873 3627 1034 3681 Οὕτω
1063 3629 1174 3699 γὰρ
1207 3629 1302 3683 καὶ
1334 3630 1364 3683 ό
1396 3629 1543 3694 θεῖος
1575 3634 1707 3704 περὶ
1757 3635 1930 3704 αὐτῆς

347 3720 543 3789 είρηκι
560 3719 831 3789 Μάξιμος,
863 3719 939 3776 Ἦ
963 3722 1587 3792 αὐτοῦπεραγαθότης,
1604 3725 1752 3792 νοῦς
1771 3721 1932 3781 οὖσα

347 3811 453 3865 καί
484 3810 600 3880 ὅλη
619 3811 910 3883 ἐνέργεια,
935 3814 1025 3881 είς
1052 3812 1282 3884 ἑαυτὴν
1327 3815 1712 3887 ἐστραμμένη
1760 3819 1929 3888 ἐνέρ-

349 3903 482 3975 γειά
511 3903 666 3959 ἐστι.

427 4081 673 4136 Καθόλου
703 4084 804 4152 μὲν
823 4083 984 4156 τύπῳ
1008 4086 1349 4156 περιλαῦείν,
1382 4086 1556 4142 ταῦτα
1587 4087 1690 4160 τῆς
1721 4087 1934 4159 φθορᾶς

349 4171 560 4242 ταύτης
585 4174 735 4229 αίτια
769 4177 1010 4244 ἐγένετο,
1032 4179 1129 4232 καὶ
1158 4178 1320 4233 τοῦτο
1346 4179 1574 4246 ἔπαθον,
1611 4181 1931 4252 βουλόμενοι

355 4264 420 4315 τδ
447 4265 562 4332 φῶς
624 4267 802 4320 ἐκεῖνο
849 4267 910 4320 τὸ
937 4267 1155 4339 ὁρατὸν,
1183 4269 1321 4340 ὅπερ
1351 4270 1568 4334 ἑαυτοῖς
1593 4271 1932 4338 ἀνέπλασαν,

363 4352 658 4423 βαᾶιιῶσαι
702 4357 948 4430 Θεότητα
991 4361 1087 4414 καὶ
1141 4361 1312 4415 Θεόνο
1369 4363 1468 4415 καὶ
1501 4363 1620 4433 φῶς
1655 4363 1933 4432 ἀληθινὸν,

363 4448 456 4500 καὶ
500 4448 608 4500 τῶν
650 4449 861 4518 ἐφετῶν
918 4449 981 4502 τὸ
1009 4451 1333 4523 ἀκρότατον,
1387 4455 1525 4525 μήτε
1550 4455 1739 4536 οὐαίίν
1771 4455 1932 4522 Θεοῦ,

2027 3271 2224 3317 sancta’
2295 3257 2603 3312 Trinitatis
2647 3258 2928 3310 essentiam
3001 3254 3391 3322 conﬁteantur,
3457 3269 3619 3306 unum

2030 3354 2219 3406 merito
2250 3347 2411 3403 Deum
2435 3349 2724 3402 sentimus:
2748 3346 3172 3416 quandoquidem
3205 3344 3362 3398 unius
3385 3343 3624 3396 essentia!

2032 3457 2220 3495 nomen
2279 3456 2444 3494 unum
2528 3437 2672 3493 Deus
2721 3447 2818 3493 est.
2873 3435 3067 3508 Liquet
3125 3435 3311 3507 igitur,
3344 3433 3490 3506 quod
3545 3433 3618 3487 ita

2030 3535 2233 3588 dictum
2261 3539 2375 3586 est:
2408 3528 2600 3582 Divina
2626 3527 2916 3582 illustratio
2939 3539 2985 3582 et
3011 3529 3199 3590 virtus,
3222 3543 3338 3599 qua:
3360 3543 3464 3580 una
3489 3525 3644 3579 sitet'

2029 3625 2253 3692 simplex
2279 3633 2326 3678 et
2352 3623 2580 3677 indivisa
2609 3664 2624 3690 ,
2658 3622 2725 3676 de
2749 3621 2981 3676 essentia
3015 3619 3202 3674 divina
3231 3619 3433 3673 dictum
3469 3633 3618 3672 esse.

2033 3715 2126 3771 Sic
2154 3717 2299 3770 enim
2335 3714 2497 3769 etiam
2532 3714 2599 3767 de
2625 3714 2715 3767 illa
2752 3713 2891 3767 dixit
2921 3711 3110 3767 beatus
3137 3711 3403 3764 Maximus
3436 3730 3450 3764 :
3482 3708 3612 3777 Ipsa

2030 3824 2194 3872 supra
2237 3821 2400 3876 quam
2441 3807 2699 3881 Ibonitas,
2755 3821 2874 3872 qua:
2937 3820 3082 3856 mens
3133 3804 3377 3869 exsistat,
3407 3813 3620 3871 totaque

2033 3901 2266 3969 operatio
2295 3913 2388 3952 seu
2430 3899 2618 3962 virtus,
2643 3899 2698 3952 in
2754 3898 2980 3966 seipsam
3025 3912 3295 3960 conversa,
3322 3897 3489 3950 virtus
3521 3911 3612 3948 seu

2034 3993 2270 4062 Operatio
2293 4001 2390 4046 est.

2105 4083 2199 4140 Sic
2247 4085 2403 4156 quasi
2453 4083 2752 4139 universim
2809 4083 3157 4149 delineando,
3188 4083 3419 4153 rudique
3470 4083 3626 4152 peni-

2035 4179 2159 4235 cillo
2193 4179 2626 4248 complectendo,
2662 4179 2780 4232 lucc
2823 4177 2981 4245 hujus
3030 4177 3396 4246 corruptionis
3441 4192 3624 4230 causa:

2035 4270 2381 4324 exstiterunt.
2415 4269 2581 4340 ldqne
2625 4271 2729 4324 illis
2756 4271 2828 4323 ita
2873 4270 3074 4334 evenit,
3108 4284 3216 4338 qua
3265 4268 3445 4322 lumen
3491 4269 3624 4320 illud

2035 4363 2208 4416 oculis
2235 4363 2585 4432 aspectabile,
2615 4362 2757 4432 quod
2791 4361 2893 4416 sibi
2929 4363 3327 4432 conﬁnxerunt.
3359 4362 3504 4415 Deita
3533 4375 3620 4414 em

2037 4463 2090 4510 et
2185 4455 2376 4520 Deum,
2462 4471 2525 4512 ac
2615 4455 2794 4510 lumen
2887 4467 3078 4508 verum
3196 4465 3624 4521 supremumque

362 4539 500 4609 μήτε
524 4539 847 4608 ὑπόστασιν,
873 4542 994 4596 ἀλλ’
1032 4545 1342 4616 ἐνέργειαν,
1380 4548 1474 4600 καὶ⁸
1499 4547 1600 4618 τὴν
1622 4548 1754 4618 ὅλην
1777 4549 1928 4619 ἐνέρ-

2039 4547 2408 4617 appetibilium
2459 4557 2519 4601 ut
2551 4557 2880 4612 assererem,
2907 4545 2960 4600 in
2988 4546 3224 4600 animam
3256 4544 3624 4610 induxerunt;

356 4645 516 4697 γειαν
543 4631 677 4684 αὐτὸ
705 4632 980 4702 τιθέμενοι
1008 4647 1024 4664 ·
1072 4633 1212 4705 ὅπερ
1237 4635 1351 4688 είτε
1379 4635 1456 4690 ἔχ’
1479 4635 1642 4690 τινών
1676 4653 1809 4690 ποτε
1845 4653 1938 4701 γε-

356 4721 599 4791 νομένων
625 4721 1034 4778 Μασσαλιανῶν
1054 4726 1368 4796 λεγομένων
1392 4728 1604 4792 ἑαυτοῖς
1626 4729 1941 4800 insumpse-

303 4815 313 4824 ’
358 4834 484 4881 σαν,
514 4817 562 4870 οἳ
594 4817 860 4889 πρότερον
895 4817 1353 4889 βλασφημοῦντες
1405 4821 1612 4892 όρατὴν
1665 4817 1807 4876 εἷναι
1837 4826 1940 4894 τὴν

356 4909 551 4962 οὐσίαν
591 4909 688 4962 τοῦ
720 4909 881 4975 Θεοῦ,
935 4906 1056 4964 εἶτα
1086 4911 1434 4983 ἐλεγχθέντες
1492 4914 1599 4967 ὑπὸ
1642 4915 1942 4988 καθολικῆς

359 4999 608 5066 συνόδου,
636 5001 960 5072 καταφυγὴν
983 5003 1084 5071 τῆς
1116 5004 1385 5072 αἱρέσεως
1405 5002 1630 5074 ἐξεῦρον
1672 5006 1748 5078 μὴ
1795 5003 1942 5060 εἶναι

359 5092 546 5155 αὐτοῖς
560 5093 662 5164 τὴν
683 5092 876 5147 οὐσίαν
891 5092 988 5146 τοῦ
1010 5093 1146 5147 Θεοῦ
1173 5095 1395 5165 ὀρατὴν,
1423 5095 1541 5149 ἀλλ’
1566 5097 1800 5166 ὁρᾶσθαι
1822 5099 1939 5166 φῶς

359 5183 638 5249 ἂκτιστον,
673 5183 978 5255 ἐνυπάρχον
1008 5184 1067 5252 ἐξ
1097 5185 1272 5239 ἀϊδίου
1297 5185 1376 5256 τῷ
1405 5186 1548 5257 Θεῷ,
1581 5189 1719 5257 μήτε
1747 5188 1940 5242 οὐσίαν

359 5274 522 5338 Θεοῦ,
574 5276 713 5347 μήτε
756 5278 1080 5343 ὑπόστασιν,
1115 5278 1232 5333 ἀλλ’
1267 5281 1554 5350 ἐνέργειαν
1584 5280 1752 5334 οὖσαν
1773 5295 1787 5310 ⁶
1825 5283 1939 5336 εἴτε

361 5366 428 5421 εκ
472 5383 633 5418 τινων
667 5368 943 5438 μοωχῶν,
991 5369 1195 5438 ἀρετὴν
1224 5370 1695 5443 ὑποκριναμένων,
1724 5372 1938 5441 ἀλόγων

361 5458 460 5511 καὶ
506 5457 945 5530 πεπλανημένων
996 5458 1140 5529 (ιθ),
1186 5451 1455 5531 οηιομένων
1510 5456 1656 5515 εἶναι
1685 5462 1747 5516 τὸ
1779 5463 1936 5518 Θείον

438 5687 550 5770 (16)
597 5689 876 5770 ξΑλόγωνη
901 5689 1002 5770 καὶ
1040 5691 1567 5770 .ι-ιιεέτλανοημἐνων.Δ
1611 5691 1937 5770 Sytneonem

371 5769 521 5812 nutat
568 5760 1156 5831 ejusque_discipulos;
1190 5779 1314 5817 nam
1339 5760 1417 5818 sic
1474 5760 1668 5817 rudem'
1723 5765 1935 5817 littera-

372 5842 517 5894 rum,
546 5829 773 5900 ejusQue
800 5828 1016 5886 Patrem
1048 5833 1367 5902 spiritalem,
1421 5832 1746 5905 Syn‘ieonem
1806 5836 1933 5888 item

2035 4639 2179 4707 quod
2259 4637 2468 4707 utique,
2534 4654 2632 4694 nec
2701 4637 2794 4690 Dei
2870 4635 3184 4699 essentiam,
3247 4650 3422 4704 neque
3490 4647 3618 4703 per-

2036 4742 2249 4794 sonam,
2303 4730 2398 4783 sed
2468 4730 2721 4783 virtutem
2784 4743 2878 4782 seu
2925 4727 3318 4796 operationem,
3371 4740 3434 4780 ac
3471 4725 3628 4796 quit-

2035 4819 2162 4889 quid
2193 4819 2245 4873 in
2278 4817 2386 4873 Deo
2415 4819 2626 4874 virtutis
2645 4829 2728 4873 est
2760 4833 2854 4874 seu
2883 4819 3239 4890 operationis,
3266 4818 3622 4874 statuerunt':

2038 4913 2152 4967 sive
2181 4927 2302 4966 eum
2332 4927 2577 4967 errorem
2621 4928 2686 4967 ex
2724 4913 3081 4982 quorumdam
3111 4912 3238 4967 olim
3271 4911 3626 4968 Massaliano-

2043 5021 2185 5068 tum,
2220 5007 2301 5059 sic
2338 5005 2630 5069 dictorum,
2683 5005 2915 5069 deliriis,
2971 5005 3075 5061 sibi
3133 5011 3475 5068 acervarunt,
3519 5000 3626 5077 qui

2043 5097 2196 5165 prius
2227 5098 2444 5168 quidem
2501 5097 2768 5153 visibilem
2803 5097 2896 5154 Dei
2947 5100 3240 5155 essentiam
3290 5100 3628 5170 blasphemia

2045 5187 2325 5253 dicereut,
2388 5196 2612 5258 tumque
2683 5189 2968 5245 catholicae
3024 5191 3216 5262 synodi
3299 5195 3627 5247 auctoritate
3730 5181 3738 5186 ’

2042 5293 2378 5348 censuraque
2428 5282 2676 5344 revincti,
2711 5282 2813 5336 hoc
2842 5282 3110 5338 haereseos
3140 5285 3464 5339 invenerunt
3495 5301 3626 5339 cou-

2043 5370 2274 5438 fugium,
2299 5383 2356 5424 ut
2386 5372 2651 5438 dicerent,
2672 5388 2780 5428 non
2804 5376 2906 5430 sibi
2934 5375 3108 5432 oculis
3138 5376 3519 5447 aspectabilem
3545 5378 3624 5430 di-

2048 5464 2229 5516 vinam
2305 5465 2628 5533 essentiam,
2670 5467 2764 5522 sed
2837 5469 3004 5524 videri
3066 5469 3248 5525 lumen
3294 5465 3622 5534 iucreatutn,

2041 5694 2375 5758 Studimam.
2407 5697 2662 5752 observat
2707 5696 2989 5752 Stlietatus
3045 5694 3218 5764 ipsius
3281 5692 3623 5763 discipulus;

2039 5776 2092 5817 ut
2126 5777 2326 5830 essent,
2363 5765 2664 5834 velleutmtc
2722 5768 2909 5820 liabeti
2962 5766 3313 5828 θεοδίδακτοι,
3349 5768 3500 5834 quasi
3542 5767 3619 5815 die

2039 5837 2165 5889 vino
2188 5837 2370 5890 ninam
2403 5845 2453 5889 et
2482 5838 2810 5890 revelnt'wu.‘
2839 5839 2980 5890 docti
3010 5856 3020 5888 :
3058 5836 3253 5905 quibus
3304 5853 3434 5889 s.tue
3487 5851 3619 5902 pru-
