4074 6422
351 382 458 445 δεῖ)

1353 390 1451 450 DE
1495 389 1872 450 ESSENTIA
1914 386 2010 447 ET
2045 388 2561 456 DPEIMTIONE.

3497 398 3606 461 390

351 495 496 559 τοὺς
521 535 537 558 ,
576 493 659 560 ὥς
687 474 878 566 φησιν
920 499 1207 566 Ἰωάννης
1237 502 1453 566 όθεῖος
1480 503 1719 568 Πιιτύρ;
1750 504 1831 554 (λὺ
1867 507 1927 553 τι)

2038 517 2242 564 manas,
2263 518 2448 570 eosque
2465 503 2633 570 fugat,
2658 503 3094 573 quemadmodum
3115 507 3188 558 ait
3213 507 3418 560 divinus
3449 505 3608 562 Pater

346 588 455 640 τοῦ
491 589 715 655 Κυρίου
755 590 983 656 Ἰησοῦ,
1010 593 1078 643 τὸ
1111 593 1180 644 ἐν
1207 593 1280 658 τῇ
1312 593 1522 661 μνήμῃ
1574 593 1761 647 αὑτοῦ
1789 591 1930 656 ἐξά-

344 695 503 733 actor
530 679 753 746 ἐνόον;
794 682 978 752 Ὀσμὴ
1009 684 1080 736 δὲ
1117 685 1440 753 Ὑψίστου.
1471 686 1615 738 ποία
1646 685 1837 753 ἑτέρα.
1879 687 1930 738 εἰ

336 773 427 842 μὴ
468 776 652 842 θέρμη
675 775 782 829 τοῦ
815 777 990 845 ἁγίου
1037 779 1410 846 Πνεύματος,
1454 779 1592 846 ἣτις
1647 779 1798 833 ποτὲ
1831 780 1929 833 καὶ

339 865 412 918 ἐκ
443 866 554 932 τῆς
595 868 769 933 ῥινὸς
817 868 1088 938 dmi-ﬁrme
1135 870 1478 939 éifépzsmt;
1539 873 1606 924 Ἀ
1637 871 1700 941 δὴ
1732 875 1789 923 ἐν
1817 875 1930 935 τοῖς

347 959 480 1025 περὶ
509 959 685 1024 φωτὸς
715 962 886 1014 αὑτοῦ
918 962 1120 1030 λόγοις,
1146 961 1240 1024 οὒς
1265 963 1563 1033 ἐπιγράφει
1597 963 1931 1033 Προτέρους

347 1051 448 1100 καὶ
501 1052 850 1118 Δευτέρους,
887 1054 1052 1120 φησὶν
1084 1053 1308 1117 ὀὕτως’
1375 1057 1436 1105 ’0
1479 1054 1687 1123 μέντοι
1713 1053 1838 1122 φῶς
1861 1054 1931 1107 ἐν

346 1143 688 1198 ὑποστάσει
718 1145 867 1214 φασὶ
901 1147 1322 1216 πνευματικῶς
1353 1147 1525 1216 δρᾷν,
1569 1149 1790 1216 (ir-per,
1830 1147 1929 1200 καὶ

343 1235 430 1301 μὴ
465 1239 844 1304 συμϐολικόν
865 1251 882 1266 ⁸
914 1238 1008 1293 ἀεὶ
1038 1238 1147 1308 γὰρ
1178 1240 1270 1308 ὂν,
1298 1239 1394 1293 καὶ
1423 1240 1490 1292 τὰ
1540 1239 1688 1309 ἑξῆς.
1729 1240 1811 1293 Τὰ
1865 1238 1930 1309 δὴ

343 1327 571 1380 τοιαῦτα
628 1331 687 1381 ὲν
746 1329 823 1398 τῷ
853 1329 1055 1400 πρώτῳ
1091 1330 1232 1400 λόγῳ
1281 1332 1626 1404 προείρηται,
1675 1334 1807 1386 ὅπου
1829 1332 1930 1403 τὴν

344 1422 458 1474 τῶν
493 1422 702 1494 ἀνδρῶν
720 1424 928 1478 τούτων
951 1424 1135 1480 πίστιν
1165 1425 1500 1495 ἐδείκνυμεν.

431 1689 554 1743 Ἑπί
585 1691 642 1744 δὲ
686 1691 898 1756 τούτοις
940 1693 1301 1763 ἐλεγχόμενος
1356 1693 1463 1748 ὑπό
1496 1712 1683 1757 τινων.
1743 1695 1930 1764 σαφῶς

340 1782 446 1850 τὴν
486 1782 674 1836 οὐσίαν
714 1783 808 1836 τοῦ
866 1784 998 1838 Θεοῦ
1059 1787 1266 1856 όρατὴν
1289 1787 1383 1840 καὶ
1417 1789 1694 1857 πνευστὴν
1747 1804 1926 1841 κατα-

2030 589 2262 646 Joannes
2291 594 2317 646 .9
2345 592 2532 647 Nonne
2559 593 2768 648 Domini
2798 596 2928 649 Iesu
2974 597 3063 666 qui
3094 597 3241 650 intus
3272 600 3326 652 in
3361 601 3474 668 ejus
3504 619 3610 655 me.

2031 685 2203 738 moria
2236 687 2593 740 accenditur?
2626 685 2797 740 Porro
2851 687 3113 740 Altissimi
3161 689 3309 754 odor,
3363 692 3609 759 quisnam

2031 775 2197 829 alius.
2247 777 2346 828 nisi
2397 780 2571 846 fervor
2600 776 2830 846 Spiritus
2875 780 3046 832 sancti
3103 783 3192 849 qui
3242 792 3286 835 et
3330 797 3421 850 per
3453 798 3607 836 nares

2029 869 2339 938 quandoque
2376 886 2577 923 arcana
2616 873 2817 925 ratione
2868 873 3146 939 procedit?
3179 873 3306 938 Qua:
3338 874 3523 942 utique
3551 874 3604 926 in

2030 960 2364 1014 orationibus
2400 962 2514 1014 suis
2561 962 2625 1015 de
2659 962 2886 1027 lumine,
2911 977 3045 1030 quas
3101 962 3316 1016 Priores
3343 973 3398 1016 et
3426 974 3598 1030 poste-

2031 1053 2196 1104 riores
2263 1061 2550 1120 prarnotat,
2637 1054 2801 1124 inque
2863 1055 3004 1108 hunc
3063 1057 3279 1108 modum
3335 1057 3606 1125 exponit:

2033 1143 2188 1196 Hunc
2233 1145 2483 1198 nimirum
2535 1149 2700 1215 ignem
2759 1148 2926 1212 ipsum
2961 1147 3015 1198 in
3064 1147 3336 1215 [typostasi
3369 1163 3431 1199 ac
3483 1147 3610 1200 sub-

2029 1237 2299 1290 sistentem
2347 1239 2658 1304 spiritaliter
2695 1254 2750 1292 se
2799 1240 2972 1292 videre
3020 1239 3194 1304 aiunt,
3233 1239 3371 1309 quod
3397 1239 3608 1308 quidem

2030 1331 2386 1383 ersistentiam
2425 1330 2600 1395 habet,
2628 1338 2678 1382 et
2734 1347 2850 1383 non-
2889 1331 3234 1399 symbolicum
3263 1341 3338 1384 est
3362 1347 3383 1395 ;
3403 1347 3608 1400 semper

2029 1423 2167 1476 enim
2189 1423 2441 1476 exsistens
2476 1433 2574 1486 est,
2605 1433 2660 1476 et
2691 1437 2811 1491 qua:
2862 1434 3182 1492 sequuntur.
3229 1425 3358 1489 Qum
3417 1425 3604 1493 utique

2022 1511 2137 1578 jam
2167 1522 2292 1567 ante
2321 1513 2462 1568 dicta
2495 1523 2617 1567 sunt
2641 1513 2780 1567 libro
2825 1514 3018 1583 primo,
3059 1515 3150 1569 ubi
3203 1517 3394 1571 borum
3427 1514 3604 1570 homi-

2029 1623 2158 1662 num
2191 1608 2346 1660 ﬁdem
2376 1606 2730 1662 ostendimus.
3315 1628 3350 1647 ς

2105 1700 2240 1755 1-1ῖηο
2269 1711 2446 1755 autem
2504 1698 2854 1768 arguentibus
2891 1698 3234 1768 quibusdam,
3256 1699 3396 1767 quod
3430 1698 3605 1768 palam

2033 1794 2125 1848 Ι)ιοὶ
2153 1796 2446 1849 essentiam
2493 1793 2665 1847 oculis
2695 1791 3077 1860 inspectabilem
3109 1805 3350 1859 nareque
3399 1792 3610 1858 aspira-

342 1873 649 1937 σκευάζων,
676 1875 962 1943 ἐκφεύγων
990 1877 1150 1946 δῆθεν
1181 1876 1244 1930 τὸ
1281 1862 1500 1941 ἄτοπον,
1537 1879 1743 1948 χείρονι
1770 1879 1925 1948 κακῷ

2031 1884 2193 1938 bilem
2243 1882 2560 1948 all‘irmaret,
2623 1881 2876 1935 nimirum
2933 1889 2991 1934 ut
3039 1882 3328 1935 absurdum
3376 1883 3597 1944 vitaret,

342 1962 674 2031 θεραπεύειν
697 1964 758 2016 τὸ
790 1965 1113 2034 βλάσφημον
1163 1969 1489 2039 ἐπεχείρησε
1518 1985 1532 2001 ο
1599 1971 1696 2024 καὶ
1748 1971 1926 2040 τολμᾷ

342 2057 446 2123 τὴν
467 2056 792 2124 ύπερούσιον
818 2056 1056 2128 ὓπαρξιν
1080 2060 1176 2114 τοῦ
1203 2062 1340 2114 Θεοῦ
1362 2063 1461 2132 τὴν
1488 2063 1955 2132 ὑπερηνωμένην,

341 2145 508 2198 ἑψάδα
531 2146 788 2216 ἁθέσμως
818 2155 1180 2221 πραγματικῇ
1209 2151 1479 2222 διακρίσει
1507 2156 1587 2216 εἰς
1616 2155 1803 2207 οὐσίαν
1835 2157 1927 2210 καὶ

347 2236 648 2305 ἐνέργειαν,
686 2238 886 2306 μᾶλλον
910 2240 968 2292 δὲ
998 2243 1283 2310 ἐνεργείας
1310 2244 1590 2299 διελέσθαι
1607 2262 1622 2276 ⁸
1645 2246 1738 2300 καί
1762 2264 1928 2318 φησιν

350 2327 406 2378 ἐν
441 2338 547 2382 τινι
596 2330 708 2382 τῶν
755 2333 1063 2402 εἰρημένων
1102 2335 1299 2400 λόγων,
1346 2337 1429 2389 ὅτι
1465 2338 1645 2392 Τοῦτο
1679 2342 1746 2394 τὸ
1802 2339 1929 2408 φῶς

348 2424 529 2476 οὐσία
580 2423 699 2491 μὲν
746 2426 896 2480 Θεοῦ
931 2427 1044 2481 οὐκ
1092 2428 1257 2482 ἐστι’
1308 2429 1408 2484 καί
1463 2429 1575 2500 γὰρ
1617 2432 1928 2502 ἀνέπιιςρος

357 2513 578 2580 ἐκείνη.
608 2519 903 2588 Ἀγγελος
957 2521 1068 2574 οὐκ
1130 2522 1263 2575 ἔστι
1293 2540 1305 2554 ·
1352 2525 1759 2592 Δεσποτικοὺς
1817 2527 1928 2596 γὰρ

368 2607 530 2676 φέρει
554 2611 952 2681 χαρακτῆρας.
975 2615 1085 2668 Καὶ
1116 2617 1299 2681 πάλιν,
1329 2619 1397 2670 Ta
1422 2618 1550 2688 φῶς
1581 2621 1762 2676 τοῦτο
1793 2625 1927 2676 θεω-

354 2701 465 2768 pla
487 2698 560 2772 ἦν
587 2705 659 2760 οὐ
693 2703 807 2770 τῆς
857 2707 1024 2773 θείας
1085 2709 1348 2776 φύσεως,
1381 2711 1546 2765 ἀλλὰ
1579 2711 1689 2780 τῆς
1741 2714 1928 2782 δόξης

354 2793 464 2860 τῆς
491 2797 725 2864 φύσεως
759 2799 968 2862 αὑτοῦ,
1005 2799 1087 2868 ἢν
1118 2802 1214 2856 καί
1247 2803 1433 2858 ἔδωκε
1471 2806 1606 2872 ’τοῖς
1631 2809 1927 2876 μαθηταῖς

352 2889 387 2941 ὀ
417 2889 645 2957 Κύριος,
681 2891 776 2944 καὶ
805 2891 880 2944 δι’
911 2893 1114 2946 αὐτῶν
1167 2894 1321 2950 πᾶσι
1373 2896 1498 2962 τοῖς
1522 2900 1927 2954 πιστεύουσιν

351 2983 538 3050 αὐτῷ.
581 2986 688 3040 Καὶ
727 2989 843 3056 μετ’
890 2988 1066 3056 ὀλίγα,
1105 2990 1290 3044 Ὥστε
1335 2991 1433 3046 καὶ
1467 2993 1541 3062 τῇ
1576 2994 1924 3063 ἀνθρωπίνῃ

351 3079 536 3144 φύσει
562 3077 677 3144 τὴν
702 3079 896 3142 δόξαν
918 3079 1105 3134 ἔδωκε
1122 3080 1233 3148 τῆς
1264 3085 1576 3150 Θεότητος.
1606 3087 1720 3154 τὴν
1736 3088 1928 3154 φύσιν

350 3171 406 3220 δ’
431 3170 504 3223 οὔ
525 3185 539 3199 ⁸
569 3170 722 3226 ἄλλο
745 3171 862 3238 ἄρα
890 3173 1076 3240 φύσις
1101 3173 1272 3236 Θεοῦ,
1307 3176 1404 3230 καί
1435 3177 1474 3244 ἡ
1502 3175 1652 3241 δόξα
1702 3180 1925 3245 ταύτης

2030 1978 2210 2048 peiore
2242 1979 2386 2032 malo
2445 1976 2832 2046 blasphemiam
2876 1973 3046 2030 lenire
3093 1983 3318 2029 conatus
3339 1985 3449 2039 est;
3507 1990 3606 2027 au.-

2031 2073 2226 2140 detque
2257 2069 2491 2126 essentia
2525 2069 2674 2124 omni
2704 2071 3040 2139 superiorem
3091 2065 3186 2120 Dei
3230 2065 3605 2122 exsistentiam

2029 2178 2092 2217 ac
2137 2176 2464 2231 stipi-aquam
2493 2161 2697 2214 unitam
2724 2161 3010 2226 unitatem,
3034 2163 3266 2216 sceleste
3319 2161 3446 2215 reali
3499 2161 3610 2214 dis-

2031 2256 2290 2309 tinctione
2329 2254 2380 2306 in
2405 2251 2696 2307 essentiam
2718 2261 2768 2306 et
2819 2252 3216 2319 operationem.
3277 2266 3370 2306 seu
3428 2253 3608 2319 potius

2027 2343 2392 2413 Operationes,
2436 2342 2700 2406 dividere,
2772 2342 2958 2410 aitque
2989 2343 3043 2394 in
3075 2342 3304 2419 quadam
3337 2342 3606 2396 dictarunt

2029 2437 2347 2490 Orationum
2376 2477 2392 2502 ,
2451 2434 2627 2488 lumen
2662 2435 2761 2488 hoc
2797 2450 2898 2488 non
2937 2433 3032 2486 Dei
3087 2437 3296 2502 quidem
3326 2435 3607 2488 essentiam

2027 2545 2179 2594 esse;
2243 2545 2362 2582 nam
2394 2527 2489 2581 illa
2513 2545 2612 2581 non
2651 2536 2817 2596 potest
2848 2528 2995 2595 tangi
3019 2543 3038 2590 ;
3067 2525 3308 2595 angelum
3341 2543 3440 2581 non
3474 2543 3609 2602 esse,

2027 2623 2217 2691 quippe
2241 2638 2358 2674 cum
2394 2619 2704 2674 Dominicos
2727 2621 2864 2688 [erat
2888 2620 3240 2673 characteres.
3266 2618 3342 2673 Ac
3373 2634 3562 2672 rursus
3589 2643 3605 2674 ;

2029 2712 2226 2766 Lumen
2257 2712 2354 2764 hoc
2383 2713 2512 2764 visio
2538 2719 2674 2774 erat,
2715 2727 2816 2764 non
2867 2710 3062 2763 divina:
3115 2720 3340 2773 naturae,
3371 2713 3458 2763 sed
3497 2710 3608 2762 clu-

2029 2807 2205 2858 ritatis
2233 2821 2322 2858 seu
2358 2804 2644 2862 maiestatis
2679 2815 2884 2857 naturae
2911 2803 3025 2872 ejus
3074 2819 3234 2869 quam
3263 2809 3313 2856 et
3339 2795 3610 2868 discipulis

2034 2897 2286 2950 Dominus
2339 2896 2580 2958 tradidit.
2613 2911 2658 2950 et
2686 2912 2780 2964 per
2824 2913 2934 2961 eos,
2960 2898 3139 2950 cuncti
3180 2898 3292 2966 ejus
3333 2897 3601 2966 fidelibus.

2028 2989 2329 3058 Paucisque
2387 2989 2721 3056 interiectis:
2760 2987 3109 3053 Quamobrem
3159 2990 3320 3042 etiam
3369 2989 3614 3041 Immimrr:

2030 3089 2236 3138 natura!
2258 3082 2554 3134 claritatem
2597 3080 2744 3134 dedit
2795 3080 3167 3140 Deitatis,nou
3220 3090 3395 3133 tamen
3448 3090 3608 3132 natu-

2031 3187 2168 3226 ram.
2209 3171 2370 3226 Aliud
2403 3187 2526 3243 ergo
2551 3181 2627 3225 est
2657 3170 2753 3225 Dei
2806 3181 3022 3232 natura,
3049 3171 3294 3239 aliudque
3335 3170 3447 3240 ejus
3494 3170 3609 3222 clu-

349 3264 579 3331 ἓτερον.
623 3237 784 3318 ’.411
821 3237 906 3318 εἰ-
928 3265 1028 3318 καί
1053 3237 1186 3332 τῆς
1224 3267 1387 3332 θείας
1444 3237 1687 3338 φύσεως
1723 3237 1927 3339 ἕτερόν

2035 3266 2191 3319 ritas.
2234 3264 2491 3319 Craterum
2548 3263 2785 3332 quamvis
2842 3263 2990 3315 aliud
3019 3262 3085 3316 sit
3117 3277 3149 3314 a
3181 3261 3357 3315 dir-ina
3392 3271 3605 3325 natura,

351 3356 508 3412 ἐστι.
542 3353 664 3420 τοῖς
689 3353 871 3409 οὖσιν
920 3359 1033 3411 οὐκ
1087 3358 1164 3412 ἂν
1198 3359 1296 3425 εἴη
1324 3360 1685 3431 ἐναρίθμιος.
1720 3365 1827 3417 Καὶ
1851 3366 1931 3429 εἰς

357 3447 703 3515 παράστασιν
738 3447 847 3499 τῶν
875 3449 1136 3501 τοιούτων
1168 3451 1336 3503 αὐτοῦ
1365 3451 1562 3519 λόγων,
1595 3453 1672 3523 τῷ
1697 3455 1791 3507 ἐπὶ
1830 3455 1930 3524 τῆς

356 3537 453 3589 τοῦ
488 3539 693 3608 Κυρίου
725 3539 1206 3610 μεταμορφώσεως
1231 3543 1436 3612 χρῆται
1482 3546 1642 3611 φωτὶ,
1677 3546 1770 3598 καὶ
1801 3549 1932 3613 περὶ

352 3630 521 3684 αὐτοῦ
550 3629 643 3684 τοῦ
695 3631 872 3698 φωτὸς
919 3633 986 3686 τὰ
1034 3634 1198 3702 ὅμοια
1252 3634 1510 3701 διέξεισιν
1536 3637 1595 3688 ὲν
1651 3637 1933 3710 διαφόροις

352 3721 537 3789 λόγοις
567 3721 734 3776 αὐτοῦ
757 3738 772 3754 ο
803 3715 848 3790 ᾧ
880 3725 912 3794 ή
943 3722 1164 3788 σύνοδος
1203 3725 1645 3796 ἀκολουθήσασα,
1678 3732 1776 3799 τὴν
1799 3747 1932 3800 προ-

349 3813 670 3868 εκτεθεῖσαν
715 3815 1013 3869 ἐϐεϐαίωσε
1065 3817 1276 3871 πίστιν.
1328 3817 1427 3872 Διὰ
1483 3819 1658 3872 ταῦτα
1714 3822 1930 3884 πολλοῖς

327 3904 722 3972 προσέκοψαν,
752 3906 1216 3975 συμποδισθέντες
1232 3911 1345 3972 τοῖς
1373 3909 1690 3980 εἰρημένοις
1710 3913 1926 3976 αἰτίοις,

349 3996 445 4046 καὶ
489 3995 721 4064 μάλιστα
742 3998 808 4068 τῇ
842 3997 995 4068 παρὰ
1045 3997 1143 4069 τὴν
1167 3999 1492 4070 ὁμωνυμίαν
1521 4001 1738 4072 ἀπάτῃ·
1773 4004 1840 4056 δι’
1863 4005 1930 4074 ἣν

318 4087 413 4138 -ού
453 4086 613 4155 μόνον
639 4087 699 4138 τὸ
725 4087 821 4156 τῆς
849 4088 1133 4158 ἐνεργείας
1181 4086 1354 4160 ὄνομα
1407 4093 1702 4162 ὁμώνυμον
1743 4092 1822 4160 ὃν,
1854 4095 1930 4158 ὡς

347 4179 634 4245 δέδεικται,
669 4167 1032 4252 παρενόησαν,
1068 4182 1290 4246 ἑκόντες
1331 4184 1559 4248 ἑαυτοὺς
1602 4187 1929 4259 ἀποτυφλώ-

351 4288 546 4334 omne;
607 4271 743 4342 πρὸς
797 4272 1042 4342 φανερὰν
1101 4272 1384 4343 ἀλήθειαν,
1442 4275 1578 4329 ἀλλὰ
1611 4279 1706 4331 καὶ
1733 4279 1793 4331 τὸ
1831 4275 1930 4348 τῆς

355 4363 634 4431 δυνάμεως
660 4363 753 4416 καὶ
778 4363 1120 4435 ἁγαθότητος
1149 4364 1244 4418 καὶ
1271 4365 1418 4436 ζωῆς
1445 4366 1542 4422 καὶ
1577 4370 1798 4438 σοφίας,
1833 4373 1929 4426 καὶ

355 4454 632 4518 αὑτοζωῆς
659 4454 751 4508 καὶ
788 4455 1143 4524 αὑτοσοφίας,
1172 4455 1268 4510 καὶ
1320 4458 1574 4528 προνοίας
1611 4461 1708 4513 καὶ
1731 4462 1930 4533 βουλή-

357 4560 487 4606 σεως
509 4556 524 4571 ⁶
559 4544 618 4608 ἐξ
645 4538 705 4597 οὗ
726 4543 978 4613 καθάπερ
999 4545 1058 4596 ὲν
1085 4546 1263 4615 σκότῳ
1296 4547 1393 4599 καὶ
1448 4548 1709 4620 συγχύσει
1758 4552 1928 4620 μηδὲν

347 4636 742 4706 διακρίναντες,
793 4635 937 4689 κατὰ
984 4636 1085 4706 τῆς
1141 4637 1328 4708 κοινῆς
1389 4639 1628 4704 πίστεως
1678 4645 1772 4696 καὶ
1802 4643 1925 4697 καθ’

346 4726 560 4780 ἑαυτῶν
600 4725 910 4797 ἐχώρησαν,
938 4725 1225 4796 βαράθρων
1253 4727 1380 4793 ἄξια
1412 4731 1887 4799 συμπεράναντες.

2032 3357 2177 3411 haud
2217 3367 2390 3411 tamen
2450 3357 2601 3410 rebus
2645 3355 3017 3409 conuumerari
3045 3354 3304 3407 debuerit.
3337 3356 3513 3422 Atque
3551 3366 3640 3416 ο

2032 3451 2296 3519 ejusmodi
2358 3450 2704 3505 sermonibus
2760 3449 2872 3500 suis
2931 3447 3090 3500 ﬁdem
3150 3454 3383 3508 astruat,
3440 3445 3610 3498 utitur

2033 3542 2237 3597 lumine
2289 3541 2432 3611 quod
2494 3540 2546 3593 in
2598 3537 2810 3594 Domini
2861 3538 3338 3591 transformatione
3385 3537 3609 3600 eﬂ'ulsit,

2030 3641 2328 3706 eademque
2355 3633 2422 3689 de
2455 3634 2546 3688 illo
2579 3633 2781 3686 lumine
2815 3630 3036 3684 disserit
3095 3631 3146 3683 in
3201 3631 3433 3683 diversis
3482 3646 3610 3682 sun-

2034 3747 2150 3784 rum
2185 3729 2485 3782 orationum
2511 3725 2675 3788 locis;
2706 3723 2856 3791 cujus
2890 3722 3133 3791 vestigiis
3173 3721 3445 3774 inhaerens
3477 3738 3609 3792 syn-

2032 3822 2189 3885 odus,
2253 3834 2412 3888 quam
2446 3818 2693 3886 superius
2715 3816 3090 3883 exposuimus,
3133 3815 3290 3867 ﬁdem
3317 3817 3608 3867 conﬁrma-

2031 3923 2180 3968 runt.
2232 3911 2439 3964 ldcirco
2495 3907 2674 3961 multis
2744 3905 3112 3971 oﬂ'enulerunt,
3166 3922 3261 3975 per
3303 3922 3415 3967 eas,
3477 3922 3614 3974 quas

2033 4005 2166 4070 dixi,
2196 4001 2468 4057 causasin
2509 4013 2750 4054 errorem
2818 3996 3076 4065 impulsi;
3131 3999 3428 4065 praesertim
3485 4013 3613 4050 vero

2033 4112 2129 4166 per
2151 4111 2339 4148 vocum
2372 4089 2795 4160 bomonyminm,
2824 4089 3094 4158 aliamque
3128 4102 3191 4142 ac
3224 4088 3383 4142 aliam
3417 4103 3603 4140 earum

2031 4182 2426 4254 acceptionem.
2454 4196 2520 4235 ex
2546 4195 2650 4249 qua
2685 4179 2886 4233 factum
2935 4189 3018 4232 est
3051 4186 3109 4231 ut
3166 4178 3364 4231 nedum
3419 4194 3612 4246 opera-

2034 4277 2194 4331 tionis
2224 4290 2441 4340 nomen;
2479 4272 2623 4344 quod
2660 4272 2778 4339 ejus
2813 4270 3031 4342 generis
3063 4279 3148 4325 est
3185 4284 3248 4324 ac
3303 4271 3612 4339 ὁμώνυμον,

2030 4377 2092 4423 ut
2153 4376 2433 4422 ostensum
2490 4376 2595 4426 εει,
2630 4363 2770 4417 male
2823 4361 3212 4424 intellexerint,
3259 4361 3357 4427 ipsi
3409 4362 3615 4428 seipsos

2031 4468 2241 4526 sponte,
2287 4456 2355 4510 ad
2424 4456 2628 4510 claram
2675 4454 2959 4508 veritatem
3010 4462 3366 4514 exctecantes,
3417 4452 3508 4504 sed
3562 4462 3616 4504 ιιι

2031 4551 2248 4603 virtutis
2282 4563 2374 4602 seu
2424 4547 2700 4617 potentiae,
2738 4557 2794 4600 et
2823 4545 3084 4600 bonitatis
3115 4553 3169 4597 ct
3214 4545 3340 4598 vitae
3375 4553 3430 4596 et
3475 4544 3618 4610 supi-

2032 4641 2212 4701 entite,
2245 4649 2298 4694 et
2322 4653 2420 4708 per
2471 4653 2531 4692 se
2581 4637 2703 4689 vita!
2741 4645 2794 4688 et
2850 4636 3150 4703 sapientiae,
3184 4644 3233 4688 et
3267 4633 3618 4703 providentiae

2032 4743 2089 4788 et
2123 4732 2418 4786 voluntatis
2455 4747 2468 4783 :
2513 4745 2576 4783 ac
2619 4729 2742 4782 inde
2768 4727 2912 4780 velut
2948 4726 2998 4780 in
3061 4724 3295 4778 tenebris
3323 4740 3386 4776 ac
3432 4724 3620 4777 coniu-

342 4822 500 4874 sione
575 4818 707 4872 nihil
789 4817 1184 4886 discernentes,
1239 4819 1502 4876 adversus
1567 4837 1910 4880 communem
1951 4825 2147 4893 ﬁdem,
2199 4825 2412 4897 ipsique
2465 4825 2729 4878 adversus
2800 4820 3010 4888 seipsos
3044 4815 3432 4889 processerint,
3500 4831 3637 4884 qua?

343 4915 506 4982 digna
539 4911 792 4966 barathro
824 4911 953 4978 sint,
984 4912 1395 4969 concludentes.

421 5009 592 5076 Δῆλον
619 5007 678 5060 δὲ
702 5007 938 5077 (ῥητέον
958 5007 1072 5078 γὰρ
1097 5009 1254 5079 ὀλίγα
1285 5013 1820 5084 προχειρισαμένοις,
1843 5018 1928 5080 εἰς

345 5103 691 5170 παράστασιν
725 5101 823 5168 τῆς
856 5099 965 5152 τῶν
1021 5100 1320 5170 ’Δρειανῶν
1361 5104 1571 5158 τούτων
1601 5111 1928 5179 παραφορᾶς

345 5195 444 5248 καὶ
469 5189 938 5260 παρεξηγήσεως)
962 5205 976 5220 ·
1009 5189 1178 5258 φησὶν
1202 5192 1229 5244 ὁ
1281 5190 1437 5260 ἅγιος
1471 5193 1726 5262 Μάξιμος
1756 5199 1816 5248 ὲν
1849 5195 1927 5249 κε’

343 5288 446 5358 τῆς
465 5284 650 5356 τρίτης
675 5282 785 5336 τῶν
812 5284 940 5351 περὶ
956 5283 1767 5352 ’ΔγάπηςἙκατοντάδος-,⁶Ὀτι
1790 5288 1927 5342 τέσ-

343 5393 505 5445 σαρα
528 5374 646 5429 τῶν
663 5375 835 5428 θείων
853 5372 1201 5441 ἰδιωμάτων,
1218 5377 1545 5430 συνεκτικὰ
1558 5379 1653 5432 καὶ
1671 5397 1930 5448 φρουρη-

323 5470 480 5525 ·τικὰ
507 5465 609 5521 καί
636 5464 963 5520 διασωτικὰ
1006 5464 1118 5518 τῶν
1143 5465 1356 5532 ὄντων,
1388 5468 1463 5520 δι’
1494 5468 1688 5536 ἄκραν
1708 5473 1924 5539 ἀγαθό-

344 5578 494 5630 mea
510 5558 970 5621 ἐκοινοποίησεν
993 5560 1026 5611 ό
1052 5558 1218 5624 Θεὸς,
1245 5559 1527 5628 παράγων
1549 5564 1636 5627 εἰς
1665 5562 1734 5614 τὸ
1768 5557 1922 5616 εἶναι

345 5653 462 5719 τὴν
477 5644 733 5720 dormiit“
759 5648 860 5700 καὶ
880 5649 1097 5718 νοερὰν
1111 5650 1334 5703 οὐσίαν
1353 5666 1366 5682 '
1391 5653 1455 5705 τὸ
1485 5651 1579 5719 ὃν,
1605 5653 1671 5706 τὸ
1703 5653 1792 5708 ἀεὶ
1824 5653 1916 5717 ὃν,

345 5743 461 5809 τὴν
487 5743 829 5810 ἁγαθότητα
871 5739 969 5792 καί
998 5737 1114 5806 τὴν
1135 5741 1387 5809 σοφίαν.
1443 5743 1678 5796 Τούτων
1704 5744 1776 5796 τὰ
1799 5743 1918 5812 μὲν

349 5839 461 5893 δύο
490 5836 562 5907 τῇ
603 5835 784 5900 οὐσίᾳ
817 5830 1120 5900 παρέσχε,
1154 5831 1219 5886 τὸ
1249 5832 1323 5886 ὃν
1349 5833 1445 5888 καὶ
1479 5834 1546 5889 τὸ
1578 5834 1666 5890 ἀεὶ
1701 5834 1773 5889 ὄν
1795 5851 1808 5867 °
1854 5836 1928 5891 τὰ

2106 5015 2182 5067 Ac
2242 5009 2409 5077 liquet
2479 5001 2791 5074 (dicendum
2843 5001 2990 5056 enim
3037 5013 3232 5070 pauca,
3279 5008 3338 5051 ut
3402 4997 3618 5054 Arionis

2039 5107 2253 5163 amnem
2304 5103 2498 5156 borum
2555 5105 2794 5152 errarem
2845 5109 3179 5166 pravumque
3231 5096 3618 5163 expositionem

2035 5193 2369 5265 probemus).
2403 5191 2491 5243 Ait
2538 5201 2760 5242 sanctus
2823 5187 3098 5240 Maximus
3138 5186 3314 5254 capite
3337 5202 3443 5241 xxv
3479 5185 3622 5240 terti

2033 5284 2344 5343 Centenarii
2377 5284 2443 5337 de
2474 5281 2747 5336 cbsritate
2785 5296 2798 5332 :
2833 5279 3082 5345 Quatuor
3140 5280 3350 5332 divinas
3384 5281 3622 5348 proprie-

2035 5389 2194 5440 tates,
2227 5391 2456 5442 quarum
2491 5375 2558 5427 sit
2592 5374 2798 5426 virtutis
2847 5382 2902 5424 ut
2939 5388 3018 5424 res
3065 5375 3386 5435 contineant,
3416 5381 3464 5423 et
3511 5382 3624 5424 tue—

2035 5481 2197 5525 antur
2240 5475 2602 5543 prmstcntque
2661 5465 2965 5525 incolumes,
3003 5466 3064 5517 ob
3120 5479 3378 5516 sumntum
3409 5463 3620 5516 bonita—

2032 5573 2135 5616 tem
2172 5560 2307 5614 Deus
2339 5573 2635 5611 communes
2666 5556 2810 5626 fecit,
2869 5557 3121 5621 producta
3151 5556 3205 5605 in
3239 5568 3410 5605 rerum
3455 5562 3615 5604 natu-

2032 5668 2147 5706 ram
2209 5650 2510 5706 substantia
2568 5647 2788 5701 rationis
2840 5645 3097 5712 participe
3137 5660 3199 5696 ac
3252 5643 3616 5712 intelligente;

2031 5761 2218 5815 nempe
2255 5757 2315 5798 eo
2345 5744 2481 5815 quod
2505 5751 2599 5805 est,
2625 5749 2678 5794 et
2704 5739 2844 5807 quod
2877 5752 3078 5804 semper
3101 5746 3196 5798 est,
3244 5735 3472 5804 itemque
3522 5736 3618 5786 bo-

2035 5841 2203 5894 nitate
2233 5847 2282 5892 et
2312 5835 2594 5906 sapientia.
2644 5833 2848 5888 Harum
2885 5831 3018 5882 duas
3049 5829 3356 5881 substau'ia'
3404 5828 3618 5887 tribust,
