4074 6420
262 391 371 453 49]

1291 405 1388 466 DE
1430 406 1806 471 ESSENTIA
1849 410 1945 471 ΕΤ
1980 401 2506 476 OPERATIONEL

3419 413 3548 479 610‘

261 506 401 575 πρὸς
441 505 514 600 τα
537 509 603 574 ἐξ·
625 509 789 564 αὐτοῦ
813 510 1044 584 διάφορα
1075 517 1295 572 diruti
1323 521 1601 592 διαφόρως
1626 523 1848 592 λέγεται

1954 542 2019 581 cx
2059 528 2152 584 illo
2183 543 2306 584 sunt
2337 538 2602 599 tanquam
2627 527 2848 585 ell‘éctus
2873 541 3154 593 excausa,
3186 543 3282 597 per
3309 544 3548 600 compar

259 600 400 669 πρὸς
423 599 597 653 ταῦτα
621 617 636 631 ·
681 602 870 673 ὥσπερ
907 607 934 657 6
968 606 1132 671 αὐτὸς
1165 613 1258 662 καὶ
1287 606 1370 674 εἷς
1398 613 1708 682 ἄνθρωπος,
1733 633 1839 668 πα-

261 689 710 759 ραδειγματικῶς
745 694 939 770 εἰπεῖν,
979 699 1075 750 καὶ
1115 699 1307 770 πατὴρ
1335 702 1573 769 λέγεται,
1611 707 1709 756 καὶ
1760 706 1844 759 oi.

261 779 496 848 κοδόμος
531 782 627 832 καὶ
667 784 996 852 στρατηγὸς,
1035 785 1102 841 ἂν
1131 786 1276 842 οὕτω
1309 791 1471 861 τύχῃ,
1499 796 1567 861 τῇ
1605 795 1744 863 πρὸς
1772 796 1842 850 τὰ

256 867 486 921 circ-usi
520 870 822 940 ἀποδλέψει
851 887 864 900 ’
892 875 1028 928 ἀλλὰ
1062 877 1198 947 πρὸς
1225 880 1324 949 μὲν
1349 882 1444 934 τὸν
1477 885 1592 938 υἱὸν
1622 885 1844 953 λέγεται

260 958 474 1028 πατὴρ,
520 959 597 1024 ὡς
631 961 794 1027 φύσις
829 965 924 1018 καὶ
953 961 1112 1032 εἶδος,
1145 971 1240 1024 καὶ
1288 973 1459 1036 αἴτιος
1502 977 1558 1026 ἐν
1590 976 1668 1046 τῷ
1690 977 1845 1048 αὐτῷ

257 1051 437 1103 εἴδειο
473 1053 607 1118 πρὸς
662 1053 719 1105 δὲ
770 1055 837 1107 τὰ
883 1056 1020 1110 ἄλλα
1070 1061 1241 1125 αἴτιος
1291 1057 1432 1117 εἶναι
1479 1065 1723 1134 λέγεται,
1767 1068 1846 1134 ὡς

257 1142 538 1211 τεχνίτης.
581 1145 691 1196 Καὶ
731 1147 759 1196 6
804 1148 935 1210 Θεὸς
979 1148 1071 1202 οῦν
1100 1154 1194 1206 καὶ
1227 1155 1439 1226 Πατὴρ,
1472 1158 1546 1218 ὼς
1573 1161 1632 1213 ἐν
1661 1161 1847 1231 μικρῷ

257 1232 407 1300 Irim)
444 1234 512 1285 si
570 1235 786 1304 μεγάλα
838 1239 1207 1306 σταθμᾶσθαι,
1262 1247 1397 1315 πρὸς
1449 1247 1549 1316 μὲν
1585 1249 1678 1301 τὸν
1718 1250 1846 1302 Υἱδν

258 1325 360 1376 καὶ
398 1323 458 1376 τὸ
515 1326 740 1392 Πνεῦμα
802 1328 878 1393 ὡς
915 1330 1077 1398 φύσις
1126 1333 1266 1404 ἔχει,
1302 1339 1443 1406 πρὸς
1491 1339 1547 1392 δὲ
1605 1341 1674 1392 τὰ
1727 1341 1846 1393 κτί.

261 1431 476 1482 σματα.
518 1416 592 1478 ὼς
622 1417 876 1489 βούλησις
910 1421 941 1490 ἢ
991 1423 1232 1494 θέλησις,
1269 1429 1408 1496 μετὰ
1455 1429 1549 1483 τοῦ
1583 1430 1714 1484 Υίοῦ
1751 1433 1847 1485 καὶ

256 1507 359 1558 τοῦ
393 1507 708 1576 Πνεύματος
745 1512 963 1580 λέγεται
988 1533 1002 1544 ·
1032 1518 1158 1569 ἐπεὶ
1191 1519 1329 1588 πρὸς
1360 1520 1429 1574 τὰ
1464 1522 1664 1576 δυνατὰ
1695 1525 1850 1591 γενέ-

261 1597 420 1664 σθαι,
462 1603 554 1652 καὶ
582 1604 658 1672 μή
695 1605 971 1671 γενέσθαι,
1014 1609 1160 1676 λέγω
1203 1612 1304 1664 ὅσα
1334 1614 1434 1683 τῆς
1477 1615 1785 1685 βουλήσεως·
1812 1617 1846 1686 ἢ

263 1691 546 1758 Θελήσεως
590 1695 830 1763 εἴρηται,
883 1698 916 1766 ἠ
965 1698 1223 1769 βούλησις
1265 1703 1416 1758 αἰτία
1455 1706 1696 1774 λέγεται.
1740 1709 1849 1761 Καὶ

263 1784 395 1836 ἐπεὶ
439 1786 472 1853 ή
528 1785 626 1853 μὲν
661 1788 822 1855 φύσις
862 1791 950 1842 ἀεὶ
991 1793 1125 1862 πρὸς
1159 1793 1216 1846 ἒν
1243 1795 1378 1864 ἔχει,
1429 1796 1617 1869 ὥςπερ
1658 1802 1740 1863 εἰς
1769 1803 1850 1854 oi-

1952 621 2214 675 rationem
2264 623 2329 676 ad
2363 622 2450 676 illa
2508 621 2873 676 diversimode
2925 621 3215 675 nominari.
3250 621 3525 685 Quemad-

1947 711 2159 765 modum
2191 728 2333 766 uuus
2355 728 2418 767 ac
2454 713 2594 768 idem
2612 713 2874 780 homo(ut
2896 715 2998 767 sub
3031 713 3278 781 exemplo
3310 710 3526 783 loquar)

1945 811 2000 856 et
2035 813 2185 871 pater
2213 804 2432 862 dicitur.
2457 814 2510 860 et
2535 804 2849 868 aediﬁcator,
2872 807 3086 874 duxque
3113 814 3168 860 et
3198 807 3520 871 imperator,

1951 896 2123 948 si‘res
2156 896 2313 962 ferat,
2373 912 2469 964 per
2512 907 2818 967 respectum
2871 899 2938 952 ad
2986 897 3179 951 eﬂ'ecla
3207 911 3378 965 eaque
3408 909 3528 965 qum

1949 1001 2015 1040 ex
2063 986 2152 1040 illo
2185 997 2310 1042 sunt
2347 1004 2361 1040 :
2409 988 2501 1041 lilii
2540 998 2719 1044 tamen
2766 989 2993 1054 ratione,
3024 1001 3180 1058 pater
3211 988 3428 1048 dicitur,
3464 994 3523 1038 ιιι

1949 1083 2145 1128 natura
2173 1086 2226 1128 et
2251 1091 2446 1144 genus,
2485 1086 2778 1146 auctorque
2809 1076 2863 1130 in
2896 1078 3085 1131 eodem
3119 1090 3352 1145 genere;
3383 1073 3525 1128 alio-

1948 1182 2066 1220 rum
2099 1182 2227 1221 vero
2261 1168 2490 1233 ratione,
2525 1184 2684 1224 causa
2715 1169 2921 1224 dicitur
2945 1179 3003 1224 et
3053 1168 3247 1224 auct'or
3269 1168 3414 1222 velut
3436 1181 3523 1220 ar-

1947 1257 2100 1314 tifex.
2137 1258 2322 1328 Itaque
2349 1259 2486 1314 Deus
2511 1261 2673 1315 etiam
2706 1269 2763 1316 et
2793 1259 2954 1314 Pater
2979 1259 3060 1329 (ut
3083 1259 3231 1313 brevi
3258 1271 3515 1312 sermone

1946 1365 2038 1405 res
2059 1365 2284 1420 magnas
2313 1352 2703 1420 expendamus)
2743 1355 2809 1407 ad
2837 1351 3036 1406 Filium
3068 1351 3284 1421 quidem
3313 1358 3370 1404 et
3399 1347 3528 1418 Spi-

1949 1441 2109 1494 ritum
2177 1444 2318 1510 quod
2369 1451 2594 1511 spectat,
2645 1453 2704 1498 ut
2756 1451 2952 1498 natura
2997 1456 3057 1496 se
3113 1442 3315 1496 habet:
3382 1441 3550 1509 quod‘

1947 1548 2078 1588 vero
2105 1535 2169 1587 ad
2202 1543 2484 1588 creaturas
2511 1534 2724 1597 attinet,
2770 1541 2831 1586 ut
2859 1531 3123 1587 Voluntas
3149 1540 3204 1586 et
3232 1531 3522 1586 consilium

1949 1638 2052 1676 una
2091 1639 2212 1678 cmn
2247 1621 2386 1678 Filio
2412 1634 2467 1679 et
2496 1623 2702 1692 Spiritu
2728 1623 2947 1677 dicitur.
3006 1621 3264 1676 Voluntas
3293 1633 3552 1689 namque

1949 1727 2112 1767 causa
2141 1713 2364 1777 dicitur,
2389 1715 2441 1768 in
2470 1713 2536 1768 iis
2561 1728 2683 1782 qua:
2707 1713 2822 1767 ﬁeri
2857 1712 3122 1781 contingit
3152 1720 3208 1765 et
3233 1725 3340 1765 non
3375 1711 3526 1765 fieri:

1950 1821 2070 1872 quae
2107 1805 2360 1859 nimirum
2392 1806 2491 1861 sub
2519 1805 2850 1860 voluntatem
2884 1815 2939 1860 et
2964 1804 3252 1860 consilium
3290 1806 3518 1860 cadunt.
3546 1813 3547 1816 ‘

265 1879 417 1928 κεῖον
446 1877 620 1942 τέλος,
663 1879 783 1931 τόδε
815 1882 926 1948 πῦρ
975 1883 1088 1953 πῦρ
1121 1888 1307 1957 γεννᾷ,
1355 1889 1450 1942 καὶ
1497 1893 1524 1945 6
1562 1892 1850 1962 ἄνθρωπος

1954 1896 2216 1965 Quodque
2255 1904 2445 1950 natura
2485 1897 2552 1950 ad
2585 1911 2750 1951 unum
2780 1909 2996 1966 semper
3025 1910 3085 1951 se
3118 1896 3336 1958 habeat,
3373 1904 3434 1949 ut
3475 1893 3536 1949 in

268 1968 564 2037 ἄνθρωπον
597 1987 612 2000 ·
655 1971 724 2023 τὰ
766 1973 822 2024 δὲ
881 1976 979 2044 τῆς
1032 1974 1305 2044 Θελήσεως
1347 1981 1632 2050 ἠρτημένα
1683 1985 1852 2040 πολλὰ

269 2064 362 2112 καί
393 2059 626 2130 διαφορά
659 2063 765 2115 εἰσι
789 2081 802 2094 ·
835 2065 922 2119 διὰ
969 2067 1128 2122 τοῦτο
1157 2072 1184 2122 6
1217 2072 1316 2140 μὲν
1348 2075 1534 2145 Πατὴρ
1562 2075 1650 2129 ἀεὶ
1682 2079 1853 2149 γεννᾷ

272 2149 362 2201 τὸν
408 2149 556 2212 Υξὸν,
608 2155 702 2204 καὶ
748 2155 1114 2224 προΰάλλεται
1167 2162 1228 2214 τὸ
1289 2163 1516 2232 Πνεῦμα
1559 2165 1624 2219 τὸ
1672 2165 1850 2235 ἆγιον,

279 2239 525 2309 ἀναρχίης
571 2244 666 2294 καὶ
710 2245 1084 2316 ἁτελευτήτως
1129 2267 1143 2280 ο
1190 2252 1257 2304 τὰ
1291 2253 1347 2306 δὲ
1387 2253 1664 2325 κτίσματα
1702 2258 1732 2310 6
1772 2254 1854 2322 εἷς

284 2329 432 2398 Θεδς,
460 2337 486 2387 6
520 2336 704 2408 Πατὴρ
746 2343 841 2391 καὶ
875 2343 903 2394 6
928 2342 1055 2406 Υἱὸς
1103 2346 1197 2398 καὶ
1227 2346 1286 2400 τὸ
1315 2346 1537 2416 Πνεῦμα
1568 2348 1745 2416 ἅγιον,
1776 2350 1854 2412 ὡς

285 2427 382 2495 μία
422 2426 667 2497 βούλησις
701 2431 769 2484 τὰ
797 2434 1215 2504 ἀποτελέσματα
1251 2439 1521 2509 παράγει,
1583 2441 1722 2493 κατὰ
1756 2443 1852 2496 τὸν

286 2517 578 2586 ὡρισμένον
621 2526 685 2594 τῇ
719 2523 886 2578 αὑτοῦ
920 2527 1174 2600 βουλήσει
1209 2532 1426 2602 χρόνον.

363 2699 605 2770 Δεύτερον
635 2703 834 2766 αὐτοὺς
863 2704 1136 2770 δ;έλαοεν,
1185 2709 1323 2778 ὅπερ
1354 2710 1404 2762 oi
1449 2709 1693 2779 θεολόγοι
1740 2728 1850 2780 φα·

291 2791 388 2854 σὶν,
426 2793 540 2845 Ὀτι
596 2794 776 2864 μεῖζόν
825 2797 943 2850 ἐστι
985 2797 1064 2868 τῷ
1107 2800 1281 2870 Πατρὶ
1334 2803 1636 2874 γεννήτορα
1700 2801 1848 2858 εἶναι

287 2885 413 2937 ἰδίου
447 2885 575 2939 Υίοῦ
609 2889 702 2940 καὶ
753 2890 1025 2958 προϐολέα
1081 2891 1404 2960 Πνεῦματος
1443 2894 1475 2963 ἢ
1508 2894 1850 2963 δημιουργὸν

279 2977 378 3045 τῆς
411 2979 660 3042 κτίσεως.
693 2981 942 3035 Καθόλου
970 2983 1076 3054 γὰρ
1122 2984 1216 3036 ἐπὶ
1249 2984 1471 3039 πάντων
1507 2985 1571 3038 τὸ
1600 2986 1701 3055 τῆς
1746 2985 1851 3054 φύ-

281 3083 416 3130 σεως
444 3070 538 3122 καὶ
566 3072 657 3123 τοῦ
689 3073 868 3136 εἴδους
895 3073 1047 3137 τέλος
1087 3074 1183 3127 τοῦ
1215 3075 1326 3129 ἀπὸ
1356 3077 1455 3145 τῆς
1483 3077 1682 3146 τέχνης
1727 3079 1850 3146 μεῖ-

279 3161 390 3226 ζον.
415 3162 516 3215 Διά
542 3162 713 3216 ταῦτα
741 3165 930 3235 ἐπειδὴ
964 3166 1012 3218 οἱ
1056 3166 1330 3235 ’Δρειανοὶ
1362 3171 1594 3238 ποιητὴν
1625 3167 1726 3238 μὲν
1755 3169 1849 3222 καὶ

277 3257 528 3325 τεχνίτην
573 3255 757 3324 ἔλεγον
802 3259 896 3310 τὸν
925 3258 1060 3311 Θεὸν
1113 3260 1209 3314 καὶ
1256 3261 1500 3330 Πατέρα,
1543 3261 1763 3330 Πατέρα
1791 3261 1849 3316 δὲ

279 3347 439 3416 φύσει
479 3348 748 3417 οὐδαμῶς,
782 3351 810 3402 6
848 3350 1003 3416 ὄιγιος
1032 3345 1216 3413 εἶπεν,
1253 3351 1336 3405 ὅτι
1385 3351 1446 3405 Ei
1479 3351 1538 3405 τὸ
1569 3351 1761 3405 ἐλατον
1781 3353 1848 3422 τῇ

277 3439 403 3509 ἀξία
435 3442 799 3508 συγχωροῦσι,
825 3441 913 3494 διὰ
933 3440 984 3494 τί
1004 3441 1066 3493 τὸ
1098 3443 1286 3510 μεῖξον
1305 3443 1364 3495 οὐ
1389 3441 1630 3508 διδόασις
1665 3444 1775 3496 Καὶ
1802 3443 1851 3496 ei

281 3535 421 3586 κατὰ
449 3531 702 3599 βούλησιν
729 3535 906 3587 αἴτιον
951 3533 1232 3604 ἡγοῦνται,
1252 3535 1348 3588 ’διὰ
1399 3535 1451 3589 τί
1493 3535 1554 3589 τὸ
1584 3535 1848 3606 τιμιώτεο

283 3642 375 3693 ρον
408 3627 472 3693 τῇ
501 3623 625 3695 ἀξία
669 3627 762 3676 καὶ
797 3626 1218 3696 ὑπερκείμενον,
1253 3627 1314 3680 τὸ
1343 3628 1486 3681 κατὰ
1517 3627 1706 3696 φύσιν,
1747 3627 1849 3680 οὐκ

281 3714 613 3782 ἀπονέμουσι
647 3715 722 3783 τῷ
753 3715 910 3784 Θεῴ;
951 3717 1040 3779 Ὠς
1082 3716 1190 3786 γὰρ
1227 3719 1290 3772 ἐν
1336 3721 1449 3782 τοῖς
1481 3720 1747 3783 αἰτιατοῖς
1792 3718 1853 3771 τὸ

285 3807 470 3874 μεῖζον
522 3805 614 3857 καὶ
663 3805 909 3872 ἔλαττον,
943 3809 1085 3862 οὕτω
1135 3810 1238 3862 κάν
1273 3811 1388 3871 τοῖς
1437 3810 1720 3879 ὀνόμασιν,
1766 3805 1850 3872 οἷς

280 3898 455 3950 ταῦτα
485 3898 861 3966 ὀνομάζονται,
908 3902 1214 3971 τιμιώτερα
1246 3901 1343 3954 καὶ
1368 3901 1673 3972 σεμνότερα
1708 3901 1850 3956 ἄλλα

279 3992 456 4044 ἄλλων
489 3991 766 4062 ἡγούμεθα
805 3988 968 4047 εἶναι.

355 4176 526 4228 Πάλιν
552 4175 642 4227 τοῦ
669 4175 907 4244 μεγάλου
934 4175 1215 4230 Βασιλείαν
1246 4179 1304 4231 ὲν
1329 4179 1444 4241 τοῖς
1477 4178 1613 4249 πρὸς
1650 4179 1852 4250 Ἀμφι-

283 4269 463 4336 λὸχιον
489 4267 764 4336 εἰρηκότος
793 4268 1015 4331 οὑτωσὶ,
1041 4270 1220 4323 Ὥστε
1245 4269 1363 4322 κᾶν
1393 4285 1444 4322 τι
1467 4269 1701 4338 νοήσῃς
1732 4270 1853 4324 τῶν

289 4360 514 4411 αἰώνων
532 4359 828 4423 ἐπέκεινα,
862 4359 959 4412 καὶ
993 4360 1170 4414 τοῦτό
1207 4359 1338 4414 ἐστι
1373 4360 1481 4414 τοῦ
1505 4362 1851 4430 Πνεύματος

291 4449 584 4517 κατωτέρω
612 4465 627 4480 ο
661 4453 816 4503 αὐτοὶ
870 4451 926 4504 ὲν
974 4451 1053 4519 τῷ
1103 4452 1268 4522 Τόμω
1319 4453 1582 4522 ἡγοῦνται
1632 4471 1700 4507 τα
1744 4455 1853 4508 τῶν

1957 1988 2116 2042 ﬁnem
2165 1988 2442 2058 proprium
2477 1988 2658 2056 :iguls
2721 1987 2920 2056 ignem,
2952 1995 3006 2042 et
3042 1986 3204 2040 homo
3255 1984 3532 2040 hominem

1955 2088 2214 2147 generat:
2270 2094 2392 2148 quae
2444 2094 2576 2134 vero
2606 2093 2670 2134 ex
2721 2077 2997 2132 voluntate
3049 2077 3306 2146 pendent,
3357 2073 3533 2129 multa

1953 2177 2082 2226 sunt
2109 2179 2162 2225 et
2193 2169 2446 2224 diversa:
2480 2168 2685 2224 idcirco
2715 2168 2876 2224 Pater
2907 2183 3121 2238 semper
3147 2168 3314 2236 gignit
3337 2166 3532 2221 Filium

1953 2270 2006 2316 et
2027 2264 2278 2331 producit
2311 2263 2576 2332 Spiritum
2603 2269 2880 2324 sanctum,
2932 2262 3140 2328 absque
3173 2261 3285 2314 ullo
3317 2258 3525 2327 princi-

1954 2354 2044 2423 pio
2080 2360 2174 2406 aut
2230 2353 2376 2408 line:
2432 2362 2712 2408 creaturas
2752 2367 2882 2408 vero
2912 2365 3053 2406 unus
3085 2353 3246 2415 Deus,
3289 2348 3448 2404 Pater
3475 2357 3533 2405 et

1953 2447 2121 2501 Filius
2145 2456 2199 2502 et
2231 2445 2466 2516 Spiritus
2515 2454 2764 2510 sanctus,
2829 2454 3086 2514 tanquam
3133 2457 3238 2497 una
3272 2441 3534 2496 voluntas

1953 2537 2177 2594 cﬂectus
2223 2538 2279 2593 in
2351 2552 2538 2593 rerum
2591 2545 2838 2592 naturam
2901 2535 3175 2606 producit,
3231 2533 3534 2590 secundum

1957 2639 2166 2700 tempus
2199 2629 2370 2699 ipsius
2393 2627 2672 2684 voluntate
2694 2629 3076 2684 constitutum.

2024 2723 2294 2777 Praeterea
2333 2735 2428 2777 eos
2463 2721 2648 2787 latuit,
2707 2721 2849 2790 quod
2890 2721 3077 2775 dicunt
3116 2718 3370 2788 theologi,
3417 2732 3538 2773 ma-

1948 2810 2038 2881 jus
2073 2825 2196 2867 esse
2231 2811 2379 2865 Patri
2437 2811 2737 2882 genitorem
2782 2823 2903 2865 esse
2955 2809 3075 2865 Filii
3118 2810 3201 2863 sui
3225 2817 3277 2864 et
3324 2809 3530 2878 produc

1953 2913 2156 2959 ctorem
2195 2901 2433 2972 Spiritus
2488 2901 2684 2968 sancti,
2715 2916 2877 2972 quam
2906 2915 3030 2956 esse
3055 2915 3231 2955 rerum
3259 2907 3534 2954 auctbrem

1953 3009 2019 3051 ac
2046 3004 2376 3050 creatorem.
2419 2991 2731 3048 Universim
2763 2993 2907 3048 enim
2955 2993 3010 3047 in
3046 2993 3299 3047 omnibus
3325 3001 3537 3046 natum
3638 3005 3648 3013 ·

1954 3087 2077 3142 linis
2101 3101 2165 3142 ac
2192 3085 2394 3155 speciei
2445 3085 2624 3155 potior
2654 3091 2742 3140 est
2767 3099 2930 3155 quam
2957 3085 3116 3139 artis.
3151 3083 3381 3150 Idcirco,
3407 3082 3535 3152 quia

1954 3178 2138 3234 Ariani
2176 3179 2341 3234 Deum
2375 3187 2432 3233 et
2465 3176 2681 3232 Patrem
2710 3183 3013 3232 creatorem
3051 3175 3268 3243 quidem
3312 3188 3373 3227 ac
3401 3171 3537 3226 arti-

1957 3273 2112 3328 licem
2168 3271 2444 3336 dicebant,
2492 3268 2712 3324 Patrem
2758 3281 2891 3324 vero
2945 3275 3134 3322 natura
3188 3279 3538 3336 nequaquam.

1953 3365 2331 3428 admittebant,
2387 3362 2464 3416 ait
2513 3368 2780 3416 sanctus:
2815 3359 2872 3414 Si
2929 3359 2980 3413 id
3028 3359 3175 3428 quod
3213 3359 3392 3412 minus
3453 3364 3537 3412 est

1953 3457 2214 3526 dignitate
2261 3455 2588 3514 concedunt,
2631 3451 2820 3522 quidni
2877 3451 3126 3506 tribuunt
3177 3451 3320 3518 quod
3354 3449 3546 3519 majus

1938 3542 2071 3603 'est?
2127 3546 2196 3600 Et
2222 3545 2271 3600 si
2321 3545 2599 3600 voluntate
2625 3551 2906 3598 auctorem
2930 3550 2986 3597 et
3008 3555 3230 3597 causam
3255 3541 3526 3603 sentiunt,

1953 3636 2138 3705 quidni
2167 3637 2312 3706 quod
2339 3635 2599 3706 dignitate
2640 3632 2987 3700 praestantius
3035 3642 3119 3687 est
3163 3647 3228 3686 ac
3279 3633 3548 3701 superius

1955 3727 2124 3798 (quod
2174 3741 2369 3797 nempe
2419 3726 2718 3781 secundum
2775 3732 3030 3778 naturam
3080 3722 3186 3788 est)
3222 3723 3330 3778 Deo
3360 3724 3537 3777 ascri-

1955 3819 2124 3876 buuti
2156 3817 2622 3885 Quemadmodum
2652 3816 2798 3870 enim
2856 3816 2910 3870 in
2953 3815 3021 3870 iis
3087 3829 3208 3882 quae
3243 3829 3309 3868 ex
3369 3828 3548 3868 cansa-

1953 3919 2080 3966 sunt
2130 3909 2306 3978 majus
2341 3919 2428 3962 est
2483 3917 2542 3963 et
2575 3908 2775 3973 minus,
2816 3907 2896 3964 sic
2923 3920 3141 3976 quoque
3182 3906 3250 3965 in
3299 3905 3537 3960 nomini-

1954 4001 2075 4065 bus,
2111 3997 2305 4066 quibus
2341 3995 2454 4051 baec
2503 3996 2904 4066 exprimuntur,
2967 3995 3070 4050 alia
3118 3996 3236 4050 aliis
3276 3995 3552 4052 nobiliora.

1954 4101 2006 4147 et
2037 4088 2427 4144 venerabiliora
2458 4101 2581 4143 esse
2603 4087 3004 4143 existimamus.

2029 4180 2235 4234 Rursus
2262 4192 2389 4232 cum
2419 4191 2650 4248 magnus
2699 4177 2935 4234 Basilius
2983 4177 3035 4232 in
3078 4177 3147 4232 iis
3183 4191 3304 4246 qme
3342 4176 3546 4233 scribit;

1956 4271 2023 4326 ad
2048 4270 2513 4340 Amphilochium,
2547 4270 2620 4323 ita
2651 4269 2853 4324 dixerit
2887 4287 2900 4324 :
2930 4267 3288 4335 Quamobrem
3329 4271 3374 4323 si
3404 4271 3542 4344 quid

1956 4379 2116 4430 supra
2149 4365 2344 4417 amt-uta
2375 4369 2544 4415 mente
2577 4361 2898 4431 conceperis,
2940 4362 3037 4415 hoc
3078 4375 3286 4433 quoque
3333 4361 3552 4431 Spiritu

1957 4455 2178 4526 inferius
2204 4454 2447 4520 exsistit;
2482 4453 2585 4522 ipsi
2621 4453 2675 4507 in
2701 4454 2895 4519 Tomo,
2918 4468 2980 4508 ea
3003 4470 3124 4524 quae
3145 4456 3364 4509 saeculis
3385 4471 3553 4524 supc-

286 4541 496 4595 αἰώνων
535 4543 786 4596 ἐπέκεινα
829 4545 1131 4614 προαιώνια
1171 4542 1310 4598 εἶναι
1335 4561 1350 4576 °
1396 4547 1464 4600 τὰ
1492 4547 1546 4600 δὲ
1594 4547 1700 4617 πρὸ
1742 4548 1851 4602 τῶν

1961 4553 2102 4605 riora
2144 4561 2292 4616 sunt,
2326 4559 2643 4620 praemortua
2675 4563 2798 4604 esse
2841 4548 3178 4602 existimant.
3228 4546 3361 4612 Quae
3409 4563 3548 4603 vero

284 4636 495 4687 αἰώνων
527 4633 780 4701 ﬁxi-tam,
817 4630 891 4689 ὧν
925 4640 1186 4705 ἀνωτέρω
1219 4638 1281 4690 τὸ
1330 4639 1552 4708 Πνεῦμα
1593 4641 1652 4693 τὺ
1700 4639 1855 4708 ἅγιον

282 4721 436 4779 εἷπε·
484 4727 591 4780 κάκ
641 4729 866 4792 τοᾶτων,
900 4729 976 4792 ὼς
1007 4730 1242 4798 εἴρηται,
1282 4732 1723 4801 συμπεραίνουσι
1755 4731 1856 4801 τὴν

282 4819 440 4872 οείαν
462 4821 736 4890 ἐνέργειαν
761 4823 1058 4890 κατωτέρω
1086 4823 1184 4890 τῆς
1203 4823 1392 4887 οὐσίας
1415 4819 1556 4877 εἶναι
1577 4823 1670 4876 τοῦ
1693 4825 1851 4880 Θεοῦ.

294 4913 598 4982 ’Πγνᾶησαν
640 4916 748 4983 γὰρ
779 4916 862 4965 ὃτι
905 4913 1062 4966 τοῦτο
1113 4915 1363 4984 βούλεται
1410 4919 1438 4968 6
1478 4916 1654 4984 ἅγιος,
1680 4918 1757 4970 ὅτι
1796 4917 1857 4970 οὐ

285 5007 450 5075 μόνον
479 5006 546 5056 τὰ
568 5006 1028 5075 δημιουργήματα
1079 5006 1248 5060 ταῦτα
1275 5006 1336 5058 τδ
1361 5006 1584 5075 Πνεῦμα
1616 5008 1675 5059 τὸ
1707 5009 1858 5075 ἆγιον

285 5097 431 5167 μετὰ
467 5100 675 5165 Πατρδς
707 5100 800 5149 καὶ
829 5097 982 5159 Υἰοῦ,
1003 5097 1078 5159 ὡς
1099 5097 1231 5158 Θεὸς
1248 5091 1348 5160 εἷς,
1369 5097 1856 5167 δεδημιούργηκεν,

284 5190 423 5244 ἀλλὰ
456 5192 549 5242 καὶ
589 5189 764 5259 πολλῷ
785 5189 988 5242 τούτων
1016 5188 1184 5242 πλείω
1203 5206 1218 5220 ο
1247 5191 1341 5242 καὶ
1370 5189 1450 5242 ἔτι
1475 5191 1632 5258 εἴπερ
1663 5185 1773 5242 οἷόν
1798 5206 1858 5242 τε

284 5285 350 5352 τῇ
386 5281 594 5352 διανοίᾳ
621 5283 925 5344 ἀναϐάντας
958 5283 1052 5333 καὶ
1094 5282 1232 5351 ὑπὲρ
1261 5283 1460 5342 αὐτοὺς
1485 5284 1611 5345 τοὺς
1633 5283 1856 5346 αἰῶνας,

287 5367 360 5426 ἄν
391 5374 720 5442 δημιουργός
759 5375 907 5426 ἐστιν
951 5375 979 5427 6
1023 5374 1172 5437 Θεὸς.
1205 5375 1490 5445 ἐπινοῆσαι
1522 5375 1863 5445 δημιουργή-

294 5483 439 5535 ματα
475 5468 567 5518 καὶ
619 5466 1059 5535 ἀποτελέσματα,
1092 5469 1190 5520 ὅσα
1234 5466 1300 5519 ἂν
1335 5469 1365 5536 ἠ
1413 5467 1686 5536 φαντασία
1731 5467 1864 5519 ὑπο-

292 5557 452 5630 ϐάλῃ,
485 5557 580 5611 καὶ
607 5558 745 5626 ὑπὲρ
776 5557 952 5611 ταῦτα
975 5561 1092 5611 ὲστι
1130 5559 1189 5611 τὸ
1219 5557 1446 5628 Πνεῦμα
1477 5559 1536 5610 τὸ
1565 5557 1742 5626 ἅγιον,
1767 5559 1865 5612 καὶ

291 5648 461 5702 ταῦτα
500 5649 679 5701 πάντα
708 5649 1060 5719 δημιουργεῖν
1092 5649 1318 5704 δύναται
1345 5666 1359 5681 ο
1396 5650 1530 5712 Θεὸς
1563 5652 1672 5720 γαρ
1707 5651 1856 5702 ἐστιν

295 5738 572 5807 ὀμοούτιος
607 5741 782 5809 Πατρὶ
818 5744 909 5794 καὶ
941 5744 1122 5812 Λόγῳ.
1157 5743 1248 5794 Διὸ
1283 5741 1375 5794 καὶ
1406 5741 1618 5811 εἴρηκε,
1651 5739 1774 5794 Κᾶν
1811 5756 1864 5793 τι

295 5831 519 5905 νοήσῃς
554 5830 674 5888 τῶν
728 5832 1314 5902 αἰώνων-ἐπέκεινα,
1371 5834 1464 5889 καὶ
1512 5833 1689 5890 τοῦτό
1736 5834 1862 5887 ἐστι

1959 4649 2085 4694 ante
2108 4640 2304 4695 sucula
2325 4649 2477 4703 sunt,
2507 4638 2773 4701 increala,
2799 4635 2999 4706 quibus
3022 4635 3257 4690 Basilius
3283 4635 3545 4704 Spiritum

1958 4733 2292 4799 superiorem
2325 4730 2540 4784 dixerit.
2587 4729 2856 4797 Hincque,
2893 4733 2969 4784 uti
3011 4729 3347 4791 dicebamus,
3404 4743 3542 4781 con-
3591 4769 3606 4810 ἑ

1959 4826 2182 4880 cludunt
2207 4821 2848 4893 diviuam’operatiouem
2872 4821 3190 4877 inferiorem
3215 4836 3341 4876 esse
3362 4820 3545 4876 divina

1959 4917 2227 4973 Essentia.
2265 4914 2589 4971 Nescierunt
2620 4916 2765 4970 enim
2805 4916 2906 4969 hoc
2937 4915 3072 4970 velle
3104 4926 3355 4970 sanetum
3391 4954 3407 4980 ,
3443 4928 3544 4968 ne-

1961 5012 2088 5064 dum
2129 5010 2227 5063 has
2269 5019 2575 5072 creaturas,
2632 5009 2896 5076 Spiritum
2955 5017 3208 5064 sanctum
3258 5023 3362 5061 una
3418 5023 3546 5063 cum
3616 5079 3620 5081 ἓ

1958 5081 2121 5157 Patre
2155 5111 2206 5155 et
2231 5099 2391 5163 Filio,
2420 5111 2476 5153 ut
2505 5099 2593 5168 qui
2624 5115 2765 5153 unus
2793 5099 2931 5153 Deus
2965 5101 3058 5164 sit,
3081 5100 3421 5164 condidisse;
3449 5099 3548 5156 sed

1959 5205 2013 5250 et
2041 5195 2194 5263 longe
2239 5193 2322 5247 bis
2352 5192 2534 5260 plures
2569 5193 2904 5262 :‘adbucque
2941 5193 2984 5248 si
3022 5193 3184 5248 liceat
3223 5194 3422 5248 utentis
3457 5209 3554 5247 co-

1963 5289 2158 5356 gitatu,
2192 5285 2465 5353 superatis
2515 5286 2681 5337 etiam
2735 5285 2973 5348 saeculis,
3024 5275 3260 5354 qdorum
3316 5286 3558 5354 Spiritus

1962 5377 2210 5430 conditor
2240 5385 2343 5440 est,
2369 5385 2652 5430 creaturas
2684 5375 3023 5444 eﬂ’cctusque
3049 5379 3363 5445 concipere,
3389 5372 3551 5441 quid-

1964 5467 2092 5534 quid
2151 5466 2384 5537 denique
2431 5467 2648 5520 animus
2687 5466 3022 5533 informarit,
3069 5484 3232 5536 supra
3289 5466 3374 5518 illa
3431 5478 3554 5518 esse

1971 5555 2232 5626 Spiritum
2289 5562 2564 5620 sanctum,
2601 5569 2699 5608 nec
2747 5555 3038 5624 quicquam
3075 5560 3259 5610 vetare
3291 5549 3419 5618 quin
3461 5550 3553 5604 illa

1967 5665 2154 5704 creare
2199 5650 2388 5715 possit.
2436 5650 2578 5703 Deus
2613 5648 2759 5703 enim
2807 5659 2891 5704 est
2920 5647 3070 5702 Patri
3107 5653 3162 5699 et
3195 5640 3376 5696 Verbo
3408 5657 3551 5697 con-

1967 5741 2364 5798 Substautialis.
2401 5741 2609 5796 Idcirco
2647 5741 2815 5795 etiam
2866 5739 3001 5793 dixit
3041 5755 3055 5792 :
3089 5736 3149 5791 Si
3199 5733 3328 5802 quid
3387 5736 3554 5786 etiam

1966 5850 2126 5905 supra
2154 5830 2347 5889 swcula
2383 5840 2548 5889 mente
2593 5831 2911 5902 conceperis,
2964 5829 3059 5884 hcc
3110 5839 3311 5894 quoque
3353 5824 3558 5895 Spir-im
