4074 6432
494 370 602 438 427

1755 371 2150 431 MANUEIJS
2189 371 2493 433 CALEC/E
3612 381 3691 448 ηπ

494 499 622 546 Stllll
659 502 823 542 unum
863 503 876 540 Ξ
919 496 1167 556 ευιιοιέει
1209 502 1359 556 ergo,
1391 497 1448 540 ιιι
1482 501 1645 539 unum
1681 498 1950 554 competat
1983 502 2067 539 ra-

2177 490 2273 559 ςὴν
2299 491 2488 542 οὐσίαν
2509 485 2669 544 εἶναι.
2693 489 2755 543 Εἰ
2785 489 2909 558 γοῦν
2937 492 3026 542 καὶ
3051 493 3107 544 τί
3133 491 3426 561 κατάὑ-ιὴν
3444 495 3695 563 τῆνο-ἰσίαν

499 584 644 635 tione
671 579 939 633 essentia".
971 578 1250 647 Siquidem
1313 580 1470 648 igitur
1505 577 1631 631 illud
1662 577 1835 645 ipsum
1879 593 2067 644 unum,

495 674 640 743 quod
673 688 838 742 penes
867 673 1160 727 essentiam
1213 681 1294 726 est
1317 710 1332 735 ,
1365 671 1416 724 in
1449 680 1557 725 tam
1600 671 1767 724 multa
1805 670 1928 740 quis
1958 670 2072 725 dis-

497 767 696 820 similia
728 765 951 824 dividat,
995 763 1150 832 juxta
1181 779 1277 818 eas
1305 778 1424 832 qua:
1470 761 1630 816 dictae
1657 757 1784 817 sunt
1840 763 2070 817 istorum

496 857 772 911 hominum
839 856 1184 917 antitheses,
1247 870 1412 908 unum
1485 853 1538 906 in
1601 852 1713 907 Deo
1777 853 2068 908 indivisum

495 961 762 1014 nusquam
785 945 1089 999 occurrerit
1113 962 1128 1010 ;
1159 945 1306 1013 quod
1337 959 1465 998 vero
1490 943 1561 997 sit
1586 943 1902 1004 indivisum.
1924 958 2070 997 com-

495 1035 673 1089 munis
711 1033 846 1089 ﬁdcs
871 1045 1302 1104 sanctorumque
1331 1034 1606 1105 proposita
1641 1033 1886 1089 doctrina
1912 1035 2069 1090 ﬁdem

491 1127 638 1182 facit.

559 1219 882 1288 Complura
917 1235 1134 1289 quoque
1184 1219 1288 1274 alia
1335 1219 1456 1288 ejus
1489 1220 1704 1290 generis
1753 1236 1820 1275 ex
1882 1229 2066 1289 aperta

491 1327 729 1380 seraque
783 1322 1102 1366 sanctorum
1174 1313 1456 1366 doctorum
1539 1313 1822 1382 theologia
1875 1311 2070 1367 afferre

489 1404 701 1467 liceret,
748 1404 945 1472 partim
989 1405 1056 1457 ad
1087 1419 1276 1457 eorum
1314 1405 1718 1472 corruptionem
1769 1419 2069 1473 repraesen-

488 1499 732 1562 tandam,
757 1512 861 1565 qua
895 1498 974 1550 sic
1000 1496 1176 1566 palam
1221 1498 1557 1565 scripserunt
1593 1512 1653 1551 ac
1699 1495 1858 1550 ﬁdem
1883 1495 2070 1550 edide-

399 1601 407 1608 '
489 1599 638 1651 runt,
665 1589 860 1656 partim
908 1590 976 1642 ad
1022 1590 1262 1657 ipsorum
1291 1589 1618 1643 confutanda
1649 1587 1926 1643 mendacia
1957 1626 1972 1651 ,
2005 1601 2070 1640 ac

489 1679 910 1743 ostendendum,
955 1678 1123 1732 multa
1157 1690 1468 1734 sanctorum
1506 1681 1646 1732 dicta
1679 1679 1858 1732 alieno
1892 1692 1919 1729 a
1975 1693 2068 1729 ra-

493 1770 642 1822 tione
695 1783 828 1824 ausu
878 1769 1159 1837 animique
1203 1770 1471 1837 pravitate
1524 1768 1576 1822 in
1613 1769 1814 1822 malum
1843 1783 2065 1824 sensum

2176 583 2232 634 ἓν
2263 584 2341 646 είς
2378 582 2616 638 τοσαῦτα
2665 583 2827 637 διέλοι
2876 603 2959 648 τις
3006 587 3256 654 ἀνόμοια,
3290 586 3424 640 κατὰ
3450 590 3538 650 τὰς
3568 588 3695 656 είρη-

2177 681 2344 749 μένας
2365 678 2472 733 τῶν
2500 677 2712 750 ἀνδρῶν
2743 681 2950 734 τούτων
2974 681 3292 748 ἀντιθέσεις,
3326 683 3380 736 τὸ
3401 684 3456 735 ἓν
3478 685 3560 736 ἐπὶ
3583 685 3695 734 Θεοῦ

2175 775 2482 842 ἀδιαίρετον
2507 773 2608 828 οὐκ
2664 761 2811 828 ἔστιν
2847 776 3052 845 εὑρεῖν.
3093 773 3214 829 Ὀτι
3247 775 3302 828 δὲ
3348 775 3698 843 ἀδιαίρετον,ή

2175 865 2326 936 κοινὴ
2355 868 2537 930 πίστις
2568 865 2662 919 καὶ
2684 864 3065 937 ηπροτεθεῑσα
3095 867 3201 920 τῶν
3223 866 3392 935 ἁγίων
3419 865 3700 919 διδασκαλία

2176 977 2250 1030 μα
2259 975 2354 1029 ρτυ
2362 961 2465 1030 ρετ.

2250 1206 2432 1275 Ἔχων
2458 1205 2559 1274 μὲν
2585 1200 2679 1258 οῦν
2711 1205 2805 1258 καὶ
2833 1204 2968 1280 άλλα
3002 1205 3174 1258 πολλὰ
3191 1202 3430 1267 τοιαῦτα,
3458 1202 3600 1257 τοῦτο
3622 1203 3704 1271 μὲν

2172 1301 2250 1362 είς
2285 1299 2630 1369 παράστασιν
2657 1299 2756 1366 τῆς
2803 1298 3100 1367 διαφθορᾶς
3148 1297 3257 1351 τῶν
3307 1295 3532 1365 ἀνδρῶν.
3563 1297 3614 1360 ἐξ
3645 1291 3706 1348 ὧν

2172 1393 2486 1463 ἀνέγραψαν
2540 1394 2634 1448 καὶ
2663 1393 2998 1452 ἐπίστευσαν
3029 1391 3341 1462 παρρησία,
3387 1389 3538 1442 τοῦτο
3561 1389 3611 1442 δὲ
3640 1390 3705 1448 είς

2171 1486 2391 1555 ἔλεγχον
2427 1485 2522 1553 τῆς
2551 1483 2904 1553 ψευδολογίας
2928 1483 3131 1548 αὐτῶν,
3156 1484 3221 1535 ὲκ
3252 1483 3347 1553 τῆς
3379 1482 3602 1550 φανερᾶς
3627 1480 3707 1531 καὶ

2171 1581 2408 1649 ἀληθοῦς
2437 1581 2542 1633 τῶν
2579 1581 2750 1648 ἁγίων
2793 1578 3132 1632 διδασκάλων
3165 1577 3442 1645 θεολογίας
3475 1574 3707 1645 παραθεί-

2172 1690 2284 1736 ναι,
2323 1670 2419 1724 καὶ
2450 1671 2598 1733 ὅπως
2641 1671 2740 1740 μὲν
2781 1671 3013 1733 πολλοὺς
3041 1670 3149 1722 τῶν
3177 1669 3350 1736 ἁγίων
3393 1667 3576 1734 λόγους
3620 1679 3709 1714 πα-

2174 1763 2418 1832 ραλόγως
2455 1765 2550 1816 καὶ
2612 1761 2902 1831 κακοήθως
2966 1761 3452 1830 ἑσυκοφάντησαν,
3500 1758 3636 1818 ὅπως
3663 1755 3708 1806 δὲ

494 1861 747 1925 traxisse,
801 1875 899 1915 nec
930 1871 987 1913 ut
1014 1876 1252 1914 consone
1285 1861 1482 1916 divinis
1525 1861 1822 1930 Seripturis
1878 1863 2064 1924 loque-

2169 1855 2263 1908 τοῦ
2323 1853 2635 1923 συμφώνως
2700 1857 2821 1916 ταῖς
2882 1853 3057 1915 θείαις
3096 1853 3343 1924 Γραφαῖς
3393 1850 3566 1917 λέγειν
3617 1846 3710 1898 οὐδ’

491 1961 704 2018 rentur,
748 1954 832 2007 vel
864 1953 1144 2006 minimum
1170 1967 1394 2008 curasse
1426 1970 1441 2005 :
1472 1953 1523 2007 in
1557 1969 1717 2022 qualn
1747 1953 1911 2007 multa
1941 1953 2067 2006 item

492 2045 724 2099 absurda
774 2043 1080 2113 praecipites
1138 2043 1402 2107 ferantur,
1451 2057 1517 2097 ac
1569 2051 1776 2112 quanta
1829 2043 1898 2098 de
1956 2041 2068 2096 Deo

489 2135 768 2206 explorata
802 2149 1025 2202 per-cos
1054 2133 1264 2188 sublata
1304 2142 1455 2198 sunt,
1481 2149 1810 2204 omnemque
1847 2147 2067 2190 saneto-

489 2243 612 2283 rum
647 2226 972 2296 theologiam
1008 2225 1200 2291 dilabi,
1237 2227 1284 2280 si
1315 2227 1477 2280 modo
1501 2226 1760 2295 synodica
1799 2226 1916 2280 haec
1945 2241 2070 2279 sen-

492 2320 658 2374 tentia
686 2318 853 2372 robur
878 2317 1076 2372 habeat
1101 2334 1116 2384 ;
1148 2318 1388 2379 ulterius
1416 2318 1673 2388 prosequi
1712 2313 2066 2387 supersedeo,

491 2412 595 2468 hoc
622 2423 823 2465 cavens
861 2423 929 2464 ne
958 2409 1271 2479 prolixitate
1320 2409 1482 2464 taedio
1526 2409 1783 2465 lectorem
1814 2409 2064 2463 alliciam.

488 2502 774 2558 Sulliciunt
824 2503 968 2557 enim
1005 2517 1068 2557 ea
1093 2541 1108 2569 ,
1147 2517 1254 2572 qua
1296 2503 1442 2557 dicta
1491 2514 1659 2568 sunt,
1686 2502 1806 2570 liis,
1832 2519 2067 2574 quorum

491 2612 598 2653 non
622 2607 823 2653 caecata
857 2595 1084 2651 omnino
1121 2606 1248 2651 sunt
1295 2596 1464 2650 animi
1508 2597 1710 2650 lumina
1732 2637 1749 2663 ,
1781 2601 1846 2650 ad
1879 2607 2069 2651 osten-

493 2689 754 2754 dendum,
790 2702 907 2751 eos,
933 2688 1028 2756 qui
1061 2696 1270 2742 asserta
1313 2688 1366 2741 in
1400 2685 1568 2740 Tomo
1599 2689 1662 2741 de
1688 2687 1793 2742 ﬁde
1827 2699 2066 2753 teneant,

495 2783 656 2835 [idem
687 2779 960 2844 conﬁteri,
983 2793 1148 2848 quam
1191 2793 1297 2832 non
1323 2787 1596 2833 noverunt
1629 2778 1816 2834 Patres
1851 2779 2022 2833 nostri
2050 2819 2066 2844 ,

496 2874 730 2928 alienam
758 2871 970 2928 scilicet
998 2874 1064 2926 ab
1095 2887 1180 2933 ea,
1215 2885 1336 2941 qua:
1366 2887 1396 2925 a
1424 2874 1628 2926 sanctis
1662 2873 1950 2939 prmdicata
1984 2881 2069 2925 est

467 2968 546 3022 ‘in
581 2966 851 3021 catholica
893 2976 947 3020 et
983 2965 1279 3035 apostolica
1326 2965 1529 3019 Christi
1566 2964 1808 3020 Ecclesia
1844 2984 1858 3019 :
1899 2965 2070 3034 quod-

492 3073 600 3129 que
618 3075 646 3112 a
672 3058 939 3128 principio
965 3057 1238 3121 dicebam,
1265 3072 1385 3111 cum
1405 3057 1601 3126 duplex
1629 3058 1679 3112 in
1703 3059 1803 3112 hac
1825 3057 2068 3113 ECcIesia

489 3147 764 3202 exstiterit
803 3146 1069 3216 synodus,
1108 3146 1418 3217 duplexque
1455 3162 1519 3202 ac
1553 3148 1828 3201 contraria
1861 3147 2066 3216 prolata

492 3239 763 3294 sententia
791 3237 883 3303 sit,
915 3239 1060 3307 quod
1087 3239 1283 3293 attinet
1312 3241 1378 3292 ad
1413 3241 1766 3310 quaestionem
1787 3243 1851 3294 de
1882 3240 2066 3295 divina

491 3331 731 3387 essentia
765 3339 820 3385 et
844 3331 1207 3400 operationc,‘
1243 3333 1654 3401 obscurumque
1682 3331 1850 3386 videri
1893 3333 2067 3401 possit

493 3430 615 3471 utra
662 3418 854 3472 harum
909 3421 1308 3474 sententiarum
1347 3421 1630 3476 veritatem
1678 3423 1931 3477 comitem
1965 3423 2065 3477 ha-

492 3512 619 3565 beat
636 3511 786 3580 (sunt
808 3512 956 3566 enim
981 3513 1125 3567 inter
1151 3527 1211 3567 se
1231 3513 1569 3579 contrariae),
1594 3524 1800 3568 certum
1821 3517 2063 3583 omnino,

489 3619 554 3658 ex
589 3604 656 3658 iis
683 3619 803 3674 quae
831 3603 974 3658 dicta
998 3615 1144 3671 sunt,
1187 3606 1643 3676 exploratumque
1669 3617 1777 3674 est,
1806 3625 1924 3665 eam
1948 3626 2067 3681 qua:

493 3713 636 3752 nunc
684 3699 860 3767 viget,
905 3701 1188 3756 mendacio
1223 3697 1406 3755 fulciri
1443 3716 1507 3756 ae
1549 3702 1940 3771 blasphemiam
1973 3709 2068 3760 lia-

489 3789 639 3846 bere.
697 3790 932 3846 Proinde
980 3807 1104 3861 quas
1157 3793 1269 3847 hac
1292 3794 1490 3850 astruit
1539 3794 1907 3866 praedicatque
1959 3797 2065 3852 Ec-

491 3883 681 3947 clesia,
711 3885 815 3938 hoc
845 3887 1068 3949 amisit,
1121 3895 1179 3941 ut
1219 3897 1408 3942 sancta
1455 3890 1725 3946 catholica
1764 3902 1819 3947 et
1851 3902 2066 3963 aposto-

487 3973 591 4028 lica
621 3986 804 4040 esset,
860 3978 928 4030 de
972 3992 1082 4046 qua
1126 3979 1372 4048 quatidie
1411 3980 1780 4050 conﬁtemur;
1818 4000 2068 4054 quaeren-

488 4066 727 4136 dumque
760 4068 983 4122 ubinam
1041 4080 1310 4124 terrarum
1365 4071 1454 4126 illa
1501 4075 1592 4140 sit,
1627 4077 2065 4146 quandoquidem

489 4163 604 4218 ﬁeri
657 4179 760 4218 non
809 4174 987 4232 potest
1024 4174 1082 4220 ut
1133 4166 1375 4222 Ecclesia
1423 4166 1624 4224 Christi
1676 4171 1910 4226 deﬁciat.
1953 4173 2066 4225 Ad-

489 4272 680 4312 versus
714 4263 857 4311 enim
895 4274 1039 4324 eam,
1067 4275 1188 4329 quae
1225 4259 1362 4316 falsa
1397 4278 1543 4318 nunc
1570 4263 1715 4318 circa
1745 4265 1902 4318 ﬁdem
1943 4279 2067 4333 pro-

490 4347 694 4415 ﬁtetur,
727 4349 805 4404 uti
831 4351 979 4420 prius
1021 4365 1132 4404 non
1169 4365 1316 4418 raro,
1348 4365 1496 4407 nunc
1537 4365 1755 4421 quoque
1781 4361 1953 4421 porta:
1978 4351 2065 4406 in-

490 4441 590 4501 l'eri
627 4443 862 4513 turpiter
891 4444 1314 4515 praevaluerunt.

2167 1948 2348 2001 ὁτιοῦν
2379 1948 2724 2016 ἐφρόντισαν,
2759 1945 2855 1998 καὶ
2886 1947 2965 2008 είς
2999 1947 3097 1998 ὅσα
3134 1946 3234 2014 μὲν
3264 1945 3332 1997 τὰ
3356 1945 3532 1997 ἄτοπα
3565 1952 3712 1991 κατα·

2169 2043 2449 2113 φέρονται,
2507 2041 2607 2093 ὅσα
2653 2040 2712 2093 δὲ
2758 2040 2867 2092 τῶν
2910 2038 3370 2108 ὁμολογουμένων
3419 2037 3543 2104 περὶ
3595 2030 3712 2084 Θεοῦ

2168 2133 2546 2202 ἀναιροῦνται,
2581 2133 2676 2184 καὶ
2713 2133 2862 2183 πᾶσα
2895 2132 2926 2199 ἡ
2981 2131 3090 2186 τῶν
3120 2131 3296 2199 άγίων
3328 2127 3569 2194 θεολογία.
3613 2125 3712 2176 δια-

2171 2229 2385 2291 πίπτει,
2418 2228 2516 2297 τῆς
2550 2225 2837 2293 συνοδικῆς
2886 2225 3092 2296 ταύτης
3143 2225 3474 2294 ἀποφάσεως
3505 2216 3714 2290 κρατού-

2173 2339 2308 2391 σης,
2362 2321 2457 2374 καὶ
2511 2319 2661 2380 ὅπως
2731 2319 2947 2382 ἑαυτοῖς
2998 2319 3268 2388 μυριαχοῦ
3325 2314 3710 2386 περιπίπτουσι,

2173 2412 2572 2484 παραιτοῦμαι,
2631 2409 2728 2464 τοῦ
2785 2410 2947 2478 λόγου
3013 2412 3106 2464 τὸν
3151 2412 3318 2480 κόρον
3371 2406 3708 2476 ὑφορώμενος.

2182 2507 2364 2562 Ἰκανά
2397 2508 2506 2574 γὰρ
2552 2504 2622 2558 τὰ
2659 2503 2930 2573 εἰρημένα
2965 2505 3079 2567 τοῖς
3123 2504 3198 2570 μὴ
3252 2501 3428 2569 πάντη
3466 2494 3712 2562 τετυφλω·

2174 2599 2377 2666 μένοις,
2408 2597 2540 2664 πρὸς
2565 2595 2624 2648 τὸ
2647 2595 2818 2662 δεῖξαι
2842 2594 2966 2656 τοὺς
2997 2595 3092 2663 τὴν
3117 2594 3208 2648 τοῦ
3243 2595 3423 2662 Τόμου
3450 2589 3590 2642 θέσιν
3606 2583 3714 2650 περὶ

2170 2695 2269 2760 τῆς
2319 2691 2558 2752 πίστεως
2591 2689 2927 2758 κατέχοντας
2976 2687 3163 2744 πίστιν
3209 2686 3511 2756 ὁμολογεῖν,
3546 2683 3608 2751 ῆν
3632 2679 3713 2731 οὐκ

2169 2785 2394 2856 ᾔδεισαν
2417 2785 2463 2836 Ol
2503 2783 2744 2852 Πατέρε’ς
2777 2782 2936 2852 ἡμῶν
2965 2797 2978 2811 ·
3007 2782 3070 2834 τὸ
3097 2781 3141 2834 δ’
3167 2781 3318 2836 ἔστιν
3355 2775 3632 2846 ἀλλοτρίαν
3653 2767 3716 2822 εἷο

2171 2892 2261 2934 ναι
2286 2877 2382 2941 τῆς
2414 2875 2472 2926 ἑν
2507 2875 2569 2942 τῇ
2604 2871 2868 2940 καθολικῇ
2901 2870 2997 2925 καὶ
3019 2873 3358 2941 ἀποστολικῇ
3381 2868 3473 2922 τοῦ
3504 2859 3712 2933 Χριστοῦ

2183 2965 2483 3036 Ἐκκλησία
2512 2966 2662 3034 παρὰ
2682 2965 2792 3020 τῶν
2824 2965 2994 3032 ἁγίων
3029 2966 3445 3036 κηρυττομένης
3469 2962 3709 3015 πίστεως·

2169 3059 2286 3126 καὶ,
2318 3058 2345 3111 ὂ
2378 3058 2640 3128 πρότερον
2682 3057 2987 3128 ἀρχόμενος
3019 3057 3227 3123 ἔλεγον,
3265 3059 3347 3112 ὅτι
3377 3054 3554 3121 διττῆς
3584 3063 3714 3116 γενο-

2094 3173 2136 3230 C
2174 3153 2340 3220 μένης
2376 3151 2595 3204 συνόδου
2625 3151 2779 3220 παρὰ
2807 3151 2905 3221 τῆς
2936 3150 3268 3220 Ἐκκλησίσς
3293 3152 3516 3217 ταύτης,
3546 3145 3630 3199 καὶ
3653 3141 3716 3192 δι-

2171 3241 2312 3317 πλῆς
2346 3245 2440 3297 καὶ
2500 3243 2751 3304 ἐναντίας
2801 3243 3180 3313 ἐξενεχθείσης
3220 3243 3547 3312 ἀποφάσεως
3605 3236 3715 3298 περὶ

2167 3339 2266 3391 τοῦ
2305 3336 2622 3407 ζητήματος
2643 3321 2738 3406 τῐῖς
2771 3335 2918 3398 θείας
2936 3337 3124 3398 οὐσίας
3154 3337 3252 3390 καὶ
3284 3335 3582 3406 ἐνεργείας,
3605 3328 3718 3392 ain-

2171 3432 2262 3484 λον
2301 3429 2540 3499 όποτέρα
2590 3429 2699 3481 τῶν
2751 3428 3086 3497 ἀποφάσεων
3116 3428 3356 3496 τάληθὲς
3390 3423 3505 3496 μεθ’
3540 3418 3714 3483 ἑαυτῆς

2169 3523 2281 3594 ἔχει
2313 3521 2580 3594 (ἐναντίαι
2607 3520 2716 3590 γὰρ
2742 3519 3047 3590 ἀλλήλαις),
3072 3519 3251 3589 πάντη
3281 3515 3637 3587 ἀναμφίσολον
3662 3511 3736 3558 ἑκ⁷

2167 3619 2277 3670 τῶν
2308 3616 2410 3684 ἤδη
2441 3613 2748 3683 εἰρημένων
2791 3612 2985 3681 γέγονε
3037 3613 3136 3682 τὴν
3181 3611 3280 3664 νῦν
3334 3606 3636 3680 κρατοῦσαν
3666 3599 3716 3652 τὸ

2167 3711 2365 3780 ψεῦδος
2399 3709 2520 3780 μεω
2549 3706 2748 3777 ἑαυτῆς
2793 3704 2890 3758 καὶ
2923 3705 2985 3759 τὸ
3035 3705 3360 3776 βλάσφημον
3387 3705 3560 3774 ἔχειν·
3593 3699 3715 3750 ὥστε

2169 3806 2203 3874 ἡ
2236 3802 2414 3856 ταῦτα
2468 3798 2764 3870 βεϐαιοῦσα
2814 3798 2908 3850 καὶ
2963 3798 3315 3868 κηρύττουσα
3355 3792 3642 3862 Ἐκκλησία
3667 3787 3718 3837 τὸ

2171 3892 2310 3948 εἶναι
2342 3894 2472 3964 μίαν
2498 3891 2666 3960 ,ὖγίαν
2720 3891 3014 3962 καθολικὴν
3053 3891 3148 3944 καὶ
3203 3888 3571 3960 ἀποστολικὴν
3605 3882 3714 3935 Ἐκ·

2169 3989 2422 4058 κλησίαν,
2459 3987 2591 4054 περὶ
2621 4003 2688 4058 ης
2737 3984 2860 4039 καθ’
2909 3985 3121 4055 ἡμέραν
3159 3985 3552 4055 ὁμολογοῦμεν,
3585 3976 3717 4042 ἀπών

2168 4079 2294 4131 λεσε
2319 4093 2333 4110 ο
2381 4079 2476 4131 καὶ
2503 4076 2773 4147 ζητητέον
2805 4076 2940 4129 ὅπου
2976 4076 3080 4145 γῆς
3129 4077 3283 4129 ἐστιν
3316 4075 3476 4143 αῦτη,
3513 4067 3718 4131 ἐπείπερ

2167 4172 2428 4228 ἀδύνατον
2452 4174 2550 4242 τὴν
2586 4170 2918 4239 Ἐκκλησίαν
2943 4170 3038 4222 τοῦ
3063 4170 3302 4239 Χριστοῦ
3331 4166 3592 4221 ἐκλιπεῖν.
3619 4158 3717 4221 Τῆς

2169 4267 2282 4337 γὰρ
2309 4268 2380 4320 τὰ
2430 4267 2600 4336 ψευδῆ
2655 4266 2784 4335 περὶ
2817 4266 2916 4334 τὴν
2969 4265 3154 4318 πίστιν
3204 4263 3303 4318 νῦν
3347 4257 3718 4332 ὁμολογούσης.

2166 4357 2357 4428 ὥσπερ
2396 4359 2664 4429 πρότερον
2711 4358 2768 4410 at
2816 4357 2982 4410 πύλαι
3022 4355 3117 4410 τοῦ
3165 4355 3294 4424 ᾇδου
3327 4352 3604 4411 πολλάκις,
3639 4340 3722 4396 καὶ

2167 4448 2263 4506 νῦν
2296 4451 2541 4520 αἰσχρῶς
2571 4449 2969 4521 ὕπερίσχυσαν.
3023 4449 3028 4454 ’
