4074 6420
488 437 588 503 431

1744 427 2140 491 MANUELIS
2172 427 2475 488 ωηολε

3623 414 3726 484 4'32

493 559 555 610 lis
586 554 818 621 exsistit,
862 563 915 609 et
968 557 1103 616 Iuste
1133 567 1211 610 ea
1257 548 1617 621 appellatione
1671 546 1941 617 gaudebit,
1978 543 2052 596 uti

2178 541 2269 612 ιήν
2303 543 2685 612 ἐπιστάμενος.
2723 541 2816 596 τοῦ
2851 542 2950 612 μὲν
2990 538 3206 610 ἀληθῶς
3248 538 3539 607 ἄνθρωπος
3594 533 3731 594 εἶναι

495 649 732 702 xit-issit“
766 647 860 714 qui
891 660 1079 698 earum
1116 659 1289 697 rerum
1325 657 1444 710 qua:
1478 643 1716 694 honestae
1749 646 1894 702 sunt,
1950 635 2066 689 nul--

496 739 599 790 lam
639 746 729 790 aut
759 735 952 805 qua'rit
999 744 1090 788 aut
1131 735 1353 798 invenit,
1401 746 1575 800 neque
1622 744 1751 785 vero
1802 729 1945 793 scit,
1997 726 2064 791 is,

495 827 697 880 amisso
727 826 868 893 quod
903 841 1027 879 vere
1075 827 1236 878 homo
1275 834 1375 886 est,
1404 823 1658 890 jtmteutis
1699 817 2066 890 insipientibus

496 924 838 982 comparatur
872 916 911 967 '.
942 915 1150 968 Idcirco
1179 915 1342 967 etiam
1371 913 1641 976 Christus,
1680 911 1796 979 ipsa
1840 909 2065 970 veritas,

499 1007 612 1075 ipsa
655 1005 945 1073 sapientia,
979 1019 1165 1068 earum
1209 1019 1308 1057 nos
1340 1019 1522 1057 rerum
1554 1000 1813 1055 sollicitos
1855 996 2064 1060 volens,

492 1112 612 1165 qua:
645 1097 881 1149 honesta:
920 1104 1084 1157 sunt,
1138 1096 1295 1147 modo
1336 1093 1553 1162 quidem
1592 1091 1844 1145 diccbat:
1898 1085 2068 1140 Petita

488 1199 537 1242 et
569 1188 785 1241 dabitur
810 1184 994 1251 vobis;
1030 1186 1216 1241 omnis,
1245 1185 1385 1238 enim
1437 1185 1529 1253 qui
1577 1182 1728 1250 petit,
1757 1179 1985 1248 accipit;
2018 1184 2066 1229 et

493 1280 586 1348 qui
638 1279 849 1348 quierit,
898 1278 1128 1342 invenit;
1165 1287 1211 1330 et
1247 1275 1482 1343 pulsanti
1528 1272 1868 1339 aperietur’;
1908 1268 2068 1322 modo

495 1381 672 1424 autem
703 1388 715 1424 :
755 1369 1078 1423 Scr-utamini
1111 1367 1414 1435 Scriptura;
1438 1367 1477 1420 ³.
1513 1366 1667 1430 Nam,
1691 1363 1756 1418 ut
1778 1363 1850 1416 ait
1877 1361 2069 1416 beatus

498 1461 720 1526 Paulus,
780 1461 911 1527 Qua:
960 1462 1086 1514 olim
1143 1461 1336 1527 scripta
1383 1459 1911 1524 suut,ad-uoatram
1953 1451 2067 1521 jam

502 1566 609 1605 tum
655 1555 950 1606 doctrinam
987 1555 1180 1620 scripta
1210 1550 1395 1605 sunt‘.

573 1647 654 1698 Tu
695 1645 880 1712 igitur,
910 1645 1154 1698 veritatis
1200 1653 1251 1698 te
1295 1657 1481 1697 amore
1520 1639 1715 1706 teneri,
1764 1637 1949 1694 multis
1975 1651 2067 1691 os-

503 1735 730 1790 tendis:
785 1734 945 1788 modo
996 1735 1234 1803 qdidem,
1289 1747 1412 1787 cum
1469 1731 1902 1801 indisciplinatos
1951 1729 2069 1783 illos

499 1825 803 1888 arbitraris,
836 1823 930 1893 qui
977 1824 1336 1878 eruditionem
1392 1823 1704 1892 litterasque
1757 1837 1820 1875 ac
1851 1819 2067 1889 sapien-

499 1918 625 1971 tiam
667 1917 833 1992 auimi
866 1919 1063 1970 damno
1093 1916 1296 1970 ducunt
1333 1929 1348 1968 :
1387 1914 1546 1968 modo
1581 1922 1785 1977 autem,
1819 1928 1941 1967 cum
1974 1911 2064 1964 tibi

498 2012 612 2081 ipse
643 2010 838 2063 damno
873 2010 1108 2063 tttaximo
1155 2009 1328 2072 ducis,
1371 2007 1512 2076 quod
1545 2017 1596 2061 te
1641 2021 1739 2076 pro
1783 2004 2065 2066 facultate.

498 2117 561 2155 ac
589 2110 851 2170 quantum
885 2101 1099 2170 assequi
1131 2099 1350 2162 licebat,
1383 2099 1645 2152 doctrinis
1689 2096 2068 2164 sapientiaque

499 2192 666 2247 imbui
721 2193 1139 2261 haudquaquam
1189 2189 1500 2258 contigerit.
1533 2185 1751 2242 Versari
1801 2195 1852 2239 te
1891 2195 2066 2239 autem

499 2286 552 2340 iu
586 2285 652 2338 iis
702 2295 822 2354 qnte
855 2282 1090 2337 maxima
1125 2291 1252 2336 sunt
1282 2281 1557 2349 animique
1596 2279 1824 2334 salutem
1853 2279 2066 2348 juvant,

498 2375 580 2429 vel
627 2375 768 2429 istud
799 2373 1000 2444 prodit,
1047 2371 1193 2444 quod
1229 2371 1716 2439 impraesentiarum
1748 2385 1779 2424 a
1817 2368 1974 2423 nobis
2005 2370 2070 2422 de

497 2468 583 2524 his
610 2468 949 2538 percontaris
980 2482 1045 2520 ac
1076 2466 1256 2519 doceri
1306 2466 1528 2533 qmnris,
1560 2478 1678 2532 qua:
1723 2463 1789 2517 ad
1827 2470 2067 2516 nostram

494 2562 934 2618 Christianorum
994 2560 1156 2614 [idem
1213 2567 1480 2628 spectant.
1540 2556 1685 2612 Sane
1739 2569 1889 2618 vero,
1945 2567 2068 2607 cum

500 2665 649 2706 tuum
709 2653 857 2706 illum
911 2649 1154 2706 discendi
1214 2652 1464 2705 ardorem
1522 2647 1755 2710 laudem,
1801 2646 1904 2701 boc
1961 2659 2067 2698 non

501 2745 686 2808 laudo,
727 2745 872 2812 quod
927 2759 1028 2796 nos
1065 2741 1198 2796 tales
1245 2739 1540 2795 arbitratus
1588 2739 1687 2805 sis,
1728 2739 1822 2808 qui
1872 2747 1964 2791 tuo
1995 2736 2070 2790 illi

499 2835 773 2893 desiderio
795 2833 1059 2903 explettdo
1091 2847 1354 2888 essemus.
1387 2831 1576 2901 Opera:
1605 2828 1840 2900 pretium
1873 2828 2069 2891 fuerat,

504 2943 619 2981 rem
671 2925 938 2996 ejusmodi
972 2941 1037 2980 es
1092 2926 1216 2980 aliis
1265 2937 1526 2994 quaerere,
1572 2924 1705 2978 viris
1738 2920 1948 2978 scilicet
1979 2918 2072 2988 qui

505 3022 611 3072 vita
646 3018 937 3089 purissima
982 3032 1044 3071 ac
1075 3017 1386 3086 quotidiana
1421 3017 1556 3087 legis
1601 3014 1814 3070 Domini
1846 3013 2072 3068 medita-

505 3113 652 3166 tione
686 3111 829 3176 fulti,
865 3123 1124 3179 quamum
1159 3108 1374 3175 suﬁicit,
1411 3111 1535 3163 talia
1572 3107 1938 3178 quaerentibus
1971 3105 2068 3175 ipsi

2167 633 2447 702 ἐκπίπτει,
2483 636 2598 695 τοῖς
2647 636 2694 686 δ’
2727 634 2980 703 ἀνοήτοις
3017 635 3242 702 κτήνεσι
3301 631 3731 700 παραϐάλλεται.

2167 727 2266 780 Διά
2320 743 2402 778 τοι
2447 726 2605 779 τοῦτο
2637 726 2732 779 καὶ
2767 728 2795 778 ό
2840 724 3098 795 Χριστὸς,
3151 725 3182 794 ή
3238 722 3602 793 αὐτοαλήθεια
3643 723 3735 774 καὶ

2168 817 2491 886 αὖτοσοφία,
2521 817 2852 888 ζητητικοὺς
2885 817 3035 886 ἡμᾶς
3081 815 3210 884 περὶ
3247 814 3317 867 τὰ
3352 812 3493 867 καλὰ
3549 812 3734 882 βουλόο

2171 925 2332 979 μενος
2365 906 2528 973 εῖναι,
2561 909 2658 962 νῦν
2692 909 2792 978 μὲν
2818 908 3120 971 ἐδίδασκεν,
3146 905 3389 972 Αἰτεῖτε,
3420 905 3520 958 καὶ
3566 905 3740 970 6001i-

2168 1015 2340 1056 σεται
2378 1001 2542 1069 ὑμῖν·
2580 999 2700 1066 πᾶς
2725 1000 2836 1070 γὰρ
2889 1003 2922 1056 ὀ
2965 999 3148 1054 αιτῶν
3177 999 3469 1068 λαμϐάνει
3493 1014 3507 1028 ·
3557 1001 3654 1050 καὶ
3705 997 3738 1048 ό

2169 1094 2355 1162 ζητῶν
2382 1095 2670 1163 εὑρίσκει·
2716 1095 2815 1149 καί
2872 1094 2954 1160 τῷ
3002 1095 3280 1161 κρούοντι
3304 1091 3696 1160 ἀνοιγήσεται
3718 1105 3734 1119 ·

2169 1187 2261 1239 νῦν
2291 1187 2374 1250 δὲ,
2414 1187 2731 1255 Ἐρευνᾶτε
2762 1186 2870 1252 τὰς
2893 1186 3161 1254 Γραξράς.
3185 1183 3297 1239 Καὶ
3327 1183 3457 1252 γὰρ,
3476 1181 3551 1244 ὥς
3572 1197 3737 1249 φησιν

2166 1282 2197 1332 ό
2237 1282 2510 1350 μακάριος
2558 1279 2792 1343 Παῦλος,
2831 1271 2988 1332 Ὅσα
3033 1277 3406 1347 προεγράφη,
3462 1277 3552 1341 εις
3596 1275 3737 1342 ἠμε-

2168 1371 2349 1439 τέραν
2377 1371 2787 1426 διδασκαλίαν
2819 1369 3187 1455 προεγράφη.

2239 1648 2312 1703 Σὺ
2340 1650 2544 1716 τοίνυν,
2593 1643 2674 1701 δτι
2708 1645 2811 1716 μὲν
2847 1643 3116 1716 ὑπάρχεις
3158 1643 3506 1716 φιλομαθήςι
3544 1643 3742 1696 πολλα⁶

2169 1743 2331 1815 χόθεν
2385 1740 2652 1802 δεικνύεις
2680 1755 2694 1768 ·
2740 1738 2875 1790 ποτὲ
2934 1740 3035 1807 μὲν
3081 1736 3448 1797 ἀπαιδεύτους
3494 1735 3742 1796 ἐκείνους

2170 1836 2495 1908 ἡγούμενος,
2525 1832 2575 1886 οἳ
2611 1831 2819 1902 βλάϐην
2871 1829 3054 1901 ψυχῆς
3096 1828 3224 1893 τοὺς
3266 1828 3462 1897 λόγους
3506 1829 3602 1880 καὶ
3645 1829 3744 1896 τὴν

2174 1925 2365 1990 capiatr
2400 1921 2886 1991 ὑπολαμϐάνουσι·
2940 1920 3070 1974 ποτέ
3107 1919 3165 1973 δὲ
3213 1918 3421 1989 ζημίαν
3481 1917 3746 1993 μεγίστην

2170 2015 2356 2084 σαυτῷ
2387 2015 2698 2083 τιθέμενος,
2730 2015 2812 2068 ὅτι
2836 2029 2930 2066 σοι
2967 2012 3045 2083 μή
3075 2012 3253 2079 λόγων
3279 2011 3374 2064 καὶ
3399 2010 3594 2079 σοφίας
3630 2008 3748 2075 ἐξε-

2170 2109 2362 2177 γένετο
2385 2107 2527 2160 κατὰ
2558 2107 2619 2159 τὸ
2639 2106 2869 2158 δυνατὸν
2899 2105 3218 2174 μετασχεῖν.
3259 2105 3382 2156 Ὀτι
3425 2102 3482 2155 δὲ
3517 2101 3749 2171 περὶτὰ

2173 2202 2412 2270 μέγιστα
2457 2201 2550 2250 καὶ
2579 2197 2881 2268 ψυχωφελῆ
2929 2196 3235 2268 μαθήματα
3287 2195 3608 2264 διατρίϐεις,
3654 2193 3750 2246 καὶ

2169 2294 2329 2348 τοῦτο
2371 2293 2662 2354 δεικνύεις,
2715 2292 2811 2360 ἀφ’
2847 2283 2922 2346 ὧν
2949 2291 3224 2361 ἐζήτησας
3263 2288 3360 2342 νῦν
3393 2285 3586 2360 μαθεῖν
3615 2285 3750 2356 παρ’

2169 2386 2333 2458 ήμῶν
2360 2386 2489 2454 περὶ
2519 2384 2628 2438 τῶν
2657 2385 2974 2454 ἀνηκόντων
3025 2385 3092 2453 τῇ
3141 2380 3266 2437 καθ’
3295 2381 3444 2451 ἡμᾶς
3476 2380 3584 2434 τῶν
3616 2379 3749 2448 Χρι-

2173 2476 2406 2530 στιανῶν
2460 2475 2663 2528 πίστει.
2725 2471 2868 2540 Ἐγὼ
2909 2473 3011 2542 μὲν
3038 2471 3154 2537 οὖν,
3191 2471 3285 2525 σοῦ
3333 2471 3396 2524 τὸ
3447 2468 3746 2540 φιλομαθὲς

2171 2567 2434 2634 ἐπαινῶν,
2468 2566 2630 2620 τοῦτο
2658 2565 2758 2619 οὐκ
2805 2565 3036 2630 ἐπαινῶ,
3071 2565 3156 2618 ὅτι
3189 2581 3282 2616 σου
3314 2563 3412 2632 τὴν
3445 2561 3745 2630 ἐπιθυμίαν

2175 2659 2396 2723 ἱκανοὺς
2423 2658 2570 2728 ἡμᾶς
2600 2659 2862 2726 ἐνόμισας
2893 2655 3301 2727 ἐκπληρώσειν.
3338 2653 3487 2707 Ἔδει
3541 2654 3650 2721 γάρ
3687 2669 3744 2702 σε

2171 2750 2304 2820 παρ’
2344 2749 2520 2802 ἄλλων
2541 2748 2768 2801 τοιαῦτα
2801 2747 3109 2816 ἐπιζητεῖν,
3146 2745 3198 2797 οῖ
3229 2745 3326 2798 καὶ
3355 2743 3457 2813 βίῳ
3491 2742 3745 2810 καθαρω-

2172 2844 2320 2913 τάτῳ
2369 2841 2464 2895 καὶ
2512 2839 2590 2910 τῷ
2637 2838 2760 2893 καθ’
2791 2839 3008 2909 ἡμέραν
3037 2837 3128 2891 τὸν
3179 2837 3344 2907 νόμον
3391 2836 3623 2906 μελετᾷν
3649 2833 3743 2886 τοῦ

2173 2935 2384 3006 Κυρίου
2408 2934 2732 3006 δυνήσονται
2771 2934 2885 2993 τοῖς
2910 2930 3089 2988 ταῦτα
3122 2931 3382 3001 ζητοῦσιν
3426 2930 3744 3000 ἀρκούντως

2173 3029 2508 3083 ἀποδιδόναι.
2555 3027 2749 3096 Ἡμεῖς
2776 3025 2833 3078 δὲ
2859 3023 3070 3078 τούτων
3101 3021 3436 3093 ἀποροῦντες
3461 3021 3744 3082 ἁπάντων,

2175 3123 2290 3182 πῶς
2325 3123 2434 3192 ἄρα
2467 3120 2816 3190 δυνησόμεθα
2845 3117 2974 3180 τοὺς
3018 3116 3218 3179 ἄλλους
3270 3114 3340 3168 τὰ
3393 3113 3625 3166 τοιαῦτα
3674 3111 3750 3164 δι·

507 3205 730 3258 reddere
780 3204 1013 3273 possint.
1061 3201 1171 3256 Nos
1204 3217 1352 3261 vero,
1389 3217 1510 3256 cum
1563 3202 1677 3254 inec
1710 3201 1893 3254 omnia
1939 3203 2070 3253 deli-

2178 3196 2418 3277 δάσκειν,
2459 3213 2586 3282 περὶ
2622 3204 2698 3268 ὧν
2729 3211 2825 3266 καὶ
2858 3209 3016 3264 αὐτοὶ
3049 3206 3203 3279 παρὰ
3245 3205 3354 3260 τῶν
3393 3204 3616 3258 εἰδότων
3650 3221 3750 3274 μη-

505 3297 672 3362 ciant,
702 3295 796 3364 qui
836 3295 930 3348 ﬁat
960 3304 1018 3348 ut
1049 3309 1133 3349 rrs
1164 3293 1428 3363 ejusmodi
1470 3295 1604 3348 alios
1638 3295 1949 3356 doceamus,
1983 3295 2073 3361 qui

504 3399 558 3443 et
592 3390 692 3457 ipsi
721 3388 788 3441 ab
829 3403 1016 3442 earum
1059 3389 1246 3458 peritis
1281 3388 1506 3457 perinde
1537 3389 1716 3442 doceri
1747 3387 2075 3442 debeamus?

508 3483 815 3546 Enimvero,
866 3482 1062 3552 quibus
1093 3482 1232 3534 baud
1267 3482 1400 3535 satis
1439 3496 1504 3534 ex
1541 3480 1703 3534 oﬂicii
1745 3482 1952 3534 ratione
1994 3482 2076 3532 vi-

507 3575 719 3637 deatur,
755 3583 812 3626 ut
841 3574 1038 3642 quinas
1089 3587 1276 3640 magna
1313 3585 1418 3625 non
1465 3581 1778 3640 suppetunt,
1822 3587 1922 3626 nec
1957 3587 2078 3636 qua:

511 3669 690 3722 tenuia
724 3683 820 3734 pro
855 3664 1107 3718 facultate
1138 3666 1426 3729 exsisutut,
1455 3663 1678 3717 minime
1709 3651 2074 3732 pra'beamus;

510 3777 573 3814 ac
612 3761 751 3830 etim
805 3759 940 3811 alias
993 3757 1248 3810 amicitia:
1294 3756 1416 3823 jure
1477 3757 1700 3824 obsequi
1760 3757 2075 3828 gestiamus,

509 3852 770 3919 quidquid
804 3851 870 3904 iis
897 3851 965 3904 de
989 3853 1170 3916 rebus,
1202 3850 1267 3902 de
1297 3850 1494 3917 quibus
1524 3849 1808 3918 qumsiisti,
1839 3863 1906 3902 ex-
1935 3848 2080 3902 Scri-

513 3955 670 4012 ptura
722 3957 784 3994 ac
821 3940 1075 3996 Ecclesia:
1114 3943 1406 4009 magistris,
1443 3941 1536 3996 Dei
1577 3943 2081 3997 subministratione

509 4033 720 4102 assequi
776 4032 947 4099 licuit,
1004 4033 1054 4086 id
1104 4047 1232 4086 vero
1278 4048 1400 4087 cum
1455 4033 1649 4088 timore
1703 4035 1795 4090 tibi
1855 4035 2082 4090 reddere

511 4129 891 4192 cannitemur;
946 4127 1025 4180 sic
1081 4125 1335 4179 nimirum
1390 4136 1449 4178 ut
1503 4141 1568 4179 ex
1617 4125 1884 4181 immenso
1939 4125 2084 4178 velut

511 4233 760 4288 tequore,
798 4219 1052 4286 pauculas
1083 4226 1261 4288 guttas
1295 4217 1623 4280 haurientes,
1658 4216 1796 4270 baud
1829 4231 2080 4286 magnam

474 4320 720 4377 ,ornatac
748 4309 1004 4363 dictionis
1049 4324 1112 4362 ac
1146 4321 1336 4362 vocum
1364 4307 1649 4375 elegantia:
1682 4307 1944 4360 rationem
1983 4307 2082 4360 hac

515 4401 763 4464 beamus,
813 4401 921 4454 imo
963 4401 1148 4466 etiam,
1177 4401 1355 4468 quoad
1401 4399 1553 4464 licet,
1581 4398 1847 4454 claritatis
1886 4400 2080 4468 gratia,

514 4491 880 4560 negligamus,
933 4508 1096 4545 unum
1152 4492 1252 4546 hoc
1299 4502 1628 4560 spectantes,
1677 4499 1734 4544 ut
1784 4506 1904 4561 quae
1958 4505 2080 4545 vera

513 4589 780 4650 sententia
827 4589 1232 4657 rectiSsitttaque
1268 4601 1599 4656 prometnus,
1635 4597 1946 4643 sanctorum
1979 4603 2085 4643 utt-

514 4680 678 4748 dique
715 4680 1056 4732 sermonibus
1101 4678 1433 4731 muniantur.
1493 4677 1693 4748 Sicque
1743 4679 1881 4750 ejus‘
1910 4681 1987 4734 rei
2027 4681 2080 4736 in

513 4769 764 4824 omnibus
794 4781 980 4824 sancte
1027 4769 1184 4824 nobis
1231 4772 1490 4823 sert'auda
1530 4772 1716 4842 religio
1749 4783 1851 4837 est,
1889 4773 2082 4842 utjatn

514 4878 633 4931 ipso
669 4863 890 4916 exordio
937 4863 1068 4916 utbil
1102 4879 1197 4915 nos
1233 4878 1262 4913 a
1297 4863 1448 4915 nobis
1479 4876 1642 4934 atque
1683 4867 1956 4935 proprium
2003 4867 2087 4920 di-

516 4970 700 5009 cturos
730 4940 1111 5026 proﬁteantur,
1171 4971 1444 5036 unumque
1484 4958 1584 5012 hoc
1615 4961 1882 5013 duntaxat
1911 4960 2082 5014 colla-

517 5063 689 5112 turus,
723 5058 780 5102 nt
815 5063 930 5115 quae
963 5049 1140 5102 sancti
1177 5037 1588 5110 Patres,‘diriui
1615 5051 1796 5105 alllatu
1826 5050 2083 5119 Spiritus,

517 5143 678 5196 locuti
726 5150 872 5206 sunt,
925 5142 1038 5193 haec
1087 5156 1214 5194 vero
1249 5157 1618 5211 exponamus;
1674 5145 1752 5198 uti
1801 5144 2088 5200 manifeste

515 5234 765 5328 liquebit,
794 5247 860 5283 ex
907 5232 974 5284 iis
1022 5247 1140 5300 qua:
1169 5233 1411 5300 edemus,
1443 5236 1695 5290 nimirum
1732 5238 1784 5292 in
1838 5239 2086 5306 singulis,

519 5343 641 5394 qua:
679 5325 898 5378 a'nobis
929 5326 1149 5377 dicenda
1181 5338 1324 5392 sunt,
1355 5329 1662 5396 aperiendo,
1694 5332 1820 5400 quid
1849 5347 1910 5386 ea
1945 5333 1996 5385 in
2031 5346 2088 5384 re

517 5421 595 5474 illi
626 5419 923 5482 senserint;
954 5431 1016 5470 ae
1053 5419 1309 5486 quidquid
1339 5422 1634 5476 dixerimus
1675 5441 1737 5476 ex
1770 5435 2081 5478 sanctorum

592 5640 604 5671 ί
647 5643 787 5694 Ρδιιι.
816 5658 1000 5706 vaut,
1041 5643 1118 5699 l3.
1195 5649 1214 5678 ’
1247 5647 1433 5704 .“dllii.
1465 5667 1559 5716 νιι,
1597 5655 1646 5708 7.
1726 5655 1745 5684 ³
1805 5652 1967 5707 Joan.
2035 5669 2091 5719 ν,
2120 5651 2212 5708 59.

605 5867 656 5933 ("2

2175 3305 2262 3357 δὲν
2289 3303 2510 3355 ἐλαττον
2542 3299 2896 3355 διδάσκεσθαι
2922 3299 3234 3370 χρῄζομεν;
3258 3296 3450 3366 Ὅμως
3478 3296 3539 3348 οὐ
3563 3295 3744 3357 καλῶς

2177 3393 2320 3462 ἔχειν
2347 3393 2848 3460 ὑπολαμδάνοντες,
2899 3393 2951 3445 εί
2993 3408 3078 3452 τις
3123 3389 3201 3460 μὴ
3251 3389 3461 3442 πολλῶν
3500 3387 3749 3456 εὐπορῶν

2178 3489 2271 3540 καὶ
2307 3485 2583 3556 μεγάλων,
2628 3485 2752 3537 οὐδὲ
2793 3485 2862 3538 τὰ
2907 3483 3110 3537 δυνατά
3157 3482 3245 3536 διὰ
3290 3482 3453 3535 τοῦτο
3484 3479 3746 3549 παρέχει·

2177 3578 2274 3630 καὶ
2308 3576 2424 3645 ἅμα
2479 3591 2564 3628 σοι
2615 3574 2702 3627 διὰ
2751 3574 2852 3644 τὴν
2895 3573 3078 3643 φιλίαν
3110 3573 3391 3637 ἀξιοῦντες
3423 3570 3744 3630 ὑπακούειν,

2179 3671 2278 3722 ὅσα
2303 3669 2434 3738 περὶ
2460 3662 2534 3722 ὧν
2571 3666 2756 3736 ζητεῖς
2815 3666 2966 3735 παρὰ
3017 3667 3117 3735 τῆς
3175 3663 3340 3738 ἁγίας
3384 3659 3612 3732 Γραφῆς
3659 3658 3752 3712 καὶ

2179 3764 2287 3814 τῶν
2319 3735 2652 3814 διδασκάλων
2706 3759 2803 3827 τῆς
2843 3735 3194 3826 Ἐκκλησίας,
3241 3754 3338 3809 τοῦ
3390 3753 3531 3808 Θεοῦ
3586 3771 3751 3822 χορη-

2182 3855 2432 3923 γοῦντος,
2488 3853 2820 3906 καταλαϐεῖν
2872 3848 3233 3920 ἐδυνήθημεν,
3262 3839 3265 3843 ’
3296 3846 3414 3918 μετ’
3465 3846 3752 3909 εὐλαϐείας

2184 3965 2267 4000 σοι
2304 3945 2684 4016 πειρασόμεθα
2730 3938 3064 3996 ἀποδοῦναι·
3119 3939 3310 4007 ὥσπερ
3360 3939 3424 3992 ἐκ
3484 3936 3754 4004 πελάγους

2182 4042 2412 4112 ἀπείρου
2466 4042 2734 4108 σταγόνας
2762 4039 2966 4108 μικράς
2999 4037 3364 4107 ἀρυσάμενοι,
3395 4034 3497 4105 τῆς
3540 4034 3642 4102 μὲν
3669 4034 3756 4086 λὲο

2186 4137 2321 4201 ξεως
2357 4138 2452 4190 καὶ
2503 4133 2599 4189 τοῦ
2653 4133 2884 4195 κάλλους
2915 4133 3024 4184 τῶν
3055 4132 3341 4200 ὀνομάτων
3375 4128 3556 4197 ὀλίγον
3593 4145 3750 4198 φρονα

2183 4227 2446 4291 τίξοντες,
2485 4224 2688 4296 μᾶλλον
2715 4224 2794 4290 δὲ,
2829 4223 2924 4277 καὶ
2945 4225 3068 4276 ὅσον
3099 4223 3357 4292 ἐγχωρεῖ,
3386 4221 3474 4276 διὰ
3495 4220 3558 4274 τὸ
3588 4221 3757 4290 σαφὲς

2185 4319 2543 4390 ἀμελοῦντες·
2580 4317 2729 4378 ὅπως
2762 4315 2818 4367 δὲ
2867 4314 2935 4368 τὰ
2985 4314 3238 4384 νοήματα
3265 4313 3442 4383 ἀληθῆ
3477 4315 3575 4367 καὶ
3603 4314 3766 4384 ὀρθὸ-Δ

2185 4429 2322 4464 τατα
2367 4411 2452 4481 εἴη
2510 4409 2693 4477 λόγοις
2750 4408 2923 4474 ἁγίων
2975 4406 3240 4461 πάντοθεν
3288 4409 3758 4476 κατωχυρωμένα,

2189 4503 2350 4566 τοῦτο
2374 4500 2708 4562 σκοποῦντες
2737 4499 2918 4568 μόνον·
2949 4501 3088 4567 ὅπερ
3115 4498 3281 4567 ήμεϊς
3307 4497 3540 4550 ἐνταῦθα
3571 4496 3760 4550 τοσοῦ-

2191 4614 2282 4650 τον
2321 4596 2412 4650 διὰ
2444 4595 2665 4649 πάντων
2690 4591 2998 4661 φυλάξομεν
3024 4591 3124 4662 (2),
3152 4590 3293 4643 ὥστε
3324 4591 3418 4644 καὶ
3468 4592 3763 4663 ἀρχόμενοι

2193 4687 2360 4758 μηδὲν
2394 4687 2489 4752 ἀφ’
2517 4685 2676 4756 ἡμῶν
2710 4684 2892 4737 αὐτῶν
2942 4685 3088 4753 ἐρεῖν
3129 4685 3331 4736 οἰκεῖον
3361 4684 3765 4753 καθυπισχνού⁴⁸

2193 4780 2354 4852 μεθα.
2397 4777 2570 4831 Τοῦτο
2625 4777 2681 4830 δὲ
2741 4776 2906 4846 μόνον
2936 4775 3268 4843 εἰσοίσομεν,
3317 4776 3388 4828 τὰ
3437 4777 3552 4837 τοῖς
3587 4777 3765 4842 ἁγίοις

2192 4872 2354 4942 ήμῶν
2391 4868 2669 4940 Ιίατράσιν
2700 4869 2806 4920 ὑπὸ
2843 4866 2938 4919 τοῦ
2967 4868 3123 4934 ἁγίου
3151 4865 3476 4935 Πνεύματος
3529 4861 3766 4936 ἐμπνευτ

2196 4961 2393 5013 σθέντα
2429 4957 3005 5028 καταστρωννύοντες,
3043 4957 3119 5020 ὼς
3159 4957 3269 5012 ἀπὸ
3293 4956 3404 5009 τῶν
3434 4958 3765 5010 ἐκτεθέντων

2194 5052 2352 5106 τοῦτο
2381 5053 2704 5121 φανήσεται·
2743 5048 3052 5110 δεικνύντες
3095 5049 3182 5117 ἐφ’
3214 5049 3447 5102 ἑκάστου
3477 5047 3590 5103 τῶν
3616 5052 3766 5117 λεγοο

2197 5149 2398 5217 μένων,
2430 5144 2553 5197 τίνα
2602 5143 2825 5212 γνώμην
2861 5141 3019 5211 ἔσχον
3053 5141 3180 5211 περὶ
3221 5140 3316 5194 τοῦ
3355 5145 3721 5212 προκειμένου
3746 5156 3760 5171 ·

2196 5239 2293 5292 καὶ
2327 5238 2464 5306 ὅπερ
2505 5237 2571 5288 ἂν
2606 5235 2893 5303 εἴποιμεν,
2931 5233 3126 5284 τούτου
3165 5229 3265 5302 τὴν
3314 5233 3627 5300 μαρτυρίαν
3671 5233 3764 5282 καὶ

2196 5329 2258 5382 τὸ
2291 5329 2482 5380 πιστὸν
2527 5327 2592 5378 ἐκ
2637 5327 2748 5379 τῶν
2792 5325 2966 5393 λόγων
3011 5326 3118 5377 τῶν
3141 5325 3318 5392 ἁγίων
3352 5325 3759 5392 ἐπαγαγόντες·

2196 5424 2283 5476 ἵνα
2332 5421 2408 5492 μὴ
2453 5419 2703 5489 δοκῶμεν
2749 5419 3067 5490 γεννήματα
3120 5419 3220 5488 τῆς
3270 5416 3764 5488 ήμετέρας’φθέγ-

2293 5653 2314 5683 ⁸
2344 5651 2502 5706 Rom.
2541 5665 2646 5705 xv.
2685 5647 2736 5701 4.

631 5867 678 5935 Ξ)
709 5867 797 5923 S'c
824 5868 1182 5928 Datnasceuus
1216 5876 1427 5945 prtel'at.
1453 5877 1518 5930 ad
1558 5877 1808 5932 Cosmum
1836 5877 2081 5946 Majnatte
2121 5883 2460 5950 episcopum.
