4074 6414
359 382 463 443 43'!

1325 393 1420 450 DE
1459 394 1889 455 PRINCIPIIS
1929 396 2140 456 FlDEl
2181 397 2659 462 CATHOLICIE.

3510 405 3617 470 438

360 501 546 551 ταῦτα
570 500 780 566 φύσις,
802 501 875 564 ὡς
901 502 1200 574 Γρηγόριος
1225 504 1526 574 ὁΘεολὸγος
1554 507 1803 576 φησίίϐ).
1830 509 1938 562 Καὶ

2049 509 2156 565 illic
2192 512 2494 579 paternitas
2525 512 2846 580 tilieitasque
2881 521 2934 565 et
2985 513 3288 580 processio,
3327 515 3620 570 nescimus.

352 585 440 644 ἶτι
498 594 597 662 μέν
633 593 783 645 ἐστιν
836 596 864 647 6
895 595 1027 658 Θεὸς
1171 599 1331 666 σοφὸς
1386 600 1420 669 ἢ
1462 600 1689 668 ἀγαθὸς,
1741 600 1932 668 ῐσμεν’

351 684 542 735 ὐποῖον
571 686 625 736 δέ
657 687 710 738 τί
743 686 892 739 ἐστιν
923 687 1042 739 ὲκεί
1074 687 1132 740 τὸ
1175 689 1339 756 σοφὸν
1380 691 1560 743 ἐκεῖνο
1590 691 1684 744 καὶ
1709 691 1934 758 ἀγαθὸν,

2041 600 2181 666 Quin
2235 617 2304 656 ne
2353 603 2470 657 haec
2517 604 2763 672 quidem,
2815 605 2945 672 quid
3001 605 3147 660 Deus
3183 621 3276 673 per
3322 608 3617 662 essentiam

2040 698 2144 761 sit,
2197 697 2523 763 signiﬁcant.
2579 687 2881 766 Ingenitunt
2923 701 3080 754 ‘enim
3134 709 3184 754 et
3235 702 3498 769 genitum,
3553 719 3616 755 ac

359 775 665 844 ἀγνοοῦμεν
696 793 708 808 ·
745 779 928 842 καλῶς
965 780 1072 848 ἄρα
1103 782 1132 833 ὁ
1159 780 1314 848 ἅγιος
1347 783 1424 851 (7)
1449 783 1654 848 ἔλεγεν,
1685 783 1814 836 ’Ότι
1831 783 1937 836 τὸν

2049 790 2178 856 quod
2239 791 2515 859 processit,
2571 793 2714 845 circa
2762 803 3034 857 naturam,
3095 793 3270 861 inquit
3327 795 3622 860 Gregorius

362 868 470 921 τοῦ
507 863 663 922 εἶναι
704 871 916 940 λόγον.
947 871 1046 924 καὶ
1078 871 1214 958 πῶς⁸
1242 873 1339 927 καὶ
1373 874 1431 925 τί
1473 874 1574 927 καὶ
1610 874 1822 928 ὁποῖον
1858 870 1939 928 εἷ-

362 979 484 1024 ναι.
528 965 840 1032 παντελῶς
884 967 1012 1031 τοῖς
1067 962 1248 1022 οὖσιν
1304 967 1526 1021 ἄϐατον
1551 968 1677 1035 ἔχει
1716 969 1755 1036 ἡ
1807 968 1938 1023 θεία

362 1055 548 1122 φύσις
575 1057 801 1126 ἐκείνη.

2039 878 2371 948 Τιιεοιυειιε,·
2410 897 2513 934 non
2550 892 2745 936 natura
2777 893 2922 937 sunt.
2956 884 3017 936 Et
3051 883 3265 951 quidem
3296 897 3417 938 esse
3450 883 3618 938 Dctlnt

2039 968 2356 1036 sapientem,
2384 983 2480 1024 seu
2507 973 2726 1037 bonum,
2751 975 2988 1039 scimus;
3025 974 3282 1042 quidnam
3316 987 3446 1027 vero
3490 974 3618 1028 illud

2049 1059 2121 1113 ibi
2168 1060 2384 1128 sapiens
2435 1075 2500 1115 ac
2532 1062 2733 1118 bonum
2789 1065 2884 1128 sit,
2925 1063 3218 1118 nes<:imus.
3274 1063 3420 1118 Bene
3453 1065 3620 1133 igitur

366 1151 579 1206 dicebat
617 1160 850 1207 sanctus
895 1152 984 1206 ille
1036 1166 1194 1221 quem
1238 1152 1393 1206 retuli
1430 1170 1444 1207 :
1480 1151 1612 1228 Ejus
1645 1151 1784 1219 quod
1824 1160 1895 1221 est
1938 1165 2072 1215 esse,
2124 1161 2173 1204 et
2209 1152 2286 1205 sic
2328 1167 2458 1219 esse,
2513 1164 2560 1206 et
2599 1155 2726 1224 quid
2777 1171 2838 1208 ac
2909 1157 3063 1226 quale
3115 1173 3245 1223 esse,
3294 1157 3620 1212 inaccessam

360 1262 577 1314 prersus
623 1247 874 1298 rationem
911 1245 1145 1298 diuinam
1173 1244 1328 1298 illam
1355 1255 1602 1298 naturam
1631 1245 1845 1299 habere.

431 1341 546 1407 Τὴν
579 1339 748 1410 αὐτὴν
795 1334 888 1391 οὖν
948 1339 1144 1408 ἔχομεν
1199 1339 1400 1406 γνῶσιν
1439 1339 1706 1407 περὶτῆς
1747 1338 1934 1400 οὐσίας

362 1430 548 1489 αὑτοῦ,
595 1429 691 1482 καὶ
746 1428 875 1498 περὶ
919 1429 1046 1505 ¹’τῶν
1096 1430 1155 1479 ἐν
1214 1428 1362 1496 αὑτῷ
1421 1428 1658 1483 πάντων.
1719 1427 1780 1482 Ei
1825 1427 1934 1496 γὰρ

365 1524 466 1592 τὴν
523 1523 708 1575 οὐσίαν
771 1519 937 1574 αὑτοῦ
996 1523 1064 1573 τὰ
1117 1520 1360 1589 ὀνόματα
1418 1518 1792 1590 ὲσαφήνιζον,
1854 1518 1935 1571 εἴ·

371 1632 501 1667 πετο
557 1615 622 1668 ἂν
663 1615 753 1666 τὸν
807 1614 940 1666 Θεὸν
987 1611 1534 1666 πολυσυνθετώτατον
1586 1601 1748 1666 εἶναι.
1795 1611 1936 1676 Φησὶ

366 1708 478 1774 γὰρ
510 1709 538 1758 6
570 1705 711 1768 θεῖος
733 1705 1009 1766 Βασίλειος
1040 1703 1162 1758 κατ’
1189 1703 1456 1773 Εὑνομίου
1493 1704 1721 1773 γράφων
1746 1702 1845 1774 (8),
1877 1702 1938 1755 τὸ

361 1799 656 1866 ἀγέννητον
693 1797 942 1863 λέγοντος
971 1797 1071 1867 τὴν
1103 1797 1290 1850 οὐσίαν
1321 1792 1459 1850 εἶναι
1498 1796 1589 1850 τοῦ
1615 1793 1774 1859 Θεοῦ,
1807 1795 1937 1860 Πῶς

362 1891 437 1942 οὺ
465 1886 914 1956 καταγέλαστον
957 1887 1021 1940 τὸ
1058 1887 1486 1955 δημιουργικὸν
1519 1885 1626 1939 τοῦ
1663 1883 1812 1937 Θεοῦ
1843 1885 1942 1936 οὺ-
1974 1867 2016 1922 Β

367 1980 515 2034 alar
559 1977 710 2033 εἶναι
751 1978 1000 2046 λέγειν-ς
1043 1979 1110 2032 τὸ
1163 1978 1567 2044 προνοητικὸν
1616 1975 1806 2031 πάλιν
1843 1975 1944 2027 οὺ-

364 2075 534 2136 σίαν,
584 2072 679 2125 καὶ
713 2072 1082 2136 ἁπαξαπλῶς
1128 2069 1336 2126 πᾶσαν
1385 2070 1694 2138 ἐνέργειαν
1721 2066 1944 2121 οὐσίαν

365 2169 671 2228 τίθεσθαι;
705 2166 810 2218 Καὶ
841 2165 1143 2234 Γρηγόριοςς
1170 2167 1198 2216 6
1220 2163 1494 2229 ’Θεολόγος
1525 2163 1584 2214 ὲν
1612 2164 1724 2224 τοῖς
1761 2159 1942 2213 θεολο-

367 2260 544 2325 γικοῖς
574 2256 740 2310 αὐτοῦ
775 2256 954 2324 λόγοις
983 2255 1058 2320 (9)
1093 2256 1281 2326 φησὶν,
1316 2255 1395 2310 ’Ἡ
1417 2255 1515 2307 καὶ.
1543 2254 1610 2307 τὸ
1639 2252 1944 2307 ἀθάνατον

368 2353 467 2404 καὶ
508 2334 580 2402 τὸ
600 2350 831 2402 ἄκακον
857 2349 955 2402 καὶ
993 2350 1060 2401 τὸ
1092 2348 1511 2403 ἀναλλοίωτον
1557 2347 1739 2400 οὐσία
1771 2343 1938 2399 Θεοῦ.
2001 2369 2004 2372 ·

383 2445 533 2500 Ἀλλ’
553 2445 606 2496 ει
643 2443 840 2504 τοῦτο,
879 2439 1100 2514 πολλοὶ
1127 2442 1329 2494 οὐσίαι
1361 2439 1606 2493 ἔσονται
1634 2437 1740 2492 τοῦ
1772 2435 1941 2498 Θεοῦ,

385 2535 480 2588 καὶ
512 2537 577 2588 οὐ
608 2536 735 2602 μία.
774 2531 1103 2601 Ἀνώνυμος
1121 2526 1236 2586 οὖν
1260 2531 1432 2584 ἐστιν
1465 2533 1497 2584 ό
1527 2529 1691 2594 Θεὸς,
1724 2527 1821 2580 καὶ
1845 2528 1946 2579 οὐ·

388 2628 485 2679 δέν
510 2625 619 2680 τῶν
648 2627 777 2693 περὶ
817 2626 1002 2680 αὐτοῦ
1031 2625 1376 2693 λεγομένων
1407 2623 1464 2676 τί
1493 2622 1624 2676 ἐστι
1657 2617 1944 2687 παριστᾷ.

383 2723 460 2774 Οὐ
479 2725 585 2788 γὰρ
613 2720 680 2774 ἐκ
709 2719 828 2772 τῶν
854 2718 984 2772 κατ’
1024 2719 1234 2781 αὑτὸν,
1259 2717 1398 2770 ἀλλ’
1429 2715 1498 2770 ἐκ
1532 2713 1651 2768 τῶν
1680 2712 1814 2780 περὶ
1845 2714 1945 2764 αὺ-

373 2813 479 2864 τὸν
511 2811 870 2880 ὀνομάζεται,
901 2810 1098 2879 ἄλλης
1119 2809 1188 2873 ἐξ
1211 2809 1406 2863 ἄλλου
1435 2807 1775 2877 φαντασίας
1796 2809 1948 2860 συλ-

370 2905 695 2970 λεγομένης
725 2905 811 2969 sic
839 2902 909 2956 ἓν
942 2919 996 2956 τι
1025 2901 1136 2969 τῆς
1165 2900 1454 2965 ἀληθείας
1489 2899 1772 2968 ῖνδαλμα,
1806 2897 1950 2950 κατὰ

369 2995 462 3046 τὸν
507 2993 666 3047 αὐτὸν
717 2994 982 3060 Θεολόγον
1046 2992 1179 3064 (10).
1209 2995 1292 3048 Οὐ
1321 2993 1431 3063 γὰρ
1467 2992 1704 3060 ἀφῆκεν
1731 2987 1890 3058 ἡμᾶς
1917 2991 1947 3041 ό

369 3091 519 3156 Θεὸς
565 3091 632 3142 ἐν
675 3089 967 3142 παντελεῖ
986 3087 1258 3157 ἀγνωσία
1286 3086 1475 3142 αὑτοῦ
1508 3084 1638 3153 ζῇν,
1676 3083 1837 3149 ἀλλ’,
1873 3082 1948 3144 ὥς

2115 1342 2372 1399 Eamdem
2427 1346 2612 1415 itaque
2667 1347 2732 1401 de
2781 1347 2897 1416 ejus
2948 1348 3220 1411 essentia,
3264 1346 3442 1413 deque
3500 1345 3624 1399 aliis

2042 1437 2317 1502 omnibus;
2368 1453 2486 1507 quae
2521 1440 2575 1493 in
2634 1453 2698 1495 eo
2747 1448 2895 1505 sunt,
2947 1439 3211 1494 habemus
3257 1439 3525 1494 notitiam.
3560 1437 3618 1491 Si

2043 1529 2188 1585 enim
2221 1546 2340 1600 quas
2369 1533 2434 1586 de
2477 1532 2570 1586 illo
2600 1532 2856 1588 dicuntur
2905 1532 3147 1596 no‘mina,
3186 1531 3331 1586 illius
3365 1522 3619 1598 explica-

2045 1630 2168 1676 rent
2213 1625 2531 1686 essentiam,
2579 1624 2739 1692 plane
2775 1622 2926 1677 ﬁeret
2965 1621 3128 1676 Deum
3183 1621 3340 1689 longe
3372 1620 3618 1688 plurimis

2044 1714 2406 1782 compositum
2440 1729 2582 1770 esse.
2628 1713 2718 1768 Ait
2761 1715 2907 1768 enim
2959 1714 3174 1768 divinus
3206 1712 3457 1776 Basilius,
3493 1714 3627 1766 scri-

2047 1806 2182 1859 bens
2211 1805 2477 1861 adversus
2512 1805 2859 1870 Eunomium,
2894 1805 2987 1874 qui
3026 1805 3115 1859 Dei
3149 1804 3440 1858 essentiam
3475 1803 3624 1873 inge-

2047 1899 2222 1954 nitum
2274 1901 2491 1954 doceret
2541 1913 2661 1954 esse
2727 1915 2741 1952 :
2808 1898 3050 1964 Quonam
3105 1897 3266 1966 igitur
3313 1907 3467 1964 pacto
3521 1913 3624 1948 non

2045 2009 2260 2060 prorsus
2287 1993 2660 2057 deridiculum,
2691 1992 2830 2061 quod
2860 1991 3078 2046 creandi
3107 1991 3184 2044 vis
3213 1992 3442 2044 essentia
3475 1990 3625 2042 dica-

2049 2083 2173 2136 tur.’
2201 2092 2294 2135 aut
2333 2082 2642 2151 providendi
2685 2083 2762 2134 vis
2791 2097 2976 2135 rursus
3011 2081 3235 2134 essentia
3263 2121 3278 2144 ,
3315 2096 3380 2134 ac
3411 2081 3624 2133 omnino

2046 2177 2123 2230 vis
2157 2176 2325 2228 omnis
2367 2184 2413 2228 et
2469 2175 2705 2244 operatio
2749 2175 2973 2229 essentia
3008 2175 3278 2243 ponatur?
3328 2171 3626 2242 Gregorius

2049 2266 2176 2319 item
2219 2265 2528 2334 'i‘heologus
2577 2265 2930 2318 Orationibus
2973 2266 3086 2319 suis
3123 2263 3439 2330 theologicis
3497 2264 3571 2317 ait
3612 2282 3624 2316 :

2050 2358 2170 2412 Sive
2200 2359 2363 2412 etiam
2413 2357 2713 2410 immortale
2758 2374 2821 2410 ac
2851 2357 3066 2410 minime
3119 2357 3345 2417 malum,
3395 2371 3486 2409 nec
3524 2355 3628 2409 ulli

2048 2451 2265 2521 injuria:
2295 2450 2452 2504 ulline
2481 2451 2762 2504 mutationi
2793 2450 3074 2516 obnoxium
3119 2449 3217 2502 Dei
3257 2449 3504 2502 essentia.
3535 2448 3624 2511 At,

2050 2543 2095 2594 si
2134 2543 2229 2593 hoc
2260 2542 2466 2601 demus,
2508 2540 2686 2594 multra
2722 2550 2872 2593 erunt
2914 2538 3012 2593 Dei
3055 2539 3318 2602 essentiw,
3360 2555 3460 2592 non
3497 2555 3624 2592 una.

2051 2635 2192 2687 Deus
2228 2633 2404 2700 itaque
2435 2631 2838 2684 innominabilis
2877 2639 2976 2695 est,
3009 2645 3100 2683 nec
3132 2629 3384 2700 quidquid
3413 2629 3630 2681 dicatur

2050 2741 2230 2779 eorum
2283 2740 2401 2794 qua:
2447 2731 2568 2776 sunt
2603 2724 2745 2775 circa
2777 2723 2973 2790 ipsum,
3005 2735 3121 2775 eam
3161 2721 3291 2790 quid
3322 2722 3391 2775 sit
3433 2736 3627 2790 reprae—

2050 2826 2242 2872 sentat.
2301 2816 2413 2870 Nec
2451 2816 2590 2870 enim
2623 2830 2690 2868 ea:
2735 2816 2847 2869 suis
2906 2815 3018 2884 ipse
3061 2814 3389 2878 nominatur,
3439 2811 3528 2866 sed
3566 2827 3631 2866 ex

2051 2912 2115 2966 iis
2144 2926 2260 2980 quae
2294 2918 2415 2964 sunt
2448 2911 2592 2963 circa
2622 2911 2819 2978 ipsum,
2855 2909 2931 2963 sic
2983 2908 3236 2962 nimirum
3285 2913 3342 2957 ut
3371 2904 3533 2957 aliam
3567 2919 3632 2957 ea:

2051 3001 2160 3055 alia
2184 3003 2402 3068 speciem
2438 3000 2773 3069 colligamus,
2815 2999 2884 3052 ad
2920 3015 3083 3053 unum
3123 2997 3392 3066 quoddam
3432 2996 3631 3048 verita-

2051 3093 2120 3146 tis
2154 3103 2308 3146 tenue
2353 3093 2726 3157 simulacrum,
2772 3100 2833 3146 ut
2867 3100 3058 3147 auctor
3081 3098 3166 3146 est
3220 3091 3360 3142 idem
3390 3086 3630 3141 Theolo-

366 3199 538 3250 φησιν
561 3183 587 3234 6
618 3183 682 3233 ἐκ
709 3180 998 3250 Δαμασκοῦ
1025 3179 1275 3247 Θεολόγος
1311 3178 1448 3249 (Η),
1480 3178 1550 3230 δι’
1578 3176 1786 3246 ἄφατον
1811 3176 1947 3243 ἀγα-

2051 3200 2150 3255 gus
2184 3202 2198 3239 :
2241 3183 2361 3239 Non
2395 3187 2530 3239 enim
2565 3185 2781 3238 dimisit.
2803 3183 2970 3248 Deus,
3011 3191 3067 3237 ut
3096 3183 3209 3250 eius
3242 3182 3456 3236 omnino
3482 3181 3626 3250 igno-

365 3275 570 3345 θότητα
601 3275 936 3342 εὐδόκησεν
955 3286 1022 3327 εκ
1051 3272 1170 3326 τῶν
1190 3273 1320 3325 καθ’
1342 3269 1501 3342 ἡμᾶς
1525 3268 1943 3339 ὀνομάζεσθαι,

362 3368 470 3422 ἵνα
497 3367 581 3436 μὴ
615 3367 894 3436 ἀμέτοχοι
937 3365 1249 3432 παντελῶς
1283 3359 1443 3435 ὦμεν
1472 3363 1584 3434 τῆς
1612 3364 1798 3420 αὐτοῦ
1825 3361 1950 3416 ἐπι-

364 3452 665 3532 γνώόεως.

454 3638 671 3709 Ἐπειδὴ
704 3638 830 3708 γὰρ,
857 3638 932 3701 ὡς
960 3637 1195 3706 ἔφαμεν,
1254 3638 1341 3691 διὰ
1402 3636 1572 3705 μόνην
1630 3623 1946 3706 ἀγαθότητα

359 3730 460 3785 τὸν
487 3729 778 3798 σύμπαντα
801 3729 1003 3797 κόσμον
1027 3730 1466 3800 ἐδημιούργησεν
1485 3767 1500 3790 ,
1531 3729 1626 3781 καὶ
1666 3729 1820 3790 τέλος
1855 3729 1948 3781 τὸν

359 3827 656 3898 ἄνθρωπον
685 3829 809 3879 κατ’
833 3827 1017 3880 εἰκόνα
1041 3825 1239 3879 ἑαυτοῦ
1281 3827 1376 3880 καὶ
1404 3823 1665 3894 ὁμοίωσιν
1689 3823 1945 3886 ἔπλασεν,

358 3921 736 3992 ὼςήπαλαιὰ
772 3921 1013 3972 διδάσκει
1073 3920 1287 3989 Γραφὴ,
1351 3920 1437 3971 ἵνα
1495 3918 1602 3970 τῶν
1652 3917 1948 3988 ὁρωμένων

365 4016 589 4068 πάντων
643 4014 787 4084 ἄρχῃ
851 4014 1193 4082 κτισμάτων,
1247 4010 1328 4065 διὸ
1361 4010 1453 4063 καὶ
1510 4009 1729 4075 λογικὸν
1785 4010 1947 4062 αὐτὸν

365 4107 570 4160 ἔπλασε
591 4121 604 4136 ο
638 4105 918 4174 δυνάμεθα
953 4106 1090 4175 αὐτῇ
1125 4106 1192 4174 τῇ
1224 4104 1454 4172 δυνάμει
1485 4100 1578 4154 τοῦ
1610 4100 1770 4170 λόγου
1802 4103 1947 4172 χρώ-

361 4217 546 4271 μενοι,
578 4199 644 4268 ἢν
694 4199 826 4266 ἡμῖν
861 4197 1120 4266 ἐνέθηκεν
1173 4198 1201 4249 6
1231 4195 1388 4260 Θεὸς,
1436 4194 1536 4264 τὴν
1580 4193 1738 4258 δόξαν
1777 4192 1945 4246 αὖτοῦ

358 4291 466 4344 καὶ
501 4289 770 4358 ὑμνῳδίαν
797 4290 904 4342 ἀπὸ
933 4288 1042 4339 τῶν
1057 4287 1354 4357 ὁρωμένων
1385 4285 1822 4354 συλλογίζεσθαι,
1857 4285 1948 4338 καὶ

359 4383 542 4450 τούτῳ
567 4383 643 4448 τῷ
663 4381 848 4451 τρόπῳ
891 4379 1099 4433 ἔννοιάν
1130 4397 1252 4432 τινα
1292 4379 1422 4448 περὶ
1448 4379 1586 4430 Θεοῦ
1617 4378 1943 4446 λαμϐάνειν.

362 4478 481 4530 Καὶ
511 4475 618 4544 γὰρ
646 4474 706 4526 τὸ
762 4473 1049 4542 μεγαλεῖον
1101 4472 1201 4540 τῆς
1237 4469 1384 4533 Θείας
1437 4464 1653 4540 φύσεωξ
1686 4474 1712 4524 6
1743 4473 1948 4538 κόσμος

2053 3276 2232 3329 rantia
2279 3275 2584 3331 laborantes
2637 3277 2798 3331 vitam
2851 3289 3147 3346 ageremus,
3190 3290 3393 3339 verum,
3453 3281 3510 3326 ut
3557 3272 3631 3324 ait

2051 3367 2419 3425 Damascenus
2467 3371 2749 3439 theologus
2801 3370 2946 3440 (quas
2983 3369 3104 3440 ejus
3137 3363 3426 3422 ineii'abilis
3472 3365 3628 3418 boni-
3662 3376 3667 3380 '

2055 3469 2135 3516 las
2164 3465 2268 3528 est)
2297 3463 2498 3529 placuit
2533 3462 2615 3516 illi
2645 3461 2800 3517 exiis
2825 3471 2941 3532 qttre
2965 3456 3154 3516 nostra
3174 3470 3296 3515 sunt
3334 3456 3629 3519 nominari,

2051 3573 2116 3612 ne
2143 3558 2306 3626 ipsius
2336 3556 2545 3624 penitus
2577 3556 2782 3610 notitia:
2806 3565 3046 3623 expertes
3071 3566 3322 3608 essemus.

2123 3649 2278 3716 Quod
2311 3650 2452 3702 cnim
2504 3649 2582 3702 uti
2632 3648 2886 3710 diximus,
2939 3648 3052 3703 sola
3089 3649 3328 3702 bonitate
3368 3645 3630 3699 mundum

2050 3755 2266 3797 Omnem
2299 3742 2539 3795 cmuiidit
2561 3782 2575 3804 ,
2611 3753 2673 3794 ac
2706 3751 2984 3809 postremo
3017 3739 3438 3804 bominem,_uti
3482 3747 3633 3791 vetus

2054 3835 2335 3902 Scriptura
2383 3833 2565 3896 docet,
2618 3840 2674 3884 ut
2707 3832 2906 3885 creatis
2940 3831 3198 3886 omnibus
3245 3831 3295 3884 iu
3351 3841 3631 3900 aspectum

2007 3965 2010 3970 -
2051 3927 2370 3983 cadentibus
2398 3935 2676 3994 prmesset,
2713 3927 2779 3980 ad
2811 3925 3100 3995 imaginem
3137 3932 3191 3978 et
3221 3923 3630 3979 similitudinem

2049 4035 2205 4075 suam
2249 4017 2539 4083 formavit,
2599 4018 2763 4087 idque
2814 4019 2952 4072 adeo
2987 4017 3040 4070 in
3075 4031 3239 4070 causa
3286 4025 3392 4079 cst,
3429 4029 3527 4069 cur
3581 4025 3637 4067 et

2052 4111 2334 4182 praeditum
2373 4110 2584 4164 ratione
2619 4109 2908 4176 formarit;
2961 4110 3088 4164 licet
3122 4109 3280 4164 nobis
3321 4108 3509 4163 eadem
3542 4121 3632 4161 ra-

2053 4205 2214 4260 tionis
2249 4204 2524 4268 facultate,
2557 4217 2720 4272 qttant
2775 4202 2936 4258 nobis
2973 4200 3116 4256 Deus
3169 4200 3388 4266 indidit,
3430 4199 3632 4270 pracdi-

2053 4299 2143 4362 tis,
2170 4297 2288 4365 ejus
2336 4287 2564 4367 gloriam
2598 4294 2887 4364 laudisque
2929 4293 3236 4358 materiam,
3269 4293 3336 4346 iis
3369 4306 3433 4346 es
3473 4289 3632 4344 rebus

2049 4390 2326 4458 Colligere,
2358 4399 2495 4456 quas
2528 4389 2698 4442 oculis
2736 4401 3098 4456 usurpamus,
3144 4395 3306 4452 atque
3337 4385 3441 4438 boc
3473 4384 3634 4436 modo

2051 4489 2372 4550 conceptum
2427 4482 2718 4548 quemdam
2778 4479 2844 4532 de
2896 4477 3016 4532 Deo
3057 4491 3354 4532 assumere.
3416 4476 3628 4529 Etenim
3694 4529 3714 4545 ο

361 4565 758 4635 ἀνακηρύττει,
796 4565 1023 4624 καὶτοῖς
1061 4563 1391 4634 προσέχουσι
1560 4565 1650 4616 τὸν
1683 4557 1947 4633 δημιούρ-

2053 4582 2260 4626 naturae
2301 4571 2497 4624 divina:
2538 4571 2890 4640 majestatem
2945 4569 3180 4622 mundus
3238 4567 3520 4636 praedicat.
3571 4582 3634 4620 ac

359 4663 466 4728 γὸν
515 4660 741 4712 ἑαυτοῦ·
795 4655 930 4719 οἷον,
985 4657 1174 4723 ἐπειδὴ
1223 4657 1630 4719 ἀποϐλέποντες
1692 4659 1831 4726 πρὸς
1880 4658 1948 4710 τὰ

360 4755 646 4822 κτίσματα
707 4751 934 4820 νοοῦμεν
989 4752 1071 4803 ὅτι
1124 4749 1335 4819 τρεπτὰ
1381 4750 1475 4802 καὶ
1511 4750 1782 4812 ἀλλοιωτά
1817 4752 1946 4812 εἰσι,

361 4844 468 4898 καὶ
494 4841 806 4912 γεννώμενα
832 4844 924 4895 καὶ
962 4841 1306 4910 αὐξανόμενα
1334 4843 1425 4893 καὶ
1457 4840 1792 4910 φθειρόμενα
1813 4857 1828 4872 ⁶
1857 4842 1954 4896 καὶ

362 4917 481 5008 γὰρ
522 4938 616 4990 καὶ
645 4937 694 4989 οἱ
732 4935 978 5002 ἄγγελοι,
1027 4936 1076 4987 εὶ
1110 4935 1204 4986 καὶ
1239 4933 1521 5002 ἀσώματοι
1565 4936 1662 4988 καὶ
1696 4935 1848 4989 ἅῦλοξ
1873 4939 1952 4989 εἰ·

365 5050 480 5094 σιν,
524 5028 661 5085 ἀλλὰ
693 5029 828 5095 πρὸς
861 5028 958 5096 τὴν
1009 5027 1105 5080 τοῦ
1160 5027 1298 5087 Θεοῦ
1335 5025 1735 5097 καθαρωτάτην
1777 5029 1945 5082 ἁπλό-

361 5140 510 5192 τητα
544 5121 986 5190 συγκρινόμενοι,
1020 5121 1116 5172 καὶ
1175 5120 1326 5172 αὐτοὶ
1391 5121 1637 5174 σύνθετοί
1693 5124 1836 5174 εἰσι⁹
1871 5123 1952 5176 διὸ

369 5217 467 5270 καὶ
498 5217 721 5284 τρεπτοὶ
746 5214 1138 5268 κατανοοῦπαι
1161 5232 1176 5246 ·
1219 5216 1366 5268 καιὸ
1400 5218 1625 5284 σύμπας
1659 5200 1970 5285 κόσμος-ἐν’

368 5309 550 5377 φίλορᾷ
577 5310 694 5360 ἐστι
720 5323 733 5337 ⁸
763 5309 934 5361 ταῦτα
955 5309 1356 5376 συναγαγόντες
1386 5309 1815 5380 συλλογιζόμεθα
1846 5329 1948 5363 και

371 5401 487 5453 θότι
515 5401 679 5468 ἐσμὲν
705 5400 914 5467 λογικοὶ
941 5399 1134 5463 οὕτως.
1183 5400 1402 5472 Ἐπειδὴ
1423 5401 1492 5456 τὰ
1522 5402 1776 5472 ὁρώμενα
1810 5405 1945 5457 πάνυ

370 5509 441 5545 τα
482 5493 687 5562 τρεπτὰ
717 5493 821 5544 εἰσι
855 5493 949 5545 καὶ
996 5493 1287 5561 ἀλλοιωτὰ,
1322 5496 1482 5566 δῆλον
1511 5497 1595 5550 ὅτι
1628 5499 1719 5550 καὶ
1751 5497 1947 5550 utiuti

467 5720 519 5777 ti)
537 5719 686 5774 Orat.
724 5723 812 5775 55.

448 5792 524 5862 (7)
551 5790 816 5862 Maximus
849 5795 942 5860 qui
971 5810 1156 5862 supra.

449 5859 520 5928 (ὃ)
550 5859 712 5914 Libro
742 5878 757 5915 ι
790 5859 974 5918 contra
1006 5859 1228 5920 Eunoni.
1264 5881 1316 5936 p.
1346 5866 1426 5920 15.

2057 4665 2122 4717 iis
2157 4664 2247 4730 qui
2292 4663 2532 4716 animum
2561 4660 2871 4725 attendunt,
2902 4673 3058 4724 eutn,
3082 4673 3194 4728 quo
3242 4667 3466 4713 auctore
3495 4675 3636 4713 con-

2056 4759 2201 4811 ditus
2233 4766 2339 4819 ρει,
2383 4757 2604 4811 elautat.
2643 4752 2710 4807 Ut
2755 4752 2857 4806 sub
2887 4752 3135 4819 exemplo
3168 4751 3359 4820 loquar
3391 4768 3408 4807 :
3445 4751 3632 4816 Quan-

2057 4850 2347 4920 doqu-‘idem
2378 4849 2429 4902 in
2473 4863 2558 4903 res
2588 4857 2801 4900 creatas
2834 4855 3184 4910 contuentes,
3234 4845 3515 4900 mutationi
3557 4845 3638 4900 al-

2060 4943 2422 5010 tat-alienique
2476 4937 2832 5007 intelligimus
2888 4936 3341 5000 osse-obnoxias,
3406 4951 3637 5006 qumque

2057 5039 2349 5106 gignuntur
2407 5043 2460 5087 et
2513 5039 2765 5086 crescant
2817 5046 2882 5085 ac
2932 5030 3283 5100 corruptione
3339 5029 3637 5085 intereant.

2056 5127 2192 5181 Nam
2244 5135 2298 5180 et
2332 5125 2530 5195 angeli,
2565 5125 2792 5179 tametsi-
2823 5123 3130 5191 incorporei
3172 5133 3299 5176 sunt
3348 5139 3411 5178 ac
3445 5134 3642 5178 vacant

2056 5220 2305 5284 materia,
2355 5219 2398 5274 si
2433 5229 2614 5272 tamen
2665 5232 2792 5272 cum
2829 5217 2922 5270 Dei
2959 5216 3250 5286 purissima
3287 5217 3640 5286 simplicitate

2057 5311 2432 5376 conferantur,
2475 5311 2579 5378 ipsi
2611 5323 2828 5379 quoque
2859 5311 3148 5380 compositi
3182 5319 3344 5376 sunt;
3380 5310 3636 5377 quocirca

2057 5407 2218 5460 etiam
2251 5404 2626 5474 intelliguntur
2670 5403 2958 5456 nttttatiuni
3004 5403 3250 5465 obnoxii,
3295 5403 3638 5469 mundusth

2056 5497 2344 5552 universus
2396 5511 2497 5551 nec
2524 5497 2639 5565 ipse
2671 5511 2700 5549 a
2729 5495 3084 5567 corruptione
3116 5495 3368 5550 intmunis
3397 5493 3634 5548 ρειςίειῑι.

2133 5731 2207 5795 (9)
2235 5728 2388 5782 Orat.
2415 5730 2504 5790 53$,
2534 5745 2586 5798 p.
2624 5729 2748 5784 569.

2134 5801 2243 5865 (ill)
2272 5798 2528 5859 Orat.56,
2567 5817 2621 5869 p.
2651 5800 2775 5854 589.

2137 5871 2243 5942 (ιι)
2281 5869 2352 5923 De
2392 5872 2494 5937 [ide
2527 5871 2560 5926 Ι.
2595 5885 2633 5936 l,
2664 5886 2712 5926 ε.
2745 5872 2793 5925 1.
