4074 6440
536 380 644 441 443
665 432 673 437 .

1804 374 2204 437 MANUELIS
2238 378 2547 437 CALECxE

3690 394 3786 455 «iii

542 491 783 546 teritioui
813 499 905 542 aut
935 490 1039 543 labi
1062 490 1383 553 obnoxium,
1402 498 1511 543 tum
1537 489 1617 543 lex
1645 490 1912 544 naturalis
1937 491 2116 550 dooet.

2229 491 2319 543 mi.
2351 492 2383 560 ὴ
2430 489 2621 559 Γραφὴ
2660 488 2943 557 κηρύττει.
2981 494 3094 549 Οὐκ
3143 497 3252 570 ἄρα
3300 500 3451 567 λύσις
3479 505 3571 558 ἐπ’
3595 508 3784 563 αὐτουο

544 593 659 636 tum
702 581 987 651 Scriptura
1029 582 1289 650 praatlicat
1333 596 1395 634 ac
1429 580 1687 650 loquitur.
1721 579 1875 635 Nulla
1907 597 2036 651 ergo
2063 582 2115 635 in

542 663 608 726 eo
643 672 931 727 dissolutio
953 687 1044 727 seu
1076 673 1326 727 interitus
1352 690 1367 737 ;
1391 673 1442 727 id
1477 675 1620 727 enim
1654 670 1842 743 procul
1863 673 2119 729 abhorret

544 783 572 821 a
611 765 739 823 Deo.

615 860 694 915 Ex
727 860 812 915 bis
839 870 1020 915 autem
1051 860 1359 935 colligimus
1387 901 1402 925 ,
1442 861 1608 918 Deum
1640 863 1842 932 ubique
1876 878 2019 919 esse.
2054 864 2114 919 Ei

542 953 682 1007 enim
709 954 801 1022 qui
834 954 1344 1023 incircumscriptus
1382 955 1455 1009 sit
1504 970 1565 1010 ac
1598 956 1865 1021 inﬁnitus,
1896 970 2121 1012 cuneta-

541 1064 645 1114 que
669 1047 904 1109 noverit,
925 1062 1110 1103 comes
1141 1058 1243 1113 est,
1275 1059 1331 1102 ut
1359 1050 1557 1119 ubique
1576 1064 1817 1117 prteseus
1841 1053 1933 1104 sil.
1959 1050 2116 1119 Nam,

543 1150 600 1191 ut
627 1150 814 1193 auctor
838 1151 922 1194 est
973 1139 1282 1194 divinarum
1312 1154 1496 1194 rerun.
1523 1141 1750 1195 scientia
1779 1142 2120 1197 clarissimus

541 1230 854 1301 Dionysius,
925 1230 1171 1284 Divinum
1197 1231 1529 1285 individuum
1560 1243 1660 1294 est,
1713 1243 1877 1287 totum
1899 1250 2119 1301 prorsus

541 1322 731 1391 ubique
757 1318 1227 1389 exsistens;Neque
1256 1337 1383 1390 pars
1412 1323 1467 1375 in
1498 1336 1650 1392 parte
1676 1340 1950 1391 corporum
1977 1342 2123 1379 more

542 1415 839 1479 dividitur;
866 1414 959 1466 sed
984 1423 1149 1466 totum
1181 1414 1237 1467 in
1274 1415 1540 1479 omnibus,
1571 1425 1840 1485 totumque
1862 1419 2122 1473 universis

544 1514 803 1572 prwstans
841 1522 903 1558 ac
938 1506 1192 1559 eminens.
1232 1505 1311 1558 Ac
1358 1506 1564 1568 videtur
1595 1509 1805 1576 quidem
1856 1526 1968 1563 esse
1992 1549 2011 1575 ,
2041 1512 2123 1567 di-

544 1606 788 1664 rtturque
823 1596 986 1650 unius
1024 1596 1116 1651 Dei
1148 1599 1395 1653 discretio
1436 1598 1689 1669 longeque
1718 1600 1836 1670 fusa
1864 1604 2122 1673 multipli-

547 1687 686 1739 cntio
712 1704 731 1752 ;
766 1698 843 1741 est
870 1699 1046 1742 tamen
1076 1690 1214 1744 Deus
1248 1691 1361 1758 ejus
1388 1692 1603 1746 deitatis
1638 1676 1784 1763 origo
1812 1695 1963 1765 eique
1994 1697 2125 1750 emi-

549 1794 699 1843 nens,
727 1781 1237 1847 superessentialiter
1250 1798 1383 1836 unus
1406 1782 1568 1846 Deus,
1594 1785 1695 1838 sibi
1725 1788 1835 1851 ipse
1858 1787 2125 1842 individua

548 1870 601 1921 in
636 1871 861 1926 dividuis
883 1874 1082 1936 unitas,
1109 1875 1261 1944 irque
1297 1875 1479 1930 multis
1524 1877 1888 1933 incommistus
1925 1896 1986 1934 ac
2017 1881 2121 1933 int-

549 1960 996 2029 multiplicabilis.
1019 1962 1349 2033 Rursusque
1379 1967 1472 2020 illo
1501 1968 1652 2036 prior
1681 1970 1757 2022 ait
1778 1969 2063 2039 Scriptura
2104 1990 2118 2026 :

553 2051 744 2107 Nonne
769 2052 952 2108 rte/um
974 2065 1022 2110 et
1047 2068 1243 2110 terram
1265 2074 1356 2127 ego
1375 2058 1564 2127 impleo
1587 2060 1756 2113 idicit
1774 2060 2031 2117 Dominus
2055 2061 2121 2116 ιι.

549 2144 755 2197 leum
790 2160 1004 2214 quoque
1032 2147 1158 2223 ejus
1196 2148 1359 2202 sedes
1386 2147 1590 2203 dicitur
1611 2189 1627 2214 ,
1662 2159 1808 2205 terra
1845 2166 1972 2206 vero
1998 2166 2122 2207 sca-

548 2234 746 2290 bellutn
775 2253 791 2302 ;
827 2239 1022 2306 quibus
1054 2222 1334 2309 Scriptura
1364 2222 1636 2309 signiﬁcat
1672 2256 1792 2298 esse
1831 2242 1982 2296 illum
2007 2230 2127 2298 ubi-

551 2345 655 2395 que
681 2346 745 2384 ac
772 2342 968 2385 cuncta
1004 2333 1239 2401 replere,
1284 2349 1387 2388 nec
1436 2333 1727 2402 quidquam
1762 2345 1921 2390 extra
1953 2334 2130 2390 ambi-

549 2430 663 2474 tum
693 2422 1079 2480 etlieaeissimae
1130 2439 1465 2494 summaeque
1511 2427 2013 2495 comprehensionis
2071 2434 2127 2482 et

550 2515 766 2570 virtutis
798 2515 914 2585 ejus
952 2519 1239 2572 excedere.

620 2608 855 2673 Atllnec,
890 2610 1147 2676 quoniam
1181 2609 1428 2664 videmus
1462 2623 1587 2665 esse
1615 2609 1669 2664 in
1706 2609 1910 2666 mundo
1942 2612 2128 2667 viven-

548 2703 647 2765 tia,
677 2701 1054 2771 sapientiaque
1089 2716 1154 2754 ac
1182 2700 1427 2755 bonitate
1456 2702 1708 2772 prmdita,
1736 2718 2039 2773 eorumque
2070 2707 2125 2760 in

550 2806 611 2845 se
640 2776 901 2859 rationes,
934 2802 989 2863 ut
1018 2793 1263 2847 omnium
1292 2803 1508 2859 auctor,
1538 2795 1681 2851 Deus
1716 2795 2027 2863 prmhabet;
2052 2798 2130 2851 ait

550 2896 787 2949 namque
814 2881 1105 2950 Apostolus
1131 2923 1148 2948 ,
1179 2882 1355 2953 ipsum
1395 2884 1578 2939 omnia
1607 2899 1764 2952 esse,
1805 2900 1982 2955 exque
2013 2886 2130 2954 ipso

498 2990 504 2995 ο
550 2974 696 3027 facta
724 2986 870 3039 esse,
900 2983 955 3028 et
982 2975 1035 3030 in
1070 2989 1136 3030 eo
1171 2984 1425 3048 constare
1455 2976 1530 3044 ";
1582 2986 1746 3047 atque
1776 2977 2133 3033 utdivinissi-

550 3081 670 3120 mus
703 3064 941 3122 Joannes
972 3068 1025 3121 in
1056 3067 1379 3140 Apocalypsi
1409 3069 1486 3124 ait
1511 3070 1804 3141 quemdam
1840 3073 1907 3127 de
1942 3072 2131 3126 senio-

550 3158 703 3212 ribus
752 3156 858 3212 sibi
914 3157 1119 3213 dixisse
1150 3176 1165 3212 :
1199 3157 1404 3213 Cuncta
1452 3172 1604 3216 erant
1633 3202 1649 3226 ,
1706 3169 1756 3216 et
1793 3162 1943 3231 facta
1975 3172 2123 3229 sunt,
2152 3198 2200 3259 α

551 3249 712 3319 idque
736 3265 1018 3319 exponens
1061 3251 1279 3306 divinus
1308 3252 1599 3318 Maximus,
1642 3252 1798 3308 ideas
1835 3255 1910 3308 ait
1944 3294 1957 3316 .
1982 3254 2126 3325 quod

548 3350 727 3405 erant,
786 3340 1051 3411 imagines
1098 3357 1227 3397 vero
1270 3354 1324 3401 et
1374 3344 1662 3399 simulacra
1710 3349 1953 3401 idearum
1985 3387 2001 3412 ,
2030 3361 2127 3400 seu

549 3433 967 3500 exemplarium,
1024 3435 1166 3503 quod
1200 3434 1342 3489 facta
1389 3450 1563 3505 sunt;
1598 3438 1952 3505 intelligimus
2005 3452 2127 3493 cum

551 3523 643 3591 qui
672 3523 903 3578 viventia
933 3516 1176 3581 cdhdidit
1195 3528 1259 3593 ",
1288 3536 1341 3581 et
1367 3539 1548 3583 creata
1569 3531 1753 3583 omnia
1783 3531 1834 3582 in
1857 3530 2125 3599 sapientia

551 3615 699 3682 fecit,
738 3618 1070 3687 angelosque
1122 3629 1177 3672 et
1214 3620 1464 3674 homines
1510 3622 1779 3690 sapientia
1810 3620 2027 3685 imbuit,
2067 3636 2129 3677 ac

550 3703 643 3773 qui
675 3694 849 3759 lucem
880 3707 1054 3761 oculis
1083 3707 1391 3776 subjectum
1421 3709 1699 3777 produxit,
1731 3710 1896 3763 vitam
1931 3725 2052 3765 esse
2075 3719 2132 3766 et

548 3799 728 3852 lucem
784 3809 839 3853 et
900 3800 1262 3868 sapientiam;
1333 3801 1558 3869 haecque
1613 3801 1750 3855 adeo
1806 3801 1965 3870 longe
2017 3803 2130 3857 illic

548 3889 865 3959 perfectius,
896 3906 1058 3960 quam
1097 3890 1150 3944 iit
1188 3892 1351 3946 rebus
1380 3891 1556 3947 oculis
1590 3893 1852 3962 subjectis
1888 3895 2124 3949 elucere.

510 4004 518 4011 ·
548 3985 636 4039 Ait
665 4001 900 4056 namque
925 3986 1144 4041 divinus
1185 3986 1499 4057 Dionysius,
1532 4003 1655 4057 qua:
1690 3991 1741 4044 in
1772 3988 1980 4045 ell‘ectis
2008 4003 2132 4059 per-

548 4077 816 4133 fectiones
838 4077 1134 4143 exsistunt,
1164 4079 1318 4148 longe
1353 4080 1506 4149 prius
1535 4080 1587 4134 in
1621 4078 1805 4135 causis
1832 4081 2125 4145 exsistere,

550 4166 724 4234 iisque
740 4164 955 4221 abunde
980 4181 1043 4220 ac
1062 4169 1427 4222 cssentialiter
1459 4169 1654 4225 cil'ecta
1686 4172 1867 4225 inesse
1892 4187 1906 4234 ;
1934 4178 2127 4225 cuncta

549 4260 784 4327 denique
811 4259 865 4312 in
894 4258 1135 4313 omnium
1169 4261 1402 4317 Auctore
1430 4263 1714 4328 exsistere,
1756 4277 1985 4334 quaeque
2022 4258 2137 4317 alia

550 4351 672 4410 aliis
702 4352 980 4406 contraria
1029 4363 1193 4420 sunt,
1226 4356 1717 4425 comprehensione
1755 4356 2131 4427 singularique

550 4460 654 4498 uua
699 4445 906 4501 ratione
937 4456 992 4501 et
1044 4447 1391 4503 uniformiter
1420 4464 1483 4504 ac
1512 4450 1682 4503 unite.
1716 4450 1928 4503 Etenim
1987 4449 2128 4506 Deus
2166 4451 2179 4459 ’

2222 581 2383 635 τοῦτο
2407 580 2514 651 γὰρ
2546 580 2829 650 ἀλλότριον
2868 582 3025 637 Θεοῦ.

2311 856 2405 908 Ἐκ
2444 854 2501 908 δὲ
2548 852 2757 908 τούτων
2788 852 3100 921 συνάγομεν
3148 850 3234 904 δτι
3273 851 3558 922 πανταχοῦ
3598 852 3748 904 ἐστιν
3771 856 3799 905 ὁ

2225 951 2381 1013 Θεός.
2410 950 2501 1019 Τῷ
2531 949 2639 1021 γὰρ
2667 946 3073 1016 ἁπεριγράπτῳ
3116 946 3213 998 καὶ
3236 945 3454 1016 ἀπείρῳ
3484 945 3582 998 καὶ
3624 944 3801 999 πάντα
3847 926 3865 944 ’

2227 1047 2390 1100 εἰδότι
2423 1044 2484 1097 τδ
2524 1041 2803 1113 πανταχοῦ
2855 1044 3114 1108 παρεῖναι
3165 1037 3468 1120 ἀκολουθεῖ.
3502 1040 3663 1093 Κατὰ
3695 1041 3801 1110 γὰρ

2227 1138 2318 1190 τὸν
2392 1135 2854 1204 θεολογικὼτατον
2926 1135 3205 1188 Διονύσιον
3254 1131 3428 1203 (il),
3500 1133 3571 1187 Τὸ
3635 1132 3805 1188 Θεῖον

2227 1230 2441 1298 ἀμερές
2473 1230 2665 1294 ἐστιν,
2698 1228 2847 1282 ὅλον
2872 1227 3091 1293 ὑλικῶς
3116 1224 3430 1292 πανταχοῦ
3465 1224 3539 1277 ὄν
3559 1242 3572 1255 ·
3608 1222 3709 1279 καί
3739 1227 3805 1277 οὐ

2223 1322 2407 1392 μέρος
2460 1320 2530 1386 ,ἐν
2560 1320 2741 1388 μέρει.
2766 1317 3119 1388 σωματικῶς
3171 1318 3623 1386 διαιρούμενον·
3670 1318 3808 1371 ἀλλ’

2230 1415 2378 1468 ὅλον
2405 1414 2475 1467 ἐν
2511 1410 2686 1475 πᾶσι,
2713 1412 2814 1465 καὶ
2845 1411 2994 1466 ὅλον
3033 1410 3187 1478 ὑπὲρ
3220 1411 3288 1463 τὸ
3322 1407 3465 1464 πᾶν.
3498 1408 3611 1463 Kal
3645 1408 3812 1462 δοκεῖ

2223 1506 2343 1573 μὲν
2370 1505 2521 1579 εἶναι
2571 1504 2667 1558 καί
2722 1504 2957 1571 λέγεται
2999 1502 3105 1555 τοῦ
3150 1498 3291 1567 ἐνὸς
3320 1501 3468 1555 Θεοῦ
3503 1487 3809 1569 διάκρισιῖ

2231 1595 2328 1651 καί
2389 1596 3009 1662 πολλαπλασιασμός·
3056 1594 3189 1647 ἐστι
3228 1595 3298 1647 δὲ
3333 1594 3517 1647 οὐδὲν
3561 1589 3756 1661 ἧττον
3780 1596 3807 1645 δ

2231 1689 2506 1757 ἁρχίθεος
2562 1686 2660 1741 καί
2731 1687 3019 1754 ὑπέρθεος
3077 1686 3213 1757 (i5)
3279 1686 3663 1753 ὑπερουσίως
3727 1678 3812 1748 εἷς

2234 1778 2397 1845 Θεὸς,
2454 1780 2788 1846 ἀμερίστως
2836 1777 2906 1831 ἐν
2964 1775 3091 1842 τοῖς
3137 1774 3446 1845 μεριστοῖς
3501 1775 3814 1843 ἡνωμένος

2160 1848 2200 1902 Β
2231 1871 2442 1935 ἐαυτῷ,
2468 1870 2566 1924 καί
2605 1870 2728 1937 τοῖς
2776 1870 3032 1936 πολλοῖς
3080 1869 3299 1939 ἀμιγὴς·
3339 1870 3437 1923 καί
3490 1869 3811 1934 den/triam-

2230 1981 2356 2029 τος.
2402 1965 2511 2017 Καὶ
2560 1963 2723 2017 πάλιν
2773 1962 2880 2033 πρὸ
2929 1961 3096 2017 αὐτοῦ
3140 1979 3306 2032 φησιν
3350 1963 3382 2033 ὴ
3418 1961 3633 2034 Γραφὴ,
3661 1963 3815 2028 Οὐχί

2230 2055 2339 2110 τὸν
2393 2055 2654 2124 οὐρανὸν
2701 2055 2799 2109 καὶ
2844 2054 2961 2122 τὴν
3011 2054 3129 2122 γῆν
3180 2054 3296 2122 ἐγὼ
3356 2053 3601 2120 πληρῶ;
3650 2056 3815 2123 λέγει

2232 2149 2471 2216 Κύριος.
2514 2148 2623 2202 Καὶ
2653 2146 2843 2216 θρόνος
2873 2147 2972 2215 μὲν
3017 2147 3046 2199 ὁ
3081 2145 3307 2216 οὐρανὸς
3363 2145 3531 2199 αὑτοῦ
3561 2143 3815 2212 πέγεται,

2232 2240 2265 2308 ἡ
2298 2240 2354 2292 δὲ
2386 2239 2457 2308 γῆ
2504 2238 2818 2304 ὑποπόδιον,
2854 2237 2951 2291 τοῦ
2986 2238 3171 2306 λόγου-
3197 2237 3510 2300 δεικνύντος
3544 2239 3629 2291 ὅτι
3675 2255 3817 2291 παν-

2232 2330 2401 2402 ταχοῦ
2439 2330 2673 2400 πάρεστι
2725 2333 2820 2387 καὶ
2851 2333 3034 2385 πάντα
3083 2330 3306 2400 πληροῖ,
3348 2330 3440 2384 καὶ
3471 2330 3626 2384 οὐδέν
3658 2332 3815 2403 ἐστιν

2235 2424 2342 2490 ἔξω
2379 2425 2579 2477 πίπτον
2610 2423 2710 2492 τῆς
2749 2423 3200 2494 δραστικωτάτης
3249 2422 3349 2476 καὶ
3404 2424 3811 2478 συνεκτικωτά-

2232 2535 2333 2586 της
2362 2518 2623 2589 περιοχῆς
2663 2519 2758 2570 καὶ
2786 2517 3067 2585 ἐνεργείας
3095 2516 3286 2571 αὐτοῦ.

2310 2609 2452 2671 Ἔτι,
2484 2608 2606 2662 ἐπεὶ
2633 2607 2905 2678 βλέπομεν
2934 2608 3016 2660 ὃτι
3046 2608 3188 2661 εἰσίν
3214 2611 3271 2661 ἐν
3301 2608 3379 2679 τῷ
3407 2610 3598 2680 κόσμῳ
3632 2610 3813 2674 ζῶντα

2236 2701 2331 2754 καὶ
2381 2697 2521 2767 σοφὰ
2575 2699 2667 2752 καί⁵
2717 2696 2934 2766 ἀγαθὰ,
2969 2698 3175 2753 τούτων
3223 2699 3280 2752 δὲ
3335 2701 3464 2763 τοὺς
3512 2700 3709 2768 λόγους
3755 2704 3815 2754 ἐν

2236 2790 2416 2860 ἑαυτῷ
2449 2791 2672 2860 προέχει
2703 2789 2777 2852 ὡς
2815 2789 3034 2843 πάντων
3071 2788 3245 2851 αἴτιος
3266 2804 3283 2820 °
3315 2790 3407 2843 καὶ
3438 2791 3546 2861 γάρ
3588 2809 3759 2861 φησιν
3788 2796 3816 2846 ὁ

2248 2882 2593 2949 Ἀπὸστολος,
2633 2884 2825 2945 Αὐτός
2869 2883 3002 2938 ἐστι
3042 2883 3115 2937 τὰ
3150 2882 3368 2948 πάντα,
3397 2885 3499 2938 καί
3525 2884 3598 2948 ἐξ
3625 2884 3819 2940 αὐτοϋ

2236 2976 2482 3048 γέγονε,
2536 2978 2637 3031 καὶ
2697 2976 2771 3029 ἐν
2834 2975 2996 3039 αὐτῷ
3054 2974 3445 3042 συνέστηκεο
3498 2977 3593 3030 καὶ
3653 2977 3731 3039 ὡς
3788 2980 3815 3030 ὁ

2236 3069 2511 3133 θειότατος
2552 3070 2610 3123 ὲν
2649 3070 2714 3139 τῇ
2761 3067 3125 3137 Ἀποκαλύψει
3168 3067 3425 3138 Ἰωάννης
3469 3068 3626 3139 φησὶ,
3690 3069 3814 3123 τινὰ

2235 3161 2344 3215 τῶν
2375 3160 2767 3231 πρεσϐυτέριον
2811 3160 2987 3213 εἰπεῖν
3027 3158 3140 3229 (16)
3178 3160 3350 3228 αὐτῷ,
3394 3159 3595 3215 Πάντα
3626 3156 3812 3228 ἦσαν,

2230 3253 2330 3309 καί
2359 3250 2680 3322 γεγόνασιν
2706 3266 2723 3281 ⁸
2749 3250 2889 3321 ὅπερ
2923 3250 2952 3302 ὁ
2998 3249 3140 3312 θεῖος
3195 3249 3511 3320 σαφηνίζων
3560 3251 3810 3319 Μάξιμος

2228 3347 2327 3410 τὰς
2363 3347 2506 3409 ἰδέας
2536 3344 2684 3412 λέγει
2723 3345 2806 3397 ὅτι
2854 3338 3019 3413 ἦσαν,
3053 3344 3148 3396 καὶ
3196 3342 3295 3404 τὰς
3335 3343 3552 3405 εἰκόνας
3607 3346 3703 3397 καὶ
3744 3345 3809 3396 τὰ

2228 3436 2551 3506 ὁμοιώματα
2601 3436 2710 3490 τῶν
2758 3434 2934 3500 ἰδεῶν,
2992 3435 3111 3505 ἦτοι
3176 3435 3674 3507 παραδειγμάτων,
3730 3437 3811 3490 ὅτι

2230 3530 2520 3599 γεγόνασιν
2542 3546 2553 3558 ·
2584 3527 2875 3597 ἐννοοῦμεν
2897 3528 2981 3581 ὅτι
3018 3528 3046 3580 ὁ
3074 3526 3146 3580 τὰ
3174 3524 3809 3600 ζῶνταδημιουργήσας,

2231 3624 2325 3677 καὶ
2359 3623 2539 3675 πᾶσαν
2571 3621 2667 3691 τὴν
2700 3620 2881 3673 κτίσιν
2925 3622 2984 3673 ὲν
3025 3621 3189 3691 σοφίᾳ
3234 3621 3681 3684 κατασκευάσας,
3718 3625 3805 3675 καὶ

2230 3712 2496 3780 ἀγγέλους
2523 3710 2616 3763 καὶ
2660 3709 2989 3778 ἀνθρώπους
3034 3708 3235 3776 σοφοὺς
3273 3708 3687 3777 ἐργασάμενος,
3723 3710 3810 3760 καὶ

2230 3807 2293 3858 τὸ
2328 3804 2607 3874 ὁρώμενον
2636 3802 2752 3870 φῶς
2785 3801 3122 3870 ὑποστήσας,
3159 3800 3271 3869 ζωή
3307 3800 3542 3854 ἐστικαὶ
3576 3800 3695 3867 φῶς
3725 3799 3811 3851 καὶ

2232 3898 2393 3967 σοφία
2413 3915 2427 3928 '
2470 3897 2564 3950 καὶ
2594 3896 2773 3966 πολλῷ
2805 3895 3133 3965 τελεώτερον
3164 3895 3282 3974 εκεῖ
3320 3891 3497 3947 ταῦτα
3540 3892 3571 3963 ἢ
3605 3895 3662 3946 ὲν
3706 3895 3811 3953 τοῖς

2231 3990 2532 4061 ὁρωμένοις
2551 3989 2823 4058 φαίνεται.
2844 3988 2953 4041 Καὶ
2975 3987 3085 4058 γάρ
3105 4004 3271 4057 φησιν
3291 3988 3319 4039 ὁ
3344 3985 3488 4049 θεῖος
3515 3985 3807 4048 Διονύσιος,

2230 4082 2298 4134 Δί
2340 4083 2397 4134 ἐν
2450 4084 2563 4144 τοῖς
2623 4080 2889 4142 αἰτιατοῖς
2942 4077 3280 4145 τελειότητες
3340 4076 3522 4146 πολλῷ
3542 4077 3811 4146 -πρὸτερόν

2231 4174 2370 4227 εἰσιν
2402 4174 2458 4226 ὲν
2487 4174 2598 4236 τοῖς
2644 4173 2881 4232 αἰτίοιςο
2926 4172 3020 4225 καὶ
3067 4174 3180 4236 τοῖς
3226 4169 3424 4232 αἰτίοις
3477 4170 3548 4223 τὰ
3590 4170 3809 4224 αἰτιατὰ

2232 4265 2510 4336 περισσῶς
2544 4266 2639 4317 καί
2670 4264 2947 4325 οὑσιωδῶς
2997 4262 3213 4315 ἐνεστιι
3245 4263 3341 4316 καὶ
3390 4263 3476 4315 ὅτι
3525 4262 3712 4316 πάντα
3760 4265 3809 4314 ἐν

2229 4356 2308 4425 τῷ
2330 4357 2548 4410 πάντων
2574 4354 2732 4426 αἰτίῳ
2754 4373 2768 4387 ·
2789 4357 2884 4409 καὶ
2903 4357 2971 4408 τὰ
2992 4354 3243 4423 ἀλλήλοις
3270 4353 3486 4407 ἐναντία
3506 4355 3811 4423 συνειλημ-

2235 4450 2411 4519 μένως
2463 4451 2556 4503 καὶ
2604 4448 2798 4512 ἑνικῶς
2854 4449 2951 4502 καὶ
3010 4448 3304 4518 μονοειδῶς
3351 4447 3445 4501 καὶ
3491 4447 3807 4515 ἡνωμὲνως.

548 4547 740 4592 ettttcta
772 4540 1101 4609 producens,
1129 4541 1235 4595 illis
1263 4543 1552 4607 omnibus,
1577 4552 1686 4596 tum
1724 4542 1980 4595 nimirum
2011 4543 2128 4596 ina-

2233 4543 2344 4596 Koti.
2369 4542 2478 4611 γὰρ
2513 4545 2541 4596 ὁ
2574 4541 2706 4605 Θεὸς
2738 4542 2804 4595 τὰ
2837 4540 3018 4594 πάντα
3051 4538 3421 4611 παραγαγὼν,
3442 4539 3581 4592 πᾶσι
3603 4539 3811 4599 τούτοις

547 4631 735 4697 nimis,
763 4641 873 4687 tum
905 4632 1187 4701 stirpibus,
1221 4643 1445 4704 tumque
1478 4632 1718 4704 pra-ditis
1742 4635 1979 4701 ratione,
2015 4646 2123 4689 tum

545 4736 611 4783 ea
652 4727 987 4788 carentibus,
1021 4740 1119 4795 pro
1176 4725 1418 4794 ipsorum
1472 4726 1685 4781 ratione
1733 4728 2130 4783 convenientes

545 4817 911 4883 perfectiones
961 4817 1194 4883 tribuit,
1244 4832 1442 4888 resque
1486 4814 1717 4888 singulm
1741 4819 1964 4875 Auctori
2027 4833 2129 4874 suo

547 4906 660 4966 Deo
685 4908 968 4976 uniuntur,
993 4916 1255 4979 quantum
1301 4909 1416 4978 ejus
1448 4911 1742 4981 participes
1770 4921 1917 4966 sunt.
1940 4909 2128 4966 Parti-

545 5005 730 5072 cipant
772 5016 953 5058 autem
1008 5002 1179 5071 magis
1230 5010 1287 5056 et
1337 5005 1541 5067 minus,
1580 5020 1679 5074 pro
1718 5020 1830 5058 sua:
1865 5004 2125 5058 nimirutn

544 5093 898 5165 petlecliouis
934 5104 1052 5148 rata
1088 5094 1317 5160 ratione,
1343 5110 1537 5164 nempe
1576 5095 1844 5159 inanima,
1877 5110 1939 5149 ea
1991 5096 2129 5149 duu-

546 5198 698 5248 taxat
750 5188 987 5252 ratione,
1010 5202 1119 5258 qua
1161 5197 1287 5241 sunt
1314 5188 1573 5256 ,tstirpes
1627 5201 1781 5253 vero,
1822 5186 1984 5243 etiam
2017 5203 2125 5259 qua

611 5372 654 5403 “
692 5370 797 5427 lsa.
844 5385 994 5427 wa.
1033 5368 1085 5421 i.

611 5528 727 5597 (Μ)
772 5529 844 5581 De
882 5507 1049 5583 ilivin.
1084 5544 1222 5580 nom.
1258 5542 1316 5587 ll,
1356 5526 1382 5597 §
1417 5528 1500 5582 ll.

616 5601 728 5670 (15)
791 5600 854 5651 Ὀ
899 5600 1179 5670 ἀγχίρεος
1221 5597 1319 5650 καὶ
1367 5598 1676 5665 ὺπέρθεος.
1721 5600 1926 5655 Dicitur
1979 5601 2122 5657 Deus

541 5668 820 5742 ἀρχίοξτς,
862 5684 924 5723 ea
975 5668 1188 5742 ratione
1217 5684 1321 5737 qua
1375 5678 1568 5742 auctor
1612 5679 1693 5724 est
1742 5672 1985 5742 Deitatis,
2013 5688 2121 5742 qua

542 5739 718 5806 angeli
792 5750 846 5793 et
888 5740 1154 5794 homines
1219 5740 1635 5809 participatione
1708 5739 1980 5797 dicuntur
2026 5739 2119 5797 t'Lii.

552 5809 921 5887 Sequiturque
980 5826 1148 5865 unum
1206 5827 1270 5867 ex
1327 5811 1470 5876 alio;
1526 5827 1589 5865 cx
1647 5829 1711 5867 co
1764 5813 1907 5885 quod
1968 5814 2123 5883 ἀρχί-

2231 4635 2462 4705 ἀψύχοις
2497 4635 2594 4690 καὶ
2618 4638 2806 4704 φυτοῖς
2840 4636 2935 4690 καί⁵
2978 4635 3220 4704 λογικοῖς
3255 4634 3350 4687 καὶ
3381 4632 3601 4699 ἀλόγοις
3633 4630 3815 4686 ἀναλό-

2230 4742 2360 4792 γους
2404 4725 2603 4779 δέδωκε
2655 4727 2751 4791 τὰς
2809 4726 3161 4794 τελειότητας
3189 4740 3202 4756 ⁸
3253 4724 3349 4778 καὶ
3405 4722 3643 4776 ἕκαστον
3708 4720 3810 4774 τῶν

2228 4816 2398 4870 ὄντων
2437 4818 2656 4872 ἑνοῦται
2701 4819 2778 4886 τῷ
2826 4818 2946 4887 Θεῷ
2995 4820 3062 4888 τῇ
3111 4815 3306 4871 ἑαυτοῦ
3359 4815 3515 4884 αἰτίᾳ
3583 4815 3813 4868 καθόσον

2231 4908 2398 4962 αὑτοῦ
2433 4911 2671 4980 μετέχει.
2699 4910 3005 4979 Μετέχουσι
3050 4911 3161 4979 γὰρ
3207 4907 3373 4961 αὑτοῦ
3404 4906 3546 4960 κατὰ
3586 4906 3651 4959 τὸ
3685 4906 3815 4975 μᾶ).-

2231 4999 2323 5053 λον
2347 5005 2439 5055 καὶ
2467 4997 2655 5074 ἦττον,
2679 5000 2956 5069 ἀναλόγως
2982 5001 3229 5071 δηλονότι
3255 5001 3321 5070 τῇ
3360 4997 3574 5051 ἑαυτῶν
3608 4996 3814 5050 τελειό-

2235 5112 2391 5166 τητι*
2429 5096 2501 5149 τὰ
2553 5097 2653 5166 μὲν
2711 5098 2819 5167 γὰρ
2870 5094 3058 5165 ἄψυχα
3109 5093 3253 5147 κατὰ
3309 5094 3371 5145 τὸ
3420 5086 3560 5145 εἷναι
3628 5091 3811 5160 μόνον,

2235 5187 2304 5241 τὰ
2330 5187 2387 5241 δὲ
2428 5187 2575 5259 φυτὰ
2607 5188 2701 5242 καὶ
2728 5187 2869 5242 κατὰ
2900 5188 2964 5241 τὸ
3003 5186 3103 5258 ζῇν
3124 5202 3138 5218 ⁸
3185 5186 3253 5240 τὰ
3281 5184 3338 5239 δὲ
3372 5185 3544 5253 ἄλογα
3575 5183 3723 5238 κατὰ
3759 5183 3816 5235 τὸ

1166 5369 1208 5399 ¹²
1248 5366 1424 5422 lCor.
1474 5383 1513 5429 t,
1556 5366 1659 5435 50;
1707 5367 1919 5425 Coloss.
1955 5364 2117 5434 ι,16,
2151 5367 2237 5425 l7.
2320 5372 2365 5405 ¹³
2391 5370 2678 5433 Psal.cm,
2723 5369 2821 5423 24.

2232 5531 2353 5594 θεος
2389 5530 2478 5594 sit,
2535 5530 2765 5582 deorum
2788 5540 2998 5591 auctor,
3052 5528 3196 5597 quod
3244 5527 3317 5583 sit
3373 5528 3659 5594 ὑπέρθεος,
3694 5529 3797 5582 illis

2232 5602 2472 5667 superior
2502 5612 2658 5669 atque
2692 5604 2970 5663 eminens;
3009 5599 3101 5669 qui
3148 5600 3219 5652 ita
3254 5599 3515 5669 producat
3547 5610 3602 5653 et
3640 5600 3692 5655 itt
3724 5602 3802 5653 eis

2232 5674 2381 5725 velut
2438 5670 2847 5739 multiplicetur,
2891 5681 3010 5725 uta
3057 5685 3153 5724 sua
3204 5669 3409 5723 unitate
3458 5669 3595 5724 nihil
3646 5684 3802 5726 cxce-

2233 5743 2415 5883 ddiiﬁ)
2457 5812 2529 5867 De
2557 5813 2659 5866 tlir.
2698 5829 2863 5876 nam,
2895 5829 3015 5881 cap.
