4074 6484
368 385 471 457 451

1626 372 2028 435 MANUELIS
2068 370 2370 432 CALECrE

3530 366 3638 431 4592

369 499 590 569 digerat.
633 494 919 551 Postremo
948 490 1315 546 Damascenus
1341 502 1355 540 :
1382 484 1741 548 Providentia,
1763 484 1957 553 inquit,

2074 482 2197 537 noui
2225 482 2396 536 ἐστιν
2427 481 2462 548 ἡ
2495 478 2561 534 ἐκ
2594 479 2742 536 Θεοῦ
2782 483 2873 547 εἷς
2913 479 2983 534 τὰ
3022 478 3167 534 ὄντα
3202 482 3487 550 γινομένη
3519 480 3642 535 ἐπι-

371 599 443 644 est
474 604 632 659 quam
666 587 807 641 Deus
845 600 1027 639 curant
1059 581 1271 639 adhibet
1307 580 1483 635 rebus.

441 683 613 740 Pedes
647 689 826 737 autem
857 685 1020 747 atque
1054 675 1356 739 incessum,
1379 687 1686 742 manusque
1713 672 1778 727 ac
1814 671 1958 735 talia,

371 788 495 829 cum
528 771 597 828 de
630 771 742 827 Deo
764 808 781 835 ,
811 770 1053 825 humano
1083 778 1236 825 more
1261 800 1279 829 ,
1323 764 1398 821 uti
1433 764 1782 830 dicebamus,
1810 778 1964 819 assu-

375 866 596 931 mimus,
627 871 779 921 certa
807 860 1038 931 quadam
1068 858 1280 915 ratione
1313 872 1434 912 cum
1468 856 1536 912 iis
1577 871 1696 925 quae
1727 856 1964 911 crassius

373 973 473 1029 pro
494 970 781 1025 corporum
804 953 1018 1011 ratione
1049 959 1268 1020 sumpta
1300 957 1448 1014 sunt,
1471 948 1634 1007 etiam
1667 957 1964 1015 conceptus

375 1049 717 1119 exponimus.
753 1045 961 1114 Nempe
984 1044 1089 1100 hoc
1120 1043 1237 1097 vult
1260 1039 1563 1110 Scriptura,
1589 1051 1647 1094 ιιι
1673 1057 1737 1095 ex
1765 1039 1963 1112 pedum

381 1154 568 1211 gressu
604 1138 699 1193 Dei
741 1137 1034 1193 adventum
1061 1143 1116 1190 et
1148 1133 1497 1201 praesentiam
1526 1131 1815 1201 signiﬁcet,
1849 1132 1965 1186 sive

381 1242 440 1286 ut
462 1231 549 1287 his
579 1231 671 1299 qui
703 1238 898 1300 egent,
930 1226 1251 1296 opituletur,
1300 1226 1417 1282 sive
1454 1233 1513 1278 ut
1543 1223 1792 1278 inimicos
1827 1223 1962 1278 ulci-

376 1329 582 1386 scatur,
608 1320 701 1376 vel
725 1320 957 1376 aliorum
981 1316 1191 1386 aliquid
1213 1326 1505 1386 operetur;
1535 1316 1675 1385 quod
1703 1314 1961 1375 nimirum

378 1412 576 1482 pedum
602 1409 777 1468 cilicio
800 1420 965 1479 atque
990 1422 1213 1463 munere
1274 1407 1531 1475 accedere
1551 1406 1648 1474 ipsi
1672 1404 1961 1461 soleamus:

380 1503 571 1573 Manus
604 1512 786 1557 autem
818 1517 940 1557 cum
970 1500 1214 1569 dicimus
1238 1540 1253 1564 ,
1288 1499 1485 1553 divinae
1518 1498 1733 1552 virtutis
1770 1514 1831 1551 ac
1862 1512 1958 1568 po.

380 1597 568 1652 tentia:
606 1593 716 1649 vim
759 1594 811 1648 in
848 1593 1105 1649 omnibus
1135 1592 1567 1647 eilicacissimam
1613 1590 1961 1659 promptissi-

374 1700 632 1756 tuamque
669 1684 970 1750 innuimus;
1000 1683 1143 1754 quod
1176 1698 1275 1736 nos
1303 1682 1467 1736 etiam
1505 1680 1811 1735 necessaria
1838 1695 1962 1752 ,mu-

372 1778 469 1832 nia
494 1777 762 1846 longeque
792 1773 1167 1840 prmsmntiora
1238 1774 1486 1826 manibus
1519 1772 1719 1825 nostris
1748 1771 1967 1838 implea-

378 1884 523 1927 mus.
552 1868 727 1923 Porro
758 1866 1040 1923 dexteram
1074 1879 1351 1927 vocamus,
1379 1879 1484 1933 quo
1519 1864 1637 1931 ejus
1661 1865 1717 1916 in
1746 1872 1964 1916 sanctos

376 1976 533 2030 opem
587 1958 991 2028 signiﬁcemus;
1031 1971 1094 2013 ea
1159 1955 1371 2010 scilicet
1423 1955 1638 2009 ratione
1684 1954 1826 2022 quod
1863 1968 1962 2006 nos

377 2060 595 2117 quoque
626 2048 677 2101 in
706 2045 773 2102 iis
798 2060 916 2113 qum
943 2045 1199 2113 majorem
1226 2045 1565 2099 honestatem
1590 2042 1791 2097 habent
1818 2053 1967 2098 sunt-

378 2153 484 2208 que
518 2134 897 2208 przestantiora
926 2149 989 2188 ac
1025 2133 1261 2189 maxime
1296 2142 1453 2199 egent
1483 2132 1698 2196 robore,
1726 2133 1966 2202 proclive

378 2228 605 2281 dextera
648 2234 884 2281 utamur.
924 2222 1059 2278 Cum
1093 2230 1274 2273 autem
1314 2219 1404 2273 Dei
1433 2220 1644 2280 oculos,
1675 2221 1967 2287 visumque

378 2327 431 2373 et
467 2315 753 2386 palpebras
797 2312 1050 2372 dicimus,
1089 2310 1208 2380 ejus
1242 2310 1351 2362 vim
1392 2308 1637 2363 omnium
1668 2308 1961 2377 inspectri-

382 2421 523 2471 cem,
570 2420 655 2469 ac,
707 2419 869 2474 quam
905 2402 1036 2458 nihil
1089 2401 1281 2465 lateat,
1330 2399 1617 2454 scientiam
1649 2398 1962 2466 signiﬁcare

381 2501 664 2565 volumus;
698 2498 839 2568 quod
873 2500 974 2551 hoc
1008 2495 1355 2563 potissimum
1383 2507 1543 2549 sensu
1584 2488 1966 2561 perfectiorem

388 2590 675 2645 scientiam
717 2596 780 2643 ac
812 2586 1194 2641 certitudinem
1248 2583 1654 2638 naneiscamur.
1688 2580 1761 2637 Os
1790 2591 1967 2634 autem

386 2679 608 2746 orisque
637 2690 942 2731 sermonem
990 2689 1084 2731 seu
1114 2673 1446 2728 locutionem
1478 2712 1494 2738 ,
1529 2670 1644 2738 ejus
1675 2670 1970 2725 voluntatis

384 2764 879 2820 mattil‘estationem
944 2778 1228 2826 vocamus,
1286 2765 1428 2831 quod
1472 2760 1683 2815 scilicet
1730 2776 1829 2813 usu
1867 2761 1967 2814 lnt-

387 2872 553 2911 mano
581 2858 695 2911 oris
724 2871 949 2910 munere
973 2871 1037 2909 ac
1066 2854 1337 2909 locutione
1369 2851 1536 2907 animi
1573 2866 1729 2907 sensa
1760 2853 1969 2921 aperias

383 2962 527 3001 mus.
561 2946 738 3015 Atque
776 2956 832 2998 ut
865 2960 1077 3000 summa
1105 2945 1323 3009 dicam,
1360 2943 1630 3013 ejusmodi
1677 2944 1858 2999 omnia
1913 2943 1966 2996 in

332 3042 339 3045 ’
383 3041 494 3094 Deo
526 3038 775 3102 dicimus,
811 3047 869 3091 ttt
897 3053 960 3092 ex
990 3038 1190 3091 nostris
1225 3026 1635 3106 operationibus
1688 3050 1753 3091 ac
1799 3036 1970 3090 virtu-

2065 575 2291 639 ιιέλεια.
2487 579 2520 607 θ

2137 668 2313 732 Πόδας
2352 668 2406 722 δὲ
2440 669 2537 724 καὶ
2561 668 2768 738 βάδισιν
2791 668 2887 721 καὶ
2923 668 3111 736 χεῖρας
3144 665 3238 719 καὶ
3277 662 3348 719 τὰ
3386 662 3640 726 τοιαῦτα,

2065 761 2195 815 ὅταν
2223 761 2316 813 ἐπὶ
2339 759 2474 813 Θεοῦ
2509 759 2778 828 λέγωμεν,
2820 759 2964 812 κατὰ
2992 757 3052 810 τὸ
3085 744 3377 828 ἡμέτερον,
3407 754 3481 818 ὼς
3503 754 3641 823 ἔφα-

2072 869 2194 923 μεν,
2224 852 2367 916 ἔθος,
2409 852 2688 920 ἀναλόγως
2723 852 2840 915 τοῖς
2879 848 3022 904 κατὰ
3063 848 3125 902 τὸ
3175 844 3644 918 σωματικώτερον

2067 944 2419 1013 εἰλημμένοις
2470 942 2567 997 καὶ
2605 942 2674 994 τὰ
2737 942 2984 1014 νοῄματα
3021 936 3460 1009 ἐκλαμϐάνομεν,
3510 936 3677 997 Ἀπὸ,

2072 1036 2171 1105 μὲν
2204 1035 2312 1105 γὰρ
2350 1037 2448 1103 τῆς
2494 1035 2604 1089 τῶν
2649 1031 2828 1089 ποδῶν
2873 1031 3136 1102 βαδίσεως
3195 1030 3297 1101 τὴν
3341 1028 3647 1099 παρουσίαν

2067 1125 2262 1197 δηλοῦν
2291 1127 2323 1193 ἡ
2368 1124 2559 1193 Γραφὴ
2589 1123 2859 1194 βούλεται,
2905 1121 3070 1191 ῆτὴν
3124 1122 3264 1191 πρὸς
3323 1118 3645 1189 ἐπικουρίαν

2073 1218 2181 1269 τῶν
2209 1217 2502 1286 δεομένων,
2528 1216 2562 1284 ἢ
2614 1215 2714 1285 τὴν
2751 1214 2887 1281 πρὸς
2930 1214 3144 1282 ἄμυναν
3180 1211 3289 1267 τῶν
3343 1210 3579 1283 ἐχθρῶν,
3611 1209 3646 1279 ἢ

2069 1302 2235 1373 ἄλλην
2257 1301 2382 1355 τινὰ
2413 1300 2637 1372 πρᾶξιν,
2670 1304 2731 1355 ὲκ
2756 1300 2850 1354 τοῦ
2891 1300 3021 1377 παρ’
3062 1301 3195 1372 ἡμῖν
3243 1299 3335 1353 διὰ
3387 1300 3485 1370 τῆς
3538 1298 3652 1352 τῶν

2073 1394 2251 1448 ποδῶν
2283 1394 2533 1465 χρήσεως
2563 1391 2929 1445 ἐπιτελεῖσθαι
2956 1391 3055 1462 τὴν
3093 1389 3279 1458 ἄφιξιν
3305 1406 3320 1422 °
3354 1392 3544 1461 χεῖρας
3587 1389 3648 1445 δὲ

2070 1486 2129 1539 to
2155 1486 2571 1554 ἀνυσιμώτατον
2622 1486 2679 1538 ὲν
2705 1485 2838 1538 πᾶσι
2888 1484 2982 1537 καὶ
3032 1482 3230 1552 ἀθρόον
3288 1482 3646 1551 αίνιττόμεθα

2070 1579 2170 1647 τῆς
2199 1576 2295 1629 τοῦ
2324 1574 2461 1628 Θεοῦ
2504 1574 2789 1646 ἐνεργείας
2859 1573 2954 1626 καὶ
3006 1572 3313 1642 δυνάμεως.
3369 1571 3480 1626 Καὶ
3537 1570 3649 1640 γὰρ

2070 1668 2235 1735 ἡμεῖς
2266 1666 2333 1720 τὰ
2359 1666 2613 1738 χρειώδη,
2676 1666 2773 1719 καὶ
2807 1664 3045 1733 μάλιστα
3090 1663 3158 1717 τὰ
3189 1662 3495 1734 τιμιώτερα.
3560 1661 3650 1714 διὰ

2068 1755 2178 1809 τῶν
2199 1756 2413 1808 οἰκείων
2442 1755 2818 1824 κατορθοῦμεν
2847 1756 3067 1829 χειρῶν.
3112 1754 3304 1823 Δεξιὰν
3327 1754 3382 1811 δὲ
3413 1753 3648 1822 λέγομεν

2002 1824 2038 1877 Β
2072 1848 2171 1916 τὴν
2196 1848 2290 1900 ἐπὶ
2325 1849 2437 1910 τοῖς
2466 1847 2635 1910 ὁσίοις
2669 1846 2800 1915 παρ’
2830 1824 2998 1900 αύτοῦ
3059 1845 3315 1916 βοήθειαν
3365 1843 3645 1899 ἐνδεικνύ-

2076 1956 2227 2006 μενοι
2259 1955 2270 1969 ·
2311 1938 2419 1991 ἀπὸ
2444 1938 2537 1991 τοῦ
2570 1940 2663 1992 καὶ
2699 1939 2846 2005 ἡμᾶς
2914 1939 3113 2007 μᾶλλον
3145 1938 3237 1989 ἐπὶ
3281 1936 3391 1989 τῶν
3444 1936 3645 2003 εὐσχη-

2082 2034 2426 2103 μονεστέρων
2454 2033 2549 2085 καὶ
2600 2032 2943 2101 τιμιιιιτὲρων
2990 2031 3084 2083 καὶ
3153 2029 3414 2097 πλείστης
3465 2027 3649 2097 ἰσχύος

2070 2124 2339 2193 δεομένων
2366 2126 2432 2194 τῇ
2463 2122 2613 2191 δεξιᾷ
2644 2121 2976 2193 κεχρῆσθαι.
3008 2121 3354 2189 Ὀφθαλμοῖις
3394 2120 3473 2187 δὲ,
3514 2120 3647 2189 ὅρα-

2073 2233 2157 2267 σιν
2188 2217 2282 2267 καὶ
2319 2214 2566 2284 βλὲῳαρα
2596 2215 2869 2283 λέγοντες,
2929 2212 3027 2282 τὴν
3082 2214 3210 2283 περὶ
3264 2212 3482 2267 ἅπαντα
3524 2212 3652 2264 ἐπο-

2074 2309 2275 2379 πτικὴν
2306 2307 2473 2363 αὐτοῦ
2509 2307 2766 2376 δύναμιν,
2796 2306 2893 2361 καὶ
2935 2305 2996 2357 τὸ
3028 2304 3300 2375 ἀλάθητον
3338 2306 3437 2375 τῆς
3482 2303 3648 2357 αὐτοῦ

2075 2400 2332 2465 γνώσεως
2362 2398 2671 2468 βουλόμεθα
2701 2399 2840 2449 νοεῖν
2865 2415 2880 2428 ο
2930 2396 3042 2449 ἀπὸ
3087 2396 3183 2449 τοῦ
3217 2395 3349 2465 παρ’
3385 2397 3515 2465 ἡμῖν
3563 2394 3651 2448 διὰ

2077 2491 2281 2560 ταύτης
2307 2491 2406 2559 τῆς
2438 2491 2743 2558 αἰσθήσεως
2791 2489 3177 2558 ἐντελεστέραν
3227 2487 3430 2557 γνῶσίν
3463 2505 3524 2541 τε
3557 2489 3652 2543 καὶ

2074 2586 2457 2655 πληροφορίαν
2487 2583 2823 2651 ἐγγίνεσθαι.
2879 2581 3065 2649 Στόμα
3106 2580 3164 2635 δὲ
3195 2581 3292 2637 καὶ
3337 2580 3531 2639 λαλιὰν
3566 2579 3656 2634 λέ-

2072 2696 2240 2748 γομεν
2302 2682 2361 2731 τὸ
2412 2675 2744 2730 ἐνδεικτικὸν
2802 2675 2899 2743 τῆς
2950 2662 3257 2743 βουλήσεως
3317 2674 3510 2738 αὐτοῦ,
3582 2674 3652 2725 ἐκ

2072 2772 2165 2825 τοῦ
2218 2770 2349 2840 παρ’
2398 2770 2535 2839 ἡμῖν
2597 2767 2689 2821 διὰ
2744 2766 3011 2835 στόματος
3063 2766 3158 2818 καὶ
3220 2764 3410 2829 λαλιᾶς
3451 2764 3652 2835 σημαί-

2076 2861 2265 2919 νεσθαι
2302 2861 2373 2920 τὰ
2403 2863 2459 2915 ὲν
2489 2859 2687 2931 καρδίᾳ
2739 2860 3015 2928 νοήματα.
3049 2856 3158 2913 Καὶ
3200 2856 3391 2922 ἅπλῶς
3454 2859 3653 2922 εἰπεῖν,
3688 2914 3703 2925 ο

2073 2957 2141 3011 τὰ
2179 2953 2406 3012 τοιαῦτα
2473 2953 2652 3007 πάντα
2717 2948 2812 3002 ἐπὶ
2885 2948 3022 3007 Θεοῦ
3071 2944 3328 3017 λέγομεν,
3385 2946 3495 3003 ἀπὸ
3545 2946 3656 3000 τῶν

2076 3048 2197 3105 καθ’
2237 3048 2385 3119 ἡμᾶς
2445 3041 2740 3114 ἐνεργειῶν
2802 3041 2870 3094 τὰ
2929 3041 3068 3111 ὑπὲρ
3129 3041 3278 3111 ἡμᾶς
3338 3028 3656 3110 βουλόμενα

386 3135 551 3197 tibus,
580 3146 702 3201 quze
736 3130 892 3186 nobis
930 3128 1210 3199 superiora
1245 3138 1394 3192 sunt,
1428 3128 1811 3197 intelligamus,
1851 3142 1961 3181 res-

2074 3145 2217 3197 νοεῖν
2244 3155 2273 3193 '-
2309 3139 2404 3199 καίΙ
2440 3136 2510 3192 τὰ
2569 3134 2690 3188 καθ’
2736 3132 2970 3197 ἑαυτοὺς
3026 3131 3292 3202 μειζόνων
3345 3130 3651 3198 ὑπόδειγμα

385 3237 492 3289 que
546 3221 814 3274 humanas
863 3233 1052 3273 eorum
1085 3233 1204 3287 qua:
1248 3218 1454 3285 majora
1502 3226 1627 3271 sunt
1660 3216 1968 3285 exemplum

381 3312 705 3374 faciamus;
730 3310 808 3364 uti
839 3309 953 3364 fere
988 3310 1092 3363 illis
1124 3309 1345 3375 accidit,
1373 3308 1463 3376 qui
1499 3307 1551 3362 in
1588 3307 1782 3377 exiguo
1807 3306 1972 3360 latera

382 3403 515 3455 culo
551 3414 615 3455 ac
656 3402 875 3465 tabella,
905 3402 1028 3456 ςωιι
1057 3402 1243 3455 orbem
1274 3400 1610 3470 depingunt;
1641 3399 1891 3467 idemque
1914 3398 1970 3451 in

390 3496 510 3547 aliis
550 3494 804 3548 omnibus
831 3494 1143 3548 nominibus
1166 3508 1301 3565 .ane
1330 3495 1393 3548 de
1426 3493 1533 3547 Deo
1563 3494 1838 3547 dtcnntur.

466 3587 602 3640 Vere
653 3588 832 3655 itaque
866 3587 1031 3658 (quod
1065 3586 1219 3640 initio
1252 3585 1590 3653 dicebamus)
1624 3585 1767 3640 Deus
1800 3585 1971 3639 inno-

386 3676 667 3730 minabilis
700 3687 806 3741 est,
830 3690 886 3730 ut
914 3677 1003 3746 qui
1035 3677 1182 3731 omni
1221 3675 1442 3730 nomine
1463 3676 1709 3745 superior
1738 3675 1844 3740 sit;
1874 3689 1974 3729 nec

382 3770 509 3836 ejus
556 3770 809 3823 essentia:
848 3769 1152 3832 terminus,
1201 3784 1292 3822 seu
1331 3766 1573 3822 deﬁnitio
1608 3775 1712 3821 est.
1757 3765 1893 3820 Nam
1926 3765 1970 3819 si

378 3872 451 3911 ea
488 3857 568 3913 vis
602 3858 934 3913 delinitionis
960 3869 1042 3912 est
1063 3898 1077 3924 ,
1112 3868 1174 3912 ut
1205 3872 1343 3921 rem,
1371 3858 1438 3930 de
1464 3870 1567 3926 qua
1597 3855 1811 3916 dicitur,
1840 3871 1972 3911 con-

382 3950 560 4004 tineat
613 3965 677 4004 ac
705 3932 1041 4013 manifeswt,
1068 3952 1287 4018 quinam
1316 3950 1425 4012 tiat,
1449 3958 1505 4001 nt
1530 3947 1672 4016 quod
1702 3947 1970 4002 inﬁnitum

379 4049 473 4095 est
501 4055 564 4093 ac
597 4040 1128 4109 incireutnscriptum
1163 4080 1177 4105 ,
1207 4041 1315 4095 ulla
1344 4040 1682 4094 deﬁnitionis
1717 4039 1767 4093 vi
1808 4049 1973 4111 atque

384 4131 626 4186 nominis
680 4132 1070 4186 manifestetur
1115 4147 1180 4186 ac
1230 4131 1764 4201 coirtpreheudaturi
1803 4133 1880 4187 Ac
1925 4130 1970 4184 si

395 4237 578 4276 rerum
639 4225 847 4276 notitia:
887 4231 1054 4289 sunt,
1113 4239 1346 4292 quonam
1400 4224 1557 4275 modo
1604 4221 1973 4289 intelligetur,

386 4313 535 4381 quod
575 4311 737 4367 rebus
779 4313 1036 4367 omnibus
1072 4312 1222 4366 omni
1265 4327 1482 4382 quoque
1514 4313 1820 4369 substantia
1854 4311 1973 4379 (seu

390 4403 650 4465 essentia)
705 4420 769 4458 ac
821 4405 937 4472 ipso
988 4416 1321 4475 postremum
1359 4421 1501 4471 esse,
1552 4406 1806 4476 superius
1855 4403 1971 4459 est?

391 4495 546 4559 Quod
592 4494 639 4550 si
685 4488 845 4566 supra
890 4511 1108 4552 onmem
1140 4500 1460 4564 essentiam,
1493 4498 1667 4568 palam
1700 4507 1784 4552 cst
1806 4507 1860 4552 et
1891 4513 1981 4552 su-

390 4600 491 4652 pra
543 4601 760 4642 omnem
812 4603 934 4643 esse
987 4590 1260 4649 notitiam.
1304 4589 1426 4645 Alio
1474 4597 1653 4642 autem
1712 4588 1874 4643 modo
1910 4603 1977 4642 ex

394 4678 687 4741 virtutibus
713 4694 778 4734 ac
804 4681 1238 4749 operationibus,
1277 4689 1388 4736 tum
1423 4680 1896 4750 intelligitur,tum
1925 4690 1979 4737 et

395 4766 732 4835 nominatur,
787 4771 1084 4842 multisque
1132 4773 1443 4842 nominibus
1492 4772 1714 4829 dicitur.
1765 4773 1978 4827 Etenim

394 4863 528 4916 dum
583 4862 903 4920 atlirmando
948 4880 1075 4921 eum
1122 4880 1245 4922 esse
1282 4867 1542 4934 dicimus,
1579 4876 1638 4919 ut
1681 4875 1763 4920 est
1808 4866 1977 4932 illud,

394 4954 508 5023 Ego
538 4970 655 5008 sum
685 4957 773 5025 qui
822 4973 937 5011 sum
967 4996 984 5023 ,
1035 4971 1100 5012 ac
1151 4957 1499 5027 simpliciter,
1545 4965 1603 5011 ut.
1654 4972 1833 5012 rerum
1879 4971 1973 5011 au-

394 5061 627 5118 ctorem,
660 5061 713 5105 et
739 5053 828 5125 qui
859 5062 977 5109 erat
1018 5062 1211 5123 estque
1245 5067 1299 5109 et
1326 5054 1541 5109 iuturus
1571 5064 1677 5119 est,
1728 5055 1982 5111 nomina-

366 5156 545 5217 .mus,
594 5158 701 5198 non
744 5144 921 5214 ipsum
973 5145 1230 5216 quidnam
1284 5146 1355 5199 sit
1404 5156 1880 5214 reprarseutaunts.
1922 5147 1979 5201 Si

399 5232 619 5299 quidem
671 5233 843 5289 Deum
887 5235 1089 5307 (Greece
1119 5236 1275 5303 Θεὸν)
1312 5236 1647 5305 appellamus
1674 5277 1689 5301 ,
1725 5251 1828 5291 non
1863 5238 1980 5307 ejus

399 5326 744 5381 declaramus
778 5338 1049 5393 naturam,
1077 5328 1171 5383 sed
1198 5330 1341 5398 quod
1376 5330 1456 5384 vel
1488 5319 1672 5383 currat
1696 5331 1798 5402 (ὅτι
1848 5329 1977 5398 θέει)

402 5428 601 5487 resque
660 5420 826 5473 obeat
880 5435 944 5475 ac
993 5431 1183 5486 cut-et;
1220 5422 1300 5476 vel
1334 5423 1397 5473 ὲκ
1432 5420 1526 5473 τοῦ
1593 5422 1788 5484 αἴθειν,
1836 5425 1978 5491 quod

401 5512 613 5566 scilicet
644 5515 948 5576 comburat,
1003 5522 1214 5581 sumpta
1262 5514 1499 5567 nominis
1555 5516 1842 5584 appellatio
1894 5525 1981 5571 est

477 5709 591 5784 (20)
625 5709 857 5784 Perinde
882 5710 1508 5784 Dienysins,Gregorius
1569 5727 1623 5770 et
1676 5716 2063 5774 Damascenus.

476 5782 592 5849 (2t)
627 5779 878 5836 Datnasc.
914 5785 951 5837 l.
982 5779 1096 5848 I,'c.
1131 5787 1236 5840 ‘Jct
1281 5779 1356 5839 Μ’.
1390 5788 1553 5840 lixod.
1594 5803 1675 5853 ιιι,
1712 5787 1797 5840 14.

2076 3228 2401 3298 ποιούμεθα,
2465 3225 2721 3294 καθάπερ
2765 3224 2815 3276 oi
2845 3224 2904 3277 iw
2931 3221 3114 3293 μικρῷ
3145 3221 3337 3276 πίνακι
3367 3220 3461 3275 τὸν
3482 3220 3649 3291 ούρά-

2076 3339 2188 3375 νιον
2247 3318 2701 3388 καταγράφοντες
2744 3313 2948 3368 κύκλον
2975 3329 2991 3345 ο
3023 3313 3083 3367 τὸ
3109 3312 3154 3366 δ’
3209 3313 3343 3385 agito
3403 3312 3500 3365 καὶ
3557 3313 3653 3383 ἐπὶ

2078 3413 2298 3471 πάντων
2328 3410 2611 3481 ὀνομάτων
2650 3404 2964 3475 συμὸαίνει,
3004 3400 3110 3457 τῶν
3143 3403 3238 3457 ἐπὶ
3299 3402 3437 3457 Θεοῦ
3499 3403 3655 3473 λεγο-

2081 3524 2109 3571 μ
2122 3505 2282 3557 ἐνων.

2160 3594 2402 3665 Ἀληθῶς
2454 3594 2566 3658 οῦν,
2600 3595 2739 3664 ὅπερ
2770 3594 3010 3665 ἐξειρχῆς
3043 3592 3324 3662 ἐλέγομεν,
3369 3593 3657 3663 ἀνώνυμός

2077 3691 2224 3741 ἐστιν
2248 3689 2276 3741 ὁ
2300 3686 2433 3751 Θεὸς
2470 3687 2606 3757 (20),
2639 3687 2714 3750 ὡς
2745 3686 2887 3757 ὑπὲρ
2943 3688 3051 3743 πᾶν
3089 3685 3279 3757 ὄνομα·
3314 3688 3409 3739 καὶ
3437 3686 3535 3753 τῆς
3561 3687 3659 3740 οὖν

2079 3781 2199 3844 σίας
2258 3779 2562 3855 αὑτοῦούκ
2632 3780 2779 3835 ἔστιν
2810 3780 2956 3850 ὄρος.
2998 3780 3063 3834 El.
3103 3779 3270 3848 γὰρό
3309 3780 3432 3849 ὄρος
3478 3795 3660 3848 περιε-

2082 3873 2272 3934 κτικός
2303 3873 2419 3925 ἐστι
2449 3875 2542 3925 καὶ
2574 3871 2893 3942 δηλωτικὶς,
2932 3872 3015 3940 ἐφ’
3056 3863 3117 3924 οὗ
3171 3872 3411 3939 λέγεται,
3442 3870 3560 3935 πῶς
3600 3871 3661 3922 τὸ

2083 3965 2312 4033 ἄπειρον
2348 3964 2442 4020 καὶ
2470 3964 2887 4035 ἁπερίγραπτον
2910 3963 3014 4015 ύπὸ
3046 3980 3192 4026 τινος
3240 3964 3370 4032 ὅρου
3398 3965 3493 4025 καὶ
3541 3964 3661 4023 dvo-

2085 4075 2255 4125 ματος
2287 4057 2667 4128 δηλωθήσεται
2711 4058 2807 4115 καὶ
2841 4057 3349 4129 mptlnchﬂoerat;
3412 4055 3546 4120 Kal,
3608 4058 3658 4113 εί

2085 4151 2195 4205 τῶν
2225 4149 2394 4205 ὄντων
2451 4153 2508 4205 αί
2540 4151 2793 4218 γνώσεις,
2876 4151 2994 4214 πῶς
3030 4152 3354 4224 νοηθήσειται
3410 4151 3469 4204 τὸ
3519 4151 3661 4223 ὑπὲρ

2081 4243 2263 4297 πάντα
2300 4242 2371 4297 τὰ
2404 4242 2535 4297 ὄντα
2562 4242 2659 4299 καὶ
2689 4243 2870 4295 πᾶσαν
2900 4241 3113 4310 οὐσίαν,
3148 4244 3247 4296 καὶ
3275 4243 3417 4311 ὑπὲρ
3436 4242 3570 4301 αὐτὸ
3593 4243 3656 4295 τὸ

2078 4329 2223 4387 εἶναι
2247 4332 2307 4386 ὃν
2334 4350 2350 4398 ;
2387 4334 2449 4387 Ei
2477 4333 2536 4386 δὲ
2577 4332 2720 4403 ὑπὲρ
2750 4334 2934 4387 πᾶσάν
2958 4334 3106 4386 ἐστιν
3137 4333 3348 4400 οὐσίαν,
3381 4334 3541 4400 δῆλον
3569 4335 3657 4387 ὅτι

2078 4425 2221 4494 ὑπὲρ
2256 4423 2436 4478 πᾶσάν
2467 4424 2585 4481 ἐστι
2644 4423 2850 4492 γνῶσιν
2903 4424 3033 4495 (21).
3092 4424 3310 4495 Τρόπον
3365 4423 3422 4483 δὲ
3473 4425 3662 4496 ἕτερον

2013 4501 2057 4556 Ῑ)
2088 4517 2198 4571 ἀπὸ
2223 4516 2331 4569 τῶν
2373 4515 2666 4586 ἐνεργειῶν
2686 4517 2784 4571 καὶ
2811 4518 3012 4573 νοεῖται
3047 4518 3142 4570 καὶ
3192 4516 3533 4587 ὀνομάζεται,
3568 4519 3663 4572 καὶ

2091 4607 2450 4676 πολυώνυμος
2499 4607 2745 4675 λέγεται,
2798 4610 2908 4665 Καὶ
2990 4608 3099 4680 γὰρ
3168 4610 3220 4662 sl
3271 4610 3665 4678 κᾳταφατικῶς

2084 4697 2178 4752 τὸν
2204 4698 2372 4755 αὐτὸν
2393 4697 2453 4752 ὃν
2484 4695 2628 4753 εἶναι
2653 4698 2909 4770 λέγομεν,
2932 4699 3009 4764 ὡς
3040 4699 3133 4763 τὰ,
3172 4700 3321 4769 Ἐγώ
3359 4703 3476 4769 ειμι
3493 4704 3526 4755 ὁ
3552 4699 3659 4766 ὢν,

2085 4788 2272 4849 ἁπλῶς
2324 4788 2384 4842 ὃν
2411 4789 2671 4859 λέγομεν,
2701 4789 2777 4855 ὡς
2823 4792 3168 4862 παραγωγέα
3199 4791 3310 4844 τῶν
3337 4791 3530 4857 ὄντων,
3569 4794 3662 4846 καὶ

2084 4881 2168 4935 ὅτι
2204 4875 2272 4951 ἦν
2295 4880 2393 4939 καὶ
2412 4880 2532 4934 ἐστι
2569 4883 2663 4939 καὶ
2695 4880 2874 4947 ἔσται,
2928 4882 2991 4943 ού
3022 4881 3086 4940 τὸ
3116 4881 3197 4936 τί.
3230 4882 3291 4936 δν
3319 4883 3437 4937 ἔστι
3496 4900 3661 4952 παρι-

2089 4970 2325 5042 στῶμεν.
2355 4972 2420 5025 Εί
2471 4971 2607 5025 Θεὸν
2645 4971 3011 5043 ὀνομάζομεν,
3043 4973 3105 5029 οὐ
3135 4973 3237 5043 τὴν
3283 4972 3448 5041 φύσιν
3491 4974 3659 5027 αὑτοῦ

2085 5063 2380 5134 δηλοῦμεν,
2412 5064 2528 5118 ἀλλ’
2569 5064 2604 5134 ἢ
2646 5063 2731 5118 ὅτι
2790 5062 2903 5121 θέει
2961 5067 3056 5123 καὶ
3111 5063 3367 5134 περιέπει
3413 5063 3485 5118 τὰ
3509 5066 3660 5126 ὄντα,

2086 5153 2119 5223 ἦ
2148 5155 2212 5207 ὲκ
2254 5154 2348 5209 τοῦ
2378 5154 2574 5220 αἴθειν,
2630 5154 2658 5207 ὅ
2685 5156 2801 5213 ἐστι
2848 5153 3048 5219 καίειν,
3082 5154 3353 5223 εἴληπται.
3369 5154 3432 5208 τὸ
3466 5155 3660 5225 ὄνομα.

2086 5247 2195 5299 Καὶ.
2223 5246 2329 5315 γὰρ
2369 5249 2396 5302 ὁ
2436 5247 2568 5311 Θεὸς
2605 5246 2738 5316 πῦρ,
2780 5247 2963 5300 πᾶσαν
3011 5246 3323 5316 μοχθηρίαν
3366 5246 3663 5305 καταναλί-

2088 5356 2237 5404 σκον,
2271 5341 2352 5392 ὅτι
2389 5339 2497 5393 τῶν
2528 5339 2875 5410 πραγμάτων
2920 5339 3187 5402 tripartito;
3228 5342 3366 5405 ἐστι,
3399 5340 3535 5392 καθὸ
3564 5355 3661 5390 πε-

2088 5429 2358 5496 φύκασιν
2392 5430 2422 5499 ἢ
2466 5430 2574 5482 ἀπὸ
2619 5429 2711 5482 τοῦ
2751 5428 2979 5482 θεᾶσθαι
3020 5429 3089 5483 τὰ
3135 5430 3334 5483 πάντα.
3369 5428 3662 5499 Ἀλάθηῖος

2089 5523 2194 5590 γάρ
2242 5524 2356 5573 ἐστι
2386 5521 2481 5574 καὶ
2506 5521 2722 5573 πάντων
2760 5521 3027 5590 ἐπόπτης.
3088 5521 3151 5574 El
3190 5519 3352 5589 σοφὸν
3405 5518 3657 5589 λέγομεν,
