  <div class='ocr_page' id='page_1' title='image "/cluster/home/n/w/nwhite01/storage/ocr_20150623/152/coo.31924054870575/234.png"; bbox 0 0 4074 6422; ppageno 0'>
   <div class='ocr_carea' id='block_1_1' title="bbox 314 324 417 384">
    <p class='ocr_par' dir='ltr' id='par_1_1' title="bbox 314 324 417 384">
     <span class='ocr_line' id='line_1_1' title="bbox 314 324 417 384; baseline 0 0"><span class='ocrx_word' id='word_1_1' title='bbox 314 324 417 384; x_wconf 74' lang='grc'><strong>453</strong></span> 
     </span>
    </p>
   </div>
   <div class='ocr_carea' id='block_1_2' title="bbox 1244 324 2574 392">
    <p class='ocr_par' dir='ltr' id='par_1_2' title="bbox 1244 324 2574 392">
     <span class='ocr_line' id='line_1_2' title="bbox 1244 324 2574 392; baseline 0.007 -9"><span class='ocrx_word' id='word_1_2' title='bbox 1244 324 1361 384; x_wconf 83' lang='lat' dir='ltr'><strong>’DE</strong></span> <span class='ocrx_word' id='word_1_3' title='bbox 1392 324 1816 387; x_wconf 79' lang='lat' dir='ltr'><strong>l&#39;RlNClPllS</strong></span> <span class='ocrx_word' id='word_1_4' title='bbox 1851 326 2062 388; x_wconf 86' lang='lat' dir='ltr'><strong>FiDEl</strong></span> <span class='ocrx_word' id='word_1_5' title='bbox 2107 328 2574 392; x_wconf 65' lang='lat' dir='ltr'><strong>CATHOLICJE.</strong></span> 
     </span>
    </p>
   </div>
   <div class='ocr_carea' id='block_1_3' title="bbox 2378 142 2417 190">
    <p class='ocr_par' dir='ltr' id='par_1_3' title="bbox 2378 142 2417 190">
     <span class='ocr_line' id='line_1_3' title="bbox 2378 142 2417 190; baseline 0 0"><span class='ocrx_word' id='word_1_6' title='bbox 2378 142 2417 190; x_wconf 61' lang='grc'><em>0</em></span> 
     </span>
    </p>
   </div>
   <div class='ocr_carea' id='block_1_4' title="bbox 3460 331 3565 399">
    <p class='ocr_par' dir='ltr' id='par_1_4' title="bbox 3460 331 3565 399">
     <span class='ocr_line' id='line_1_4' title="bbox 3460 331 3565 399; baseline 0.038 -3"><span class='ocrx_word' id='word_1_7' title='bbox 3460 331 3565 399; x_wconf 73' lang='grc'><strong>454</strong></span> 
     </span>
    </p>
   </div>
   <div class='ocr_carea' id='block_1_5' title="bbox 313 436 1871 522">
    <p class='ocr_par' dir='ltr' id='par_1_5' title="bbox 313 436 1871 512">
     <span class='ocr_line' id='line_1_5' title="bbox 313 436 1871 512; baseline 0.004 -23"><span class='ocrx_word' id='word_1_8' title='bbox 313 438 418 489; x_wconf 80' lang='grc' dir='ltr'><strong>ἀπὸ</strong></span> <span class='ocrx_word' id='word_1_9' title='bbox 451 438 546 503; x_wconf 69' lang='grc' dir='ltr'><strong>τῆς</strong></span> <span class='ocrx_word' id='word_1_10' title='bbox 578 436 986 508; x_wconf 77' lang='grc' dir='ltr'>ἐμφαινομένης</span> <span class='ocrx_word' id='word_1_11' title='bbox 1016 437 1093 508; x_wconf 80' lang='grc' dir='ltr'>τῷ</span> <span class='ocrx_word' id='word_1_12' title='bbox 1126 440 1318 510; x_wconf 81' lang='grc' dir='ltr'>κόσμῳ</span> <span class='ocrx_word' id='word_1_13' title='bbox 1350 440 1542 509; x_wconf 85' lang='grc' dir='ltr'>σοφίας</span> <span class='ocrx_word' id='word_1_14' title='bbox 1565 439 1723 494; x_wconf 85' lang='grc' dir='ltr'>τοῦτο</span> <span class='ocrx_word' id='word_1_15' title='bbox 1741 441 1871 512; x_wconf 84' lang='grc' dir='ltr'>λαμ-</span> 
     </span>
    </p>
   </div>
   <div class='ocr_carea' id='block_1_6' title="bbox 1974 436 3557 522">
    <p class='ocr_par' dir='ltr' id='par_1_6' title="bbox 1983 445 3557 522">
     <span class='ocr_line' id='line_1_6' title="bbox 1983 445 3557 522; baseline 0.006 -24"><span class='ocrx_word' id='word_1_16' title='bbox 1983 445 2143 517; x_wconf 82' lang='lat' dir='ltr'><strong>(Dens</strong></span> <span class='ocrx_word' id='word_1_17' title='bbox 2179 446 2323 500; x_wconf 86' lang='lat' dir='ltr'><strong>enim</strong></span> <span class='ocrx_word' id='word_1_18' title='bbox 2355 447 2492 516; x_wconf 81' lang='lat' dir='ltr'><strong><em>ignis</em></strong></span> <span class='ocrx_word' id='word_1_19' title='bbox 2521 454 2621 511; x_wconf 86' lang='lat' dir='ltr'><strong>est,</strong></span> <span class='ocrx_word' id='word_1_20' title='bbox 2665 463 2967 521; x_wconf 75' lang='lat' dir='ltr'><strong>consumens</strong></span> <span class='ocrx_word' id='word_1_21' title='bbox 3002 448 3047 482; x_wconf 72' lang='lat'><strong>”</strong></span> <span class='ocrx_word' id='word_1_22' title='bbox 3079 463 3293 505; x_wconf 73' lang='lat' dir='ltr'><strong>omnem</strong></span> <span class='ocrx_word' id='word_1_23' title='bbox 3321 457 3557 522; x_wconf 73' lang='lat' dir='ltr'><strong>pravita-</strong></span> 
     </span>
    </p>
   </div>
   <div class='ocr_carea' id='block_1_7' title="bbox 310 530 1875 606">
    <p class='ocr_par' dir='ltr' id='par_1_7' title="bbox 310 530 1875 606">
     <span class='ocr_line' id='line_1_7' title="bbox 310 530 1875 606; baseline 0.005 -25"><span class='ocrx_word' id='word_1_24' title='bbox 310 531 567 597; x_wconf 75' lang='grc' dir='ltr'>ϐάνομεν,</span> <span class='ocrx_word' id='word_1_25' title='bbox 594 530 670 593; x_wconf 81' lang='grc' dir='ltr'>ὡς</span> <span class='ocrx_word' id='word_1_26' title='bbox 699 531 729 581; x_wconf 99' lang='lat'><strong>6</strong></span> <span class='ocrx_word' id='word_1_27' title='bbox 768 530 940 599; x_wconf 80' lang='grc' dir='ltr'><strong>μέγας</strong></span> <span class='ocrx_word' id='word_1_28' title='bbox 972 531 1248 596; x_wconf 78' lang='grc' dir='ltr'>Βασίλειος</span> <span class='ocrx_word' id='word_1_29' title='bbox 1270 536 1327 587; x_wconf 79' lang='grc' dir='ltr'>ἐν</span> <span class='ocrx_word' id='word_1_30' title='bbox 1358 536 1558 605; x_wconf 79' lang='grc' dir='ltr'>πρώτῳ</span> <span class='ocrx_word' id='word_1_31' title='bbox 1587 535 1695 589; x_wconf 83' lang='grc' dir='ltr'><strong>τῶν</strong></span> <span class='ocrx_word' id='word_1_32' title='bbox 1721 538 1875 606; x_wconf 78' lang='grc' dir='ltr'>Παρ-</span> 
     </span>
    </p>
   </div>
   <div class='ocr_carea' id='block_1_8' title="bbox 306 621 1877 695">
    <p class='ocr_par' dir='ltr' id='par_1_8' title="bbox 306 621 1877 695">
     <span class='ocr_line' id='line_1_8' title="bbox 306 621 1877 695; baseline 0.006 -24"><span class='ocrx_word' id='word_1_33' title='bbox 306 621 503 688; x_wconf 84' lang='grc' dir='ltr'>οιμιῶν</span> <span class='ocrx_word' id='word_1_34' title='bbox 554 623 796 690; x_wconf 67' lang='grc' dir='ltr'><strong>εἴρηκεν.</strong></span> <span class='ocrx_word' id='word_1_35' title='bbox 867 623 978 676; x_wconf 72' lang='grc' dir='ltr'><strong>Καὶ</strong></span> <span class='ocrx_word' id='word_1_36' title='bbox 1026 624 1161 687; x_wconf 79' lang='grc' dir='ltr'>ὅλως</span> <span class='ocrx_word' id='word_1_37' title='bbox 1236 626 1334 687; x_wconf 80' lang='grc' dir='ltr'><strong>τὸ,</strong></span> <span class='ocrx_word' id='word_1_38' title='bbox 1398 628 1613 695; x_wconf 72' lang='grc' dir='ltr'>Κύριος</span> <span class='ocrx_word' id='word_1_39' title='bbox 1671 628 1877 682; x_wconf 74' lang='grc' dir='ltr'>ἐκτισέ</span> 
     </span>
    </p>
   </div>
   <div class='ocr_carea' id='block_1_9' title="bbox 246 698 1875 793">
    <p class='ocr_par' dir='ltr' id='par_1_9' title="bbox 246 698 1875 793">
     <span class='ocr_line' id='line_1_9' title="bbox 246 698 1875 793; baseline 0.006 -30"><span class='ocrx_word' id='word_1_40' title='bbox 246 790 249 793; x_wconf 21' lang='grc' dir='ltr'><strong>Ι</strong></span> <span class='ocrx_word' id='word_1_41' title='bbox 303 729 379 781; x_wconf 79' lang='grc' dir='ltr'>με</span> <span class='ocrx_word' id='word_1_42' title='bbox 411 713 607 781; x_wconf 76' lang='grc' dir='ltr'>ἀρχὴν</span> <span class='ocrx_word' id='word_1_43' title='bbox 640 714 799 768; x_wconf 77' lang='grc' dir='ltr'>ὁδῶν</span> <span class='ocrx_word' id='word_1_44' title='bbox 830 698 1037 779; x_wconf 62' lang='grc' dir='ltr'>αὑτοῦ,</span> <span class='ocrx_word' id='word_1_45' title='bbox 1065 716 1196 786; x_wconf 72' lang='grc' dir='ltr'>περὶ</span> <span class='ocrx_word' id='word_1_46' title='bbox 1226 717 1322 785; x_wconf 80' lang='grc' dir='ltr'>τῆς</span> <span class='ocrx_word' id='word_1_47' title='bbox 1361 719 1773 790; x_wconf 78' lang='grc' dir='ltr'><strong>ἐμφαινομένης</strong></span> <span class='ocrx_word' id='word_1_48' title='bbox 1798 720 1875 789; x_wconf 82' lang='grc' dir='ltr'>τῷ</span> 
     </span>
    </p>
   </div>
   <div class='ocr_carea' id='block_1_10' title="bbox 306 804 1876 883">
    <p class='ocr_par' dir='ltr' id='par_1_10' title="bbox 306 804 1876 883">
     <span class='ocr_line' id='line_1_10' title="bbox 306 804 1876 883; baseline 0.008 -27"><span class='ocrx_word' id='word_1_49' title='bbox 306 804 493 875; x_wconf 85' lang='grc' dir='ltr'>κόσμῳ</span> <span class='ocrx_word' id='word_1_50' title='bbox 528 805 719 873; x_wconf 87' lang='grc' dir='ltr'>σοφίας</span> <span class='ocrx_word' id='word_1_51' title='bbox 776 807 930 877; x_wconf 65' lang='grc' dir='ltr'><strong>(φησι⁸</strong></span> <span class='ocrx_word' id='word_1_52' title='bbox 984 810 1264 880; x_wconf 76' lang='grc' dir='ltr'><strong>μονονουχὶ</strong></span> <span class='ocrx_word' id='word_1_53' title='bbox 1295 811 1477 883; x_wconf 74' lang='grc' dir='ltr'>φωνὴν</span> <span class='ocrx_word' id='word_1_54' title='bbox 1512 812 1765 882; x_wconf 78' lang='grc' dir='ltr'><strong>ἀφιείσης</strong></span> <span class='ocrx_word' id='word_1_55' title='bbox 1788 814 1876 868; x_wconf 80' lang='grc' dir='ltr'><strong>διὰ</strong></span> 
     </span>
    </p>
   </div>
   <div class='ocr_carea' id='block_1_11' title="bbox 306 897 1875 976">
    <p class='ocr_par' dir='ltr' id='par_1_11' title="bbox 306 897 1875 976">
     <span class='ocr_line' id='line_1_11' title="bbox 306 897 1875 976; baseline 0.007 -27"><span class='ocrx_word' id='word_1_56' title='bbox 306 897 413 950; x_wconf 81' lang='grc' dir='ltr'><strong>τῶν</strong></span> <span class='ocrx_word' id='word_1_57' title='bbox 443 900 741 967; x_wconf 78' lang='grc' dir='ltr'><strong>ὁρωμένων</strong></span> <span class='ocrx_word' id='word_1_58' title='bbox 769 901 853 952; x_wconf 84' lang='grc' dir='ltr'>ὅτι</span> <span class='ocrx_word' id='word_1_59' title='bbox 893 900 1045 970; x_wconf 81' lang='grc' dir='ltr'>παρὰ</span> <span class='ocrx_word' id='word_1_60' title='bbox 1092 901 1229 955; x_wconf 82' lang='grc' dir='ltr'>Θεοῦ</span> <span class='ocrx_word' id='word_1_61' title='bbox 1262 903 1477 971; x_wconf 86' lang='grc' dir='ltr'>γέγονε.</span> <span class='ocrx_word' id='word_1_62' title='bbox 1508 905 1643 975; x_wconf 68' lang='grc' dir='ltr'>Περὶ</span> <span class='ocrx_word' id='word_1_63' title='bbox 1669 905 1875 976; x_wconf 81' lang='grc' dir='ltr'><strong>ταύτης</strong></span> 
     </span>
    </p>
   </div>
   <div class='ocr_carea' id='block_1_12' title="bbox 306 992 1876 1067">
    <p class='ocr_par' dir='ltr' id='par_1_12' title="bbox 306 992 1876 1067">
     <span class='ocr_line' id='line_1_12' title="bbox 306 992 1876 1067; baseline 0.004 -23"><span class='ocrx_word' id='word_1_64' title='bbox 306 994 411 1062; x_wconf 61' lang='grc' dir='ltr'><strong>γὰρ</strong></span> <span class='ocrx_word' id='word_1_65' title='bbox 439 992 534 1045; x_wconf 73' lang='grc' dir='ltr'><strong>καὶ</strong></span> <span class='ocrx_word' id='word_1_66' title='bbox 571 994 620 1045; x_wconf 84' lang='grc' dir='ltr'>οἱ</span> <span class='ocrx_word' id='word_1_67' title='bbox 644 992 927 1062; x_wconf 79' lang='grc' dir='ltr'><strong>προφῆται</strong></span> <span class='ocrx_word' id='word_1_68' title='bbox 974 994 1351 1065; x_wconf 84' lang='grc' dir='ltr'>διαποροῦσιν.</span> <span class='ocrx_word' id='word_1_69' title='bbox 1399 996 1575 1067; x_wconf 75' lang='grc' dir='ltr'>ὁπόση</span> <span class='ocrx_word' id='word_1_70' title='bbox 1608 1014 1695 1059; x_wconf 88' lang='grc' dir='ltr'><strong>τις</strong></span> <span class='ocrx_word' id='word_1_71' title='bbox 1741 995 1876 1051; x_wconf 76' lang='grc' dir='ltr'>οὖσα</span> 
     </span>
    </p>
   </div>
   <div class='ocr_carea' id='block_1_13' title="bbox 305 1086 1873 1161">
    <p class='ocr_par' dir='ltr' id='par_1_13' title="bbox 305 1086 1873 1161">
     <span class='ocr_line' id='line_1_13' title="bbox 305 1086 1873 1161; baseline 0.004 -24"><span class='ocrx_word' id='word_1_72' title='bbox 305 1086 586 1155; x_wconf 80' lang='grc' dir='ltr'>τυγχάνει,</span> <span class='ocrx_word' id='word_1_73' title='bbox 627 1087 881 1158; x_wconf 81' lang='grc' dir='ltr'>καθάπερ</span> <span class='ocrx_word' id='word_1_74' title='bbox 940 1088 1038 1141; x_wconf 77' lang='grc' dir='ltr'><strong>καὶ</strong></span> <span class='ocrx_word' id='word_1_75' title='bbox 1081 1089 1108 1141; x_wconf 92' lang='lat'><strong>6</strong></span> <span class='ocrx_word' id='word_1_76' title='bbox 1163 1087 1653 1158; x_wconf 77' lang='grc' dir='ltr'>πολυμαθέστατος</span> <span class='ocrx_word' id='word_1_77' title='bbox 1702 1091 1873 1161; x_wconf 77' lang='grc' dir='ltr'>ἔφησε</span> 
     </span>
    </p>
   </div>
   <div class='ocr_carea' id='block_1_14' title="bbox 305 1178 1878 1251">
    <p class='ocr_par' dir='ltr' id='par_1_14' title="bbox 305 1178 1878 1251">
     <span class='ocr_line' id='line_1_14' title="bbox 305 1178 1878 1251; baseline 0.006 -22"><span class='ocrx_word' id='word_1_78' title='bbox 305 1178 494 1246; x_wconf 79' lang='grc' dir='ltr'>Σιράχο</span> <span class='ocrx_word' id='word_1_79' title='bbox 535 1178 688 1238; x_wconf 73' lang='grc' dir='ltr'>Ῥίζα</span> <span class='ocrx_word' id='word_1_80' title='bbox 744 1179 971 1248; x_wconf 70' lang='grc' dir='ltr'>σοφίας</span> <span class='ocrx_word' id='word_1_81' title='bbox 1023 1179 1142 1234; x_wconf 82' lang='grc' dir='ltr'>τίνι</span> <span class='ocrx_word' id='word_1_82' title='bbox 1193 1180 1615 1251; x_wconf 68' lang='grc' dir='ltr'><strong>ἀπεκαλύφθη,</strong></span> <span class='ocrx_word' id='word_1_83' title='bbox 1667 1184 1764 1237; x_wconf 79' lang='grc' dir='ltr'><strong>καὶ</strong></span> <span class='ocrx_word' id='word_1_84' title='bbox 1806 1185 1878 1239; x_wconf 79' lang='grc' dir='ltr'>τὰ</span> 
     </span>
    </p>
   </div>
   <div class='ocr_carea' id='block_1_15' title="bbox 302 1268 1874 1344">
    <p class='ocr_par' dir='ltr' id='par_1_15' title="bbox 302 1268 1874 1344">
     <span class='ocr_line' id='line_1_15' title="bbox 302 1268 1874 1344; baseline 0.008 -26"><span class='ocrx_word' id='word_1_85' title='bbox 302 1270 808 1338; x_wconf 79' lang='grc' dir='ltr'>πανουργεύματα</span> <span class='ocrx_word' id='word_1_86' title='bbox 841 1269 1030 1325; x_wconf 78' lang='grc' dir='ltr'>αὐτοῦ</span> <span class='ocrx_word' id='word_1_87' title='bbox 1047 1271 1137 1337; x_wconf 83' lang='grc' dir='ltr'><strong>τίς</strong></span> <span class='ocrx_word' id='word_1_88' title='bbox 1168 1274 1323 1342; x_wconf 69' lang='grc' dir='ltr'>ἔγνω</span> <span class='ocrx_word' id='word_1_89' title='bbox 1336 1288 1357 1337; x_wconf 84' lang='lat'><strong>;</strong></span> <span class='ocrx_word' id='word_1_90' title='bbox 1382 1268 1488 1339; x_wconf 78' lang='grc' dir='ltr'><strong>Εἷς</strong></span> <span class='ocrx_word' id='word_1_91' title='bbox 1512 1274 1642 1328; x_wconf 82' lang='grc' dir='ltr'>ἐστι</span> <span class='ocrx_word' id='word_1_92' title='bbox 1658 1275 1874 1344; x_wconf 75' lang='grc' dir='ltr'>σοφὸς,</span> 
     </span>
    </p>
   </div>
   <div class='ocr_carea' id='block_1_16' title="bbox 302 1360 1876 1434">
    <p class='ocr_par' dir='ltr' id='par_1_16' title="bbox 302 1360 1876 1434">
     <span class='ocr_line' id='line_1_16' title="bbox 302 1360 1876 1434; baseline 0.007 -22"><span class='ocrx_word' id='word_1_93' title='bbox 302 1360 557 1429; x_wconf 63' lang='grc' dir='ltr'>φοϐερὸς</span> <span class='ocrx_word' id='word_1_94' title='bbox 582 1361 840 1430; x_wconf 72' lang='grc' dir='ltr'>σφόδρα,</span> <span class='ocrx_word' id='word_1_95' title='bbox 880 1363 1224 1434; x_wconf 79' lang='grc' dir='ltr'>καθήμενος</span> <span class='ocrx_word' id='word_1_96' title='bbox 1247 1366 1343 1419; x_wconf 69' lang='grc' dir='ltr'><strong>ἐπὶ</strong></span> <span class='ocrx_word' id='word_1_97' title='bbox 1371 1366 1480 1421; x_wconf 81' lang='grc' dir='ltr'><strong>τοῦ</strong></span> <span class='ocrx_word' id='word_1_98' title='bbox 1532 1370 1751 1434; x_wconf 78' lang='grc' dir='ltr'>θρόνου</span> <span class='ocrx_word' id='word_1_99' title='bbox 1768 1371 1876 1423; x_wconf 81' lang='grc' dir='ltr'><strong>αὐ-</strong></span> 
     </span>
    </p>
   </div>
   <div class='ocr_carea' id='block_1_17' title="bbox 306 1451 1875 1529">
    <p class='ocr_par' dir='ltr' id='par_1_17' title="bbox 306 1451 1875 1529">
     <span class='ocr_line' id='line_1_17' title="bbox 306 1451 1875 1529; baseline 0.006 -25"><span class='ocrx_word' id='word_1_100' title='bbox 306 1451 437 1521; x_wconf 21' lang='grc' dir='ltr'>τοῦ..</span> <span class='ocrx_word' id='word_1_101' title='bbox 480 1454 675 1517; x_wconf 79' lang='grc' dir='ltr'>Αὐτὸς</span> <span class='ocrx_word' id='word_1_102' title='bbox 724 1455 968 1509; x_wconf 77' lang='grc' dir='ltr'>ἔκτισεν</span> <span class='ocrx_word' id='word_1_103' title='bbox 1026 1456 1244 1523; x_wconf 75' lang='grc' dir='ltr'>αὐτὴν,</span> <span class='ocrx_word' id='word_1_104' title='bbox 1318 1460 1420 1512; x_wconf 73' lang='grc' dir='ltr'><strong>καὶ</strong></span> <span class='ocrx_word' id='word_1_105' title='bbox 1480 1459 1728 1529; x_wconf 75' lang='grc' dir='ltr'><strong>ἐξέχεεν</strong></span> <span class='ocrx_word' id='word_1_106' title='bbox 1776 1460 1875 1514; x_wconf 74' lang='grc' dir='ltr'><strong>ἐπὶ</strong></span> 
     </span>
    </p>
   </div>
   <div class='ocr_carea' id='block_1_18' title="bbox 303 1539 1875 1618">
    <p class='ocr_par' dir='ltr' id='par_1_18' title="bbox 303 1539 1875 1618">
     <span class='ocr_line' id='line_1_18' title="bbox 303 1539 1875 1618; baseline 0.008 -27"><span class='ocrx_word' id='word_1_107' title='bbox 303 1539 497 1593; x_wconf 72' lang='grc' dir='ltr'>πάντα</span> <span class='ocrx_word' id='word_1_108' title='bbox 524 1541 595 1594; x_wconf 85' lang='grc' dir='ltr'>τὰ</span> <span class='ocrx_word' id='word_1_109' title='bbox 611 1540 755 1611; x_wconf 72' lang='grc' dir='ltr'>ἔργα</span> <span class='ocrx_word' id='word_1_110' title='bbox 776 1542 985 1597; x_wconf 84' lang='grc' dir='ltr'>αὐτοῦ.</span> <span class='ocrx_word' id='word_1_111' title='bbox 1014 1543 1078 1597; x_wconf 83' lang='lat' dir='ltr'><strong>Ei</strong></span> <span class='ocrx_word' id='word_1_112' title='bbox 1106 1545 1338 1616; x_wconf 82' lang='grc' dir='ltr'>δύναμιν</span> <span class='ocrx_word' id='word_1_113' title='bbox 1370 1546 1627 1618; x_wconf 72' lang='grc' dir='ltr'>εἴποιμεν</span> <span class='ocrx_word' id='word_1_114' title='bbox 1689 1549 1875 1617; x_wconf 69' lang='grc' dir='ltr'>αὐτὸν,</span> 
     </span>
    </p>
   </div>
   <div class='ocr_carea' id='block_1_19' title="bbox 306 1631 1877 1710">
    <p class='ocr_par' dir='ltr' id='par_1_19' title="bbox 306 1631 1877 1710">
     <span class='ocr_line' id='line_1_19' title="bbox 306 1631 1877 1710; baseline 0.009 -29"><span class='ocrx_word' id='word_1_115' title='bbox 306 1631 467 1684; x_wconf 78' lang='grc' dir='ltr'>τοῦτο</span> <span class='ocrx_word' id='word_1_116' title='bbox 504 1633 796 1703; x_wconf 81' lang='grc' dir='ltr'>δηλοῦμεν,</span> <span class='ocrx_word' id='word_1_117' title='bbox 827 1637 920 1687; x_wconf 78' lang='grc' dir='ltr'>ὅτι·</span> <span class='ocrx_word' id='word_1_118' title='bbox 951 1640 1352 1708; x_wconf 78' lang='grc' dir='ltr'>συντηρητικὸς</span> <span class='ocrx_word' id='word_1_119' title='bbox 1399 1639 1508 1692; x_wconf 88' lang='grc' dir='ltr'><strong>τῶν</strong></span> <span class='ocrx_word' id='word_1_120' title='bbox 1565 1642 1877 1710; x_wconf 82' lang='grc' dir='ltr'>γενομένων</span> 
     </span>
    </p>
   </div>
   <div class='ocr_carea' id='block_1_20' title="bbox 300 1723 1876 1811">
    <p class='ocr_par' dir='ltr' id='par_1_20' title="bbox 300 1723 1876 1811">
     <span class='ocr_line' id='line_1_20' title="bbox 300 1723 1876 1811; baseline 0.008 -39"><span class='ocrx_word' id='word_1_121' title='bbox 300 1723 440 1787; x_wconf 81' lang='grc' dir='ltr'>ἐστὶ,</span> <span class='ocrx_word' id='word_1_122' title='bbox 486 1724 580 1774; x_wconf 81' lang='grc' dir='ltr'><strong>καὶ</strong></span> <span class='ocrx_word' id='word_1_123' title='bbox 607 1726 708 1791; x_wconf 72' lang='grc' dir='ltr'>τὴν</span> <span class='ocrx_word' id='word_1_124' title='bbox 742 1724 836 1778; x_wconf 91' lang='grc' dir='ltr'><strong>τοῦ</strong></span> <span class='ocrx_word' id='word_1_125' title='bbox 869 1725 1194 1798; x_wconf 82' lang='grc' dir='ltr'>συνέχεσθαι</span> <span class='ocrx_word' id='word_1_126' title='bbox 1235 1729 1410 1783; x_wconf 86' lang='grc' dir='ltr'>ταῦτα</span> <span class='ocrx_word' id='word_1_127' title='bbox 1453 1732 1686 1811; x_wconf 69' lang='grc' dir='ltr'>χορηγεί</span> <span class='ocrx_word' id='word_1_128' title='bbox 1714 1731 1876 1785; x_wconf 70' lang='grc' dir='ltr'><strong>δῦνα⁹</strong></span> 
     </span>
    </p>
   </div>
   <div class='ocr_carea' id='block_1_21' title="bbox 302 1814 1872 1893">
    <p class='ocr_par' dir='ltr' id='par_1_21' title="bbox 302 1814 1872 1893">
     <span class='ocr_line' id='line_1_21' title="bbox 302 1814 1872 1893; baseline 0.008 -29"><span class='ocrx_word' id='word_1_129' title='bbox 302 1830 417 1881; x_wconf 88' lang='grc' dir='ltr'>μιν.</span> <span class='ocrx_word' id='word_1_130' title='bbox 456 1814 564 1866; x_wconf 79' lang='grc' dir='ltr'><strong>Καὶ</strong></span> <span class='ocrx_word' id='word_1_131' title='bbox 584 1815 751 1869; x_wconf 83' lang='grc' dir='ltr'>πάλιν</span> <span class='ocrx_word' id='word_1_132' title='bbox 802 1817 910 1872; x_wconf 80' lang='grc' dir='ltr'><strong>ἀπὸ</strong></span> <span class='ocrx_word' id='word_1_133' title='bbox 944 1821 1045 1887; x_wconf 83' lang='grc' dir='ltr'>τῆς</span> <span class='ocrx_word' id='word_1_134' title='bbox 1102 1822 1492 1893; x_wconf 82' lang='grc' dir='ltr'>συντηρήσεως</span> <span class='ocrx_word' id='word_1_135' title='bbox 1538 1823 1650 1876; x_wconf 87' lang='grc' dir='ltr'><strong>τῶν</strong></span> <span class='ocrx_word' id='word_1_136' title='bbox 1702 1824 1872 1877; x_wconf 69' lang='grc' dir='ltr'>ὄντων</span> 
     </span>
    </p>
   </div>
   <div class='ocr_carea' id='block_1_22' title="bbox 299 1904 1874 1985">
    <p class='ocr_par' dir='ltr' id='par_1_22' title="bbox 299 1904 1874 1985">
     <span class='ocr_line' id='line_1_22' title="bbox 299 1904 1874 1985; baseline 0.008 -30"><span class='ocrx_word' id='word_1_137' title='bbox 299 1904 555 1972; x_wconf 83' lang='grc' dir='ltr'>πρόνοιαν</span> <span class='ocrx_word' id='word_1_138' title='bbox 583 1906 744 1959; x_wconf 79' lang='grc' dir='ltr'>αὐτὸν</span> <span class='ocrx_word' id='word_1_139' title='bbox 784 1908 1083 1979; x_wconf 85' lang='grc' dir='ltr'>καλοῦμεν,</span> <span class='ocrx_word' id='word_1_140' title='bbox 1128 1910 1188 1965; x_wconf 90' lang='lat'><strong>&#39;0</strong></span> <span class='ocrx_word' id='word_1_141' title='bbox 1215 1912 1326 1983; x_wconf 76' lang='grc' dir='ltr'>γὰρ</span> <span class='ocrx_word' id='word_1_142' title='bbox 1360 1912 1496 1977; x_wconf 74' lang='grc' dir='ltr'><strong>Θὲδς</strong></span> <span class='ocrx_word' id='word_1_143' title='bbox 1549 1915 1652 1985; x_wconf 79' lang='grc' dir='ltr'>τὴν</span> <span class='ocrx_word' id='word_1_144' title='bbox 1707 1914 1874 1968; x_wconf 79' lang='grc' dir='ltr'>ἁπάν-</span> 
     </span>
    </p>
   </div>
   <div class='ocr_carea' id='block_1_23' title="bbox 298 1995 1873 2076">
    <p class='ocr_par' dir='ltr' id='par_1_23' title="bbox 298 1995 1873 2076">
     <span class='ocr_line' id='line_1_23' title="bbox 298 1995 1873 2076; baseline 0.009 -30"><span class='ocrx_word' id='word_1_145' title='bbox 298 2011 409 2047; x_wconf 86' lang='grc' dir='ltr'>των</span> <span class='ocrx_word' id='word_1_146' title='bbox 440 1995 697 2066; x_wconf 87' lang='grc' dir='ltr'>πρόνοιαν</span> <span class='ocrx_word' id='word_1_147' title='bbox 732 2000 989 2065; x_wconf 84' lang='grc' dir='ltr'>ποιεῖται,</span> <span class='ocrx_word' id='word_1_148' title='bbox 1022 2000 1098 2064; x_wconf 88' lang='grc' dir='ltr'>ὠς</span> <span class='ocrx_word' id='word_1_149' title='bbox 1133 2003 1160 2054; x_wconf 92' lang='grc' dir='ltr'><strong>ὁ</strong></span> <span class='ocrx_word' id='word_1_150' title='bbox 1189 1996 1364 2073; x_wconf 82' lang='grc' dir='ltr'>μέγας</span> <span class='ocrx_word' id='word_1_151' title='bbox 1419 2005 1585 2076; x_wconf 73' lang='grc' dir='ltr'>φησὶν</span> <span class='ocrx_word' id='word_1_152' title='bbox 1644 2005 1873 2060; x_wconf 86' lang='grc' dir='ltr'>Ἀθανά-</span> 
     </span>
    </p>
   </div>
   <div class='ocr_carea' id='block_1_24' title="bbox 299 2086 1873 2167">
    <p class='ocr_par' dir='ltr' id='par_1_24' title="bbox 299 2086 1873 2167">
     <span class='ocr_line' id='line_1_24' title="bbox 299 2086 1873 2167; baseline 0.01 -32"><span class='ocrx_word' id='word_1_153' title='bbox 299 2101 412 2147; x_wconf 87' lang='grc' dir='ltr'>σιος</span> <span class='ocrx_word' id='word_1_154' title='bbox 448 2086 507 2136; x_wconf 73' lang='grc' dir='ltr'>ἐν</span> <span class='ocrx_word' id='word_1_155' title='bbox 534 2086 611 2156; x_wconf 85' lang='grc' dir='ltr'>τῷ</span> <span class='ocrx_word' id='word_1_156' title='bbox 639 2088 782 2141; x_wconf 86' lang='grc' dir='ltr'><strong>κατᾶ</strong></span> <span class='ocrx_word' id='word_1_157' title='bbox 813 2091 1113 2160; x_wconf 83' lang='grc' dir='ltr'>Ἀρειανῶν</span> <span class='ocrx_word' id='word_1_158' title='bbox 1140 2093 1332 2162; x_wconf 85' lang='grc' dir='ltr'>τρίτῳ.</span> <span class='ocrx_word' id='word_1_159' title='bbox 1363 2095 1484 2158; x_wconf 85' lang='grc' dir='ltr'>Φῶς</span> <span class='ocrx_word' id='word_1_160' title='bbox 1518 2096 1596 2159; x_wconf 82' lang='grc' dir='ltr'>δὲ,</span> <span class='ocrx_word' id='word_1_161' title='bbox 1619 2097 1695 2160; x_wconf 83' lang='grc' dir='ltr'>ὡς</span> <span class='ocrx_word' id='word_1_162' title='bbox 1714 2114 1873 2167; x_wconf 89' lang='grc' dir='ltr'>ποιη-</span> 
     </span>
    </p>
   </div>
   <div class='ocr_carea' id='block_1_25' title="bbox 294 2178 1872 2260">
    <p class='ocr_par' dir='ltr' id='par_1_25' title="bbox 294 2178 1872 2260">
     <span class='ocr_line' id='line_1_25' title="bbox 294 2178 1872 2260; baseline 0.007 -29"><span class='ocrx_word' id='word_1_163' title='bbox 294 2178 447 2231; x_wconf 71' lang='grc' dir='ltr'>τικὸν</span> <span class='ocrx_word' id='word_1_164' title='bbox 475 2180 671 2247; x_wconf 82' lang='grc' dir='ltr'>φωτὸς,</span> <span class='ocrx_word' id='word_1_165' title='bbox 704 2181 961 2252; x_wconf 83' lang='grc' dir='ltr'>λέγομεν,</span> <span class='ocrx_word' id='word_1_166' title='bbox 994 2185 1092 2239; x_wconf 82' lang='grc' dir='ltr'><strong>καὶ</strong></span> <span class='ocrx_word' id='word_1_167' title='bbox 1138 2185 1215 2247; x_wconf 84' lang='grc' dir='ltr'>ὡς</span> <span class='ocrx_word' id='word_1_168' title='bbox 1265 2188 1630 2260; x_wconf 82' lang='grc' dir='ltr'><strong>λαμπρότητα</strong></span> <span class='ocrx_word' id='word_1_169' title='bbox 1662 2190 1872 2259; x_wconf 72' lang='grc' dir='ltr'>-ψυχῶν</span> 
     </span>
    </p>
   </div>
   <div class='ocr_carea' id='block_1_26' title="bbox 295 2271 1871 2349">
    <p class='ocr_par' dir='ltr' id='par_1_26' title="bbox 295 2271 1871 2349">
     <span class='ocr_line' id='line_1_26' title="bbox 295 2271 1871 2349; baseline 0.008 -27"><span class='ocrx_word' id='word_1_170' title='bbox 295 2271 393 2323; x_wconf 72' lang='grc' dir='ltr'><strong>καὶ</strong></span> <span class='ocrx_word' id='word_1_171' title='bbox 420 2271 562 2341; x_wconf 80' lang='grc' dir='ltr'>λόγῳ</span> <span class='ocrx_word' id='word_1_172' title='bbox 601 2274 698 2325; x_wconf 76' lang='grc' dir='ltr'>καὶ</span> <span class='ocrx_word' id='word_1_173' title='bbox 752 2274 852 2345; x_wconf 77' lang='grc' dir='ltr'>βίῳ</span> <span class='ocrx_word' id='word_1_174' title='bbox 884 2276 1321 2347; x_wconf 81' lang='grc' dir='ltr'>καθαιρομένων.</span> <span class='ocrx_word' id='word_1_175' title='bbox 1360 2281 1422 2333; x_wconf 82' lang='lat' dir='ltr'><strong>Ei</strong></span> <span class='ocrx_word' id='word_1_176' title='bbox 1453 2281 1559 2349; x_wconf 77' lang='grc' dir='ltr'>γὰρ</span> <span class='ocrx_word' id='word_1_177' title='bbox 1613 2283 1709 2335; x_wconf 77' lang='grc' dir='ltr'><strong>καὶ</strong></span> <span class='ocrx_word' id='word_1_178' title='bbox 1744 2284 1871 2335; x_wconf 68' lang='grc' dir='ltr'>σκό-</span> 
     </span>
    </p>
   </div>
   <div class='ocr_carea' id='block_1_27' title="bbox 293 2364 1867 2444">
    <p class='ocr_par' dir='ltr' id='par_1_27' title="bbox 293 2364 1867 2444">
     <span class='ocr_line' id='line_1_27' title="bbox 293 2364 1867 2444; baseline 0.007 -29"><span class='ocrx_word' id='word_1_179' title='bbox 293 2380 385 2428; x_wconf 82' lang='grc' dir='ltr'><strong>τος</strong></span> <span class='ocrx_word' id='word_1_180' title='bbox 411 2364 685 2437; x_wconf 80' lang='grc' dir='ltr'>λέγεταιή</span> <span class='ocrx_word' id='word_1_181' title='bbox 728 2368 922 2436; x_wconf 77' lang='grc' dir='ltr'>ἄγνοια</span> <span class='ocrx_word' id='word_1_182' title='bbox 970 2372 1066 2424; x_wconf 75' lang='grc' dir='ltr'>καὶ</span> <span class='ocrx_word' id='word_1_183' title='bbox 1116 2372 1386 2442; x_wconf 81' lang='grc' dir='ltr'>ἁμαρτία,</span> <span class='ocrx_word' id='word_1_184' title='bbox 1429 2374 1546 2443; x_wconf 87' lang='grc' dir='ltr'><strong>φῶς</strong></span> <span class='ocrx_word' id='word_1_185' title='bbox 1586 2375 1653 2426; x_wconf 81' lang='grc' dir='ltr'>ἂν</span> <span class='ocrx_word' id='word_1_186' title='bbox 1714 2373 1867 2444; x_wconf 71' lang='grc' dir='ltr'><strong>εἱήή</strong></span> 
     </span>
    </p>
   </div>
   <div class='ocr_carea' id='block_1_28' title="bbox 294 2454 1874 2532">
    <p class='ocr_par' dir='ltr' id='par_1_28' title="bbox 294 2454 1874 2532">
     <span class='ocr_line' id='line_1_28' title="bbox 294 2454 1874 2532; baseline 0.008 -28"><span class='ocrx_word' id='word_1_187' title='bbox 294 2454 504 2520; x_wconf 83' lang='grc' dir='ltr'>γνῶσις</span> <span class='ocrx_word' id='word_1_188' title='bbox 542 2456 635 2507; x_wconf 81' lang='grc' dir='ltr'><strong>καὶ</strong></span> <span class='ocrx_word' id='word_1_189' title='bbox 674 2456 787 2526; x_wconf 81' lang='grc' dir='ltr'>βίος</span> <span class='ocrx_word' id='word_1_190' title='bbox 819 2460 846 2511; x_wconf 90' lang='lat'><strong>6</strong></span> <span class='ocrx_word' id='word_1_191' title='bbox 879 2457 1084 2519; x_wconf 72' lang='grc' dir='ltr'>ἔνθεος.</span> <span class='ocrx_word' id='word_1_192' title='bbox 1122 2462 1235 2514; x_wconf 75' lang='grc' dir='ltr'><strong>Καὶ</strong></span> <span class='ocrx_word' id='word_1_193' title='bbox 1262 2463 1367 2532; x_wconf 77' lang='grc' dir='ltr'>γὰρ</span> <span class='ocrx_word' id='word_1_194' title='bbox 1401 2462 1497 2515; x_wconf 75' lang='grc' dir='ltr'><strong>καὶ</strong></span> <span class='ocrx_word' id='word_1_195' title='bbox 1524 2464 1551 2515; x_wconf 85' lang='lat'><strong>6</strong></span> <span class='ocrx_word' id='word_1_196' title='bbox 1584 2464 1722 2525; x_wconf 75' lang='grc' dir='ltr'>θεῖος</span> <span class='ocrx_word' id='word_1_197' title='bbox 1746 2467 1874 2516; x_wconf 81' lang='grc' dir='ltr'>Διο-</span> 
     </span>
    </p>
   </div>
   <div class='ocr_carea' id='block_1_29' title="bbox 295 2544 1871 2622">
    <p class='ocr_par' dir='ltr' id='par_1_29' title="bbox 295 2544 1871 2622">
     <span class='ocr_line' id='line_1_29' title="bbox 295 2544 1871 2622; baseline 0.008 -27"><span class='ocrx_word' id='word_1_198' title='bbox 295 2544 477 2606; x_wconf 80' lang='grc' dir='ltr'>νύσιος</span> <span class='ocrx_word' id='word_1_199' title='bbox 506 2546 617 2616; x_wconf 69' lang='grc'><strong>(22)</strong></span> <span class='ocrx_word' id='word_1_200' title='bbox 660 2551 718 2600; x_wconf 82' lang='grc' dir='ltr'>ὲν</span> <span class='ocrx_word' id='word_1_201' title='bbox 746 2551 814 2618; x_wconf 83' lang='grc' dir='ltr'><strong>τῇ</strong></span> <span class='ocrx_word' id='word_1_202' title='bbox 846 2550 1149 2615; x_wconf 80' lang='grc' dir='ltr'>ἀναπτύξει</span> <span class='ocrx_word' id='word_1_203' title='bbox 1184 2553 1286 2621; x_wconf 83' lang='grc' dir='ltr'>τῆς</span> <span class='ocrx_word' id='word_1_204' title='bbox 1343 2554 1694 2621; x_wconf 76' lang='grc' dir='ltr'>θεωνυμικῆς</span> <span class='ocrx_word' id='word_1_205' title='bbox 1755 2572 1871 2622; x_wconf 81' lang='grc' dir='ltr'>φω-</span> 
     </span>
    </p>
   </div>
   <div class='ocr_carea' id='block_1_30' title="bbox 293 2637 1872 2723">
    <p class='ocr_par' dir='ltr' id='par_1_30' title="bbox 293 2637 1872 2723">
     <span class='ocr_line' id='line_1_30' title="bbox 293 2637 1872 2723; baseline 0.006 -36"><span class='ocrx_word' id='word_1_206' title='bbox 293 2637 595 2705; x_wconf 77' lang='grc' dir='ltr'>τωνυμίας,</span> <span class='ocrx_word' id='word_1_207' title='bbox 631 2640 781 2705; x_wconf 85' lang='grc' dir='ltr'><strong>Φῶς,</strong></span> <span class='ocrx_word' id='word_1_208' title='bbox 818 2643 973 2710; x_wconf 65' lang='grc' dir='ltr'>φησι,</span> <span class='ocrx_word' id='word_1_209' title='bbox 1006 2642 1244 2723; x_wconf 54' lang='grc' dir='ltr'>λέγεται</span> <span class='ocrx_word' id='word_1_210' title='bbox 1274 2645 1342 2698; x_wconf 82' lang='grc' dir='ltr'>τὸ</span> <span class='ocrx_word' id='word_1_211' title='bbox 1392 2645 1545 2712; x_wconf 81' lang='grc' dir='ltr'>ὑπὲρ</span> <span class='ocrx_word' id='word_1_212' title='bbox 1570 2644 1694 2701; x_wconf 78' lang='grc' dir='ltr'>πᾶν</span> <span class='ocrx_word' id='word_1_213' title='bbox 1745 2644 1872 2715; x_wconf 71' lang='grc' dir='ltr'>φῶς</span> 
     </span>
    </p>
   </div>
   <div class='ocr_carea' id='block_1_31' title="bbox 295 2729 1869 2805">
    <p class='ocr_par' dir='ltr' id='par_1_31' title="bbox 295 2729 1869 2805">
     <span class='ocr_line' id='line_1_31' title="bbox 295 2729 1869 2805; baseline 0.008 -25"><span class='ocrx_word' id='word_1_214' title='bbox 295 2729 542 2796; x_wconf 64' lang='grc' dir='ltr'>ἀγαθὸν,</span> <span class='ocrx_word' id='word_1_215' title='bbox 576 2731 672 2788; x_wconf 83' lang='grc' dir='ltr'><strong>διὰ</strong></span> <span class='ocrx_word' id='word_1_216' title='bbox 699 2734 766 2787; x_wconf 84' lang='grc' dir='ltr'>τὸ</span> <span class='ocrx_word' id='word_1_217' title='bbox 797 2735 1053 2804; x_wconf 77' lang='grc' dir='ltr'>ἄγνοιαν</span> <span class='ocrx_word' id='word_1_218' title='bbox 1076 2737 1173 2791; x_wconf 71' lang='grc' dir='ltr'>καί</span> <span class='ocrx_word' id='word_1_219' title='bbox 1204 2738 1454 2805; x_wconf 80' lang='grc' dir='ltr'><strong>πλάνην</strong></span> <span class='ocrx_word' id='word_1_220' title='bbox 1475 2738 1869 2803; x_wconf 68' lang='grc' dir='ltr'>ἀπελαύνειν,</span> 
     </span>
    </p>
   </div>
   <div class='ocr_carea' id='block_1_32' title="bbox 298 2821 1868 2898">
    <p class='ocr_par' dir='ltr' id='par_1_32' title="bbox 298 2821 1868 2898">
     <span class='ocr_line' id='line_1_32' title="bbox 298 2821 1868 2898; baseline 0.008 -25"><span class='ocrx_word' id='word_1_221' title='bbox 298 2821 397 2874; x_wconf 76' lang='grc' dir='ltr'><strong>καὶ</strong></span> <span class='ocrx_word' id='word_1_222' title='bbox 424 2821 696 2891; x_wconf 73' lang='grc' dir='ltr'>γνώσεως</span> <span class='ocrx_word' id='word_1_223' title='bbox 719 2827 863 2893; x_wconf 84' lang='grc' dir='ltr'>τοὺς</span> <span class='ocrx_word' id='word_1_224' title='bbox 892 2827 1143 2896; x_wconf 78' lang='grc' dir='ltr'>νοεροὺς</span> <span class='ocrx_word' id='word_1_225' title='bbox 1158 2829 1507 2898; x_wconf 63' lang='grc' dir='ltr'>ὀφθαλμοὺς</span> <span class='ocrx_word' id='word_1_226' title='bbox 1537 2829 1868 2898; x_wconf 75' lang='grc' dir='ltr'><strong>ἐμπιπλᾶν.</strong></span> 
     </span>
    </p>
   </div>
   <div class='ocr_carea' id='block_1_33' title="bbox 308 2916 1867 2994">
    <p class='ocr_par' dir='ltr' id='par_1_33' title="bbox 308 2916 1867 2994">
     <span class='ocr_line' id='line_1_33' title="bbox 308 2916 1867 2994; baseline 0.011 -27"><span class='ocrx_word' id='word_1_227' title='bbox 308 2916 452 2987; x_wconf 78' lang='grc' dir='ltr'><strong>Ἐγὼ</strong></span> <span class='ocrx_word' id='word_1_228' title='bbox 473 2918 601 2987; x_wconf 77' lang='grc' dir='ltr'>γὰρ,</span> <span class='ocrx_word' id='word_1_229' title='bbox 628 2921 782 2988; x_wconf 67' lang='grc' dir='ltr'>φησὶ,</span> <span class='ocrx_word' id='word_1_230' title='bbox 822 2920 949 2991; x_wconf 74' lang='grc' dir='ltr'><strong>φῶς</strong></span> <span class='ocrx_word' id='word_1_231' title='bbox 977 2923 1065 2987; x_wconf 81' lang='grc' dir='ltr'><strong>εὶς</strong></span> <span class='ocrx_word' id='word_1_232' title='bbox 1104 2925 1220 2976; x_wconf 76' lang='grc' dir='ltr'><strong>⁷τὸν</strong></span> <span class='ocrx_word' id='word_1_233' title='bbox 1285 2926 1523 2994; x_wconf 83' lang='grc' dir='ltr'><strong>κόσμον</strong></span> <span class='ocrx_word' id='word_1_234' title='bbox 1572 2926 1867 2993; x_wconf 72' lang='grc' dir='ltr'>ἐλήλυθα.</span> 
     </span>
    </p>
   </div>
   <div class='ocr_carea' id='block_1_34' title="bbox 248 3009 1869 3090">
    <p class='ocr_par' dir='ltr' id='par_1_34' title="bbox 248 3009 1869 3090">
     <span class='ocr_line' id='line_1_34' title="bbox 248 3009 1869 3090; baseline 0.009 -31"><span class='ocrx_word' id='word_1_235' title='bbox 248 3053 279 3089; x_wconf 63' lang='grc' dir='ltr'><strong><em>ο</em></strong></span> <span class='ocrx_word' id='word_1_236' title='bbox 298 3009 433 3074; x_wconf 77' lang='grc' dir='ltr'>Καὶ,</span> <span class='ocrx_word' id='word_1_237' title='bbox 464 3011 698 3079; x_wconf 79' lang='grc' dir='ltr'>Λύχνος</span> <span class='ocrx_word' id='word_1_238' title='bbox 726 3012 851 3079; x_wconf 85' lang='grc' dir='ltr'>τοῖς</span> <span class='ocrx_word' id='word_1_239' title='bbox 874 3016 1025 3068; x_wconf 80' lang='grc' dir='ltr'>ποσί</span> <span class='ocrx_word' id='word_1_240' title='bbox 1042 3033 1163 3085; x_wconf 85' lang='grc' dir='ltr'><strong>μου</strong></span> <span class='ocrx_word' id='word_1_241' title='bbox 1196 3019 1229 3069; x_wconf 82' lang='grc' dir='ltr'><em>ὁ</em></span> <span class='ocrx_word' id='word_1_242' title='bbox 1259 3019 1445 3084; x_wconf 84' lang='grc' dir='ltr'>νόμος</span> <span class='ocrx_word' id='word_1_243' title='bbox 1464 3034 1604 3085; x_wconf 86' lang='grc' dir='ltr'>σου,</span> <span class='ocrx_word' id='word_1_244' title='bbox 1628 3021 1725 3073; x_wconf 85' lang='grc' dir='ltr'><strong>καὶ</strong></span> <span class='ocrx_word' id='word_1_245' title='bbox 1742 3020 1869 3090; x_wconf 70' lang='grc' dir='ltr'><strong>φῶς</strong></span> 
     </span>
    </p>
   </div>
   <div class='ocr_carea' id='block_1_35' title="bbox 1981 542 3563 612">
    <p class='ocr_par' dir='ltr' id='par_1_35' title="bbox 1981 542 3563 612">
     <span class='ocr_line' id='line_1_35' title="bbox 1981 542 3563 612; baseline 0.003 -20"><span class='ocrx_word' id='word_1_246' title='bbox 1981 542 2137 606; x_wconf 73' lang='lat' dir='ltr'><strong>tem),</strong></span> <span class='ocrx_word' id='word_1_247' title='bbox 2172 542 2314 609; x_wconf 87' lang='lat' dir='ltr'><strong>quod</strong></span> <span class='ocrx_word' id='word_1_248' title='bbox 2350 554 2543 607; x_wconf 80' lang='lat' dir='ltr'><strong>nempe</strong></span> <span class='ocrx_word' id='word_1_249' title='bbox 2574 554 2663 594; x_wconf 84' lang='lat' dir='ltr'><strong>res</strong></span> <span class='ocrx_word' id='word_1_250' title='bbox 2693 554 2788 607; x_wconf 83' lang='lat' dir='ltr'><strong>pro</strong></span> <span class='ocrx_word' id='word_1_251' title='bbox 2816 554 2883 594; x_wconf 75' lang='lat' dir='ltr'><strong>eo</strong></span> <span class='ocrx_word' id='word_1_252' title='bbox 2909 554 2972 594; x_wconf 88' lang='lat' dir='ltr'><strong>ac</strong></span> <span class='ocrx_word' id='word_1_253' title='bbox 2997 552 3136 595; x_wconf 62' lang='lat' dir='ltr'><strong>nata;</strong></span> <span class='ocrx_word' id='word_1_254' title='bbox 3166 552 3310 606; x_wconf 89' lang='lat' dir='ltr'><strong>sunt,</strong></span> <span class='ocrx_word' id='word_1_255' title='bbox 3342 556 3563 612; x_wconf 67' lang='lat' dir='ltr'><strong>prt&#39;t‘slct</strong></span> 
     </span>
    </p>
   </div>
   <div class='ocr_carea' id='block_1_36' title="bbox 1979 632 3563 703">
    <p class='ocr_par' dir='ltr' id='par_1_36' title="bbox 1979 632 3563 703">
     <span class='ocr_line' id='line_1_36' title="bbox 1979 632 3563 703; baseline 0 -15"><span class='ocrx_word' id='word_1_256' title='bbox 1979 634 2310 699; x_wconf 73' lang='lat' dir='ltr'><strong>incolumes;</strong></span> <span class='ocrx_word' id='word_1_257' title='bbox 2342 634 2423 689; x_wconf 85' lang='lat' dir='ltr'><strong>vel</strong></span> <span class='ocrx_word' id='word_1_258' title='bbox 2454 632 2561 685; x_wconf 73' lang='grc' dir='ltr'><strong>ἀπὸ</strong></span> <span class='ocrx_word' id='word_1_259' title='bbox 2603 632 2698 686; x_wconf 88' lang='grc' dir='ltr'><strong>τοῦ</strong></span> <span class='ocrx_word' id='word_1_260' title='bbox 2740 632 2989 696; x_wconf 81' lang='grc' dir='ltr'>θεᾶσθαι,</span> <span class='ocrx_word' id='word_1_261' title='bbox 3032 635 3178 703; x_wconf 88' lang='lat' dir='ltr'><strong>quod</strong></span> <span class='ocrx_word' id='word_1_262' title='bbox 3208 634 3417 691; x_wconf 76' lang='lat' dir='ltr'><strong>scilicet</strong></span> <span class='ocrx_word' id='word_1_263' title='bbox 3444 651 3563 691; x_wconf 88' lang='lat' dir='ltr'><strong>om-</strong></span> 
     </span>
    </p>
   </div>
   <div class='ocr_carea' id='block_1_37' title="bbox 1977 724 3559 795">
    <p class='ocr_par' dir='ltr' id='par_1_37' title="bbox 1977 724 3559 795">
     <span class='ocr_line' id='line_1_37' title="bbox 1977 724 3559 795; baseline 0.002 -17"><span class='ocrx_word' id='word_1_264' title='bbox 1977 725 2064 778; x_wconf 87' lang='lat' dir='ltr'><strong>nia</strong></span> <span class='ocrx_word' id='word_1_265' title='bbox 2098 735 2423 779; x_wconf 89' lang='lat' dir='ltr'><strong>contncatur</strong></span> <span class='ocrx_word' id='word_1_266' title='bbox 2457 741 2470 777; x_wconf 90' lang='lat'><strong>:</strong></span> <span class='ocrx_word' id='word_1_267' title='bbox 2507 724 2641 777; x_wconf 77' lang='lat' dir='ltr'><strong>nihil</strong></span> <span class='ocrx_word' id='word_1_268' title='bbox 2685 726 2890 794; x_wconf 79' lang='lat' dir='ltr'><strong>quippe</strong></span> <span class='ocrx_word' id='word_1_269' title='bbox 2940 740 3063 779; x_wconf 90' lang='lat' dir='ltr'><strong>eum</strong></span> <span class='ocrx_word' id='word_1_270' title='bbox 3113 727 3285 780; x_wconf 87' lang='lat' dir='ltr'><strong>latere</strong></span> <span class='ocrx_word' id='word_1_271' title='bbox 3333 737 3508 795; x_wconf 84' lang='lat' dir='ltr'><strong>potest</strong></span> <span class='ocrx_word' id='word_1_272' title='bbox 3542 767 3559 793; x_wconf 93' lang='lat'><strong>,</strong></span> 
     </span>
    </p>
   </div>
   <div class='ocr_carea' id='block_1_38' title="bbox 1975 815 3559 893">
    <p class='ocr_par' dir='ltr' id='par_1_38' title="bbox 1975 815 3559 893">
     <span class='ocr_line' id='line_1_38' title="bbox 1975 815 3559 893; baseline 0.002 -23"><span class='ocrx_word' id='word_1_273' title='bbox 1975 817 2329 884; x_wconf 82' lang='lat' dir='ltr'><strong>omniumque</strong></span> <span class='ocrx_word' id='word_1_274' title='bbox 2357 816 2764 893; x_wconf 24' lang='lat' dir='ltr'><strong>inspector‘est.</strong></span> <span class='ocrx_word' id='word_1_275' title='bbox 2790 815 3098 885; x_wconf 71' lang='lat' dir='ltr'><strong>Sapientem</strong></span> <span class='ocrx_word' id='word_1_276' title='bbox 3139 817 3266 871; x_wconf 86' lang='lat' dir='ltr'><strong>dum</strong></span> <span class='ocrx_word' id='word_1_277' title='bbox 3308 819 3559 881; x_wconf 76' lang='lat' dir='ltr'><strong>dicimus,</strong></span> 
     </span>
    </p>
   </div>
   <div class='ocr_carea' id='block_1_39' title="bbox 1978 907 3562 977">
    <p class='ocr_par' dir='ltr' id='par_1_39' title="bbox 1978 907 3562 977">
     <span class='ocr_line' id='line_1_39' title="bbox 1978 907 3562 977; baseline -0.001 -17"><span class='ocrx_word' id='word_1_278' title='bbox 1978 907 2122 975; x_wconf 89' lang='lat' dir='ltr'><strong>quod</strong></span> <span class='ocrx_word' id='word_1_279' title='bbox 2157 908 2227 959; x_wconf 87' lang='lat' dir='ltr'><strong>ita</strong></span> <span class='ocrx_word' id='word_1_280' title='bbox 2268 921 2669 975; x_wconf 82' lang='lat' dir='ltr'><strong>nuncupamus,</strong></span> <span class='ocrx_word' id='word_1_281' title='bbox 2701 922 2766 960; x_wconf 83' lang='lat' dir='ltr'><strong>ex</strong></span> <span class='ocrx_word' id='word_1_282' title='bbox 2800 908 3067 977; x_wconf 73' lang='lat' dir='ltr'><strong>sapientia</strong></span> <span class='ocrx_word' id='word_1_283' title='bbox 3097 924 3218 976; x_wconf 71' lang='lat' dir='ltr'><strong>quae</strong></span> <span class='ocrx_word' id='word_1_284' title='bbox 3264 912 3317 962; x_wconf 90' lang='lat' dir='ltr'><strong>in</strong></span> <span class='ocrx_word' id='word_1_285' title='bbox 3362 914 3562 964; x_wconf 80' lang='lat' dir='ltr'><strong>mtmdn</strong></span> 
     </span>
    </p>
   </div>
   <div class='ocr_carea' id='block_1_40' title="bbox 1976 997 3561 1068">
    <p class='ocr_par' dir='ltr' id='par_1_40' title="bbox 1976 997 3561 1068">
     <span class='ocr_line' id='line_1_40' title="bbox 1976 997 3561 1068; baseline 0.003 -17"><span class='ocrx_word' id='word_1_286' title='bbox 1976 997 2171 1061; x_wconf 88' lang='lat' dir='ltr'><strong>elucet,</strong></span> <span class='ocrx_word' id='word_1_287' title='bbox 2210 998 2528 1065; x_wconf 79' lang='lat' dir='ltr'><strong>accipimus,</strong></span> <span class='ocrx_word' id='word_1_288' title='bbox 2575 1000 2651 1051; x_wconf 88' lang='lat' dir='ltr'><strong>uti</strong></span> <span class='ocrx_word' id='word_1_289' title='bbox 2691 1014 2918 1066; x_wconf 77' lang='lat' dir='ltr'><strong>magnus</strong></span> <span class='ocrx_word' id='word_1_290' title='bbox 2955 1000 3188 1056; x_wconf 80' lang='lat' dir='ltr'><strong>Basilius</strong></span> <span class='ocrx_word' id='word_1_291' title='bbox 3221 1001 3355 1055; x_wconf 80' lang='lat' dir='ltr'><strong>dixit</strong></span> <span class='ocrx_word' id='word_1_292' title='bbox 3387 1002 3561 1068; x_wconf 62' lang='lat' dir='ltr'><strong>prin&#39;o</strong></span> 
     </span>
    </p>
   </div>
   <div class='ocr_carea' id='block_1_41' title="bbox 1976 1088 3558 1161">
    <p class='ocr_par' dir='ltr' id='par_1_41' title="bbox 1976 1088 3558 1161">
     <span class='ocr_line' id='line_1_41' title="bbox 1976 1088 3558 1161; baseline -0.001 -18"><span class='ocrx_word' id='word_1_293' title='bbox 1976 1091 2155 1155; x_wconf 78' lang='lat' dir='ltr'><strong>capite</strong></span> <span class='ocrx_word' id='word_1_294' title='bbox 2203 1088 2326 1142; x_wconf 85' lang='lat' dir='ltr'><strong>libri</strong></span> <span class='ocrx_word' id='word_1_295' title='bbox 2378 1089 2826 1155; x_wconf 63' lang='lat' dir='ltr'><strong>Proverbiorum;</strong></span> <span class='ocrx_word' id='word_1_296' title='bbox 2866 1106 3197 1161; x_wconf 72' lang='lat' dir='ltr'><strong>morsusque</strong></span> <span class='ocrx_word' id='word_1_297' title='bbox 3237 1101 3416 1148; x_wconf 80' lang='lat' dir='ltr'><strong>textus</strong></span> <span class='ocrx_word' id='word_1_298' title='bbox 3450 1094 3558 1157; x_wconf 70' lang='lat' dir='ltr'><strong>ille,</strong></span> 
     </span>
    </p>
   </div>
   <div class='ocr_carea' id='block_1_42' title="bbox 1980 1180 3562 1250">
    <p class='ocr_par' dir='ltr' id='par_1_42' title="bbox 1980 1180 3562 1250">
     <span class='ocr_line' id='line_1_42' title="bbox 1980 1180 3562 1250; baseline 0.004 -17"><span class='ocrx_word' id='word_1_299' title='bbox 1980 1180 2236 1234; x_wconf 70' lang='lat' dir='ltr'><strong>Dominus</strong></span> <span class='ocrx_word' id='word_1_300' title='bbox 2264 1181 2459 1235; x_wconf 81' lang='lat' dir='ltr'><strong>creavit</strong></span> <span class='ocrx_word' id='word_1_301' title='bbox 2503 1197 2586 1235; x_wconf 84' lang='lat' dir='ltr'><strong>me</strong></span> <span class='ocrx_word' id='word_1_302' title='bbox 2635 1182 2847 1236; x_wconf 79' lang='lat' dir='ltr'><strong>initium</strong></span> <span class='ocrx_word' id='word_1_303' title='bbox 2884 1185 3091 1239; x_wconf 75' lang='lat' dir='ltr'><strong>viarum</strong></span> <span class='ocrx_word' id='word_1_304' title='bbox 3135 1186 3352 1240; x_wconf 81' lang='lat' dir='ltr'><strong>suarum</strong></span> <span class='ocrx_word' id='word_1_305' title='bbox 3382 1188 3449 1250; x_wconf 74' lang='lat'><strong>&quot;,</strong></span> <span class='ocrx_word' id='word_1_306' title='bbox 3493 1188 3562 1241; x_wconf 85' lang='lat' dir='ltr'><strong>de</strong></span> 
     </span>
    </p>
   </div>
   <div class='ocr_carea' id='block_1_43' title="bbox 1977 1268 3559 1345">
    <p class='ocr_par' dir='ltr' id='par_1_43' title="bbox 1977 1268 3559 1345">
     <span class='ocr_line' id='line_1_43' title="bbox 1977 1268 3559 1345; baseline 0.004 -21"><span class='ocrx_word' id='word_1_307' title='bbox 1977 1268 2243 1337; x_wconf 82' lang='lat' dir='ltr'><strong>sapientia</strong></span> <span class='ocrx_word' id='word_1_308' title='bbox 2277 1270 2357 1325; x_wconf 77' lang='lat' dir='ltr'><strong>sic</strong></span> <span class='ocrx_word' id='word_1_309' title='bbox 2409 1271 2462 1324; x_wconf 90' lang='lat' dir='ltr'><strong>in</strong></span> <span class='ocrx_word' id='word_1_310' title='bbox 2498 1271 2702 1327; x_wconf 85' lang='lat' dir='ltr'><strong>mundo</strong></span> <span class='ocrx_word' id='word_1_311' title='bbox 2737 1272 2985 1327; x_wconf 83' lang='lat' dir='ltr'><strong>elucente</strong></span> <span class='ocrx_word' id='word_1_312' title='bbox 3037 1274 3295 1343; x_wconf 78' lang='lat' dir='ltr'><strong>loquitur;</strong></span> <span class='ocrx_word' id='word_1_313' title='bbox 3324 1291 3442 1345; x_wconf 73' lang='lat' dir='ltr'><strong>qua:</strong></span> <span class='ocrx_word' id='word_1_314' title='bbox 3474 1280 3559 1331; x_wconf 78' lang='lat' dir='ltr'><strong>vix</strong></span> 
     </span>
    </p>
   </div>
   <div class='ocr_carea' id='block_1_44' title="bbox 1976 1362 3557 1435">
    <p class='ocr_par' dir='ltr' id='par_1_44' title="bbox 1976 1362 3557 1435">
     <span class='ocr_line' id='line_1_44' title="bbox 1976 1362 3557 1435; baseline 0.005 -22"><span class='ocrx_word' id='word_1_315' title='bbox 1976 1375 2083 1414; x_wconf 90' lang='lat' dir='ltr'><strong>non</strong></span> <span class='ocrx_word' id='word_1_316' title='bbox 2120 1375 2309 1429; x_wconf 79' lang='lat' dir='ltr'><strong>vocem</strong></span> <span class='ocrx_word' id='word_1_317' title='bbox 2353 1362 2606 1427; x_wconf 87' lang='lat' dir='ltr'><strong>emittat,</strong></span> <span class='ocrx_word' id='word_1_318' title='bbox 2644 1376 2742 1431; x_wconf 88' lang='lat' dir='ltr'><strong>per</strong></span> <span class='ocrx_word' id='word_1_319' title='bbox 2779 1378 2840 1418; x_wconf 84' lang='lat' dir='ltr'><strong>ea</strong></span> <span class='ocrx_word' id='word_1_320' title='bbox 2878 1379 2997 1433; x_wconf 77' lang='lat' dir='ltr'><strong>quae</strong></span> <span class='ocrx_word' id='word_1_321' title='bbox 3043 1366 3217 1420; x_wconf 90' lang='lat' dir='ltr'><strong>oculis</strong></span> <span class='ocrx_word' id='word_1_322' title='bbox 3263 1370 3557 1435; x_wconf 82' lang='lat' dir='ltr'><strong>conspicua</strong></span> 
     </span>
    </p>
   </div>
   <div class='ocr_carea' id='block_1_45' title="bbox 1976 1449 3563 1523">
    <p class='ocr_par' dir='ltr' id='par_1_45' title="bbox 1976 1449 3563 1523">
     <span class='ocr_line' id='line_1_45' title="bbox 1976 1449 3563 1523; baseline 0.004 -19"><span class='ocrx_word' id='word_1_323' title='bbox 1976 1457 2125 1514; x_wconf 84' lang='lat' dir='ltr'><strong>sunt,</strong></span> <span class='ocrx_word' id='word_1_324' title='bbox 2160 1449 2410 1519; x_wconf 80' lang='lat' dir='ltr'><strong>iactaque</strong></span> <span class='ocrx_word' id='word_1_325' title='bbox 2452 1450 2568 1505; x_wconf 67' lang='lat' dir='ltr'><strong>huc</strong></span> <span class='ocrx_word' id='word_1_326' title='bbox 2614 1450 2723 1506; x_wconf 86' lang='lat' dir='ltr'><strong>Deo</strong></span> <span class='ocrx_word' id='word_1_327' title='bbox 2770 1464 2997 1507; x_wconf 88' lang='lat' dir='ltr'><strong>auctore</strong></span> <span class='ocrx_word' id='word_1_328' title='bbox 3046 1454 3322 1523; x_wconf 84' lang='lat' dir='ltr'><strong>loquatur.</strong></span> <span class='ocrx_word' id='word_1_329' title='bbox 3356 1456 3428 1510; x_wconf 88' lang='lat' dir='ltr'><strong>De</strong></span> <span class='ocrx_word' id='word_1_330' title='bbox 3460 1457 3563 1512; x_wconf 84' lang='lat' dir='ltr'><strong>hac</strong></span> 
     </span>
    </p>
   </div>
   <div class='ocr_carea' id='block_1_46' title="bbox 1976 1543 3559 1617">
    <p class='ocr_par' dir='ltr' id='par_1_46' title="bbox 1976 1543 3559 1617">
     <span class='ocr_line' id='line_1_46' title="bbox 1976 1543 3559 1617; baseline 0.002 -20"><span class='ocrx_word' id='word_1_331' title='bbox 1976 1543 2122 1597; x_wconf 88' lang='lat' dir='ltr'><strong>enim</strong></span> <span class='ocrx_word' id='word_1_332' title='bbox 2157 1543 2320 1597; x_wconf 87' lang='lat' dir='ltr'><strong>etiam</strong></span> <span class='ocrx_word' id='word_1_333' title='bbox 2354 1544 2634 1613; x_wconf 64' lang='lat' dir='ltr'><strong>propheta;</strong></span> <span class='ocrx_word' id='word_1_334' title='bbox 2685 1560 2938 1614; x_wconf 65' lang='lat' dir='ltr'><strong>quaenam</strong></span> <span class='ocrx_word' id='word_1_335' title='bbox 2987 1546 3059 1600; x_wconf 87' lang='lat' dir='ltr'><strong>sit</strong></span> <span class='ocrx_word' id='word_1_336' title='bbox 3107 1547 3163 1600; x_wconf 91' lang='lat' dir='ltr'><strong>in</strong></span> <span class='ocrx_word' id='word_1_337' title='bbox 3204 1560 3559 1617; x_wconf 62' lang='lat' dir='ltr'><strong>quaestionem</strong></span> 
     </span>
    </p>
   </div>
   <div class='ocr_carea' id='block_1_47' title="bbox 1977 1634 3558 1703">
    <p class='ocr_par' dir='ltr' id='par_1_47' title="bbox 1977 1634 3558 1703">
     <span class='ocr_line' id='line_1_47' title="bbox 1977 1634 3558 1703; baseline 0.004 -16"><span class='ocrx_word' id='word_1_338' title='bbox 1977 1641 2194 1689; x_wconf 82' lang='lat' dir='ltr'><strong>vertunt</strong></span> <span class='ocrx_word' id='word_1_339' title='bbox 2221 1648 2283 1690; x_wconf 89' lang='lat' dir='ltr'><strong>ac</strong></span> <span class='ocrx_word' id='word_1_340' title='bbox 2313 1634 2612 1703; x_wconf 81' lang='lat' dir='ltr'><strong>disputant,</strong></span> <span class='ocrx_word' id='word_1_341' title='bbox 2640 1638 2717 1691; x_wconf 89' lang='lat' dir='ltr'><strong>uti</strong></span> <span class='ocrx_word' id='word_1_342' title='bbox 2749 1639 2913 1692; x_wconf 86' lang='lat' dir='ltr'><strong>etiam</strong></span> <span class='ocrx_word' id='word_1_343' title='bbox 2942 1639 3345 1694; x_wconf 77' lang='lat' dir='ltr'><strong>eruditissimus</strong></span> <span class='ocrx_word' id='word_1_344' title='bbox 3369 1640 3558 1694; x_wconf 81' lang='lat' dir='ltr'><strong>Sirarlt</strong></span> 
     </span>
    </p>
   </div>
   <div class='ocr_carea' id='block_1_48' title="bbox 1964 1723 3559 1795">
    <p class='ocr_par' dir='ltr' id='par_1_48' title="bbox 1964 1723 3559 1795">
     <span class='ocr_line' id='line_1_48' title="bbox 1964 1723 3559 1795; baseline 0.003 -17"><span class='ocrx_word' id='word_1_345' title='bbox 1964 1724 2054 1787; x_wconf 68' lang='lat' dir='ltr'><strong>ait</strong></span> <span class='ocrx_word' id='word_1_346' title='bbox 2088 1741 2103 1779; x_wconf 89' lang='lat'><strong>:</strong></span> <span class='ocrx_word' id='word_1_347' title='bbox 2140 1723 2315 1779; x_wconf 71' lang='lat' dir='ltr'><strong>Radix</strong></span> <span class='ocrx_word' id='word_1_348' title='bbox 2358 1727 2634 1795; x_wconf 71' lang='lat' dir='ltr'><strong>sapientia:</strong></span> <span class='ocrx_word' id='word_1_349' title='bbox 2683 1728 2770 1781; x_wconf 72' lang='lat' dir='ltr'><strong>cui</strong></span> <span class='ocrx_word' id='word_1_350' title='bbox 2819 1726 3048 1781; x_wconf 74' lang='lat' dir='ltr'><strong>revelata</strong></span> <span class='ocrx_word' id='word_1_351' title='bbox 3094 1738 3213 1792; x_wconf 84' lang='lat' dir='ltr'><strong>est,</strong></span> <span class='ocrx_word' id='word_1_352' title='bbox 3247 1739 3295 1783; x_wconf 88' lang='lat' dir='ltr'><strong>et</strong></span> <span class='ocrx_word' id='word_1_353' title='bbox 3330 1732 3559 1783; x_wconf 76' lang='lat' dir='ltr'><strong>astutias</strong></span> 
     </span>
    </p>
   </div>
   <div class='ocr_carea' id='block_1_49' title="bbox 1975 1816 3559 1888">
    <p class='ocr_par' dir='ltr' id='par_1_49' title="bbox 1975 1816 3559 1888">
     <span class='ocr_line' id='line_1_49' title="bbox 1975 1816 3559 1888; baseline 0.003 -19"><span class='ocrx_word' id='word_1_354' title='bbox 1975 1817 2088 1885; x_wconf 88' lang='lat' dir='ltr'><strong>ejus</strong></span> <span class='ocrx_word' id='word_1_355' title='bbox 2123 1817 2239 1886; x_wconf 80' lang='lat' dir='ltr'><strong>quis</strong></span> <span class='ocrx_word' id='word_1_356' title='bbox 2266 1817 2448 1870; x_wconf 85' lang='lat' dir='ltr'><strong>novit?</strong></span> <span class='ocrx_word' id='word_1_357' title='bbox 2481 1816 2629 1871; x_wconf 78' lang='lat' dir='ltr'><strong>Unus</strong></span> <span class='ocrx_word' id='word_1_358' title='bbox 2662 1827 2736 1869; x_wconf 88' lang='lat' dir='ltr'><strong>est</strong></span> <span class='ocrx_word' id='word_1_359' title='bbox 2771 1819 3005 1885; x_wconf 78' lang='lat' dir='ltr'><strong>sapiens,</strong></span> <span class='ocrx_word' id='word_1_360' title='bbox 3038 1822 3344 1872; x_wconf 83' lang='lat' dir='ltr'><strong>metuendus</strong></span> <span class='ocrx_word' id='word_1_361' title='bbox 3378 1822 3559 1888; x_wconf 81' lang='lat' dir='ltr'><strong>nimis,</strong></span> 
     </span>
    </p>
   </div>
   <div class='ocr_carea' id='block_1_50' title="bbox 1976 1907 3560 1977">
    <p class='ocr_par' dir='ltr' id='par_1_50' title="bbox 1976 1907 3560 1977">
     <span class='ocr_line' id='line_1_50' title="bbox 1976 1907 3560 1977; baseline 0.001 -16"><span class='ocrx_word' id='word_1_362' title='bbox 1976 1907 2158 1963; x_wconf 80' lang='lat' dir='ltr'><strong>sedens</strong></span> <span class='ocrx_word' id='word_1_363' title='bbox 2206 1924 2365 1977; x_wconf 84' lang='lat' dir='ltr'><strong>super</strong></span> <span class='ocrx_word' id='word_1_364' title='bbox 2415 1908 2661 1961; x_wconf 82' lang='lat' dir='ltr'><strong>thronum</strong></span> <span class='ocrx_word' id='word_1_365' title='bbox 2705 1922 2895 1972; x_wconf 86' lang='lat' dir='ltr'><strong>suum;</strong></span> <span class='ocrx_word' id='word_1_366' title='bbox 2946 1909 3053 1977; x_wconf 85' lang='lat' dir='ltr'><strong>ipse</strong></span> <span class='ocrx_word' id='word_1_367' title='bbox 3093 1910 3451 1975; x_wconf 78' lang='lat' dir='ltr'><strong>rreaviteam,</strong></span> <span class='ocrx_word' id='word_1_368' title='bbox 3510 1921 3560 1963; x_wconf 91' lang='lat' dir='ltr'><strong>et</strong></span> 
     </span>
    </p>
   </div>
   <div class='ocr_carea' id='block_1_51' title="bbox 1973 1999 3558 2071">
    <p class='ocr_par' dir='ltr' id='par_1_51' title="bbox 1973 1999 3558 2071">
     <span class='ocr_line' id='line_1_51' title="bbox 1973 1999 3558 2071; baseline 0.003 -19"><span class='ocrx_word' id='word_1_369' title='bbox 1973 2000 2149 2070; x_wconf 67' lang='lat' dir='ltr'><strong>effudit</strong></span> <span class='ocrx_word' id='word_1_370' title='bbox 2179 1999 2328 2053; x_wconf 80' lang='lat' dir='ltr'><strong>illam</strong></span> <span class='ocrx_word' id='word_1_371' title='bbox 2358 2016 2514 2066; x_wconf 82' lang='lat' dir='ltr'><strong>super</strong></span> <span class='ocrx_word' id='word_1_372' title='bbox 2543 1999 2720 2053; x_wconf 88' lang='lat' dir='ltr'><strong>omnia</strong></span> <span class='ocrx_word' id='word_1_373' title='bbox 2748 2016 2906 2069; x_wconf 84' lang='lat' dir='ltr'><strong>opera</strong></span> <span class='ocrx_word' id='word_1_374' title='bbox 2940 2017 3040 2054; x_wconf 82' lang='lat' dir='ltr'><strong>sua</strong></span> <span class='ocrx_word' id='word_1_375' title='bbox 3066 2001 3133 2056; x_wconf 78' lang='lat'><strong>&quot;.</strong></span> <span class='ocrx_word' id='word_1_376' title='bbox 3166 2001 3222 2055; x_wconf 90' lang='lat' dir='ltr'><strong>Si</strong></span> <span class='ocrx_word' id='word_1_377' title='bbox 3261 2001 3558 2071; x_wconf 86' lang='lat' dir='ltr'><strong>potentiam</strong></span> 
     </span>
    </p>
   </div>
   <div class='ocr_carea' id='block_1_52' title="bbox 1974 2090 3561 2162">
    <p class='ocr_par' dir='ltr' id='par_1_52' title="bbox 1974 2090 3561 2162">
     <span class='ocr_line' id='line_1_52' title="bbox 1974 2090 3561 2162; baseline 0.001 -17"><span class='ocrx_word' id='word_1_378' title='bbox 1974 2105 2037 2145; x_wconf 85' lang='lat' dir='ltr'><strong>ac</strong></span> <span class='ocrx_word' id='word_1_379' title='bbox 2070 2090 2324 2144; x_wconf 78' lang='lat' dir='ltr'><strong>virtutem</strong></span> <span class='ocrx_word' id='word_1_380' title='bbox 2354 2105 2479 2145; x_wconf 82' lang='lat' dir='ltr'><strong>cum</strong></span> <span class='ocrx_word' id='word_1_381' title='bbox 2522 2090 2773 2155; x_wconf 84' lang='lat' dir='ltr'><strong>dicimus,</strong></span> <span class='ocrx_word' id='word_1_382' title='bbox 2823 2091 2925 2146; x_wconf 86' lang='lat' dir='ltr'><strong>hoc</strong></span> <span class='ocrx_word' id='word_1_383' title='bbox 2976 2092 3347 2162; x_wconf 79' lang='lat' dir='ltr'><strong>signiﬁcamus</strong></span> <span class='ocrx_word' id='word_1_384' title='bbox 3375 2132 3389 2156; x_wconf 94' lang='lat'><strong>,</strong></span> <span class='ocrx_word' id='word_1_385' title='bbox 3438 2108 3561 2147; x_wconf 82' lang='lat' dir='ltr'><strong>csse</strong></span> 
     </span>
    </p>
   </div>
   <div class='ocr_carea' id='block_1_53' title="bbox 1975 2181 3555 2251">
    <p class='ocr_par' dir='ltr' id='par_1_53' title="bbox 1975 2181 3555 2251">
     <span class='ocr_line' id='line_1_53' title="bbox 1975 2181 3555 2251; baseline 0.001 -15"><span class='ocrx_word' id='word_1_386' title='bbox 1975 2182 2232 2236; x_wconf 87' lang='lat' dir='ltr'><strong>nimirum</strong></span> <span class='ocrx_word' id='word_1_387' title='bbox 2282 2197 2471 2238; x_wconf 90' lang='lat' dir='ltr'><strong>eorum</strong></span> <span class='ocrx_word' id='word_1_388' title='bbox 2526 2196 2646 2251; x_wconf 65' lang='lat' dir='ltr'><strong>qum</strong></span> <span class='ocrx_word' id='word_1_389' title='bbox 2700 2181 2839 2236; x_wconf 79' lang='lat' dir='ltr'><strong>facta</strong></span> <span class='ocrx_word' id='word_1_390' title='bbox 2890 2197 3017 2238; x_wconf 92' lang='lat' dir='ltr'><strong>sunt</strong></span> <span class='ocrx_word' id='word_1_391' title='bbox 3070 2195 3555 2248; x_wconf 82' lang='lat' dir='ltr'><strong>conservatorem,</strong></span> 
     </span>
    </p>
   </div>
   <div class='ocr_carea' id='block_1_54' title="bbox 1975 2274 3557 2345">
    <p class='ocr_par' dir='ltr' id='par_1_54' title="bbox 1975 2274 3557 2345">
     <span class='ocr_line' id='line_1_54' title="bbox 1975 2274 3557 2345; baseline 0.003 -20"><span class='ocrx_word' id='word_1_392' title='bbox 1975 2274 2188 2344; x_wconf 81' lang='lat' dir='ltr'><strong>vimque</strong></span> <span class='ocrx_word' id='word_1_393' title='bbox 2225 2290 2331 2343; x_wconf 86' lang='lat' dir='ltr'><strong>qua</strong></span> <span class='ocrx_word' id='word_1_394' title='bbox 2377 2275 2493 2329; x_wconf 73' lang='lat' dir='ltr'><strong>haec</strong></span> <span class='ocrx_word' id='word_1_395' title='bbox 2543 2275 2931 2329; x_wconf 82' lang='lat' dir='ltr'><strong>contineantur</strong></span> <span class='ocrx_word' id='word_1_396' title='bbox 2975 2290 3039 2329; x_wconf 86' lang='lat' dir='ltr'><strong>ac</strong></span> <span class='ocrx_word' id='word_1_397' title='bbox 3086 2275 3375 2330; x_wconf 68' lang='lat' dir='ltr'><strong>incolumia</strong></span> <span class='ocrx_word' id='word_1_398' title='bbox 3422 2294 3557 2345; x_wconf 76' lang='lat' dir='ltr'><strong>per-</strong></span> 
     </span>
    </p>
   </div>
   <div class='ocr_carea' id='block_1_55' title="bbox 1970 2366 3556 2435">
    <p class='ocr_par' dir='ltr' id='par_1_55' title="bbox 1970 2366 3556 2435">
     <span class='ocr_line' id='line_1_55' title="bbox 1970 2366 3556 2435; baseline 0.001 -15"><span class='ocrx_word' id='word_1_399' title='bbox 1970 2375 2113 2420; x_wconf 76' lang='lat' dir='ltr'><strong>stent</strong></span> <span class='ocrx_word' id='word_1_400' title='bbox 2140 2406 2155 2431; x_wconf 94' lang='lat'><strong>,</strong></span> <span class='ocrx_word' id='word_1_401' title='bbox 2181 2366 2620 2421; x_wconf 79' lang='lat' dir='ltr'><strong>subministrare.</strong></span> <span class='ocrx_word' id='word_1_402' title='bbox 2662 2367 2741 2419; x_wconf 83' lang='lat' dir='ltr'><strong>Ac</strong></span> <span class='ocrx_word' id='word_1_403' title='bbox 2774 2382 2987 2435; x_wconf 85' lang='lat' dir='ltr'><strong>rursus,</strong></span> <span class='ocrx_word' id='word_1_404' title='bbox 3015 2380 3293 2425; x_wconf 64' lang='lat' dir='ltr'><strong>errorum</strong></span> <span class='ocrx_word' id='word_1_405' title='bbox 3331 2383 3556 2423; x_wconf 76' lang='lat' dir='ltr'><strong>conscr-</strong></span> 
     </span>
    </p>
   </div>
   <div class='ocr_carea' id='block_1_56' title="bbox 1973 2456 3551 2531">
    <p class='ocr_par' dir='ltr' id='par_1_56' title="bbox 1973 2456 3551 2531">
     <span class='ocr_line' id='line_1_56' title="bbox 1973 2456 3551 2531; baseline 0.006 -23"><span class='ocrx_word' id='word_1_406' title='bbox 1973 2461 2189 2514; x_wconf 83' lang='lat' dir='ltr'><strong>vatioue</strong></span> <span class='ocrx_word' id='word_1_407' title='bbox 2222 2456 2624 2521; x_wconf 63' lang='lat' dir='ltr'><strong>Providentiam</strong></span> <span class='ocrx_word' id='word_1_408' title='bbox 2660 2460 2837 2527; x_wconf 91' lang='lat' dir='ltr'><strong>ipsum</strong></span> <span class='ocrx_word' id='word_1_409' title='bbox 2863 2461 3223 2531; x_wconf 77' lang='lat' dir='ltr'><strong>appellamus.</strong></span> <span class='ocrx_word' id='word_1_410' title='bbox 3250 2461 3389 2516; x_wconf 86' lang='lat' dir='ltr'><strong>Deus</strong></span> <span class='ocrx_word' id='word_1_411' title='bbox 3413 2465 3551 2517; x_wconf 83' lang='lat' dir='ltr'><strong>enim</strong></span> 
     </span>
    </p>
   </div>
   <div class='ocr_carea' id='block_1_57' title="bbox 1972 2550 3555 2624">
    <p class='ocr_par' dir='ltr' id='par_1_57' title="bbox 1972 2550 3555 2624">
     <span class='ocr_line' id='line_1_57' title="bbox 1972 2550 3555 2624; baseline 0.004 -22"><span class='ocrx_word' id='word_1_412' title='bbox 1972 2566 2147 2604; x_wconf 87' lang='lat' dir='ltr'><strong>rerum</strong></span> <span class='ocrx_word' id='word_1_413' title='bbox 2178 2550 2409 2604; x_wconf 86' lang='lat' dir='ltr'><strong>omnium</strong></span> <span class='ocrx_word' id='word_1_414' title='bbox 2449 2567 2630 2604; x_wconf 84' lang='lat' dir='ltr'><strong>curam</strong></span> <span class='ocrx_word' id='word_1_415' title='bbox 2658 2553 2814 2621; x_wconf 85' lang='lat' dir='ltr'><strong>gerit,</strong></span> <span class='ocrx_word' id='word_1_416' title='bbox 2849 2560 2906 2606; x_wconf 93' lang='lat' dir='ltr'><strong>ut</strong></span> <span class='ocrx_word' id='word_1_417' title='bbox 2932 2553 3010 2607; x_wconf 88' lang='lat' dir='ltr'><strong>ait</strong></span> <span class='ocrx_word' id='word_1_418' title='bbox 3052 2569 3279 2624; x_wconf 78' lang='lat' dir='ltr'><strong>magnus</strong></span> <span class='ocrx_word' id='word_1_419' title='bbox 3310 2556 3555 2609; x_wconf 86' lang='lat' dir='ltr'><strong>Athana-</strong></span> 
     </span>
    </p>
   </div>
   <div class='ocr_carea' id='block_1_58' title="bbox 1971 2641 3548 2710">
    <p class='ocr_par' dir='ltr' id='par_1_58' title="bbox 1971 2641 3548 2710">
     <span class='ocr_line' id='line_1_58' title="bbox 1971 2641 3548 2710; baseline 0.002 -12"><span class='ocrx_word' id='word_1_420' title='bbox 1971 2645 2106 2708; x_wconf 83' lang='lat' dir='ltr'><strong>sius,</strong></span> <span class='ocrx_word' id='word_1_421' title='bbox 2131 2641 2269 2697; x_wconf 88' lang='lat' dir='ltr'><strong>libro</strong></span> <span class='ocrx_word' id='word_1_422' title='bbox 2300 2658 2357 2697; x_wconf 85' lang='grc' dir='ltr'><strong>ιιι</strong></span> <span class='ocrx_word' id='word_1_423' title='bbox 2385 2654 2568 2697; x_wconf 85' lang='lat' dir='ltr'><strong>contra</strong></span> <span class='ocrx_word' id='word_1_424' title='bbox 2599 2644 2851 2699; x_wconf 81' lang='lat' dir='ltr'><strong>Arianos.</strong></span> <span class='ocrx_word' id='word_1_425' title='bbox 2895 2642 3095 2699; x_wconf 87' lang='lat' dir='ltr'><strong>Lucem</strong></span> <span class='ocrx_word' id='word_1_426' title='bbox 3128 2660 3260 2702; x_wconf 83' lang='lat' dir='ltr'><strong>vero</strong></span> <span class='ocrx_word' id='word_1_427' title='bbox 3292 2647 3548 2710; x_wconf 82' lang='lat' dir='ltr'><strong>dicimus.</strong></span> 
     </span>
    </p>
   </div>
   <div class='ocr_carea' id='block_1_59' title="bbox 1973 2734 3554 2809">
    <p class='ocr_par' dir='ltr' id='par_1_59' title="bbox 1973 2734 3554 2809">
     <span class='ocr_line' id='line_1_59' title="bbox 1973 2734 3554 2809; baseline 0.003 -21"><span class='ocrx_word' id='word_1_428' title='bbox 1973 2745 2030 2789; x_wconf 90' lang='lat' dir='ltr'><strong>ut</strong></span> <span class='ocrx_word' id='word_1_429' title='bbox 2064 2744 2340 2790; x_wconf 85' lang='lat' dir='ltr'><strong>auctorem</strong></span> <span class='ocrx_word' id='word_1_430' title='bbox 2363 2734 2527 2801; x_wconf 89' lang='lat' dir='ltr'><strong>lucis,</strong></span> <span class='ocrx_word' id='word_1_431' title='bbox 2555 2746 2608 2790; x_wconf 90' lang='lat' dir='ltr'><strong>et</strong></span> <span class='ocrx_word' id='word_1_432' title='bbox 2638 2745 2698 2789; x_wconf 93' lang='lat' dir='ltr'><strong>ut</strong></span> <span class='ocrx_word' id='word_1_433' title='bbox 2731 2736 3060 2803; x_wconf 89' lang='lat' dir='ltr'><strong>animorum,</strong></span> <span class='ocrx_word' id='word_1_434' title='bbox 3095 2739 3304 2793; x_wconf 86' lang='lat' dir='ltr'><strong>ratione</strong></span> <span class='ocrx_word' id='word_1_435' title='bbox 3334 2738 3554 2809; x_wconf 81' lang='lat' dir='ltr'><strong>vitaque</strong></span> 
     </span>
    </p>
   </div>
   <div class='ocr_carea' id='block_1_60' title="bbox 1971 2828 3552 2902">
    <p class='ocr_par' dir='ltr' id='par_1_60' title="bbox 1971 2828 3552 2902">
     <span class='ocr_line' id='line_1_60' title="bbox 1971 2828 3552 2902; baseline 0.003 -20"><span class='ocrx_word' id='word_1_436' title='bbox 1971 2828 2259 2884; x_wconf 89' lang='lat' dir='ltr'><strong>nitentium</strong></span> <span class='ocrx_word' id='word_1_437' title='bbox 2282 2866 2298 2893; x_wconf 91' lang='lat'><strong>,</strong></span> <span class='ocrx_word' id='word_1_438' title='bbox 2339 2829 2707 2900; x_wconf 87' lang='lat' dir='ltr'><strong>splendorem.</strong></span> <span class='ocrx_word' id='word_1_439' title='bbox 2745 2829 2878 2884; x_wconf 84' lang='lat' dir='ltr'><strong>Nam</strong></span> <span class='ocrx_word' id='word_1_440' title='bbox 2910 2830 2956 2886; x_wconf 88' lang='lat' dir='ltr'><strong>si</strong></span> <span class='ocrx_word' id='word_1_441' title='bbox 2993 2830 3297 2901; x_wconf 79' lang='lat' dir='ltr'><strong>ignorantia</strong></span> <span class='ocrx_word' id='word_1_442' title='bbox 3328 2840 3383 2886; x_wconf 89' lang='lat' dir='ltr'><strong>et</strong></span> <span class='ocrx_word' id='word_1_443' title='bbox 3427 2847 3552 2902; x_wconf 87' lang='lat' dir='ltr'><strong>pec-</strong></span> 
     </span>
    </p>
   </div>
   <div class='ocr_carea' id='block_1_61' title="bbox 1971 2921 3663 2991">
    <p class='ocr_par' dir='ltr' id='par_1_61' title="bbox 1971 2921 3663 2991">
     <span class='ocr_line' id='line_1_61' title="bbox 1971 2921 3663 2991; baseline 0.001 -15"><span class='ocrx_word' id='word_1_444' title='bbox 1971 2931 2150 2976; x_wconf 87' lang='lat' dir='ltr'><strong>catum</strong></span> <span class='ocrx_word' id='word_1_445' title='bbox 2199 2921 2438 2978; x_wconf 77' lang='lat' dir='ltr'><strong>tenebrat:</strong></span> <span class='ocrx_word' id='word_1_446' title='bbox 2468 2922 2727 2975; x_wconf 89' lang='lat' dir='ltr'><strong>dicuntur</strong></span> <span class='ocrx_word' id='word_1_447' title='bbox 2747 2962 2762 2987; x_wconf 96' lang='lat'><strong>,</strong></span> <span class='ocrx_word' id='word_1_448' title='bbox 2797 2921 2955 2991; x_wconf 87' lang='lat' dir='ltr'><strong>plane</strong></span> <span class='ocrx_word' id='word_1_449' title='bbox 2984 2922 3042 2977; x_wconf 82' lang='lat' dir='ltr'><strong>iit</strong></span> <span class='ocrx_word' id='word_1_450' title='bbox 3072 2933 3129 2976; x_wconf 89' lang='lat' dir='ltr'><strong>ut</strong></span> <span class='ocrx_word' id='word_1_451' title='bbox 3157 2923 3386 2978; x_wconf 84' lang='lat' dir='ltr'><strong>scientia</strong></span> <span class='ocrx_word' id='word_1_452' title='bbox 3419 2925 3556 2979; x_wconf 80' lang='lat' dir='ltr'><strong>vita-</strong></span> <span class='ocrx_word' id='word_1_453' title='bbox 3656 2982 3663 2986; x_wconf 62' lang='grc'><strong>,</strong></span> 
     </span>
    </p>
   </div>
   <div class='ocr_carea' id='block_1_62' title="bbox 1971 3013 3558 3084">
    <p class='ocr_par' dir='ltr' id='par_1_62' title="bbox 1971 3013 3558 3084">
     <span class='ocr_line' id='line_1_62' title="bbox 1971 3013 3558 3084; baseline 0.004 -17"><span class='ocrx_word' id='word_1_454' title='bbox 1971 3028 2075 3084; x_wconf 91' lang='lat' dir='ltr'><strong>que</strong></span> <span class='ocrx_word' id='word_1_455' title='bbox 2125 3013 2398 3083; x_wconf 75' lang='lat' dir='ltr'><strong>religiosis</strong></span> <span class='ocrx_word' id='word_1_456' title='bbox 2449 3014 2693 3068; x_wconf 88' lang='lat' dir='ltr'><strong>moribus</strong></span> <span class='ocrx_word' id='word_1_457' title='bbox 2754 3015 3000 3070; x_wconf 87' lang='lat' dir='ltr'><strong>instituta</strong></span> <span class='ocrx_word' id='word_1_458' title='bbox 3025 3055 3040 3080; x_wconf 93' lang='lat'><strong>,</strong></span> <span class='ocrx_word' id='word_1_459' title='bbox 3077 3015 3165 3068; x_wconf 80' lang='lat' dir='ltr'><strong>lux</strong></span> <span class='ocrx_word' id='word_1_460' title='bbox 3210 3017 3299 3070; x_wconf 88' lang='lat' dir='ltr'><strong>sit.</strong></span> <span class='ocrx_word' id='word_1_461' title='bbox 3332 3014 3465 3072; x_wconf 76' lang='lat' dir='ltr'><strong>Nam</strong></span> <span class='ocrx_word' id='word_1_462' title='bbox 3502 3028 3558 3073; x_wconf 88' lang='lat' dir='ltr'><strong>et</strong></span> 
     </span>
    </p>
   </div>
   <div class='ocr_carea' id='block_1_63' title="bbox 297 3102 1871 3183">
    <p class='ocr_par' dir='ltr' id='par_1_63' title="bbox 297 3102 1866 3181">
     <span class='ocr_line' id='line_1_63' title="bbox 297 3102 1866 3181; baseline 0.006 -26"><span class='ocrx_word' id='word_1_463' title='bbox 297 3102 425 3166; x_wconf 79' lang='grc' dir='ltr'>ταῖς</span> <span class='ocrx_word' id='word_1_464' title='bbox 456 3103 676 3171; x_wconf 74' lang='grc' dir='ltr'>τρίϐοις</span> <span class='ocrx_word' id='word_1_465' title='bbox 692 3121 831 3173; x_wconf 86' lang='grc' dir='ltr'>μου.</span> <span class='ocrx_word' id='word_1_466' title='bbox 868 3106 999 3171; x_wconf 79' lang='grc' dir='ltr'>Καὶ,</span> <span class='ocrx_word' id='word_1_467' title='bbox 1034 3103 1163 3173; x_wconf 83' lang='grc' dir='ltr'>Φῶς</span> <span class='ocrx_word' id='word_1_468' title='bbox 1186 3106 1258 3162; x_wconf 83' lang='grc' dir='ltr'>τὰ</span> <span class='ocrx_word' id='word_1_469' title='bbox 1279 3108 1709 3181; x_wconf 61' lang='grc' dir='ltr'>προστάγματὰ</span> <span class='ocrx_word' id='word_1_470' title='bbox 1749 3128 1866 3166; x_wconf 85' lang='grc' dir='ltr'><strong>σου</strong></span> 
     </span>
    </p>
   </div>
   <div class='ocr_carea' id='block_1_64' title="bbox 1974 3102 3557 3183">
    <p class='ocr_par' dir='ltr' id='par_1_64' title="bbox 1974 3106 3557 3176">
     <span class='ocr_line' id='line_1_64' title="bbox 1974 3106 3557 3176; baseline 0 -15"><span class='ocrx_word' id='word_1_471' title='bbox 1974 3107 2184 3161; x_wconf 84' lang='lat' dir='ltr'><strong>divinus</strong></span> <span class='ocrx_word' id='word_1_472' title='bbox 2216 3106 2523 3176; x_wconf 80' lang='lat' dir='ltr'><strong>Dionysius,</strong></span> <span class='ocrx_word' id='word_1_473' title='bbox 2551 3121 2660 3175; x_wconf 91' lang='lat' dir='ltr'><strong>quo</strong></span> <span class='ocrx_word' id='word_1_474' title='bbox 2694 3106 2815 3161; x_wconf 90' lang='lat' dir='ltr'><strong>loco</strong></span> <span class='ocrx_word' id='word_1_475' title='bbox 2841 3107 3075 3160; x_wconf 80' lang='lat' dir='ltr'><strong>divinam</strong></span> <span class='ocrx_word' id='word_1_476' title='bbox 3112 3106 3247 3161; x_wconf 85' lang='lat' dir='ltr'><strong>lucis</strong></span> <span class='ocrx_word' id='word_1_477' title='bbox 3277 3122 3557 3176; x_wconf 78' lang='lat' dir='ltr'><strong>nuncupa-</strong></span> 
     </span>
    </p>
   </div>
   <div class='ocr_carea' id='block_1_65' title="bbox 297 3193 1865 3271">
    <p class='ocr_par' dir='ltr' id='par_1_65' title="bbox 297 3193 1865 3271">
     <span class='ocr_line' id='line_1_65' title="bbox 297 3193 1865 3271; baseline 0.006 -24"><span class='ocrx_word' id='word_1_478' title='bbox 297 3194 397 3247; x_wconf 69' lang='grc' dir='ltr'><strong>ἐπὶ</strong></span> <span class='ocrx_word' id='word_1_479' title='bbox 425 3193 535 3261; x_wconf 85' lang='grc' dir='ltr'>τῆς</span> <span class='ocrx_word' id='word_1_480' title='bbox 561 3194 691 3265; x_wconf 76' lang='grc' dir='ltr'>γῆς.</span> <span class='ocrx_word' id='word_1_481' title='bbox 721 3194 874 3266; x_wconf 80' lang='grc' dir='ltr'>Ζωὴν</span> <span class='ocrx_word' id='word_1_482' title='bbox 902 3194 958 3249; x_wconf 72' lang='grc' dir='ltr'><strong>δὲ</strong></span> <span class='ocrx_word' id='word_1_483' title='bbox 988 3196 1150 3251; x_wconf 84' lang='grc' dir='ltr'>πάλιν</span> <span class='ocrx_word' id='word_1_484' title='bbox 1173 3197 1405 3269; x_wconf 82' lang='grc' dir='ltr'>λέγομεν</span> <span class='ocrx_word' id='word_1_485' title='bbox 1430 3200 1569 3270; x_wconf 75' lang='grc'>(25),</span> <span class='ocrx_word' id='word_1_486' title='bbox 1603 3202 1682 3253; x_wconf 80' lang='grc' dir='ltr'>ὅτι</span> <span class='ocrx_word' id='word_1_487' title='bbox 1705 3201 1865 3271; x_wconf 79' lang='grc' dir='ltr'>φύσις</span> 
     </span>
    </p>
   </div>
   <div class='ocr_carea' id='block_1_66' title="bbox 298 3288 1868 3361">
    <p class='ocr_par' dir='ltr' id='par_1_66' title="bbox 298 3288 1868 3361">
     <span class='ocr_line' id='line_1_66' title="bbox 298 3288 1868 3361; baseline 0.005 -22"><span class='ocrx_word' id='word_1_488' title='bbox 298 3290 415 3342; x_wconf 57' lang='grc' dir='ltr'><strong>ἐστὶ⁵</strong></span> <span class='ocrx_word' id='word_1_489' title='bbox 450 3290 544 3343; x_wconf 75' lang='grc' dir='ltr'><strong>καὶ</strong></span> <span class='ocrx_word' id='word_1_490' title='bbox 602 3289 781 3359; x_wconf 74' lang='grc' dir='ltr'>πάσης</span> <span class='ocrx_word' id='word_1_491' title='bbox 820 3288 1039 3357; x_wconf 79' lang='grc' dir='ltr'>φύσεως</span> <span class='ocrx_word' id='word_1_492' title='bbox 1089 3290 1321 3360; x_wconf 80' lang='grc' dir='ltr'>λογικῆς</span> <span class='ocrx_word' id='word_1_493' title='bbox 1374 3292 1468 3347; x_wconf 81' lang='grc' dir='ltr'><strong>καὶ</strong></span> <span class='ocrx_word' id='word_1_494' title='bbox 1525 3292 1718 3361; x_wconf 82' lang='grc' dir='ltr'>ἀλόγου</span> <span class='ocrx_word' id='word_1_495' title='bbox 1776 3296 1868 3347; x_wconf 81' lang='grc' dir='ltr'><strong>σύ-</strong></span> 
     </span>
    </p>
   </div>
   <div class='ocr_carea' id='block_1_67' title="bbox 300 3372 1863 3456">
    <p class='ocr_par' dir='ltr' id='par_1_67' title="bbox 300 3372 1863 3456">
     <span class='ocr_line' id='line_1_67' title="bbox 300 3372 1863 3456; baseline 0.005 -24"><span class='ocrx_word' id='word_1_496' title='bbox 300 3396 508 3442; x_wconf 74' lang='grc' dir='ltr'>στατις.</span> <span class='ocrx_word' id='word_1_497' title='bbox 574 3379 671 3431; x_wconf 80' lang='grc' dir='ltr'>Ἐν</span> <span class='ocrx_word' id='word_1_498' title='bbox 716 3372 878 3445; x_wconf 76' lang='grc' dir='ltr'><strong>αῧτῷ</strong></span> <span class='ocrx_word' id='word_1_499' title='bbox 910 3379 1020 3450; x_wconf 69' lang='grc' dir='ltr'>γὰρ</span> <span class='ocrx_word' id='word_1_500' title='bbox 1050 3379 1235 3452; x_wconf 79' lang='grc' dir='ltr'>ζῶμεν</span> <span class='ocrx_word' id='word_1_501' title='bbox 1264 3382 1365 3437; x_wconf 78' lang='grc' dir='ltr'><strong>καὶ</strong></span> <span class='ocrx_word' id='word_1_502' title='bbox 1414 3386 1734 3456; x_wconf 79' lang='grc' dir='ltr'>κινούμεθα</span> <span class='ocrx_word' id='word_1_503' title='bbox 1768 3387 1863 3440; x_wconf 74' lang='grc' dir='ltr'><strong>καὶ</strong></span> 
     </span>
    </p>
   </div>
   <div class='ocr_carea' id='block_1_68' title="bbox 292 3475 1507 3547">
    <p class='ocr_par' dir='ltr' id='par_1_68' title="bbox 292 3475 1507 3547">
     <span class='ocr_line' id='line_1_68' title="bbox 292 3475 1507 3547; baseline 0.002 -18"><span class='ocrx_word' id='word_1_504' title='bbox 292 3475 502 3547; x_wconf 77' lang='grc' dir='ltr'>ἐσμέν.</span> <span class='ocrx_word' id='word_1_505' title='bbox 1503 3501 1507 3506; x_wconf 68' lang='grc'><strong>’</strong></span> 
     </span>
    </p>
   </div>
   <div class='ocr_carea' id='block_1_69' title="bbox 1971 3195 3555 3267">
    <p class='ocr_par' dir='ltr' id='par_1_69' title="bbox 1971 3195 3555 3267">
     <span class='ocr_line' id='line_1_69' title="bbox 1971 3195 3555 3267; baseline 0.001 -16"><span class='ocrx_word' id='word_1_506' title='bbox 1971 3197 2173 3253; x_wconf 89' lang='lat' dir='ltr'><strong>tionem</strong></span> <span class='ocrx_word' id='word_1_507' title='bbox 2214 3197 2459 3265; x_wconf 73' lang='lat' dir='ltr'><strong>ertponit,</strong></span> <span class='ocrx_word' id='word_1_508' title='bbox 2524 3195 2753 3262; x_wconf 87' lang='lat' dir='ltr'><strong>Bonum,</strong></span> <span class='ocrx_word' id='word_1_509' title='bbox 2810 3195 3018 3265; x_wconf 81' lang='lat' dir='ltr'><strong>inquit,</strong></span> <span class='ocrx_word' id='word_1_510' title='bbox 3065 3197 3202 3267; x_wconf 85' lang='lat' dir='ltr'><strong>quod</strong></span> <span class='ocrx_word' id='word_1_511' title='bbox 3255 3198 3399 3251; x_wconf 85' lang='lat' dir='ltr'><strong>omni</strong></span> <span class='ocrx_word' id='word_1_512' title='bbox 3444 3197 3555 3253; x_wconf 77' lang='lat' dir='ltr'><strong>luci</strong></span> 
     </span>
    </p>
   </div>
   <div class='ocr_carea' id='block_1_70' title="bbox 1972 3289 3556 3360">
    <p class='ocr_par' dir='ltr' id='par_1_70' title="bbox 1972 3289 3556 3360">
     <span class='ocr_line' id='line_1_70' title="bbox 1972 3289 3556 3360; baseline -0.001 -16"><span class='ocrx_word' id='word_1_513' title='bbox 1972 3290 2186 3352; x_wconf 81' lang='lat' dir='ltr'><strong>eminet,</strong></span> <span class='ocrx_word' id='word_1_514' title='bbox 2245 3289 2341 3342; x_wconf 78' lang='lat' dir='ltr'><strong>lux</strong></span> <span class='ocrx_word' id='word_1_515' title='bbox 2385 3300 2743 3358; x_wconf 81' lang='lat' dir='ltr'><strong>nuncupatur,</strong></span> <span class='ocrx_word' id='word_1_516' title='bbox 2795 3304 2855 3342; x_wconf 81' lang='lat' dir='ltr'><strong>eo</strong></span> <span class='ocrx_word' id='word_1_517' title='bbox 2902 3290 3040 3360; x_wconf 85' lang='lat' dir='ltr'><strong>quod</strong></span> <span class='ocrx_word' id='word_1_518' title='bbox 3088 3289 3444 3360; x_wconf 76' lang='lat' dir='ltr'><strong>ignominiam</strong></span> <span class='ocrx_word' id='word_1_519' title='bbox 3492 3306 3556 3343; x_wconf 88' lang='lat' dir='ltr'><strong>ac</strong></span> 
     </span>
    </p>
   </div>
   <div class='ocr_carea' id='block_1_71' title="bbox 1972 3380 3555 3453">
    <p class='ocr_par' dir='ltr' id='par_1_71' title="bbox 1972 3380 3555 3453">
     <span class='ocr_line' id='line_1_71' title="bbox 1972 3380 3555 3453; baseline -0.001 -16"><span class='ocrx_word' id='word_1_520' title='bbox 1972 3398 2201 3437; x_wconf 80' lang='lat' dir='ltr'><strong>errorem</strong></span> <span class='ocrx_word' id='word_1_521' title='bbox 2228 3380 2391 3449; x_wconf 76' lang='lat' dir='ltr'><strong>fuget,</strong></span> <span class='ocrx_word' id='word_1_522' title='bbox 2416 3382 2699 3451; x_wconf 82' lang='lat' dir='ltr'><strong>mentisque</strong></span> <span class='ocrx_word' id='word_1_523' title='bbox 2727 3381 2904 3436; x_wconf 84' lang='lat' dir='ltr'><strong>oculos</strong></span> <span class='ocrx_word' id='word_1_524' title='bbox 2934 3382 3152 3436; x_wconf 68' lang='lat' dir='ltr'><strong>scientia</strong></span> <span class='ocrx_word' id='word_1_525' title='bbox 3182 3383 3414 3451; x_wconf 79' lang='lat' dir='ltr'><strong>impleat.</strong></span> <span class='ocrx_word' id='word_1_526' title='bbox 3445 3380 3555 3453; x_wconf 85' lang='lat' dir='ltr'><strong>Ego</strong></span> 
     </span>
    </p>
   </div>
   <div class='ocr_carea' id='block_1_72' title="bbox 1973 3474 3557 3544">
    <p class='ocr_par' dir='ltr' id='par_1_72' title="bbox 1973 3474 3557 3544">
     <span class='ocr_line' id='line_1_72' title="bbox 1973 3474 3557 3544; baseline 0.001 -16"><span class='ocrx_word' id='word_1_527' title='bbox 1973 3476 2135 3539; x_wconf 87' lang='lat' dir='ltr'><strong>enim,</strong></span> <span class='ocrx_word' id='word_1_528' title='bbox 2175 3475 2370 3544; x_wconf 85' lang='lat' dir='ltr'><strong>inquit,</strong></span> <span class='ocrx_word' id='word_1_529' title='bbox 2401 3475 2493 3528; x_wconf 72' lang='lat' dir='ltr'><strong>lux</strong></span> <span class='ocrx_word' id='word_1_530' title='bbox 2530 3477 2639 3529; x_wconf 81' lang='lat' dir='ltr'><strong>veni</strong></span> <span class='ocrx_word' id='word_1_531' title='bbox 2684 3476 2756 3528; x_wconf 86' lang='lat' dir='ltr'><strong>in&#39;</strong></span> <span class='ocrx_word' id='word_1_532' title='bbox 2783 3474 3037 3529; x_wconf 80' lang='lat' dir='ltr'><strong>mundum</strong></span> <span class='ocrx_word' id='word_1_533' title='bbox 3073 3476 3158 3541; x_wconf 84' lang='lat'><strong>&quot;&#39;;</strong></span> <span class='ocrx_word' id='word_1_534' title='bbox 3189 3486 3237 3531; x_wconf 88' lang='lat' dir='ltr'><strong>el</strong></span> <span class='ocrx_word' id='word_1_535' title='bbox 3273 3493 3287 3529; x_wconf 87' lang='lat'><strong>:</strong></span> <span class='ocrx_word' id='word_1_536' title='bbox 3318 3474 3557 3531; x_wconf 86' lang='lat' dir='ltr'><strong>Lucerna</strong></span> 
     </span>
    </p>
   </div>
   <div class='ocr_carea' id='block_1_73' title="bbox 294 3566 3556 3639">
    <p class='ocr_par' dir='ltr' id='par_1_73' title="bbox 294 3566 3556 3639">
     <span class='ocr_line' id='line_1_73' title="bbox 294 3566 3556 3639; baseline -0.002 -13"><span class='ocrx_word' id='word_1_537' title='bbox 294 3570 509 3639; x_wconf 48' lang='lat' dir='ltr'><strong>pedibus</strong></span> <span class='ocrx_word' id='word_1_538' title='bbox 544 3571 671 3625; x_wconf 71' lang='lat' dir='ltr'><strong>meis</strong></span> <span class='ocrx_word' id='word_1_539' title='bbox 697 3569 783 3625; x_wconf 60' lang='lat' dir='ltr'><strong>lea,</strong></span> <span class='ocrx_word' id='word_1_540' title='bbox 815 3580 928 3637; x_wconf 52' lang='lat' dir='ltr'><strong>tua,</strong></span> <span class='ocrx_word' id='word_1_541' title='bbox 961 3578 1010 3625; x_wconf 87' lang='lat' dir='ltr'><strong>et</strong></span> <span class='ocrx_word' id='word_1_542' title='bbox 1042 3570 1215 3624; x_wconf 88' lang='lat' dir='ltr'><strong>lumen</strong></span> <span class='ocrx_word' id='word_1_543' title='bbox 1245 3570 1447 3625; x_wconf 79' lang='lat' dir='ltr'><strong>sentitis</strong></span> <span class='ocrx_word' id='word_1_544' title='bbox 1480 3573 1607 3623; x_wconf 88' lang='lat' dir='ltr'><strong>meis</strong></span> <span class='ocrx_word' id='word_1_545' title='bbox 1634 3569 1715 3636; x_wconf 78' lang='grc'><strong>²⁸;</strong></span> <span class='ocrx_word' id='word_1_546' title='bbox 1760 3576 1813 3623; x_wconf 79' lang='lat' dir='ltr'><strong>et</strong></span> <span class='ocrx_word' id='word_1_547' title='bbox 1847 3585 1860 3621; x_wconf 91' lang='lat'><strong>:</strong></span> <span class='ocrx_word' id='word_1_548' title='bbox 1906 3566 2023 3621; x_wconf 77' lang='lat' dir='ltr'><strong>Lua:</strong></span> <span class='ocrx_word' id='word_1_549' title='bbox 2056 3568 2306 3627; x_wconf 83' lang='lat' dir='ltr'><strong>mandata</strong></span> <span class='ocrx_word' id='word_1_550' title='bbox 2338 3578 2430 3622; x_wconf 86' lang='lat' dir='ltr'><strong>tua</strong></span> <span class='ocrx_word' id='word_1_551' title='bbox 2470 3583 2626 3636; x_wconf 84' lang='lat' dir='ltr'><strong>super</strong></span> <span class='ocrx_word' id='word_1_552' title='bbox 2654 3578 2850 3621; x_wconf 84' lang='lat' dir='ltr'><strong>terram</strong></span> <span class='ocrx_word' id='word_1_553' title='bbox 2883 3568 2951 3623; x_wconf 80' lang='lat'><strong>”.</strong></span> <span class='ocrx_word' id='word_1_554' title='bbox 3014 3569 3213 3623; x_wconf 74' lang='lat' dir='ltr'><strong>Deinde</strong></span> <span class='ocrx_word' id='word_1_555' title='bbox 3278 3583 3408 3624; x_wconf 79' lang='lat' dir='ltr'><strong>vero</strong></span> <span class='ocrx_word' id='word_1_556' title='bbox 3476 3569 3556 3622; x_wconf 75' lang='lat' dir='ltr'><strong>vi-</strong></span> 
     </span>
    </p>
   </div>
   <div class='ocr_carea' id='block_1_74' title="bbox 299 3662 3223 3740">
    <p class='ocr_par' dir='ltr' id='par_1_74' title="bbox 299 3662 3223 3740">
     <span class='ocr_line' id='line_1_74' title="bbox 299 3662 3223 3740; baseline 0 -21"><span class='ocrx_word' id='word_1_557' title='bbox 299 3677 405 3721; x_wconf 82' lang='lat' dir='ltr'><strong>tam</strong></span> <span class='ocrx_word' id='word_1_558' title='bbox 444 3668 688 3735; x_wconf 71' lang='lat' dir='ltr'><strong>(licinius,</strong></span> <span class='ocrx_word' id='word_1_559' title='bbox 724 3668 868 3740; x_wconf 89' lang='lat' dir='ltr'><strong>quod</strong></span> <span class='ocrx_word' id='word_1_560' title='bbox 904 3662 1120 3734; x_wconf 80' lang='lat' dir='ltr'><strong>natura,</strong></span> <span class='ocrx_word' id='word_1_561' title='bbox 1151 3669 1440 3736; x_wconf 88' lang='lat' dir='ltr'><strong>omnisque</strong></span> <span class='ocrx_word' id='word_1_562' title='bbox 1473 3680 1676 3722; x_wconf 68' lang='lat' dir='ltr'><strong>naturae</strong></span> <span class='ocrx_word' id='word_1_563' title='bbox 1711 3666 1910 3721; x_wconf 90' lang='lat' dir='ltr'><strong>utentis</strong></span> <span class='ocrx_word' id='word_1_564' title='bbox 1949 3665 2159 3720; x_wconf 81' lang='lat' dir='ltr'><strong>ratione</strong></span> <span class='ocrx_word' id='word_1_565' title='bbox 2190 3681 2253 3720; x_wconf 87' lang='lat' dir='ltr'><strong>ac</strong></span> <span class='ocrx_word' id='word_1_566' title='bbox 2332 3681 2451 3735; x_wconf 75' lang='lat' dir='ltr'><strong>quae</strong></span> <span class='ocrx_word' id='word_1_567' title='bbox 2503 3665 2623 3733; x_wconf 79' lang='lat' dir='ltr'><strong>eius</strong></span> <span class='ocrx_word' id='word_1_568' title='bbox 2683 3680 2880 3735; x_wconf 78' lang='lat' dir='ltr'><strong>expers</strong></span> <span class='ocrx_word' id='word_1_569' title='bbox 2958 3666 3223 3730; x_wconf 82' lang='lat' dir='ltr'><strong>exsistat,</strong></span> 
     </span>
    </p>
   </div>
   <div class='ocr_carea' id='block_1_75' title="bbox 3309 3666 3557 3735">
    <p class='ocr_par' dir='ltr' id='par_1_75' title="bbox 3309 3666 3557 3735">
     <span class='ocr_line' id='line_1_75' title="bbox 3309 3666 3557 3735; baseline 0.012 -17"><span class='ocrx_word' id='word_1_570' title='bbox 3309 3666 3457 3735; x_wconf 74' lang='lat' dir='ltr'><strong>vigor</strong></span> <span class='ocrx_word' id='word_1_571' title='bbox 3493 3683 3557 3721; x_wconf 88' lang='lat' dir='ltr'><strong>ac</strong></span> 
     </span>
    </p>
   </div>
   <div class='ocr_carea' id='block_1_76' title="bbox 299 3758 2260 3833">
    <p class='ocr_par' dir='ltr' id='par_1_76' title="bbox 299 3758 2260 3833">
     <span class='ocr_line' id='line_1_76' title="bbox 299 3758 2260 3833; baseline -0.002 -12"><span class='ocrx_word' id='word_1_572' title='bbox 299 3765 617 3821; x_wconf 86' lang='lat' dir='ltr'><strong>constitutio</strong></span> <span class='ocrx_word' id='word_1_573' title='bbox 662 3764 732 3819; x_wconf 87' lang='lat' dir='ltr'><strong>sit</strong></span> <span class='ocrx_word' id='word_1_574' title='bbox 764 3780 778 3817; x_wconf 89' lang='lat'><strong>:</strong></span> <span class='ocrx_word' id='word_1_575' title='bbox 813 3762 879 3818; x_wconf 87' lang='lat' dir='ltr'><strong>In</strong></span> <span class='ocrx_word' id='word_1_576' title='bbox 925 3763 1038 3833; x_wconf 87' lang='lat' dir='ltr'><strong>ipso</strong></span> <span class='ocrx_word' id='word_1_577' title='bbox 1084 3765 1229 3819; x_wconf 89' lang='lat' dir='ltr'><strong>cnim</strong></span> <span class='ocrx_word' id='word_1_578' title='bbox 1270 3763 1489 3818; x_wconf 81' lang='lat' dir='ltr'><strong>vivimus</strong></span> <span class='ocrx_word' id='word_1_579' title='bbox 1519 3774 1566 3817; x_wconf 85' lang='lat' dir='ltr'><strong>et</strong></span> <span class='ocrx_word' id='word_1_580' title='bbox 1600 3780 1866 3819; x_wconf 83' lang='lat' dir='ltr'><strong>movemur</strong></span> <span class='ocrx_word' id='word_1_581' title='bbox 1902 3773 1949 3817; x_wconf 86' lang='lat' dir='ltr'><strong>et</strong></span> <span class='ocrx_word' id='word_1_582' title='bbox 1982 3758 2163 3818; x_wconf 79' lang='lat' dir='ltr'><strong>sumus</strong></span> <span class='ocrx_word' id='word_1_583' title='bbox 2195 3763 2260 3817; x_wconf 69' lang='grc' dir='ltr'><strong>π.</strong></span> 
     </span>
    </p>
   </div>
   <div class='ocr_carea' id='block_1_77' title="bbox 375 3857 1864 3932">
    <p class='ocr_par' dir='ltr' id='par_1_77' title="bbox 375 3857 1864 3932">
     <span class='ocr_line' id='line_1_77' title="bbox 375 3857 1864 3932; baseline -0.002 -15"><span class='ocrx_word' id='word_1_584' title='bbox 375 3863 559 3918; x_wconf 84' lang='grc' dir='ltr'>Πάντα</span> <span class='ocrx_word' id='word_1_585' title='bbox 615 3857 709 3921; x_wconf 77' lang='grc' dir='ltr'>οὖν</span> <span class='ocrx_word' id='word_1_586' title='bbox 738 3862 812 3925; x_wconf 86' lang='grc' dir='ltr'>ὠς</span> <span class='ocrx_word' id='word_1_587' title='bbox 847 3863 1066 3917; x_wconf 83' lang='grc' dir='ltr'>πάντων</span> <span class='ocrx_word' id='word_1_588' title='bbox 1114 3861 1289 3925; x_wconf 77' lang='grc' dir='ltr'>αἴτιος</span> <span class='ocrx_word' id='word_1_589' title='bbox 1311 3861 1551 3929; x_wconf 80' lang='grc' dir='ltr'>λέγεται.</span> <span class='ocrx_word' id='word_1_590' title='bbox 1590 3861 1663 3914; x_wconf 80' lang='grc' dir='ltr'><strong>Οὐ</strong></span> <span class='ocrx_word' id='word_1_591' title='bbox 1699 3861 1864 3932; x_wconf 77' lang='grc' dir='ltr'><strong>μῆνὴ</strong></span> 
     </span>
    </p>
   </div>
   <div class='ocr_carea' id='block_1_78' title="bbox 295 3952 1869 4024">
    <p class='ocr_par' dir='ltr' id='par_1_78' title="bbox 295 3952 1869 4024">
     <span class='ocr_line' id='line_1_78' title="bbox 295 3952 1869 4024; baseline -0.002 -13"><span class='ocrx_word' id='word_1_592' title='bbox 295 3956 450 4011; x_wconf 71' lang='grc' dir='ltr'>οὐσία</span> <span class='ocrx_word' id='word_1_593' title='bbox 476 3953 643 4011; x_wconf 79' lang='grc' dir='ltr'>αὑτοῦ</span> <span class='ocrx_word' id='word_1_594' title='bbox 676 3953 765 4008; x_wconf 83' lang='grc' dir='ltr'>διὰ</span> <span class='ocrx_word' id='word_1_595' title='bbox 796 3954 1002 4009; x_wconf 81' lang='grc' dir='ltr'>τούτων</span> <span class='ocrx_word' id='word_1_596' title='bbox 1025 3954 1325 4010; x_wconf 84' lang='grc' dir='ltr'>δείκνυται.</span> <span class='ocrx_word' id='word_1_597' title='bbox 1357 3952 1514 4008; x_wconf 78' lang='grc' dir='ltr'>Οὕτω</span> <span class='ocrx_word' id='word_1_598' title='bbox 1531 3953 1638 4024; x_wconf 86' lang='grc' dir='ltr'>γάρ</span> <span class='ocrx_word' id='word_1_599' title='bbox 1657 3969 1819 4024; x_wconf 81' lang='grc' dir='ltr'>φησιν</span> <span class='ocrx_word' id='word_1_600' title='bbox 1841 3952 1869 4007; x_wconf 81' lang='grc' dir='ltr'>ὁ</span> 
     </span>
    </p>
   </div>
   <div class='ocr_carea' id='block_1_79' title="bbox 260 4043 1868 4119">
    <p class='ocr_par' dir='ltr' id='par_1_79' title="bbox 260 4043 1868 4119">
     <span class='ocr_line' id='line_1_79' title="bbox 260 4043 1868 4119; baseline -0.002 -14"><span class='ocrx_word' id='word_1_601' title='bbox 260 4074 265 4077; x_wconf 55' lang='grc' dir='ltr'><strong>λ</strong></span> <span class='ocrx_word' id='word_1_602' title='bbox 293 4049 654 4119; x_wconf 79' lang='grc' dir='ltr'>Δαμασκηνὸς</span> <span class='ocrx_word' id='word_1_603' title='bbox 686 4047 825 4119; x_wconf 67' lang='grc'>(24),</span> <span class='ocrx_word' id='word_1_604' title='bbox 846 4048 928 4101; x_wconf 83' lang='grc' dir='ltr'>ὅτι</span> <span class='ocrx_word' id='word_1_605' title='bbox 961 4046 1062 4111; x_wconf 81' lang='grc' dir='ltr'>Ὠς</span> <span class='ocrx_word' id='word_1_606' title='bbox 1084 4046 1277 4112; x_wconf 77' lang='grc' dir='ltr'>αἴτιος</span> <span class='ocrx_word' id='word_1_607' title='bbox 1307 4043 1514 4113; x_wconf 82' lang='grc' dir='ltr'>πάσης</span> <span class='ocrx_word' id='word_1_608' title='bbox 1535 4045 1751 4114; x_wconf 80' lang='grc' dir='ltr'>οὐσίας</span> <span class='ocrx_word' id='word_1_609' title='bbox 1768 4045 1868 4101; x_wconf 74' lang='grc' dir='ltr'><strong>καὶ</strong></span> 
     </span>
    </p>
   </div>
   <div class='ocr_carea' id='block_1_80' title="bbox 294 4136 1870 4211">
    <p class='ocr_par' dir='ltr' id='par_1_80' title="bbox 294 4136 1870 4211">
     <span class='ocr_line' id='line_1_80' title="bbox 294 4136 1870 4211; baseline -0.002 -16"><span class='ocrx_word' id='word_1_610' title='bbox 294 4142 538 4195; x_wconf 76' lang='grc' dir='ltr'>πάντων</span> <span class='ocrx_word' id='word_1_611' title='bbox 557 4138 910 4211; x_wconf 73' lang='grc' dir='ltr'>τῶνίὸντων,</span> <span class='ocrx_word' id='word_1_612' title='bbox 928 4137 1165 4209; x_wconf 73' lang='grc' dir='ltr'>λέγεται</span> <span class='ocrx_word' id='word_1_613' title='bbox 1180 4138 1279 4192; x_wconf 75' lang='grc' dir='ltr'><strong>καὶ</strong></span> <span class='ocrx_word' id='word_1_614' title='bbox 1303 4136 1387 4192; x_wconf 84' lang='grc' dir='ltr'>ὣν</span> <span class='ocrx_word' id='word_1_615' title='bbox 1408 4137 1507 4191; x_wconf 73' lang='grc' dir='ltr'><strong>καὶ</strong></span> <span class='ocrx_word' id='word_1_616' title='bbox 1532 4136 1732 4192; x_wconf 70' lang='grc' dir='ltr'>οὐσία.</span> <span class='ocrx_word' id='word_1_617' title='bbox 1756 4137 1870 4193; x_wconf 73' lang='grc' dir='ltr'><strong>Καὶ</strong></span> 
     </span>
    </p>
   </div>
   <div class='ocr_carea' id='block_1_81' title="bbox 293 4218 1867 4302">
    <p class='ocr_par' dir='ltr' id='par_1_81' title="bbox 293 4218 1867 4302">
     <span class='ocr_line' id='line_1_81' title="bbox 293 4218 1867 4302; baseline -0.002 -13"><span class='ocrx_word' id='word_1_618' title='bbox 293 4236 368 4299; x_wconf 76' lang='grc' dir='ltr'>ὡς</span> <span class='ocrx_word' id='word_1_619' title='bbox 393 4235 565 4296; x_wconf 73' lang='grc' dir='ltr'>αἴτιος</span> <span class='ocrx_word' id='word_1_620' title='bbox 597 4233 756 4302; x_wconf 87' lang='grc' dir='ltr'>λόγου</span> <span class='ocrx_word' id='word_1_621' title='bbox 807 4218 1011 4298; x_wconf 61' lang='grc' dir='ltr'>παντδς</span> <span class='ocrx_word' id='word_1_622' title='bbox 1090 4234 1188 4287; x_wconf 82' lang='grc' dir='ltr'><strong>καὶ</strong></span> <span class='ocrx_word' id='word_1_623' title='bbox 1246 4231 1459 4301; x_wconf 82' lang='grc' dir='ltr'>σοφίας,</span> <span class='ocrx_word' id='word_1_624' title='bbox 1530 4231 1755 4301; x_wconf 81' lang='grc' dir='ltr'>λογικοῦ</span> <span class='ocrx_word' id='word_1_625' title='bbox 1806 4250 1867 4286; x_wconf 85' lang='grc' dir='ltr'>τε</span> 
     </span>
    </p>
   </div>
   <div class='ocr_carea' id='block_1_82' title="bbox 295 4315 1866 4397">
    <p class='ocr_par' dir='ltr' id='par_1_82' title="bbox 295 4315 1866 4397">
     <span class='ocr_line' id='line_1_82' title="bbox 295 4315 1866 4397; baseline -0.002 -15"><span class='ocrx_word' id='word_1_626' title='bbox 295 4331 392 4382; x_wconf 83' lang='grc' dir='ltr'><strong>καὶ</strong></span> <span class='ocrx_word' id='word_1_627' title='bbox 419 4326 604 4397; x_wconf 84' lang='grc' dir='ltr'>σοφοῦ,</span> <span class='ocrx_word' id='word_1_628' title='bbox 638 4327 857 4396; x_wconf 84' lang='grc' dir='ltr'>λέγεται</span> <span class='ocrx_word' id='word_1_629' title='bbox 911 4326 1070 4397; x_wconf 84' lang='grc' dir='ltr'>λόγος</span> <span class='ocrx_word' id='word_1_630' title='bbox 1102 4328 1195 4380; x_wconf 75' lang='grc' dir='ltr'><strong>καὶ</strong></span> <span class='ocrx_word' id='word_1_631' title='bbox 1255 4326 1499 4394; x_wconf 74' lang='grc' dir='ltr'>λογικὸς,</span> <span class='ocrx_word' id='word_1_632' title='bbox 1557 4315 1721 4396; x_wconf 80' lang='grc' dir='ltr'>σοφία</span> <span class='ocrx_word' id='word_1_633' title='bbox 1770 4326 1866 4379; x_wconf 79' lang='grc' dir='ltr'><strong>καὶ</strong></span> 
     </span>
    </p>
   </div>
   <div class='ocr_carea' id='block_1_83' title="bbox 294 4418 1863 4492">
    <p class='ocr_par' dir='ltr' id='par_1_83' title="bbox 294 4418 1863 4492">
     <span class='ocr_line' id='line_1_83' title="bbox 294 4418 1863 4492; baseline -0.002 -17"><span class='ocrx_word' id='word_1_634' title='bbox 294 4421 482 4491; x_wconf 73' lang='grc' dir='ltr'>σοφὸς,</span> <span class='ocrx_word' id='word_1_635' title='bbox 517 4420 840 4491; x_wconf 54' lang='grc' dir='ltr'>ὁμοίωςδιαὶ</span> <span class='ocrx_word' id='word_1_636' title='bbox 864 4421 989 4484; x_wconf 91' lang='grc' dir='ltr'>νοῦς</span> <span class='ocrx_word' id='word_1_637' title='bbox 1042 4422 1137 4474; x_wconf 76' lang='grc' dir='ltr'><strong>καὶ</strong></span> <span class='ocrx_word' id='word_1_638' title='bbox 1175 4419 1383 4491; x_wconf 82' lang='grc' dir='ltr'>νοερδς,</span> <span class='ocrx_word' id='word_1_639' title='bbox 1426 4418 1540 4492; x_wconf 77' lang='grc' dir='ltr'><strong>ζωὴ</strong></span> <span class='ocrx_word' id='word_1_640' title='bbox 1587 4421 1683 4473; x_wconf 83' lang='grc' dir='ltr'><strong>καὶ</strong></span> <span class='ocrx_word' id='word_1_641' title='bbox 1733 4418 1863 4485; x_wconf 78' lang='grc' dir='ltr'>ζῶν,</span> 
     </span>
    </p>
   </div>
   <div class='ocr_carea' id='block_1_84' title="bbox 291 4512 1864 4583">
    <p class='ocr_par' dir='ltr' id='par_1_84' title="bbox 291 4512 1864 4583">
     <span class='ocr_line' id='line_1_84' title="bbox 291 4512 1864 4583; baseline -0.002 -15"><span class='ocrx_word' id='word_1_642' title='bbox 291 4515 522 4583; x_wconf 72' lang='grc' dir='ltr'>δύναμις</span> <span class='ocrx_word' id='word_1_643' title='bbox 551 4516 644 4567; x_wconf 77' lang='grc' dir='ltr'><strong>καὶ</strong></span> <span class='ocrx_word' id='word_1_644' title='bbox 676 4514 930 4576; x_wconf 73' lang='grc' dir='ltr'>δυνατόςο</span> <span class='ocrx_word' id='word_1_645' title='bbox 957 4513 1053 4569; x_wconf 72' lang='grc' dir='ltr'><strong>καὶ</strong></span> <span class='ocrx_word' id='word_1_646' title='bbox 1079 4514 1173 4568; x_wconf 67' lang='grc' dir='ltr'>ἐπὶ</span> <span class='ocrx_word' id='word_1_647' title='bbox 1226 4515 1446 4569; x_wconf 77' lang='grc' dir='ltr'>πάντων</span> <span class='ocrx_word' id='word_1_648' title='bbox 1499 4512 1609 4567; x_wconf 87' lang='grc' dir='ltr'><strong>τῶν</strong></span> <span class='ocrx_word' id='word_1_649' title='bbox 1655 4512 1864 4566; x_wconf 83' lang='grc' dir='ltr'>λοιπῶν</span> 
     </span>
    </p>
   </div>
   <div class='ocr_carea' id='block_1_85' title="bbox 2048 3855 3554 3926">
    <p class='ocr_par' dir='ltr' id='par_1_85' title="bbox 2048 3855 3554 3926">
     <span class='ocr_line' id='line_1_85' title="bbox 2048 3855 3554 3926; baseline -0.002 -10"><span class='ocrx_word' id='word_1_650' title='bbox 2048 3858 2241 3916; x_wconf 88' lang='lat' dir='ltr'><strong>Omnia</strong></span> <span class='ocrx_word' id='word_1_651' title='bbox 2274 3859 2456 3926; x_wconf 84' lang='lat' dir='ltr'><strong>itaque</strong></span> <span class='ocrx_word' id='word_1_652' title='bbox 2490 3866 2734 3920; x_wconf 76' lang='lat' dir='ltr'><strong>vocatur,</strong></span> <span class='ocrx_word' id='word_1_653' title='bbox 2771 3855 2917 3911; x_wconf 70' lang='lat' dir='ltr'><strong>velut</strong></span> <span class='ocrx_word' id='word_1_654' title='bbox 2941 3856 3181 3910; x_wconf 88' lang='lat' dir='ltr'><strong>omnium</strong></span> <span class='ocrx_word' id='word_1_655' title='bbox 3215 3866 3422 3924; x_wconf 83' lang='lat' dir='ltr'><strong>auctor;</strong></span> <span class='ocrx_word' id='word_1_656' title='bbox 3455 3873 3554 3913; x_wconf 82' lang='lat' dir='ltr'><strong>nec</strong></span> 
     </span>
    </p>
   </div>
   <div class='ocr_carea' id='block_1_86' title="bbox 1976 3948 3556 4020">
    <p class='ocr_par' dir='ltr' id='par_1_86' title="bbox 1976 3948 3556 4020">
     <span class='ocr_line' id='line_1_86' title="bbox 1976 3948 3556 4020; baseline -0.002 -13"><span class='ocrx_word' id='word_1_657' title='bbox 1976 3953 2062 4011; x_wconf 74' lang='lat' dir='ltr'><strong>liis</strong></span> <span class='ocrx_word' id='word_1_658' title='bbox 2117 3962 2298 4007; x_wconf 85' lang='lat' dir='ltr'><strong>tamen</strong></span> <span class='ocrx_word' id='word_1_659' title='bbox 2352 3950 2469 4020; x_wconf 85' lang='lat' dir='ltr'><strong>ejus</strong></span> <span class='ocrx_word' id='word_1_660' title='bbox 2516 3948 2755 4004; x_wconf 86' lang='lat' dir='ltr'><strong>essentia</strong></span> <span class='ocrx_word' id='word_1_661' title='bbox 2806 3948 2955 4018; x_wconf 61' lang='lat' dir='ltr'><strong>quid!</strong></span> <span class='ocrx_word' id='word_1_662' title='bbox 2983 3948 3055 4002; x_wconf 89' lang='lat' dir='ltr'><strong>sit</strong></span> <span class='ocrx_word' id='word_1_663' title='bbox 3087 3948 3416 4004; x_wconf 84' lang='lat' dir='ltr'><strong>ostenditur.</strong></span> <span class='ocrx_word' id='word_1_664' title='bbox 3464 3950 3556 4004; x_wconf 82' lang='lat' dir='ltr'><strong>Sic</strong></span> 
     </span>
    </p>
   </div>
   <div class='ocr_carea' id='block_1_87' title="bbox 1975 4042 3555 4107">
    <p class='ocr_par' dir='ltr' id='par_1_87' title="bbox 1975 4042 3555 4107">
     <span class='ocr_line' id='line_1_87' title="bbox 1975 4042 3555 4107; baseline -0.002 -4"><span class='ocrx_word' id='word_1_665' title='bbox 1975 4048 2119 4103; x_wconf 88' lang='lat' dir='ltr'><strong>enim</strong></span> <span class='ocrx_word' id='word_1_666' title='bbox 2159 4047 2238 4103; x_wconf 89' lang='lat' dir='ltr'><strong>ait</strong></span> <span class='ocrx_word' id='word_1_667' title='bbox 2286 4045 2679 4107; x_wconf 85' lang='lat' dir='ltr'><strong>Damascenus,</strong></span> <span class='ocrx_word' id='word_1_668' title='bbox 2731 4042 2798 4098; x_wconf 87' lang='lat' dir='ltr'><strong>Ut</strong></span> <span class='ocrx_word' id='word_1_669' title='bbox 2859 4053 3049 4097; x_wconf 86' lang='lat' dir='ltr'><strong>auctor</strong></span> <span class='ocrx_word' id='word_1_670' title='bbox 3097 4045 3268 4099; x_wconf 83' lang='lat' dir='ltr'><strong>omnis</strong></span> <span class='ocrx_word' id='word_1_671' title='bbox 3315 4048 3555 4100; x_wconf 80' lang='lat' dir='ltr'><strong>essentia:</strong></span> 
     </span>
    </p>
   </div>
   <div class='ocr_carea' id='block_1_88' title="bbox 1975 4138 3553 4212">
    <p class='ocr_par' dir='ltr' id='par_1_88' title="bbox 1975 4138 3553 4212">
     <span class='ocr_line' id='line_1_88' title="bbox 1975 4138 3553 4212; baseline -0.006 -15"><span class='ocrx_word' id='word_1_672' title='bbox 1975 4154 2132 4212; x_wconf 78' lang='lat' dir='ltr'><strong>atque</strong></span> <span class='ocrx_word' id='word_1_673' title='bbox 2178 4140 2411 4194; x_wconf 90' lang='lat' dir='ltr'><strong>omnium</strong></span> <span class='ocrx_word' id='word_1_674' title='bbox 2444 4154 2563 4210; x_wconf 80' lang='lat' dir='ltr'><strong>qute</strong></span> <span class='ocrx_word' id='word_1_675' title='bbox 2592 4146 2736 4203; x_wconf 88' lang='lat' dir='ltr'><strong>sunt,</strong></span> <span class='ocrx_word' id='word_1_676' title='bbox 2764 4147 2876 4191; x_wconf 87' lang='lat' dir='ltr'><strong>tum</strong></span> <span class='ocrx_word' id='word_1_677' title='bbox 2914 4138 3003 4207; x_wconf 87' lang='lat' dir='ltr'><strong>qui</strong></span> <span class='ocrx_word' id='word_1_678' title='bbox 3045 4146 3123 4190; x_wconf 88' lang='lat' dir='ltr'><strong>est</strong></span> <span class='ocrx_word' id='word_1_679' title='bbox 3173 4153 3262 4191; x_wconf 89' lang='lat' dir='ltr'><strong>seu</strong></span> <span class='ocrx_word' id='word_1_680' title='bbox 3289 4152 3401 4200; x_wconf 85' lang='lat' dir='ltr'><strong>ens,</strong></span> <span class='ocrx_word' id='word_1_681' title='bbox 3443 4146 3553 4190; x_wconf 86' lang='lat' dir='ltr'><strong>tum</strong></span> 
     </span>
    </p>
   </div>
   <div class='ocr_carea' id='block_1_89' title="bbox 1974 4229 3557 4301">
    <p class='ocr_par' dir='ltr' id='par_1_89' title="bbox 1974 4229 3557 4301">
     <span class='ocr_line' id='line_1_89' title="bbox 1974 4229 3557 4301; baseline -0.004 -13"><span class='ocrx_word' id='word_1_682' title='bbox 1974 4233 2203 4289; x_wconf 87' lang='lat' dir='ltr'><strong>essentia</strong></span> <span class='ocrx_word' id='word_1_683' title='bbox 2235 4232 2454 4287; x_wconf 81' lang='lat' dir='ltr'><strong>dicitur.</strong></span> <span class='ocrx_word' id='word_1_684' title='bbox 2490 4231 2665 4301; x_wconf 88' lang='lat' dir='ltr'><strong>thue</strong></span> <span class='ocrx_word' id='word_1_685' title='bbox 2693 4241 2881 4287; x_wconf 88' lang='lat' dir='ltr'><strong>auctor</strong></span> <span class='ocrx_word' id='word_1_686' title='bbox 2906 4230 3083 4285; x_wconf 88' lang='lat' dir='ltr'><strong>omnis</strong></span> <span class='ocrx_word' id='word_1_687' title='bbox 3111 4229 3340 4283; x_wconf 83' lang='lat' dir='ltr'><strong>rationis</strong></span> <span class='ocrx_word' id='word_1_688' title='bbox 3374 4245 3436 4283; x_wconf 84' lang='lat' dir='ltr'><strong>ac</strong></span> <span class='ocrx_word' id='word_1_689' title='bbox 3469 4245 3557 4282; x_wconf 80' lang='lat' dir='ltr'><strong>sa-</strong></span> 
     </span>
    </p>
   </div>
   <div class='ocr_carea' id='block_1_90' title="bbox 1975 4321 3557 4396">
    <p class='ocr_par' dir='ltr' id='par_1_90' title="bbox 1975 4321 3557 4396">
     <span class='ocr_line' id='line_1_90' title="bbox 1975 4321 3557 4396; baseline -0.007 -14"><span class='ocrx_word' id='word_1_690' title='bbox 1975 4327 2213 4396; x_wconf 67' lang='lat' dir='ltr'><strong>pientiae,</strong></span> <span class='ocrx_word' id='word_1_691' title='bbox 2244 4324 2561 4395; x_wconf 58' lang='lat' dir='ltr'><strong>praeditiun</strong></span> <span class='ocrx_word' id='word_1_692' title='bbox 2592 4327 2803 4379; x_wconf 84' lang='lat' dir='ltr'><strong>ratione</strong></span> <span class='ocrx_word' id='word_1_693' title='bbox 2837 4338 2900 4377; x_wconf 91' lang='lat' dir='ltr'><strong>ac</strong></span> <span class='ocrx_word' id='word_1_694' title='bbox 2931 4322 3214 4391; x_wconf 81' lang='lat' dir='ltr'><strong>sapientis,</strong></span> <span class='ocrx_word' id='word_1_695' title='bbox 3244 4321 3384 4376; x_wconf 85' lang='lat' dir='ltr'><strong>ratio</strong></span> <span class='ocrx_word' id='word_1_696' title='bbox 3419 4321 3557 4373; x_wconf 81' lang='lat' dir='ltr'><strong>dici-</strong></span> 
     </span>
    </p>
   </div>
   <div class='ocr_carea' id='block_1_91' title="bbox 1975 4411 3558 4487">
    <p class='ocr_par' dir='ltr' id='par_1_91' title="bbox 1975 4411 3558 4487">
     <span class='ocr_line' id='line_1_91' title="bbox 1975 4411 3558 4487; baseline -0.004 -15"><span class='ocrx_word' id='word_1_697' title='bbox 1975 4427 2064 4472; x_wconf 85' lang='lat' dir='ltr'><strong>tur</strong></span> <span class='ocrx_word' id='word_1_698' title='bbox 2093 4429 2361 4487; x_wconf 89' lang='lat' dir='ltr'><strong>utensque</strong></span> <span class='ocrx_word' id='word_1_699' title='bbox 2393 4416 2622 4481; x_wconf 88' lang='lat' dir='ltr'><strong>ratione,</strong></span> <span class='ocrx_word' id='word_1_700' title='bbox 2652 4416 3027 4485; x_wconf 86' lang='lat' dir='ltr'><strong>sapientiaque</strong></span> <span class='ocrx_word' id='word_1_701' title='bbox 3052 4423 3106 4468; x_wconf 90' lang='lat' dir='ltr'><strong>et</strong></span> <span class='ocrx_word' id='word_1_702' title='bbox 3131 4414 3371 4484; x_wconf 82' lang='lat' dir='ltr'><strong>sapiens,</strong></span> <span class='ocrx_word' id='word_1_703' title='bbox 3401 4411 3558 4467; x_wconf 56' lang='lat' dir='ltr'><strong>simio</strong></span> 
     </span>
    </p>
   </div>
   <div class='ocr_carea' id='block_1_92' title="bbox 1972 4504 3559 4575">
    <p class='ocr_par' dir='ltr' id='par_1_92' title="bbox 1972 4504 3559 4575">
     <span class='ocr_line' id='line_1_92' title="bbox 1972 4504 3559 4575; baseline -0.006 -10"><span class='ocrx_word' id='word_1_704' title='bbox 1972 4509 2097 4566; x_wconf 87' lang='lat' dir='ltr'><strong>liter</strong></span> <span class='ocrx_word' id='word_1_705' title='bbox 2153 4510 2318 4565; x_wconf 91' lang='lat' dir='ltr'><strong>etiam</strong></span> <span class='ocrx_word' id='word_1_706' title='bbox 2352 4525 2505 4564; x_wconf 91' lang='lat' dir='ltr'><strong>mens</strong></span> <span class='ocrx_word' id='word_1_707' title='bbox 2533 4524 2597 4563; x_wconf 88' lang='lat' dir='ltr'><strong>ac</strong></span> <span class='ocrx_word' id='word_1_708' title='bbox 2627 4518 2806 4563; x_wconf 89' lang='lat' dir='ltr'><strong>mente</strong></span> <span class='ocrx_word' id='word_1_709' title='bbox 2837 4507 3146 4575; x_wconf 76' lang='lat' dir='ltr'><strong>intelligens</strong></span> <span class='ocrx_word' id='word_1_710' title='bbox 3171 4545 3187 4568; x_wconf 95' lang='lat'><strong>,</strong></span> <span class='ocrx_word' id='word_1_711' title='bbox 3220 4504 3326 4560; x_wconf 86' lang='lat' dir='ltr'><strong>vita</strong></span> <span class='ocrx_word' id='word_1_712' title='bbox 3371 4519 3434 4558; x_wconf 85' lang='lat' dir='ltr'><strong>ac</strong></span> <span class='ocrx_word' id='word_1_713' title='bbox 3476 4505 3559 4556; x_wconf 81' lang='lat' dir='ltr'><strong>vi-</strong></span> 
     </span>
    </p>
   </div>
   <div class='ocr_carea' id='block_1_93' title="bbox 293 4596 1871 4676">
    <p class='ocr_par' dir='ltr' id='par_1_93' title="bbox 293 4602 1864 4676">
     <span class='ocr_line' id='line_1_93' title="bbox 293 4602 1864 4676; baseline 0 -19"><span class='ocrx_word' id='word_1_714' title='bbox 293 4603 514 4676; x_wconf 77' lang='lat' dir='ltr'><strong>6p.oim;.</strong></span> <span class='ocrx_word' id='word_1_715' title='bbox 541 4605 605 4658; x_wconf 82' lang='lat' dir='ltr'><strong>El</strong></span> <span class='ocrx_word' id='word_1_716' title='bbox 629 4604 808 4660; x_wconf 85' lang='grc' dir='ltr'>τοίνυν</span> <span class='ocrx_word' id='word_1_717' title='bbox 839 4604 948 4658; x_wconf 71' lang='grc' dir='ltr'>ἀπὺ</span> <span class='ocrx_word' id='word_1_718' title='bbox 979 4606 1089 4659; x_wconf 87' lang='grc' dir='ltr'><strong>τῶν</strong></span> <span class='ocrx_word' id='word_1_719' title='bbox 1143 4602 1536 4673; x_wconf 84' lang='grc' dir='ltr'>καταφατικῶν</span> <span class='ocrx_word' id='word_1_720' title='bbox 1579 4604 1864 4673; x_wconf 64' lang='grc' dir='ltr'>ὀνομάτων</span> 
     </span>
    </p>
   </div>
   <div class='ocr_carea' id='block_1_94' title="bbox 1974 4596 3556 4676">
    <p class='ocr_par' dir='ltr' id='par_1_94' title="bbox 1974 4596 3556 4673">
     <span class='ocr_line' id='line_1_94' title="bbox 1974 4596 3556 4673; baseline -0.004 -17"><span class='ocrx_word' id='word_1_721' title='bbox 1974 4618 2123 4671; x_wconf 84' lang='lat' dir='ltr'><strong>vens,</strong></span> <span class='ocrx_word' id='word_1_722' title='bbox 2176 4604 2413 4673; x_wconf 87' lang='lat' dir='ltr'><strong>potentia</strong></span> <span class='ocrx_word' id='word_1_723' title='bbox 2447 4610 2503 4658; x_wconf 87' lang='lat' dir='ltr'><strong>et</strong></span> <span class='ocrx_word' id='word_1_724' title='bbox 2548 4610 2774 4670; x_wconf 87' lang='lat' dir='ltr'><strong>potens;</strong></span> <span class='ocrx_word' id='word_1_725' title='bbox 2832 4615 2932 4655; x_wconf 89' lang='lat' dir='ltr'><strong>nec</strong></span> <span class='ocrx_word' id='word_1_726' title='bbox 2979 4598 3137 4653; x_wconf 83' lang='lat' dir='ltr'><strong>aliter</strong></span> <span class='ocrx_word' id='word_1_727' title='bbox 3184 4597 3252 4653; x_wconf 85' lang='lat' dir='ltr'><strong>de</strong></span> <span class='ocrx_word' id='word_1_728' title='bbox 3304 4596 3556 4652; x_wconf 80' lang='lat' dir='ltr'><strong>Omnibus</strong></span> 
     </span>
    </p>
   </div>
   <div class='ocr_carea' id='block_1_95' title="bbox 295 4697 1867 4769">
    <p class='ocr_par' dir='ltr' id='par_1_95' title="bbox 295 4697 1867 4769">
     <span class='ocr_line' id='line_1_95' title="bbox 295 4697 1867 4769; baseline 0.001 -18"><span class='ocrx_word' id='word_1_729' title='bbox 295 4700 330 4768; x_wconf 75' lang='grc' dir='ltr'><strong>ἡ</strong></span> <span class='ocrx_word' id='word_1_730' title='bbox 359 4697 514 4751; x_wconf 79' lang='grc' dir='ltr'>οὐσία</span> <span class='ocrx_word' id='word_1_731' title='bbox 547 4697 713 4755; x_wconf 77' lang='grc' dir='ltr'>αὐτοῦ</span> <span class='ocrx_word' id='word_1_732' title='bbox 745 4715 805 4752; x_wconf 90' lang='grc' dir='ltr'><strong>ου</strong></span> <span class='ocrx_word' id='word_1_733' title='bbox 836 4698 1133 4765; x_wconf 80' lang='grc' dir='ltr'>δείκνυται,</span> <span class='ocrx_word' id='word_1_734' title='bbox 1175 4697 1355 4768; x_wconf 86' lang='grc' dir='ltr'>πολλῷ</span> <span class='ocrx_word' id='word_1_735' title='bbox 1385 4698 1592 4769; x_wconf 82' lang='grc' dir='ltr'>μᾶλλον</span> <span class='ocrx_word' id='word_1_736' title='bbox 1620 4698 1729 4757; x_wconf 77' lang='grc' dir='ltr'><strong>ἀπὸ</strong></span> <span class='ocrx_word' id='word_1_737' title='bbox 1757 4698 1867 4753; x_wconf 89' lang='grc' dir='ltr'><strong>τῶν</strong></span> 
     </span>
    </p>
   </div>
   <div class='ocr_carea' id='block_1_96' title="bbox 297 4789 1867 4864">
    <p class='ocr_par' dir='ltr' id='par_1_96' title="bbox 297 4789 1867 4864">
     <span class='ocr_line' id='line_1_96' title="bbox 297 4789 1867 4864; baseline -0.001 -18"><span class='ocrx_word' id='word_1_738' title='bbox 297 4791 652 4861; x_wconf 85' lang='grc' dir='ltr'>ἀποφατικῶν</span> <span class='ocrx_word' id='word_1_739' title='bbox 680 4790 838 4845; x_wconf 87' lang='grc' dir='ltr'>τοῦτο</span> <span class='ocrx_word' id='word_1_740' title='bbox 858 4791 959 4845; x_wconf 81' lang='grc' dir='ltr'><strong>οῦκ</strong></span> <span class='ocrx_word' id='word_1_741' title='bbox 980 4789 1157 4845; x_wconf 77' lang='grc' dir='ltr'>ἔσται.</span> <span class='ocrx_word' id='word_1_742' title='bbox 1180 4790 1420 4861; x_wconf 80' lang='grc' dir='ltr'>Οὐδεμία</span> <span class='ocrx_word' id='word_1_743' title='bbox 1448 4792 1557 4864; x_wconf 82' lang='grc' dir='ltr'>γὰρ</span> <span class='ocrx_word' id='word_1_744' title='bbox 1572 4793 1867 4861; x_wconf 81' lang='grc' dir='ltr'>ἀπόφασις,</span> 
     </span>
    </p>
   </div>
   <div class='ocr_carea' id='block_1_97' title="bbox 294 4881 1872 4955">
    <p class='ocr_par' dir='ltr' id='par_1_97' title="bbox 294 4881 1872 4955">
     <span class='ocr_line' id='line_1_97' title="bbox 294 4881 1872 4955; baseline 0.001 -18"><span class='ocrx_word' id='word_1_745' title='bbox 294 4884 348 4937; x_wconf 85' lang='grc' dir='ltr'><strong>τί</strong></span> <span class='ocrx_word' id='word_1_746' title='bbox 373 4886 489 4937; x_wconf 76' lang='grc' dir='ltr'>ἐστι</span> <span class='ocrx_word' id='word_1_747' title='bbox 529 4884 623 4938; x_wconf 75' lang='grc' dir='ltr'><strong>καὶ</strong></span> <span class='ocrx_word' id='word_1_748' title='bbox 648 4882 746 4955; x_wconf 77' lang='grc' dir='ltr'>τὴν</span> <span class='ocrx_word' id='word_1_749' title='bbox 776 4882 975 4947; x_wconf 77' lang='grc' dir='ltr'>ζοὺσίαν</span> <span class='ocrx_word' id='word_1_750' title='bbox 1001 4881 1155 4938; x_wconf 85' lang='grc' dir='ltr'>τοῦδέ</span> <span class='ocrx_word' id='word_1_751' title='bbox 1183 4899 1349 4949; x_wconf 86' lang='grc' dir='ltr'>τινος,</span> <span class='ocrx_word' id='word_1_752' title='bbox 1373 4882 1511 4937; x_wconf 78' lang='grc' dir='ltr'>ἀλλὰ</span> <span class='ocrx_word' id='word_1_753' title='bbox 1551 4885 1604 4936; x_wconf 85' lang='grc' dir='ltr'><strong>τί</strong></span> <span class='ocrx_word' id='word_1_754' title='bbox 1628 4884 1728 4938; x_wconf 76' lang='grc' dir='ltr'><strong>οὐκ</strong></span> <span class='ocrx_word' id='word_1_755' title='bbox 1754 4884 1872 4939; x_wconf 71' lang='grc' dir='ltr'>ἔστι</span> 
     </span>
    </p>
   </div>
   <div class='ocr_carea' id='block_1_98' title="bbox 296 4972 1868 5046">
    <p class='ocr_par' dir='ltr' id='par_1_98' title="bbox 296 4972 1868 5046">
     <span class='ocr_line' id='line_1_98' title="bbox 296 4972 1868 5046; baseline 0.001 -18"><span class='ocrx_word' id='word_1_756' title='bbox 296 4974 464 5046; x_wconf 81' lang='grc' dir='ltr'>δηλοῖ,</span> <span class='ocrx_word' id='word_1_757' title='bbox 482 4972 632 5037; x_wconf 74' lang='grc' dir='ltr'>ὄντος</span> <span class='ocrx_word' id='word_1_758' title='bbox 662 4972 1083 5044; x_wconf 82' lang='grc' dir='ltr'>ἁναίρεσις,οὐκ</span> <span class='ocrx_word' id='word_1_759' title='bbox 1110 4972 1262 5037; x_wconf 79' lang='grc' dir='ltr'>ῦντος</span> <span class='ocrx_word' id='word_1_760' title='bbox 1292 4972 1461 5037; x_wconf 87' lang='grc' dir='ltr'>θέσις.</span> <span class='ocrx_word' id='word_1_761' title='bbox 1495 4975 1557 5028; x_wconf 82' lang='grc' dir='ltr'><strong>Εἰ</strong></span> <span class='ocrx_word' id='word_1_762' title='bbox 1584 4975 1692 5046; x_wconf 84' lang='grc' dir='ltr'>γὰρ</span> <span class='ocrx_word' id='word_1_763' title='bbox 1708 4974 1868 5032; x_wconf 83' lang='grc' dir='ltr'>ἀνού-</span> 
     </span>
    </p>
   </div>
   <div class='ocr_carea' id='block_1_99' title="bbox 302 5057 1885 5141">
    <p class='ocr_par' dir='ltr' id='par_1_99' title="bbox 302 5057 1885 5141">
     <span class='ocr_line' id='line_1_99' title="bbox 302 5057 1885 5141; baseline 0.005 -23"><span class='ocrx_word' id='word_1_764' title='bbox 302 5083 416 5120; x_wconf 87' lang='grc' dir='ltr'>σιον</span> <span class='ocrx_word' id='word_1_765' title='bbox 442 5065 604 5120; x_wconf 80' lang='grc' dir='ltr'>αὐτὸν</span> <span class='ocrx_word' id='word_1_766' title='bbox 631 5057 906 5137; x_wconf 75' lang='grc' dir='ltr'>λέγοιμεν,</span> <span class='ocrx_word' id='word_1_767' title='bbox 947 5065 981 5137; x_wconf 79' lang='grc' dir='ltr'>ἢ</span> <span class='ocrx_word' id='word_1_768' title='bbox 1009 5068 1246 5137; x_wconf 75' lang='grc' dir='ltr'>ἄναρχον</span> <span class='ocrx_word' id='word_1_769' title='bbox 1275 5066 1309 5138; x_wconf 78' lang='grc' dir='ltr'><strong>ἢ</strong></span> <span class='ocrx_word' id='word_1_770' title='bbox 1334 5066 1563 5138; x_wconf 82' lang='grc' dir='ltr'>ἄχρονον</span> <span class='ocrx_word' id='word_1_771' title='bbox 1584 5070 1616 5141; x_wconf 78' lang='grc' dir='ltr'>ἢ</span> <span class='ocrx_word' id='word_1_772' title='bbox 1637 5071 1885 5140; x_wconf 83' lang='grc' dir='ltr'>ἀόρατον</span> 
     </span>
    </p>
   </div>
   <div class='ocr_carea' id='block_1_100' title="bbox 299 5146 1867 5233">
    <p class='ocr_par' dir='ltr' id='par_1_100' title="bbox 299 5146 1867 5233">
     <span class='ocr_line' id='line_1_100' title="bbox 299 5146 1867 5233; baseline 0.006 -22"><span class='ocrx_word' id='word_1_773' title='bbox 299 5158 332 5228; x_wconf 78' lang='grc' dir='ltr'>ἦ</span> <span class='ocrx_word' id='word_1_774' title='bbox 365 5157 660 5229; x_wconf 75' lang='grc' dir='ltr'>ἄφθαρτον,</span> <span class='ocrx_word' id='word_1_775' title='bbox 684 5158 857 5214; x_wconf 87' lang='grc' dir='ltr'>ταῦτα</span> <span class='ocrx_word' id='word_1_776' title='bbox 880 5146 1171 5231; x_wconf 81' lang='grc' dir='ltr'>δηλοῦμεν,</span> <span class='ocrx_word' id='word_1_777' title='bbox 1197 5161 1282 5215; x_wconf 81' lang='grc' dir='ltr'>ὅτι</span> <span class='ocrx_word' id='word_1_778' title='bbox 1305 5161 1444 5233; x_wconf 82' lang='grc' dir='ltr'>ὑπὲρ</span> <span class='ocrx_word' id='word_1_779' title='bbox 1474 5164 1657 5217; x_wconf 84' lang='grc' dir='ltr'>πᾶσαν</span> <span class='ocrx_word' id='word_1_780' title='bbox 1675 5164 1867 5220; x_wconf 79' lang='grc' dir='ltr'>οὐσίαν</span> 
     </span>
    </p>
   </div>
   <div class='ocr_carea' id='block_1_101' title="bbox 298 5243 1858 5327">
    <p class='ocr_par' dir='ltr' id='par_1_101' title="bbox 298 5243 1858 5327">
     <span class='ocr_line' id='line_1_101' title="bbox 298 5243 1858 5327; baseline 0.004 -24"><span class='ocrx_word' id='word_1_781' title='bbox 298 5253 439 5321; x_wconf 76' lang='grc' dir='ltr'>ἐστὶ,</span> <span class='ocrx_word' id='word_1_782' title='bbox 485 5253 576 5307; x_wconf 77' lang='grc' dir='ltr'><strong>καὶ</strong></span> <span class='ocrx_word' id='word_1_783' title='bbox 603 5252 778 5324; x_wconf 79' lang='grc' dir='ltr'>ἀρχὴν</span> <span class='ocrx_word' id='word_1_784' title='bbox 809 5253 901 5309; x_wconf 75' lang='grc' dir='ltr'>καὶ</span> <span class='ocrx_word' id='word_1_785' title='bbox 923 5253 1116 5326; x_wconf 85' lang='grc' dir='ltr'>χρόνον</span> <span class='ocrx_word' id='word_1_786' title='bbox 1146 5243 1258 5309; x_wconf 53' lang='grc' dir='ltr'><strong>καί</strong></span> <span class='ocrx_word' id='word_1_787' title='bbox 1275 5255 1467 5325; x_wconf 83' lang='grc' dir='ltr'>ὅρασιν</span> <span class='ocrx_word' id='word_1_788' title='bbox 1490 5257 1587 5310; x_wconf 79' lang='grc' dir='ltr'><strong>καὶ</strong></span> <span class='ocrx_word' id='word_1_789' title='bbox 1612 5255 1825 5327; x_wconf 82' lang='grc' dir='ltr'>φθοράν</span> <span class='ocrx_word' id='word_1_790' title='bbox 1842 5273 1858 5289; x_wconf 87' lang='grc'><strong>·</strong></span> 
     </span>
    </p>
   </div>
   <div class='ocr_carea' id='block_1_102' title="bbox 1977 4685 3554 4774">
    <p class='ocr_par' dir='ltr' id='par_1_102' title="bbox 1977 4685 3554 4774">
     <span class='ocr_line' id='line_1_102' title="bbox 1977 4685 3554 4774; baseline -0.007 -22"><span class='ocrx_word' id='word_1_791' title='bbox 1977 4696 2223 4766; x_wconf 88' lang='lat' dir='ltr'><strong>reliquis.</strong></span> <span class='ocrx_word' id='word_1_792' title='bbox 2276 4694 2410 4752; x_wconf 87' lang='lat' dir='ltr'><strong>Cum</strong></span> <span class='ocrx_word' id='word_1_793' title='bbox 2457 4694 2643 4763; x_wconf 87' lang='lat' dir='ltr'><strong>itaque</strong></span> <span class='ocrx_word' id='word_1_794' title='bbox 2684 4708 2752 4748; x_wconf 81' lang='lat' dir='ltr'><strong>ex</strong></span> <span class='ocrx_word' id='word_1_795' title='bbox 2784 4691 2868 4774; x_wconf 81' lang='lat' dir='ltr'><strong>iis</strong></span> <span class='ocrx_word' id='word_1_796' title='bbox 2908 4689 3225 4745; x_wconf 87' lang='lat' dir='ltr'><strong>nominibus</strong></span> <span class='ocrx_word' id='word_1_797' title='bbox 3257 4703 3377 4757; x_wconf 83' lang='lat' dir='ltr'><strong>quae</strong></span> <span class='ocrx_word' id='word_1_798' title='bbox 3408 4685 3554 4741; x_wconf 79' lang='lat' dir='ltr'><strong>afﬁr-</strong></span> 
     </span>
    </p>
   </div>
   <div class='ocr_carea' id='block_1_103' title="bbox 1976 4778 3558 4852">
    <p class='ocr_par' dir='ltr' id='par_1_103' title="bbox 1976 4778 3558 4852">
     <span class='ocr_line' id='line_1_103' title="bbox 1976 4778 3558 4852; baseline -0.008 -9"><span class='ocrx_word' id='word_1_799' title='bbox 1976 4789 2157 4844; x_wconf 79' lang='lat' dir='ltr'><strong>mandi</strong></span> <span class='ocrx_word' id='word_1_800' title='bbox 2214 4786 2425 4842; x_wconf 87' lang='lat' dir='ltr'><strong>ratione</strong></span> <span class='ocrx_word' id='word_1_801' title='bbox 2478 4786 2752 4849; x_wconf 77' lang='lat' dir='ltr'><strong>dicuntur,</strong></span> <span class='ocrx_word' id='word_1_802' title='bbox 2803 4782 2923 4852; x_wconf 84' lang='lat' dir='ltr'><strong>ejus</strong></span> <span class='ocrx_word' id='word_1_803' title='bbox 2974 4782 3199 4836; x_wconf 85' lang='lat' dir='ltr'><strong>minime</strong></span> <span class='ocrx_word' id='word_1_804' title='bbox 3235 4778 3558 4835; x_wconf 86' lang='lat' dir='ltr'><strong>ostendatur</strong></span> 
     </span>
    </p>
   </div>
   <div class='ocr_carea' id='block_1_104' title="bbox 1976 4871 3558 4949">
    <p class='ocr_par' dir='ltr' id='par_1_104' title="bbox 1976 4871 3558 4949">
     <span class='ocr_line' id='line_1_104' title="bbox 1976 4871 3558 4949; baseline -0.009 -12"><span class='ocrx_word' id='word_1_805' title='bbox 1976 4880 2249 4945; x_wconf 88' lang='lat' dir='ltr'><strong>essentia;</strong></span> <span class='ocrx_word' id='word_1_806' title='bbox 2278 4879 2472 4949; x_wconf 91' lang='lat' dir='ltr'><strong>potiori</strong></span> <span class='ocrx_word' id='word_1_807' title='bbox 2503 4878 2662 4949; x_wconf 75' lang='lat' dir='ltr'><strong>longe</strong></span> <span class='ocrx_word' id='word_1_808' title='bbox 2692 4876 2900 4931; x_wconf 89' lang='lat' dir='ltr'><strong>ratione</strong></span> <span class='ocrx_word' id='word_1_809' title='bbox 2931 4886 3104 4944; x_wconf 88' lang='lat' dir='ltr'><strong>neque</strong></span> <span class='ocrx_word' id='word_1_810' title='bbox 3126 4886 3193 4926; x_wconf 81' lang='lat' dir='ltr'><strong>ex</strong></span> <span class='ocrx_word' id='word_1_811' title='bbox 3220 4871 3286 4926; x_wconf 91' lang='lat' dir='ltr'><strong>iis</strong></span> <span class='ocrx_word' id='word_1_812' title='bbox 3311 4884 3433 4941; x_wconf 69' lang='lat' dir='ltr'><strong>quise</strong></span> <span class='ocrx_word' id='word_1_813' title='bbox 3461 4882 3558 4936; x_wconf 80' lang='lat' dir='ltr'><strong>per</strong></span> 
     </span>
    </p>
   </div>
   <div class='ocr_carea' id='block_1_105' title="bbox 1977 4961 3559 5045">
    <p class='ocr_par' dir='ltr' id='par_1_105' title="bbox 1977 4961 3559 5045">
     <span class='ocr_line' id='line_1_105' title="bbox 1977 4961 3559 5045; baseline -0.01 -15"><span class='ocrx_word' id='word_1_814' title='bbox 1977 4972 2323 5045; x_wconf 75' lang='lat' dir='ltr'><strong>negationem</strong></span> <span class='ocrx_word' id='word_1_815' title='bbox 2356 4970 2629 5029; x_wconf 81' lang='lat' dir='ltr'><strong>feruntur.</strong></span> <span class='ocrx_word' id='word_1_816' title='bbox 2661 4968 2819 5041; x_wconf 82' lang='lat' dir='ltr'><strong>Nulla</strong></span> <span class='ocrx_word' id='word_1_817' title='bbox 2844 4968 2987 5025; x_wconf 90' lang='lat' dir='ltr'><strong>enim</strong></span> <span class='ocrx_word' id='word_1_818' title='bbox 3023 4965 3237 5037; x_wconf 80' lang='lat' dir='ltr'><strong>negatio</strong></span> <span class='ocrx_word' id='word_1_819' title='bbox 3262 4978 3324 5019; x_wconf 88' lang='lat' dir='ltr'><strong>ac</strong></span> <span class='ocrx_word' id='word_1_820' title='bbox 3347 4961 3559 5017; x_wconf 82' lang='lat' dir='ltr'><strong>inlicia-</strong></span> 
     </span>
    </p>
   </div>
   <div class='ocr_carea' id='block_1_106' title="bbox 1979 5055 3559 5140">
    <p class='ocr_par' dir='ltr' id='par_1_106' title="bbox 1979 5055 3559 5140">
     <span class='ocr_line' id='line_1_106' title="bbox 1979 5055 3559 5140; baseline -0.008 -15"><span class='ocrx_word' id='word_1_821' title='bbox 1979 5072 2056 5127; x_wconf 88' lang='lat' dir='ltr'><strong>tio</strong></span> <span class='ocrx_word' id='word_1_822' title='bbox 2088 5069 2249 5126; x_wconf 88' lang='lat' dir='ltr'><strong>ullius</strong></span> <span class='ocrx_word' id='word_1_823' title='bbox 2306 5068 2381 5124; x_wconf 87' lang='lat' dir='ltr'><strong>rei</strong></span> <span class='ocrx_word' id='word_1_824' title='bbox 2411 5068 2540 5140; x_wconf 86' lang='lat' dir='ltr'><strong>quid</strong></span> <span class='ocrx_word' id='word_1_825' title='bbox 2574 5076 2657 5124; x_wconf 85' lang='lat' dir='ltr'><strong>est</strong></span> <span class='ocrx_word' id='word_1_826' title='bbox 2685 5066 3093 5133; x_wconf 84' lang='lat' dir='ltr'><strong>essentiamqne</strong></span> <span class='ocrx_word' id='word_1_827' title='bbox 3128 5058 3397 5131; x_wconf 79' lang='lat' dir='ltr'><strong>signiﬁcat</strong></span> <span class='ocrx_word' id='word_1_828' title='bbox 3420 5073 3435 5125; x_wconf 94' lang='lat'><strong>;</strong></span> <span class='ocrx_word' id='word_1_829' title='bbox 3461 5055 3559 5114; x_wconf 79' lang='lat' dir='ltr'><strong>sed</strong></span> 
     </span>
    </p>
   </div>
   <div class='ocr_carea' id='block_1_107' title="bbox 1976 5150 3562 5234">
    <p class='ocr_par' dir='ltr' id='par_1_107' title="bbox 1976 5150 3562 5234">
     <span class='ocr_line' id='line_1_107' title="bbox 1976 5150 3562 5234; baseline -0.01 -13"><span class='ocrx_word' id='word_1_830' title='bbox 1976 5164 2108 5234; x_wconf 86' lang='lat' dir='ltr'><strong>quid</strong></span> <span class='ocrx_word' id='word_1_831' title='bbox 2145 5178 2251 5221; x_wconf 91' lang='lat' dir='ltr'><strong>non</strong></span> <span class='ocrx_word' id='word_1_832' title='bbox 2287 5172 2390 5231; x_wconf 89' lang='lat' dir='ltr'><strong>est,</strong></span> <span class='ocrx_word' id='word_1_833' title='bbox 2424 5179 2545 5218; x_wconf 89' lang='lat' dir='ltr'><strong>cum</strong></span> <span class='ocrx_word' id='word_1_834' title='bbox 2587 5150 2919 5228; x_wconf 44' lang='lat' dir='ltr'><strong>rei‘amotio,</strong></span> <span class='ocrx_word' id='word_1_835' title='bbox 2954 5172 3067 5214; x_wconf 90' lang='lat' dir='ltr'><strong>non</strong></span> <span class='ocrx_word' id='word_1_836' title='bbox 3100 5156 3420 5231; x_wconf 80' lang='lat' dir='ltr'><strong>cujusquam</strong></span> <span class='ocrx_word' id='word_1_837' title='bbox 3470 5166 3562 5222; x_wconf 83' lang='lat' dir='ltr'><strong>po-</strong></span> 
     </span>
    </p>
   </div>
   <div class='ocr_carea' id='block_1_108' title="bbox 1972 5248 3571 5322">
    <p class='ocr_par' dir='ltr' id='par_1_108' title="bbox 1972 5248 3571 5322">
     <span class='ocr_line' id='line_1_108' title="bbox 1972 5248 3571 5322; baseline -0.006 -9"><span class='ocrx_word' id='word_1_838' title='bbox 1972 5255 2100 5313; x_wconf 88' lang='lat' dir='ltr'><strong>sitio</strong></span> <span class='ocrx_word' id='word_1_839' title='bbox 2137 5257 2229 5312; x_wconf 90' lang='lat' dir='ltr'><strong>sit.</strong></span> <span class='ocrx_word' id='word_1_840' title='bbox 2279 5255 2415 5313; x_wconf 87' lang='lat' dir='ltr'><strong>Cum</strong></span> <span class='ocrx_word' id='word_1_841' title='bbox 2464 5253 2610 5309; x_wconf 89' lang='lat' dir='ltr'><strong>enim</strong></span> <span class='ocrx_word' id='word_1_842' title='bbox 2652 5251 2925 5319; x_wconf 55' lang='lat' dir='ltr'><strong>essentia,</strong></span> <span class='ocrx_word' id='word_1_843' title='bbox 2973 5261 3065 5305; x_wconf 88' lang='lat' dir='ltr'><strong>aut</strong></span> <span class='ocrx_word' id='word_1_844' title='bbox 3098 5248 3349 5322; x_wconf 87' lang='lat' dir='ltr'><strong>principii</strong></span> <span class='ocrx_word' id='word_1_845' title='bbox 3397 5254 3571 5303; x_wconf 77' lang='lat' dir='ltr'><strong>antve.</strong></span> 
     </span>
    </p>
   </div>
   <div class='ocr_carea' id='block_1_109' title="bbox 371 5422 1871 5530">
    <p class='ocr_par' dir='ltr' id='par_1_109' title="bbox 371 5422 1871 5530">
     <span class='ocr_line' id='line_1_109' title="bbox 371 5422 1871 5502; baseline 0.005 -19"><span class='ocrx_word' id='word_1_846' title='bbox 371 5433 418 5464; x_wconf 69' lang='grc' dir='ltr'><strong>’δ</strong></span> <span class='ocrx_word' id='word_1_847' title='bbox 448 5422 598 5484; x_wconf 82' lang='lat' dir='ltr'><strong>Deut.</strong></span> <span class='ocrx_word' id='word_1_848' title='bbox 638 5446 713 5491; x_wconf 82' lang='lat' dir='ltr'><strong>tv,</strong></span> <span class='ocrx_word' id='word_1_849' title='bbox 745 5431 836 5486; x_wconf 68' lang='lat'><strong>24.</strong></span> <span class='ocrx_word' id='word_1_850' title='bbox 912 5432 957 5464; x_wconf 76' lang='lat'>&quot;</span> <span class='ocrx_word' id='word_1_851' title='bbox 985 5427 1145 5487; x_wconf 84' lang='lat' dir='ltr'><strong>Prov.</strong></span> <span class='ocrx_word' id='word_1_852' title='bbox 1172 5449 1292 5498; x_wconf 76' lang='lat' dir='ltr'><strong>vui,</strong></span> <span class='ocrx_word' id='word_1_853' title='bbox 1359 5432 1448 5490; x_wconf 68' lang='lat'><strong>22.</strong></span> <span class='ocrx_word' id='word_1_854' title='bbox 1529 5433 1574 5467; x_wconf 76' lang='grc'><strong>³⁸</strong></span> <span class='ocrx_word' id='word_1_855' title='bbox 1615 5433 1784 5492; x_wconf 85' lang='lat' dir='ltr'><strong>Eccli.</strong></span> <span class='ocrx_word' id='word_1_856' title='bbox 1845 5452 1871 5502; x_wconf 64' lang='lat' dir='ltr'><strong>i1</strong></span> 
     </span>
     <span class='ocr_line' id='line_1_110' title="bbox 379 5499 1723 5530; baseline 0 0"><span class='ocrx_word' id='word_1_857' title='bbox 379 5518 430 5530; x_wconf 76' lang='grc' dir='ltr'><strong>ι..</strong></span> <span class='ocrx_word' id='word_1_858' title='bbox 482 5502 515 5530; x_wconf 80' lang='grc' dir='ltr'><strong>ο</strong></span> <span class='ocrx_word' id='word_1_859' title='bbox 613 5501 658 5530; x_wconf 79' lang='lat' dir='ltr'><strong>ao</strong></span> <span class='ocrx_word' id='word_1_860' title='bbox 689 5499 778 5530; x_wconf 72' lang='grc' dir='ltr'><strong>Δηι</strong></span> <span class='ocrx_word' id='word_1_861' title='bbox 820 5517 930 5530; x_wconf 64' lang='grc' dir='ltr'><strong>-.η-</strong></span> <span class='ocrx_word' id='word_1_862' title='bbox 992 5499 1060 5530; x_wconf 72' lang='grc' dir='ltr'><strong>ορ</strong></span> <span class='ocrx_word' id='word_1_863' title='bbox 1716 5518 1723 5523; x_wconf 75' lang='lat'>—</span> 
     </span>
    </p>
   </div>
   <div class='ocr_carea' id='block_1_110' title="bbox 1974 5422 3603 5530">
    <p class='ocr_par' dir='ltr' id='par_1_110' title="bbox 2048 5436 3603 5530">
     <span class='ocr_line' id='line_1_111' title="bbox 2048 5436 3603 5530; baseline 0.01 -39"><span class='ocrx_word' id='word_1_864' title='bbox 2048 5439 2094 5530; x_wconf 46' lang='lat'><strong>{7</strong></span> <span class='ocrx_word' id='word_1_865' title='bbox 2122 5436 2279 5493; x_wconf 85' lang='lat' dir='ltr'><strong>Joan.</strong></span> <span class='ocrx_word' id='word_1_866' title='bbox 2309 5451 2406 5504; x_wconf 80' lang='lat' dir='ltr'><strong>xu,</strong></span> <span class='ocrx_word' id='word_1_867' title='bbox 2446 5438 2535 5495; x_wconf 75' lang='grc'><strong>46.</strong></span> <span class='ocrx_word' id='word_1_868' title='bbox 2615 5440 2660 5471; x_wconf 67' lang='grc'><strong>’³</strong></span> <span class='ocrx_word' id='word_1_869' title='bbox 2703 5439 2849 5501; x_wconf 86' lang='lat' dir='ltr'><strong>Psal.</strong></span> <span class='ocrx_word' id='word_1_870' title='bbox 2908 5458 3101 5514; x_wconf 71' lang='lat' dir='ltr'><strong>csvrn,</strong></span> <span class='ocrx_word' id='word_1_871' title='bbox 3163 5445 3279 5502; x_wconf 73' lang='lat'><strong>105.</strong></span> <span class='ocrx_word' id='word_1_872' title='bbox 3363 5447 3408 5478; x_wconf 74' lang='grc'><strong>³³</strong></span> <span class='ocrx_word' id='word_1_873' title='bbox 3450 5445 3603 5506; x_wconf 67' lang='grc' dir='ltr'>Ιειι..</span> 
     </span>
    </p>
   </div>
   <div class='ocr_carea' id='block_1_111' title="bbox 301 5499 1082 5569">
    <p class='ocr_par' dir='ltr' id='par_1_111' title="bbox 301 5499 1082 5569">
     <span class='ocr_line' id='line_1_112' title="bbox 301 5499 1082 5569; baseline 0 -14"><span class='ocrx_word' id='word_1_874' title='bbox 301 5515 451 5568; x_wconf 76' lang='lat' dir='ltr'><strong>xxvr,</strong></span> <span class='ocrx_word' id='word_1_875' title='bbox 482 5502 538 5555; x_wconf 83' lang='lat'><strong>9.</strong></span> <span class='ocrx_word' id='word_1_876' title='bbox 613 5501 658 5534; x_wconf 78' lang='grc' dir='ltr'>⁸ο</span> <span class='ocrx_word' id='word_1_877' title='bbox 681 5499 801 5558; x_wconf 84' lang='lat' dir='ltr'><strong>Act.</strong></span> <span class='ocrx_word' id='word_1_878' title='bbox 820 5517 952 5569; x_wconf 78' lang='lat' dir='ltr'><strong>xvn,</strong></span> <span class='ocrx_word' id='word_1_879' title='bbox 992 5499 1082 5555; x_wconf 76' lang='lat'><strong>‘28.</strong></span> 
     </span>
    </p>
   </div>
   <div class='ocr_carea' id='block_1_112' title="bbox 380 5686 1099 5755">
    <p class='ocr_par' dir='ltr' id='par_1_112' title="bbox 380 5686 1099 5755">
     <span class='ocr_line' id='line_1_113' title="bbox 380 5686 1099 5755; baseline 0.003 -13"><span class='ocrx_word' id='word_1_880' title='bbox 380 5686 490 5755; x_wconf 73' lang='lat'><strong>(‘32)</strong></span> <span class='ocrx_word' id='word_1_881' title='bbox 520 5686 598 5742; x_wconf 78' lang='lat' dir='ltr'><strong>De</strong></span> <span class='ocrx_word' id='word_1_882' title='bbox 625 5688 787 5745; x_wconf 80' lang='lat' dir='ltr'><strong>divin.</strong></span> <span class='ocrx_word' id='word_1_883' title='bbox 806 5705 948 5746; x_wconf 84' lang='lat' dir='ltr'><strong>nam.</strong></span> <span class='ocrx_word' id='word_1_884' title='bbox 974 5705 1020 5747; x_wconf 85' lang='lat' dir='ltr'><strong>c.</strong></span> <span class='ocrx_word' id='word_1_885' title='bbox 1045 5691 1099 5745; x_wconf 73' lang='grc'><strong>4.</strong></span> 
     </span>
    </p>
   </div>
   <div class='ocr_carea' id='block_1_113' title="bbox 377 5756 911 5829">
    <p class='ocr_par' dir='ltr' id='par_1_113' title="bbox 377 5756 911 5829">
     <span class='ocr_line' id='line_1_114' title="bbox 377 5756 911 5829; baseline 0.011 -18"><span class='ocrx_word' id='word_1_886' title='bbox 377 5756 491 5829; x_wconf 71' lang='lat' dir='ltr'><strong>(ss)</strong></span> <span class='ocrx_word' id='word_1_887' title='bbox 512 5757 589 5815; x_wconf 82' lang='lat' dir='ltr'><strong>1d.</strong></span> <span class='ocrx_word' id='word_1_888' title='bbox 616 5759 745 5814; x_wconf 85' lang='lat' dir='ltr'><strong>ibid.</strong></span> <span class='ocrx_word' id='word_1_889' title='bbox 783 5776 831 5816; x_wconf 85' lang='lat' dir='ltr'><strong>c.</strong></span> <span class='ocrx_word' id='word_1_890' title='bbox 855 5762 911 5817; x_wconf 87' lang='lat'><em>6.</em></span> 
     </span>
    </p>
   </div>
   <div class='ocr_carea' id='block_1_114' title="bbox 2058 5695 2572 5770">
    <p class='ocr_par' dir='ltr' id='par_1_114' title="bbox 2058 5695 2572 5770">
     <span class='ocr_line' id='line_1_115' title="bbox 2058 5695 2572 5770; baseline 0.016 -18"><span class='ocrx_word' id='word_1_891' title='bbox 2058 5695 2337 5770; x_wconf 75' lang='lat' dir='ltr'><strong>(24)Libr.</strong></span> <span class='ocrx_word' id='word_1_892' title='bbox 2375 5716 2413 5769; x_wconf 85' lang='grc' dir='ltr'><strong>ι,</strong></span> <span class='ocrx_word' id='word_1_893' title='bbox 2436 5715 2484 5757; x_wconf 86' lang='lat' dir='ltr'><strong>c.</strong></span> <span class='ocrx_word' id='word_1_894' title='bbox 2520 5700 2572 5761; x_wconf 82' lang='lat'><strong>5.</strong></span> 
     </span>
    </p>
   </div>
  </div>
