4074 6414
424 300 539 363 455

1701 288 2101 350 MANUEUS
2141 268 2443 349 career.

3502 240 3505 243 1
3594 282 3698 348 tm

350 486 353 489 ν
425 412 687 483 temporis
720 419 1029 481 expertem,
1053 418 1148 465 aut
1182 407 1507 463 inrtsibilem
1535 416 1627 459 aut
1650 404 2017 473 incorruptibi-

2134 405 2231 473 οὐχ
2263 406 2346 458 ὅτι
2375 404 2450 474 μὴ
2481 402 2540 456 ὃν
2570 405 2740 467 ἐστιν,
2769 403 2846 464 ὡς
2900 400 2957 455 τὸ
2994 401 3220 474 μηδαμῆ
3283 398 3549 471 μηδαμῶς
3599 400 3658 451 εν
3683 410 3698 425 '

425 510 530 563 lem
568 509 821 571 dicimus,
872 508 977 562 hoc
1048 504 1445 576 signiﬁcamus,
1492 516 1655 573 supra
1718 502 2011 558 essentiam

425 600 856 671 principiumque
903 608 958 653 et
1005 607 1220 665 tempus
1270 609 1594 664 omnemque
1630 603 1913 663 aspectum
1949 607 2015 647 ac

426 691 835 757 corruptionem
871 703 1027 753 esse;
1064 702 1168 740 non
1198 686 1339 755 quod
1373 699 1477 739 non
1510 683 1583 739 sit
1628 698 1693 738 ac
1742 684 2010 747 exsistat,

425 783 568 837 velut
598 781 649 844 id
685 782 827 851 quod
859 794 1127 850 nusquam
1160 782 1385 848 promus
1420 786 1505 833 est
1530 786 1626 831 aut
1653 776 1887 841 exsistit;
1917 775 2010 830 sed

422 875 566 945 quod
597 874 893 928 secundum
929 871 1306 928 excellentiam
1341 878 1493 925 extra
1527 884 1617 925 res
1646 884 1839 924 omnes
1896 880 2010 936 est,

424 983 527 1022 nec
556 967 659 1021 ulla
690 975 774 1021 est
808 982 1007 1029 rerum,
1032 965 1128 1020 sed
1161 965 1378 1020 eunetis
1403 962 1627 1019 eminet.
1664 961 1842 1017 Simili
1873 976 2011 1031 quo-

424 1073 531 1128 que
589 1061 823 1123 ratione,
873 1072 1037 1127 supra
1092 1073 1253 1125 quam
1292 1056 1455 1111 Deum
1491 1056 1617 1109 dum
1653 1055 1907 1119 dicimus,
1942 1054 2011 1109 iis

422 1150 676 1203 omnibus
702 1150 792 1219 qui
832 1164 929 1219 per
962 1150 1192 1218 gratiam
1224 1148 1296 1201 dii
1333 1154 1481 1214 sunt,
1510 1160 1634 1201 eum
1668 1146 2005 1213 superiorem

421 1240 818 1307 εἱαιεὶίίρίιιιιιιε.
843 1239 1183 1296 immobilem
1213 1252 1448 1308 quoque,
1482 1237 1623 1308 quod
1657 1253 1686 1291 a
1718 1236 1867 1292 nullo
1894 1250 2013 1291 mo-

423 1330 548 1385 bilis
586 1334 681 1395 sit,
715 1332 808 1386 sed
850 1332 1028 1402 petius
1055 1344 1121 1385 ea
1146 1330 1259 1399 ipse
1291 1330 1339 1385 vi
1368 1312 1587 1399 polleat,
1625 1343 1731 1398 qua
1765 1329 2009 1385 omnium

424 1430 601 1477 motor
626 1422 874 1476 exsiStat.
900 1422 1287 1489 incorporeum
1320 1419 1472 1485 item,
1500 1420 1642 1487 quod
1669 1432 1870 1488 corpus
1904 1433 2010 1473 non

2119 499 2235 552 ἀλλ’
2263 502 2346 553 ὅτι
2404 500 2624 554 πάντων
2655 500 2764 552 τῶν
2808 500 2976 552 όντων
3032 497 3379 568 ὕπεροχικῶς
3419 496 3702 567 ἐξῄρηται,

2123 590 2218 642 καὶ
2243 590 2400 642 οὐδὲν
2428 590 2539 642 τῶν
2568 591 2740 643 ὄντων
2792 590 2965 655 ἐστὶν,
3011 588 3129 642 ἀλλ’
3191 587 3337 658 ὑπὲρ
3378 585 3446 638 τὰ
3506 586 3702 638 πάντα.

2130 682 2403 745 Ὡσαύτως
2429 682 2523 736 καὶ
2553 681 2819 752 ὑπέρθεον
2842 680 3116 749 λέγοντες,
3149 678 3291 748 ὑπὲρ
3327 676 3538 740 πάντας
3573 677 3700 737 τοῦς

2124 774 2262 827 κατά
2292 772 2451 843 χάριν
2485 772 2642 837 θεοὺς
2674 772 2946 844 δηλοῦμεν
2972 772 3134 825 αὑτὸν
3186 764 3326 823 εἶναι
3361 770 3456 822 καὶ
3507 767 3701 836 ἀκίνη-

2112 879 2228 925 τον,
2264 864 2347 919 ὅτι
2379 862 2481 917 οὐκ
2509 862 2627 934 ἐστι
2668 864 2890 932 κινητὺς
2919 862 3013 915 ὑπ’
3038 861 3205 917 ἄλλου
3226 900 3242 926 ,
3302 859 3586 929 κινητικὸς
3645 859 3702 912 δὲ

2117 955 2320 1025 μᾶλλον
2361 956 2644 1014 ,ἁπάντων
2672 971 2689 988 ’
2759 954 2862 1008 καὶ
2928 955 3247 1023 ἀσώματον,
3298 953 3383 1006 ὃτι
3434 951 3535 1005 οὐκ
3589 951 3708 1004 ἔστι

2111 1048 2296 1117 σὼμσυ
2324 1049 2418 1101 καὶ
2457 1046 2880 1117 ἀγένητον(25),
2897 1045 2927 1098 ὃ
2955 1045 3106 1115 δηλοῖ
3129 1044 3190 1098 τὸ
3224 1045 3482 1098 ἀκτιστον
3496 1042 3566 1096 δι’
3588 1042 3702 1104 ἑνὸς

2107 1142 2460 1211 γραφόμενον
2493 1156 2507 1171 ο
2566 1140 2627 1194 τὸ
2682 1128 2944 1208 γεννηθὲν
2996 1139 3055 1190 δὲ
3087 1140 3151 1192 ἐκ
3183 1137 3399 1206 [ἰατρὸς
3446 1135 3535 1189 διά
3586 1134 3700 1199 δύο,

2117 1237 2198 1288 ὃτι
2228 1236 2325 1303 οὐχ
2354 1232 2462 1287 ῦπό
2488 1247 2632 1297 τινος
2656 1233 2755 1305 τὴν
2783 1234 3002 1301 γένεσιν
3035 1232 3131 1286 καὶ
3152 1232 3214 1284 τὸ
3288 1226 3429 1284 εἶναι
3458 1229 3702 1299 εἰλήφειι

2122 1326 2216 1379 καὶ
2239 1326 2468 1396 ἄπειρον
2513 1326 2594 1392 δὲ,
2628 1325 2711 1378 ὅτι
2732 1325 2831 1379 οὐκ
2863 1323 2977 1395 ἔχει
2998 1325 3193 1395 πέρας,
3225 1322 3337 1378 οὐδ’
3386 1319 3705 1392 ἀνθρωπίνῃ

2118 1419 2331 1490 διανοίᾳ
2369 1417 2862 1489 περιλαμϐάνεται.

422 1514 683 1578 exsistat;
712 1529 811 1569 nee
844 1528 948 1569 non
977 1513 1273 1581 ingenitum
1303 1512 1512 1584 (Oratae
1534 1510 1819 1581 ἀγένητον,
1847 1511 1990 1579 quod
2026 1510 2326 1564 increatum
2359 1511 2655 1578 signiﬁcat,
2719 1511 2845 1564 dum
2915 1523 3024 1563 uno
3058 1525 3087 1562 ν
3119 1507 3397 1573 scribitur,
3462 1504 3701 1576 genitum

425 1619 555 1659 vero
586 1620 651 1658 ex
678 1602 862 1669 Patre,
895 1604 1021 1656 dum
1049 1604 1297 1674 duplici),
1336 1603 1480 1671 quod
1523 1617 1553 1656 a
1580 1601 1728 1656 nullo
1757 1599 2152 1670 procreationis
2178 1610 2382 1665 ortum,
2409 1611 2465 1655 et
2496 1610 2556 1655 ut
2621 1609 2791 1669 esset,
2852 1601 3145 1671 acceperit.
3208 1600 3483 1654 l..linitum
3554 1614 3698 1653 vero.

423 1698 569 1765 quod
618 1697 821 1752 nullum
867 1697 1062 1752 habeat
1105 1698 1439 1765 terminum,
1489 1710 1591 1752 nec
1637 1696 1875 1750 humano
1910 1695 2016 1750 ullo
2044 1695 2283 1765 cogitatu
2314 1696 2837 1766 comprehendatur.

499 1859 774 1913 Hactenus
807 1866 985 1911 autem
1020 1872 1085 1911 ex
1121 1857 1190 1911 iis
1234 1870 1353 1926 qua:
1400 1854 1665 1910 aﬂirmate
1717 1854 1973 1911 dicuntur
1998 1896 2015 1921 ,

2195 1856 2349 1920 Τέως
2409 1856 2475 1911 ὲκ
2509 1854 2619 1909 τῶν
2672 1855 3063 1924 καταφατικῶν
3111 1854 3570 1923 πρεπωδέστερον
3609 1852 3701 1904 τὸν

423 1951 838 2006 convenientius
890 1951 961 2005 sit
1028 1950 1193 2005 Deum
1254 1948 1550 2004 nominari.
1611 1948 2015 2003 Aﬂirmetiones

424 2042 570 2094 enim
626 2040 1012 2095 exsistentiam
1044 2051 1100 2096 et
1149 2042 1293 2109 quod
1345 2050 1431 2095 est
1473 2040 1781 2111 signiﬁcant
1809 2061 1823 2094 :
1854 2056 2017 2110 nega-

428 2133 604 2188 tiones
644 2148 794 2200 vero,
832 2132 1194 2202 privationem
1221 2135 1469 2201 entisque
1494 2133 1815 2188 absentiam.
1846 2130 2017 2187 Porro

428 2227 659 2280 nobilius
692 2226 996 2295 meliusque
1027 2225 1171 2296 quod
1205 2241 1301 2279 ens
1328 2236 1439 2290 est,
1469 2240 1534 2279 eo
1562 2225 1703 2294 quod
1747 2241 1853 2279 non
1884 2240 2012 2290 ens;

424 2318 857 2391 exsistentiaque
882 2317 1048 2373 nihilo
1071 2332 1135 2372 ae
1164 2317 1485 2385 privatione.
1514 2316 1647 2371 Nam
1672 2328 1724 2371 et
1749 2318 2018 2372 exsisten-

429 2410 499 2462 tia
535 2420 697 2478 atque
730 2425 829 2466 ens
864 2411 933 2466 ad
966 2409 1165 2466 bonum
1228 2418 1471 2483 spectant
1499 2426 1513 2473 ς
1550 2425 1653 2465 non
1685 2424 1783 2465 eos
1813 2426 1940 2463 vero
1965 2418 2019 2462 et

429 2502 687 2569 privatio,
735 2501 802 2556 ad
836 2501 1065 2556 malum.
1098 2500 1307 2555 Bonum
1341 2499 1485 2554 enim
1515 2515 1612 2555 ens
1642 2511 1743 2561 est,
1767 2500 2018 2567 entisque

426 2601 622 2647 ant-tor
652 2601 707 2646 et
742 2593 1074 2647 exsistentta:
1110 2607 1125 2647 :
1161 2592 1361 2648 malum
1395 2600 1573 2646 autem
1619 2607 1725 2646 non
1768 2604 1890 2656 ens,
1925 2592 2017 2646 bo-

428 2686 589 2757 nique
618 2697 674 2741 et
697 2685 842 2741 enlis
871 2684 1125 2754 privatio.

501 2845 577 2900 Ac
607 2862 818 2908 rursus,
846 2862 910 2902 ex
941 2848 1008 2902 iis
1031 2861 1155 2915 qua:
1186 2846 1449 2902 atiirmate
1494 2846 1773 2913 dicuntur,
1813 2859 2015 2901 conve-

431 2938 669 2994 nientius
708 2955 738 2993 a
779 2939 1137 2996 nobilioribus
1170 2955 1234 3010 ae
1267 2941 1333 2996 iis
1383 2956 1507 3011 quae
1533 2941 1600 2994 ad
1635 2940 1811 3010 ipsum
1847 2940 2015 3011 magis

429 3028 714 3096 accedant,
772 3030 1167 3083 nominabitur.
1203 3030 1375 3085 Porro
1407 3030 1677 3086 nobiliora
1732 3030 1821 3082 illa
1867 3030 2013 3083 exsi-

429 3126 603 3182 stunt,
631 3134 753 3187 qua:
790 3120 965 3190 magis
991 3110 1164 3189 ipsum
1198 3122 1555 3191 participant.
1592 3120 1821 3176 Praestat
1850 3122 2014 3193 igitur

431 3214 498 3264 ab
534 3212 618 3265 his
641 3226 764 3265 eum
809 3211 1118 3277 nominare,
1158 3212 1351 3278 silem,
1387 3214 1586 3279 lucem,
1634 3215 1797 3279 diem,
1824 3215 2012 3275 vitam,

432 3304 632 3373 ignem,
662 3305 939 3373 spiritum,
976 3321 1201 3375 aquam,
1234 3313 1294 3360 ut
1321 3306 1411 3375 qui
1449 3307 1648 3360 bonmn
1685 3307 1846 3361 vitale
1877 3308 2020 3361 exsi-

430 3407 562 3457 stat,
588 3411 747 3464 quant
788 3398 1040 3451 tenebras
1072 3412 1138 3450 ac
1164 3405 1383 3451 noctem
1405 3438 1421 3465 ,
1460 3398 1673 3467 aliaque
1697 3400 1859 3453 dictis
1890 3414 2026 3453 eon-

437 3487 627 3541 traria.
655 3486 980 3545 Nominatur
1004 3489 1148 3543 enim
1183 3490 1326 3544 Deus
1346 3491 1507 3544 etiam
1542 3506 1646 3545 nox
1678 3508 1741 3545 ac
1766 3492 2021 3558 tenebrae;

430 3596 553 3649 qua:
598 3588 727 3632 sunt
756 3580 972 3647 quidem
999 3582 1344 3647 allirmautia,
1377 3588 1432 3637 at
1464 3598 1587 3652 quae
1619 3583 1722 3636 vim
1751 3584 2026 3639 excellen-

433 3678 503 3729 tis
532 3673 840 3743 negationis
875 3673 1136 3731 habeant.
1190 3672 1356 3728 Deum
1391 3676 1536 3729 enim
1570 3676 1820 3730 tenebras
1857 3692 2022 3732 voca-

434 3785 578 3831 mus,
609 3769 678 3822 ob
716 3767 834 3838 ejus
862 3765 1138 3820 occultam
1168 3766 1521 3837 ign0tamque
1547 3772 1876 3836 essentiam;
1912 3782 2021 3824 non

437 3862 581 3926 quod
611 3860 753 3914 Deus
798 3862 1039 3912 tenebra:
1066 3858 1156 3921 sit,
1191 3861 1285 3913 sed
1312 3861 1454 3927 quod
1488 3876 1594 3913 non
1624 3862 1695 3915 sit
1729 3861 1817 3915 lux
1841 3901 1857 3926 ,
1891 3878 2021 3931 qua-

436 3952 543 4006 lem
586 3951 842 4005 nimirum
878 3949 1051 4005 oculis
1083 3966 1440 4021 usurpamus,
1472 3955 1567 4007 sed
1608 3970 1773 4025 supra
1805 3970 2020 4010 omnem

433 4048 635 4101 lucem.
676 4046 876 4101 Eodem
932 4059 1115 4103 autem
1173 4049 1332 4103 modo
1391 4064 1580 4103 rursus
1627 4051 1790 4105 etiam
1841 4050 2019 4105 lucem

437 4138 697 4200 dicimus,
732 4149 790 4191 ιιι
822 4154 927 4191 non
969 4155 1103 4195 esse
1127 4141 1383 4194 tenebras
1413 4140 1801 4209 signiﬁcemus,
1834 4139 2023 4209 quales

432 4242 561 4284 sunt
596 4220 716 4299 quae
766 4233 950 4285 animo
982 4234 1399 4304 intelliguntur;
1430 4235 1520 4302 qui
1557 4232 1813 4286 nimirum
1856 4234 2040 4289 hocce.

438 4325 559 4378 istis
594 4325 944 4389 studeamus,
974 4337 1031 4379 ut
1065 4326 1328 4395 quidquid
1364 4327 1415 4379 in
1458 4325 1570 4380 Deo
1597 4318 2020 4395 cogitaverimus

436 4430 769 4485 omnemque
821 4417 886 4469 de
935 4432 999 4471 eo
1054 4420 1251 4473 mentis
1307 4417 1746 4471 informationem
1782 4420 1850 4471 ab
1904 4417 2021 4487 ipso

433 4523 831 4573 t'etttoveamtts,
870 4508 1014 4561 velut
1061 4510 1150 4576 qui
1198 4510 1436 4564 essentia
1472 4508 1618 4563 enini
1667 4523 1729 4561 ac
1776 4508 2016 4577 cogitatu

2119 1949 2253 2002 Θεὸν
2285 1949 2593 2020 ὀνομάζειν.
2622 1951 2685 2001 Ai
2711 1951 2817 2019 γὰρ
2849 1951 3192 2017 καταφάσεις
3218 1945 3455 2017 ὓπαρξιν
3498 1948 3591 1999 καὶ
3640 1944 3700 1999 ὃν

2116 2041 2415 2111 δηλοῦσινο
2461 2038 2590 2094 αἱδ⁶
2650 2043 2956 2111 ἀποφάσεις
3020 2043 3279 2111 στέρησιν
3337 2039 3432 2093 καὶ
3500 2039 3575 2108 μὴ
3616 2038 3698 2091 δν.

2119 2134 2461 2203 Τιμιώτερον
2488 2136 2546 2187 δὲ
2573 2137 2669 2187 καὶ
2696 2135 2904 2201 βέλτιον
2933 2137 2997 2187 τὸ
3027 2133 3088 2187 ὸν
3122 2133 3215 2186 τοῦ
3249 2134 3323 2203 μὴ
3352 2133 3505 2196 ὄντος
3530 2148 3543 2161 ’
3604 2132 3700 2183 καὶ

2117 2231 2150 2299 ἡ
2186 2228 2422 2300 ’ὑπαρξις
2453 2231 2551 2299 τῆς
2575 2227 2917 2299 ἅνυπαρξῐας
2945 2228 3039 2281 καὶ
3073 2225 3563 2297 στερήσεω,’.ὲτιεὶ
3604 2226 3702 2277 καί

2118 2323 2150 2393 ή
2180 2321 2416 2392 ῦπαρξις
2445 2322 2621 2374 καὶτὸ
2659 2320 2720 2374 ὃν
2746 2320 2827 2390 τῷ
2844 2319 3035 2390 ἀγαθῷ
3069 2320 3263 2390 ἀνήκει
3287 2334 3300 2347 '
3346 2319 3406 2370 τὸ
3431 2317 3487 2371 δὲ
3539 2319 3614 2385 μὴ
3639 2314 3699 2367 ὃν

2122 2415 2274 2485 καὶὴ
2307 2415 2564 2482 στέρησις
2613 2414 2693 2484 τῷ
2746 2415 2924 2483 κακῷ.
2978 2411 3053 2465 Τὸ
3085 2412 3196 2482 γὰρ
3243 2410 3448 2479 ἀγαθὸν
3493 2408 3552 2459 ὃν
3606 2406 3702 2460 καὶ

2118 2507 2270 2569 ὄντος
2288 2506 2384 2559 καὶ
2408 2507 2698 2577 ὑπάρξεως
2724 2507 2899 2559 αἴτιον
2931 2523 2944 2537 ·
2976 2504 3040 2557 τὸ
3072 2504 3129 2558 δὲ
3160 2504 3330 2559 κακὸν
3363 2502 3440 2572 μὴ
3487 2499 3548 2553 ὸν
3602 2499 3698 2554 καὶ

2117 2598 2325 2667 ἀγαθοῦ
2351 2599 2445 2652 καὶ
2468 2598 2621 2663 ὄντος
2647 2599 2934 2702 στέρησιςὶ

2189 2844 2301 2903 Καὶ
2330 2843 2494 2901 πάλιν
2526 2844 2589 2900 ὲκ
2617 2843 2727 2899 τῶν
2753 2836 3149 2913 καταφατικῶν
3198 2843 3311 2905 τοῖς
3351 2838 3697 2912 τιμιωτέροις

2116 2946 2211 2995 καὶ
2243 2940 2643 3012 πλησιάζουσιν
2667 2939 2818 3009 αὑτῷ
2847 2938 3202 3008 οἰκειοτέρως
3228 2934 3716 3006 ὁνομασθήσεται.-

2115 3034 2435 3105 Τιμιώτερα
2463 3033 2521 3087 δὲ
2555 3033 2621 3086 τὰ
2648 3032 2850 3103 μᾶλλον
2881 3031 3048 3084 αὐτοῦ
3089 3031 3413 3101 μετέχοντα.
3474 3030 3697 3083 Βέλτιον

2115 3123 2210 3181 οὖν
2236 3126 2451 3189 τούτοις
2474 3126 2640 3179 αὐτὸν
2669 3123 2980 3193 ὀνομάζειν,
3039 3122 3213 3194 ἥλιον,
3278 3122 3416 3191 φῶς,
3462 3122 3697 3194 ἡμέραν,

2119 3219 2286 3290 ζωὴν,
2308 3219 2438 3289 πῦρ,
2470 3216 2709 3287 πνεῦμα,
2746 3216 2913 3285 ὕδωρ,
2946 3216 3280 3280 ὡς’ζωτικὸν
3311 3215 3519 3285 ἀγαθὸν
3546 3214 3700 3278 ὄντα,

2125 3310 2160 3379 ἢ
2195 3308 2384 3372 σκότος
2413 3311 2506 3362 καὶ
2537 3309 2732 3370 νύκτα,
2768 3309 2864 3361 καὶ
2884 3307 3053 3362 τᾶλλα
3090 3306 3352 3361 τάναντία
3404 3306 3517 3368 τοῖς
3550 3305 3703 3373 εἰρη-

2129 3397 2335 3471 μένοις.
2361 3400 2720 3469 Ὄνομάζεται
2748 3401 2857 3470 γάρ
2887 3402 2915 3452 ό
2943 3398 3078 3462 Θεὸς
3100 3400 3195 3453 καὶ
3220 3397 3315 3462 νὺξ
3363 3397 3459 3450 καὶ
3486 3395 3703 3460 σκότος,

2123 3492 2161 3548 ἃ.
2199 3492 2551 3563 καταφατικὰ
2578 3493 2678 3559 μέν
2706 3493 2835 3556 εισι,
2867 3492 3099 3561 δύναμιν
3125 3490 3181 3543 δὲ
3216 3489 3546 3560 ὑπεροχικῆς
3568 3489 3705 3540 ἀπο-

2127 3587 2347 3656 φάσεως
2380 3586 2584 3655 ἔχουσι.
2615 3585 2815 3648 Σκότος
2862 3586 2973 3655 γὰρ
3003 3587 3096 3637 τὸν
3129 3583 3266 3637 Θεὸν
3326 3582 3559 3652 λέγομεν
3616 3580 3705 3632 διά

2126 3677 2187 3732 τὸ
2217 3677 2537 3746 ἀπόκρυφον
2572 3676 2668 3729 καὶ
2694 3675 2976 3737 ἄγνωστον
3007 3675 3106 3745 τῆς
3126 3673 3316 3735 οὐσίας
3379 3670 3547 3725 αὑτοῦ
3568 3688 3581 3701 ο
3605 3672 3705 3738 οὐχ

2124 3770 2211 3824 ὅτι
2243 3773 2269 3822 ὁ
2291 3769 2426 3832 Θεὸς
2457 3769 2649 3832 σκότος
2680 3768 2848 3830 ἐστὶν,
2878 3765 2993 3819 ἀλλ’
3018 3765 3101 3819 ὅτι
3128 3766 3228 3818 οὐκ
3252 3763 3372 3816 ἔστι
3409 3763 3546 3832 φῶς,
3587 3755 3699 3812 οἷον

2124 3861 2183 3915 τὸ
2218 3861 2499 3933 ὁρώμενον
2523 3861 2789 3929 δηλονότι,
2816 3858 2931 3913 ἀλλ’
2961 3857 3104 3928 ὑπὲρ
3151 3857 3298 3911 ἅπαν
3541 3853 3701 3907 Κατά

2122 3956 2217 4008 τὸν
2242 3953 2409 4007 αὐτὸν
2439 3952 2497 4005 δὲ
2522 3953 2724 4023 τρόπον
2753 3952 2850 4005 καὶ
2900 3950 3018 4019 φῶς
3081 3949 3247 4003 πάλιν
3300 3948 3557 4018 λέγομεν,
3588 3948 3699 3998 κὸτι

2126 4047 2373 4118 δηλονότι
2398 4047 2498 4099 οὐκ
2534 4045 2650 4099 ἐστι
2679 4043 2893 4110 σκότος,
2930 4038 3042 4097 οἷον
3075 4041 3137 4096 τὸ
3163 4041 3453 4110 νοούμενον
3475 4056 3489 4070 '
3513 4038 3702 4111 βουλό-

2128 4156 2283 4207 μενοι
2315 4138 2405 4190 διὰ
2434 4137 2643 4189 τούτων
2677 4137 2862 4188 πᾶσαν
2917 4136 2986 4205 ἢν
3029 4135 3097 4188 ἂν
3155 4132 3250 4186 ἐπὶ
3302 4131 3439 4185 Θεοῦ
3497 4146 3707 4200 φαντα-

2126 4233 2346 4299 σθῶμεν
2382 4228 2684 4297 φαντασίαν
2712 4228 3160 4296 ἀποπέμπεσθαι,
3219 4226 3295 4288 ὡς
3317 4226 3456 4293 ὐπὲρ
3523 4223 3708 4276 πᾶσαν

2124 4324 2314 4378 οὐσίαν
2355 4324 2451 4377 καὶ
2480 4324 2664 4390 νόησιν
2698 4320 2872 4383 ῦντος.
2911 4319 3175 4381 Πολλάκις
3200 4318 3259 4372 δὲ
3306 4319 3401 4371 καὶ
3420 4317 3481 4382 ἐξ
3524 4317 3707 4386 ἀμφο-

2122 4420 2319 4490 τέρων,
2357 4415 2717 4484 καταφάσεως
2755 4414 2849 4466 καὶ
2898 4413 3248 4482 ἀποφάσεως,
3288 4411 3451 4468 αὑτὸν
3502 4408 3704 4479 ὀνομά-

2124 4510 2416 4582 ζομεν,ὼς
2467 4508 2597 4561 ὅταν
2629 4502 2901 4574 λέγωμεν,
2959 4505 3027 4559 Ἦ
3074 4508 3443 4576 ὐπερούσιος
3494 4506 3701 4570 οὐσία,

433 4602 683 4669 superior
732 4602 822 4654 sit.
876 4598 1026 4653 llau.l
1086 4616 1209 4654 raro
1266 4616 1397 4655 vero
1434 4594 1595 4654 etiam
1649 4615 1713 4654 ex
1770 4602 2017 4669 utrisque

2122 4606 2162 4673 ἡ
2188 4604 2483 4671 ὑπέρθεος
2508 4604 2744 4671 θεότης,
2773 4606 2811 4672 ή
2836 4601 3207 4673 ὑπεράρχιος
3265 4601 3422 4670 ἀρχή
3451 4615 3467 4634 ο
3502 4601 3588 4653 ἵνα
3615 4601 3707 4653 διὰ

435 4694 816 4764 (allirmatioue
864 4705 918 4748 et
969 4694 1278 4763 negatione)
1325 4693 1501 4760 ipsum
1544 4693 1910 4757 nominamus,
1960 4696 2021 4747 nt‘

432 4804 552 4838 eum
581 4786 812 4841 dicimus
843 4803 855 4837 :
888 4785 1356 4855 Superessentialis
1389 4788 1639 4849 essentia,
1671 4800 1834 4855 supra
1860 4803 2018 4856 quam

442 4878 577 4932 Dens
611 4878 810 4938 Deitas.
868 4880 1187 4947 principium
1224 4880 1485 4948 principio
1536 4881 1680 4933 omni
1731 4882 2014 4947 superius;

437 4982 492 5021 ut
527 4969 782 5023 nimirum
839 4986 944 5040 qua
996 4980 1147 5040 parte
1197 4971 1494 5024 inliciando
1542 4971 1847 5039 loquimur,
1898 4988 2020 5027 esse

441 5064 607 5117 Deum
639 5077 802 5133 supra
840 5078 903 5115 ea
938 5079 1057 5130 quae
1099 5074 1248 5128 sunt,
1282 5078 1491 5132 eosque
1534 5066 1624 5131 qui
1657 5066 1726 5117 dii
1762 5080 1855 5133 per
1884 5081 2019 5135 3m-

436 5158 567 5209 tiam
599 5164 889 5219 vocantur,
924 5171 987 5209 ac
1029 5159 1259 5224 quodvis
1288 5157 1505 5209 tandem
1540 5158 1787 5211 dicamus
1819 5160 2021 5227 princi-

434 5248 607 5319 pium,
637 5248 1033 5315 significemus;
1066 5264 1173 5316 quo
1204 5249 1419 5302 scilicet
1451 5246 1618 5303 Drum
1646 5251 1731 5303 his
1766 5251 2021 5306 omnibus

436 5341 679 5394 eminere
713 5337 1094 5405 intelligimus,
1132 5356 1228 5391 nee
1271 5342 1466 5393 divinae
1500 5354 1707 5393 natura:
1759 5344 2016 5413 tuajesla-

443 5444 547 5484 tem
587 5434 653 5483 ad
699 5430 1039 5499 corporalem
1088 5428 1252 5481 ullum
1284 5431 1582 5498 cogitatum
1618 5430 1897 5501 animique
1933 5435 2016 5487 in-

441 5522 823 5597 fortttationem
851 5520 1238 5585 detrahamus;
1274 5536 1379 5591 qua
1411 5536 1565 5591 parte
1601 5538 1727 5576 vero
1756 5525 2019 5579 alltrmate

2127 4699 2229 4767 μὲν
2253 4696 2349 4750 τοῦ
2382 4697 2581 4766 μέρους
2628 4698 2728 4767 τῆς
2761 4697 3091 4765 ἀποφάσεως
3124 4696 3263 4764 ὑπὲρ
3318 4696 3387 4747 τὰ
3440 4692 3570 4747 ὄντα
3612 4694 3707 4746 καὶ

2122 4790 2251 4852 τοὺς
2281 4770 2423 4843 κατᾶ
2450 4791 2610 4861 χάριν
2651 4791 2810 4852 θεοὺς
2849 4789 2946 4842 καὶ
2992 4788 3093 4858 τὴν
3143 4788 3339 4860 ἀρχὴν,
3391 4786 3583 4838 ὁποίαν
3635 4785 3704 4839 ἂν

2123 4884 2286 4951 ἡμεῖς
2326 4882 2613 4951 εἴποιμεν,
2647 4881 2980 4951 δηλώσωμεν
3002 4876 3183 4939 εἶναι)
3202 4881 3277 4941 ὡς
3307 4878 3373 4931 ἂν
3402 4878 3706 4949 ὑπέρτερον

2123 4975 2330 5028 τούτων
2352 4975 2572 5028 πάντων
2592 4974 2759 5028 αὐτὸν
2786 4972 3079 5040 ἐννοῶμεν,
3139 4972 3234 5025 καὶ
3299 4973 3374 5042 μὴ
3402 4973 3464 5025 τὸ
3536 4986 3710 5042 μεγα-

2127 5065 2272 5118 λεῖον
2302 5065 2402 5134 τῆς
2431 5066 2581 5128 Θείας
2605 5066 2820 5133 φύσεως
2852 5064 2934 5127 είς
2962 5080 3083 5121 τινα
3111 5064 3487 5134 κατασπῶμεν
3520 5080 3710 5132 σωμα-

2122 5160 2279 5227 τικὴν
2305 5159 2627 5227 φαντασίαν·
2660 5160 2747 5213 διὰ
2777 5159 2833 5210 δὲ
2861 5157 2958 5211 τοῦ
2983 5159 3183 5229 μέρους
3211 5158 3310 5226 τῆς
3336 5159 3708 5228 καταφάσεως

2121 5253 2299 5322 ἀληθῆ
2315 5254 2525 5315 οὐσίαν,
2560 5253 2650 5306 καὶ
2672 5252 2847 5322 ἀληθῆ
2883 5252 3016 5305 Θεὸν
3065 5254 3160 5307 καὶ
3217 5252 3480 5325 ἀληθινὴν
3528 5254 3707 5323 ἀρχὴν

2124 5345 2285 5397 αὑτὸν
2318 5346 2855 5414 καταλαμϐάνωμεν,
2884 5347 2975 5400 καὶ
2998 5348 3178 5400 πᾶσαν
3206 5348 3461 5418 στέρησιν
3482 5345 3707 5407 ἀτελοῦς

2125 5438 2358 5501 νοήσεως
2390 5435 2484 5487 ἀπ’
2515 5436 2678 5488 αὐτοῦ
2711 5437 3060 5507 ἀφαιρῶμεν.
3110 5438 3274 5491 Ὅθεν
3300 5442 3349 5491 εἰ
3403 5441 3497 5491 καὶ
3519 5439 3548 5489 ὁ
3602 5438 3704 5508 μὲν

2128 5529 2485 5599 Δαμασκηνὸς
2512 5532 2576 5597 τῇ
2610 5533 2951 5599 καταφατικῇ
2983 5531 3183 5599 μᾶλλον
3213 5530 3309 5583 ἐπὶ
3361 5526 3497 5584 Θεοῦ
3555 5525 3704 5582 τίθε-

518 5719 628 5803 ($5)
656 5715 954 5789 lngenims.
990 5717 1081 5775 Sic
1110 5730 1163 5777 et
1191 5719 1482 5790 Gregorius
1522 5730 1574 5779 rt
1602 5721 1995 5794 Damascenus,
2035 5726 2138 5782 etsi
2174 5742 2274 5783 nec
2309 5728 2412 5801 ipsi
2442 5729 2642 5802 aliique
2674 5727 2819 5788 istud
2854 5732 3168 5793 observant.
