4074 6414
412 294 510 355 457

1375 295 1474 354 DE
1517 290 1943 354 PRINCIPIIS
1985 293 2196 353 FIDE!
2237 285 2712 352 CATIIOLlC/E.
2755 246 2762 251 ’

3570 288 3678 352 458

398 422 487 457 ται
519 403 786 474 θεολογία,
821 405 850 457 ὁ
880 404 935 458 δὲ
975 405 1118 468 θεῖος
1175 393 1450 469 Διονύσιος
1505 407 1570 476 τῇ
1628 406 1966 475 ἀποφατικῄ

2090 403 2380 466 alierimus,
2429 419 2612 458 veram
2666 402 2962 458 essentiam
2991 443 3006 467 ,
3055 415 3358 472 verumque
3405 401 3575 456 Deum
3621 410 3679 456 et

398 493 656 548 καὶκατὰ
689 495 850 549 τοῦτο
907 497 1198 566 διαφωνεῖν
1254 495 1510 566 ἀλλήλοις
1539 496 1806 559 δοκοῦσιν,
1837 497 1976 550 ἀλλὰ

396 585 536 638 κατὰ
579 583 784 656 ταύτην
812 587 912 656 τὴν
937 587 1152 640 ἔννοιαν
1183 588 1301 650 τοῖς
1323 586 1500 658 ὀρθῶς
1523 587 1694 658 ὁρῶσι
1715 587 1810 640 καὶ
1837 588 1970 655 σφό-

393 677 496 744 δρα
522 677 929 746 συμφωνοῦσιν.

2085 514 2275 552 verum
2335 498 2662 568 principium
2717 497 2896 566 ipsum
2947 497 3518 566 comprehendamus,
3559 509 3680 549 om-

2086 604 2327 658 nemque
2363 590 2724 659 privationem
2755 589 3065 658 imperfecti
3101 599 3406 658 conceptus
3433 603 3498 642 ac
3525 586 3680 653 cogi-
3738 644 3752 659 ε

2089 691 2233 736 tatus
2267 681 2334 735 ab
2365 695 2433 735 eo
2470 694 2874 734 removeamus.
2920 680 3075 735 Unde
3105 681 3356 750 quamvis
3387 680 3681 734 Damasee-
3729 697 3732 700 ’

395 785 499 826 nus
525 769 813 826 allirmauti
843 772 1126 843 theologia
1158 775 1211 827 in
1242 774 1350 830 Deo
1381 775 1553 844 magis
1582 773 1812 837 tribuat,
1842 775 2059 831 divinus
2095 791 2230 830 vero
2301 777 2592 846 Dionysius
2651 777 2893 845 neganti,
2951 777 3128 846 eaque
3189 778 3402 832 ratione
3460 778 3681 831 videan-

395 870 484 916 tur
515 862 659 917 inter
687 879 750 920 se
778 863 1091 931 dissentire,
1115 880 1281 921 sensu
1307 876 1488 922 tamen
1514 868 1622 936 jam
1656 867 1950 937 explicato,
1993 879 2142 925 recte
2205 869 2629 939 dispicientibus
2668 869 2826 924 valde
2862 869 3028 923 etiam
3093 868 3411 923 consentire
3448 871 3680 937 compe-

397 957 634 1012 riuutur.

467 1049 676 1120 Ὠσπερ
698 1049 791 1103 οὖν
812 1050 1094 1121 ἐλέγομεν,
1118 1050 1401 1122 ἀνώνυμος
1431 1052 1535 1122 μέν
1587 1055 1738 1107 ἐστιν
1766 1055 1795 1107 ὁ
1851 1054 1989 1117 Θεὸς

399 1143 541 1196 κατὰ
577 1143 674 1212 τὴν
732 1143 943 1208 οὐσίαν,
1002 1142 1362 1214 πολυώνυμος
1401 1144 1457 1198 δὲ
1520 1147 1662 1198 κατὰ
1693 1145 1790 1208 τὰς
1836 1149 1987 1218 ἐνερ-

399 1234 572 1301 γείας.
603 1235 676 1287 Τὸ
697 1233 805 1305 γὰρ
834 1234 1014 1300 Θεῖον,
1036 1237 1064 1288 ὅ
1097 1237 1150 1289 τί
1183 1235 1304 1288 ποτ’
1338 1236 1488 1289 ἔστιν
1546 1239 1742 1301 έκεῖνο,
1763 1237 1822 1290 ἓν
1882 1238 1982 1308 μὲν

396 1329 463 1396 τῇ
503 1326 682 1394 φὺσει,
714 1328 838 1390 ταῖς
861 1327 1170 1398 ἐνεργείαις
1225 1327 1285 1380 δὲ
1331 1328 1600 1383 ποικίλον.
1665 1329 1816 1381 Ἐπεὶ
1871 1333 1979 1398 γὰρ

399 1417 514 1472 ὰπὸ
555 1416 673 1470 τῶν
701 1418 1014 1486 ὁρωμένων
1041 1422 1073 1472 ό
1106 1419 1254 1485 Θεὸς
1304 1418 1648 1487 καθορᾶται,
1707 1421 1848 1473 κατὰ
1885 1421 1978 1474 τὸν

401 1511 540 1564 Θείον
575 1510 920 1575 Ἀπόστολον,
948 1511 1118 1565 πολλὰ
1145 1513 1203 1566 δὲ
1230 1513 1301 1566 τὰ
1318 1513 1572 1594 ὁρώμενα
1594 1515 1690 1567 καὶ
1713 1513 1970 1582 διάφορα,

401 1605 622 1666 εἰκότως
669 1607 766 1658 καὶ
809 1605 1025 1669 πολλοῖς
1080 1607 1347 1677 ὀνόμασιν
1399 1607 1564 1662 αὐτὸν
1619 1609 1976 1679 ὀνομᾲζομεν

398 1696 473 1756 ὡς
492 1695 684 1749 αίτιον.
715 1697 826 1765 Τὴν
844 1698 954 1767 γὰρ
977 1697 1085 1750 τῶν
1117 1698 1401 1768 ὀνομάτων
1448 1699 1580 1768 ὕλην
1631 1700 1738 1752 ἀπ’
1793 1701 1973 1753 αὐτῶν

2167 1055 2357 1126 Igitur,
2416 1061 2476 1108 ut
2523 1053 2866 1118 dicebamus,
2909 1053 3160 1108 essentia:
3201 1052 3414 1123 quidem
3466 1051 3678 1109 ratione

2092 1148 2234 1203 Deus
2277 1146 2690 1202 innominabilis
2745 1155 2871 1201 est:
2923 1147 2988 1199 ad
3027 1148 3370 1214 operationes
3401 1156 3581 1200 autem
3613 1161 3678 1200 ac

2088 1241 2318 1295 virtutes
2369 1240 2513 1309 quod
2568 1238 2784 1303 attinet,
2841 1235 3127 1306 multiplex
3200 1237 3511 1291 nominibus
3568 1247 3673 1292 est.

2087 1329 2222 1384 Nam
2267 1329 2514 1394 Numen;
2567 1329 2620 1382 id
2669 1329 2820 1398 quod
2858 1327 3078 1381 tandem
3139 1337 3245 1391 est,
3282 1341 3443 1381 unum
3482 1336 3678 1382 natura

2085 1430 2167 1476 est
2195 1437 2208 1474 :
2240 1436 2428 1474 verum
2471 1419 2883 1487 operationibus
2913 1433 2976 1472 ae
3010 1419 3306 1473 virtutibus
3333 1421 3542 1472 varium
3571 1431 3677 1475 est.

2087 1513 2157 1569 Ut
2213 1514 2355 1569 enim
2414 1523 2608 1569 auctor
2661 1521 2745 1567 cst
2779 1513 2997 1568 divinus
3034 1512 3370 1580 Apostolus:
3417 1511 3555 1566 Deus
3586 1530 3682 1582 per

2085 1604 2323 1659 visibilia
2371 1618 2568 1673 resque
2641 1603 2816 1658 oculis
2881 1605 3175 1673 subiectas,
3231 1606 3563 1671 conspicitur
3598 1607 3678 1680 ³¹;

2082 1713 2315 1766 cumque
2350 1698 2467 1754 hac
2505 1697 2674 1751 multa
2702 1697 2810 1752 siut
2859 1706 2914 1752 et
2969 1698 3221 1762 diversa,
3259 1700 3449 1753 merito
3510 1700 3678 1753 etiam

397 1788 652 1856 ἕλκομεν,
701 1789 842 1842 κατά
873 1791 966 1842 τὸν
1003 1789 1150 1843 θεῖον
1209 1791 1618 1862 Γρηγόριον,ὄς
1678 1809 1835 1860 φησι,
1899 1791 1979 1846 Τὰ

2090 1789 2269 1844 multis
2323 1805 2447 1844 eum
2497 1790 2827 1855 nominibus,
2879 1799 3147 1858 quatenus
3181 1799 3373 1845 auctor
3404 1787 3473 1846 ac
3504 1806 3680 1845 causa

397 1877 468 1930 ἐν
505 1875 585 1942 τῷ
619 1878 800 1932 παντί
840 1879 1288 1948 ἐνθεωρούμενα
1318 1882 1593 1950 θαύματα
1623 1881 1745 1934 τῶν
1776 1884 1986 1936 θεολο-

397 1969 582 2038 τικῶν
602 1969 910 2039 ὀνομάτων
935 1970 1052 2038 τὴν
1084 1973 1245 2040 ὕλην
1275 1972 1502 2038 δίδωσι,
1527 1973 1606 2026 δι’
1639 1967 1734 2028 ὧν
1766 1975 1984 2043 σοφεν,

397 2064 682 2127 δυνατὸν,
710 2064 900 2133 ἅγιον,
933 2064 1183 2136 ἀγαθὸν,
1210 2066 1529 2136 μακάριον,
1588 2067 1804 2131 ἀΐδιον,
1861 2084 1987 2135 κρι-

398 2158 536 2226 τὴν,
565 2159 823 2227 σωτῆρα,
849 2161 946 2213 καὶ
991 2160 1065 2214 τὰ
1088 2161 1334 2216 τοιαῦτα
1366 2160 1869 2230 κατονομάζομεν.
1905 2159 1986 2214 Τὰ

400 2251 583 2304 τοίνυν
619 2252 857 2321 ὀνόματα
887 2255 982 2308 καὶ
1009 2255 1256 2323 νοήματα
1282 2254 1352 2307 τὰ
1374 2253 1482 2308 ἀπὸ
1524 2255 1636 2307 τῶν
1694 2253 1989 2323 ἐνεργειῶν

400 2343 519 2404 ταις
542 2343 840 2412 ἡμετέραις
869 2343 1139 2407 διανοίαις
1167 2345 1685 2414 συλαγωτούμενα
1723 2345 1866 2398 κατὰ
1895 2343 1987 2396 τὸν

400 2429 601 2498 τρόπον
631 2433 724 2484 καὶ
755 2431 852 2501 τὴν
882 2432 1114 2504 δύναμιν
1159 2433 1258 2486 τοῦ
1292 2435 1637 2505 ἀνθρωπίνου
1677 2434 1794 2499 νοῦ,
1817 2433 1989 2488 πολλὰ

401 2523 499 2576 καὶ
525 2522 759 2593 διάφορα
805 2524 958 2589 ὄντα,
981 2527 1051 2579 τὰ
1085 2525 1188 2596 μὲν
1218 2527 1544 2598 ἀρρενικῶς·
1574 2528 1983 2598 προφερόμενα,

401 2613 560 2667 τὰδὲ
598 2613 869 2684 θηλυκῶς,
902 2618 973 2670 τὰ
1001 2618 1060 2670 δὲ
1091 2619 1412 2689 οὐδετέρως,
1445 2619 1542 2672 τοῦ
1575 2619 1862 2688 μεγαλείου
1889 2619 1990 2688 τῆς

407 2701 624 2770 φύσεώς
654 2708 795 2758 εἰσιν
817 2706 1148 2772 ὲνδεικτικὰ,
1185 2708 1325 2762 κατὰ
1351 2708 1444 2761 τὸν
1472 2707 1644 2777 μέγαν
1701 2707 1990 2761 Βασίλειον

404 2795 466 2845 ἐν
489 2793 653 2861 τρίτῳ
677 2793 784 2848 τῶν
831 2794 1315 2864 Ἀντιρῤητικῶν,
1345 2797 1442 2850 καὶ
1485 2796 1578 2850 τὸν
1628 2796 1794 2849 αὐτὸν
1859 2797 1991 2865 ἡμῖν

407 2884 846 2955 ὑποσημαίνουσι
874 2885 1029 2951 Θεὸν,
1067 2887 1164 2941 καὶ
1191 2889 1270 2950 είς
1320 2887 1566 2940 ἐπίνοιαν
1620 2886 1767 2958 ἡμᾶς
1823 2885 1989 2940 αὐτοῦ

349 3048 358 3055 ⁸
404 2980 653 3045 ἄγουσιν,
687 2980 764 3040 είς
794 2979 854 3032 ἓν
883 2997 934 3032 τι
973 2979 1073 3049 τῆς
1103 2979 1368 3050 ἀληθείας
1405 2979 1660 3050 ἷνδαλμα,
1690 2979 1766 3043 ὡς
1797 2978 1990 3050 6.820-

402 3074 560 3141 λόγος
591 3073 736 3140 λέγει
760 3071 798 3122 Γ
805 3072 1059 3144 ρηγὸριος
1089 3071 1202 3140 (56)
1224 3085 1239 3102 '
1271 3072 1370 3123 οὐκ
1392 3070 1876 3141 ἀναγκαζομένους
1901 3069 1988 3125 διὰ

403 3169 503 3232 τὴν
533 3165 642 3218 τῶν
667 3165 947 3234 ὀνομάτων
983 3164 1269 3235 προφορὰν
1299 3161 1393 3215 καὶ
1445 3161 1544 3233 τὴν
1601 3161 1703 3233 τῆς
1742 3161 1982 3225 διανοίας

401 3255 689 3310 ἀσθένειαν
718 3256 750 3326 ἢ
778 3257 947 3327 ἄρρεν
979 3256 1012 3325 ἢ
1059 3255 1196 3324 θῆλυ
1220 3253 1399 3320 λέγειν
1441 3255 1591 3307 ὲκείο
1635 3253 1773 3308 ἀλλὰ
1803 3256 1986 3308 πᾶσαν

405 3347 591 3415 νόησιν
617 3347 710 3400 καὶ
733 3349 916 3400 πᾶσαν
937 3346 1228 3400 ἀσθένειαν
1244 3348 1356 3407 τοῖς
1377 3346 1434 3398 ὲν
1462 3345 1675 3412 γενέσει
1691 3349 1786 3398 καὶ
1809 3346 1986 3417 φθορᾷ

404 3441 808 3511 συμϐαίνουσαν
861 3440 1142 3503 παντελῶς
1191 3438 1631 3500 ἀπελαύνονταςο
1685 3439 1823 3507 ὅπερ
1867 3439 1986 3493 ἐστὶ

405 3535 506 3604 μὲν
538 3540 630 3588 καὶ
678 3535 998 3603 ἀναγκαῖον.

2088 1890 2190 1946 est,
2246 1882 2621 1952 indigitamus.
2677 1879 2840 1936 Teste
2887 1883 3030 1935 enim
3087 1883 3245 1937 bean
3293 1883 3580 1952 Gregorio,
3612 1897 3680 1936 ex

2089 1971 2197 2026 illis
2243 1977 2525 2027 nominum
2577 1983 2814 2044 segetem
2871 1974 3157 2029 trahimus.
3189 1973 3276 2027 Ait
3302 1975 3448 2029 enim
3491 1991 3505 2026 :
3547 1975 3681 2039 Quae

2088 2064 2143 2117 in
2191 2065 2432 2117 universo
2458 2065 2725 2118 miracula
2789 2067 3210 2132 conspiciuntur,
3262 2067 3678 2138 theologicorum

2088 2156 2362 2209 nominum
2421 2157 2700 2209 materiam
2755 2158 3099 2223 ministrant;
3165 2161 3302 2212 unde
3359 2159 3673 2228 sapientem,

2088 2255 2371 2316 potentem,
2401 2255 2667 2311 sanctum,
2702 2247 2920 2312 bonum,
2952 2249 3187 2315 beatum,
3215 2257 3494 2314 tetern‘um,
3519 2251 3676 2320 judi-

2089 2355 2221 2404 cem,
2272 2349 2614 2402 servatorem,
2668 2347 2719 2392 et
2766 2355 2883 2407 qua:
2917 2341 3030 2408 ejus
3087 2343 3291 2410 generis
3348 2352 3492 2406 sunt,
3558 2359 3678 2398 euut

2090 2447 2479 2499 nuncupamus.
2518 2430 2745 2484 Nomina
2782 2431 2966 2500 itaque
2991 2448 3280 2503 sensaque,
3305 2449 3403 2502 pro
3431 2436 3680 2490 humana

2093 2525 2292 2579 mentis
2343 2525 2558 2578 ratione
2615 2535 2668 2578 et
2695 2524 2954 2579 facultate
3014 2541 3078 2580 ex
3137 2529 3549 2596 operationibus
3611 2544 3678 2583 ac

2088 2615 2407 2680 virtutibus,
2490 2616 2912 2686 cogitationibus
2982 2620 3183 2673 nostris
3252 2619 3498 2687 collecta,
3559 2637 3679 2692 quze

2091 2708 2259 2762 multa
2319 2709 2428 2764 sint
2450 2723 2515 2763 ac
2542 2710 2784 2774 diversa,
2811 2697 3026 2779 aliaque
3054 2713 3374 2780 masculine,
3413 2713 3677 2770 feminine

2094 2799 2226 2863 alia,
2285 2809 2452 2872 atque
2495 2802 2599 2857 alia
2650 2813 2841 2858 neutro
2890 2818 3090 2874 genere
3142 2805 3509 2876 proferantur,
3571 2810 3678 2863 vim

2093 2894 2292 2949 habent
2361 2896 2709 2950 ostendendae
2794 2897 3116 2964 majestatis,
3170 2908 3230 2952 ut
3315 2909 3505 2954 auctor
3587 2909 3674 2956 est

2091 2999 2325 3054 magnus
2382 2985 2636 3052 Basilius,
2686 2985 3129 3056 Confutationum
3180 2989 3319 3045 libro
3370 3007 3455 3057 ut,
3513 3003 3679 3062 atque

2097 3089 2265 3129 unum
2318 3075 2475 3132 nobis
2534 3075 2702 3131 Deum
2762 3079 3091 3148 significant,
3165 3081 3232 3134 ad
3285 3081 3512 3152 ejusque
3571 3101 3676 3138 nos

2097 3176 2418 3234 conceptum
2448 3165 2656 3224 ducunt
2680 3187 2694 3224 :
2724 3169 2791 3225 ad
2817 3185 2978 3225 unum
3006 3171 3214 3227 scilicet
3243 3172 3382 3228 exile
3403 3175 3675 3244 quoddam

2095 3275 2161 3316 ac
2187 3263 2473 3317 obscurius
2499 3261 2641 3318 illius
2667 3263 3017 3319 siu‘mlacrum
3043 3275 3095 3319 et
3119 3269 3673 3334 reprzeseutationem,

2095 3361 2159 3408 ut
2207 3353 2504 3424 Gregorius
2536 3353 2842 3426 Tlteologus
2901 3356 3172 3426 loquitur:
3227 3373 3325 3412 nec
3380 3362 3672 3431 quidquam

2097 3443 2376 3499 nominum
2429 3443 2517 3499 illa
2571 3446 2896 3514 prolatione,
2946 3445 3249 3517 mentisque
3279 3463 3342 3504 ac
3371 3450 3678 3521 intelligen-

2091 3537 2183 3592 tiae
2229 3537 2622 3603 imbecillitate,
2685 3540 2951 3608 cogimur,
3014 3551 3070 3593 ut
3123 3541 3205 3595 vel
3257 3545 3555 3598 masculum
3596 3547 3679 3601 vel

403 3624 659 3680 feminam
716 3625 1405 3695 illielutelligamuszsed
1475 3637 1694 3678 omnem
1763 3622 2060 3690 cogitatum
2100 3642 2431 3698 omnemque
2513 3629 2908 3697 infirmitatem,
2986 3646 3104 3698 qua:
3175 3643 3352 3687 rerum
3398 3637 3538 3690 ortui
3611 3654 3676 3692 ac

405 3719 700 3775 interitioni
753 3721 1108 3776 obuoxiarum
1174 3721 1389 3776 affectio
1437 3719 1530 3784 sit,
1553 3718 1747 3788 procul
1785 3718 2072 3788 abigamus
2117 3743 2132 3779 :
2173 3733 2338 3795 atque
2380 3725 2441 3780 id
2475 3739 2605 3780 vero
2639 3740 2861 3781 necesse
2903 3736 2961 3781 ut
3011 3726 3292 3782 faciamus.

479 3813 734 3867 Διδάσκει
769 3813 828 3866 δὲ
851 3815 1016 3867 πάλιν
1046 3815 1140 3866 καὶ
1165 3816 1192 3867 ὁ
1222 3813 1387 3877 αὐτὸς
1424 3814 1596 3884 μέγας
1627 3812 1907 3874 Βασίλειος
1937 3813 1996 3866 ὲν

408 3905 508 3974 μὲν
524 3904 601 3971 τῷ
619 3905 752 3972 πρὸς
775 3904 844 3956 Εὐ
852 3903 983 3956 στάθ
994 3921 1070 3956 ιον
1089 3903 1201 3973 (57)
1215 3904 1299 3956 ὃτι
1317 3902 1392 3956 Τὰ
1408 3900 1710 3970 θεοπρεπῆ
1723 3901 1997 3969 νοήματα

402 3997 503 4050 καί
549 3997 810 4066 ὀνόματα
829 3995 922 4064 ἐφ’
953 3995 1022 4049 ἓν
1059 3996 1460 4065 ὑποκείμενον
1495 3993 1842 4064 χειραγωτεῖ
1879 3993 1996 4061 τὴν

405 4088 680 4142 διάνοιαν
709 4105 722 4119 ο
762 4086 862 4142 καὶ
907 4087 1139 4156 ὅσαπερ
1194 4087 1272 4140 ἂν
1332 4086 1527 4152 εἴποις
1587 4087 1875 4158 ὀνόματα,
1924 4087 1994 4142 ἐν

404 4184 536 4238 ἐστι
587 4182 683 4238 διὰ
733 4184 981 4236 πάντων
1005 4183 1073 4236 τὸ
1134 4183 1621 4251 σημαινόμενον·
1675 4183 1793 4239 κᾶν
1843 4186 1993 4240 Θεὸν

405 4278 606 4345 εἴπῃς,
641 4279 747 4331 τὸν
777 4279 964 4334 αὐτὸν
991 4276 1292 4342 ἐνεδείξω,
1321 4277 1394 4330 ὃν
1423 4277 1522 4330 καί
1561 4277 1661 4332 διὰ
1689 4278 1809 4332 τῶν
1859 4281 1985 4333 λοι-

409 4369 540 4422 πῶν
570 4369 885 4438 ὀνομάτων
909 4385 924 4401 ·
969 4371 1027 4421 ὲν
1057 4369 1113 4421 δὲ
1142 4369 1221 4440 τῷ
1271 4367 1394 4422 κατ’
1445 4370 1715 4438 Εὐνομὶου
1785 4369 1988 4441 πρώτῳ

412 4461 590 4531 ῥητῶς
611 4462 815 4516 οὑτωσὶ
849 4462 1023 4528 λέγει,
1056 4462 1113 4512 Ὁ
1145 4463 1362 4530 Κύριος
1388 4462 1554 4532 ἡμῶν
1593 4463 1831 4531 Ἰησοῦς
1859 4467 1992 4534 Χρι-

2169 3816 2337 3874 Docet
2355 3832 2484 3872 vero
2503 3833 2716 3872 rursum
2748 3819 2887 3873 idem
2913 3835 3128 3889 quoque
3159 3837 3388 3892 magnus
3420 3822 3675 3892 Basilius.

2096 3904 2234 3963 libro
2283 3908 2502 3973 quidem
2535 3909 2604 3960 ad
2650 3907 2987 3962 Eustathium
3021 3924 3039 3962 :
3070 3891 3267 3963 Divina
3318 3891 3472 3966 sensit
3519 3924 3675 3986 atque

2095 4004 2331 4067 nomina,
2389 4002 2460 4054 ad
2505 4017 2665 4054 unum
2714 4000 3003 4070 subjectum
3032 4013 3252 4056 mentem
3281 4006 3671 4075 manuducere;

2093 4107 2155 4144 ac
2215 4105 2540 4161 quacunque
2606 4091 2801 4144 dixeris
2868 4093 3100 4156 nomina,
3165 4091 3220 4144 id
3272 4095 3410 4164 quod
3438 4100 3674 4153 omnibus

2091 4182 2446 4251 signiﬁcatur,
2483 4197 2644 4235 unum
2671 4197 2820 4244 esse;
2855 4183 2961 4235 sive
2987 4181 3149 4235 Deum
3173 4183 3389 4251 dixeris,
3433 4191 3674 4244 eumdem

2094 4274 2389 4337 ostendisti,
2421 4289 2573 4340 quem
2603 4283 2652 4326 et
2689 4273 2986 4327 nominibus
3021 4275 3259 4344 reliquis.
3293 4277 3480 4344 Priore
3523 4296 3675 4348 vero,

2095 4373 2346 4420 adversus
2403 4365 2749 4433 Eunomium,
2812 4368 2894 4422 sic
2958 4367 3163 4422 diserte
3204 4369 3281 4424 ait
3340 4387 3357 4426 :
3423 4373 3676 4432 Dominus

2099 4470 2278 4512 noster
2308 4459 2467 4512 Jesus
2492 4457 2758 4522 Christus,
2792 4474 2910 4513 cum
2958 4459 3022 4513 de
3065 4463 3236 4528 seipso
3267 4463 3420 4516 verba
3452 4465 3674 4534 faceret,

407 4555 576 4618 στὸς,
612 4555 682 4608 ἐν
710 4554 832 4617 τοῖς
870 4553 1003 4622 περὶ
1033 4554 1169 4608 eam
1183 4554 1254 4608 οῦ
1277 4555 1483 4622 λόγοις
1517 4555 1630 4623 τὴν
1659 4561 1985 4625 φιλανθρω-

2097 4562 2146 4604 et
2205 4551 2425 4604 Deitatis
2481 4552 2535 4604 in
2576 4550 2810 4604 homines
2860 4550 3108 4618 aﬂ'ectum
3165 4567 3229 4604 ac
3279 4552 3675 4616 lncarnationis

412 4643 560 4701 πίοι·
590 4646 701 4714 τῆς
727 4647 1040 4713 Θεότητος,
1069 4647 1166 4699 καὶ
1197 4645 1316 4714 τὴν
1346 4647 1416 4710 ἐξ
1439 4648 1790 4717 οἰκονομίας
1811 4649 1989 4716 χάριν

411 4738 539 4802 τοῖς
568 4737 910 4806 ἀνθρώποις
959 4735 1348 4804 παιαδηλῶν,
1384 4737 1658 4806 ἰδιώμασι
1717 4755 1839 4792 τισι
1863 4739 1989 4806 τοῖς

410 4827 548 4896 περὶ
579 4827 799 4880 ἑαυτὸν
852 4826 1281 4895 θεωρουμένοις
1337 4826 1694 4896 ἀπεσήμαινε
1739 4830 1987 4896 ταύτην,

410 4921 602 4988 θύραν
641 4921 858 4974 ἑαυτὸν
905 4921 1104 4988 λέγων
1171 4921 1270 4973 καὶ
1334 4919 1477 4973 ὁδὸν
1508 4921 1607 4974 καὶ
1647 4921 1831 4988 ἄρτον
1889 4921 1989 4974 καὶ

415 5010 692 5080 ἄμπελον
723 5011 828 5064 καὶ
855 5010 1112 5080 ποιμένα
1141 5009 1243 5065 καί
1272 5009 1396 5080 φῶς
1431 5028 1446 5044 ο
1477 5013 1551 5065 οὐ
1591 5009 1990 5080 πολυώνυμός

2093 4644 2320 4706 gratiam
2355 4644 2702 4710 subaperiret,
2744 4643 3059 4712 quibusdam
3081 4646 3516 4713 proprietatibus,
3541 4668 3672 4719 quas

2090 4742 2145 4785 tu
2182 4748 2242 4785 eo
2269 4734 2602 4787 considerare
2635 4736 2921 4800 possimus,
2950 4751 3066 4787 eam
3098 4733 3437 4803 signiﬁcavit.
3466 4738 3672 4797 Ostium

2091 4826 2226 4879 enim
2266 4827 2498 4893 seipsum
2547 4834 2596 4879 et
2631 4829 2790 4880 vitam
2833 4836 2881 4881 et
2925 4843 3111 4896 panem
3151 4839 3198 4883 et
3237 4832 3393 4886 uitem
3418 4844 3467 4887 et
3490 4848 3673 4904 pasto-

2094 4933 2200 4972 rem
2237 4928 2285 4972 et
2309 4917 2476 4970 lucem
2512 4920 2800 4973 nominavit
2839 4921 2918 4988 ³²;
2954 4939 3057 4978 non
3104 4927 3244 4994 quod
3285 4927 3465 4994 multis
3501 4932 3673 4984 nomi-

2094 5011 2248 5064 nibus
2301 5011 2558 5079 prwditus
2613 5012 2715 5079 sit;
2746 5028 2836 5067 nec
2879 5015 3018 5068 enim
3071 4991 3416 5104 cuncta‘ltazc
3456 5025 3672 5079 nomina

482 5189 527 5224 ιι
567 5189 726 5246 Rom.
757 5206 796 5255 ι,
827 5189 918 5242 20.
985 5187 1032 5220 ³³
1058 5185 1216 5244 Joan.
1251 5201 1290 5251 ι,
1323 5186 1394 5251 7;
1447 5197 1556 5250 χιν,
1612 5183 1678 5250 6;
1720 5199 1797 5252 vr,
1829 5181 1935 5254 35;
1979 5201 1985 5242 1

2105 5187 2171 5253 1;
2212 5203 2292 5254 xl,
2336 5188 2445 5260 l4;
2486 5203 2604 5257 Vlll,
2638 5189 2726 5248 l2.

508 5381 601 5436 ‘56l
631 5379 784 5436 Orat.
821 5379 915 5434 36.

486 5383 577 5452 (‘56
631 5383 784 5436 Orat.
821 5383 915 5434 56.

486 5383 601 5524 (37;
639 5453 756 5524 _’Er
804 5449 920 5518 μὲν
958 5447 1234 5524 τῷηπρὸς
1271 5441 1983 5524 Ερᾳτοξᾷιονηβυειειιιξυε

418 5512 508 5578 hie
537 5512 820 5583 Medicus;-
848 5537 953 5573 non
1007 5512 1222 5572 alienus
1257 5532 1286 5572 a
1339 5515 1561 5577 Basilio,
1607 5512 1980 5583 alius_abEu-

415 5593 618 5646 stathio
653 5581 952 5645 Sebasteno
983 5592 1261 5656 episeopo,
1291 5587 1342 5639 in
1379 5601 1538 5652 quem
1570 5583 1714 5656 idem
1747 5581 1979 5656 Basilius

414 5665 632 5716 strinxit
655 5663 874 5732 stylum,
907 5671 961 5713 et
1091 5652 1540 5732 subscribendam
1569 5652 1751 5708 Fidem
1775 5655 1974 5724 coegit.

417 5733 606 5788 Exstat
631 5724 939 5799 esentplum
961 5730 1124 5796 epist.
1157 5728 1246 5782 78.
1285 5727 1383 5780 llic
1417 5724 1642 5781 Calecas
1678 5738 1785 5778 non
1811 5732 1976 5779 totam

733 5827 1008 5884 Parnm"
1053 5824 1166 5884 GR.
1203 5821 1377 5885 CLII.

2091 5378 2257 5460 refert
2317 5380 2506 5460 Basilii
2561 5383 2914 5460 sententiam,
2977 5385 3071 5460 sed
3129 5401 3196 5440 ex
3244 5386 3667 5460 _illa_sublegit,

2089 5459 2380 5525 quantum
2403 5453 2509 5525 sibi
2539 5469 2603 5508 ac
2633 5454 2887 5510 instituto
2917 5457 3051 5511 satis
3075 5457 3302 5525 putavit.
3346 5458 3502 5521 Quod
3537 5453 3676 5513 scti-

2086 5519 2198 5588 psit
2231 5521 2531 5596 s§,_?.éyov
2567 5525 2821 5596 referat;
2858 5527 2960 5596 etsi
2992 5519 3271 5596 epi'stolari
3305 5519 3478 5580 forma
3525 5529 3669 5582 seri-

2086 5598 2215 5665 ptus
2242 5591 2458 5665 libellus
2482 5602 2588 5660 est,
2611 5610 2712 5649 nec
2742 5595 2985 5665 epistola:
3011 5591 3232 5651 modum
3255 5597 3489 5663 excedit,
3524 5599 3669 5654 unde

2085 5661 2228 5715 inter
2254 5663 2514 5732 epistolas
2544 5665 2750 5721 relatus
2775 5661 2890 5722 est.

3243 5825 3318 5886 15
