4074 6422
401 265 508 332 459

1664 265 2068 332 MANUELIS
2099 266 2406 329 CALECJE

3556 271 3667 337 460

403 379 584 434 eodem
624 379 759 434 inter
789 395 844 433 se
877 377 1120 434 tendunt.
1155 377 1428 448 Siquidem
1475 378 1625 435 aliud
1682 381 1794 447 lu.~r,
1835 380 1981 434 aliud

2091 393 2177 445 τις
2230 379 2350 434 ὢν·
2383 382 2456 434 οὐ
2481 381 2590 450 γὰρ
2645 380 2843 437 πάντα
2875 383 2946 436 τὰ
3006 383 3270 452 ὀνόματα
3314 384 3402 450 εις
3444 385 3676 442 ταυτὸν

403 474 553 538 vitis,
600 473 748 526 aliud
797 473 901 539 via,
937 472 1090 528 aliud
1135 481 1320 542 pastor
1359 473 1650 542 signiﬁcat,
1705 473 1796 528 sed
1856 490 1978 528 cum

403 583 567 620 unum
619 565 869 634 quiddam
938 567 1032 632 sit,
1089 573 1349 634 quatenus
1418 567 1642 636 subjecti
1716 567 1981 622 rationem

401 658 576 721 habet,
602 673 808 728 unaque
846 657 1144 712 substantia
1179 665 1229 712 et
1261 656 1480 726 simplex
1503 659 1746 729 omnique
1785 675 1981 714 uocans

402 749 796 815 compositione,
873 749 1011 802 alias
1068 749 1226 802 aliter
1265 749 1497 817 seipsum
1558 751 1818 813 nominat,
1881 749 1982 804 sibi

401 841 510 906 ipse
562 839 800 895 diuersas
853 838 1229 908 appellationes
1274 840 1460 894 subtili
1512 843 1698 896 mentis
1745 842 1982 912 cogitatu

401 934 795 1003 rationibusque
825 933 1042 986 inter°se
1070 932 1353 987 distinctas
1407 937 1829 988 accommodans.
1858 930 1984 988 Pro

402 1023 766 1092 operationum
822 1024 962 1078 enim
1007 1024 1418 1094 e/j'ectorumque
1467 1025 1794 1094 diversitate,
1827 1034 1985 1093 atque

401 1118 470 1170 ad
499 1132 558 1170 ea
585 1132 702 1185 quis
723 1117 972 1184 beneﬁcio
1003 1117 1305 1188 afﬁciuntur
1333 1117 1754 1184 necessitudine;
1779 1118 1986 1172 diversa

399 1225 602 1278 quoque
649 1209 752 1263 sibi
809 1208 1023 1262 nomina
1085 1209 1297 1264 tribuit.
1351 1206 1496 1262 Nam
1548 1225 1666 1263 cum
1701 1226 1755 1263 se
1802 1211 1986 1264 mundi

400 1301 578 1353 lumen
604 1300 753 1363 dicit,
784 1301 980 1369 partim
1023 1301 1348 1354 inaccessam
1383 1301 1577 1355 divina:
1607 1301 1790 1371 glorise
1817 1301 1986 1369 maje-

397 1403 587 1447 statem
628 1392 727 1446 hoc
769 1394 976 1447 nomine
1001 1393 1292 1461 signiﬁcat,
1323 1393 1521 1463 partim
1549 1395 1687 1464 quod
1712 1394 1988 1463 splendore

401 1484 660 1548 scientia,
693 1500 780 1538 eos
825 1485 916 1552 qui
965 1485 1156 1538 mentis
1200 1483 1380 1538 oculos
1412 1485 1730 1556 depurgatos
1770 1486 1984 1550 habent,

398 1562 692 1629 illuminet.
741 1573 906 1628 Vitem
957 1591 1097 1642 vero,
1145 1577 1286 1646 quod
1326 1591 1504 1632 omnes
1558 1578 1648 1647 qui
1698 1577 1753 1630 in
1786 1592 1846 1632 eo
1895 1593 1989 1646 per

400 1667 558 1732 ﬁdem
591 1667 798 1720 radices
838 1675 1080 1737 egerunt,
1123 1666 1378 1721 bonarum
1408 1669 1770 1736 operationum
1796 1667 1988 1737 fertili-

401 1766 514 1812 tate
569 1759 824 1812 enutriat.
881 1757 1080 1812 Panem
1134 1769 1332 1824 autem,
1389 1760 1529 1830 quod
1587 1761 1756 1830 partis
1813 1761 1982 1816 animi

403 1850 597 1902 utentis
643 1850 848 1904 ratione
899 1851 1419 1905 conuenientissimus
1460 1850 1606 1905 cibus
1639 1861 1735 1918 est,
1761 1852 1884 1920 ejus
1908 1853 1987 1907 oi-

399 1955 578 2008 gorem
601 1943 898 2006 continens,
918 1958 980 1994 ac
1007 1941 1384 2011 proprietatem
1407 1957 1625 2009 servans
1643 1941 1981 2015 incolumem,

400 2047 711 2101 semperque
763 2050 794 2087 a
849 2034 1023 2102 seipso
1069 2034 1209 2103 quod
1258 2034 1446 2103 deﬂuit
1493 2036 1749 2101 sarciens,
1787 2050 1880 2090 nec
1917 2036 1986 2089 ad

401 2126 792 2195 aegritudinem,
819 2142 934 2194 qua:
959 2140 1024 2179 ex
1051 2126 1201 2178 bruta
1231 2127 1394 2179 animi
1417 2126 1696 2195 aﬁ'ectione
1721 2126 1984 2191 inolescit.

399 2216 610 2284 prolabi
636 2219 835 2272 sinens.
883 2215 913 2271 1
919 2227 974 2271 ια
1000 2218 1046 2272 si
1077 2218 1193 2288 quis
1222 2217 1434 2288 singula
1478 2218 1746 2272 nominum
1783 2228 1988 2287 pertra-

400 2309 586 2374 ctabit,
623 2311 799 2363 varias
846 2310 1077 2364 rationes
1126 2326 1189 2363 ac
1228 2318 1509 2378 conceptus
1535 2311 1703 2378 possit
1733 2310 1985 2376 inuenire,

399 2401 637 2466 quamvis
685 2416 848 2453 unum
894 2399 1179 2454 secundum
1225 2401 1579 2454 substantiam
1633 2401 1698 2454 iis
1743 2401 1986 2456 omnibus

401 2491 743 2560 subjiciatur.
775 2490 851 2545 De
895 2489 1026 2555 Deo,
1061 2506 1226 2544 unum
1257 2491 1355 2544 hoc
1387 2490 1752 2558 comprehendi
1797 2499 1986 2559 potest,

401 2581 480 2634 ait
515 2579 811 2651 Gregorius
846 2579 1185 2650 Theologus,
1212 2582 1353 2649 quod
1388 2579 1634 2648 inﬁnitus
1657 2590 1755 2634 est.
1788 2579 1992 2653 Grego-

403 2676 518 2729 rius
555 2673 685 2728 item
715 2671 998 2743 Nyssenus
1037 2671 1160 2728 :‘1n
1183 2688 1252 2726 eo
1297 2671 1438 2742 quod
1485 2673 1856 2740 comprehendi
1883 2689 1989 2729 non

401 2763 592 2837 potest,
633 2771 748 2837 ejus
786 2767 1018 2837 cognitio
1053 2774 1153 2822 est.
1213 2763 1340 2821 Haec
1377 2782 1527 2824 enim
1561 2767 1680 2839 ejus
1729 2768 1991 2836 propriis-

404 2862 544 2912 sima
578 2866 704 2913 nota
745 2872 809 2912 ac
853 2855 1091 2926 insigne,
1122 2856 1268 2929 quod
1299 2857 1421 2928 ejus
1461 2866 1679 2924 natura,
1723 2869 1989 2930 conceptu

409 2949 578 3014 :nuni,
631 2948 856 3020 pr0pria
915 2948 1071 3018 quasi
1135 2956 1262 3004 uota
1312 2949 1682 3020 distinguente
1735 2964 1802 3006 ac
1851 2949 1988 3008 insi.

404 3043 646 3112 Silieﬂle,
685 3039 939 3110 superior
968 3049 1073 3095 est.

483 3133 536 3186 ltl
565 3147 694 3186 vero
721 3147 847 3186 cum
877 3145 936 3186 se
965 3131 1040 3185 ita
1074 3130 1292 3197 habeat,
1339 3131 1384 3187 si
1418 3131 1544 3202 quis
1581 3140 1810 3203 quaerat,
1843 3147 1984 3202 quo-

409 3225 570 3278 modo
611 3224 818 3294 alioqui
865 3222 1145 3294 Scriptura
1178 3224 1344 3292 dicat,
1389 3223 1594 3280 vidisse
1641 3224 1808 3280 Deum
1855 3241 1986 3296 pro-

404 3319 618 3386 phetas,
672 3315 982 3386 cujusmodi
1037 3325 1117 3372 est
1158 3316 1330 3373 illud:
1375 3315 1496 3371 Vidi
1549 3317 1838 3373 Dominum
1887 3318 1988 3375 Sa-

405 3411 588 3478 baoth,
631 3412 896 3465 sedentem
939 3426 1098 3481 super
1150 3411 1346 3466 solium
1396 3413 1659 3468 excelsum
1709 3425 1760 3469 et
1811 3414 1988 3469 eleva-

405 3515 519 3557 tum
543 3505 610 3571 ³³,
643 3515 695 3559 et
716 3520 840 3576 quae
872 3515 1000 3560 sunt
1031 3505 1150 3575 ejus
1183 3506 1440 3575 generis;
1471 3523 1576 3561 non
1614 3507 1736 3562 ideo
1771 3507 1985 3563 sublata

405 3597 503 3652 Dei
542 3597 782 3652 inﬁnitas
810 3607 916 3652 est.
954 3597 1048 3650 Ait
1079 3597 1223 3651 enim
1259 3596 1556 3668 Gregorius
1584 3597 1896 3666 Theologus
1933 3599 1987 3655 in

409 3690 727 3762 theologicis
783 3691 898 3746 suis
958 3688 1357 3746 Orationibus:
1404 3689 1523 3745 Etsi
1577 3693 1696 3762 quis
1753 3693 1990 3763 cognovit

411 3782 600 3846 Deum,
645 3795 734 3837 aut
767 3783 1070 3852 cognovisse
1109 3779 1390 3850 Scriptura
1431 3791 1557 3837 teste
1589 3783 1808 3849 dicitur,
1854 3796 1992 3838 eate-

407 3891 506 3928 nus
562 3877 862 3945 cognovisse
913 3879 1198 3930 censendus
1267 3887 1364 3944 est,
1408 3886 1667 3947 quatenus
1735 3876 1990 3931 uberioris

404 3967 697 4035 splendoris
747 3969 1017 4038 particeps
1062 3970 1150 4036 sit,
1200 3985 1358 4039 quam
1409 3968 1501 4040 qui
1548 3967 1722 4023 minus
1774 3968 1991 4024 luminis

407 4058 664 4112 divinitus
709 4062 929 4128 accepit.
990 4059 1083 4114 Ita
1135 4063 1507 4130 exsuperantia
1559 4061 1699 4129 lucc,
1751 4059 1908 4130 plena
1941 4070 1992 4117 et

407 4152 648 4205 omnibus
689 4154 921 4206 numeris
975 4153 1216 4207 absoluta
1249 4153 1478 4224 cognitio
1521 4155 1704 4209 habita
1738 4164 1838 4220 est,
1886 4171 1992 4209 non

408 4245 477 4294 ad
515 4243 590 4294 rei
630 4241 794 4308 ipsius
833 4243 1128 4310 ueritatem,
1181 4244 1273 4298 sed
1322 4245 1391 4298 ad
1434 4245 1664 4300 aliorum
1717 4245 1991 4300 modulum

407 4346 454 4386 et
507 4334 816 4402 facultatem
855 4351 1130 4404 perpensa.
1188 4337 1296 4391 Sed
1349 4348 1404 4392 et
1439 4339 1828 4408 prophetarum
1876 4339 1990 4393 visa

2083 471 2376 539 ἀλλήλοις
2393 473 2557 544 φέρει
2573 491 2588 506 ο
2607 473 2764 530 ἀλλο
2781 479 2894 546 γὰρ
2912 478 2978 531 τὸ
2991 478 3436 545 σημαινόμενον
3451 478 3670 548 φωτὸς,

2083 562 2178 616 καὶ
2203 563 2362 618 ἄλλο
2387 565 2685 635 ἀμπέλου,
2701 566 2857 622 ἀλλο
2883 567 3050 634 ὁδοῦ,
3065 567 3164 622 καὶ
3189 568 3343 624 ἄλλο
3364 569 3668 639 ποιμένος·

2085 655 2224 708 ἀλλ’
2263 655 2333 709 ἐν
2361 655 2448 710 ὢν
2476 659 2629 712 κατὰ
2649 660 2718 713 τὸ
2761 661 3192 731 ὑποκείμενον,
3222 660 3324 714 καὶ
3349 661 3461 731 μία
3490 663 3676 718 οὐσία

2086 745 2188 800 καὶ
2218 747 2386 815 ἁπλῆ
2433 749 2531 803 καὶ
2573 751 2933 818 ἀσύνθετος,
2973 751 3196 808 ἄλλοτε
3225 753 3430 819 ἄλλως
3446 753 3678 808 -ἐαυτὸν

2086 835 2376 905 ὀνομάζει,
2389 838 2519 904 ταῖς
2535 838 2829 908 ἐπινοίαις
2845 841 3249 911 διαφερούσας
3264 843 3556 910 ἀλλήλων
3567 843 3678 911 τὰς

2085 929 2492 998 προσηγορίας
2508 933 3046 1002 μεθαρμοζόμενος.
3069 934 3234 989 Κατὰ
3267 933 3379 1005 γὰρ
3414 935 3532 1004 τὴν
3559 936 3679 992 τῶν

2085 1017 2400 1088 ἐνεργειῶν
2425 1021 2722 1092 διαφορὰν
2743 1024 2848 1078 ’και
2873 1024 2990 1094 τὴν
3013 1026 3164 1094 πρὸς
3197 1026 3268 1080 τὰ
3325 1027 3676 1097 εὐεργετού-

2086 1127 2239 1180 μενα
2261 1111 2488 1182 σχέσιν
2508 1113 2764 1182 διάφορα
2790 1113 2990 1180 ἐαυτῷ
3017 1116 3116 1169 και
3140 1115 3211 1170 τὰ
3235 1115 3500 1184 ὀνόματα
3527 1117 3677 1172 τίθε-

2087 1217 2203 1257 ται.
2238 1202 2370 1270 Φῶς
2398 1204 2516 1274 μὲν
2545 1203 2658 1274 γὰρ
2687 1205 2912 1260 ἑαυτὸν
2949 1205 3058 1260 τοῦ
3091 1207 3328 1276 κόσμου
3366 1208 3552 1276 λέγει,
3603 1209 3678 1264 τό

2087 1311 2151 1348 τε
2175 1296 2510 1364 ἀπρόσιτον
2547 1297 2657 1366 τῆς
2692 1298 2762 1352 ἐκ
2802 1301 3098 1368 Θεότητος
3121 1299 3310 1368 δόξης
3354 1301 3675 1370 διασημαιο

2087 1404 2231 1452 νων,
2266 1388 2366 1443 καὶ
2399 1389 2482 1455 ὡς
2516 1388 2594 1459 τῇ
2627 1391 3008 1459 λαμπρότητι
3060 1390 3174 1458 τῆς
3219 1391 3496 1461 γνώσεως
3533 1393 3677 1460 τοὺς

2091 1482 2584 1550 κεκαθαρμένους
2609 1481 2676 1536 τὸ
2705 1482 2863 1551 ὄμμα
2888 1481 3002 1550 τῆς
3019 1481 3230 1553 ψυχῆς
3261 1483 3674 1554 καταυγάζωνο

2091 1569 2371 1640 ἄμπελον
2392 1570 2483 1639 δὲ,
2505 1572 2586 1637 ὡς
2607 1570 2753 1639 τοὺς
2776 1573 2846 1626 ἐν
2873 1572 3035 1639 αὑτῷ
3067 1573 3222 1629 κατὰ
3265 1577 3476 1630 πίστιν
3522 1577 3677 1646 ἐβρι-

2090 1661 2390 1730 ζωμένους
2423 1660 2735 1732 ἐπ”ἕργων
2757 1661 3006 1733 ἀγαθῶν
3029 1667 3462 1734 καρποφορίαις
3478 1665 3678 1735 ἐκτρέ-

2088 1771 2218 1826 ερων
2243 1771 2258 1785 ο
2291 1755 2475 1824 ἀρτον
2503 1753 2595 1822 δὲ,
2627 1755 2710 1822 ὡς
2761 1755 3094 1826 οίκειοτάτη
3118 1758 3310 1826 τροφὴ
3344 1759 3454 1814 τοῦ
3508 1763 3677 1830 λογιο

2090 1845 2206 1899 κοῦ
2237 1844 2586 1914 τυγχάνων,
2653 1845 2734 1913 τῷ
2790 1846 3142 1918 διακρατεῖν
3199 1849 3341 1918 τὴν,
3367 1853 3678 1908 σύστασιν

2089 1934 2201 2006 τῆς
2221 1935 2456 2006 ψυχῆς,
2489 1936 2590 1990 καὶ
2618 1936 2685 1992 τὸ
2718 1937 2929 2009 ἰδίωμα
2976 1939 3170 2010 αὐτῆς
3208 1938 3544 2008 διασώζειν,
3573 1956 3677 1998 ναι

2090 2025 2462 2096 ἀναπληρῶν
2491 2027 2584 2083 ἀεὶ
2613 2027 2751 2097 παρ’
2781 2028 3001 2085 ἑαυτοῦ
3025 2029 3093 2084 τὸ
3123 2029 3358 2099 ἐνδέον,
3386 2033 3485 2088 και
3523 2034 3677 2102 πρὸς

2088 2116 2205 2186 τὴν
2232 2118 2304 2184 ἐξ
2329 2120 2584 2190 ἀλογίας
2610 2121 3014 2193 ἐγγινομένην
3041 2122 3387 2193 ἀρρωστίαν
3417 2129 3529 2182 οὐκ
3558 2126 3678 2183 ἐῶν

2093 2211 2530 2281 ἀποφέρεσθαι.
2567 2214 2678 2268 Καὶ
2718 2213 2910 2281 οὕτως
2943 2215 3022 2270 ἀν
3065 2233 3160 2282 τις
3200 2216 3325 2273 τῶν
3368 2219 3676 2288 ὀνομάτων

2090 2303 2356 2358 ἕκαστον
2390 2304 2678 2375 ἐφοδεύῃ,
2717 2309 3001 2375 ποικίλας
3034 2308 3198 2378 εὖροι
3235 2309 3344 2378 τὰς
3381 2310 3672 2378 ἐπινοίας,

2093 2394 2230 2462 ἐνὸς
2273 2395 2544 2453 ἑκάστου
2570 2397 2679 2453 τοῦ
2708 2398 2862 2454 κατὰ
2892 2403 3008 2468 τὴν
3041 2401 3263 2457 οὐσίαν
3299 2403 3426 2470 τοῖς
3484 2403 3676 2461 πᾶσιν

2091 2488 2518 2560 ὑποκειμένου.
2612 2490 2796 2547 Τοῦτο
2867 2491 2980 2546 τοῦ
3064 2492 3215 2548 Θεοῦ
3289 2497 3677 2562 καταληπτὸν

2089 2582 2302 2651 μόνον,
2339 2580 2378 2650 ή
2408 2581 2672 2652 ἀπειρία,
2725 2583 2868 2638 κατὰ
2914 2583 3006 2638 τὸν
3035 2585 3093 2638 ὲν
3145 2584 3410 2658 Θεολογίᾳ
3463 2570 3674 2658 Γρηγο-

2094 2687 2212 2742 ριον
2235 2672 2375 2742 (58)*
2401 2672 2500 2726 καὶ
2529 2673 2607 2737 ὡς
2641 2675 2671 2728 ὁ
2693 2673 2918 2746 Νύσσης
2951 2675 3138 2746 φησιν,
3177 2678 3274 2731 Ἐν
3294 2679 3463 2748 μόνῳ
3489 2678 3569 2747 τῷ
3587 2680 3674 2750 μὴ

2091 2763 2389 2821 δύνασθαι
2418 2763 2880 2836 καταληφθῆναι
2929 2768 3317 2836 γινώσκεται.
3352 2770 3524 2826 Τοῦτο
3569 2777 3677 2844 γὰρ

2093 2857 2262 2910 αὐτοῦ
2295 2857 2593 2913 ἰδιαίτατον
2650 2859 2971 2929 γνώρισμα,
3005 2861 3067 2913 τὸ
3121 2861 3328 2924 παντὸς
3389 2880 3676 2934 χαρακτη-

2095 2948 2342 3019 ριστικοΰ
2399 2949 2676 3021 νοήματος
2749 2950 3094 3022 ὑψηλοτέραν
3142 2951 3312 3007 αὑτοῦ
3369 2949 3511 3008 εἶναι
3575 2954 3676 3027 τὴν

2013 3053 2062 3118 c
2093 3039 2280 3108 φύσιν.

2161 3126 2370 3181 Τούτου
2418 3126 2477 3182 δὲ
2532 3125 2712 3192 οὕτως
2773 3127 3015 3200 Ξχοντος,
3040 3128 3097 3182 si
3147 3145 3236 3194 τις
3258 3129 3493 3202 ἀποροίη
3557 3127 3676 3195 πῶς

2089 3218 2361 3291 ἑτέρωθεν
2390 3221 2424 3291 ἡ
2467 3220 2660 3293 Γραφὴ
2686 3219 2838 3291 λέγει
2870 3221 2956 3276 ὅτι
2991 3221 3086 3276 τὸν
3119 3221 3254 3277 Θεὸν
3289 3223 3342 3276 οι
3393 3221 3673 3294 προφῆται

2088 3308 2251 3378 εἶδον,
2279 3313 2423 3367 κατὰ
2439 3313 2520 3380 τὺ,
2547 3309 2732 3370 Εἶδον
2755 3314 2864 3369 τὸν
2917 3316 3136 3385 Κύριον
3193 3315 3456 3384 Σαϐαὼθ,
3489 3317 3675 3385 καθή-

2084 3418 2274 3472 μενον
2295 3403 2398 3456 ἐπὶ
2417 3405 2639 3473 θρόνου
2673 3405 2925 3475 ὑψηλοῦ
2958 3406 3056 3461 καὶ
3075 3406 3439 3476 ἐπηρμένου,
3483 3411 3576 3460 καὶ
3604 3408 3678 3464 τὰ

2089 3493 2255 3564 ὃμοια
2285 3493 2500 3558 τούτοις
2519 3508 2535 3524 ο
2567 3494 2696 3548 ἀλλ’
2720 3495 2784 3549 οὐ
2814 3495 2967 3568 παρὰ
2994 3495 3155 3550 τοῦτο
3189 3496 3252 3549 τὸ
3279 3497 3508 3568 ἄπειρον
3534 3493 3674 3552 εἶναι

2090 3580 2184 3634 τὸν
2222 3579 2357 3636 Θεὸν
2387 3583 2720 3654 ἀναιρεῖται.
2749 3584 2890 3655 Φησὶ
2929 3584 3040 3656 γὰρ
3074 3585 3134 3639 ἐν
3167 3586 3283 3648 τοῖς
3339 3585 3678 3655 θεολογικοῐς

2091 3671 2261 3726 αὐτοῦ
2292 3673 2473 3744 λόγοις
2497 3677 2526 3728 ὁ
2551 3675 2816 3744 Θεολόγος
2845 3675 3146 3748 Γρηγόριος
3174 3675 3309 3749 (59),
3341 3677 3472 3732 Ὅτι
3496 3681 3547 3733 εί
3570 3678 3674 3732 καὶ

2092 3766 2247 3837 ἔγνω
2276 3784 2367 3834 τις
2395 3767 2548 3823 Θεὸν
2571 3768 2609 3838 ἢ
2637 3768 2963 3838 ἐγνωκέναι
2981 3771 3445 3840 μεμαρτύρηται,
3460 3771 3678 3826 τοσοῦ-

2091 3876 2201 3914 τον
2237 3859 2413 3931 ἔγνω,
2451 3860 2605 3916 ὅσον
2637 3861 2836 3917 ἀλλου
2848 3860 2938 3931 μὴ
2968 3863 3036 3916 τὸ
3059 3862 3202 3917 Ισον
3220 3861 3677 3934 ἐλλαμφθέντος

2092 3951 2364 4023 φανῆναι
2421 3953 2921 4023 φωτοειδέστερος
2940 3968 2955 3984 ο
3017 3953 3118 4008 καὶ
3168 3955 3235 4009 τὸ
3287 3954 3677 4024 ὑπερϐάλλον

2093 4043 2334 4098 τέλειον
2359 4045 2655 4116 ἐνομίσθη
2676 4047 2750 4100 οὺ
2781 4045 2857 4115 τῇ
2879 4046 3156 4117 ἀληθείᾳ,
3183 4045 3260 4116 τῇ
3289 4046 3365 4100 δὲ
3391 4048 3498 4102 τοῦ
3523 4051 3676 4115 πλη-

2095 4136 2237 4192 σίου
2260 4136 2513 4207 δυνάμει
2560 4140 3154 4210 παραμετροῦμενον.
3206 4139 3371 4194 Ἀλλὰ
3418 4140 3516 4193 καὶ
3572 4141 3676 4202 τὰς

2096 4227 2208 4283 τῶν
2251 4230 2555 4302 προφητῶν
2609 4230 2850 4302 θεωρίας
2911 4229 3285 4302 φαντάσματα
3346 4230 3406 4284 ὲν
3463 4229 3675 4294 τούτοις

2095 4321 2268 4391 λέγει,
2298 4323 2395 4376 καὶ
2429 4321 2564 4391 περὶ
2594 4325 2706 4378 τῶν
2732 4323 3041 4378 θεαθέντων
3094 4321 3405 4388 καθολικῶς
3452 4322 3674 4392 ἐκφέρει

411 4428 464 4480 in
507 4429 713 4482 eisdem
769 4440 982 4498 spectra
1017 4439 1196 4496 vocat,
1239 4431 1414 4500 deque
1465 4430 1572 4486 illis
1605 4445 1729 4502 quae
1759 4429 1826 4486 iis
1855 4445 1986 4486 con-

2092 4415 2182 4467 τὸν
2213 4413 2393 4483 λόγον.
2425 4413 2588 4468 οὕτω
2625 4415 2724 4470 καὶ
2749 4415 2957 4481 ταῦτα,
2977 4415 3106 4470 εἴτε
3146 4414 3453 4485 φαντασία
3479 4431 3570 4481 τις
3595 4410 3676 4486 ἦν

409 4530 596 4588 specta
639 4530 787 4586 sum,
823 4521 1079 4576 universe
1121 4521 1226 4576 fert
1254 4523 1574 4577 sententiam
1610 4539 1624 4577 :
1658 4521 1747 4576 Ita
1781 4535 1829 4578 et
1856 4523 1989 4589 haec,

405 4613 515 4666 sive
569 4613 820 4666 diurnum
874 4614 1144 4685 quoddam
1190 4615 1287 4667 hoc
1337 4625 1624 4682 spectrum,
1677 4616 1806 4670 solis
1861 4617 1991 4671 viris

409 4709 610 4760 sanctis
639 4708 942 4776 spectabile,
984 4707 1094 4762 sine
1145 4705 1360 4760 minime
1400 4705 1574 4774 fallax
1619 4709 1787 4762 noctis
1819 4709 1990 4764 visio:

409 4797 514 4850 sive
545 4799 734 4851 mentis
766 4798 1038 4868 impressio
1059 4795 1306 4866 quatdam
1339 4806 1385 4850 et
1417 4795 1748 4864 informatio,
1773 4798 1847 4851 sic
1873 4812 1992 4852 cum

410 4887 565 4941 rebus
611 4888 805 4956 futuris
843 4905 905 4942 ac
947 4904 1068 4942 cum
1097 4890 1442 4958 praesentibus
1473 4905 1686 4943 versans
1710 4903 1730 4942 :
1757 4891 1864 4942 sive
1903 4904 1992 4942 ar-

409 4997 606 5035 canum
653 4981 918 5050 quoddam
959 4982 1113 5035 aliud
1158 4981 1445 5051 prophetia:
1483 4995 1666 5050 genus,
1691 4981 1864 5034 dicere
1904 4996 1995 5034 ne-

412 5090 566 5144 queo.
639 5071 802 5127 Novit
837 5073 933 5128 ltoc
986 5071 1362 5141 prapltetarum
1414 5071 1576 5136 Deus,
1624 5079 1673 5126 et
1717 5074 1807 5141 qui
1851 5073 1988 5126 hisce

416 5166 584 5219 modis
615 5165 884 5234 amantur.
911 5163 1176 5218 Cteterum
1199 5180 1362 5234 neque
1389 5163 1466 5227 hi,
1497 5163 1561 5216 de
1585 5163 1775 5231 quibus
1798 5177 1989 5227 sermo,

417 5271 510 5309 nec
538 5257 800 5327 quispiam
847 5255 990 5310 alius
1031 5253 1264 5317 eiusdem
1313 5252 1518 5322 generis
1570 5259 1728 5322 atque
1764 5251 1988 5319 ordinis,

486 5433 534 5467 ³³
585 5433 692 5489 lsa.
731 5435 885 5500 v1.1.

490 5617 602 5683 (58)
625 5612 776 5669 Orat.
806 5613 896 5670 54.

499 5687 609 5756 (δυ)
635 5687 779 5741 una.

2091 4506 2367 4576 ἡμερινὴ,
2390 4507 2605 4574 μόνοις
2643 4507 2910 4576 θεωρητὴ
2991 4507 3117 4573 τοῖς
3146 4508 3366 4576 ἀγίοις,
3390 4507 3514 4560 sits
3565 4523 3675 4560 νυ·

2099 4599 2244 4664 κτὸς
2281 4597 2559 4667 ἀψευδὴς
2598 4598 2764 4667 ὄψις,
2805 4598 2926 4652 εἶτε
2953 4599 3060 4654 τοῦ
3090 4598 3452 4670 ἡγεμονικοῦ
3484 4599 3675 4653 τύπωο

2092 4707 2193 4757 σις
2230 4691 2637 4761 συγγινομένη
2671 4691 2799 4758 τοῖς
2832 4695 3178 4761 μέλλουσιν
3204 4693 3286 4758 ὡς
3333 4690 3672 4759 παροῦσιν,

2091 4783 2213 4836 εἴτε
2244 4799 2300 4837 τι
2351 4782 2506 4838 ἀλλο
2536 4784 2904 4854 προφητείας
2933 4780 3096 4848 εἶδος
3133 4783 3500 4853 ἀπόρρητον,
3562 4784 3674 4836 οὐκ

2098 4873 2217 4943 ἔχω
2248 4874 2648 4945 λέγεινάλλ’
2705 4869 3066 4929 οἷδενότῶν
3113 4872 3441 4942 προφητῶν
3505 4873 3672 4938 Θεὸς,

2097 4967 2200 5020 καὶ
2230 4969 2284 5020 οι
2331 4968 2520 5022 ταῦτα
2573 4967 3016 5038 ἐνεργούμενα.
3075 4965 3255 5034 Πλὴν
3313 4965 3455 5020 οὔτε
3507 4960 3674 5021 οὗτοι

2098 5057 2233 5126 περὶ
2263 5051 2350 5111 ὧν
2378 5063 2408 5111 ό
2433 5059 2637 5127 λόγος,
2668 5061 2810 5112 οὔτε
2841 5076 2932 5124 τις
2961 5059 3153 5125 ἄλλος
3186 5055 3311 5110 τῶν
3354 5056 3507 5110 κατὰ
3535 5056 3672 5110 τού-

2095 5169 2241 5218 τους
2255 5151 2404 5219 ἐστη
2416 5151 2486 5203 ἐν
2499 5145 2876 5215 ὐποστήματι
2892 5148 2991 5202 καὶ
3007 5149 3192 5217 οὐσίᾳ
3207 5148 3356 5204 Θεοῦ
3369 5149 3506 5219 (40),
3521 5149 3674 5205 κατὰ

2097 5247 2165 5301 τὸ
2198 5239 2786 5316 γεπραμμένον,οὺδὲ
2810 5239 2961 5298 Θεοῦ
2988 5240 3183 5312 φύσιν
3213 5242 3253 5312 ἢ
3275 5237 3440 5298 εἶδεν
3459 5241 3499 5311 ἣ
3531 5239 3672 5310 ἐξη-

2177 5607 2291 5732 φοὶ
2327 5607 2519 5676 Ἕστη
2561 5608 2632 5662 εν
2678 5606 3066 5674 ὑποστήματι
3122 5605 3222 5660 καὶ
3264 5607 3450 5688 οὐσίᾳ
3496 5605 3669 5661 Θεοῦ.

2177 5679 2231 5732 I.
2291 5693 2375 5732 ioc
2421 5681 2596 5732 solum
2635 5687 2785 5732 notat
2828 5697 2842 5732 :
2882 5675 3050 5732 Yerba
3084 5688 3205 5732 sunt
3245 5675 3512 5732 Jereuute.
3544 5695 3666 5732 can.

2102 5675 2231 5734 Bill.
2271 5675 2375 5734 hoc
2421 5675 2596 5734 solum
2635 5687 2785 5734 notat
2828 5697 2842 5733 :
2882 5675 3050 5733 Yerba
3084 5688 3205 5734 sunt
3245 5675 3512 5743 Jeretnite,
3544 5695 3666 5745 cap.
