4074 6432
415 391 525 456 4ἷ5

1682 397 2085 460 MANUELIS
2119 398 2313 460 CALE
2330 399 2450 464 (ΗΕ

3583 404 3685 467 ι’ῑϋ

427 515 566 570 adeo
600 513 699 571 Dei
728 512 904 572 Filius
933 531 1076 572 unus
1109 531 1140 572 e
1181 526 1375 572 sancta
1404 515 1693 583 Trinitate,
1730 531 1851 588 qua:
1877 518 1999 588 ejus

2105 520 2242 574 Θεοῦ
2263 516 2684 590 ἀποκαλύψεως.
2715 522 2826 576 Kai.
2856 522 3017 589 αὐτὸς
3053 525 3082 578 6
3113 519 3194 589 εἷς
3223 523 3325 594 τῆς
3355 523 3612 595 Τριάδος,
3649 523 3681 575 6

422 609 641 664 bonitas
665 618 770 676 est,
809 608 986 664 factus
1013 609 1178 664 homo
1211 623 1340 679 (qua
1369 612 1434 667 de
1457 628 1515 667 re
1551 613 1714 682 paulo
1743 611 1997 680 inferius,

418 716 487 754 ex
522 701 695 756 sacris
741 703 948 771 pariter
999 701 1298 771 Scripturis
1355 704 1675 774 colligentes
1729 720 1828 774 pro
1857 702 1999 758 tirili

420 792 622 848 dicturi
653 795 864 864 stnnus)
886 795 1148 849 revelavit
1167 796 1323 851 nobis
1345 791 1630 852 Trinitatis
1653 797 1996 868 mysterium,

422 899 489 938 ne
513 887 745 941 humana
766 887 973 942 seduCti
1007 887 1283 953 doctrina,
1305 901 1588 947 creaturas
1615 893 1884 947 colamus.

2110 614 2238 676 Υίδς
2272 613 2368 667 τοῦ
2401 612 2563 680 Θεοῦ,
2595 615 2887 684 γενόμενος
2914 615 3206 687 ἄνθρωπος
3235 614 3326 669 διὰ
3358 614 3458 686 τὴν
3484 614 3683 667 ἑαυτοῦ

2106 705 2426 775 ἀγαθότητα
2486 705 2641 777 (περὶ⁵
2695 697 2758 760 οὗ
2820 706 3018 778 μικρὸν
3067 706 3299 778 ὕστερον
3330 704 3476 764 κατὰ
3507 705 3569 760 τὸ
3597 704 3685 758 δυ-

2106 797 2271 851 νατὸν
2305 795 2562 866 ἐροῦμεν,
2604 797 2699 852 τὸν
2749 799 2937 868 ὁμοῖον
2972 799 3175 868 τρόπον
3225 799 3292 852 ἐκ
3345 797 3455 852 τῶν
3510 796 3686 863 ἁγίων

2105 888 2280 942 ταῦτα
2323 888 2557 960 Γραφῶν
2622 888 3023 958 συλλέγοντες),
3055 887 3411 959 ἀπεκάλυψεν
3461 888 3593 958 ἡμῖν
3625 887 3686 942 τὸ

421 977 516 1042 τῆς
551 978 786 1049 Τριάδος
818 983 1123 1054 μυστήριον
1147 1025 1162 1050 ,
1193 983 1280 1038 ἵνα
1311 984 1388 1056 μὴ
1415 985 1524 1039 ἀπὸ
1571 986 1672 1055 τῆς
1721 986 2076 1056 ἀνθρωπίνης
2111 984 2464 1049 διδασκαλίας
2531 983 2899 1055 πλανώμενοι,
2923 987 3039 1050 τοῖς
3089 984 3357 1056 κτίσμασι
3405 980 3688 1052 λατρεύω.

425 1087 546 1137 μεν.
1976 1142 1980 1146 .

495 1165 572 1218 Ac
603 1165 756 1235 prius
790 1168 1014 1235 quidem
1040 1186 1136 1240 per
1164 1173 1460 1241 prophetas
1491 1174 1567 1229 rei
1601 1174 1761 1243 huius
1795 1175 2000 1231 verita-

424 1263 534 1307 teut
566 1255 859 1314 obscurius
894 1260 1427 1333 indicavit,sapienti
1463 1267 1697 1323 consilio
1723 1269 1790 1322 ab
1821 1267 2000 1322 idolo-

425 1362 545 1398 rum
567 1348 714 1402 cultu
734 1351 993 1417 paulatim
1014 1354 1264 1411 homines
1291 1360 1614 1422 retrahens;
1643 1361 1840 1415 deinde
1869 1373 2000 1416 vero

423 1435 544 1506 ipse
583 1453 680 1507 per
720 1442 961 1510 seipsum
992 1460 1236 1502 consone
1275 1450 1552 1517 prioribus
1593 1451 1741 1507 clare
1779 1451 1998 1507 docuit:

421 1529 566 1598 quod
601 1545 732 1586 sane
776 1533 859 1589 sic
888 1535 1084 1591 mirum
1135 1549 1397 1609 extraque
1452 1557 1671 1600 omnem
1725 1525 1906 1608 usum.
1943 1551 2002 1598 ιιι

421 1621 533 1674 vim
557 1637 772 1680 omnem
805 1629 1003 1685 mentis
1035 1632 1247 1686 ratione
1276 1633 1482 1689 utentis
1505 1635 1754 1690 excedat.
1783 1633 1999 1690 Etenim

423 1708 700 1768 Unitatem
743 1715 796 1771 in
829 1717 1095 1775 Trinitate
1153 1724 1452 1790 credimus,
1504 1736 1561 1782 et
1588 1726 1916 1781 Trinitatem
1943 1728 1996 1784 in

426 1801 678 1875 Unitate;
710 1824 774 1864 ac
806 1827 978 1881 neque
1010 1811 1202 1869 Unitas
1234 1817 1393 1871 trium
1413 1833 1772 1888 personarum
1803 1821 2000 1878 confu-

2181 1171 2292 1228 Καὶ
2324 1171 2592 1244 πρότερον
2633 1171 2734 1243 μὲν
2762 1171 2890 1243 περὶ
2912 1168 3106 1224 τούτου
3137 1167 3227 1224 διὰ
3251 1168 3362 1224 τῶν
3388 1167 3689 1239 προφητῶν

2107 1263 2354 1336 ᾐνίξατο,
2388 1263 2569 1333 σοφῶς
2603 1263 2727 1317 κατ’
2755 1263 2938 1331 ὀλίγον
2955 1263 3064 1316 ἀπὸ
3093 1261 3194 1333 τῆς
3238 1261 3691 1332 είδωλολατρείας

2106 1358 2240 1420 τοὺς
2268 1355 2593 1424 ἀνθρώπους
2625 1355 2905 1425 ἀφέλκων·
2945 1352 3069 1410 εἶτα
3098 1357 3194 1410 καὶ
3226 1354 3294 1410 δι’
3318 1353 3515 1409 ἑαυτοῦ
3552 1371 3691 1424 συμ-

2110 1449 2306 1517 φώνως
2335 1451 2452 1510 τοῖς
2487 1448 2756 1520 πρότερον
2793 1447 3056 1519 καθαρῶς
3094 1447 3336 1515 ἐδίδαξεν
3359 1464 3376 1478 ο
3400 1447 3429 1501 δ
3478 1447 3543 1517 δὴ
3600 1463 3690 1500 το-

2113 1540 2305 1593 σοῦτόν
2332 1542 2449 1594 ἐστι
2478 1539 2804 1609 παράδοξον,
2829 1539 2972 1594 ὥστε
3005 1541 3188 1594 πᾶσαν
3205 1538 3432 1610 λογικὴν
3451 1539 3689 1593 διάνοιαν
3779 1567 3782 1570 ~

2109 1631 2488 1703 ὑπερϐαίνειν.
2551 1633 2662 1686 Καὶ
2722 1631 2836 1704 γὰρ
2900 1631 3124 1688 Μονόιδα
3184 1633 3243 1686 ὲν
3325 1631 3543 1702 Τριάδι,
3591 1632 3688 1685 καὶ

2109 1722 2318 1793 Τριάδα
2349 1725 2408 1777 ὲν
2441 1723 2652 1778 Μονάδι
2679 1722 3049 1794 πιστεύομενο
3080 1726 3180 1779 καὶ
3231 1723 3358 1778 οὔτε
3407 1724 3442 1794 ἡ
3501 1723 3689 1786 Μονὰς

2107 1815 2205 1883 τῆς
2220 1813 2406 1879 οὐσίας
2431 1813 2698 1884 σύγχυσιν
2723 1817 2820 1870 καὶ
2842 1815 3175 1888 συναλοιφὴν
3191 1818 3308 1878 τοῖς
3334 1814 3487 1887 τρισὶ
3510 1831 3686 1884 προσ-

423 1898 632 1951 sionem
665 1915 732 1954 ac
760 1903 907 1957 velut
949 1908 1352 1963 concretionem
1395 1910 1862 1982 conﬂaturamque
1913 1913 1999 1968 inv

2105 1903 2280 1971 ὠποις
2338 1909 2585 1974 ἐμποιεῖ,
2641 1905 2768 1962 οὐτε
2825 1908 2854 1962 6
2908 1907 3144 1979 ἀριθμὸς
3201 1906 3311 1960 τῶν
3375 1904 3688 1974 προσώπων

421 1989 591 2052 ducit,
628 2007 730 2049 nec
763 2011 1122 2064 personarum
1161 2017 1420 2058 numerus
1465 2004 1723 2059 monados
1756 2006 1776 2078 (
1806 2006 1858 2061 id
1889 2014 1997 2073 est,

418 2083 713 2154 essentia!)
767 2087 1030 2144 unitatem
1089 2092 1397 2150 discernit:
1444 2097 1577 2167 quin
1621 2106 1676 2152 et
1700 2114 1869 2154 unum
1918 2109 2002 2155 est

423 2173 723 2227 secundum
767 2179 1086 2244 essentiam,
1135 2191 1190 2236 et
1210 2184 1314 2238 tria
1367 2185 1735 2255 lrypostascon
1769 2189 1862 2256 (id
1895 2198 1997 2254 est,

424 2276 778 2329 personarum
811 2266 830 2334 )
876 2269 1104 2325 ratione.
1138 2271 1508 2342 Distinguitnr
1561 2278 1709 2332 enim
1747 2279 1916 2345 unite,
1949 2289 2001 2335 et

418 2350 709 2408 distinctim
729 2361 1079 2427 connectitur,
1125 2373 1180 2417 ut
1214 2366 1290 2418 ait
1325 2367 1624 2437 Gregorius
1667 2369 2000 2440 Theologus.

419 2444 498 2499 Ac
525 2461 750 2504 rursus:
790 2450 883 2506 Via:
914 2471 1077 2509 unum
1129 2457 1310 2510 animo
1361 2461 1598 2528 concepi,
1644 2477 1765 2514 cum
1817 2465 2002 2515 statim

423 2536 590 2592 tribus
614 2543 1020 2615 circumfnlgeo.
1059 2546 1157 2601 Via:
1178 2551 1282 2603 tria
1307 2552 1628 2622 distinguere
1649 2554 1864 2622 incipio,
1883 2571 2002 2607 cum

415 2631 602 2682 statim
629 2631 699 2683 ad
721 2649 883 2687 unum
911 2639 1100 2690 mentis
1137 2639 1455 2696 intentiones
1480 2642 1616 2712 fero.
1645 2645 1781 2699 Nam
1822 2646 1876 2700 in
1905 2646 2004 2702 ho-

419 2721 660 2777 minibus
690 2726 934 2794 quidem,
976 2731 1072 2798 qui
1116 2739 1229 2786 tres
1269 2733 1520 2789 homines
1551 2738 1683 2802 sint,
1719 2754 1828 2792 non
1862 2756 2004 2796 unus

418 2821 591 2874 sunt,
629 2829 727 2868 nec
761 2831 949 2873 rursus
981 2820 1075 2889 qui
1110 2837 1273 2886 unus,
1305 2831 1418 2879 tres
1458 2826 1768 2894 exsistunt;
1805 2829 1858 2883 in
1893 2829 2004 2886 Deo

419 2915 630 2972 autem,
684 2923 808 2961 cum
840 2926 1008 2965 unum
1051 2913 1152 2966 tria
1179 2925 1329 2977 sunt,
1355 2925 1467 2970 tum
1493 2919 1597 2973 tria
1637 2937 1846 2988 unum;
1882 2937 2006 2992 qua:

419 3011 576 3061 sane,
603 2999 682 3052 uti
710 2999 978 3070 dicebam,
1010 3019 1228 3060 onmem
1255 3010 1459 3065 mentis
1493 3011 1601 3066 vim
1635 3013 1932 3071 excedunt.

493 3088 645 3145 lianc
680 3093 939 3149 unionem
989 3110 1057 3153 ac
1104 3097 1518 3158 distinctionem
1575 3087 1837 3163 Dominus
1905 3126 2007 3166 no-

421 3193 534 3236 ster
550 3181 710 3240 Jesus
732 3186 982 3242 Christus
1011 3191 1251 3259 tradidit,
1281 3193 1500 3251 dicens:
1537 3196 1738 3254 Euntes
1765 3203 1820 3256 in
1851 3218 2006 3258 man.

420 3275 548 3328 dum
569 3277 890 3344 universum,
911 3281 1090 3336 docete
1116 3300 1295 3350 omnes
1323 3299 1524 3355 gentes,
1553 3290 1886 3357 baptisantes
1916 3310 2000 3349 eos

422 3364 475 3417 in
507 3368 720 3446 nomine
767 3368 952 3426 Patris
995 3381 1044 3424 et
1081 3371 1216 3428 Filii
1249 3385 1296 3430 et
1319 3375 1558 3447 Spiritus
1599 3386 1783 3437 sancti
1812 3386 1884 3437 ".
1925 3384 2002 3440 Eo

422 3455 643 3524 quidem
670 3460 816 3528 quod
832 3461 930 3526 ait,
964 3464 1018 3517 in
1039 3467 1250 3521 nomine
1284 3468 1663 3539 singulariter,
1708 3489 1875 3528 unam
1911 3490 2004 3531 es-

422 3549 654 3603 sentiam
675 3550 1002 3621 signiﬁcavit
1029 3559 1166 3628 (tres
1188 3559 1360 3624 enim,
1385 3562 1475 3631 qui
1498 3563 1608 3618 duo
1636 3563 1748 3619 sint
1775 3581 1842 3621 ac
1874 3567 2002 3634 tria,

422 3638 684 3710 singulari
721 3659 949 3700 numero
970 3663 1247 3716 nunquam
1276 3651 1672 3723 proferantur),
1693 3657 1840 3726 quod
1869 3673 2003 3714 vero

423 3730 653 3798 add.dit,
681 3731 862 3791 Patris
894 3748 943 3792 et
987 3738 1035 3792 F
1038 3741 1120 3794 itii
1145 3753 1194 3796 ct
1221 3742 1461 3810 Spiritus
1485 3749 1663 3804 sancti
1693 3759 1803 3806 tres
1831 3751 2003 3823 hypo-

420 3833 593 3879 stases
627 3823 702 3895 (id
727 3837 829 3893 est,
857 3833 1142 3905 personas)
1174 3835 1340 3891 unius
1361 3839 1614 3893 essentia:
1634 3841 1835 3895 docuit.
1863 3841 1998 3898 Cum

420 3927 599 3969 autem
630 3919 740 3972 alio
791 3921 912 3977 loco
949 3924 1120 3979 dixit:
1175 3925 1288 3996 Ego
1317 3938 1368 3983 et
1401 3927 1565 3984 Pater
1594 3947 1756 3986 unum
1795 3950 2001 4000 sumus,

419 4025 580 4062 unum
643 4014 859 4080 quidem
905 4020 1159 4072 essentia:
1193 4021 1422 4087 tribuit,
1461 4023 1594 4079 illud
1629 4041 1781 4090 vero,
1820 4025 1931 4097 Ego
1953 4037 2001 4082 et

419 4101 608 4164 Pater,
643 4107 892 4173 personis
929 4109 1251 4179 assignavit.
1299 4114 1526 4185 Magnus
1566 4133 1787 4186 quoque
1829 4119 2002 4172 Atha-

327 4185 330 4188 ’
421 4196 614 4250 nasins
649 4196 789 4252 hanc
842 4201 1168 4271 theoIOgiam
1212 4217 1466 4262 secutus:
1501 4206 1621 4273 Ter,
1663 4208 1863 4277 inquit,
1890 4208 2004 4261 cla-

421 4299 567 4341 mant
607 4289 919 4357 «Sanctus,»
952 4299 1089 4365 quod
1121 4307 1224 4351 tres
1267 4299 1598 4370 hypatas“,
1650 4303 1811 4354 semel
1877 4317 1997 4356 vero

428 4381 770 4447 «Dominus,»
793 4385 931 4454 quod
965 4403 1069 4441 una
1105 4388 1394 4446 Divinitas.
1419 4391 1540 4446 Haec
1562 4391 1812 4448 ﬁdelibus
1829 4398 2003 4449 abun-

419 4470 489 4523 tlc
515 4471 808 4529 suilieiant.
851 4473 1126 4534 Hactenus
1159 4495 1266 4548 qua
1323 4481 1575 4538 homines
1609 4483 1876 4547 nituntur,
1911 4503 2002 4541 co-

421 4665 645 4724 guntnr.

495 4837 644 4894 lianc
681 4841 846 4910 igitur
897 4844 1072 4898 secuti
1133 4844 1405 4915 regulam,
1465 4862 1573 4916 qua
1614 4847 1681 4902 de
1718 4849 1830 4905 Deo
1865 4849 2002 4920 (qui

419 4945 606 4988 sancta
640 4934 884 4990 Trinitas
907 4935 1029 5003 est)
1064 4936 1364 5004 loquunur,
1426 4941 1686 5010 velutque
1732 4945 1784 4994 in
1822 4941 2002 4996 medio

416 5026 730 5094 constituti,
781 5045 904 5097 qua:
936 5041 1066 5085 sunt
1100 5032 1357 5099 utrinque
1388 5031 1631 5086 absurda
1680 5032 1993 5087 evadimus.

417 5103 554 5179 Qua
589 5133 784 5185 nempe
813 5135 976 5173 unam
1007 5121 1302 5175 essentiam
1331 5135 1426 5174 seu
1463 5121 1830 5176 substantiam
1867 5137 1997 5176 con-

421 5205 662 5272 fitemur,
687 5209 802 5262 Arii
831 5209 1179 5276 climinantes
1205 5211 1533 5276 doctrinam,
1567 5220 1676 5264 tres
1693 5215 1996 5278 essentias,

417 5290 634 5352 Patrem
666 5309 719 5353 et
752 5299 950 5355 Filium
987 5313 1040 5356 et
1073 5300 1341 5371 Spiritum
1374 5311 1629 5358 sanctum
1662 5306 1994 5370 asserentis,

415 5405 479 5442 ac
516 5407 619 5444 una
669 5408 793 5446 cum
829 5394 1148 5449 nominibus
1183 5394 1347 5449 etiam
1381 5393 1632 5462 subjecta
1669 5395 1986 5454 dividentis.

2033 3244 2080 3305 ο

2100 1997 2305 2064 διαιρεῖ
2334 1996 2436 2068 τὴν
2485 2000 2589 2069 τῆς
2636 1997 2904 2063 Μονάδος,
2960 1997 3142 2053 εἶτουν
3189 1997 3292 2068 τὴν
3340 1997 3441 2067 τῆς
3495 1997 3688 2060 οὐσίας

2101 2087 2331 2158 ἑνότητα
2362 2103 2378 2118 ’
2433 2089 2572 2143 ἀλλὰ
2622 2089 2718 2143 καὶ
2759 2089 2823 2142 ἓν
2880 2091 2998 2143 ἐστι
3074 2088 3219 2144 κατὰ
3288 2087 3387 2159 τὴν
3457 2087 3686 2150 οὐσίαν,

2102 2181 2200 2233 καὶ
2255 2178 2383 2249 τρία
2443 2181 2588 2234 κατὰ
2643 2179 2746 2243 τὰς
2819 2180 3171 2245 ὑποστάσεις.
3218 2179 3534 2248 Διαιρεῖται
3579 2179 3688 2248 γὰρ

2100 2271 2424 2341 ήνωμένως
2513 2273 2614 2327 καί
2684 2272 3059 2328 συνάπτεται
3143 2272 3522 2341 ὄιῃρημένως
3547 2312 3563 2334 ,
3611 2271 3688 2332 ῶς

2103 2383 2268 2435 φησιν
2294 2365 2323 2417 6
2345 2362 2609 2434 Θεολόγος
2663 2365 2989 2436 Γρηγόριος.
3017 2365 3128 2420 Καὶ
3161 2365 3346 2424 πάλιν.
3371 2365 3456 2417 Οὐ
3483 2361 3688 2432 φθάνω

2103 2458 2172 2514 τὸ
2235 2458 2306 2512 ἓν
2343 2457 2599 2528 νοῆσαι,
2638 2458 2741 2514 καί
2795 2460 2923 2524 τοῖς
2976 2457 3137 2528 τρισί
3205 2456 3691 2526 περιλάμπομαιυ

2102 2553 2176 2606 οὐ
2202 2551 2406 2621 φθάνω
2431 2551 2504 2606 τὰ
2533 2552 2666 2619 τρία
2692 2550 2938 2613 διελεῖν,
2970 2551 3073 2605 καί
3099 2551 3189 2616 είς
3211 2549 3277 2604 τό
3301 2549 3370 2603 ἐν
3391 2548 3688 2617 ἀναφέρο-

2099 2655 2210 2714 gat
2233 2643 2372 2716 (61).
2403 2645 2513 2697 Καὶ
2542 2644 2652 2714 γὰρ
2692 2645 2786 2698 ἐπὶ
2811 2644 2910 2713 μὲν
2936 2644 3047 2698 τῶν
3084 2643 3388 2717 ἀνθρώπων
3415 2679 3431 2703 ,
3459 2640 3510 2694 oi
3539 2641 3688 2709 τρεῖς

2103 2735 2386 2808 ἄνθρωποι
2413 2734 2517 2788 οὐκ
2565 2735 2705 2789 εἰσὶν
2736 2729 2850 2800 εἷς’
2883 2737 2978 2791 καὶ
3033 2735 3197 2791 πάλιν
3232 2734 3262 2788 6
3309 2729 3392 2796 εἷς
3433 2732 3534 2786 οὐκ
3582 2731 3689 2784 sisi.

2104 2831 2253 2898 τρεῖς
2273 2847 2288 2862 ο
2313 2829 2430 2883 ἐκεῖ
2456 2827 2637 2882 δὲ’καὶ
2666 2828 2728 2881 τὸ
2773 2827 2831 2882 ἓν
2859 2828 3013 2899 τρία,
3034 2828 3129 2882 καὶ
3153 2826 3221 2882 τὰ
3246 2824 3373 2898 τρία
3413 2824 3492 2879 ἓν·
3519 2824 3691 2894 ἅπερ,

2103 2919 2177 2985 ὡς
2205 2919 2365 2992 ἔφην,
2400 2921 2578 2976 πάντα
2604 2921 2733 2975 νοῦν
2765 2919 3108 2992 ὑπερϐαίνει.

2179 3092 2398 3163 Ταύτην
2435 3093 2534 3166 τὴν
2562 3094 2760 3148 ἕνωσιν
2813 3093 2909 3149 καὶ
2952 3093 3054 3166 τὴν
3085 3091 3364 3164 διάκρισιν
3401 3090 3457 3145 ό·
3481 3089 3689 3161 Κύριος

2109 3187 2272 3258 ήμῶν
2323 3186 2534 3256 Ἰησοῦς
2563 3185 2800 3258 Χριστὸς
2831 3186 3238 3257 παραδέδωκεν,
3285 3182 3482 3250 εἰπὼν,
3524 3199 3546 3236 ι
3585 3184 3690 3236 [1ο-

2111 3279 2399 3349 ρευθέντες
2460 3279 2540 3343 είς
2592 3279 2684 3332 τὸν
2736 3278 2943 3349 κόσμον
2999 3279 3237 3342 ἅπαντα,
3313 3276 3694 3348 μαθητεύσατε

2104 3370 2286 3423 πάντα
2313 3371 2384 3424 τὰ
2445 3371 2600 3440 ἔθνη,
2633 3370 2990 3441 βαπτίζοντες
3039 3369 3240 3432 αὐτοὺς
3301 3372 3381 3433 είς
3417 3371 3477 3423 τὸ
3515 3369 3689 3438 ὄνομα

2103 3461 2198 3515 τοῦ
2232 3463 2447 3532 Πατρὸς
2494 3463 2591 3517 καὶ
2639 3462 2734 3516 τοῦ
2779 3462 2914 3516 Υίοῦ
2946 3463 3042 3516 καὶ
3089 3461 3186 3515 τοῦ
3223 3462 3380 3530 ἁγίου
3437 3460 3690 3530 Πνεύμα-

2102 3571 2216 3616 τος.
2248 3572 2267 3607 ι
2316 3555 2451 3608 Ἀπὸ
2473 3554 2572 3625 μὲν
2596 3554 2706 3624 γὰρ
2726 3555 2926 3620 εἰπεῖν,
2960 3574 2979 3607 ι
3014 3557 3096 3620 εἰς
3121 3555 3182 3608 τδ
3202 3554 3376 3624 ὄνομα
3406 3572 3425 3606 ι
3463 3552 3685 3618 ἑνικῶς,

2102 3647 2202 3718 τὴν
2238 3647 2371 3718 μίαν
2395 3647 2586 3702 οὐσίαν
2648 3648 2918 3718 ἐδήλωσεν
2971 3649 3142 3718 (τρεῖς
3170 3647 3279 3718 7&9
3306 3647 3399 3701 δύο
3438 3647 3532 3700 καὶ
3559 3645 3686 3714 τρία

2104 3741 2255 3805 ὄντα,
2330 3741 2586 3795 οὐδέποτε
2631 3741 2828 3804 ἑνικῶς
2882 3742 3289 3811 προφέρεταιν
3343 3739 3535 3796 ἀπὸδὲ
3591 3731 3687 3792 τοῦ

2103 3833 2446 3905 προσθεῖναι,
2484 3851 2502 3885 ι
2543 3832 2753 3903 [ἰατρὸς
2786 3833 2879 3886 καὶ
2929 3830 3064 3886 Υίοῢ
3102 3831 3197 3886 καὶ
3229 3831 3386 3899 ἁγίου
3428 3829 3688 3898 Πνεύμαι

2104 3942 2220 3989 τος,
2262 3944 2280 3978 ι
2309 3925 2371 3978 τὸ
2393 3925 2831 3996 τρισυπόστατον
2883 3925 2984 3994 τῆς
3013 3925 3143 3994 μιᾶς
3182 3923 3376 3986 οὐσίας
3423 3920 3685 3985 ἐδίδαξεν.

2117 4017 2375 4088 Ἀλλαχοῦ
2413 4018 2469 4071 δὲ
2501 4016 2694 4082 εἰπὼν,
2727 4035 2745 4068 ι
2793 4015 2938 4084 Ἐγὼ
2968 4016 3062 4069 καὶ
3089 4015 3118 4068 ό
3152 4013 3342 4084 Πατὴρ
3375 4014 3434 4066 ἐν
3461 4014 3695 4081 ἐσμεν.»⁸

2104 4113 2165 4167 τὸ
2194 4113 2294 4180 μὲν
2333 4129 2351 4162 ι
2382 4110 2440 4165 ἒν
2469 4129 2488 4162 ι
2525 4113 2590 4180 τῇ
2615 4109 2774 4180 οὐσίᾳ
2803 4107 3080 4174 ἀπέδωκε,
3105 4107 3166 4160 τὸ
3193 4106 3271 4170 δὲ,
3309 4124 3327 4158 ι
3375 4103 3638 4171 Ἐγὼ-καὶ
3658 4103 3694 4156 6

2109 4204 2325 4273 Πατὴρ,
2369 4222 2388 4254 ι
2421 4209 2533 4265 τοῖς
2560 4201 2906 4270 προσώποις.
2937 4199 3048 4253 Καὶ
3078 4199 3106 4250 6
3149 4198 3326 4269 μέγας
3365 4196 3694 4259 Ἀθανάσιος

2104 4297 2279 4367 ταύτῃ
2298 4298 2364 4366 τῇ
2393 4294 2646 4365 θεολογίᾳ
2683 4291 2914 4362 στοιχῶν
2968 4289 3104 4362 (62),
3162 4307 3181 4342 t
3245 4289 3404 4358 Τρὶς,
3444 4306 3462 4340 ι
3526 4289 3684 4358 φησὶ,

2104 4389 2164 4442 τὸ
2192 4388 2419 4457 Ἀγιος,
2459 4387 2546 4440 διὰ
2575 4387 2675 4450 τὰς
2709 4387 2860 4455 τρεῖς
2900 4383 3254 4446 ὑποστάσεις⁸
3298 4382 3446 4448 ἅπαξ
3497 4381 3553 4434 δὲ
3602 4383 3696 4446 τὸ..

2106 4475 2345 4550 Κύριος,
2373 4479 2462 4533 διὰ
2485 4480 2586 4550 τὴν
2639 4478 2768 4549 μίαν
2800 4478 3058 4549 θεότητα.
3092 4496 3113 4530 ι
3154 4477 3342 4546 Ἀρκεῖ
3368 4475 3545 4528 ταῦτα
3574 4477 3684 4538 τοῖς

302 4563 317 4588 ‘
421 4561 593 4629 guilio
619 4567 884 4634 pervenit.
921 4567 1039 4624 lluc
1075 4586 1250 4641 usque
1279 4572 1578 4628 Cherubim
1615 4576 1807 4646 pennis
1839 4577 1992 4633 obte-

2107 4576 2317 4636 πιστοῖς
2341 4586 2356 4603 ο
2389 4572 2496 4635 ἕως
2554 4571 2760 4626 τούτων
2781 4572 2815 4640 ἡ
2849 4571 3053 4638 γνῶσις
3082 4572 3140 4624 ὲν
3183 4567 3495 4640 ἀνθρώποις
3552 4569 3698 4636 φθάσ-

2106 4681 2227 4719 νει·
2265 4666 2430 4734 μέχρι
2455 4662 2664 4717 τούτων
2677 4664 2745 4719 τὰ
2766 4661 3053 4734 Χερουϐὶμ
3081 4659 3698 4730 συγκαλύπτεταιπτὲς

2142 4757 2249 4820 υξι.

2142 4778 2171 4810 υ
2211 4776 2249 4812 ι.

2108 4774 2138 4828 ρ
2174 4774 2365 4918 ’ἷόύτῳ
2383 4843 2475 4903 οὖν
2498 4847 2924 4913 ἀκολουθοῦντες
2942 4848 3017 4918 τῷ
3041 4847 3230 4902 κανόνι
3256 4845 3384 4915 περὶ
3408 4843 3504 4898 τοῦ
3523 4841 3692 4905 Θεοῦ,

2101 4939 2200 5008 τῆς
2231 4940 2392 5008 ἁγίας
2424 4941 2676 5011 Τριάδος,
2710 4942 2807 4996 καὶ
2838 4940 3029 5012 ῶσπερ
3055 4943 3148 4993 ἐπι
3189 4948 3492 5009 μεσότητος
3523 4941 3684 5005 ἑστη-

2105 5033 2285 5098 κότες,
2317 5035 2388 5088 τὰ
2433 5035 2777 5110 ἑκατέρωθεν
2821 5035 3000 5090 ἄτοπα
3045 5033 3424 5104 ἐκφεύγομεν
3460 5031 3548 5084 διὰ
3586 5030 3696 5098 μὲν·

2102 5122 2195 5177 τοῦ
2245 5125 2378 5194 μίαν
2423 5125 2614 5180 οὐσίαν
2660 5127 2968 5197 ὁμολογεῖν,
3006 5127 3065 5181 τὸ
3105 5126 3202 5181 τοῦ
3255 5125 3476 5195 Ἀρείοι
3503 5123 3694 5190 δόγμιν

2101 5219 2558 5289 ἀπορῤίπτοντες,
2596 5213 2743 5288 τρεῖς
2774 5219 2964 5281 οὐσίας
2993 5219 3288 5289 διαφόρους
3311 5217 3565 5283 λέγοντος
3588 5212 3694 5265 τὸν·

2057 5305 2063 5312 ’
2101 5311 2322 5380 Πατέρα
2353 5312 2449 5364 καὶ
2481 5310 2572 5364 τὸν
2608 5311 2735 5364 Υίὺν
2766 5311 2860 5364 xai
2891 5311 2951 5364 τὸ
2985 5310 3140 5380 ἅγιον
3171 5309 3416 5377 Πνεῦμα,
3455 5308 3548 5360 καὶ
3571 5307 3689 5367 τοῖς

2099 5403 2328 5472 ὀνόμασι
2366 5402 2804 5473 συειδιαιροῦντος
2841 5405 2934 5458 καὶ
2988 5405 3057 5458 τὰ
3084 5402 3426 5471 ὑποκείμενα
3453 5417 3467 5429 ·
3501 5400 3588 5452 διὰ
3623 5397 3681 5450 δὲ

415 5484 532 5548 Qua
562 5501 692 5540 vero
733 5497 842 5540 tres
865 5500 1128 5553 personas
1153 5486 1502 5552 confitemur,
1538 5485 1763 5542 Sabellii
1793 5488 1985 5546 itidem

2103 5493 2190 5546 τοῦ
2219 5493 2345 5562 τρία
2394 5493 2664 5565 πρόσωπα
2708 5495 3017 5583 ὁμολογεῖν,
3047 5496 3108 5550 τὸ
3138 5495 3320 5564 δόγμα
3346 5491 3444 5546 τοῦ
3479 5487 3684 5546 Σαϐελ-

483 5625 532 5656 ⁸⁹
568 5625 763 5678 Matth.
796 5638 990 5688 xxvttt,
1023 5623 1109 5680 l9.

487 5763 600 5829 (Gl)
643 5763 804 5827 Grcg.
843 5774 986 5819 orat.
1010 5767 1101 5830 37,
1133 5747 1224 5830 '59,
1255 5767 1343 5822 40.

487 5836 597 5902 (6.3)
629 5835 851 5898 .ttltan.,
880 5835 952 5891 De
979 5838 1207 5892 humana
1235 5838 1433 5895 Christi
1458 5845 1672 5903 natura,
1707 5848 1745 5893 t.
1779 5839 1832 5906 1,
1868 5837 2030 5907 Greg.
2057 5844 2222 5903 orat.,
2251 5835 2338 5892 ﬂ.

3194 5927 3219 5938 δ..
3286 5905 3323 5939 ..ι-
3361 5919 3442 5939 ..ι-⁸
3453 5922 3486 5940 δυ
