4074 6414
393 419 499 484 477

1386 440 1488 502 DE
1533 441 1956 507 PRINCIPIIS
1985 442 2200 508 FIDE!
2240 450 2716 522 CATHOLICIE.

3536 461 3646 527 678

394 536 509 638 λίον
569 537 1022 638 ἀπρπέμττοντες,
1064 544 1123 608 ὅς
1197 546 1256 599 ἓν
1339 551 1634 620 πρόσωπον
1676 553 1831 623 ἔλεγε
1886 553 1977 613 τὸν

2087 553 2273 628 dogma
2303 574 2648 634 respuentes,
2683 566 2777 637 qui
2826 580 2993 622 unam
3029 564 3198 622 Deum
3233 582 3529 638 personam
3561 571 3648 624 di-

394 628 551 685 Θεόν’
579 633 674 685 καὶ
701 633 832 686 ποτὲ
874 636 974 714 μὲν
1004 636 1084 700 ὡς
1106 638 1330 712 Πατέρα
1381 644 1694 713 φαίνεσθαι,
1735 645 1869 700 ποτὲ
1912 639 1968 698 δὲ

397 721 472 786 ὡς
503 722 654 790 Υίὸν,
683 727 816 780 ποτὲ
841 728 897 781 δὲ
923 729 996 792 ὡς
1030 730 1258 802 Πνεῦμα
1289 734 1462 804 ἅγιον.

470 813 627 867 Ἔστι
650 816 830 870 τοίνυν
856 820 884 872 6
913 820 1046 885 Θεὸς
1085 823 1186 892 μία
1224 825 1407 888 οῦσίοῖ,
1454 829 1720 897 πρόσωπα
1739 828 1796 882 δὲ
1819 827 1968 899 τρία·

398 902 462 955 τὸ
493 904 590 972 μὲν
615 905 825 978 Πατὴρ,
857 909 917 963 τὸ
944 911 999 964 δὲ
1055 912 1199 977 Υίὸς,
1227 915 1288 968 τὸ
1313 915 1372 970 δὲ
1403 919 1628 989 Πνεῦμα
1657 920 1837 985 ἅγιον.
1863 922 1972 974 Καὶ

399 991 493 1046 τὸν
526 994 628 1063 μὲν
663 999 884 1068 Πατέρα
909 1000 1088 1055 αίτιον
1122 1004 1498 1077 ὁμολογοῦμεν
1523 1009 1652 1063 Υίοῦ
1678 1012 1775 1063 καὶ
1802 1009 1974 1064 Πνεύο

403 1101 570 1154 ματος
603 1087 719 1157 (65)
753 1106 769 1120 ·
803 1091 897 1144 τὸν
928 1092 985 1146 δὲ
1038 1095 1167 1148 Υίὸν
1221 1099 1319 1153 καὶ
1365 1102 1425 1152 τὸ
1466 1101 1690 1170 Πνεῦμα
1730 1103 1970 1157 αἰτιατά.

411 1173 502 1240 Ἐξ
535 1177 747 1231 ἐκείνου
777 1181 889 1252 γὰρ
916 1185 944 1235 6
972 1184 1075 1252 μὲν
1097 1187 1223 1249 Υἱὸς
1249 1191 1549 1260 γεννητῶς,
1579 1195 1638 1244 τὸ
1664 1191 1722 1244 δὲ
1749 1191 1973 1264 Πνεῦμα

402 1269 774 1338 ὲκπορευτῶς.
808 1275 975 1328 Ὅθεν
1004 1279 1099 1332 τοῦ
1135 1279 1266 1335 Υίοῦ
1301 1283 1514 1337 καὶτοῦ
1545 1285 1863 1353 Πνεύματος
1894 1287 1975 1349 είς

402 1359 461 1412 ἓν
509 1363 684 1416 αἴτιον
717 1367 812 1418 τὸν
866 1367 1091 1439 Πατέρα
1137 1374 1590 1444 ἀναφερομένων,
1619 1376 1752 1430 Θεὸν
1785 1377 1881 1431 ἕνα
1907 1379 1976 1431 τὰ

401 1453 528 1522 τρία
566 1458 873 1527 φρονοῦμεν
920 1462 1014 1514 σὺν
1063 1462 1314 1534 ἀλλήλοις
1363 1467 1655 1537 νοούμενα,
1709 1468 1805 1521 καὶ
1839 1468 1975 1521 Θεὸν

401 1544 631 1600 ἕκαστον
682 1550 806 1603 καθ’
855 1553 1020 1606 ἑαυτὸ
1068 1553 1470 1627 θεωρούμενον.
1527 1560 1638 1612 Καὶ
1670 1561 1776 1631 γὰρ
1819 1561 1911 1613 καὶ
1947 1560 1976 1614 6

407 1638 595 1710 Πατὴρ
625 1641 760 1703 Θεός
791 1645 910 1695 ἐστι
946 1645 1149 1708 τέλειος
1191 1651 1284 1700 καὶ
1321 1649 1635 1720 ἀνελλιπὴς,
1665 1650 1760 1704 καὶ
1789 1653 1816 1704 6
1846 1651 1975 1714 Υἱὸς

402 1730 625 1801 ὅμοίως,
658 1734 751 1786 καὶ
782 1734 844 1788 τὸ
896 1737 1123 1808 Πνεῦμα
1176 1741 1236 1792 τὸ
1269 1742 1424 1808 ἅγιον
1451 1741 1716 1807 ὡσαύτως
1736 1759 1751 1773 ’
1785 1746 1881 1798 καὶ
1913 1744 1973 1797 οὺ

409 1825 609 1896 μᾶλλόν
641 1829 758 1908 ἐστι
787 1828 922 1894 Θεὸς
951 1830 984 1900 ἢ
1021 1833 1049 1884 6
1080 1833 1270 1902 Πατὴρ
1300 1833 1394 1888 τοῦ
1423 1837 1555 1890 Υἱοῦ
1601 1838 1632 1905 ἦ
1674 1838 1768 1891 τοῦ
1801 1837 1976 1892 Πνεῦ-

408 1935 597 1987 ματος,
643 1917 676 1988 ἢ
717 1911 744 1970 6
779 1919 906 1983 Υἱὸς
955 1923 1156 1990 μᾶλλον
1204 1925 1340 1987 Θεὸς
1401 1926 1494 1979 τοῦ
1551 1927 1830 1998 Πατρὸςῆ
1879 1927 1974 1980 τοῦ

408 2009 722 2080 Πνεῦματος
743 2028 758 2042 '
791 2013 823 2081 ἢ
857 2013 917 2066 τὸ
949 2013 1174 2082 Πνεῦμα
1228 2017 1432 2094 μᾶλλον
1461 2019 1594 2082 Θεὸς
1630 2019 1725 2072 τοῦ
1763 2019 1976 2090 Πατρὸς

405 2103 438 2172 ἢ
466 2102 558 2156 τοῦ
587 2104 717 2156 Υἰοῦ
741 2121 754 2134 ³
786 2106 904 2160 ἀλλ’
925 2107 1054 2160 ὅταν
1083 2110 1216 2179 μίαν
1262 2111 1373 2163 τῶν
1406 2112 1761 2166 ὑποστάσεων
1784 2114 1982 2168 ἐννοῶ-

409 2212 532 2266 μεν,
566 2197 776 2250 τέλειον
806 2200 970 2252 αὑτὸν
985 2200 1120 2254 Θεὸν
1142 2203 1236 2254 καὶ
1264 2202 1480 2256 τελείαν
1505 2206 1694 2258 οὐσίαν
1717 2203 1980 2274 γινώσκο-

411 2306 528 2359 μεν·
557 2292 653 2346 καὶ
686 2293 814 2346 ὅταν
848 2293 1011 2348 πάλιν
1043 2294 1113 2349 τὰ
1136 2295 1266 2366 τρία
1295 2295 1441 2349 κατά
1461 2297 1701 2351 διάνοιαν
1731 2299 1982 2370 συνάψω-

411 2399 512 2452 μεν
546 2382 642 2434 καὶ
670 2384 1194 2456 συναριθμήσωμεν,
1236 2384 1336 2441 ἕνα
1387 2387 1482 2440 τὸν
1522 2389 1686 2442 αὐτὸν
1722 2389 1859 2444 Θεὸν
1885 2392 1984 2444 καὶ

407 2476 612 2529 τέλειον
653 2478 754 2546 τὴν
789 2477 980 2531 οὐσίαν
1027 2479 1448 2551 φανταζόμεθα,
1475 2482 1571 2537 καὶ
1625 2484 1654 2534 6
1697 2483 1858 2547 αὐτὸς
1891 2485 1986 2551 καλ

410 2565 490 2633 εἷς
527 2570 658 2635 Θεὸς
704 2571 982 2642 δηλοῦται,
1010 2573 1140 2627 ὅταν
1187 2577 1439 2644 λέγωμεν
1473 2579 1686 2649 Πατὴρ.
1720 2577 1846 2641 Υἱὸς
1890 2577 1986 2631 καὶ

410 2661 564 2729 ἆγιον
587 2663 840 2733 Πνεῦμα,
867 2666 961 2718 καὶ
987 2666 1119 2719 ὅταν
1149 2669 1240 2720 τὸν
1277 2669 1503 2741 Πατέρα
1519 2671 1775 2743 λέγωμεν
1799 2669 1982 2740 μόνον,

411 2752 446 2824 ἢ
479 2753 569 2810 τὸν
599 2755 748 2822 Υίὸν,
773 2757 807 2826 ἢ
837 2758 898 2810 τὸ
934 2759 1206 2813 πανάνιον
1242 2763 1496 2834 Πνεῦμα.

481 2941 558 2995 Οὐ
588 2941 746 2996 τοῦτο
771 2941 938 3011 λέγω,
967 2944 1048 2997 ὅτι
1099 2945 1126 2998 6
1174 2944 1368 3016 Πατήρ
1403 2947 1529 3003 ἔστι
1564 2947 1660 3002 καὶ
1699 2945 1852 3011 Υίὸς,
1889 2946 1993 3000 καὶ·

415 3033 570 3102 ἅγιον
606 3035 857 3105 Πνεῦμαο
891 3037 1055 3089 τοῦτο
1083 3037 1195 3106 γὰρ
1237 3037 1534 3092 Ἰουδαϊκόν
1568 3039 1686 3092 ἐστι
1719 3041 1814 3092 καὶ
1857 3038 1986 3103 δόξα

412 3124 504 3176 τοῦ
550 3125 838 3178 Σαϐελλίου
863 3141 879 3157 ο
935 3125 1058 3178 ἀλλ⁹
1107 3127 1188 3180 ὅτι
1233 3126 1292 3178 ἓν
1333 3127 1617 3182 ὁποιονοῦν
1663 3129 1775 3182 τῶν
1823 3129 1986 3183 θείων

2071 655 2262 720 cebat;
2297 669 2361 710 ac
2403 658 2567 713 modo
2595 659 2820 729 quidem
2865 668 2924 716 ut
2963 659 3202 728 Patrem,
3232 662 3397 718 modo
3425 677 3554 718 vero
3591 672 3650 718 ut

2072 743 2292 813 Filium,
2313 763 2376 803 ac
2395 754 2558 805 modo
2575 753 2909 822 utSpiritum
2935 763 3186 808 sanctum
3212 769 3336 810 sese
3358 755 3644 810 exhibere.

2143 837 2242 895 Est
2279 839 2444 911 igitur
2481 842 2623 898 Deus
2657 859 2760 898 una
2808 845 3089 911 essentia,
3126 861 3194 901 ae
3222 855 3334 901 tres
3361 862 3648 916 personis;

2073 943 2136 984 ex
2170 931 2276 996 liis,
2311 947 2416 986 una
2443 932 2626 1000 Pater,
2681 951 2788 990 una
2819 936 3015 1002 Filius,
3067 953 3174 993 una
3215 938 3456 1008 Spiritus
3521 954 3649 994 san-

2074 1027 2216 1075 ctus.
2241 1021 2318 1074 Ac
2344 1021 2561 1078 Patrem
2582 1025 2826 1094 quidem,
2852 1026 2975 1081 Filii
3003 1042 3066 1082 ac
3104 1027 3342 1098 Spiritus
3370 1037 3693 1115 :mctorem‘t

2075 1112 2431 1178 confitemur;
2470 1115 2668 1173 Filium
2692 1135 2840 1175 vero
2868 1130 2922 1175 et
2970 1120 3258 1190 Spiritum,
3301 1125 3395 1194 qui
3430 1126 3498 1180 ub
3520 1112 3703 1200 aue-gi;

2076 1210 2229 1256 ctore
2262 1203 2394 1258 sint.
2425 1206 2499 1260 Ex
2521 1207 2613 1260 illo
2637 1207 2781 1263 enim
2819 1219 2923 1275 est,
2944 1209 3118 1267 Filius
3145 1214 3386 1281 quidem,
3422 1211 3664 1284 gignen?
3696 1201 3705 1235 ί

2077 1293 2129 1347 di
2169 1295 2414 1360 ratione;
2454 1294 2695 1365 Spiritus
2731 1313 2885 1364 vero,
2927 1302 3304 1371 processione.
3354 1303 3650 1368 Quocirca,

2077 1403 2202 1441 cum
2236 1387 2404 1444 Filius
2435 1399 2488 1442 et
2508 1388 2744 1460 Spiritus
2776 1392 2842 1448 ad
2878 1409 3047 1447 unum
3078 1403 3360 1450 auctorem
3391 1395 3653 1465 (Patrem)

2079 1478 2405 1544 referantur,
2444 1479 2611 1536 Deum
2644 1498 2817 1538 unum
2853 1492 2963 1539 tres
2993 1499 3255 1554 personas
3274 1485 3415 1542 inter
3442 1501 3502 1540 se
3525 1502 3658 1541 con-

2075 1569 2293 1640 junctas
2347 1574 2638 1638 sentimus,
2687 1574 2971 1646 Deumque
3017 1577 3284 1647 singulas,
3347 1577 3392 1634 si
3449 1593 3543 1646 per
3593 1592 3656 1633 se

2080 1654 2690 1722 considerentur.‘Nam
2729 1677 2786 1725 et
2833 1668 2996 1724 Pater
3047 1671 3188 1726 Deus
3237 1670 3509 1740 perfectus
3548 1680 3694 1736 est,

2083 1757 2232 1810 nullo
2259 1757 2471 1812 defectu
2504 1758 2779 1826 loboraus,
2808 1759 3095 1831 Filiusque
3129 1761 3406 1830 similiter,
3443 1776 3507 1817 ac
3530 1777 3659 1831 per-

2082 1847 2208 1902 inde
2233 1848 2466 1916 Spiritus
2512 1860 2755 1905 sanctus.
2779 1848 2893 1905 Nec
2925 1852 3097 1922 magis
3119 1851 3260 1907 Deus
3279 1861 3382 1916 est,
3398 1853 3483 1907 vel
3500 1851 3660 1906 Pater

2078 1956 2241 2011 quam
2260 1940 2432 1996 Filius
2455 1942 2539 1995 vel
2565 1957 2725 2010 quam
2743 1943 3098 2012 Spiritus,vel
3113 1942 3282 1998 Filius
3297 1943 3473 2015 magis
3496 1943 3657 2007 Deus,

2078 2047 2242 2102 quam
2268 2031 2426 2087 Pater
2445 2043 2537 2087 aut
2566 2034 2803 2103 Spiritus
2823 2074 2838 2098 ,
2863 2035 3208 2106 autdenique
3233 2033 3470 2106 Spiritus
3488 2034 3661 2104 magis

2083 2123 2246 2186 Deus,
2283 2139 2445 2192 quam
2478 2123 2638 2180 Pater
2667 2138 2762 2180 aut
2797 2125 2994 2181 Filius.
3032 2126 3138 2182 Sed
3173 2142 3298 2182 cum
3340 2142 3503 2182 unam
3536 2142 3661 2196 per-

2082 2228 2341 2268 sonarum
2377 2214 2827 2280 intellexerimus,
2884 2215 3190 2286 perfectum
3242 2233 3364 2272 eam
3400 2215 3568 2272 Deum
3596 2231 3662 2272 ac

2090 2302 2380 2357 essentiam
2417 2302 2717 2374 perfectam
2751 2303 3184 2372 cognoscimus;
3217 2318 3282 2359 ac
3308 2317 3436 2357 cum
3462 2318 3661 2358 rursus

2086 2405 2196 2449 tres
2231 2410 2498 2464 personas
2532 2395 2701 2448 animi
2742 2394 3075 2466 cogitatione
3114 2395 3561 2464 copulaverimus
3592 2407 3659 2448 ac

2086 2482 2690 2545 cennumeraverimus,
2763 2497 2933 2536 unum
2987 2481 3350 2552 eumdemque
3395 2495 3460 2536 ac
3485 2480 3664 2551 perfe-

2086 2581 2234 2630 ctum
2265 2572 2630 2628 essentialiter
2668 2572 2836 2626 Deum
2879 2571 3221 2640 cogitamus;
3263 2571 3518 2639 idemque
3546 2569 3665 2639 ipse

2087 2681 2151 2722 ac
2179 2681 2321 2721 unus
2348 2665 2490 2720 Deus
2511 2664 2868 2734 signiﬁcatur,
2887 2678 3013 2719 eum
3045 2662 3344 2718 dixerimus
3372 2659 3556 2728 Pater,
3575 2660 3664 2716 Fi—

2087 2760 2198 2815 lius
2225 2774 2280 2814 et
2316 2756 2551 2828 Spiritus
2591 2767 2834 2822 sanctus,
2873 2765 2926 2810 et
2977 2771 3100 2811 eum
3129 2756 3307 2810 solum
3335 2753 3551 2810 Patrem
3585 2755 3669 2810 di-

2088 2853 2358 2919 xerimus,
2393 2859 2489 2906 aut
2527 2849 2750 2916 Filium,
2807 2859 2900 2904 aut
2927 2849 3340 2904 sanctissimum
3373 2847 3665 2920 Spiritum.

2161 2941 2278 2996 Non
2309 2942 2414 2997 hoc
2441 2942 2590 3004 dico,
2626 2939 2772 3008 quod
2825 2938 2986 2994 Pater
3014 2950 3067 2994 et
3099 2937 3274 2994 Filius
3300 2937 3375 2993 sit
3403 2949 3461 2994 et
3493 2937 3669 3008 Spiri-

2091 3048 2180 3097 tus
2218 3044 2446 3093 sanctus
2475 3034 2496 3107 (
2526 3035 2628 3089 hoc
2656 3033 2804 3088 enim
2854 3031 3146 3086 Judaicum
3173 3040 3279 3095 est,
3329 3030 3668 3101 Sabelliiquo

2089 3129 2318 3200 opinio),
2347 3127 2442 3183 sed
2474 3126 2620 3198 quod
2659 3141 2763 3180 una
2797 3125 3006 3195 qumvis
3037 3122 3350 3178 divinarum
3402 3137 3670 3191 persana-

413 3217 724 3290 προσώπων
755 3218 978 3280 τελείως
1002 3218 1097 3272 καὶ
1119 3217 1424 3280 ἀνελλιπῶς
1450 3221 1568 3272 ἐστι
1592 3219 1726 3282 Θεὸς
1752 3219 1983 3288 μηδενὸς

2088 3239 2208 3276 rum
2242 3221 2482 3292 perfecte
2519 3218 2787 3288 nulloque
2820 3216 3032 3272 defectu
3068 3216 3212 3270 Deus
3238 3223 3320 3270 est
3342 3255 3358 3280 ,
3391 3214 3464 3269 ita
3495 3223 3556 3268 ut
3586 3215 3670 3268 ui-

409 3312 735 3380 λειπόμενον
768 3309 911 3363 κατὰ
935 3308 1036 3379 τὴν
1070 3307 1285 3374 οὐσίαν,
1317 3311 1418 3378 τῆς
1452 3311 1582 3380 μιᾶς
1613 3313 1706 3364 καὶ
1737 3310 1866 3381 ὅλης
1890 3314 1988 3366 καὶ

409 3403 618 3468 τελείας
647 3401 923 3472 θεότητος,
955 3400 1077 3453 ἐπεὶ
1109 3400 1210 3454 οὐκ
1245 3401 1360 3453 ἐστι
1404 3405 1508 3466 τῆς
1553 3401 1686 3472 ὅλης
1731 3403 1984 3474 θεότητος

415 3497 578 3570 μέρος
612 3494 711 3566 μὲν
735 3494 764 3545 6
800 3495 1014 3563 Πατὴρ,
1069 3493 1237 3562 μέρος
1280 3492 1340 3545 δὲ
1385 3494 1412 3546 6
1459 3492 1612 3559 Υίὸς,
1652 3497 1819 3564 μέρος
1841 3497 1898 3549 δὲ
1927 3497 1987 3549 τὸ

410 3587 566 3657 ἅγιον
606 3585 855 3655 Πνεῦμα.
899 3585 1033 3638 Οὐδὲ
1055 3586 1164 3652 γὰρ
1196 3584 1360 3654 μέρος
1385 3583 1418 3654 ἢ
1444 3585 1605 3654 μέλος
1636 3586 1664 3638 6
1695 3585 1826 3650 Θεὸς
1849 3587 1984 3658 ἔχει·

410 3681 472 3734 τὸ
504 3680 614 3752 γὰρ
651 3680 817 3748 μέρος
867 3677 1108 3740 ἐλλιπές.
1146 3676 1290 3747 Πρὸς
1339 3675 1397 3729 δὲ
1450 3677 1546 3729 καὶ
1607 3676 1864 3731 σύνθεσιν
1890 3679 1988 3733 καὶ

409 3771 762 3842 περιγραφὴν
788 3770 1026 3838 εἰσάγειο
1053 3769 1149 3822 καὶ
1178 3771 1260 3822 ὅτι
1285 3768 1345 3822 ἓν
1375 3769 1660 3822 ὁποιονοῦν
1687 3769 1795 3823 τῶν
1820 3771 1988 3842 τριῶν

409 3865 533 3919 ὅλον
568 3865 705 3918 έστί.
741 3864 854 3916 Καὶ
884 3863 993 3933 γὰρ
1044 3864 1072 3915 6
1119 3861 1309 3933 Πατὴρ
1340 3861 1473 3925 Θεὸς
1504 3862 1648 3928 ὅλος,
1679 3864 1774 3916 καὶ
1803 3866 1830 3917 6
1862 3865 1990 3928 Υίὸς

410 3957 544 4020 Θεὸς
574 3957 716 4020 ὅλος,
755 3957 850 4009 καὶ
879 3956 939 4008 τὸ
971 3954 1199 4024 Πνεῦμα
1238 3954 1299 4007 τὸ
1331 3954 1488 4022 ἅγιον
1534 3955 1670 4020 Θεὸς
1693 3957 1835 4018 ὅλος.
1875 3958 1990 4011 Καὶ
2026 3941 2028 3943 ’

408 4051 499 4105 διὰ
531 4049 694 4104 τοῦτο
719 4050 780 4102 οὐ
809 4049 1040 4119 λέγομεν
1069 4049 1152 4101 ὅτι
1182 4048 1216 4117 ἡ
1247 4047 1347 4116 ὅλη
1373 4048 1466 4100 καὶ
1501 4047 1597 4116 μία
1635 4047 1828 4117 θεότης
1850 4049 1991 4101 διαι-

413 4145 586 4215 ρεῖται
622 4144 702 4205 είς
727 4142 797 4196 τὰ
835 4143 962 4212 τρία
993 4142 1266 4210 πρόσωπα
1289 4138 1485 4204 ταῦτα,
1511 4139 1703 4211 ὥσπερ
1737 4139 1798 4192 τὸ
1832 4140 1990 4207 γένος

410 4236 492 4297 είς
519 4235 660 4305 είδη,
694 4235 726 4304 ἢ
761 4234 822 4288 τὸ
851 4229 991 4297 εἶδος
1026 4233 1108 4295 είς
1142 4232 1340 4302 ἄτομα,
1368 4231 1400 4301 ἢ
1442 4231 1503 4283 τὸ
1544 4231 1667 4284 ὅλον
1699 4233 1781 4294 είς
1823 4232 1989 4302 μέρη.

415 4325 546 4378 Οὐδὲ
570 4326 806 4394 λέγομεν
846 4325 931 4378 ὅτι
966 4324 1171 4392 μείζων
1203 4323 1236 4396 ἢ
1275 4323 1480 4377 πλείων
1514 4322 1635 4377 ἐστὶ
1669 4322 1799 4386 Θεὸς
1825 4325 1853 4376 6
1881 4326 1994 4378 Πα-

413 4419 516 4485 τὴρ
538 4417 694 4487 ὁμοῦ,
722 4417 818 4470 καὶ
864 4418 891 4469 6
918 4415 1048 4478 Υἱὸς
1093 4417 1188 4468 καὶ
1233 4416 1295 4468 τὸ
1350 4416 1578 4486 Πνεῦμα
1609 4419 1700 4471 τοῦ
1736 4417 1865 4470 Υἱοῦ
1899 4419 1992 4470 καὶ

413 4509 508 4563 τοῦ
545 4509 862 4578 Πνεύματος
885 4523 901 4539 ο
950 4509 983 4579 ἢ
1037 4509 1064 4561 6
1113 4509 1307 4580 Πατὴρ
1341 4507 1478 4580 ὁμοῦ
1532 4511 1628 4563 καὶ
1666 4511 1695 4562 6
1728 4510 1853 4573 Υἱὸς
1892 4510 1988 4564 τοῦ

413 4602 729 4670 Πνεύματος
756 4615 774 4634 ο
799 4601 830 4670 ἢ
857 4601 886 4653 6
913 4600 1104 4672 Πατὴρ
1142 4605 1302 4670 μὸνος
1339 4599 1435 4654 τοῦ
1466 4600 1599 4655 Υίοῦ
1631 4601 1664 4674 ἢ
1691 4603 1786 4656 τοῦ
1816 4603 1988 4656 [Iusti-

413 4710 581 4764 ματος
605 4693 768 4763 μόνου
800 4692 920 4745 ἐστὶ
956 4691 1162 4762 μείζων
1194 4692 1226 4762 ἦ
1257 4691 1517 4763 πλείωνῆ
1559 4693 1823 4758 ἐλάττων,
1862 4693 1988 4747 καί·

410 4801 496 4836 τοι
527 4785 669 4837 κατὰ
705 4783 776 4836 τὰ
824 4783 1097 4852 πρόσωπα
1146 4782 1386 4854 ἀριθμοῦ
1439 4778 1798 4854 εἰσαγομένου
1827 4801 1842 4816 ο
1872 4784 1990 4838 ἀλλ’

411 4875 782 4946 ὁμολογοῦμεν
810 4875 894 4927 ὅτι
924 4875 1020 4942 ὅλη
1054 4875 1088 4944 ἡ
1121 4875 1261 4945 αὑτὴ
1296 4875 1392 4928 καὶ
1426 4875 1526 4944 μία
1557 4875 1740 4928 τελεία
1767 4875 1989 4939 τελείως

413 4973 472 5026 ὲν
504 4970 698 5042 τελείῳ
723 4969 923 5042 Πατρὶ,
947 4971 1042 5023 καὶ
1073 4970 1169 5041 ὅλη
1204 4970 1393 5024 τελεία
1429 4971 1651 5034 τελείως
1699 4971 1756 5024 ὲν
1795 4969 1990 5042 τελείῳ

483 5183 596 5254 (θὸ)
653 5183 870 5254 Ᾱιτιον-
905 5181 1044 5236 Υιοῦ
1104 5180 1233 5254 -καί
1297 5179 1667 5254 Πνεῦματος.
1723 5178 1991 5254 Loquitur

412 5251 662 5317 Calecas,
685 5253 802 5322 ipse
831 5252 1057 5307 Graecus
1094 5251 1287 5306 Graeco
1318 5251 1692 5322 scribenSLac
1749 5251 1818 5322 de
1885 5251 1990 5305 [ide

414 5319 744 5389 iui'ormané,
777 5322 1092 5378 Graecorum
1121 5337 1295 5382 more,
1326 5336 1434 5373 non
1467 5319 1800 5389 explicando
1853 5335 1986 5388 pro-

413 5395 716 5451 cessionem
745 5392 986 5462 Spiritus
1009 5393 1174 5446 etiam
1199 5408 1226 5443 a
1257 5390 1417 5456 Filio,
1441 5398 1702 5462 tanquam
1726 5405 1835 5444 uno
1857 5405 1987 5462 cum

414 5464 576 5519 Patre
609 5459 902 5532 principio,
934 5477 997 5517 ac
1049 5462 1318 5530 principio
1354 5477 1418 5514 ex
1481 5459 1642 5532 Patre
1693 5460 1986 5532 principio,

414 5535 509 5603 qui
541 5529 623 5588 sit
646 5533 769 5603 fons
794 5529 972 5603 totius
1003 5529 1314 5594 Trinitatis,
1339 5544 1404 5584 ac
1431 5529 1660 5599 proinde
1681 5529 1988 5603 vere_xa1:f

418 5597 609 5674 ἐξοχὴν
631 5601 824 5668 αίτιον,
855 5602 906 5656 id
934 5611 1036 5674 est.
1064 5603 1264 5674 Auctor
1282 5618 1344 5653 ac
1377 5597 1560 5663 causa,
1596 5609 1758 5674 prout
1812 5597 1987 5674 (ΙΙ-αἰεί

418 5689 482 5728 ea
505 5669 638 5726 voce
665 5681 918 5726 utuntur.
963 5671 1192 5728 Vidend.
1225 5670 1450 5740 Gregor.
1479 5679 1620 5724 orat.
1671 5670 1758 5731 29.
1796 5682 1844 5738 p.
1884 5669 1990 5724 490

417 5756 470 5797 et
489 5743 581 5805 ‘23,
620 5743 724 5798 422
753 5754 807 5797 et
851 5743 939 5804 39,
974 5759 1026 5808 p.
1055 5741 1177 5800 630.
1233 5739 1596 5809 ubi’perinde
1645 5739 1908 5808 Spiritum
1958 5755 1986 5794 a

420 5811 580 5882 Patre
605 5811 734 5867 dicit
771 5813 1083 5882 procedere.
1133 5813 1230 5881 οὐχ
1285 5810 1498 5882 uinci);
1539 5809 1658 5862 οὐδὲ
1701 5813 1806 5878 γὰρ
1866 5826 1989 5877 γεν-

423 5879 1344 5953 νητῶς,ἁλλ’ήὲκπορεντῶςθηοη
1396 5879 1528 5936 Filii
1587 5893 1769 5935 more:
1825 5896 1987 5950 neque

2090 3315 2164 3368 hil
2184 3313 2345 3378 desit,
2376 3311 2520 3383 quod
2549 3311 2615 3365 ad
2639 3309 2934 3365 essentiam
2963 3307 3184 3370 attinet,
3215 3307 3282 3361 de
3309 3322 3415 3360 una
3441 3313 3672 3375 totaque

2089 3419 2152 3459 ac
2175 3400 2412 3472 perfecta
2430 3401 2646 3455 deitate.
2665 3396 2784 3452 Non
2804 3397 2951 3452 enim
2976 3397 3143 3452 totius
3170 3396 3389 3452 deilatis
3408 3411 3534 3466 pars
3549 3397 3673 3466 qui-

2088 3496 2209 3550 dem
2236 3492 2416 3558 Pater,
2434 3507 2560 3561 pars
2577 3506 2703 3546 vero
2721 3489 2910 3555 Filius,
2933 3504 2997 3543 ac
3017 3504 3145 3556 pars
3164 3487 3400 3558 Spiritus
3423 3497 3672 3544 sanctus.

2089 3586 2223 3641 Nam
2272 3586 2412 3640 Deus
2447 3594 2653 3654 partem
2707 3592 2804 3637 aut
2850 3583 3155 3638 membrum
3195 3596 3302 3634 non
3331 3581 3510 3635 habet.
3539 3580 3674 3635 Pars

2089 3681 2236 3736 enim
2257 3677 2385 3748 quid
2413 3674 2792 3745 imperfectum
2808 3681 2914 3729 est.
2940 3672 3163 3726 Accedit
3185 3672 3372 3736 etiam,
3391 3671 3535 3741 quod
3552 3671 3674 3740 ejus

2089 3771 2230 3825 ratio
2279 3767 2731 3838 compositionem
2767 3780 2832 3819 ac
2886 3763 3451 3832 circumscriptionem
3508 3763 3671 3816 indu-

2089 3863 2186 3918 cit:
2221 3876 2284 3916 ac
2336 3859 2484 3929 quod
2529 3871 2871 3926 unaquaeque
2900 3856 3061 3910 trium
3083 3868 3439 3924 personarum
3491 3861 3665 3908 totum

2093 3955 2328 4011 exsistit.
2357 3952 2494 4007 Nam
2527 3961 2584 4007 et
2615 3951 2798 4017 Pater,
2847 3951 2988 4004 Deus
3041 3958 3188 4004 totus
3221 3960 3341 4015 est;
3390 3958 3444 4002 et
3480 3946 3673 4010 Filius,

2093 4048 2240 4103 Deus
2276 4057 2460 4113 totus;
2496 4053 2551 4100 et
2583 4043 2823 4114 Spiritus
2861 4052 3108 4106 sanctus,
3135 4050 3281 4095 totus
3313 4039 3476 4097 Deus.
3505 4037 3676 4108 quue

2094 4153 2276 4194 causre
2309 4145 2414 4200 est,
2445 4151 2544 4191 cur
2575 4151 2684 4189 non
2711 4133 2986 4198 dicamus,
3011 4139 3182 4187 totam
3208 4146 3372 4186 unam
3409 4130 3673 4185 Deitatem

2094 4233 2148 4286 in
2181 4242 2290 4286 tres
2322 4231 2457 4286 istas
2478 4242 2743 4299 personas
2777 4225 2946 4281 dividi
2977 4225 3126 4280 velut
3154 4223 3406 4294 genusiu
3433 4223 3683 4294 species,

2093 4323 2178 4376 vel
2236 4320 2472 4390 speciem
2513 4317 2567 4372 iu
2600 4316 2909 4392 individua,
2969 4315 3055 4370 vel
3088 4323 3349 4384 tanquam
3406 4323 3582 4369 totum
3615 4313 3673 4368 iu

2095 4422 2301 4482 partes.
2354 4408 2543 4480 Neque
2585 4409 2824 4464 dicimus
2875 4406 3092 4462 Patrem
3128 4405 3292 4462 simul
3321 4414 3374 4460 et
3396 4405 3595 4460 Filium
3624 4413 3681 4459 et

2097 4501 2361 4573 Spiritum
2423 4511 2673 4556 sanctum
2721 4498 2986 4568 majorem
3048 4513 3172 4553 esse
3227 4505 3321 4551 aut
3375 4495 3678 4567 pleniorem

2100 4597 2292 4660 Deum,
2321 4609 2484 4664 quam
2509 4592 2684 4647 Filius
2711 4599 2804 4645 aut
2828 4589 3100 4659 Spiritus;
3137 4587 3220 4644 vel
3259 4587 3474 4642 Patrem
3510 4585 3678 4641 simul

2097 4699 2152 4744 et
2181 4686 2404 4752 Filium,
2441 4701 2606 4756 quam
2641 4683 2907 4754 Spiritus,
2932 4681 3017 4736 vel
3040 4680 3260 4736 Patrem
3291 4679 3494 4748 solum,
3529 4676 3672 4733 Filio

2097 4793 2194 4836 aut
2213 4779 2421 4849 Spiritu
2451 4778 2592 4841 solo,
2627 4776 2886 4845 majorem
2916 4788 3040 4829 esse
3063 4771 3146 4828 vel
3165 4772 3488 4843 pleniorem,
3514 4781 3677 4825 autve

2098 4875 2388 4936 minorem,
2411 4870 2768 4940 quantumvis
2785 4882 3152 4937 personarum
3182 4865 3394 4920 ratione
3412 4880 3677 4920 numerus

2097 4968 2344 5031 ineatur;
2381 4962 2477 5019 sed
2517 4961 2844 5017 conﬁtemur
2891 4967 3061 5015 totam
3101 4958 3348 5013 eamdem
3401 4973 3683 5028 unamque

2095 5179 2234 5232 enim
2281 5171 2755 5246 generati_one,s_ed
2823 5172 3172 5246 precatione.
3235 5170 3315 5226 Ac
3359 5170 3574 5246 mirum
3631 5171 3678 5226 si

2091 5239 2342 5304 Corderii
2389 5261 2454 5301 ac
2509 5242 2746 5298 Lanselii
2803 5239 2981 5307 dicam
3033 5243 3300 5296 adversus
3357 5239 3680 5304 Maximum,

2095 5327 2222 5374 ante
2250 5332 2428 5374 annos
2454 5316 2526 5369 20
2551 5330 2581 5369 a
2616 5329 2706 5368 me
2731 5311 3094 5376 exsuﬂiatam,
3122 5312 3204 5367 vel
3240 5312 3560 5381 Gregorius.
3590 5311 3676 5381 vel

2095 5404 2252 5445 meus
2309 5387 2533 5443 Calceus
2581 5384 2842 5440 evadant.
2892 5383 3077 5452 Longe
3129 5380 3370 5439 solidior
3407 5380 3676 5444 Georgius

2095 5458 2385 5515 Metocliita
2413 5455 2775 5526 gravissimus
2800 5453 3115 5526 traditionis
3136 5453 3296 5508 testis
3319 5460 3372 5505 et
3397 5459 3672 5526 εδει-ιω)

2095 5545 2204 5596 qua
2232 5528 2312 5582 sic
2341 5519 2774 5596 expressam_vel
2829 5524 3127 5578 involutam
3162 5519 3434 5596 _my_ste_rii
3494 5519 3678 5572 Triui-

2100 5590 2229 5653 t'atts
2265 5590 2447 5662 ﬁdem,
2481 5596 2617 5650 nihil
2654 5594 3023 5650 Ecclesiarum
3059 5593 3176 5661 paci
3213 5590 3462 5645 olfecisse
3489 5602 3676 5662 osten—

2097 5669 2212 5736 dit;
2247 5683 2372 5722 cum
2407 5659 2498 5721 alii
2532 5665 2759 5719 aliorum
2798 5663 2958 5736 [idem
2989 5659 3095 5718 non
3131 5663 3468 5736 ignorarent,
3496 5659 3676 5736 donec

2100 5731 2324 5793 Photius
2350 5737 2592 5791 fovendae
2621 5735 2926 5806 tyrannidis
2973 5731 3320 5806 occasionem
3373 5732 3496 5785 inde
3533 5731 3673 5783 arri-

2099 5809 2248 5878 puit:
2282 5807 2442 5878 cujus
2470 5822 2610 5878 pene
2644 5801 2992 5878 exstinctum
3025 5801 3266 5878 scliisma
3296 5815 3361 5878 ac
3389 5815 3670 5870 compres-

2099 5871 2223 5935 sum
2257 5871 2828 5934 MidhaelCerularius
2861 5876 3040 5929 denuo
3075 5871 3380 5927 suscitavit.
