4074 6460
356 404 465 466 479

1558 474 1563 477 _
1620 396 2029 489 .MANUELIS
2065 396 2379 461 CALEC/E

3499 406 3611 471 £86

351 519 653 589 perfectam
678 515 919 586 perfecte
948 514 1002 571 in
1031 517 1272 586 perfecto
1290 517 1473 581 Patre,
1495 525 1781 588 totamque
1806 531 1927 587 per-

2035 511 2104 580 τῷ
2135 512 2250 579 Υῐῷ
2282 512 2316 580 ἡ
2347 510 2483 584 αὐτή
2510 526 2522 540 ·
2557 510 2653 565 καὶ
2683 509 2780 579 ὅλη
2814 509 3001 567 τελεία
3046 513 3265 578 τελείως
3294 517 3327 585 ἡ
3356 517 3496 589 αὕτη
3545 522 3613 575 ἐν

348 610 548 666 feetam
572 604 810 679 perfecte
834 605 890 661 in
915 606 1156 678 perfecto
1188 605 1325 664 Filio
1352 607 1628 673 eamdem,
1656 621 1721 662 ac
1753 615 1922 661 totam

350 702 649 772 perfectam
702 698 947 771 perferte
996 700 1247 755 eamdem
1304 699 1373 754 in
1418 700 1662 771 perfecto
1717 698 1925 768 Spiritu

350 803 565 850 sancto.
588 794 666 849 Ac
693 808 907 857 rursus,
952 800 1127 845 totum
1152 790 1419 863 Spiritum
1452 802 1702 848 sanctum
1724 791 1779 845 in
1814 799 1926 846 tota

349 886 565 951 eadem,
596 892 886 953 totumque
935 883 1135 938 Filium
1178 884 1233 937 in
1257 891 1370 938 tota
1396 882 1614 950 eadem,
1643 896 1709 936 ac
1756 891 1926 936 totum

349 975 566 1031 Patrem
593 978 645 1032 in
668 976 857 1031 eadem
887 984 1024 1030 tota.
1051 975 1394 1046 Rursusque,
1421 984 1590 1031 totam
1620 983 1794 1030 totum
1821 975 1927 1030 Pa-

352 1075 492 1121 trem
521 1075 801 1135 totamque
828 1076 1002 1120 totum
1037 1065 1260 1129 Filium,
1296 1074 1353 1120 et
1382 1073 1548 1120 totam
1590 1074 1761 1120 totum
1795 1063 1926 1133 Spi-

351 1161 519 1213 ritum
551 1172 829 1215 sanetum.
890 1159 967 1215 Ac
998 1176 1241 1221 rursum.
1296 1168 1445 1214 totus
1476 1160 1530 1214 in
1561 1168 1673 1214 toto
1701 1157 1841 1214 Filio
1874 1165 1931 1213 et

354 1250 561 1318 Spiritu
595 1261 788 1305 sancto
824 1249 1065 1319 perfecte
1097 1259 1183 1306 est
1207 1252 1390 1317 Pater,
1437 1258 1698 1319 totusque
1730 1249 1784 1304 in
1813 1257 1928 1304 toto

350 1338 515 1394 Patre
548 1349 601 1395 et
651 1342 857 1410 Spiritu
913 1339 1148 1409 perfecte
1180 1337 1374 1406 Filius,
1414 1354 1479 1395 ac
1512 1350 1659 1396 totus
1689 1340 1743 1394 in
1769 1339 1932 1396 Patre

350 1440 407 1484 et
438 1428 582 1483 Filio
609 1430 845 1499 perfecte
863 1430 1102 1498 Spiritus
1128 1439 1378 1486 sanctus.
1407 1430 1528 1485 Una
1563 1429 1711 1485 enim
1741 1443 1930 1484 essen-

353 1522 430 1575 tia
447 1533 530 1577 est
552 1521 729 1576 Patris
751 1531 804 1575 et
820 1520 938 1575 Filii
963 1534 1015 1576 et
1033 1522 1271 1591 Spiritus
1298 1521 1497 1590 sancti,
1521 1535 1647 1576 cum
1678 1532 1928 1577 neutrum

355 1617 475 1669 sine
500 1616 671 1669 altero
702 1617 796 1679 sit,
825 1627 917 1669 aut
949 1615 1300 1683 intelligatur.

426 1705 719 1774 Propterea
748 1706 825 1759 ait
844 1706 1141 1774 Gregorius
1169 1704 1502 1775 Theologus,
1545 1703 1702 1761 Orat.
1736 1707 1790 1759 in
1821 1704 1931 1759 Lu-

354 1798 534 1850 mina:
569 1796 742 1851 Unum
761 1797 979 1867 aliquod
999 1801 1162 1850 trium
1190 1797 1369 1851 animo
1402 1797 1723 1868 informans,
1762 1808 1927 1853 totum

355 1891 452 1944 hoc
489 1906 602 1945 esse
625 1892 902 1956 existimo,
943 1892 1195 1960 plenoque
1239 1890 1428 1944 mentis
1459 1892 1633 1956 oculo,
1664 1892 1782 1959 ejus
1815 1908 1929 1946 ma-

355 1999 457 2052 gna
484 1999 608 2053 pars
645 1984 879 2053 di/fugit.
917 1983 1038 2037 Non
1079 1999 1289 2050 possum
1330 1986 1445 2053 ejus
1490 1983 1928 2053 comprehendere

355 2075 796 2142 magnitudinem,
835 2083 894 2129 ut
935 2076 983 2147 ei
1030 2075 1166 2144 quod
1206 2074 1474 2144 deﬁcitur,
1519 2075 1662 2145 quod
1696 2074 1928 2143 amplius

354 2174 435 2219 est
460 2167 711 2221 tribuam.
739 2165 873 2221 Cum
906 2165 1228 2220 tria‘mentis
1257 2166 1683 2221 consideratione
1714 2174 1930 2220 contra-

351 2273 499 2322 πετο,
535 2273 696 2310 unum
730 2257 901 2326 facem
949 2258 1238 2327 conspicio,
1285 2257 1465 2313 lumen
1494 2274 1658 2313 unum
1693 2257 1931 2314 dividere

353 2364 447 2400 seu
472 2349 764 2403 coinmetiri
788 2356 893 2402 'non
942 2349 1143 2403 valens.
1199 2348 1312 2407 Etsi
1348 2365 1477 2422 ergo
1507 2349 1722 2406 Patrem
1759 2350 1928 2406 Deum

352 2439 653 2510 pot-fectum
686 2451 752 2498 "et
783 2442 1086 2498 increatum
1145 2459 1443 2515 rerumque
1498 2445 1749 2516 opiﬁcem
1798 2447 1931 2504 dici-

355 2550 501 2593 mus.
523 2537 836 2606 pariterque
862 2537 1027 2592 etiam
1048 2536 1243 2593 Filium
1273 2548 1328 2597 et
1353 2538 1617 2611 Spiritum
1642 2551 1928 2609 sanetum;

355 2640 464 2679 non
506 2635 683 2681 tamen
728 2638 839 2683 tres
886 2629 1059 2695 deos,
1099 2640 1194 2684 aut
1234 2638 1347 2686 tres
1381 2630 1677 2695 inet-ratos,
1707 2633 1787 2687 vel
1822 2643 1931 2688 tres

354 2730 539 2771 rerum
594 2718 818 2786 opifices
842 2718 1102 2785 dicimus,
1150 2720 1220 2774 ob
1252 2721 1417 2775 unius
1465 2722 1716 2778 essentia:
1747 2725 1930 2779 unita-

358 2817 492 2867 tem,
524 2815 579 2859 et
610 2805 755 2873 quod
782 2805 954 2862 Filius
994 2817 1047 2862 et
1079 2807 1316 2880 Spiritus
1346 2809 1415 2863 ad
1449 2826 1618 2867 unum
1649 2821 1928 2867 aut-torem

357 2893 686 2960 referantur,
719 2910 910 2967 nempe
939 2896 1366 2965 Patrem._Quod
1395 2900 1562 2970 igitur
1590 2901 1929 2965 dicebamus,

359 2984 530 3041 Deum
571 3001 1019 3057 unamquamque
1046 3004 1336 3058 personam
1383 2990 1686 3047 secundum
1718 3007 1779 3049 se
1807 3006 1933 3048 cou~

357 3078 686 3144 Sltlt’l‘ﬂlllllS,
767 3078 840 3134 ob
911 3080 1576 3152 eonsubslantialitatem;
1652 3083 1933 3154 Deumque

357 3183 525 3222 unum
565 3179 673 3224 tres
711 3169 887 3225 simul
918 3169 1054 3225 alias
1106 3170 1162 3224 in
1196 3172 1325 3227 aliis
1354 3171 1661 3229 intellectas
1701 3174 1926 3230 confite-

2027 601 2220 672 τελείῳ
2247 600 2324 671 τῷ
2347 602 2488 672 ἁγίῳ
2515 601 2819 672 Πνεύματι,
2839 604 2937 657 καὶ
2960 604 3123 660 πάλιν
3149 607 3358 662 ὅλονντὸ
3384 611 3609 676 Πνεῦμα

2027 694 2091 747 τὸ
2119 693 2276 760 ἅγιον
2302 695 2360 746 ὲν
2388 692 2485 765 ὅλῃ
2510 696 2578 764 τῇ
2613 694 2778 765 αὐτῇ,
2814 695 2913 748 καὶ
2942 695 3067 760 ὅλος
3090 697 3120 752 6
3152 697 3281 766 Υἱὸς
3308 703 3369 754 ἐν
3406 701 3506 772 ὅλῃ
3530 706 3605 774 .τῇ

2029 788 2187 859 αὐτῇ.
2221 788 2318 843 καὶ
2341 788 2463 852 ὅλος
2494 790 2552 841 ὲν
2585 789 2686 862 an
2708 791 2775 859 τῇ
2804 791 2943 861 αὐτῇ
2972 792 3002 845 6
3030 792 3245 862 Πατήρ.
3277 794 3388 848 Καὶ
3418 794 3609 863 πάλιν,

2028 874 2123 948 ὅλη
2157 877 2278 941 ὅλος
2298 878 2326 931 6
2351 877 2561 949 Πατὴρ,
2597 878 2695 933 καὶ
2724 878 2827 950 ὅλη
2850 878 2971 942 ὅλος
2993 881 3023 934 6
3046 880 3198 948 Υίὸς,
3234 882 3329 936 καὶ
3357 883 3455 953 ὅλη
3485 885 3615 939 ὅλον

2029 969 2090 1022 τὸ
2126 966 2354 1039 Πνεῦμα
2391 969 2452 1023 τὸ
2486 969 2664 1036 ἅγιον.
2722 971 2835 1024 Καὶ
2892 970 3073 1026 πάλιν
3108 971 3229 1036 ὅλος
3262 974 3325 1028 έν
3370 974 3479 1045 ὅλῳ
3526 975 3611 1044 τῷ

2029 1058 2146 1131 Υίῷ
2174 1060 2269 1113 καὶ⁸
2314 1059 2394 1132 τῷ
2442 1058 2725 1132 Πνεῦματι
2754 1061 2978 1127 τελείως
3029 1061 3235 1118 ἐστὶνιὸ
3263 1065 3473 1135 Πατὴρ,
3504 1069 3607 1121 καὶ

2028 1150 2149 1215 ὅλος
2198 1152 2257 1205 ὲν
2305 1151 2413 1222 ὅλῳ
2463 1151 2542 1221 τῷ
2581 1154 2757 1222 Πατρὶ
2794 1154 2892 1207 καὶ
2949 1152 3029 1223 τῷ
3067 1154 3349 1225 Πνεῦματι
3380 1154 3605 1220 τελείως

2029 1246 2178 1299 ἐστὶν
2215 1247 2242 1298 6
2276 1246 2425 1312 Υἱὸς,
2452 1247 2545 1301 καὶ
2575 1247 2695 1301 ὅλον
2723 1248 2781 1301 ἐν
2812 1248 2920 1318 ὅλῳ
2955 1248 3033 1318 τῷ
3066 1250 3244 1317 Πατρὶ
3274 1249 3368 1304 καὶ
3392 1249 3472 1320 τῷ
3498 1250 3610 1320 Υίῷ

2029 1336 2250 1401 τελείως
2286 1339 2404 1393 ἐστὶ
2435 1338 2496 1392 τὸ
2537 1339 2760 1409 Πνεῦμα
2804 1339 2865 1394 τὸ
2904 1339 3082 1407 ἅγιον.
3125 1340 3244 1395 Μία
3269 1327 3403 1413 ’γὰρ
3447 1341 3608 1395 οὐσία

2030 1428 2266 1496 Πατρὸς,
2299 1427 2433 1482 Υἰοῦ
2484 1430 2579 1484 καὶ
2608 1430 2767 1499 ἁγίου
2823 1430 3169 1500 Πνεύματος,
3197 1432 3300 1487 οὐκ
3319 1433 3475 1498 ὄντος
3515 1433 3608 1488 τοῦ

2031 1521 2219 1593 ἐτέρου
2249 1523 2420 1594 χωρὶς
2444 1523 2656 1595 ἑτέρου,
2683 1523 2717 1593 ἢ
2744 1524 3063 1594 νοουμένου.

2102 1702 2204 1756 Διὰ
2250 1700 2424 1755 ταῦτά
2456 1717 2623 1770 φησιν
2655 1703 2682 1755 ὁ
2714 1699 2979 1769 Θεολόγος
3008 1701 3315 1772 Γρηγόριος
3342 1703 3401 1754 ὲν
3426 1701 3507 1771 τῷ
3531 1703 3610 1765 είς

2032 1792 2101 1846 τὰ
2133 1790 2292 1846 Φῶτα
2323 1791 2485 1862 λόγῳ,
2521 1808 2541 1842 ι
2591 1791 2761 1843 Ὀταν
2810 1788 2869 1842 ἐν
2901 1807 2956 1842 τι
2989 1790 3099 1843 τῶν
3130 1790 3299 1858 τριῶν
3330 1789 3443 1861 (66)
3478 1809 3612 1860 φανη-

2033 1884 2240 1948 τασθῶ,
2264 1881 2424 1937 τοῦτο
2459 1883 2667 1953 νομίζω
2692 1881 2753 1936 τὸ
2790 1883 2925 1946 πᾶν,
2956 1882 3052 1935 καὶ
3082 1882 3184 1952 τὴν
3215 1881 3340 1945 ὄψιν
3384 1881 3566 1952 πεπλή
3586 1912 3611 1921 -

2038 1993 2243 2048 ρωμαι,
2276 1976 2369 2029 καὶ
2396 1974 2457 2028 τὸ
2482 1973 2667 2027 πλεῖον
2695 1973 2975 2042 διέφυγεν.
3006 1973 3261 2043 υύκνέχω
3287 1973 3348 2026 τὸ
3379 1974 3610 2043 μέγεθος

2035 2063 2225 2119 τούτου
2253 2062 2606 2128 καταλαϐεῖν,
2644 2063 2735 2116 ἵνα
2762 2060 2838 2115 δῶ
2865 2060 2926 2115 τὸ
2958 2060 3141 2116 πλεῖον
3168 2061 3247 2130 τῷ
3276 2062 3607 2130 λειπομένῳ.

2039 2155 2210 2211 Ὅταν
2252 2154 2322 2207 τὰ
2367 2154 2496 2225 τρία
2550 2152 2757 2208 συνέλω
2794 2154 2865 2223 τῇ
2911 2151 3138 2223 θεωρία,
3173 2153 3303 2222 μίαν
3334 2153 3444 2224 ὁρῶ
3468 2154 3609 2223 λαμ-

2037 2246 2203 2311 πάδα,
2241 2246 2340 2299 οὐκ
2377 2245 2518 2316 ἔχων
2540 2245 2738 2299 διελεῖν
2763 2245 2798 2317 ἢ
2832 2243 3100 2317 μετρῆσαι
3125 2244 3186 2299 τὸ
3212 2244 3329 2312 φῶς
3361 2245 3610 2314 ἑνιζόμε-

2038 2354 2148 2391 νον.
2204 2356 2223 2392 ι
2257 2337 2422 2391 Ὅθεν
2459 2337 2508 2391 εί
2546 2337 2639 2392 xui.
2673 2338 2812 2392 Θεὸν
2843 2337 3050 2392 τέλειον
3077 2338 3171 2392 καὶ
3212 2338 3469 2392 ἄκτιστον
3517 2339 3610 2391 καὶ

2035 2428 2370 2500 δημιουργὸν
2406 2428 2641 2499 λέγομεν
2672 2431 2764 2483 τὸν
2796 2429 3042 2500 Πατέρα,
3068 2430 3343 2493 ὡσαύτως
3390 2430 3486 2483 καὶ
3518 2430 3610 2482 τὸν

2038 2518 2167 2573 Υίὸν
2210 2522 2299 2572 καὶ
2341 2517 2413 2587 τὸ,
2437 2521 2591 2588 ἅγιον
2626 2521 2853 2593 Πνεῦμα
2875 2540 2890 2556 ·
2940 2523 3059 2577 ἀλλ’
3106 2524 3255 2592 ὅμως
3285 2524 3347 2576 οὐ
3380 2522 3610 2590 λέγρμεν

2037 2616 2187 2683 τρεῖς
2224 2613 2380 2676 θεοὺς
2403 2653 2418 2677 ,
2449 2613 2570 2675 οὐδὲ
2608 2617 2761 2686 τρεῖς
2809 2614 3125 2681 ἀκτίστους,
3171 2615 3291 2668 οὐδὲ
3335 2616 3487 2685 τρεῖς
3513 2615 3613 2683 δη-

2043 2707 2357 2775 μιουργοὺς,
2385 2705 2473 2760 διὰ
2494 2706 2594 2778 τὴν
2622 2707 2854 2778 ἑνότητα
2885 2708 2989 2779 τῆς
3023 2710 3156 2778 μιᾶς
3187 2707 3397 2772 οὐσίας,
3429 2707 3522 2762 καὶ
3550 2707 3612 2761 τὸ

2038 2797 2131 2851 τὸν
2160 2798 2292 2850 Υῑὸν
2317 2799 2410 2851 καὶ
2437 2797 2499 2852 τὸ
2524 2797 2753 2869 Πνεῦμα
2802 2801 2882 2864 είς
2910 2798 2968 2853 ἓν
3013 2800 3187 2854 αἴτιον
3216 2798 3609 2869 ἀναφέρεσθαι,

2037 2892 2130 2946 τὸν
2188 2892 2431 2963 Πατέρα.
2487 2892 2673 2961 ’Ὅπερ
2722 2887 2818 2946 οὖν
2873 2893 3158 2963 ἐλέγομεν,
3193 2891 3325 2946 Θεὸν
3377 2890 3611 2947 ἕκαστον

2038 2983 2159 3036 καθ’
2187 2983 2378 3037 ἑαυτὸν
2425 2983 2744 3054 θεωροῦμεν
2789 2985 2885 3039 διὰ.
2919 2985 3023 3055 τὴν
3064 2983 3489 3054 ὀμοουσιότητα,
3518 2984 3612 3037 καὶ

2038 3077 2174 3131 Θεὸν
2207 3078 2304 3131 ἕνα
2336 3076 2403 3130 τὰ
2432 3076 2561 3146 τρία
2608 3074 2984 3148 ὁμολογοῦμεν
3039 3077 3136 3130 σὺν
3182 3075 3432 3146 ἀλληλοις
3462 3075 3613 3129 νοού-

2043 3185 2184 3239 μενα
2210 3168 2301 3223 διὰ
2329 3168 2428 3238 τὴν
2464 3168 2782 3239 μοναρχίαν,
2813 3168 3228 3239 φυλασσομένης
3264 3168 3480 3236 ἑκάστῳ
3513 3167 3614 3218 πά-

353 3274 499 3321 mur,
529 3274 591 3313 ea
618 3261 826 3316 scilicet
872 3260 1083 3316 ratione
1116 3270 1173 3315 ut
1198 3262 1538 3332 principatus
1603 3279 1743 3323 unus
1802 3282 1931 3322 con-

2035 3263 2116 3314 λιν
2137 3259 2251 3330 τῆς,
2275 3260 2560 3330 ίδιότητος.
2600 3261 2693 3313 Δεῖ
2717 3261 2828 3330 γὰρ
2855 3259 2949 3313 καὶ
2972 3258 3460 3324 τὰςὺποστατικᾶς
3488 3258 3611 3311 ίδιό-

355 3359 632 3417 servetur;
689 3362 945 3406 manente
994 3367 1191 3409 rursus
1227 3368 1293 3408 ac
1344 3354 1609 3411 incolumi
1657 3370 1754 3411 sua
1816 3359 1935 3412 eui-

357 3457 471 3510 que
497 3444 854 3512 proprietate.
898 3443 1134 3500 Necesse
1173 3444 1319 3500 enim
1351 3454 1459 3512 est,
1496 3458 1553 3502 ut
1585 3458 1638 3502 et
1660 3424 1932 3520 persona-

356 3535 435 3589 les
457 3536 819 3604 proprietates
858 3536 1179 3593 inconfusas
1230 3553 1295 3594 ac
1316 3538 1633 3597 immobiles
1667 3544 1927 3598 confitea-

355 3641 501 3693 mur,
532 3627 811 3698 Deumque
830 3645 994 3684 unum
1021 3630 1075 3683 in
1103 3630 1279 3686 tribus
1306 3633 1559 3700 personis
1589 3634 1901 3702 adoremus,

354 3714 571 3771 Patrem
612 3719 858 3789 quidem,
893 3729 951 3774 ut
988 3720 1227 3783 Patrem,
1270 3721 1583 3794 Filiumque
1613 3734 1674 3778 ut
1706 3723 1930 3791 Filium,

352 3819 419 3858 ac
460 3804 721 3874 Spiritum
769 3815 1020 3864 sanctum
1053 3821 1110 3865 ut
1140 3811 1402 3881 Spiritum
1434 3823 1708 3881 sanctum,
1742 3833 1935 3888 quem-

353 3897 647 3953 admodum
706 3901 763 3956 in
815 3900 1006 3958 eadem
1064 3902 1322 3959 Oratione
1374 3904 1444 3961 de
1506 3907 1592 3964 Ιιίε
1647 3908 1931 3981 loquitur:

355 3986 503 4042 Nam
532 3990 734 4060 alio‘qui
763 3993 1024 4062 quomodo
1055 3995 1349 4062 proprietas
1376 3995 1560 4065 fuerit,
1590 4002 1638 4055 si
1661 4013 1936 4059 moveatur

350 4095 519 4149 exque
546 4081 657 4136 alia
693 4084 750 4137 in
790 4086 952 4140 aliam
988 4091 1264 4145 mutetur?
1298 4089 1534 4163 Magnus
1569 4107 1790 4165 quoque
1823 4095 1933 4153 Ba-

354 4171 511 4227 silius
553 4174 606 4227 in
648 4176 786 4229 libro
826 4176 900 4231 De
932 4181 1037 4248 ﬁde
1067 4198 1087 4236 .'
1117 4180 1347 4251 Filium,
1386 4186 1586 4257 inquit,
1622 4204 1686 4242 ac
1715 4189 1935 4244 Patrem

352 4265 489 4318 dixi.
543 4265 658 4321 Has
693 4269 824 4323 mihi
855 4286 1006 4327 serva
1034 4277 1411 4345 proprietates.
1456 4278 1573 4333 Hoc
1614 4281 1792 4352 itaque
1820 4298 1936 4337 ma-

356 4373 504 4424 nens,
541 4359 680 4428 quod
703 4371 807 4427 est,
839 4359 1009 4420 Filius
1069 4378 1264 4423 cuncta
1287 4379 1365 4423 est
1395 4386 1717 4444 quaecunque
1740 4371 1930 4442 Pater,

350 4450 510 4519 iuxta
561 4451 777 4506 Domini
816 4471 1029 4524 vocem,
1060 4474 1179 4513 cum
1208 4460 1319 4515 ait:
1359 4459 1589 4517 tOmnia
1614 4480 1937 4537 quaecunque

354 4543 511 4597 habet
538 4542 722 4635 Peter,
761 4565 879 4604 mea
916 4561 1039 4605 sunt
1072 4553 1181 4607 “.s
1217 4552 1651 4622 Cltrysostomus
1706 4572 1934 4629 quoque

356 4636 411 4689 in
433 4636 668 4706 quodam
711 4654 940 4695 suorum
978 4640 1306 4698 Sermonum
1341 4663 1355 4701 :
1388 4643 1779 4716 Proprietatem
1811 4666 1934 4706 cum

353 4726 498 4791 dico,
547 4727 782 4797 Patrem,
810 4729 1027 4787 Patrem
1053 4733 1326 4805 intellige;
1352 4746 1403 4791 et
1428 4735 1659 4807 Filium,
1691 4737 1934 4808 Filium;

354 4827 406 4872 et
440 4817 701 4885 Spiritum
747 4833 1014 4891 sanctum,
1064 4824 1325 4894 Spiritum
1355 4840 1620 4887 sanctum.
1657 4832 1751 4888 Ha:
1786 4836 1932 4889 enim

360 4911 720 4980 proprietates
781 4915 924 4970 inter
963 4931 1022 4972 se
1052 4916 1278 4973 minime
1329 4933 1761 4980 commutantur.
1811 4924 1938 4981 Ete-

359 5001 470 5054 nim
527 4999 689 5057 Pater
739 5005 962 5074 proprie
1017 5020 1257 5077 vereque
1312 5007 1478 5066 Pater
1507 5020 1627 5077 est;
1660 5021 1716 5069 et
1740 5006 1934 5081 Filius,

360 5093 582 5162 proprie
620 5109 860 5162 vereque
899 5095 1107 5164 Filius;
1164 5108 1220 5155 et
1243 5099 1486 5171 Spiritus
1532 5114 1781 5173 sanctus,
1810 5121 1943 5176 pro-,

358 5183 473 5252 prie
503 5199 739 5255 vereque
772 5187 1015 5259 Spiritus
1042 5194 1489 5265 sanctus._Apud
1530 5195 1779 5253 homines
1812 5200 1938 5270 quis-

430 5366 479 5400 °°
504 5361 668 5421 Joan.
694 5380 829 5433 xvu,
858 5367 948 5426 l5.

437 5547 551 5614 (6-3)
571 5548 752 5618 Ὅταν
772 5547 844 5603 ἓν
887 5565 944 5603 τι
971 5543 1092 5601 τῶν
1118 5547 1316 5618 τριῷν.
1355 5548 1582 5618 Sumpta
1616 5548 1732 5605 haec
1754 5563 1817 5605 ex
1842 5549 1946 5604 alia

364 5616 617 5690 Gregorii
637 5627 966 5689 orat.quam
1009 5619 1141 5690 citet
1194 5616 1443 5690 Galecas,
1497 5616 1599 5683 Et;
1650 5619 1720 5673 τὰ
1767 5620 1947 5690 φῶτα,

365 5688 466 5761 etsi
492 5687 597 5761 illa
625 5690 737 5761 jam
768 5687 879 5743 non
910 5687 1172 5761 occurrit.
1235 5688 1438 5758 Sicque
1464 5691 1642 5748 etiam
1696 5687 1947 5761 superio-

369 5756 522 5828 ribus
550 5757 724 5810 eidem
758 5757 1023 5828 obrepsit.
1058 5766 1117 5811 ut
1148 5761 1302 5825 quasi
1333 5756 1409 5814 ex.
1429 5763 1530 5815 liae
1568 5756 1934 5815 eadem'orat.

373 5825 623 5892 referret,
649 5829 794 5896 quod
827 5825 1025 5885 ex'alia
1061 5828 1313 5886 retulisse
1339 5829 1696 5900 deprehendi,
1729 5838 1785 5886 et
1808 5845 1934 5885 vero

2032 3369 2203 3423 τητας
2225 3351 2573 3423 ἀσυγχύτους
2605 3351 2702 3405 καὶ
2730 3351 3149 3423 ἀμεταϐλήτους
3179 3352 3486 3420 ὁμολογεῖν,
3518 3350 3613 3404 καὶ

2034 3447 2364 3518 προσκυνεῖν
2394 3445 2492 3500 ἕνα
2524 3444 2659 3499 Θεὸν
2695 3447 2753 3499 ὲν
2804 3446 2956 3515 τρισὶ
3005 3446 3342 3516 προσώποις,
3383 3443 3474 3496 τὸν
3513 3443 3611 3511 μὲν

2034 3539 2255 3609 Πατέρα
2296 3539 2379 3602 ὡς
2415 3536 2661 3608 Πατέρα,
2718 3537 2812 3589 τὸν
2853 3537 2913 3591 δὲ
2952 3536 3082 3591 Υίὸν
3133 3536 3210 3599 ὡς
3250 3536 3403 3601 Υέὸν,
3454 3534 3516 3587 τὸ
3554 3533 3613 3586 δὲ

2034 3628 2256 3700 Πνεῦμα
2284 3629 2343 3684 τὸ
2390 3629 2546 3698 ἅγιον
2592 3629 2667 3693 ὠς
2708 3627 2930 3700 Πνεῦμα
2965 3629 3145 3695 ἆγιον,
3176 3626 3354 3691 καθὼς
3391 3629 3419 3681 6
3450 3626 3612 3685 αὐτὸς

2032 3721 2295 3790 Θεολόγος
2322 3721 2378 3774 ὲν
2410 3724 2487 3792 τῷ
2517 3719 2666 3792 αὐτῷ
2700 3738 2835 3792 φησι
2863 3721 2995 3789 περὶ
3026 3719 3256 3776 τούτων·
3293 3738 3312 3771 ι
3348 3717 3474 3781 Πῶς
3503 3717 3615 3786 γὰρ

2032 3815 2100 3871 ἂν
2126 3815 2324 3887 ἰδιότης
2349 3815 2436 3883 είη
2466 3814 2764 3884 κινουμένη
2794 3812 3370 3883 καὶμετατιίπτουσας
3395 3828 3412 3861 ι
3446 3808 3617 3862 πάλιν

2034 3907 2177 3964 κατὰ
2203 3909 2296 3962 τὸν
2320 3907 2486 3961 αὐτὸν
2516 3909 2716 3961 εἰπεῖν.
2743 3905 2854 3960 Καὶ
2878 3907 2907 3961 6
2941 3904 3115 3976 μέγας
3143 3902 3422 3965 Βαοίλειος
3454 3901 3512 3953 ὲν
3529 3898 3618 3971 λτῷ

2035 3999 2166 4072 περὶ
2199 3999 2510 4071 πίστεωςγι
2544 3999 2674 4052 Υίὸν
2706 3994 2893 4062 εἷπον,
2924 4015 2943 4047 ι
2979 3997 3137 4066 φησὶ,
3170 4014 3190 4049 t
3220 3996 3314 4048 καὶ
3349 3994 3567 4063 Πατέρα
3593 4004 3610 4022 °

2034 4091 2280 4162 φύλασσέ
2326 4107 2417 4161 μοι
2464 4088 2673 4152 ταύτας
2716 4087 3013 4156 ἰδιότητας.
3062 4087 3259 4140 Μένων.
3304 4083 3400 4139 οὖν
3446 4088 3506 4141 ἐν
3533 4087 3621 4158 τῷ⁸

2034 4176 2177 4237 εῖναι
2211 4182 2338 4246 Υἱὸς
2365 4182 2393 4235 6
2423 4179 2573 4245 Υἱὸς,
2603 4180 2784 4234 πάντα
2811 4178 2960 4232 ἐστὶν
3009 4178 3112 4231 ὅσα
3162 4177 3311 4232 ἐστὶν
3339 4181 3367 4232 6
3395 4178 3610 4249 Πατὴρ.

2033 4273 2178 4328 κατὰ
2199 4270 2299 4341 τὴν
2318 4269 2483 4324 αὐτοῦ
2505 4268 2690 4342 φωνὴν
2711 4266 2917 4323 τοῦΚυ
2927 4268 3043 4339 ρίου
3066 4269 3334 4334 εἰπόντος,
3364 4289 3382 4321 t
3427 4271 3619 4323 Πάντα

2036 4367 2136 4419 ὅσα
2169 4362 2284 4435 ἔχει
2312 4364 2341 4417 6
2370 4362 2586 4433 Πατὴρ,
2611 4361 2720 4431 ἐμά
2770 4362 2909 4415 ἐστι.
2955 4381 2974 4415 ›
3013 4359 3127 4416 Kal.
3162 4361 3191 4414 6
3222 4361 3625 4430 Xpuoéoropog

2035 4456 2094 4511 ἓν
2127 4475 2234 4512 τινι
2254 4455 2364 4512 τῶν
2392 4454 2784 4525 αὑτοῦνλόγων,
2818 4473 2838 4508 t
2878 4454 3143 4524 ’ἰδιότητα
3162 4452 3274 4522 γὰρ
3294 4454 3423 4507 ὅταν
3446 4451 3613 4517 εἴπω,

2036 4548 2129 4603 τὸν
2164 4547 2639 4628 ΠατέραΠατέρα
2671 4547 2886 4618 νόησον,
2922 4545 3134 4602 καὶτὸν
3163 4544 3293 4601 Υίὸν
3337 4546 3486 4607 Υίὸν,
3518 4544 3619 4599 καὶ

2036 4643 2100 4698 τὸ
2124 4641 2351 4712 Πνεῦμα
2369 4640 2429 4697 τὸ
2446 4641 2601 4709 ἅγιον
2624 4638 2849 4708 Πνεῦμα
2872 4639 3047 4707 ἅγιον.
3062 4657 3082 4692 ι
3103 4631 3272 4694 Αῦται
3293 4639 3401 4709 γὰρ
3417 4639 3472 4692 αἱ
3497 4637 3624 4691 ἰδιόο

2036 4752 2199 4807 τητες
2241 4734 2344 4788 οὐκ
2370 4733 2843 4804 ἀντιστρέφονται.
2870 4731 2982 4785 Καὶ
3008 4731 3118 4799 γὰρ
3140 4729 3386 4801 ὁΠατὴρ
3413 4728 3617 4801 κυρίως

2039 4826 2135 4881 καὶ
2164 4825 2380 4896 ἀληθῶς
2402 4827 2519 4879 ἐστι
2551 4825 2762 4896 Πατήρ·
2795 4824 2889 4878 καὶ
2916 4824 2947 4877 6
2976 4822 3103 4885 Υἱὸς
3125 4823 3331 4893 κυρίως
3355 4821 3451 4875 καὶ
3479 4820 3619 4888 ἁλη-

2041 4919 2151 4981 θῶς
2175 4918 2327 4985 Υἱὸς,
2352 4918 2447 4971 καὶ
2475 4917 2551 4970 τὸ.
2568 4917 2795 5004 Πνεῦμα
2834 4915 2897 4968 τὸ
2944 4913 3101 4982 ἃγιον
3127 4915 3332 4984 κυρίως
3362 4911 3458 4966 καὶ
3479 4911 3619 5004 61n-

2042 5012 2153 5077 θῶς
2185 5013 2303 5065 ἐστι
2339 5008 2566 5080 Πνεῦμα
2598 5000 2788 5077 ἅγιον(
2838 5006 2931 5060 Ἐν
2966 5005 3065 5074 μὲν
3113 5003 3224 5075 γὰρ
3254 5005 3371 5067 τοῖς
3403 5000 3618 5073 ἀνθρώ-

2045 5126 2171 5172 ποις
2201 5108 2356 5162 οὑδὲν
2385 5104 2589 5160 κωλύει
2617 5104 2713 5156 τὸν
2738 5101 2901 5156 αὑτὸν
2930 5095 3075 5154 εἶναι
3101 5098 3317 5170 πατέρα
3354 5097 3450 5151 καὶ
3477 5094 3615 5148 υἱόνο

2044 5200 2204 5255 ἄλλου
2254 5198 2355 5270 μὲν
2395 5196 2611 5267 πατέρα
2656 5190 3129 5265 δηλονότι,,ᾶλλου“
3171 5189 3227 5245 δὲ
3260 5187 3398 5253 υἱὸν,
3425 5181 3629 5249 ἐπειδὴ,

2051 5549 2331 5607 annotavi.
2350 5545 2511 5621 _Adde
2532 5545 2675 5615 quod
2700 5558 2807 5621 non
2834 5542 2972 5621 satis
3000 5547 3371 5621 succurrente
3417 5550 3625 5618 memo-

2050 5623 2154 5683 ria,
2183 5618 2512 5689 quandoque
2540 5616 2799 5689 nonuulla
2835 5615 3126 5689 verborum
3175 5615 3410 5668 mutatio
3473 5615 3621 5689 acci-

2046 5690 2126 5745 dit
2159 5707 2175 5745 :
2203 5683 2271 5743 'ut
2302 5683 2435 5757 cum
2455 5684 2815 5757 sequentibus
2844 5686 2987 5753 (qua:
3018 5683 3136 5757 ipsa
3168 5694 3297 5757 vere
3354 5695 3422 5735 ex
3471 5688 3615 5757 orat.

2045 5762 2125 5822 εἰς
2157 5760 2224 5813 τὰ
2269 5755 2445 5827 φῶτα)
2482 5751 2601 5811 loco
2654 5755 2825 5825 μένοι,
2855 5751 2962 5808 εει
2996 5753 3102 5822 εἴη·
3155 5751 3345 5806 eodem
3406 5751 3635 5818 penitus

2044 5846 2234 5888 δρηδιι.
