4074 6418
378 339 475 404 481
1337 346 1434 407 DE
1479 344 1907 407 PRINCIPUS
1948 351 2164 410 FlDEl
2198 353 2672 418 CATHOLICrE.
3519 356 3630 421 482

378 457 582 529 πλῆθός
617 460 736 512 ἐστι
772 457 1082 529 προσώπων
1106 473 1123 492 °
1157 460 1250 514 καὶ
1279 461 1368 514 διὰ
1395 462 1560 514 τοῦτο
1588 463 1708 517 οὐδὲ
1735 465 1941 536 κυρίως

2048 467 2172 522 dem
2235 471 2368 525 nilnl
2398 482 2562 540 vetat,
2591 489 2716 531 esse
2743 478 2997 531 eumdem
3027 483 3080 531 et
3111 485 3319 546 patrem
3349 484 3406 544 et]
3430 475 3627 544 filium,

377 548 464 601 ἐπ’
493 549 796 618 ἀνθρώπων
851 549 1052 620 λέγοιτ’
1071 551 1137 605 ἂν
1166 553 1349 622 πατὴρ
1381 555 1475 606 καὶ
1505 553 1711 623 ἀληθὴς
1741 556 1941 622 πατρόι

2053 575 2244 631 nempe
2265 563 2490 618 alterius
2505 573 2736 635 patrem,
2750 566 2976 624 alterius
3001 565 3191 633 filium,
3209 567 3353 636 quod
3373 582 3630 637 persona-

377 658 472 710 της
505 641 594 694 διὰ
625 643 722 705 τὰς
751 643 850 713 τῆς
886 643 1021 715 ῦλης
1080 643 1348 716 διαφορὰς
1405 645 1500 700 καὶ
1547 645 1817 716 ἐλλείψεις
1850 649 1941 702 καὶ

2054 642 2172 700 rum
2216 651 2501 706 multitudo
2531 664 2646 720 est;
2675 670 2785 724 quo
2815 654 2979 708 etiam
3009 654 3102 721 fit,
3133 666 3194 709 ut
3225 654 3280 708 in
3316 655 3628 710 horninibus

377 734 650 797 ποικιλίας
674 751 689 766 θ
716 737 810 789 ἐπὶ
839 737 896 790 δὲ
935 734 1031 788 τοῦ
1073 736 1232 800 Θεοῦ,
1255 736 1314 790 ὃν
1342 737 1563 792 Μονάδα
1603 737 1696 790 καὶ
1736 738 1941 809 Τριάδα

2055 752 2162 791 non
2197 741 2414 808 proprie
2443 753 2594 812 pater
2618 744 2723 799 dici
2753 753 2917 815 queat
2943 761 3178 816 veraque
3209 748 3531 816 paternitas.
3559 747 3629 800 ob

375 827 529 895 παρὰ
561 827 660 896 τῆς
695 829 934 892 πίστεως
957 828 1343 900 ἐδιδάχθημεν,
1369 831 1462 882 καὶ
1485 829 1638 882 οὐδὲν
1664 830 1796 899 ἡμῖν
1820 828 1941 883 ἄλλο

2055 832 2300 886 materiae
2328 833 2574 890 diversas
2604 837 2920 906 qualitates,
2956 837 3317 908 deiectusque
3348 853 3412 892 ac
3445 838 3626 890 varie-

374 918 670 985 πρόσωπον
691 920 1054 988 παραδέδοται
1072 917 1212 974 εἶναι
1230 923 1348 974 ἐκεῖ
1367 923 1519 992 παρά
1541 918 1607 974 τὰ
1624 921 1750 990 τρία
1775 919 1941 974 ταῦτα

2051 928 2214 978 tates.
2247 923 2303 978 ln
2337 923 2448 979 Deo
2477 937 2680 996 autem,
2711 944 2870 999 quem
2904 929 3178 986 Unitatem
3206 944 3269 985 ac
3300 927 3626 982 Trinitatem

373 1008 632 1078 ἀθέμιτον
660 1010 734 1082 μὴ
765 1012 858 1064 τὸν
893 1011 1243 1083 μὲνξὰληθῶς
1277 1013 1372 1066 καὶ
1403 1013 1608 1084 κυρίως
1655 1011 1941 1082 ὁμολογεῖν

2054 1027 2120 1066 ex
2150 1012 2253 1067 lide
2281 1015 2460 1070 edocti
2497 1031 2711 1083 sumus,
2733 1033 2796 1072 ac
2824 1019 2880 1072 in
2911 1035 3021 1088 quo
3056 1018 3262 1073 nullam
3295 1018 3460 1072 aliam
3495 1031 3623 1087 per-

372 1099 458 1151 ἀεὶ
492 1102 728 1173 Πατέρα,
757 1102 847 1155 τὸν
874 1103 931 1156 δὲ
969 1105 1176 1174 κυρίως
1209 1105 1306 1158 καὶ
1336 1104 1556 1175 ἀληθῶς
1587 1106 1677 1158 ἀεὶ
1708 1104 1860 1172 Υἱὺν,
1885 1104 1941 1157 τὸ

2054 1119 2243 1158 sonam
2301 1118 2498 1176 praeter
2530 1108 2652 1165 illas
2699 1112 2992 1166 traditione
3018 1111 3127 1166 ulla
3158 1111 3493 1180 accepimus,
3527 1124 3628 1162 ne-

371 1191 425 1243 δὲ
453 1192 656 1262 κυρίως
686 1194 775 1246 ἀεὶ
807 1196 902 1247 καὶ
933 1195 1151 1263 ἀληθῶς
1183 1196 1412 1268 Πνεῦμα
1442 1196 1622 1266 ἃγιον.

2053 1194 2136 1252 fas
2168 1207 2253 1252 est
2285 1201 2452 1254 alium
2509 1216 2617 1254 non
2650 1217 2776 1257 vere
2823 1219 2889 1263 ac
2922 1205 3135 1274 proprie
3163 1219 3378 1274 semper
3407 1203 3624 1258 Patrem

375 1287 645 1353 confiteri,
677 1290 843 1344 alium
864 1306 968 1345 non
991 1293 1208 1363 proprie
1232 1309 1296 1349 ac
1327 1307 1451 1350 vere
1482 1307 1698 1364 semper
1728 1293 1950 1359 Filium,
1991 1293 2156 1347 alium
2195 1309 2304 1350 non
2364 1298 2589 1367 proprie
2626 1313 2841 1369 semper
2862 1315 3094 1372 vereque
3169 1297 3434 1370 Spiritum
3493 1315 3626 1358 san-

371 1392 538 1436 οιιιιη.

441 1474 516 1525 Οὐ
545 1474 726 1527 τοίνυν
772 1477 854 1529 δεῖ
883 1476 984 1548 τῆς
1033 1477 1288 1550 ὲνότητος
1331 1477 1442 1531 τῶν
1487 1480 1660 1549 τριῶν
1706 1479 1942 1533 ἐκείνων

370 1563 536 1636 τριῶν
581 1567 889 1636 προσώπων
928 1569 1102 1634 οὕτως
1148 1571 1380 1642 ἐχούσης
1416 1572 1506 1626 διὰ
1543 1572 1643 1645 τὴν
1677 1573 1811 1645 μίαν
1857 1575 1945 1627 αἱ-

369 1656 510 1719 τίαν,
535 1657 787 1730 καθάπερ
816 1661 1047 1731 εἴπομεν
1069 1664 1221 1733 παρὰ
1241 1664 1341 1734 τῆς
1373 1665 1673 1735 καθολικῆς
1703 1665 1941 1728 πίστεως

370 1748 731 1818 διδαχθέντες,
764 1751 1047 1808 διάστασίν
1076 1773 1202 1809 τινα
1239 1756 1402 1827 μέχρι
1435 1757 1531 1811 καὶ
1560 1757 1653 1811 τοῦ
1681 1756 1941 1826 τυχόντος

1969 1803 2016 1858 Β

2120 1479 2434 1535 Cavendum
2489 1479 2676 1552 igitur,
2711 1495 2836 1536 cum
2889 1483 3052 1538 trium
3101 1481 3322 1550 illarum,
3363 1497 3629 1553 persona-

2051 1590 2172 1629 rum
2229 1575 2408 1628 unitas
2438 1574 2518 1628 sie
2546 1589 2604 1628 se
2640 1572 2858 1638 habeat,
2909 1589 2975 1629 eo
3032 1574 3178 1644 quod
3235 1589 3377 1629 unus
3433 1585 3626 1630 auctor

2046 1665 2304 1732 exsistat,
2354 1666 2816 1737 quemadmodum
2876 1667 3116 1721 diximus
3167 1666 3445 1722 catholica:
3501 1667 3626 1721 ﬁdei

2047 1759 2170 1814 freti
2225 1758 2510 1822 doctrina.
2542 1773 2610 1814 ne
2666 1758 2752 1814 vel
2817 1760 2966 1814 nudo
3026 1759 3270 1830 cogitatu
3319 1760 3627 1830 mentisque

371 1839 739 1896 ἀνυποστάτου
778 1843 1048 1913 νοήματος
1079 1846 1170 1899 ἐπ’
1218 1847 1398 1900 αὐτῶν
1425 1848 1652 1902 ἐννοεῖν.
1693 1848 1800 1902 Καὶ
1829 1848 1940 1918 γάρ

2047 1850 2339 1920 figmento,
2371 1851 2535 1905 ullam
2571 1850 2626 1905 in
2661 1852 2740 1906 eis
2775 1850 3096 1905 divisionem
3129 1865 3195 1906 ae
3225 1852 3626 1922 separationeiu

373 1948 536 2000 φησιν
580 1933 607 1984 ὅ
661 1933 923 2001 Θεολόγος
967 1934 1275 2006 Γρηγόριος
1333 1938 1471 2009 πρὸς
1520 1939 1610 1991 τὸν
1658 1940 1941 2010 αἱρετικὸν

371 2025 791 2096 ἀποτεινόμενος
825 2028 964 2100 (65)°
1004 2047 1023 2082 ι
1051 2031 1194 2102 Φοσῇ
1227 2032 1290 2088 σὺ
1321 2032 1421 2104 τὴν
1441 2034 1718 2105 γέννησιν,
1749 2037 1835 2090 ίνα
1861 2039 1938 2108 μή

369 2132 422 2168 τι
473 2116 619 2189 πάθῃ
665 2117 818 2186 Θεὸς,
862 2122 890 2174 6
938 2121 1014 2194 μὴ
1069 2123 1334 2195 πάσχων;
1370 2125 1482 2196 ἐγὼ
1532 2127 1808 2199 φοϐοῦμαι
1842 2129 1941 2200 τὴν

371 2207 566 2271 κτίσιν,
594 2210 683 2264 ἵνα
726 2212 801 2282 μὴ
837 2211 971 2266 Θεὸν
1020 2214 1278 2270 ἀπολέσω
1319 2217 1407 2272 διὰ
1441 2219 1540 2288 τῆς
1581 2219 1795 2290 ὕϐρεως
1846 2222 1941 2274 καὶ

370 2304 466 2369 τῆς
517 2301 704 2355 ἀδίκου
758 2304 965 2374 ταύτης
998 2312 1334 2380 κατατομῆς’
1367 2311 1401 2381 ἢ
1447 2311 1539 2365 τὸν
1571 2313 1698 2365 Υἱὸν
1726 2313 1942 2384 τέμνων

303 2415 320 2430 τ
369 2393 476 2444 ἀπὸ
509 2393 601 2444 τοῦ
655 2393 894 2465 Πατρδς,
949 2397 982 2468 ἢ
1015 2399 1124 2452 ἀπὸ
1164 2401 1260 2454 τοῦ
1306 2401 1440 2454 Υἱοῦ
1474 2402 1573 2474 τὴν
1607 2403 1800 2458 οὐσίαν
1841 2406 1938 2459 τοῦ

375 2482 708 2551 Πνεύματος.
759 2502 779 2536 ι
826 2487 937 2540 Καὶ
977 2489 1004 2540 6
1035 2490 1210 2560 μέγας
1272 2491 1554 2556 Βασίλειος
1587 2495 1646 2546 ὲν
1701 2497 1767 2567 τῇ
1804 2497 1941 2567 πρὸς

367 2574 459 2626 τὸν
481 2574 705 2646 ἀδελφὸν
761 2578 928 2633 αὐτοῦ
952 2581 1254 2652 Γρηγόριον
1278 2583 1536 2656 ἐπιστολῇ
1567 2585 1700 2657 (66)·
1733 2605 1751 2638 ι
1800 2587 1941 2642 Οῦτε

371 2665 479 2736 γὰρ
507 2667 599 2720 τοῦ
641 2669 849 2741 Πατρὸς
886 2674 914 2726 6
941 2673 1030 2725 ἀεὶ
1056 2672 1133 2726 ὢν
1161 2675 1223 2728 ὲν
1287 2675 1364 2746 τῷ
1399 2677 1579 2746 Πατρὶ
1613 2680 1942 2752 ἀποτμηθῆ-

367 2776 454 2809 ναι
487 2759 792 2831 δυνήσεται,
822 2762 946 2817 οὔτε
973 2765 1068 2818 τοῦ
1101 2767 1420 2838 Πνεῦματός
1456 2787 1589 2823 ποτε
1619 2771 1944 2843 διαζευχθή-

369 2867 518 2903 σεται
551 2853 643 2904 τοῦ
693 2853 824 2906 ίδίου
863 2857 892 2908 6
941 2857 1118 2910 πάντα
1149 2861 1208 2912 ὲν
1242 2860 1392 2932 αῦτῷ
1427 2863 1688 2933 ἐνεργῶν.
1729 2883 1749 2918 ›
1801 2866 1941 2920 Ἀλλ’

366 2944 510 2996 οὕτω
528 2945 625 3016 τὴν
653 2945 760 3000 τῶν
784 2949 1096 3018 προσώπων
1134 2952 1362 3023 ἑνότητα
1390 2953 1470 3008 δεῖ
1500 2955 1790 3024 φυλάττειν
1821 2961 1940 3023 ταῖς

365 3033 544 3102 τρισὶν
593 3035 975 3106 ὑποστάσεσιν,
1034 3041 1130 3094 καῖ¹
1167 3042 1311 3096 οὕτω
1365 3049 1634 3116 προσήκει
1669 3051 1811 3102 νοεῖν
1842 3052 1936 3104 καὶ

2043 1943 2439 2014 intelligamus.
2472 1941 2562 1996 Ait
2595 1942 2738 1997 enim
2771 1940 3066 2013 Gregorius
3102 1941 3435 2012 Theologus,
3465 1958 3627 2013 argu-

2044 2033 2212 2088 menti
2270 2035 2377 2088 vim
2440 2034 2496 2087 in
2542 2032 2862 2086 hwreticum
2919 2032 3212 2088 intendens
3267 2051 3281 2086 :
3341 2032 3515 2088 Times
3565 2043 3624 2090 tu

2041 2126 2450 2196 generationem,
2471 2141 2536 2180 ne
2560 2125 2684 2195 quid
2707 2123 2968 2195 patiatur,
2989 2125 3079 2192 qui
3101 2123 3166 2177 ab
3197 2125 3341 2180 omni
3377 2127 3624 2195 passione

2041 2220 2288 2275 immunis
2319 2219 2572 2274 exsistit?
2603 2218 2716 2288 Ego
2757 2227 3060 2271 creaturam
3087 2219 3265 2284 timeo,
3289 2234 3354 2272 ne
3384 2221 3624 2290 irrogata

2043 2313 2268 2380 injuria,
2313 2311 2614 2382 iniustaque
2646 2311 2746 2364 hac
2774 2310 3124 2364 conscissione
3141 2309 3309 2363 Deum
3334 2311 3582 2366 amittant
3605 2353 3624 2377 ,

2044 2405 2135 2474 qui
2191 2405 2271 2459 vel
2320 2403 2521 2458 Filium
2569 2420 2602 2457 a
2631 2401 2813 2466 Patre,
2844 2401 2926 2456 vel
2956 2420 2987 2456 a
3033 2402 3180 2457 Filio
3209 2402 3442 2473 Spiritus
3485 2405 3628 2459 scin-

2043 2497 2167 2550 dam
2215 2496 2590 2549 substantiam.
2651 2493 2881 2564 Magnus
2927 2509 3146 2565 quoque
3193 2494 3448 2562 Basilius,
3491 2495 3626 2566 Epi-

2041 2589 2177 2644 stola
2231 2587 2297 2641 ad
2352 2587 2676 2658 Gregorium
2739 2586 2964 2642 fratrem
3025 2586 3192 2658 (66):
3248 2589 3427 2657 Neque
3483 2589 3624 2643 enim

2041 2682 2134 2752 qui
2179 2695 2381 2750 semper
2404 2679 2457 2732 in
2501 2677 2662 2734 Patre
2699 2689 2798 2744 est,
2827 2678 2986 2732 avelli
3025 2694 3058 2731 a
3091 2678 3253 2732 Patre
3281 2679 3494 2746 poterit,
3529 2695 3626 2732 nec

2044 2788 2277 2842 unquam
2301 2777 2364 2824 ab
2392 2770 2628 2840 Spiritus
2675 2775 2757 2825 sui
2808 2771 3109 2824 substantia
3141 2771 3483 2841 abjungetur,
3533 2771 3626 2840 qui

2043 2865 2098 2918 in
2124 2881 2182 2918 eo
2208 2874 2396 2918 cuncta
2438 2873 2705 2932 operatur.
2739 2861 2939 2918 Verum
2971 2864 3053 2918 sic
3087 2878 3450 2934 personarum
3499 2863 3623 2917 uni-

2046 2965 2211 3012 tatem
2240 2957 2416 3012 tribus
2454 2955 2846 3027 hypostasilius
2874 2970 3102 3011 servare
3139 2954 3418 3021 convenit,
3441 2955 3628 3025 sicque

2047 3049 2101 3102 in
2127 3047 2258 3109 illis.
2293 3062 2395 3118 pro
2438 3046 2642 3118 ingenii
2688 3047 2865 3102 nostri
2897 3046 3156 3102 facultate
3183 3047 3536 3115 intelligenda
3562 3061 3628 3099 ac

367 3131 644 3185 πιστεύειν
673 3133 846 3204 αὐτὴν
885 3136 942 3188 ὲν
992 3135 1187 3202 αὑταῖς
1251 3139 1394 3195 κατὰ
1439 3141 1502 3195 τὸ
1547 3143 1830 3214 ἐγχωροῦν
1874 3147 1940 3217 τῇ

2047 3140 2320 3196 credenda
2350 3139 2442 3204 sit,
2465 3147 2524 3194 ut
2545 3140 2761 3194 unicam
2791 3141 3083 3196 essentiam
3109 3139 3414 3194 sentiamus
3437 3154 3625 3196 secum

365 3222 610 3294 ἡμετέρᾳ
651 3225 881 3298 διανοίᾳ,
923 3227 1000 3291 ὡς
1045 3228 1144 3300 τὴν
1189 3229 1322 3300 μίαν
1363 3230 1550 3288 οὐσίαν
1593 3234 1762 3305 αὐτὴν
1803 3237 1940 3306 πρὸς

366 3313 566 3384 ἑαυτὴν
598 3318 891 3388 ἡνωμένην
940 3320 1035 3374 καὶ
1066 3323 1335 3392 ἄτμητον.
1391 3323 1454 3378 Ἦ
1501 3325 1613 3397 γὰρ
1648 3327 1809 3380 οὐσία
1841 3329 1940 3381 τοῦ

366 3404 506 3458 Θεοῦ
533 3408 602 3460 τὰ
626 3408 753 3478 τρία
785 3411 1056 3480 πρόσωπα
1080 3411 1258 3467 ταῦτὰ
1291 3415 1430 3468 ἐστι.
1469 3417 1690 3473 Μᾶλλον
1725 3418 1780 3471 δὲ
1818 3419 1940 3474 οὐδὲ

371 3497 569 3551 ⁶ἐνωσιν
599 3499 658 3552 ἐν
689 3501 874 3565 αὐτοῖς
901 3503 982 3555 δεῖ
1012 3503 1213 3572 λέγειν.
1246 3507 1396 3561 Δὺτὰ
1430 3508 1538 3579 γάρ
1569 3511 1716 3564 ἐστιν
1746 3512 1779 3582 ή
1809 3511 1942 3566 ἕνω-

369 3607 477 3653 σις,
534 3592 786 3645 τουτέσιν
815 3596 848 3664 ὴ
900 3595 1000 3666 τῆς
1045 3597 1236 3662 οὐσίας
1269 3599 1440 3668 μονὰς
1471 3602 1567 3654 καὶ
1615 3601 1883 3672 ταυτότης
1922 3619 1937 3634 ⁶

367 3682 469 3735 εἴτ’
498 3682 592 3737 οῦν
619 3685 756 3756 αὑτὴ
792 3687 969 3747 οὐσία,
1004 3690 1139 3743 Οὐδὲ
1165 3690 1274 3761 γὰρ
1303 3693 1360 3745 ai
1400 3693 1552 3761 ᾶγιαι
1577 3686 1772 3746 αὗται⁶
1791 3698 1940 3767 τρεῖς

367 3777 696 3842 ὑποστάσεις
722 3781 873 3852 παρᾶ
895 3783 995 3852 τὴν
1024 3782 1214 3835 οὐσίαν
1244 3784 1408 3849 εἰσιν,
1436 3783 1555 3836 ἀλλ’
1585 3780 1742 3839 αῦται
1771 3787 1804 3854 ή
1840 3787 1942 3855 μία

367 3870 519 3922 ἐστὶν
550 3871 708 3925 οὐσία
740 3872 834 3925 τοῦ
863 3873 1022 3941 Θεοῦ,
1047 3873 1122 3938 ὡς
1153 3875 1404 3944 εἴπομεν.
1441 3876 1718 3946 Διαφορὰν
1757 3876 1814 3930 δὲ
1845 3877 1942 3946 μό-

369 3979 467 4032 νην
501 3961 715 4034 ἔχουσιν
741 3965 799 4018 ὲν
821 3964 996 4037 τούτῳ
1024 3965 1159 4036 πρὸς
1181 3965 1390 4037 ἄλληλα
1415 3966 1484 4020 τὰ
1506 3967 1626 4022 θεῖα
1647 3970 1938 4039 πρόσωπα,

367 4055 448 4107 ὃτι
482 4055 543 4107 τὺ
579 4056 678 4125 μέν
704 4060 853 4110 ἐστιν
882 4058 1078 4123 αἴτιον,
1109 4059 1172 4112 τὸ
1205 4059 1263 4112 δὲ
1295 4060 1358 4111 ἐκ
1407 4059 1507 4130 τῆς
1536 4059 1715 4124 αἰτίας
1745 4077 1757 4092 ·
1781 4077 1940 4114 τουτο

369 4146 519 4199 ἐστιν
551 4147 578 4200 6
610 4147 708 4216 μὲν
739 4148 930 4218 Πατὴρ
967 4149 1207 4220 ἄναρχος
1238 4149 1336 4203 καὶ
1367 4150 1632 4215 ἀναίτιος,
1668 4150 1767 4204 ἀπ’
1793 4151 1944 4205 οῦδε-

369 4238 454 4300 νὸς
482 4238 618 4308 ἔχων
643 4239 703 4291 τὸ
731 4234 872 4291 εῖναι
897 4240 1110 4311 Πατὴρ,
1141 4242 1280 4312 ὅπερ
1311 4241 1380 4295 ἂν
1410 4241 1578 4294 αὑτοῦ
1611 4257 1942 4312 προεπινοη-

370 4328 488 4396 Θείη
518 4345 531 4359 ·
566 4329 738 4392 αἴτιος
767 4331 825 4384 δὲ
855 4329 950 4384 τοῦ
987 4331 1120 4385 Υἱοῦ
1147 4333 1242 4386 καὶ
1277 4331 1372 4384 τοῦ
1410 4330 1750 4401 Πνεῦματος.
1801 4331 1942 4385 Τού-

2044 3231 2218 3300 ipsam
2277 3229 2487 3284 unitam
2547 3245 2612 3286 ac
2665 3230 2988 3284 indivisam.
3045 3231 3138 3285 Dei
3184 3230 3330 3284 etiim
3381 3231 3620 3286 essentia

2043 3330 2156 3378 tres
2204 3321 2289 3376 hae
2329 3336 2579 3391 persona:
2633 3321 3044 3389 est.Quinimo,
3108 3335 3179 3376 ne
3222 3322 3348 3376 unio
3401 3320 3624 3392 quidem

2042 3414 2097 3469 in
2132 3413 2213 3469 eis
2255 3411 2488 3467 dicenda
2523 3421 2641 3480 est;
2673 3423 2803 3468 sunt
2833 3413 2980 3468 enim
3029 3412 3341 3486 ipsaemiio,
3375 3412 3482 3468 hoc
3539 3421 3626 3470 est

2042 3506 2296 3563 essentia:
2327 3506 2508 3561 unitas
2527 3515 2578 3560 et
2604 3505 2897 3573 identitas;
2928 3507 3055 3574 ipsa-
3074 3505 3333 3560 nimirum
3358 3505 3622 3561 essentia.

2040 3596 2231 3667 Neque
2257 3598 2404 3654 enim
2451 3606 2654 3652 sanctae
2679 3598 2762 3651 ha:
2790 3606 2902 3651 tres
2935 3598 3258 3667 liypostases
3284 3610 3350 3650 ac
3380 3609 3626 3664 personae

2040 3702 2238 3763 praeter
2287 3691 2581 3746 essentiam
2622 3698 2769 3756 sunt,
2817 3689 2914 3744 sed
2977 3704 3084 3742 una
3112 3688 3206 3742 Dei
3255 3687 3519 3754 essentia,
3566 3693 3625 3744 ut

2042 3783 2377 3838 dicebamus.
2413 3780 2526 3838 Hoc
2549 3797 2676 3836 vero
2719 3782 2896 3836 solum
2944 3780 3088 3852 inter
3117 3793 3178 3834 se
3207 3778 3626 3848 distinguuntur

2041 3874 2239 3930 divinae.
2269 3887 2539 3943 personae,
2569 3871 2717 3942 quod
2751 3872 2856 3926 alia
2895 3865 3116 3940 quidem
3147 3877 3340 3924 auctor
3372 3881 3475 3936 est,
3504 3870 3625 3924 alia!

2041 3981 2171 4021 vero
2206 3980 2273 4020 ex
2305 3972 2552 4033 auctore.
2595 3963 2712 4018 lloc
2741 3973 2850 4028 est,
2905 3961 3068 4016 Pater
3111 3961 3326 4031 quidem
3369 3960 3620 4031 principii

2042 4074 2238 4130 expers
2264 4065 2348 4114 est
2372 4071 2434 4112 ac
2458 4071 2637 4112 causa
2659 4093 2673 4118 .
2705 4071 2734 4109 a
2767 4055 2914 4109 nullo
2939 4055 3147 4109 habens
3164 4051 3414 4124 quodest
3441 4051 3620 4116 Pater,

2041 4152 2188 4222 quod
2223 4151 2314 4207 illo
2363 4151 2515 4222 prius
2569 4150 2901 4218 intelligatur
2937 4167 2950 4203 :
2983 4157 3172 4202 auctor
3205 4161 3333 4201 vero
3387 4154 3472 4201 est
3502 4144 3622 4199 Filii

2035 4257 2094 4301 et
2131 4244 2373 4316 Spiritus
2400 4243 2601 4300 sancti.
2633 4241 2839 4297 Eorum
2869 4256 2998 4297 vero
3025 4241 3116 4310 qui
3140 4255 3205 4296 ex
3224 4250 3444 4295 auctore
3472 4246 3624 4305 sunt,

2045 4341 2184 4394 alter
2241 4335 2412 4392 Filius
2444 4345 2550 4400 cst,
2597 4349 2661 4389 ex
2696 4335 2858 4390 Patre
2911 4333 3164 4406 genitus;
3215 4332 3352 4386 alter
3383 4329 3626 4401 Spiritus

370 4436 479 4472 των
511 4420 564 4473 δὲ
602 4423 708 4476 τῶν
739 4425 804 4476 ἐκ
843 4424 942 4494 τῆς
973 4423 1154 4486 αίτίας
1185 4425 1212 4477 6
1267 4423 1369 4494 μὲν
1403 4423 1532 4486 Υἱὸς
1562 4425 1626 4477 ὲκ
1648 4423 1741 4476 τοῦ
1773 4423 1939 4478 αὐτοῦ

2049 4439 2292 4492 sanctus,
2346 4441 2412 4481 ex
2443 4425 2605 4481 Patre
2645 4424 2970 4496 procedens,
2992 4423 3086 4479 sed
3119 4438 3228 4478 non
3259 4422 3495 4493 genitus.
3528 4419 3626 4475 Εει

373 4511 579 4582 Πατρός
607 4514 888 4584 γεννητὸς,
934 4515 994 4567 τὸ
1042 4514 1098 4569 δὲ
1146 4515 1376 4584 Πνεῦμα
1411 4516 1475 4568 ὲκ
1499 4515 1592 4568 τοῦ
1629 4513 1793 4569 αὑτοῦ
1827 4515 1939 4568 Πα-

2045 4519 2189 4573 enim
2242 4519 2329 4572 hic
2373 4517 2514 4572 alius
2542 4514 2878 4571 exsistentia:
2925 4515 3156 4579 modus,
3221 4513 3386 4566 nullis
3441 4510 3624 4565 verbis

367 4605 493 4674 τρὸς
520 4607 871 4674 ἐκπορευτὸν,
900 4606 1016 4660 ἀλλ’
1037 4608 1097 4660 οὐ
1122 4607 1403 4676 γεννητόν.
1425 4607 1620 4669 ’Δλλος
1650 4605 1760 4676 γὰρ
1783 4599 1941 4670 οὗτος

366 4697 566 4767 τρόπος
597 4699 909 4768 ὑπάρξεως,
940 4700 1104 4762 αὐτὸς
1132 4698 1514 4768 ἀνέκφραστός
1552 4715 1609 4750 τε
1639 4699 1736 4752 καὶ
1768 4697 1938 4771 ἄρρη-

367 4803 480 4849 τος.
515 4786 675 4841 Ὅοεν
702 4791 730 4840 6
760 4789 858 4858 μὲν
885 4788 1014 4852 Υίδς
1058 4788 1132 4851 ὡς
1179 4787 1543 4856 γεννώμενος,
1569 4788 1791 4857 Πατέρα
1824 4787 1940 4857 ἔχει

366 4880 462 4930 τὶν
491 4879 659 4931 αίτιον
685 4878 905 4945 ἑαυτοῦ,
933 4880 1026 4932 καὶ
1069 4878 1202 4949 πρὸς
1240 4881 1448 4932 ἐκεῖνον
1480 4879 1554 4941 ὡς
1583 4879 1709 4941 Υἱὸς
1740 4878 1943 4948 ἀναφέ-

371 4987 565 5040 ρεταιο
603 4973 810 5035 ἐκεῖνος
861 4971 918 5025 δὲ
973 4972 1166 5024 τούτου
1224 4971 1448 5039 λέγεται
1508 4972 1723 5041 Πατήρ.
1780 4971 1852 5023 T6
1880 4969 1938 5022 δὲ

368 5062 593 5130 Πνεῦμα
623 5063 686 5115 ὲκ
708 5063 802 5116 τοῦ
835 5063 1049 5133 Πατρδς
1075 5061 1534 5133 ἐκπορευόμενον,
1568 5062 1627 5114 οὐ
1663 5061 1800 5115 καοὸ
1828 5063 1941 5116 Πα-

367 5153 494 5221 τρδς
522 5152 580 5218 ἐξ
607 5154 772 5206 αὐτοῦ
798 5154 1160 5224 ἐκπορεύεται
1197 5149 1287 5224 (ἦν
1342 5152 1452 5222 γὰρ
1482 5153 1550 5205 ἂν
1583 5151 1726 5204 οὕτω
1755 5153 1849 5204 καὶ
1877 5151 1939 5205 τὸ

368 5245 594 5314 Πνεῦμα
627 5245 796 5315 Υἱὸς),
830 5246 946 5300 ἀλλ’
990 5249 1056 5300 ὲκ
1099 5246 1196 5298 τοῦ
1243 5246 1479 5315 Πατρὸς,
1523 5243 1691 5296 αὑτοῦ
1725 5243 1941 5316 Πατρδς

369 5337 464 5390 καὶ
497 5338 811 5408 Προὸο).έως
843 5340 1017 5402 ὄντος.
1065 5340 1158 5394 Διδ
1193 5339 1286 5391 καὶ
1321 5337 1457 5406 πρὸς
1484 5338 1694 5389 ἐκεῖνον
1740 5337 1942 5404 ἀναφέ-

373 5445 526 5497 ρεται
579 5429 641 5482 τὸ
683 5431 906 5502 Πνεῦμα
957 5432 1090 5484 καθὸ
1145 5431 1446 5502 πρόϐλημα
1489 5430 1552 5483 οὑ
1599 5428 1736 5484 καθὸ
1769 5428 1936 5492 Υἱός·

371 5521 574 5581 ἐκεῖνός
606 5538 664 5572 τε
693 5524 830 5591 πρὸς
862 5523 921 5575 τὸ
955 5523 1179 5594 Πνεῦμα
1235 5522 1534 5593 προὸολεὺς
1559 5521 1654 5572 τοῦ
1692 5518 1943 5589 Πνεῦμα-

369 5627 457 5672 τος
488 5610 728 5680 λέγεται,
752 5614 812 5665 οὐ
845 5615 1036 5686 Πατήρ
1062 5631 1075 5647 ο
1134 5631 1152 5664 ι
1199 5613 1260 5666 τὸ
1309 5614 1418 5683 γὰρ
1453 5611 1700 5681 Πνεῦμα,
1737 5628 1755 5660 ι
1799 5609 1940 5663 κατά
1987 5653 1991 5655 .

439 5795 549 5866 (65)
583 5795 737 5868 Orat.
770 5794 856 5848 15.

2038 4607 2379 4677 explicabilis
2403 4618 2566 4676 atque
2622 4619 2877 4660 arcanus.
2917 4604 3125 4658 Idcirco
3175 4599 3347 4655 Filius
3379 4598 3624 4669 quidem,

2042 4699 2188 4750 velut
2220 4697 2440 4766 genitus
2473 4711 2568 4750 sel
2603 4705 2788 4758 natus,
2829 4693 3044 4748 Patrem
3092 4692 3256 4746 habet
3298 4691 3381 4745 sui
3431 4700 3625 4744 aucto-

2040 4802 2176 4849 rem,
2224 4795 2277 4839 et
2327 4786 2392 4839 ad
2448 4801 2570 4838 eum
2605 4793 2866 4852 tanquam
2925 4781 3097 4835 Filius
3139 4778 3414 4846 refertur;
3463 4778 3626 4832 Pater

2041 4893 2173 4933 vero
2234 4877 2355 4947 ejus
2395 4875 2556 4930 Pater
2605 4875 2827 4930 dicitur.
2880 4872 3082 4928 Verum
3133 4871 3369 4954 Spiritus
3403 4880 3626 4926 sanctus

2045 4973 2137 5042 qui
2196 4986 2226 5026 a
2293 4971 2452 5025 Patre
2507 4969 2788 5040 procedat,
2825 4982 2930 5022 non
2963 4967 3032 5021 ab
3070 4965 3162 5020 illo
3212 4965 3460 5037 procedit
3491 4979 3629 5036 qla-

2049 5073 2208 5116 tenus
2261 5059 2422 5116 Pater
2455 5069 2537 5115 cst
2593 5059 2693 5130 (sic
2750 5061 2898 5114 enim
2956 5060 3121 5112 etiam
3177 5056 3438 5128 Spiritus,
3479 5067 3625 5113 esset

2047 5150 2266 5224 Filius),
2299 5153 2394 5208 sed
2437 5151 2735 5230 ex.Patre,
2773 5152 2864 5220 qui
2912 5162 2965 5206 et
3021 5150 3137 5220 ipse
3178 5152 3478 5219 productor
3531 5150 3626 5206 sit.

2048 5246 2418 5312 Quamobrem
2480 5246 2642 5300 etiam
2696 5243 2763 5299 ad
2817 5243 2971 5298 illum
3009 5243 3247 5297 refertur
3280 5245 3536 5314 Spiritus.
3567 5251 3630 5296 ut

2044 5336 2367 5406 procedens,
2398 5349 2506 5389 non
2549 5344 2824 5405 quatenus
2846 5333 3049 5400 Filius;
3077 5334 3282 5403 illeque
3312 5344 3372 5389 ut
3398 5334 3465 5388 ad
3497 5333 3624 5402 Spi-

2045 5427 2209 5482 ritum
2239 5436 2613 5495 comparatur,
2654 5424 2894 5497 Spiritus
2923 5424 3254 5492 Productor,
3286 5441 3393 5479 non
3443 5423 3623 5485 Pater.

2046 5530 2413 5588 nuncupatur.
2439 5516 2676 5584 Spiritus
2710 5519 2878 5583 enim,
2907 5528 2964 5572 ut
2992 5527 3075 5575 cst
3106 5528 3297 5572 auctor
3329 5516 3626 5583 Gregorius

2047 5607 2352 5678 Nyssenus,
2393 5605 2614 5661 Patrem
2646 5624 2749 5662 non
2785 5608 2959 5662 habet.
2994 5607 3338 5676 Prorsusque
3385 5603 3536 5660 nefas
3567 5604 3628 5658 in

2120 5789 2232 5862 (se)
2270 5789 2440 5860 Epist.
2475 5790 2563 5845 ts.

3495 5901 3523 5911 ιο
