4074 6412
428 287 537 357 έὸῒ

1690 289 2088 356 MANUELIS
2110 290 2199 350 CA
2210 290 2420 351 LECB

3569 292 3676 360 484

433 408 703 465 Trinitate
744 423 882 465 auos
920 408 1089 465 Filios
1118 407 1321 473 dicere,
1357 414 1457 461 aut
1504 408 1643 461 ιΙιιοε
1673 404 1882 467 Patres,
1916 399 2001 454 vel

2120 399 2195 451 τὸν
2249 399 2475 469 Νύσσης
2524 399 2848 471 Γρηγόριον,
2894 417 2915 451 t
2952 398 3054 454 οὐκ
3083 398 3197 470 ἔχει
3225 401 3471 471 Πατέρα.
3514 421 3533 455 δ
3569 405 3680 459 Kal.

435 503 573 555 duos
598 500 858 572 Spiritus,
885 512 942 555 ut
973 501 1120 571 quod
1177 500 1301 555 lidei
1334 498 1617 552 traditioni
1658 497 2005 551 adversetur.

436 592 529 647 Sic
588 594 732 647 enim
794 609 902 649 non
967 594 1187 662 proprie
1240 590 1346 647 erit
1385 589 1546 643 Pater
1579 595 1674 643 aut
1718 584 2008 642 Filius-vel

2111 484 2463 544 παντάπασιν
2484 490 2779 559 ἀπείρηται
2814 488 2908 544 δύο
2931 491 3095 555 Υῑούς
3112 491 3295 560 λέγειν
3312 492 3372 545 ἐν
3402 495 3466 563 τῇ
3487 495 3681 565 Τριάδι

2109 581 2145 653 ἢ
2174 581 2270 635 δύο
2302 582 2557 652 Πατέρας
2586 582 2620 653 ἢ
2654 581 2749 635 δύο
2800 581 3118 653 Πνεύματα,
3148 582 3225 647 ῶς
3276 587 3344 655 τῇ
3380 586 3681 653 παραδῦσει

436 683 696 752 Spiritus,
728 683 1189 753 quemadmodum
1225 681 1575 747 dicebamus;
1632 679 1727 734 sed
1774 677 2008 731 mutatio

2120 675 2210 743 τῆς
2262 676 2503 738 πίστεως
2545 675 2812 729 ἐναντίον.
2860 674 3018 728 Οῦτω
3050 676 3159 745 γάρ
3189 675 3248 728 οὐ
3284 677 3493 747 κυρίως
3526 678 3684 732 ἐσται

438 773 493 827 in
544 773 831 837 Triniate,
873 774 1148 840 triumque
1204 784 1562 841 personarum
1620 765 1898 830 confusio,
1940 763 2009 818 ad

435 866 794 935 proprietates
830 867 979 935 quod
1028 865 1253 930 attinet,
1292 862 1689 933 conspicietur,
1716 858 1862 930 quod
1915 858 2009 913 ab-

435 955 662 1009 surdum
698 964 805 1011 est.
847 955 1050 1011 Verum
1090 969 1254 1009 unam
1306 953 1450 1008 hanc
1498 950 1910 1006 distinctionem
1956 948 2008 1002 in

437 1045 547 1102 ilis
587 1036 760 1099 tribus
792 1060 858 1100 ex
893 1045 1189 1099 traditione
1222 1042 1547 1099 servandam
1582 1039 2014 1108 a::cepimus;ut

437 1136 646 1192 scilicet
678 1137 907 1191 alterum
942 1137 1161 1207 quidem
1212 1134 1429 1189 Patrem
1465 1132 1738 1196 dicamus,
1782 1129 2010 1183 alterum

437 1227 660 1295 Filium,
691 1229 925 1283 alterum
975 1227 1237 1297 Spiritum
1295 1233 1571 1281 sanctum.
1616 1221 1688 1277 Ut
1737 1221 1880 1276 enim
1937 1220 2015 1274 ait

435 1320 733 1389 Gregorius
784 1320 1121 1386 Tlteologus,
1168 1318 1526 1374 Orationibus
1578 1315 1693 1372 suis
1719 1315 1784 1368 de
1818 1311 1956 1366 Filio
1995 1329 2010 1366 :

434 1408 719 1476 Proprium
795 1418 969 1464 autem
1024 1408 1162 1478 ejus,
1218 1409 1309 1478 qui
1361 1406 1609 1476 principii
1673 1419 1854 1473 expers
1916 1412 2012 1468 est,

439 1517 626 1555 nomen
670 1511 746 1555 est
804 1500 1002 1564 Pater;
1038 1501 1151 1565 eius
1180 1509 1376 1565 autem,
1417 1499 1507 1567 qui
1535 1498 1673 1552 citra
1700 1494 2015 1563 principium

437 1592 644 1662 genitus
674 1601 771 1655 est,
807 1589 854 1644 F
857 1592 1014 1657 ilius;
1050 1590 1198 1645 illius
1234 1590 1475 1658 denique,
1498 1588 1588 1658 qui
1627 1588 1762 1640 citra
1792 1601 2016 1655 genera-

2111 765 2303 837 Πατὴρ
2332 766 2366 837 ἢ
2404 766 2535 831 Υίὺς
2582 766 2615 837 ἢ
2654 765 2903 837 Πνεῦμα,
2935 766 3188 837 καθάπερ
3216 768 3514 838 ἐλέγομεν
3547 768 3685 823 ἀλλά

2113 858 2390 928 μεταόοῖὴ
2421 860 2553 929 περὶ
2582 860 2681 927 τὴν
2711 858 2942 929 Τριάδα,
2967 858 3062 910 καὶ
3094 857 3354 927 σύγχυσις
3383 857 3491 911 τῶν
3514 858 3685 929 τριῶν

2111 948 2425 1018 προσώπων
2459 946 2601 1001 κατά
2629 947 2727 1010 τὰς
2761 948 3033 1017 ἰδιότητας
3079 946 3517 1017 θεωρηθήσεται,
3547 949 3684 1015 ὅπερ

2120 1040 2344 1093 ἀτοπον.
2377 1038 2540 1090 Ἀλλά
2562 1038 2660 1108 τὴν
2700 1038 2964 1109 διαφορὰν
2990 1037 3194 1109 ταύτην
3224 1039 3319 1092 κίοι)⁸
3346 1037 3514 1107 μόνην
3539 1054 3603 1089 πε
3628 1054 3686 1107 ρ-

2111 1130 2376 1200 εδόθημεν
2425 1131 2717 1199 φυλάττειν
2770 1133 2864 1186 ἐπὶ
2895 1133 3006 1186 τῶν
3036 1132 3207 1203 τριῶν
3231 1147 3247 1164 ⁶
3277 1135 3336 1186 ἐν
3364 1131 3441 1202 τῷ
3472 1132 3565 1185 τὸν
3591 1132 3688 1200 μὲν

2115 1224 2340 1294 Πατέρα
2375 1223 2576 1291 λέγειν,
2616 1224 2708 1278 τὸν
2734 1224 2789 1278 δέ
2833 1226 2980 1290 Υἱὸν,
3012 1228 3071 1278 τδ
3114 1225 3171 1278 δὲ
3227 1226 3383 1293 ἅγιον
3434 1224 3680 1295 Πνεῦμα.

2113 1314 2267 1369 Καθά
2297 1315 2404 1385 γάρ
2435 1333 2602 1385 φησιν
2624 1317 2653 1370 6
2690 1317 2952 1386 Θεολὸγος
2987 1318 3289 1389 Γρηγόριος
3319 1321 3378 1371 ἐν
3404 1320 3520 1383 τοῖς
3555 1320 3686 1389 περὶ

2112 1406 2245 1461 Υῐοῦ
2276 1406 2416 1477 (67),
2451 1425 2470 1460 t
2516 1409 2679 1463 Ἴδιον
2705 1409 2763 1461 δὲ
2795 1410 2891 1463 τοῦ
2945 1413 3044 1479 μὲν
3076 1413 3316 1483 ἀνάρχου
3349 1413 3563 1483 Πατὴρ,
3595 1413 3689 1466 τοῦ

2113 1494 2171 1549 δέ
2219 1497 2474 1567 ἀνάρχως
2523 1500 2885 1571 γεννηθέντος
2938 1502 3092 1569 Υἱὸς,
3124 1502 3218 1555 τοῦ
3269 1503 3327 1557 δέ
3377 1504 3691 1575 ἀγεννήτως

2114 1588 2476 1656 προελθόντος
2507 1590 2539 1659 ἢ
2578 1595 2671 1643 καὶ
2700 1592 2986 1662 προίόντος
3016 1594 3077 1646 τὸ
3106 1593 3335 1664 Πνεῦμα
3361 1596 3421 1649 τὸ
3454 1596 3629 1663 ἀγιον.
3664 1615 3686 1650 ›

438 1682 629 1736 tionent
701 1684 954 1752 processit
1010 1699 1101 1736 seu
1162 1682 1323 1735 etiam
1371 1678 1726 1751 progreditur,
1776 1677 2012 1746 Spiritus

2120 1679 2228 1732 Καὶ
2255 1682 2283 1733 6
2312 1682 2674 1750 Δαμασκηνὸς
2714 1683 2773 1735 ἐν
2808 1685 2924 1746 τοῖς
2955 1684 3294 1753 θεολογικοίς
3318 1686 3485 1740 αὐτοῦ
3518 1706 3693 1757 κεφα-

436 1780 673 1825 sanctus.
729 1770 1097 1826 Damasceous
1148 1783 1378 1839 quoque
1417 1769 1471 1822 in
1533 1766 1853 1836 theologicis
1902 1764 2018 1821 suis

2121 1769 2295 1833 λαίοις
2331 1770 2469 1843 (68),
2510 1791 2528 1823 t
2568 1773 2669 1825 Διά
2715 1773 2807 1828 τὸν
2858 1774 3083 1846 Πατέρα
3120 1752 3236 1846 ἔχει
3280 1779 3309 1830 6
3340 1778 3467 1842 Υἱὸς
3506 1752 3694 1833 καὶ-τὺ

438 1862 708 1932 capitibus
746 1881 758 1914 :
794 1861 1017 1925 Propter
1044 1858 1264 1915 Patrem
1304 1859 1496 1913 habent
1526 1857 1703 1913 Filius
1750 1867 1798 1911 et
1837 1855 2015 1926 Spiri-

442 1960 527 2005 tus
557 1952 735 2004 omnia
786 1968 1105 2023 quacunque
1128 1952 1359 2016 habent;
1387 1953 1481 2005 hoc
1516 1960 1617 2015 est,
1652 1950 1845 2005 idcirco
1878 1949 2019 2020 quod

441 2040 605 2097 Pater
624 2044 721 2097 illa
742 2044 898 2097 habet
921 2083 937 2110 ,
956 2046 1183 2113 exceptis
1196 2043 1605 2097 innascibilitate
1619 2051 1668 2097 et
1684 2043 2020 2113 generatione

443 2150 506 2188 ac
523 2136 873 2200 processione.
896 2135 961 2190 In
974 2137 1055 2190 his
1072 2136 1210 2190 enim
1230 2135 1494 2191 duntaxat
1516 2134 1879 2205 personalibus
1896 2150 2020 2205 pro-

438 2227 759 2295 prietatibus
796 2230 932 2283 inter
946 2245 1001 2284 se
1023 2238 1127 2283 tres
1152 2244 1390 2299 persona:
1406 2228 1825 2299 distinguuntur.
1844 2229 1903 2282 ln
1930 2228 2019 2284 his

438 2318 628 2388 itaque
647 2318 829 2375 omnis
857 2334 1042 2375 earum
1068 2319 1245 2390 posita
1266 2320 1547 2375 distinctio
1564 2328 1666 2383 est,
1691 2321 1836 2391 quod
1860 2318 2019 2376 Pater

439 2410 662 2480 quidem
691 2410 852 2467 Pater
888 2419 995 2476 est,
1018 2426 1082 2467 ac
1110 2426 1285 2483 neque
1316 2412 1490 2468 Filius
1525 2428 1705 2483 neque
1743 2412 2018 2483 Spiritus;

440 2502 611 2559 Filius
646 2518 797 2571 vero,
824 2504 997 2560 Filius
1025 2514 1131 2571 est,
1168 2520 1234 2560 ac
1264 2520 1443 2575 neque
1474 2505 1644 2560 Pater
1684 2520 1862 2575 neque
1896 2505 2021 2575 Spi-

441 2598 582 2651 ritus
612 2612 627 2662 ;
669 2594 909 2665 Spiritus
943 2606 1125 2651 autem
1155 2596 1397 2667 Spiritus
1422 2605 1527 2659 est,
1553 2612 1617 2652 ac
1653 2611 1831 2667 neque
1858 2600 2033 2652 Pater.

438 2703 618 2758 neque
666 2686 862 2743 Filius.
911 2688 1030 2743 Non
1078 2688 1226 2743 enim
1271 2689 1385 2744 haec
1441 2690 1663 2745 nomina
1692 2698 2013 2744 naturarum

438 2782 851 2838 distinctionem
893 2780 1213 2851 important,
1248 2789 1309 2836 ut
1335 2780 1408 2837 ait
1447 2780 1747 2853 Gregorius
1778 2781 2017 2836 Theolo-

440 2890 565 2945 gus,
598 2872 750 2929 Orat.
786 2874 904 2929 suis
936 2874 1003 2929 de
1038 2871 1199 2939 Filio,
1251 2873 1381 2929 dum
1441 2872 1573 2929 dicit
1604 2892 1619 2927 ;
1654 2872 1833 2944 Neque
1876 2873 2017 2929 enim

441 2967 683 3021 essentia
743 2980 931 3019 nomen
966 2975 1041 3019 est
1078 2964 1259 3029 Pater,
1298 2980 1460 3036 neque
1488 2966 1734 3026 actionis.
1777 2968 1868 3020 sed
1934 2982 2018 3021 re-

440 3060 689 3123 lationis;
746 3060 1061 3127 modumque
1114 3058 1420 3121 explicans,
1479 3074 1579 3127 quo
1626 3075 1681 3113 se
1732 3058 1897 3112 Pater
1946 3059 2015 3113 ad

441 3147 643 3202 Filium
668 3148 845 3212 habet,
869 3158 916 3201 et
947 3162 1049 3216 quo
1085 3144 1263 3201 Filius
1294 3148 1363 3199 ad
1390 3145 1629 3202 Patrem.
1656 3149 1831 3216 Atque
1862 3157 1919 3203 ut
1943 3148 2021 3202 ait

438 3254 668 3310 magnus
703 3238 938 3293 Basilius
992 3236 1425 3309 Confutationum
1462 3238 1641 3295 libron
1673 3256 1687 3294 :
1717 3239 2020 3295 Tacendum

436 3331 557 3400 iure
605 3331 830 3385 dixerim
886 3347 1061 3385 uocem
1102 3349 1117 3382 t
1162 3330 1457 3401 ingenitus,
1496 3349 1516 3385 ι
1549 3348 1667 3386 cum
1707 3348 1805 3386 vox
1860 3332 2022 3387 Pater

436 3423 577 3476 idem
614 3438 675 3475 ac
703 3421 799 3475 illa
840 3423 1075 3491 polleat;
1102 3433 1454 3495 praeterquam
1510 3425 1673 3494 quod,
1693 3425 1754 3477 ob
1803 3424 2023 3477 relatio-

438 3526 581 3576 nem,
628 3510 762 3566 Filii
809 3515 1068 3568 ration'em
1105 3530 1213 3568 una
1252 3518 1427 3577 secant
1473 3513 1748 3583 conjuncte
1793 3514 2018 3570 inducit.

436 3603 515 3659 Ut
547 3612 727 3658 autem
765 3619 862 3673 pro
910 3605 1055 3660 virili
1109 3604 1398 3660 clariorem
1464 3606 1661 3660 horum
1714 3606 2023 3676 intelligen-

437 3694 569 3748 tiam
619 3695 1021 3761 uanciscamur,
1056 3694 1347 3765 principiis
1393 3693 1520 3750 ﬁdei
1570 3694 1932 3759 adhaerentes,
1966 3696 2020 3749 in

439 3784 585 3839 hunc
610 3785 834 3840 modum
870 3786 1142 3842 dicamus.

508 3877 963 3949 Quandoquidem
1022 3894 1087 3932 ex
1137 3878 1243 3934 fide
1277 3879 1549 3935 habemus
1590 3877 1759 3932 Deum
1811 3890 1878 3931 ex
1911 3875 2022 3930 Deo

437 3968 610 4039 gigni,
665 3969 789 4023 duae
857 3984 1108 4038 personae
1158 3971 1542 4042 intelliguntur
1594 3987 1609 4024 :
1671 3970 1842 4025 altera
1901 3976 2024 4038 qua:

440 4062 645 4132 gignat,
679 4061 873 4127 altera,
895 4076 1018 4130 qua:
1047 4065 1303 4133 gignatur
1324 4102 1340 4125 ,
1376 4064 1683 4133 habentque
1718 4060 2023 4130 oppositio-

439 4165 563 4203 nem
593 4165 757 4219 quam
790 4160 992 4205 vocant
1034 4154 1104 4205 ad
1162 4151 1387 4223 aliquid.
1433 4152 1571 4208 Cum
1604 4152 1749 4206 enim
1784 4158 2023 4219 quatuor

439 4242 551 4295 sint
576 4242 977 4311 oppositiouutn
1011 4258 1211 4311 genera
1237 4284 1253 4310 ,
1285 4244 1431 4313 quod
1471 4244 1731 4299 nimirum
1771 4242 2020 4312 opposita

440 4332 833 4402 quadrifariam
856 4334 1193 4399 dividantur,
1217 4336 1303 4391 vel
1326 4350 1492 4405 penes
1519 4334 1817 4399 contraria,
1840 4332 2024 4402 cujus-

2120 1860 2369 1931 Πνεῦμα,
2400 1863 2579 1917 πάντα
2612 1864 2717 1917 ὅσα
2756 1864 2873 1936 ἔχει
2899 1882 2914 1897 ·
2949 1868 3219 1934 τουτέστι,
3247 1868 3337 1922 διὰ
3362 1870 3425 1923 τὸ
3456 1871 3549 1923 τὸν
3583 1872 3693 1926 Πα-

2117 1953 2253 2023 τέρα
2284 1953 2428 2024 ἔχειν
2455 1956 2594 2010 αὐτά
2613 1995 2629 2020 ,
2654 1956 2795 2027 πλὴν
2833 1957 2933 2026 τῆς
2963 1957 3291 2028 ἀγεννησίας
3319 1961 3411 2013 καὶ
3440 1964 3539 2032 τῆς
3566 1978 3694 2030 γεν-

2119 2044 2331 2115 νήσεως
2359 2046 2454 2099 καὶ
2479 2045 2582 2116 τῆς
2620 2047 3005 2119 ἐκπορεύσεως
3024 2063 3039 2078 °
3090 2050 3150 2103 ἐν
3179 2038 3411 2115 ταύταις
3440 2052 3548 2121 γὰρ
3595 2054 3694 2123 μό.

2118 2152 2239 2200 ναις
2258 2138 2379 2199 ταῖς
2397 2138 2793 2202 ὐποστατικαῖς
2817 2138 3045 2211 ἰδιότησι
3065 2139 3419 2211 διαφέρουσιν
3441 2144 3689 2214 ἀλλήλων

2119 2226 2176 2279 αἱ
2203 2224 2355 2293 ἀγιαι
2390 2229 2537 2298 τρεῖς
2568 2228 2918 2292 ὑποστάσεις.
2954 2249 2973 2281 ι
3007 2228 3097 2283 Ἐν
3126 2229 3340 2295 τούτοις
3370 2233 3479 2303 ἀρα
3506 2233 3695 2301 διαφέ-

2122 2335 2273 2387 ρουσι
2305 2317 2507 2387 μόνοις,
2533 2320 2617 2373 δτι
2640 2321 2669 2373 6
2700 2321 2799 2391 μὲν
2830 2322 3022 2394 Πατήρ
3051 2324 3168 2383 ἐστι
3201 2324 3416 2397 Πατὴρ,
3444 2327 3540 2379 καὶ
3564 2326 3692 2381 οὔτε
3716 2382 3735 2397 δ

2119 2409 2252 2471 Υίδς
2279 2408 2402 2462 οὐτε
2436 2409 2664 2477 Πνεῦμα
2693 2427 2708 2441 ⁶
2740 2413 2770 2464 6
2793 2412 2849 2466 δὲ
2874 2413 3024 2477 Υἱὸς,
3055 2413 3205 2480 Υἱὸς,
3230 2415 3326 2467 καὶ
3348 2413 3473 2468 οὐτε
3505 2415 3695 2487 Πατὴρ

2119 2501 2244 2557 οὔτε
2277 2502 2503 2574 Πνεῦμα
2531 2519 2545 2533 ’
2568 2503 2629 2556 τὸ
2662 2504 2721 2557 δέ
2753 2503 2980 2573 Πνεῦμα
3021 2504 3270 2575 Πνεῦμα,
3299 2507 3395 2560 καὶ
3426 2504 3549 2560 οὔτε
3578 2509 3695 2562 Πα-

2118 2593 2225 2663 τὴρ
2253 2591 2377 2645 οὐτε
2403 2592 2554 2656 Υἱός.
2590 2593 2665 2645 Οὐ
2698 2593 2806 2663 γὰρ
2842 2593 3063 2661 φύσεων
3110 2594 3378 2665 διαφορὰν
3410 2596 3717 2665 εἰσάγουσιι

2120 2684 2192 2736 τά
2225 2683 2470 2752 ὀνόματα
2508 2683 2681 2736 ταῦτα
2715 2698 2730 2713 °
2766 2683 2885 2737 ἀλλ’
2915 2684 2991 2747 ῶς
3021 2686 3080 2738 ἐν
3108 2688 3222 2749 τοῖς
3248 2686 3377 2757 περὶ
3406 2687 3535 2740 Υίοῦ
3581 2688 3696 2760 (69)

2121 2775 2150 2827 6
2188 2774 2452 2843 Θεολόγος
2481 2774 2652 2845 ἔφησε
2682 2776 3007 2848 Γρηγόριος,
3040 2795 3061 2829 t
3102 2777 3244 2832 Οὔτε
3291 2780 3479 2845 οὐσίας
3525 2780 3700 2851 ὄνομα

2117 2867 2147 2920 6
2172 2868 2384 2939 Πατὴρ,
2408 2865 2530 2921 οὐτε
2560 2868 2863 2938 ἐνεργείας,
2889 2869 3085 2935 εἰπὼν,
3114 2871 3355 2941 σχέσεως
3381 2872 3456 2936 δὲ,
3483 2874 3579 2927 καλ⁵
3603 2873 3697 2926 τοῦ

2120 2957 2239 3020 πῶς
2266 2956 2380 3027 ἔχει
2407 2958 2545 3027 πρὸς
2572 2959 2665 3010 τὸν
2696 2959 2827 3012 Υίὸν
2848 2960 2876 3012 6
2905 2959 3116 3031 Πατὴρ,
3150 2960 3184 3030 ἢ
3218 2963 3246 3015 6
3272 2960 3399 3025 Υἱὸς
3444 2962 3579 3032 πρὸς
3602 2963 3696 3015 τὸν

2121 3049 2365 3120 Πατέρα.
2407 3068 2426 3102 ι
2464 3050 2575 3104 Καὶ
2605 3050 2678 3112 ὠς
2704 3050 2733 3102 6
2770 3050 2943 3121 μέγας
2978 3052 3267 3116 Βασίλειος
3310 3053 3370 3107 ἐν
3413 3054 3699 3126 Ἀντιρῤη-

2122 3138 2290 3193 τικῶν
2313 3140 2516 3211 πρώτῳ
2550 3139 2687 3211 (70),
2717 3160 2735 3193 ι
2770 3142 3112 3207 Σιωπᾶσθαι,
3142 3160 3163 3195 s
3194 3128 3393 3211 λέγων,
3428 3162 3447 3196 ι
3477 3144 3699 3210 δικαίως

2123 3234 2191 3288 ἂν
2223 3234 2463 3305 φήσαιμι
2495 3235 2595 3306 τὴν
2631 3253 2649 3286 ι
2691 3235 2987 3306 ἀγέννητος
3021 3255 3040 3289 ι
3078 3238 3286 3307 φωνὴν,
3311 3238 3410 3307 τῆς
3442 3238 3538 3291 τοῦ
3590 3240 3703 3292 Πα-

2122 3323 2254 3393 τρὸς
2283 3324 2473 3393 φωνῆς
2517 3326 2633 3379 ῐσον
2662 3326 2969 3397 δυναμένης
3018 3327 3095 3398 τῷ
3128 3328 3430 3399 ἀγεννήτῳ,
3456 3330 3591 3400 πρὸς
3620 3328 3701 3399 τῷ

2123 3415 2218 3468 καὶ
2252 3414 2353 3487 τὴν
2382 3417 2512 3485 περὶ
2542 3416 2639 3469 τοῦ
2682 3416 2815 3471 Υίοῦ
2865 3418 3074 3471 ἔννοιαν
3108 3420 3482 3489 συνημμένως
3531 3419 3700 3489 ἐαυτῇ

2122 3506 2210 3561 διὰ
2228 3507 2327 3575 τῆς
2364 3509 2604 3578 σχέσεως
2637 3510 3001 3580 συνεισάγειν.
3033 3530 3051 3563 ι
3078 3511 3339 3573 Ὅπωςδέ
3370 3511 3511 3566 κατά
3525 3513 3585 3565 τδ
3608 3513 3704 3565 δυ-

2123 3599 2288 3679 νατὸν
2324 3600 2418 3653 καί
2453 3618 2507 3654 τι
2567 3604 2904 3673 σαφέστερον
2971 3603 3102 3671 περὶ
3155 3603 3364 3657 τούτων
3399 3604 3692 3673 ἐννοῶμεν,

2123 3692 2246 3755 ταῖς
2283 3692 2485 3761 ἀρχαῖς
2518 3691 2944 3756 ἀκολουθοῦντες
2983 3692 3087 3764 τῆς
3145 3694 3402 3759 πίστεως,
3446 3694 3697 3765 λέγωμεν

2120 3778 2243 3839 ὧδε.

2208 3876 2433 3947 Ἐπειδὴ
2469 3877 2625 3949 παρά
2670 3878 2769 3948 τῆς
2807 3878 3047 3943 πίστεως
3083 3877 3283 3949 ἔχομεν
3335 3879 3420 3934 ὅτι
3471 3879 3605 3943 Θεὸς
3636 3881 3703 3933 ἐκ

2122 3969 2260 4022 Θεοῦ
2299 3972 2580 4039 γεννᾶται,
2606 3970 2699 4024 δύο
2730 3972 3000 4041 πρόσωπα
3032 3971 3280 4025 νοοῦνται
3301 3988 3315 4002 ο
3345 3972 3406 4024 τὸ
3446 3973 3545 4041 μὲν
3579 3988 3704 4039 γεν-

2124 4060 2253 4125 νῶν,
2277 4062 2336 4114 τὸ
2366 4060 2423 4114 δέ
2449 4064 2793 4132 γεννώμενον
2821 4078 2834 4094 ·
2885 4064 2983 4117 καὶ.
3007 4063 3221 4131 ἔχουσιν
3254 4063 3531 4116 ἀντίθεσιν
3561 4064 3703 4116 κατὰ

2124 4152 2185 4204 τὸ
2230 4169 2250 4204 ι
2297 4154 2435 4223 πρός
2462 4170 2535 4208 τι.
2592 4171 2612 4205 ι
2656 4154 2960 4224 Τεσσάρων
2994 4156 3104 4225 γὰρ
3127 4156 3304 4209 οὐσῶν
3351 4155 3702 4221 ἀντιθέσεων,
3796 4178 3799 4179 ν
3864 4212 3891 4227 ⁸

2125 4243 2247 4296 ἐπεὶ
2295 4244 2365 4297 τά
2419 4244 2777 4314 ἀντικείμενα
2811 4246 3092 4316 τετραχῶς
3119 4247 3522 4318 διορίζονται,ῆ
3552 4248 3695 4300 κατά

2125 4336 2192 4389 τά
2227 4334 2469 4399 ἐναντία,
2504 4329 2616 4387 οἷον
2654 4354 2673 4387 ι
2724 4336 2921 4390 λευκὸν
2952 4340 3049 4391 καὶ
3083 4339 3254 4409 μέλαν
3281 4359 3294 4372 ·
3326 4340 3358 4411 ἢ
3390 4340 3532 4393 κατὰ
3579 4340 3706 4393 στέ-

442 4424 590 4479 modi
619 4434 747 4481 sunt
787 4426 963 4479 album
996 4436 1044 4481 et
1082 4430 1331 4498 nigrum;
1371 4427 1457 4482 vel
1506 4426 1809 4481 secundum
1846 4428 2018 4495 priva-

2132 4443 2290 4497 ρησιν
2341 4428 2434 4478 καὶ
2468 4425 2603 4493 ἕξιν,
2646 4421 2780 4492 οἷον,
2821 4447 2839 4479 t
2887 4428 3099 4499 βλέπει,
3132 4430 3329 4495 τυφλός
3378 4433 3518 4488 ἐστι.
3574 4450 3594 4484 ι
3626 4433 3699 4485 T6

410 4517 648 4597 ttionem
705 4527 759 4573 et
824 4518 1094 4583 habitum,
1160 4530 1215 4574 ut
1252 4528 1375 4573 sunt
1437 4519 1587 4573 verbi
1622 4518 1821 4587 gratia,
1862 4518 2023 4581 videt,

441 4626 612 4664 caseus
631 4622 744 4675 est;
778 4612 1006 4666 alterum
1041 4613 1188 4667 enim
1222 4612 1440 4666 habitus
1469 4620 1575 4675 est,
1597 4625 1789 4679 nempe
1818 4611 2024 4677 videre,

441 4705 672 4757 alterum
693 4719 825 4758 vero
852 4705 1173 4774 privationis
1199 4722 1215 4768 ;
1241 4704 1327 4757 vel
1357 4698 1656 4757 secuhdum
1685 4706 2022 4772 negationem

442 4804 496 4853 et
527 4795 972 4862 aflirmationem,
996 4797 1071 4850 uti
1095 4803 1248 4860 sunt,
1276 4795 1365 4849 Est
1397 4794 1569 4861 homo,
1598 4811 1697 4848 non
1732 4802 1811 4848 est
1834 4795 2025 4858 homo;

443 4886 531 4939 vel
578 4885 879 4939 secundum
910 4885 976 4939 ad
1010 4884 1214 4955 aliquid
1240 4923 1255 4945 ,
1294 4885 1371 4937 uti
1419 4894 1569 4949 sunt,
1606 4892 1783 4955 pater,
1832 4883 1975 4952 ﬁlius
2003 4899 2022 4936 :

448 4992 716 5048 magnum,
752 4991 970 5047 parvum
995 4991 1014 5029 :
1049 4991 1173 5032 cum
1210 4976 1376 5045 igitur
1409 4984 1641 5044 quatuor
1678 4976 1789 5029 sint
1825 4988 2020 5043 genera

445 5069 873 5139 oppositionum,
909 5083 1031 5139 quae
1062 5070 1116 5122 in
1159 5068 1485 5124 substantiis
1528 5067 1930 5137 intelliguntur,
1956 5068 2021 5121 ad

443 5163 667 5232 aliquid,
711 5162 1011 5217 secundum
1046 5162 1314 5215 rationem
1342 5174 1529 5214 causae
1555 5173 1650 5213 seu
1675 5158 1939 5224 auctoris,
1969 5168 2025 5214 et

445 5253 565 5322 ejus
595 5254 740 5323 quod
781 5269 811 5308 a
841 5267 1008 5307 causa
1040 5268 1104 5307 ac
1138 5263 1365 5307 auctore
1396 5262 1501 5315 est,
1536 5252 1589 5305 in
1630 5260 1814 5307 sancta
1845 5250 2027 5307 Trini-

449 5354 561 5399 tate
587 5345 764 5399 locum
791 5344 1028 5410 habent;
1056 5345 1203 5413 quod
1242 5344 1499 5398 nimirum
1520 5343 1675 5413 juxta
1704 5342 2024 5399 relationem

447 5436 513 5490 ad
546 5436 773 5506 aliquid,
795 5434 1107 5490 inveniatur
1131 5434 1341 5506 aliquid
1367 5436 1681 5505 produccns
1704 5435 1804 5491 sibi
1827 5436 2033 5506 simile,

408 5664 422 5677 ι
521 5634 633 5700 (67)
665 5633 813 5688 Orat.
852 5633 941 5697 '56,
964 5649 1085 5702 qua:
1120 5644 1202 5689 est
1227 5634 1263 5687 2
1285 5635 1346 5687 de
1373 5632 1535 5689 Filio.

522 5706 635 5769 163)
669 5703 815 5756 Libr.
853 5704 895 5768 Ι,
935 5705 1007 5759 De
1045 5705 1159 5758 fide.
1191 5722 1241 5759 c.
1271 5708 1324 5759 8.

2134 4522 2233 4588 μὲν
2260 4520 2366 4589 γὰρ
2404 4518 2571 4583 ἓιίξεώς
2606 4521 2742 4580 ἐστι,
2776 4520 2838 4572 τὸ
2885 4520 3131 4591 βλέπειν,
3163 4523 3225 4576 τὸ
3256 4523 3312 4574 δὲ
3354 4527 3657 4593 στερήσεως
3687 4540 3703 4556 ο

2124 4612 2157 4682 ἢ
2190 4615 2332 4665 κατὰ
2361 4612 2633 4679 ἀπόφασιν
2692 4614 2788 4666 καὶ
2854 4614 3191 4681 κατάφασιν,
3218 4608 3706 4683 οἶον,”Ανθρωπός

2125 4703 2298 4757 ἐστιν
2321 4720 2335 4734 ·
2368 4703 2679 4771 ἅνθρωπος
2706 4708 2817 4759 οὐκ
2861 4705 3036 4759 ἐστιν
3064 4724 3078 4737 ·
3112 4707 3145 4777 ἢ
3183 4709 3325 4761 κατά
3355 4707 3425 4761 τὰ
3464 4709 3598 4776 πρός
3631 4726 3701 4771 τι,

2124 4789 2261 4858 οἷον,
2313 4794 2533 4871 πατὴρ,
2589 4797 2751 4862 υἱός·
2806 4797 2984 4866 μέγα,
3016 4801 3252 4866 μικρόν.
3290 4797 3583 4869 Τεοσάρων
3612 4794 3706 4853 οῦν

2128 4886 2240 4939 τῶν
2277 4886 2607 4941 ἀντιθέσεων
2635 4888 2837 4954 οὐσῶν,
2870 4888 2939 4942 τά
2973 4890 3033 4942 ἐν
3070 4894 3193 4954 ταῖς
3225 4890 3440 4955 οὐσίαις
3471 4891 3708 4963 θεωρού-

2129 4994 2266 5045 μενα
2300 4980 2437 5049 πρός
2466 4997 2519 5032 τι
2556 4982 2696 5034 κατά
2750 4981 2809 5033 τὸ
2858 4981 3037 5035 αἴτιον
3097 4985 3194 5036 καὶ
3245 4985 3489 5037 αἰτιατὸν
3521 4987 3707 5054 χώραν

2129 5072 2345 5141 ἔχουσιν
2375 5074 2434 5124 ἐν
2467 5075 2533 5142 τῇ
2578 5074 2713 5143 ἁγίᾳ
2744 5073 2972 5145 Τριάδι·
3027 5075 3151 5128 ἐπεὶ
3184 5075 3326 5128 κατά
3362 5077 3572 5145 ταύτην
3602 5080 3706 5144 τὴν

2132 5163 2315 5231 σχέσιν
2338 5162 2443 5215 τῶν
2498 5164 2635 5232 πρός
2677 5182 2729 5216 τι
2787 5163 3107 5232 εὑρίσκεταί
3153 5182 3205 5217 τι
3254 5167 3498 5237 προάγον
3519 5167 3708 5234 ὅμοιον

2131 5254 2314 5326 ἐαυτῷ
2342 5255 2417 5317 ὡς
2448 5255 2478 5307 6
2508 5255 2712 5323 γεννῶν
2748 5255 2807 5320 ἐξ
2838 5256 3035 5310 ἐαυτοῦ
3071 5258 3186 5310 υἱὸν
3225 5258 3411 5328 ὅμοιον
3444 5252 3625 5329 ἐαυτῷ
3650 5258 3710 5309 ἐν

2131 5348 2211 5416 τῷ
2241 5347 2389 5416 αὐτῷ
2438 5347 2590 5402 εῖδει.
2645 5346 2726 5399 Τά
2773 5347 2829 5399 δὲ
2863 5348 3039 5411 ἄλλως
3096 5350 3477 5419 ἀντικείμενα,
3507 5350 3575 5403 τὰ
3610 5353 3709 5418 μὲν

2138 5439 2372 5509 διάφορα
2412 5438 2715 5509 πράγματα
2751 5439 3064 5509 εἰσάγοντα,
3098 5441 3167 5495 τά
3214 5442 3271 5495 δέ
3309 5444 3498 5515 ἀτελῆ,
3552 5442 3620 5495 τά
3649 5441 3705 5493 δέ

2208 5638 2321 5711 (69)
2356 5636 2510 5711 Qt‘at.
2553 5637 2651 5711 35',
2677 5653 2797 5706 quae
2826 5640 2957 5711 e_s_tl
3010 5639 3080 5694 De
3124 5641 3283 5696 Filio.

2214 5708 2331 5780 (70)
2372 5708 2522 5763 ler.
2566 5710 2612 5773 l,
2639 5721 2819 5762 contra
2846 5708 3076 5764 Eunoni.
