4074 6414
351 307 472 372 485

1309 301 1411 362 DE
1451 297 1882 368 PRINCIPIIS
1925 297 2138 360 FlDEl
2178 299 2658 366 CATHOLICE.

3510 309 3622 378 486

367 421 442 492 μὴ
469 420 624 487 δντα,
658 418 754 474 ἐπὶ
786 416 883 474 τοῦ
916 413 1054 471 Θεοῦ
1106 413 1204 468 τοῦ
1266 414 1474 480 κυρίως
1520 414 1676 476 δντος
1715 413 1809 466 καὶ
1849 412 1934 465 ἀεὶ

2044 421 2103 468 ut
2136 414 2229 484 qui
2281 431 2345 470 ex
2397 431 2457 471 se
2491 416 2668 487 gignit
2710 414 2883 472 ﬁlium
2924 415 3030 475 sibi
3069 417 3303 476 similem
3339 421 3396 477 in
3430 426 3622 481 eadem

356 513 622 576 ὡσαύτως
649 513 865 584 ἔχοντος
893 510 987 565 καὶ
1007 506 1352 564 τελειοτάτου
1383 507 1571 578 χώραν
1590 506 1692 559 οὐκ
1718 504 1933 576 ἔχοντα,

362 605 586 676 μακρὰν
619 603 996 658 έκὸἁλλονται.
1031 599 1177 670 Πρός
1208 616 1261 652 τι
1305 598 1364 652 δὲ
1410 598 1683 666 λέγονται,
1714 597 1817 651 ὅσα
1842 596 1936 650 λε·-

357 697 586 766 γόμενα,
628 695 767 767 πρὸς
817 694 984 764 ἕτερα
1032 692 1312 760 λέγονται,
1366 691 1464 746 καὶ
1512 690 1700 762 σχέσιν
1748 689 1937 760 έχουσι
1974 724 1985 746 ι

359 789 496 859 πρὸς
516 787 689 842 αὐτάο
724 785 850 839 καθ’
889 784 1058 839 ἑαυτά
1103 785 1161 838 δὲ
1196 782 1274 854 μὴ
1329 782 1610 845 δυνάμενα
1632 781 1893 850 λέγεσθαι
1917 797 1933 812 ο

359 873 471 928 οἷον
498 872 706 944 πατὴρ,
739 874 856 938 υἱός
877 889 892 903 ·
927 871 1139 936 δοῦλος,
1185 871 1478 942 δεσπότης.
1503 869 1693 924 Ταῦτα
1725 862 1837 943 γὰρ
1873 871 1935 924 οὐ

360 967 614 1034 λέγονται
652 965 779 1018 καθ’
813 963 1005 1028 ἑαυτὰ,
1035 963 1172 1017 ἀλλὰ
1207 962 1346 1034 πρὸς
1377 961 1568 1033 ἕτερα,
1607 962 1797 1033 σχέσιν
1841 964 1937 1015 καὶ

360 1058 659 1124 συνάφειαν
687 1057 880 1126 ἔχοντα
931 1056 1071 1128 πρὸς
1122 1057 1307 1110 ικεῐνα
1333 1073 1350 1089 ο
1380 1055 1464 1109 διὸ
1491 1055 1588 1110 καὶ
1619 1055 1936 1125 ἀναφορικὰ

365 1153 690 1206 καλοῦνται.
718 1151 829 1203 Καὶ
855 1152 964 1222 γὰρ
987 1150 1048 1203 τδ
1076 1148 1259 1221 πατὴρ
1288 1147 1463 1220 ὄνομα
1503 1150 1564 1202 οὐ
1599 1149 1738 1218 πρὸς
1775 1151 1938 1204 έαυτὺ

361 1245 594 1306 ῐσταται,
618 1243 756 1298 ἀλλὰ
774 1242 911 1312 πρὸς
933 1242 1126 1312 ἕτερον
1141 1242 1346 1312 ἀφορᾷ,
1372 1241 1434 1294 τὸ
1455 1239 1552 1294 τοῦ
1587 1242 1706 1295 υἱοῦ
1737 1241 1935 1312 ὄνομα,

355 1336 452 1390 καὶ
499 1337 528 1390 δ
583 1336 702 1398 υίὸς
757 1335 896 1405 πρὸς
946 1334 1042 1388 τὸν
1094 1335 1311 1406 πατέρα
1353 1333 1448 1386 τὸν
1487 1334 1677 1405 ὅμοιον
1708 1335 1932 1403 τρόπον.

357 1429 520 1483 Ὀθεν
553 1425 678 1482 οὔτε
707 1427 896 1500 πατήρ
927 1428 1045 1480 ἐστι
1073 1427 1245 1498 χωρὶς
1297 1424 1439 1492 υἱοῦ,
1469 1424 1595 1479 οὔτε
1624 1425 1741 1490 υίὸς
1765 1429 1938 1496 χωρὶς

355 1519 560 1590 πατρός
586 1536 600 1551 ο
636 1519 902 1590 ἑκάτερος
953 1519 1067 1588 γὰρ
1099 1519 1162 1572 τὸ
1196 1519 1386 1590 ἕτερον
1431 1519 1802 1589 συνημμένως
1847 1519 1938 1574 διὰ

347 1615 455 1684 τῆς
492 1613 734 1683 σχέσεως
774 1611 1114 1680 συνεισάγει.
1139 1611 1250 1666 Καὶ
1276 1612 1348 1665 τὰ
1378 1611 1517 1667 ἄλλα
1553 1611 1612 1666 δὲ
1645 1610 1789 1666 κατὰ
1811 1611 1938 1664 τοῦ-

354 1721 450 1760 τον
486 1705 580 1760 τὸν
622 1704 796 1760 τύπον
841 1705 1050 1776 ὁμοίως
1104 1704 1347 1776 ἔχουσιν.
1411 1703 1821 1774 ’Δπολελυμένα
1876 1702 1934 1757 δὲ

352 1799 596 1869 ὀνόματα
624 1798 875 1867 λέγονται
906 1799 975 1852 τὰ
1001 1797 1265 1862 ἐναντίως
1297 1796 1496 1868 ἔχοντα
1543 1797 1761 1862 τούτοις
1785 1813 1802 1829 ⁸
1833 1797 1937 1851 ὅσα

356 1890 479 1947 καθ’
499 1889 671 1945 ἑαυτά
691 1889 965 1960 λέγονται,
993 1887 1088 1943 καὶ
1113 1889 1176 1942 οὒ
1205 1889 1346 1960 πρὸς
1372 1888 1542 1960 ἓτερα
1565 1889 1754 1959 σχέσιν
1777 1885 1936 1958 ἔχου-

355 1999 461 2038 σινο
494 1983 614 2038 ἀλλ’
642 1984 780 2039 είσὶν
809 1983 1194 2054 ἀπολελυμένα
1222 1983 1320 2038 καὶ
1347 1983 1580 2055 ἄσχεταο
1609 1977 1725 2037 οἷον
1744 1981 1933 2046 καλὸν,

353 2077 582 2140 δίκαιον,
607 2077 836 2146 ἀγαθόν.
860 2076 1052 2130 Ταῦτα
1074 2075 1186 2148 γὰρ
1207 2075 1334 2130 καθ’
1364 2074 1539 2131 ἑαυτὰ
1571 2073 1814 2145 λέγεται,
1837 2071 1934 2126 καὶ

353 2170 416 2224 ού
445 2170 577 2240 πρὸς
609 2168 798 2239 ἰτερον
829 2168 1175 2224 ἀποδίδοται.

2043 507 2243 575 specie.
2281 509 2414 574 Qua:
2443 523 2573 563 vero
2598 510 2758 564 aliter
2783 520 3160 598 opponuntur,
3192 528 3314 569 cum
3364 517 3470 570 alia
3503 520 3628 588 qui-

2017 599 2164 654 dem
2209 615 2297 656 res
2323 600 2572 658 diversas
2619 601 2916 668 invehant,
2947 606 3055 659 alia
3103 607 3484 676 imperfectas,
3517 612 3625 668 alia

2039 706 2163 761 quae
2217 707 2318 748 nec
2365 695 2660 760 exsistant,
2700 696 2867 766 inque
2891 699 2998 752 Deo
3035 698 3275 770 quivere
3313 717 3378 756 ac
3402 707 3625 774 pr0prie

2041 793 2146 850 est,
2165 785 2468 854 eodemque
2496 788 2660 842 modo
2683 802 2742 843 se
2762 803 2980 859 semper
2998 791 3181 856 habet,
3197 809 3262 847 ac
3287 776 3626 864 perfectissi-

2039 891 2161 933 mus
2185 888 2289 942 est,
2321 879 2536 934 nullum
2570 881 2812 936 habeant
2849 883 3028 938 locum
3048 924 3064 951 ,
3095 889 3288 956 procul
3316 891 3623 944 amandan-

2041 977 2152 1023 tur.
2177 967 2444 1023 Dicuntur
2467 983 2617 1034 vero,
2635 970 2704 1024 ad
2723 972 2932 1042 aliquid
2955 988 3328 1045 ,quaacunque
3371 991 3439 1032 eo
3473 979 3624 1048 quod

2039 1061 2299 1116 dicuntur
2345 1062 2412 1116 ad
2469 1063 2574 1117 alia
2618 1064 2914 1130 dicuntur,
2976 1076 3032 1120 et
3082 1068 3148 1122 ad
3188 1083 3249 1122 ea
3300 1071 3624 1126 relationem

2041 1153 2278 1221 habent,
2315 1169 2412 1224 per
2459 1171 2520 1210 se
2568 1170 2697 1210 vero
2744 1157 2970 1213 minime
2996 1160 3101 1214 dici
3127 1171 3356 1229 possunt
3392 1180 3405 1216 :
3436 1164 3625 1234 cujus-

2039 1247 2186 1301 modi
2212 1261 2364 1310 sunt,
2390 1256 2564 1317 pater,
2598 1247 2766 1309 ﬁlius,
2796 1265 3013 1314 servus,
3032 1252 3310 1310 dominus.
3329 1251 3454 1309 Haec
3475 1256 3622 1310 enim

2039 1349 2149 1388 non
2185 1349 2281 1404 per
2310 1349 2372 1389 se
2397 1333 2680 1398 dicuntur,
2705 1335 2801 1390 sed
2836 1336 2906 1390 ad
2945 1338 3073 1405 alia,
3104 1340 3433 1408 quibuscum
3485 1343 3610 1398 rela-

2044 1427 2245 1480 tionem
2275 1425 2478 1480 habent
2498 1435 2553 1481 et
2577 1426 3036 1482 necessitudinem
3058 1468 3074 1492 ,
3100 1429 3245 1485 unde
3262 1431 3428 1486 etiam
3457 1433 3624 1486 relata

2042 1528 2328 1572 vocantur.
2357 1515 2571 1572 Etenim
2601 1517 2772 1587 patris
2801 1533 2998 1573 nomen
3039 1533 3146 1574 non
3176 1520 3230 1575 iu
3272 1523 3452 1592 seipso
3481 1531 3617 1589 stat,

2041 1609 2136 1664 sed
2179 1609 2290 1663 alto
2339 1617 2570 1678 spectat.
2623 1624 2818 1678 nempe
2867 1610 2935 1664 ad
2992 1609 3085 1664 ﬁlii
3129 1626 3364 1676 nomen,
3415 1615 3622 1684 pariter

2039 1700 2187 1756 ﬁlius
2216 1711 2425 1772 patrem
2467 1702 2714 1771 respicit.
2754 1702 3123 1769 Quamobrem
3155 1720 3332 1774 neque
3357 1715 3511 1776 pater
3543 1716 3625 1763 est

2040 1797 2250 1866 absque
2279 1796 2411 1862 ﬁlio,
2449 1811 2628 1866 neque
2653 1796 2800 1852 ﬁlius
2833 1797 2955 1852 sine
2998 1807 3174 1868 patre.
3210 1797 3447 1870 Uterque
3476 1803 3624 1855 enim

2043 1903 2150 1943 una
2201 1903 2388 1944 secum
2439 1888 2732 1957 conjuncte
2762 1903 2856 1955 per
2887 1889 3211 1945 relationem
3267 1893 3499 1948 alterum
3535 1894 3624 1948 in-

2038 1981 2214 2036 ducit.
2246 1981 2481 2052 Aliaque
2531 1982 2836 2037 secundum
2873 1983 3013 2038 hanc
3062 1982 3295 2039 formam
3342 1987 3626 2055 eodemse

2038 2073 2206 2127 modo
2234 2073 2460 2128 habent.
2488 2074 2754 2130 Absoluta
2786 2089 2916 2129 vero
2943 2074 3166 2129 nomina
3196 2076 3478 2142 dicuntur,
3502 2093 3625 2148 qua:

2036 2178 2098 2220 se
2125 2163 2212 2222 his
2241 2163 2523 2219 contrario
2551 2165 2714 2221 modo
2754 2165 3002 2232 habent;
3036 2182 3380 2240 quaecunque
3415 2171 3624 2226 scilicet

344 2278 451 2342 per
495 2277 554 2320 se
587 2262 863 2328 dicuntur.
887 2272 942 2320 et
969 2280 1076 2320 non
1104 2265 1310 2320 habent
1329 2263 1650 2322 relationem
1675 2264 1742 2321 ad
1780 2264 1884 2320 alia
1909 2303 1926 2332 ,
1963 2261 2058 2318 sed
2097 2267 2226 2316 sunt
2267 2259 2514 2316 absoluta
2537 2268 2593 2316 et
2625 2261 2695 2316 ab
2730 2261 3044 2317 habitudine
3068 2265 3234 2320 libera
3272 2281 3287 2320 :
3317 2265 3625 2336 cujusmodi

354 2362 501 2418 sunt,
532 2355 838 2426 pulchrum,
869 2355 1097 2425 bonum,
1121 2357 1353 2428 justum.
1387 2357 1514 2414 Haec
1542 2359 1690 2416 enim
1733 2373 1831 2431 per
1863 2374 1924 2414 se
1961 2354 2241 2419 dicuntur,
2276 2369 2378 2410 nec
2404 2357 2472 2410 ad
2512 2355 2620 2410 alia
2651 2355 2996 2412 referuntur.

435 2453 588 2507 Ἐπεὶ
609 2451 789 2506 τοίνυν
834 2453 893 2506 έν
925 2453 992 2523 τῇ
1031 2451 1152 2523 θείᾳ
1203 2451 1394 2525 Τριάδι
1447 2453 1666 2528 εἴρηται
1725 2453 1933 2524 γεννῶν

2111 2449 2568 2520 Quandoquidem
2620 2451 2789 2521 igitur
2833 2452 2888 2506 in
2920 2452 3104 2509 divina
3137 2453 3407 2510 Trinitate
3441 2455 3625 2511 dictus

351 2547 447 2600 καὶ
471 2544 836 2614 γεννώμενον,
858 2544 953 2598 δύο
983 2545 1255 2616 πρόσωπα
1284 2547 1552 2614 νοοῦνται,
1584 2549 1682 2602 καὶ
1712 2548 1932 2618 ἔχουσιν
2038 2551 2122 2598 est
2155 2543 2408 2613 gignens,
2438 2551 2494 2597 et
2539 2544 2634 2613 qui
2680 2545 2952 2614 gignatur,
2998 2545 3121 2601 duae
3149 2562 3396 2617 personae
3425 2549 3623 2604 intelli-

351 2639 624 2693 ἀντίθεσιν
657 2637 797 2709 πρὸς
829 2637 1037 2709 ἄλληλα
1069 2639 1214 2694 κατὰ
1246 2639 1316 2693 τὰ
1347 2641 1487 2712 πρός
1519 2659 1595 2695 τι.
1631 2642 1793 2698 Ἐστι
1820 2641 1932 2712 γὰρ

2039 2643 2266 2704 guntur,
2295 2633 2610 2704 habentque
2642 2633 2790 2688 inter
2825 2648 2888 2689 se
2929 2639 3332 2706 oppositionem
3377 2655 3500 2710 quae
3539 2650 3624 2696 est

350 2730 413 2783 τὺ
447 2730 545 2800 μὲν
573 2730 766 2796 αῐτιον,
805 2731 867 2784 τὸ
915 2730 972 2785 δὲ
1024 2731 1290 2788 αίτιατόν.
1337 2732 1397 2787 '0
1424 2733 1480 2788 δὲ
1531 2734 1692 2804 λόγος
1727 2735 1822 2793 καὶ
1869 2734 1934 2789 τὸ

2046 2721 2116 2776 ad
2143 2721 2370 2792 aliquid.
2399 2719 2494 2776 Est
2522 2720 2667 2776 enim
2693 2722 2797 2776 alia
2833 2723 3052 2793 quidem
3081 2740 3244 2782 causa
3277 2743 3371 2783 seu
3409 2739 3620 2793 auctor.

353 2822 550 2892 ίδίωμα
577 2822 678 2891 τῆς
709 2821 1039 2887 ἁντιθέσεώς
1071 2825 1222 2878 ἐστιν
1253 2824 1316 2879 τὸ
1353 2824 1429 2897 μὴ
1466 2819 1605 2880 εῖναι
1636 2825 1748 2882 τῶν
1779 2829 1930 2882 ἀντι-

2040 2813 2232 2879 altera,
2267 2828 2388 2884 quae
2426 2827 2500 2868 ex
2521 2827 2688 2869 causa
2713 2827 2809 2870 seu
2837 2823 3063 2872 auctore
3090 2827 3200 2874 est.
3232 2817 3390 2874 Ratio
3411 2837 3540 2877 vero
3567 2832 3625 2878 et

348 2917 620 2984 κειμένων
643 2914 704 2968 τὸ
748 2915 938 2986 ἓτερον
975 2910 1090 2969 οἷον
1112 2915 1176 2969 τὸ
1211 2915 1422 2988 ἕτερον.
1485 2916 1575 2979 Ὠς
1629 2918 1689 2972 τὸ
1734 2918 1926 2974 λευκὸν

2037 2907 2344 2978 proprietas
2375 2906 2743 2976 appositionis
2763 2915 2868 2971 est,
2903 2915 2963 2960 ut
2984 2908 3216 2964 alterum
3243 2913 3621 2981 oppositorum

349 3004 613 3060 ἀδύνατον
646 3000 787 3060 εἶναι
825 3006 1017 3076 μέλαν,
1043 3007 1140 3062 καὶ
1171 3008 1236 3062 τδ
1271 3009 1442 3080 μέλαν
1480 3010 1696 3078 λευκὸν,
1729 3012 1926 3082 ἐφόσον

2037 3013 2142 3055 non
2159 2998 2232 3053 sit
2245 2997 2512 3066 ejusmodi
2524 3005 2682 3052 acest
2697 2995 3117 3055 alterum.Verbi
3135 3002 3625 3070 gratia,alhumim-

349 3097 701 3155 ἀντίκεινται.
753 3097 816 3152 El
842 3098 898 3153 δὲ
926 3099 1084 3153 τοῦτο
1111 3098 1286 3166 οὕτως
1325 3101 1464 3172 ἔχει,
1494 3102 1756 3158 ἀδύνατον
1781 3100 1924 3160 εἶναι
2031 3089 2261 3160 Ροείδίίθ
2280 3098 2359 3144 θδί
2376 3103 2499 3145 esse
2522 3089 2817 3161 ηίενιηηιθι
2835 3091 3046 3159 ηίετυηι
3067 3092 3387 3164 ιιιιπιιηοψιθ
3410 3100 3624 3154 ""0110

349 3194 446 3246 καὶ
471 3192 532 3246 τὺ
563 3191 695 3246 αὐτὸ
725 3192 896 3246 αίτιον
920 3191 1058 3262 ὁμοῦ
1101 3193 1200 3248 καὶ
1243 3193 1490 3248 αἰτιατόν
1512 3211 1528 3227 ⁸
1565 3195 1810 3250 τουτέστι
1838 3196 1930 3251 τὸν

2037 3188 2418 3250 opponuntur.
2442 3179 2599 3245 Quod
2629 3194 2756 3234 cum
2779 3181 2854 3235 ita
2885 3195 2948 3237 se
2975 3182 3194 3249 habeat,
3231 3185 3349 3239 ﬁeri
3385 3201 3493 3240 non
3519 3202 3620 3256 po-

347 3286 515 3340 αύτδν
565 3285 841 3354 γεννῶντα
867 3286 965 3339 καὶ
997 3288 1340 3358 γεννώμενον
1370 3281 1536 3354 εἶναι,
1591 3287 1688 3342 δύο
1747 3289 1928 3359 μόνων

2043 3280 2147 3327 test
2179 3281 2239 3328 ut
2292 3273 2434 3327 idem
2482 3271 2648 3328 simul
2684 3280 2881 3328 auctor
2917 3273 2990 3329 sit
3035 3283 3091 3329 et
3129 3277 3276 3346 quod
3306 3288 3390 3332 est
3415 3278 3484 3332 ab
3520 3294 3624 3334 au-

350 3377 660 3449 προσὼπων
701 3377 1097 3448 θεωρουμένων
1125 3379 1219 3433 τοῦ
1255 3379 1472 3452 Πατρδς
1503 3381 1597 3436 καὶ
1636 3379 1730 3434 τοῦ
1773 3381 1927 3441 Υίοῦ.

350 3470 572 3525 Πολλῶν
602 3473 712 3543 γὰρ
733 3469 1069 3542 προσώπων,
1102 3471 1254 3527 ὥσπε
1264 3491 1294 3544 ρ
1318 3475 1378 3528 ἐν
1406 3473 1743 3546 ἀνθρώποις,
1794 3475 1929 3528 ὕπο·

351 3564 644 3632 κειμένων,
675 3564 828 3618 οὐδὲν
865 3564 1067 3619 κωλύει
1093 3565 1185 3620 τὸν
1213 3566 1380 3622 αὑτὸν
1407 3564 1551 3622 εἶναι
1585 3569 1802 3639 πατέρα
1830 3569 1928 3623 καὶ

351 3657 490 3721 υίδν,
513 3657 766 3728 καθάπερ
790 3658 1044 3726 εἴπομεν.
1071 3657 1177 3712 Δύο
1197 3658 1255 3712 δὲ
1286 3659 1598 3730 προσώπων
1624 3661 1925 3728 ὐποκειμέ-
1978 3679 1982 3683 ·

351 3770 482 3818 νων,
510 3753 605 3806 καὶ
629 3751 722 3804 τοῦ
751 3751 853 3822 μὶν
873 3753 1077 3821 κυρίως
1100 3750 1254 3815 ὄντος
1279 3752 1504 3823 πατρὸς,
1527 3751 1622 3806 τοῦ
1637 3753 1694 3808 δὲ
1717 3754 1926 3822 κυρίως

351 3844 504 3907 δντος
534 3841 675 3908 υίοῦ,
697 3843 772 3906 ὡς
802 3841 897 3895 ἐπὶ
917 3843 1015 3914 τῆς
1041 3842 1205 3910 ἁγίας
1229 3842 1460 3914 Τριάδος
1487 3842 1620 3914 ἔχει,
1646 3843 1738 3898 τὸν
1760 3844 1925 3898 αὑτὸν

351 3930 492 3988 εἶναι
520 3931 656 4004 ὁμοῦ
687 3933 900 4003 πατέρα
936 3931 1034 3986 καὶ
1054 3933 1170 3986 υἱὸν
1195 3933 1477 3999 παντελῶς
1500 3934 1780 3990 ἀδύνατον.
1812 3937 1927 3992 Καὶ

352 4025 440 4079 in’
469 4024 770 4093 ἀνθρώπων
795 4025 876 4091 δὲ,
904 4024 1426 4099 παραδειγματικῶς
1461 4028 1656 4091 εἰπεῖν,
1681 4029 1811 4082 ὅταν
1831 4028 1927 4082 δύο

353 4113 624 4184 πρόσωπα
653 4112 974 4186 θεωρῶμεν,
1008 4113 1070 4166 τὸ
1111 4113 1210 4184 μὲν
1238 4115 1528 4184 γεννῆσαν,
1563 4116 1624 4169 τδ
1652 4116 1708 4170 δὲ
1735 4135 1929 4190 γεννη-

351 4206 466 4270 θὲν,
491 4207 634 4260 κατὰ
686 4206 778 4261 τὸν
804 4206 968 4261 αὐτὸν
1015 4207 1220 4278 τρόπον
1248 4208 1344 4263 καὶ
1375 4209 1433 4262 ὲν
1466 4209 1652 4272 αὐτοῖς
1677 4210 1926 4283 ἀναφορὰ

351 4299 450 4352 καὶ
483 4299 666 4369 σχέσις
713 4299 1030 4369 εὑρίσκεται
1063 4299 1447 4370 ἀκοινώνητος.
1503 4301 1787 4358 Ἀδύνατον
1815 4302 1926 4375 γὰρ

353 4387 449 4440 τὸν
489 4390 825 4462 γεννήσαντα
863 4389 1075 4460 ἕτερον,
1109 4389 1204 4444 τὸν
1243 4391 1409 4446 αὑτὸν
1452 4391 1551 4446 καὶ
1595 4396 1924 4464 γεννηθέντα

350 4475 492 4534 εἶναι
514 4482 577 4535 ὲκ
591 4480 689 4536 τοῦ
707 4481 874 4538 αὐτοῦ
897 4481 1249 4554 γεννηθέντος
1271 4483 1589 4554 προσώπου.
1626 4487 1925 4553 Ἀντίθεσις
1956 4521 1964 4546 ;

351 4574 464 4643 γάρ
505 4575 655 4627 ἐστιν
687 4573 746 4627 ὲν
774 4574 964 4636 αὐτοῖς
996 4575 1138 4628 κατὰ
1165 4574 1236 4627 τὰ
1270 4578 1410 4647 πρός
1442 4594 1516 4644 τι,
1555 4577 1650 4632 καὶ
1677 4579 1779 4633 οὐκ
1812 4578 1930 4635 ἔστι

347 4665 411 4718 τὸ
441 4665 498 4717 ἓν
526 4661 639 4719 οἷον
675 4665 738 4719 τὸ
769 4665 983 4736 ἓτερον.
1035 4666 1139 4720 Τὸν
1168 4668 1356 4736 ὅμοιον
1387 4668 1480 4723 οὖν
1510 4669 1711 4740 τρόπον
1739 4671 1836 4725 καὶ
1869 4672 1928 4725 ἐν

347 4760 416 4828 τῇ
459 4758 592 4828 ἁγίᾳ
613 4759 830 4829 Τριάδι,
876 4758 970 4812 ἐπὶ
999 4758 1095 4813 τοῦ
1133 4761 1348 4832 Πατρδς
1391 4761 1482 4814 καὶ
1524 4761 1618 4816 τοῦ
1658 4763 1791 4817 Υίοῦ
1834 4763 1929 4818 δύο

350 4850 620 4921 πρόσωπα
662 4849 933 4916 νοοῦνται,
989 4851 1087 4905 καὶ
1137 4853 1279 4905 είσὶν
1325 4852 1641 4920 ἀναγκαίως
1691 4855 1780 4909 διὰ
1831 4857 1926 4910 τὸν

348 4941 507 5010 λόγον
543 4942 644 5013 τῆς
681 4941 914 5014 προόδου
939 4956 956 4976 ⁶
1003 4941 1195 5010 ἐπειδὴ
1240 4944 1274 5014 ἡ
1321 4943 1515 5015 Γραφὴ
1554 4944 1797 5000 διδάσκει
1832 4947 1924 5001 τὸν

351 5033 482 5087 Υίδν
513 5034 576 5087 ὲκ
595 5032 691 5086 τοῦ
723 5034 942 5105 Πατρδς
967 5033 1262 5097 γεννᾶσθαι
1285 5050 1299 5065 ο
1332 5034 1426 5087 καὶ
1451 5034 1551 5088 οὐκ
1574 5034 1721 5088 ἔστιν
1750 5034 1873 5090 οὔτε
1899 5037 1928 5091 ὁ

349 5122 540 5193 Πατὴρ
571 5123 720 5192 Υἱὸς,
750 5123 874 5180 οὔτε
900 5125 930 5180 ὁ
957 5125 1084 5192 Tib;
1117 5125 1329 5197 Πατὴρ,
1358 5126 1504 5181 κατὰ
1528 5124 1620 5180 τὸν
1650 5127 1750 5198 τῆς
1778 5128 1930 5183 ἀντι-

350 5213 557 5281 θέσεως
576 5213 758 5285 λόγον.

424 5477 598 5534 Πάλιν
633 5479 824 5548 ιπειδὴ
860 5479 956 5534 ἐπὶ
982 5479 1084 5551 τῆς
1119 5479 1356 5544 πίστεως
1406 5479 1624 5552 εἴρηται
1677 5478 1812 5544 Θεὸς
1860 5479 1927 5534 έκ

347 5572 483 5626 Θεοῦ
513 5573 972 5643 ἐκπορευόμενος,
995 5573 1142 5628 κατὰ
1170 5575 1262 5627 τὸν
1287 5574 1452 5628 αὑτὸν
1473 5575 1574 5645 τῆς
1600 5574 1926 5636 ἀντιθέσεως

348 5666 506 5734 λόγον
548 5665 811 5720 ἀδύνατον
854 5661 994 5718 εἶναι
1042 5665 1133 5718 τὸν
1157 5665 1321 5720 αὑτὸν
1355 5665 1628 5736 προϐολέα
1662 5666 1756 5719 καὶ
1793 5665 1928 5735 πρό-

350 5759 552 5830 ϐλημα.
607 5758 741 5812 Οὐδὲ
788 5758 893 5828 γάρ
924 5759 1036 5812 ἐστι
1090 5757 1149 5811 τὸ
1195 5758 1328 5811 αὐτὸ
1360 5759 1495 5827 πρὸς
1542 5759 1602 5812 τὸ
1637 5759 1766 5812 αὐτὸ
1831 5759 1923 5812 καὶ

2040 3370 2227 3430 ctore;
2286 3363 2392 3417 hoc
2440 3372 2546 3426 est,
2581 3363 2837 3418 eumdem
2873 3364 2966 3435 qui
3007 3363 3200 3436 gignat
3225 3375 3280 3421 et
3317 3369 3410 3440 qui
3435 3371 3623 3442 gigna-

2033 3464 2152 3522 tur,
2178 3469 2303 3510 cum
2335 3454 2460 3510 duae
2491 3461 2701 3512 tantum
2737 3468 2986 3524 personae
3010 3455 3192 3514 Patris
3213 3469 3271 3514 et
3298 3458 3422 3515 Filii
3454 3460 3624 3516 intel-

2039 3547 2301 3616 ligantur.
2334 3545 2470 3601 Nam
2494 3547 2542 3602 si
2575 3547 2766 3618 plures
2801 3563 3056 3618 personae
3077 3551 3346 3621 subjectae
3372 3555 3510 3621 siut,
3545 3563 3624 3612 uti

2039 3637 2310 3708 contingit
2340 3637 2397 3692 in
2431 3637 2773 3704 hominibus,
2798 3638 2938 3694 nihil
2971 3649 3122 3696 vetat
3151 3644 3406 3700 eumdem
3441 3655 3495 3701 et
3525 3663 3625 3718 pa-

2041 3737 2177 3784 trem
2223 3743 2346 3784 esse
2378 3737 2431 3783 et
2483 3729 2680 3792 ﬁlium,
2727 3732 3191 3800 quemadmodum
3232 3734 3493 3792 diximus.
3529 3740 3621 3804 At,

2039 3836 2162 3876 cum
2198 3820 2322 3876 duae
2353 3828 2745 3890 supponantur
2777 3836 3048 3892 personae,
3075 3834 3241 3895 atque
3264 3828 3370 3882 alia
3399 3830 3620 3896 quidem

2037 3913 2260 3984 proprie
2283 3921 2442 3983 pater
2469 3912 2562 3980 sit,
2585 3912 2693 3967 alia
2725 3928 2857 3970 vero
2877 3915 3048 3982 ﬁlius,
3073 3927 3134 3972 ut
3161 3934 3220 3974 se
3241 3935 3328 3976 res
3351 3921 3405 3977 in
3431 3937 3620 3978 sancta

2038 4005 2308 4061 Tritiitate
2331 4005 2513 4071 habet,
2549 4006 2804 4062 eamdem
2835 4016 2891 4063 et
2919 4018 3127 4077 patrem
3173 4020 3227 4067 et
3264 4013 3432 4068 ﬁlium
3473 4031 3620 4082 εδει»,

2038 4098 2263 4153 omnino
2290 4097 2408 4154 ﬁeri
2443 4112 2553 4153 non
2596 4107 2792 4169 potest.
2817 4099 2960 4168 Quin
2991 4112 3045 4156 et
3079 4102 3222 4160 inter
3252 4106 3531 4176 homines,
3566 4123 3624 4166 ut

2039 4193 2144 4248 sub
2175 4191 2425 4262 exemplo
2461 4192 2676 4263 loquar,
2706 4193 2752 4251 si
2783 4195 3198 4269 consideremus
3243 4201 3380 4257 duas
3431 4219 3622 4272 perso-

2039 4300 2162 4348 nas,
2212 4300 2448 4356 quarum
2499 4289 2669 4360 altera
2727 4290 2999 4358 genuerit,
3068 4293 3238 4348 altera
3271 4296 3451 4365 genita
3506 4300 3620 4364 sit,

2039 4376 2214 4432 etiam
2241 4377 2296 4430 in
2332 4377 2441 4432 illis
2468 4391 2564 4448 per
2593 4378 2848 4433 eumdem
2881 4381 3103 4435 modum
3151 4384 3346 4439 relatio
3373 4400 3437 4440 ac
3467 4387 3620 4442 habi-

2043 4469 2174 4523 tudo
2209 4469 2514 4524 invenietur
2545 4470 3100 4529 incommuuicabilis.
3135 4473 3281 4531 Fieri
3327 4479 3474 4532 enim
3511 4497 3622 4536 non

2039 4571 2238 4632 potest,
2274 4573 2334 4616 ut
2359 4563 2453 4632 qui
2481 4563 2712 4618 alterum
2735 4566 2942 4633 genuit,
2969 4567 3016 4620 is
3041 4567 3159 4636 ipse
3201 4571 3418 4638 genitus
3448 4572 3520 4626 sit
3552 4590 3618 4629 ex

2037 4653 2226 4708 eadem
2264 4669 2522 4724 persona,
2548 4669 2671 4723 qua!
2709 4671 2776 4709 ex
2819 4654 2941 4724 ipso
2972 4659 3153 4726 genita
3190 4658 3311 4715 fuit.
3349 4661 3443 4718 Est
3469 4667 3618 4720 enim

2036 4746 2181 4801 inter
2201 4747 2324 4800 Illos
2346 4744 2624 4814 oppositio
2647 4746 2713 4800 ad
2735 4747 2963 4814 aliquid,
2981 4763 3083 4802 nec
3099 4751 3239 4805 alter
3261 4766 3452 4808 eorum
3471 4756 3620 4825 ejus-

2035 4836 2184 4890 modi
2220 4851 2286 4892 ac
2345 4835 2484 4891 alter
2522 4836 2757 4892 exsistit.
2799 4837 3002 4892 Eodem
3033 4840 3222 4911 itaque
3262 4845 3423 4900 modo
3450 4849 3621 4904 etiam

2034 4927 2090 4984 in
2124 4940 2312 4982 sancta
2354 4926 2644 4992 Trinitate,
2669 4927 2724 4982 in
2756 4927 2917 4984 Patre
2955 4941 3010 4985 et
3049 4929 3190 4988 Filio
3215 4934 3338 4989 dua:
3361 4951 3618 5007 personae

2039 5017 2436 5087 intelliguntur,
2493 5029 2735 5089 suntque
2777 5022 3090 5076 necessario
3128 5023 3199 5078 ob
3243 5030 3621 5095 processiouis

2034 5111 2304 5165 rationem
2328 5151 2342 5174 ,
2367 5111 2511 5180 quod
2560 5108 2840 5180 Scriptura
2875 5115 3067 5169 doceat
3099 5113 3299 5172 Filium
3332 5124 3480 5178 nasci
3509 5140 3524 5190 ;
3553 5141 3620 5181 ae

2037 5219 2214 5273 neque
2247 5203 2410 5259 Pater
2435 5203 2610 5259 Filius
2627 5205 2720 5270 sit,
2752 5220 2848 5260 nee
2877 5205 3049 5264 Filius
3087 5206 3269 5278 Pater,
3305 5217 3612 5273 secundum

2035 5296 2402 5367 appositionis
2441 5297 2732 5353 rationem.

2101 5476 2338 5546 Rursus,
2373 5479 2502 5551 quia
2553 5477 2607 5534 in
2644 5477 2749 5534 ﬁde
2787 5479 2996 5536 dictum
3047 5491 3152 5546 est,
3199 5484 3362 5538 Deum
3396 5499 3462 5540 ex
3498 5486 3608 5541 Deo

2029 5573 2344 5641 procedere,
2383 5571 2686 5627 secundum
2719 5573 2971 5627 eumdem
2994 5574 3358 5643 oppositionis
3383 5580 3604 5630 ηιοιίιιιιι

2031 5660 2144 5714 ﬁeri
2181 5662 2372 5731 nequit
2407 5669 2466 5716 ut
2505 5660 2650 5716 idem
2681 5663 2752 5718 sit
2783 5665 2874 5734 qui
2909 5664 3163 5734 producit
3193 5673 3246 5719 et
3271 5665 3362 5734 qui
3401 5652 3605 5734 predu-

2031 5756 2196 5809 citur.
2229 5760 2412 5826 Neque
2442 5755 2588 5812 enim
2618 5756 2758 5814 idetu
2787 5758 2968 5826 quoad
2998 5757 3246 5814 eumdem
3285 5772 3474 5816 auctor
3501 5777 3608 5829 est.
