4074 6414
413 321 521 386 487

1711 310 2106 374 MANUELIS
2143 310 2448 372 CALECJE

3586 300 3692 364 4⁸8

415 448 472 496 et
507 435 600 507 qui
644 442 730 490 est
773 447 839 487 ex
889 438 1136 484 auctore.
1190 425 1303 479 Iloc
1336 425 1483 479 enim
1515 423 1786 493 oppositio
1824 421 2003 478 banti-

2130 427 2280 478 ιῑτιον
2312 426 2406 477 καὶ
2439 424 2700 486 αἰτιατόν.
2737 423 2803 477 Ἥ
2825 424 2934 493 γὰρ
2956 421 3230 483 ἀντίθεσις
3253 416 3414 470 τοῦτο
3437 416 3564 507 οὖδα
3577 418 3692 482 μῶς

415 541 693 598 quaquam
721 525 874 578 sinit.
899 519 1062 573 Pater
1092 529 1225 570 vero
1260 516 1403 569 Deus
1433 514 1652 582 quidem
1678 521 1854 567 estex
1897 529 2007 583 quo

419 621 568 674 Deus
609 614 855 672 nascitur
883 619 938 666 et
970 609 1110 664 Deus
1142 606 1412 675 procedit,
1443 619 1632 658 verum
1661 619 1730 657 ex
1761 603 1871 658 Deo
1897 619 2006 657 non

421 717 528 765 est.
561 707 697 760 Nam
733 705 780 758 si
819 710 873 755 et
908 701 1023 768 ipse
1073 699 1214 752 Deus
1241 711 1308 750 ex
1340 695 1450 749 Deo
1483 705 1588 759 est,
1639 693 1723 748 vel
1758 709 1824 748 ex
1863 693 2006 748 Filio

422 795 550 859 erit,
582 793 664 847 vel
693 806 760 846 ex
795 788 1024 858 Spiritu,
1059 787 1144 841 vel
1181 801 1246 839 ex
1267 785 1479 855 seipso,
1503 785 1588 839 vel
1620 799 1683 837 ex
1705 784 1832 837 alio.
1863 783 2012 838 Sane

422 902 556 942 vero
587 901 655 942 ex
684 883 824 938 Filio
851 890 906 936 et
930 880 1140 951 Spiritu
1172 879 1400 933 minime
1435 887 1546 940 est,
1589 877 1733 947 quod
1763 877 1878 944 ipse
1913 890 2011 929 eo-

423 995 548 1033 rum
587 979 658 1032 sit
687 985 900 1039 auctor,
933 987 1035 1027 nec
1075 971 1190 1025 ﬁeri
1224 972 1396 1040 possit
1426 979 1482 1023 ut
1512 969 1675 1024 Pater
1698 983 1762 1021 ex
1786 983 1892 1021 suo
1921 965 2012 1018 Fi-

425 1068 498 1121 lio
531 1068 627 1132 sit,
658 1067 738 1119 vel
765 1081 830 1120 ex
863 1080 927 1117 eo
950 1063 1044 1132 qui
1073 1077 1141 1116 ex
1181 1062 1301 1130 ipso
1329 1059 1618 1129 processit.
1660 1058 1733 1111 Ex
1777 1073 1836 1110 se
1887 1057 2012 1126 ipso

425 1171 607 1212 autem
650 1171 759 1210 non
819 1162 938 1218 est;
982 1167 1262 1220 nunquam
1311 1149 1454 1202 enim
1492 1148 1586 1202 liat
1625 1156 1683 1201 ut
1721 1161 1845 1215 qua;
1889 1161 2015 1200 vere

423 1249 674 1315 exsistit,
722 1260 1039 1318 personam,
1071 1245 1188 1312 ipse
1239 1257 1267 1293 a
1314 1255 1373 1294 se
1413 1253 1638 1294 auctore
1677 1253 1746 1292 ex
1797 1247 2018 1291 auctore

427 1348 724 1406 exsistens,
773 1341 1071 1396 consistat.
1129 1336 1200 1389 At
1247 1350 1425 1402 neque
1466 1349 1532 1386 ex
1566 1333 1674 1385 alio
1715 1339 1840 1395 est;
1871 1337 2017 1384 esset

425 1436 577 1490 enim
616 1434 890 1488 Deus‘non
921 1429 1185 1489 Trinitas,
1219 1427 1312 1481 sed
1335 1424 1698 1494 quater-nitas,
1727 1436 1823 1477 seu
1849 1422 2018 1474 etiam

437 1528 583 1581 ultra
617 1523 1048 1594 quaternitatem
1089 1518 1262 1572 fusus.
1310 1515 1510 1571 Verum
1557 1529 1657 1568 nos
1689 1512 1859 1567 Deum
1889 1508 2023 1564 Tri-

436 1620 666 1672 nitatem
691 1630 820 1668 esse
850 1614 998 1667 docti
1043 1625 1254 1666 sumus.
1285 1607 1650 1673 Quamobrem
1675 1613 1760 1658 est
1797 1602 2017 1672 quidem

436 1712 597 1766 Pater
650 1709 829 1772 Deus;
883 1721 994 1758 non
1029 1714 1210 1758 tamen
1257 1715 1321 1754 ex
1357 1701 1468 1754 Deo
1502 1708 1607 1754 est.
1656 1696 1830 1752 Filius
1865 1707 2017 1757 vero,

440 1805 584 1857 Deus
609 1810 700 1875 est
736 1816 801 1854 ex
847 1797 957 1852 Deo
991 1796 1157 1851 Patre
1203 1796 1457 1865 genitus;
1505 1793 1747 1859 itemque
1781 1787 2021 1859 Spiritus

438 1895 607 1958 Deus,
635 1908 700 1946 ex
727 1890 890 1946 Patre
917 1898 975 1942 ut
1005 1905 1068 1942 ex
1105 1889 1439 1957 producente
1477 1883 1804 1953 procedens.

505 1985 684 2039 Causa
716 1981 882 2051 igitur
919 1989 1085 2048 atque
1117 1978 1278 2040 ratio,
1316 1991 1416 2030 cur
1446 1974 1592 2030 Deus
1621 1973 1694 2028 sit
1742 1981 1852 2026 tres
1895 1986 2022 2042 per-

433 2094 602 2143 sonat,
627 2075 912 2145 processio
940 2082 1044 2134 est,
1073 2071 1216 2141 quod
1242 2070 1507 2123 nimirum
1525 2068 1634 2122 alia
1659 2076 1851 2121 auctor
1871 2066 2022 2120 dicta

436 2178 553 2235 est,
589 2169 729 2234 aliae,
754 2181 877 2237 quae
907 2173 1130 2222 suntex
1168 2169 1434 2218 auctore:
1469 2162 1678 2216 idcirco
1709 2161 1838 2230 quia
1877 2159 2023 2215 Deus

433 2277 500 2316 ex
534 2261 643 2316 Deo
674 2261 944 2322 nascitur,
982 2255 1339 2326 proceditque
1372 2253 1516 2308 Deus
1542 2269 1608 2307 ex
1653 2253 1785 2306 Deo.
1823 2250 2024 2320 Sequi-

438 2359 633 2417 turque
689 2346 1022 2410 necessario,
1069 2360 1191 2400 esse
1238 2345 1461 2414 praprie
1492 2342 1709 2396 Patrem
1736 2353 1791 2396 et
1825 2341 2024 2396 Filium

437 2449 493 2494 et
523 2439 784 2508 Spiritum
814 2447 1101 2494 sanctum:
1127 2451 1227 2490 nec
1259 2444 1486 2490 naturas
1515 2434 1773 2487 inducere
1796 2435 1898 2486 ista
1925 2447 2025 2487 no-

441 2530 621 2594 mina,
659 2531 755 2584 sed
809 2530 1110 2607 relationes
1156 2527 1471 2596 signiﬁcare
1499 2542 1513 2578 :
1546 2524 1770 2578 modum
1815 2523 2028 2579 scilicet

439 2640 552 2688 quo
585 2639 645 2679 se
669 2623 908 2677 habeant
936 2621 1076 2674 inter
1105 2635 1164 2675 se
1191 2619 1396 2674 divina:
1440 2631 1714 2687 personae,
1753 2626 1814 2672 ut
1847 2618 2030 2673 aiebat

440 2713 745 2783 Gregorius
784 2711 1122 2778 TheoIOgus,
1155 2709 1476 2778 nullamque
1510 2708 1577 2763 iis
1603 2709 1860 2762 comitem
1904 2722 2029 2763 esse

441 2806 845 2864 confusionem.
875 2802 1155 2873 Siquidem
1177 2803 1328 2855 enim
1366 2812 1590 2871 propter
1625 2801 1891 2856 unitatem
1937 2815 2028 2857 es-

445 2899 636 2954 sentize
668 2896 840 2950 Filius
870 2897 925 2949 in
955 2895 1117 2950 Patre
1137 2905 1297 2950 estet
1331 2894 1491 2950 Pater
1515 2895 1570 2950 in
1600 2895 1758 2959 Filio,
1789 2903 2031 2969 suntque

447 2991 569 3045 alia;
615 2992 669 3045 in
711 2991 834 3044 aliis
883 2999 996 3046 tres
1048 3003 1318 3059 personae,
1367 2990 1514 3060 quod
1553 2997 1610 3044 et
1655 2990 2030 3061 περιχώρησιν

2111 519 2406 587 συγχωρεῖ,
2455 517 2514 569 '0
2545 517 2600 569 δέ
2637 517 2827 588 Πατὴρ
2859 517 2991 579 Θεὸς
3028 515 3128 584 μέν
3188 513 3338 566 ἐστιν
3381 507 3439 572 ἐξ
3467 497 3529 561 οῦ
3563 505 3695 568 Θεὸς

2109 613 2367 682 γεννᾶται
2417 610 2512 664 καὶ
2565 609 2698 671 Θεὸς
2743 606 3144 677 ἐκπορεύεται*
3189 604 3254 656 ἐκ
3303 599 3440 652 Θεοῦ
3487 597 3544 650 δὲ
3593 597 3696 649 οὐκ

2111 705 2283 758 ἐστιν.
2321 705 2381 756 Ei
2405 702 2514 771 γάρ
2545 703 2662 754 ἐστι
2683 700 2778 753 καὶ
2802 698 2963 760 αὐτὸς
2987 697 3122 760 Θεὸς
3148 697 3212 748 ἐκ
3239 692 3376 746 Θεοῦ
3406 731 3420 757 ,
3451 689 3484 756 ἦ
3515 691 3579 742 ἐκ
3600 686 3696 740 τοῦ

2113 796 2246 851 Υῑοῦ
2278 795 2452 857 ἔσται,
2486 795 2519 866 ῆ
2557 795 2622 846 ἐκ
2651 791 2744 845 τοῦ
2788 790 3128 860 Πνεύματος,
3159 789 3191 857 ἢ
3227 787 3285 853 ἐξ
3317 781 3535 841 ἐαυτοῦ.
3572 781 3604 850 ἢ
3639 779 3699 843 ἐξ

2112 890 2298 945 ἄλλου.
2341 889 2438 942 Ἕκ
2461 887 2554 939 τοῦ
2578 883 2708 938 Υἱοῦ
2737 885 2834 952 μὲν
2856 881 2948 936 οῦν
2972 882 3004 948 ἦ
3036 882 3099 934 ἐκ
3121 877 3216 933 τοῦ
3244 875 3566 944 Πνεύματος
3597 871 3700 924 οὐκ

2114 978 2252 1042 ἐστι,
2304 978 2439 1029 διότι
2472 974 2635 1036 αὑτός
2675 975 2823 1026 ἐστιν
2855 973 3025 1033 αἴτιος
3058 967 3259 1032 αὐτῶν,
3291 966 3383 1019 καὶ
3435 963 3699 1017 ἀδύνατον

2115 1067 2257 1124 εἶναι
2301 1071 2393 1122 τὸν
2445 1069 2668 1137 Πατέρα
2723 1067 2786 1118 ἐκ
2830 1063 2925 1117 τοῦ
2981 1061 3110 1116 Υῑοῦ
3155 1058 3372 1119 ἐαυτοῦ,
3421 1057 3455 1130 ἢ
3511 1058 3574 1109 ἐκ
3605 1052 3700 1106 τοῦ

2116 1163 2510 1232 προϐλήματος
2572 1157 2790 1212 ἐαυτοῦ.
2854 1157 2944 1224 Ἐξ
3005 1154 3201 1209 ἐαυτοῦ
3257 1153 3314 1206 δὲ
3368 1153 3470 1205 οὐκ
3517 1151 3698 1202 ἐστιν’

2110 1257 2384 1310 ’ἀδύνατον
2439 1253 2547 1323 γὰρ
2609 1249 2862 1322 ὑφεστὼς
2915 1248 3209 1318 πρόσωπον
3269 1244 3514 1298 αἱτιατὸν
3568 1239 3702 1293 αὐτὸ

2113 1347 2314 1402 ’ἐαυτοῦ
2345 1347 2516 1399 αῐτιον
2559 1339 2721 1398 εἶναι.
2763 1341 2903 1394 Ἀλλ’
2936 1340 3058 1394 οὐδὲ
3109 1338 3167 1404 ἐξ
3223 1337 3384 1390 ἄλλου
3424 1333 3605 1386 ἐστίν’
3633 1328 3703 1402 ἦν

2117 1441 2228 1509 γὰρ
2259 1439 2326 1492 ἂν
2351 1438 2551 1507 τετρὰς
2581 1437 2609 1488 6
2630 1434 2792 1500 Θεὸς,
2817 1433 2849 1504 ἢ
2880 1434 2977 1486 καὶ
3005 1430 3265 1484 ἐπέκεινα
3288 1427 3388 1497 τῆς
3421 1423 3702 1494 τετράδος.

2131 1529 2276 1583 Ἀλλ’
2324 1529 2488 1598 ἡμεῖς
2541 1523 2755 1597 τριάδα
2815 1523 3176 1593 ἐδιδάχθημεν
3227 1515 3370 1571 εἶναι
3417 1515 3506 1568 τὸν
3547 1513 3702 1567 Θεόν.

2121 1623 2288 1676 Ὥστε
2341 1619 2477 1682 Θεὸς
2533 1619 2633 1687 μέν
2683 1620 2833 1670 ἐστιν
2876 1615 2904 1668 6
2955 1613 3189 1682 Πατὴρο
3240 1612 3305 1663 ἐκ
3359 1607 3497 1660 Θεοῦ
3522 1607 3576 1658 δέ
3607 1606 3708 1658 οὐκ

2122 1714 2306 1768 ἐστιν’
2353 1714 2381 1764 6
2426 1710 2483 1763 δέ
2531 1707 2658 1770 Υἱὸς
2689 1707 2822 1770 Θεός
2862 1706 3014 1758 ἐστιν
3048 1706 3112 1756 ἐκ
3156 1698 3294 1754 Θ-οῦ
3342 1699 3436 1751 τοῦ
3496 1695 3708 1768 Πατρὸς

2122 1805 2502 1877 γεννώμενοςο
2561 1802 2654 1856 καὶ
2703 1801 2764 1853 τὸ
2817 1797 3051 1867 Πνεῦμα
3103 1795 3238 1858 Θεός
3300 1795 3452 1846 ἐστιν
3496 1790 3560 1844 ἐκ
3609 1787 3706 1842 τοῦ

2119 1895 2447 1968 Πατρὸς,ὡς
2476 1897 2540 1948 ἐκ
2567 1891 2904 1963 προὸολέως,
2933 1888 3387 1960 ἐκπορευόμενος.

2207 1989 2271 2042 Ἦ
2313 1985 2407 2041 οῦν
2437 1987 2587 2039 αἰτία
2614 1983 2710 2037 τοῦ
2741 1978 2882 2036 εῖναι
2913 1979 3042 2052 τρία
3077 1981 3348 2050 πρόσωπα
3387 1975 3479 2029 τὸν
3511 1972 3646 2027 Θεὸν
3672 1972 3708 2042 ἡ

2125 2081 2350 2150 πρόοδός
2391 2081 2545 2132 ἐστιν
2569 2093 2584 2108 ⁸
2636 2076 2718 2129 ὃτι
2748 2075 2811 2128 τὸ
2861 2074 2962 2144 μὲν
2992 2073 3165 2125 αἴτιον
3197 2070 3437 2139 εἴρηται,
3469 2065 3530 2118 τὸ
3559 2065 3615 2118 δὲ
3645 2066 3710 2116 ἐκ

2123 2176 2225 2245 τῆς
2251 2175 2472 2237 αἰτίας*
2521 2171 2765 2241 δηλονότι
2805 2170 2888 2222 ὅτι
2927 2166 3058 2229 Θεὸς
3110 2167 3174 2217 ἐκ
3230 2161 3369 2216 Θεοῦ
3423 2160 3706 2228 γεννᾶται,

2126 2269 2221 2322 καὶ
2245 2266 2378 2330 Θεὸς
2399 2266 2462 2318 ἐκ
2483 2261 2622 2317 Θεοῦ
2643 2262 3028 2332 ἐκπορεύεται.
3049 2259 3162 2310 Καὶ
3179 2257 3373 2308 ἕπεται
3391 2251 3710 2319 ἀναγκαίως

2129 2359 2334 2430 κυρίως
2365 2353 2508 2410 εἷναι
2544 2354 2769 2424 Πατέρα
2811 2352 2908 2404 καὶ
2942 2350 3072 2403 Υῑὸν
3118 2347 3216 2401 καὶ
3261 2347 3420 2412 ’ἅγιον
3451 2340 3705 2410 ιῐνεῦμαο

2127 2451 2222 2506 καὶ
2273 2452 2347 2520 μὴ
2382 2452 2574 2520 φύσεις
2618 2446 2864 2512 εἰσάγειν
2915 2442 2985 2495 τὰ
3041 2441 3286 2508 ὀνόματα
3335 2434 3526 2498 ταῦτα,
3572 2430 3722 2505 ἀλλὰ,

2132 2546 2348 2616 σχέσεις
2370 2541 2596 2612 δηλοῦν·
2625 2540 2746 2602 πῶς
2788 2539 2974 2608 ἔχουσι
2998 2534 3067 2588 τὰ
3097 2533 3219 2587 θεῖα
3270 2531 3537 2600 πρόσωπα
3577 2527 3713 2593 πρὸς

2129 2635 2355 2707 ἄλληλα,
2404 2633 2656 2704 καθάπερ
2687 2633 2714 2684 6
2743 2629 3009 2697 Θεολόγος
3047 2626 3352 2696 Γρηγόριος
3385 2623 3538 2690 ἔλεγε
3575 2617 3711 2691 (7|),

2127 2728 2227 2780 καὶ
2269 2725 2542 2796 μηδεμίαν
2579 2723 2846 2791 σύγχυσιν
2897 2722 2958 2773 ἐν
3011 2716 3225 2777 τούτοις
3275 2713 3612 2766 ἀκολουθεῖν.
3646 2709 3711 2761 El

2130 2821 2240 2890 γὰρ
2264 2817 2354 2872 διὰ
2381 2816 2480 2888 τὴν
2521 2816 2748 2885 ἑνότητα
2775 2814 2873 2881 τῆς
2897 2811 3089 2873 οὐσίας
3115 2810 3144 2862 6
3173 2808 3301 2868 Υἱὸς
3324 2809 3382 2857 ἐν
3413 2804 3491 2875 τῷ
3519 2803 3711 2872 Πατρὶ,

2133 2913 2279 2966 καὶὸ
2324 2909 2516 2980 Πατὴρ
2547 2911 2604 2962 ἐν
2640 2906 2723 2978 τῷ
2767 2904 2904 2974 Υἱῴ,
2937 2903 3033 2956 καὶ
3076 2901 3144 2955 τὰ
3192 2900 3321 2970 τρία
3361 2899 3628 2968 πρόσωπα
3658 2895 3717 2947 ἐν

2133 3005 2383 3073 ἀλλήλοις
2414 2989 2586 3053 εἰσὶν·
2650 2999 2678 3052 6
2725 2999 2820 3052 καὶ
2876 2994 3286 3064 περιχώρησιν
3335 2990 3447 3061 (72)
3487 2989 3536 3041 oi
3570 2987 3718 3052 ἅγιοι

444 3084 620 3140 sancti
652 3093 869 3146 vocant,
909 3083 1058 3137 velut
1089 3083 1241 3136 dicas
1273 3082 1662 3135 inimentionem
1689 3097 1709 3134 :
1737 3083 1880 3136 nulla
1907 3085 2028 3139 inde

2136 3093 2426 3148 καλοῦσιν’
2481 3091 2544 3143 ού
2601 3087 2881 3160 μεταϐολὴ
2937 3088 3034 3139 καὶ
3091 3085 3407 3154 σύμφυρσις
3468 3076 3718 3131 ἐντεῦθεν

449 3178 683 3232 mutatio
717 3192 780 3231 ac
808 3176 1066 3232 confusio
1107 3173 1478 3244 personalium
1509 3184 1919 3245 proprietatum
1951 3177 2035 3230 in-

449 3267 742 3338 telligitur:
773 3284 864 3320 nec
901 3276 956 3320 ut
987 3266 1290 3319 coalescant
1317 3281 1525 3335 unaque
1543 3266 1682 3321 velut
1713 3268 2034 3336 conflantur,

449 3371 542 3416 sea
594 3371 650 3414 ut
699 3360 997 3415 colta'reant
1045 3360 1260 3430 aliaque
1309 3359 1365 3412 in
1413 3360 1522 3413 alia
1563 3361 1843 3425 exsistam,
1879 3359 2038 3428 juxta

451 3451 703 3506 eumdem
745 3449 1092 3520 Gregorium.
1127 3450 1232 3505 Sed
1285 3461 1338 3505 et
1384 3449 1682 3519 Gregorius
1736 3451 2037 3522 Nyssenus,

452 3545 653 3610 quibus
711 3544 900 3597 scribit
950 3542 1215 3597 adversus
1273 3542 1604 3596 Eunomium
1665 3559 1679 3594 :
1732 3541 2038 3594 Secundum

455 3632 621 3685 aliam
640 3633 822 3701 utique
849 3632 1116 3701 aliamque
1148 3635 1338 3686 mentis
1370 3631 1869 3694 considerationem,
1903 3632 2042 3686 alter

451 3722 506 3774 in
535 3722 706 3774 altera
741 3738 852 3776 esse
881 3723 1082 3775 dicitur
1109 3739 1125 3776 ι
1164 3720 1342 3774 Filius
1370 3721 1581 3790 quidem
1610 3722 1660 3772 in
1693 3719 1874 3784 Putre,
1898 3721 2038 3774 velut

449 3831 569 3884 qua:
595 3816 649 3868 in
684 3815 916 3884 imagine
951 3817 1145 3868 relucet
1178 3815 1544 3884 pulchritudo,
1579 3814 1632 3867 in
1672 3813 1847 3884 forma
1884 3817 2036 3884 prin-

451 3907 563 3973 cipe
593 3922 655 3958 ac
679 3905 1010 3973 exemplari;
1058 3904 1322 3975 Paterque
1367 3907 1423 3958 in
1469 3901 1637 3969 Filio,
1686 3904 2038 3959 satureum-

451 3998 618 4067 plaris
639 3998 796 4051 decor
827 3999 879 4050 in
908 4015 1006 4050 sua
1042 3999 1294 4068 inmgt'ne.

530 4088 820 4144 Processio
852 4091 1036 4160 itaque
1084 4093 1136 4144 in
1177 4105 1343 4145 causa
1374 4100 1476 4146 est.
1506 4091 1717 4146 Etenim
1751 4093 1857 4147 nisi
1897 4091 2042 4147 Deus

2137 3183 2454 3237 ύπονοεῖται
2481 3181 2590 3235 τῶν
2619 3180 3005 3234 ύποστατικῶν
3039 3177 3368 3245 ἰδιωμάτων·
3405 3192 3423 3224 ι
3443 3171 3552 3225 οὐδ’
3579 3172 3719 3226 ὥστε

2138 3274 2582 3340 συναλείφεσθαι,
2615 3273 2734 3326 ἀλλ’
2755 3273 2898 3327 ὥστε
2945 3271 3186 3341 ἔχεσθαι.
3223 3287 3242 3321 ι
3278 3269 3419 3322 κατὰ
3439 3267 3532 3319 τὸν
3559 3264 3722 3318 αὑτὸν

2136 3366 2422 3434 Θεολόγον.
2459 3365 2596 3435 Φησὶ
2638 3365 2694 3418 δὲ
2729 3364 2824 3417 καὶ
2859 3363 3164 3432 Γρηγόριος
3198 3359 3228 3411 6
3261 3358 3483 3427 Νύσσης
3519 3359 3577 3408 ἐν
3609 3357 3721 3414 τοῖς

2139 3457 2260 3512 κατ’
2317 3457 2612 3526 Εὑνομίου,
2674 3473 2692 3506 ι
2755 3454 2894 3507 Κατ’
2925 3452 3094 3521 ἄλλην
3142 3453 3240 3502 καὶ
3289 3448 3458 3517 ἄλλην
3520 3443 3722 3515 δηλαδὴ

2139 3549 2410 3613 ἐπίνοιαν,
2433 3546 2697 3616 ἑκάτερος
2728 3546 2787 3598 ἐν
2812 3542 2890 3614 τῷ
2915 3543 3088 3613 ἑτέρῳ
3112 3537 3252 3594 εἶναι
3279 3540 3528 3607 λέγεταν
3562 3539 3589 3588 6
3622 3535 3724 3604 μὲν

2139 3643 2267 3705 Υἱὸς
2309 3644 2368 3694 ἐν
2397 3639 2477 3708 τῷ
2508 3639 2708 3710 Πατρὶ,
2739 3637 2815 3701 ὡς
2845 3637 2904 3690 τὸ
2940 3637 3034 3689 ἐπὶ
3067 3636 3164 3706 τῆς
3197 3635 3407 3696 εἰκόνος
3435 3633 3631 3694 κάλλος
3666 3631 3722 3681 ἐν

2137 3735 2202 3802 τῇ
2229 3729 2527 3801 ἀρχετύπῳ
2561 3730 2745 3800 μορφῇ
2767 3743 2782 3756 ⁶
2814 3728 2842 3780 6
2873 3727 2929 3780 δέ
2968 3725 3156 3797 Πατὴρ
3181 3727 3240 3776 ἐν
3281 3725 3358 3794 τῷ
3390 3723 3523 3794 Υἱῷ,
3563 3722 3636 3784 ὼς
3663 3721 3724 3771 ἐν

2133 3828 2200 3894 τῇ
2245 3824 2418 3876 εἰκόνι
2450 3821 2615 3876 αὺτοῦ
2650 3822 2712 3875 τὸ
2747 3819 3096 3891 προτότυπον
3144 3817 3364 3880 κάλλος.
3414 3834 3433 3867 ι

2223 4096 2290 4149 Ἦ
2314 4095 2539 4164 πρόοδος
2569 4088 2664 4147 οῦν
2693 4094 2841 4145 ἐστιν
2873 4089 3047 4144 αἰτία.
3080 4088 3192 4143 Καὶ
3232 4088 3342 4158 γὰρ
3371 4087 3420 4140 εἰ
3465 4087 3546 4157 μὴ
3592 4086 3729 4148 Θεὸς

454 4196 523 4235 ex
563 4184 671 4235 Deo
724 4191 1067 4244 nasceretur,
1128 4182 1384 4251 Deusque
1427 4198 1492 4236 ex
1555 4183 1663 4235 Dco
1695 4184 2042 4252 procederet,

456 4287 568 4326 non
598 4282 745 4328 esset
777 4275 1079 4344 processio.
1113 4272 1170 4327 Si
1205 4287 1390 4328 autem
1431 4277 1710 4343 processio
1733 4291 1840 4329 non
1872 4285 2040 4340 esset,

2141 4189 2206 4242 ἐκ
2229 4186 2366 4240 Θεοῦ
2394 4187 2672 4253 ἐγεννᾶτο,
2698 4185 2794 4236 καὶ
2821 4182 2952 4245 Θεὸς
2979 4183 3042 4235 ἐκ
3064 4180 3201 4234 Θεοῦ
3230 4180 3605 4252 ἐξεπορεύετο,
3629 4181 3728 4232 οὐκ

2141 4279 2209 4334 ἂν
2233 4275 2303 4348 ἦν
2337 4277 2590 4347 πρόοδος.
2623 4277 2684 4328 Ei
2719 4275 2779 4328 δὲ
2819 4277 2894 4345 μὴ
2936 4274 3167 4344 πρόοδος
3210 4269 3302 4344 ἦν,
3331 4273 3434 4325 οὐκ
3483 4273 3551 4326 ἂν
3587 4267 3726 4342 ἦσαν

458 4380 558 4420 nec
616 4377 801 4422 essent
850 4375 962 4418 tres
1015 4379 1283 4433 personae.
1315 4362 1431 4419 Nisi
1485 4376 1668 4420 autem
1714 4375 1902 4422 essent
1933 4376 2028 4419 tre:

2141 4371 2292 4441 τρία.
2325 4371 2388 4422 Εἰ
2433 4367 2490 4421 δὲ
2531 4367 2610 4437 μὴ
2666 4367 2796 4436 τρία
2829 4365 3100 4436 πρόσωπα
3135 4361 3227 4436 ἦν,
3257 4365 3376 4430 πῶς
3399 4365 3466 4419 ἂν
3500 4364 3674 4434 Τριὰς
3702 4365 3731 4416 6

457 4473 728 4526 personae,
765 4472 874 4525 quo
917 4456 1132 4509 tandem
1197 4455 1358 4510 modo
1401 4455 1546 4510 Deus
1575 4455 1817 4511 Trinitas
1839 4457 2028 4526 praedii

2151 4462 2283 4524 Θεὸς
2307 4460 2644 4530 ἐκηρύττετο
2669 4475 2684 4524 ;
2727 4459 2885 4512 Ἐπεὶ
2920 4458 3015 4511 καὶ
3044 4458 3188 4510 κατὰ
3228 4461 3296 4510 τὰ
3327 4457 3465 4511 ἄλλα
3488 4457 3733 4526 ὀνόματα

458 4549 724 4602 caretur?
766 4546 902 4601 Nam
935 4557 989 4601 et
1013 4547 1320 4602 secundum
1367 4548 1474 4601 alia
1509 4549 1751 4611 nomina,
1782 4565 2028 4618 qtuecun-

2155 4554 2256 4606 ὅσα
2286 4551 2425 4605 εἰσὶν
2453 4549 2834 4618 ἀπολελυμένα
2861 4548 2938 4618 μὴ
2960 4547 3154 4618 ἔχοντα
3187 4547 3372 4617 σχέσιν
3393 4547 3528 4616 πρὸς
3545 4545 3733 4617 ἕτερα,

459 4656 564 4710 que
601 4650 730 4694 sunt
753 4640 1028 4702 absoluta,
1067 4654 1169 4694 nec
1206 4640 1464 4694 habentia
1519 4642 1882 4708 relationem,
1925 4643 2028 4710 qui-

2155 4642 2224 4696 δι’
2255 4636 2332 4696 ὦν
2379 4640 2407 4693 6
2455 4639 2587 4702 Θεὸς
2636 4639 2968 4709 ὀνομάζεται
3019 4638 3052 4708 ἢ
3102 4637 3288 4707 σοφὸς,
3338 4637 3370 4708 ἢ
3425 4638 3651 4706 ἀγαθὸς,
3700 4637 3735 4706 ῆ

462 4733 566 4788 bus
626 4733 772 4788 Deus
831 4745 926 4788 aut
979 4733 1222 4802 sapiens,
1269 4743 1366 4788 aut
1415 4735 1614 4799 bonus,
1664 4745 1759 4790 aut
1790 4736 2028 4789 condito:

2153 4730 2512 4802 δημιουργὸς,
2553 4731 2616 4782 ού
2667 4729 3012 4799 διακρίνεται
3069 4727 3198 4782 καθ’
3233 4727 3426 4781 ἑαυτὸν
3473 4729 3615 4782 κατὰ
3668 4727 3737 4781 τὰ

560 4910 647 4980 7|)
673 4909 824 4966 Orat.
853 4909 945 4975 55,
993 4910 1042 4976 Ι,
1075 4910 1140 4964 de
1171 4907 1334 4964 Filio.

561 4979 734 5049 72)“0
766 4980 866 5032 καὶ
898 4981 1327 5048 περιχώρησιν.
1360 4979 1548 5035 Utitur
1570 4997 1630 5035 ea
1647 4998 1778 5038 voce
1795 4982 2046 5039 Damasc.

468 5053 510 5109 Ι.
551 5068 588 5113 1,
616 5067 668 5113 c,
703 5050 792 5112 19,
827 5051 921 5104 ubi
948 5054 1012 5103 de
1039 5050 1241 5103 divinis
1269 5051 1542 5117 personis,
1605 5051 1922 5105 ἀδιάστατοι
1955 5053 2051 5105 καὶ

467 5121 848 5190 ὰνεκφοιτητοι
894 5119 1160 5190 ἀλλήλων,
1189 5119 1523 5190 -ᾲσύγχυτον
1555 5119 1780 5189 ἔχουσαι
1836 5121 1935 5190 τὴν
1991 5124 2049 5174 ἐν

469 5192 726 5260 ἀλλήλοις
752 5187 1149 5260 περιχώρησιν.
1189 5187 1255 5260 Ut
1295 5187 1543 5244 videatur
1587 5187 1693 5245 illa
1739 5206 1841 5245 vox
1892 5187 2051 5245 adiu-

473 5259 658 5327 veuta,
694 5262 758 5331 ad
798 5262 1148 5331 superiorum
1202 5259 1309 5312 vim
1371 5261 1725 5328 reddendam,
1783 5277 2050 5331 persona-

479 5348 708 5400 rumque
730 5327 1139 5402 distinctionem
1170 5344 1234 5382 ex
1263 5327 2049 5402 processionibussigniﬁcan-

2159 4910 2250 4965 Sic
2307 4913 2489 4980 itaque
2518 4911 2718 4966 divinae
2747 4921 2999 4980 personae
3051 4909 3430 4978 procedentes,
3496 4907 3739 4980 hincque

2159 4978 2566 5049 oppositiouem
2619 4983 2688 5035 ad
2721 4978 2948 5050 aliquid.
3025 4989 3188 5048 atque
3211 4995 3273 5032 ea
3331 4979 3738 5034 distinctionem

2157 5051 2446 5116 habentes,
2477 5051 2544 5103 ad
2575 5049 2839 5105 unitatem
2891 5051 3047 5116 quasi
3091 5051 3342 5111 redeunt,
3399 5064 3494 5103 seu
3557 5049 3742 5118 potius

2159 5121 2250 5174 illa
2275 5136 2552 5190 nunquam
2585 5123 2873 5181 excedunt,
2894 5119 3035 5172 ὥστε
3063 5120 3303 5189 ἔχεσθαι,
3358 5122 3451 5171 καὶ
3484 5120 3544 5190 ού
3582 5134 3747 5171 συνα-

2159 5188 2462 5256 λοίφεσθαιο
2489 5208 2611 5259 qua:
2641 5193 2802 5246 verba
2866 5188 3118 5260 perinde
3156 5199 3442 5244 mutuatus
3487 5188 3740 5244 Damasc.

2159 5278 2224 5314 ex
2250 5261 2413 5332 (ξι-οε.
2445 5264 2538 5330 qui
2578 5271 2632 5332 et
2669 5259 2953 5332 ριόὶιτιιτὸ
2988 5259 3133 5332 ὥστε
3167 5261 3411 5329 ἔχεσθαι,
3478 5260 3586 5314 illis
3623 5275 3746 5332 ver-

1124 5344 1139 5409 ι
1170 5344 1234 5409 ex
1263 5331 1710 5409 processionibus
1733 5328 2049 5409 sigitiiican-
2160 5332 2245 5386 bis
2277 5328 2490 5409 Domini
2519 5350 2532 5386 :
2559 5328 2762 5409 Ego'in
2781 5333 2942 5409 Patre
2967 5328 3288 5409 et_Pater_'in
3309 5347 3388 5383 me
3414 5339 3530 5393 est;
3571 5338 3644 5409 ut_
3669 5328 3744 5382 sit

472 5405 598 5483 dam
624 5399 758 5456 ﬁcum
792 5414 1008 5454 summa
1044 5399 1254 5483 unitate
1287 5399 1338 5450 in
1368 5401 1633 5482 essentia,
1693 5399 1966 5483 quanalio:
1997 5403 2051 5456 in
2164 5403 2320 5472 quasi
2362 5399 2722 5483 aliamaliam
2755 5404 2954 5482 habere
2993 5404 3153 5470 eique
3198 5401 3401 5464 inesse,
3436 5416 3501 5452 ac
3561 5399 3744 5452 cuba:-

476 5474 598 5551 al_i._s
621 5488 717 5542 per
751 5485 1024 5551 summam
1073 5470 1758 5551 identitatem“(assistant.
1797 5470 1933 5551 Bud.
1998 5488 2053 5551 p_.
2169 5470 2315 5551 rere,
2344 5475 2464 5551 sine
2485 5473 2666 5542 aliqua
2693 5470 3102 5536 commistione,
3125 5486 3249 5551 qua
3269 5472 3412 5524 velut
3443 5470 3494 5551 in
3523 5471 3742 5548 tertium

475 5539 696 5605 450,13
736 5557 854 5622 ipso
885 5539 1050 5622 Qreg.
1084 5541 1139 5592 in
1190 5540 1359 5622 patris
1413 5539 2058 5622 Epitaplthponitz‘ﬁb
2168 5539 2704 5622 aliquod_transea_t,
2750 5553 2804 5597 et
2865 5557 2903 5622 a‘
2941 5557 3042 5622 sua
3097 5539 3312 5595 excidat
3369 5539 3739 5622 perfectione:

481 5583 830 5691 περιχωρεῖν,
850 5583 1074 5691 circuitu
1112 5583 1519 5691 red'ii'e,.exqtie
1546 5583 1868 5666 Pitusattf‘iu
1907 5583 2024 5667 i’lzo

2169 5583 2289 5682 (ιιιῶ
2341 5615 2553 5668 videtur
2610 5583 2704 5667 illa,
2749 5613 3048 5691 συναλοιφή
3117 5627 3182 5665 ac
3239 5583 3401 5680 quasi"
3453 5610 3743 5677 conﬂatum

482 5679 866 5754 (ιεὶδίιίιιι-ιιωιι
898 5681 1096 5754 cedere,
1152 5679 1439 5754 ᾷειξιιιιὶι-ρξ
1471 5682 1658 5737 Dillius
1706 5681 1902 5754 reddit,
1954 5684 2056 5735 int-
2172 5679 2324 5738 lauto
2358 5699 2584 5754 lil‘Ol'SllS
2607 5683 2864 5752 mysterio
2897 5679 3223 5752 repugnans.

483 5763 656 5805 meant
679 5767 695 5813 ,'
721 5751 894 5806 Faber
911 5752 1130 5818 ludius,
1160 5750 1402 5806 habentes
1426 5753 1638 5806 invicem
1667 5753 2053 5806 circuitionem.
