4074 6412
423 345 531 417 519
564 357 568 360 ’

1689 336 2086 408 MANUEUS
2125 340 2432 410 τηεσε

3593 342 3700 412 5‘20

420 462 830 536 comprobatur.
864 459 1069 532 Sicque
1114 463 1249 517 adeo
1288 461 1429 517 Deus
1477 470 1586 517 tres
1618 477 1866 533 personat
1917 471 2003 517 est

2124 468 2504 536 ἰιπιγορεύουσι.
2532 463 2652 517 Τῶν
2670 461 2780 536 γὰρ
2801 461 3120 535 μαρτυριῶν
3138 464 3171 532 ἡ
3191 460 3406 514 Παλαιὰ
3423 461 3512 514 καὶ
3527 463 3561 531 ἡ
3584 464 3659 516 Νέ
3673 482 3698 516 ι

422 573 642 627 unaque
671 558 912 611 essentia
951 571 1015 610 ac
1051 569 1157 610 una
1200 571 1309 616 res.
1341 566 1398 609 ut
1425 557 1584 625 plane
1613 557 1811 611 divinae
1847 557 1996 610 Scri-

2104 560 2198 614 καὶ
2223 561 2282 613 αι
2315 557 2420 610 τῶν
2463 559 2638 624 ἀγίων
2667 561 2748 622 εἰς
2775 559 2946 621 αὐτὴν
2972 556 3263 622 ἐξηγήσεις
3288 553 3675 626 πεπλήρωνται

425 661 616 722 ptume,
643 665 711 705 se
739 664 878 719 quas
912 649 1090 704 sancti
1119 650 1496 718 expositiones
1524 650 1808 715 adhibent,
1858 650 2036 719 palam
2075 654 2376 708 declarant.
2409 651 2708 720 Utriusque
2735 652 2879 706 enim
2905 647 3241 706 Testamenti
3293 649 3526 719 paginae,
3576 662 3704 702 sane

423 756 746 811 murumque
773 742 826 796 in
859 741 975 810 ipsa
1008 743 1530 806 commentationes,
1556 757 1677 797 eam
1712 744 1764 797 in
1797 758 1909 799 rem
1936 746 2270 804 testimoniis
2311 747 2470 816 longe
2495 745 2824 801 exitberant.

497 835 573 889 Ex
628 838 712 892 his
737 852 869 890 vero
921 836 1066 894 aliud
1126 837 1286 906 plane
1329 835 1468 890 nihil
1497 836 1787 901 discimus,
1849 847 2020 907 quam

425 945 547 997 qua:
577 927 779 995 saepius
805 927 950 980 dicta
997 937 1126 980 sunt
1172 941 1187 980 :
1226 941 1440 994 nempe,
1473 941 1642 979 unum
1684 926 1854 980 Deum
1901 941 2024 981 esse

430 1023 640 1073 l'atrein
679 1031 733 1070 et
773 1016 966 1070 Filium
1023 1027 1078 1071 et
1132 1017 1398 1086 Spiritum
1459 1029 1752 1084 sanctum;
1809 1034 1911 1074 nec
1967 1020 2023 1073 in

430 1109 679 1164 ullo‘alio
711 1109 996 1179 distingui,
1019 1125 1187 1178 quam
1211 1113 1354 1178 quod
1387 1109 1535 1164 aliud
1559 1121 1641 1165 est
1665 1111 1846 1174 Pater,
1873 1113 2024 1166 aliud

429 1202 624 1266 Filius,
655 1201 804 1255 aliud
838 1201 1099 1271 Spiritus.
1133 1201 1259 1257 llaec
1311 1204 1456 1256 enim
1493 1205 1666 1258 sancti
1707 1197 2020 1258 divinarum

429 1309 800 1364 personarum
872 1295 1235 1364 proprietates
1298 1297 1668 1366 hyposutticas
1727 1304 2017 1350 vocarunt.

429 1386 541 1440 Nec
568 1387 682 1441 sola
719 1387 928 1441 ratione
967 1387 1408 1456 distinguuntttr.
1447 1386 1580 1442 Nam
1614 1404 1803 1442 eorum
1843 1389 2018 1457 quod—

430 1478 563 1530 libet
595 1493 719 1532 vere
751 1488 833 1532 est
861 1494 924 1531 ac
955 1479 1246 1544 subsistit;
1286 1496 1391 1535 non
1425 1489 1605 1536 tamen
1650 1497 1707 1534 re
1728 1521 1743 1544 ,
1793 1496 1916 1550 qua:
1952 1480 2026 1534 sit

434 1569 540 1621 alia
591 1578 787 1634 przrter
836 1570 1152 1623 essentiam.
1210 1569 1329 1625 Una
1375 1573 1523 1626 enim
1578 1571 1739 1626 trium
1780 1573 2024 1626 essentia

433 1671 537 1725 est,
587 1660 842 1730 dictaque
888 1673 966 1716 ρει
1015 1678 1246 1732 persona
1276 1705 1288 1726 ,
1317 1679 1588 1718 commune
1622 1681 1740 1716 cum
1779 1680 1839 1718 eo
1887 1663 2026 1732 quod

436 1753 708 1820 proprium
758 1763 856 1806 eu.
904 1754 1249 1823 Quapropter
1285 1757 1529 1810 relativis
1577 1757 1660 1827 (ut
1702 1757 1783 1811 sic
1822 1756 2023 1825 dicam)

2192 833 2316 908 “Atp‘
2345 835 2423 894 ὧν
2450 840 2606 894 οὐδὲν
2671 839 2892 901 πάντως
2939 837 3072 891 ἄλλο
3122 835 3416 905 μανθάνειν
3471 835 3620 888 ἐστιν
3666 828 3698 898 ἢ

2119 934 2189 988 τὰ
2219 933 2484 996 πολλάκις
2503 930 2782 1002 ρηθένταυ
2819 929 2995 986 ταῦτα
3045 929 3103 982 δὲ
3149 926 3240 998 ἦν,
3285 928 3369 981 ὅτι
3427 922 3509 992 εἷς
3561 927 3704 990 Θεὸς

2120 1023 2314 1092 Πατήρ
2349 1024 2470 1076 ἐστι
2496 1023 2591 1076 καὶ
2627 1019 2756 1084 Tib;
2790 1021 2888 1073 καὶ
2936 1019 3095 1088 ἅγιον
3125 1018 3352 1088 Πνεῦμα
3373 1033 3387 1049 ο
3420 1019 3516 1071 καὶ
3542 1017 3702 1071 ὃτιὲν

2118 1117 2296 1170 οὐδενὶ
2315 1117 2692 1186 διαφέρουσιν,
2724 1116 2772 1168 εί
2798 1115 2874 1184 μὴ
2918 1112 3107 1168 καθότι
3140 1112 3201 1164 τὸ
3235 1111 3336 1178 μὶν
3355 1109 3696 1179 εστιΠατὴρ,
3772 1101 3785 1116 ’

2123 1207 2186 1260 τὸ
2214 1207 2268 1260 δὲ
2297 1207 2449 1272 Υἱὸς,
2486 1207 2548 1260 τὸ
2580 1206 2638 1258 δὲ
2666 1204 2913 1273 Πνεῦμα.
2944 1201 3128 1254 Ταῦτα
3153 1202 3261 1271 γὰρ
3301 1201 3351 1251 οἱ
3398 1201 3546 1266 ἆγιοι
3581 1198 3701 1250 ἐλε-

2120 1317 2219 1370 γον
2255 1298 2601 1353 ὑποστατικά
2632 1299 2900 1366 ἰδιώματα
2926 1295 3036 1348 τῶν
3053 1295 3216 1347 θείων
3244 1285 3574 1364 προσώπων.
3595 1292 3705 1344 Καὶ

2117 1390 2244 1448 οὔτε
2274 1391 2421 1460 λόγῳ
2457 1391 2606 1460 μόνῳ
2660 1388 3054 1459 διαφέρουσιν·
3111 1387 3360 1453 ὑφεστὼς
3413 1385 3523 1453 γάρ
3583 1386 3702 1436 ἐστι

2117 1483 2354 1536 ικαστον
2379 1480 2582 1535 αὺτῶν⁶
2615 1478 2739 1534 οὔτε
2777 1481 3067 1551 πράγματι
3119 1477 3263 1548 ἄλλῳ
3298 1476 3452 1544 παρὰ
3487 1475 3585 1545 τὴν
3609 1476 3702 1528 οὗ·

2123 1577 2248 1630 σίαν
2274 1592 2288 1607 ο
2333 1577 2434 1644 μία
2465 1575 2572 1645 γὰρ
2594 1574 2753 1628 οὐσία
2782 1573 2894 1626 τῶν
2929 1571 3098 1642 τριῶν
3123 1587 3136 1600 ·
3174 1571 3270 1623 καὶ
3295 1570 3591 1640 πρόσωπον
3619 1568 3702 1619 εἵ-

2124 1683 2288 1737 ρηται
2328 1685 2343 1716 ι
2377 1665 2438 1718 τὸ
2483 1667 2660 1718 κοινὸν
2692 1664 2832 1736 μετά
2872 1663 2965 1717 τοῦ
3015 1661 3327 1726 ίδιάζοντος.
3359 1679 3377 1711 ι
3405 1657 3568 1714 Ὥστε
3593 1660 3706 1720 τοῖς

2130 1757 2488 1826 ἀναφορικοτς
2553 1758 2785 1826 ὀνόμασι
2847 1755 3252 1827 πραγματικῶς
3312 1753 3704 1823 διακρίνονται,

441 1842 758 1895 nominibus
795 1845 1012 1898 realiter
1044 1846 1476 1914 distinguuntur,
1505 1864 1676 1918 penes
1721 1849 2019 1902 relationes

2131 1816 2383 1922 δηλονδτι
2443 1816 2590 1904 θιατά
2645 1816 2744 1915 τὰς
2789 1816 3273 1920 ὲπιὸεωρουμένας
3330 1816 3544 1918 σχέσεις
3591 1851 3704 1908 τοῖς

435 1948 558 2001 qua:
594 1935 645 1987 in
686 1941 935 2004 personis
988 1954 1113 1992 vere
1157 1939 1551 1995 exsistentihus
1599 1941 2016 2010 intelliguntur;

432 2023 499 2078 iis
520 2026 727 2080 scilicet
759 2045 882 2096 qua:
909 2039 1038 2084 sunt
1067 2047 1131 2084 ex
1161 2042 1408 2095 auctore,
1443 2042 1498 2086 et
1527 2049 1649 2102 qua:
1680 2035 1795 2102 ipsa
1825 2042 2021 2086 auctor

415 2118 663 2172 exsistit.
691 2118 1016 2190 Quanquam
1049 2123 1100 2176 iu
1137 2124 1297 2178 nobis
1325 2125 1516 2188 etiam,
1551 2126 1789 2194 exempli
1817 2140 1981 2180 causa
2003 2162 2018 2189 ,

431 2226 556 2263 eum
597 2212 722 2279 quis
757 2210 980 2267 Petrum
1026 2224 1080 2268 et
1121 2213 1315 2268 Jonam
1365 2216 1585 2282 dixerit,
1636 2230 1870 2287 utroque
1915 2217 2022 2273 hoc

433 2305 653 2358 nomine
683 2305 958 2362 hominem
989 2308 1335 2373 signiﬁcavit.
1369 2309 1582 2378 Quique
1617 2311 1757 2366 adeo
1790 2311 2016 2367 Petrum

431 2407 497 2446 ex
529 2391 667 2447 Jona
698 2395 857 2462 dixit,
888 2397 1142 2452 eumdem
1179 2411 1371 2453 rursus
1401 2399 1684 2455 hominem
1735 2404 1902 2457 etiam
1957 2401 2023 2455 ll-

431 2483 590 2551 lium,
619 2486 758 2542 Iona
793 2497 950 2558 patre
987 2500 1178 2544 natum
1212 2491 1558 2563 designavit;
1597 2509 1696 2549 nec
1720 2511 1870 2560 vero,
1893 2512 2020 2551 cum

434 2579 628 2630 horum
684 2587 976 2648 utrumque
1027 2581 1300 2635 hominem
1335 2583 1586 2638 absolute
1633 2584 1792 2650 dixit,
1846 2587 2014 2641 alium

432 2668 758 2732 nominavit,
791 2677 956 2738 atque
990 2670 1155 2724 alium
1184 2687 1306 2725 cum
1335 2673 1655 2728 relationem
1689 2675 2020 2732 habentibus

351 2747 374 2766 ⁸
432 2757 751 2811 nominibus
801 2760 1150 2830 signiﬁcavit.
1209 2760 1335 2817 llaae
1380 2765 1526 2817 enim
1578 2781 1683 2820 una
1732 2770 2016 2824 nominum

433 2847 732 2902 diversitas
775 2861 857 2905 est
885 2891 900 2916 ,
951 2853 1096 2920 quod
1141 2854 1408 2909 ahsolutis
1439 2855 1695 2924 quidem,
1736 2859 2018 2917 hominum

434 2940 730 2993 essentiam
765 2941 908 2994 velut
958 2957 1052 3010 per
1083 2958 1142 2997 se
1193 2959 1256 2998 ac
1297 2945 1606 3000 absolutam
1655 2949 2017 3017 signiﬁcavit;

436 3031 752 3083 relationem
788 3047 914 3084 vero
950 3034 1302 3098 habentibus,
1335 3037 1584 3092 eamdem
1622 3055 1814 3096 rursus
1841 3041 1924 3094 sic
1957 3057 2019 3098 se

437 3124 773 3189 habentem;
824 3128 894 3178 ita
935 3127 1192 3180 nimirum
1238 3138 1294 3182 ut
1340 3130 1444 3184 hoc
1477 3142 1626 3199 pater
1657 3132 1749 3195 sit,
1785 3133 1921 3188 illud
1958 3137 2017 3188 ti-

436 3215 563 3275 lius,
597 3216 672 3268 uti
711 3215 874 3270 etiam
908 3218 960 3272 in
1003 3219 1378 3287 superioribus
1405 3221 1610 3275 dictum
1658 3234 1764 3286 est,
1799 3239 1924 3279 cum
1953 3224 2020 3280 de

439 3306 507 3358 iis
549 3307 936 3374 loqueremur;
969 3310 1050 3362 sin
1083 3320 1262 3364 autem
1296 3312 1349 3365 in
1394 3312 1596 3381 quibus
1623 3314 1841 3368 dividua
1892 3331 2023 3368 uta-

435 3398 576 3452 teria
612 3411 690 3453 est
731 3416 798 3454 ac
824 3416 946 3456 esse
979 3403 1031 3456 in
1078 3414 1200 3458 actu
1228 3404 1568 3468 distinctum,
1599 3417 1714 3460 tum
1749 3409 2022 3466 absolutis

438 3489 756 3544 nominibus
802 3506 990 3544 eorum
1047 3494 1366 3560 essentiam,
1427 3506 1536 3548 tum
1570 3497 1889 3550 relationem
1923 3499 2020 3551 Ita-

440 3583 696 3635 benttbus
727 3583 976 3636 calndetn
1010 3584 1181 3653 ipsum
1239 3586 1321 3640 sic
1363 3601 1421 3641 se
1470 3587 1760 3644 habentem
1811 3605 1878 3643 ac.
1929 3592 2022 3650 tali

439 3676 623 3736 modo,
672 3677 1079 3746 signiﬁcamus;
1141 3696 1244 3734 nec
1297 3690 1586 3750 propterea
1639 3683 1868 3750 Petrus,
1915 3701 2020 3756 qua

440 3769 604 3822 homo
637 3779 739 3830 est,
776 3770 1028 3824 diversus
1062 3788 1090 3825 a
1125 3771 1270 3836 .loxa,
1293 3782 1396 3838 est,
1423 3785 1516 3828 aut
1547 3776 1661 3830 sola
1707 3779 1919 3833 ratione
1953 3780 2022 3834 ab

435 3876 503 3914 eo
533 3860 893 3930 distinguitur
919 3864 1116 3932 (liquet
1156 3865 1300 3917 enim
1329 3867 1774 3934 praprietatibus,
1800 3868 2020 3925 Petrum

437 3955 608 4007 alium
645 3970 789 4016 esse,
829 3966 993 4022 atque
1023 3955 1190 4008 alium
1225 3954 1467 4025 Jonam),
1501 3960 1780 4028 quomodo
1825 3962 1878 4015 in
1909 3963 2024 4016 dei-

437 4056 571 4108 tate,
613 4047 667 4097 in
699 4061 804 4113 qua
838 4061 1006 4097 unum
1061 4049 1113 4099 itt
1143 4057 1266 4102 actu
1317 4059 1422 4111 est,
1475 4066 1690 4120 unaque
1735 4062 1790 4107 et
1834 4056 2021 4108 eadem

441 4139 604 4190 trium
639 4151 996 4205 personarum
1030 4139 1269 4193 essentia
1298 4181 1313 4206 ,
1350 4151 1443 4196 aut
1499 4142 1615 4196 sola
1663 4145 1875 4199 ratione
1917 4145 2025 4200 erit

440 4229 744 4292 distinctio,
777 4238 871 4280 aut
919 4245 1084 4297 penes
1117 4230 1262 4284 aliud
1293 4232 1424 4299 quid
1461 4243 1655 4302 praeter
1687 4235 2026 4290 essentiam?

516 4319 588 4371 De
623 4320 709 4372 his
740 4320 920 4387 itaque
955 4331 1069 4373 tum
1100 4322 1285 4386 modo,
1327 4332 1440 4376 tum
1475 4333 1525 4376 et
1560 4327 1610 4378 in
1648 4327 2024 4394 superioribus

441 4409 647 4463 dictum
706 4421 810 4465 est.
846 4412 1018 4467 Porro
1065 4415 1219 4467 hisce
1287 4416 1601 4471 nominibus
1647 4419 2026 4486 signiﬁcantur

2129 1942 2402 2011 ὑφεστῶσι
2438 1943 2772 2014 προσώποις,
2806 1944 2918 2007 τοῖς
2975 1945 3243 2004 αἱτιατοῒς
3279 1941 3374 1992 καὶ
3405 1940 3482 2010 τῷ
3521 1940 3704 2009 αίτίῳι

2129 2037 2323 2089 Καίτοι
2353 2036 2447 2090 καὶ
2472 2035 2558 2104 ἐφ’
2586 2037 2746 2106 ἡμῶν
2778 2035 3304 2105 παραδειγματικῶς
3341 2036 3544 2097 είπεῖν,
3576 2035 3706 2087 ὅταν

2128 2148 2209 2194 τις
2245 2129 2448 2199 Πέτρον
2475 2131 2568 2183 καὶ
2601 2131 2789 2183 Ἰωνᾶν
2826 2128 3250 2198 ἀπολελυμένους
3291 2129 3442 2199 εἴπῃ,
3484 2127 3550 2180 δι’
3575 2127 3708 2179 ἐδιαά

2127 2222 2290 2290 τέρου
2321 2222 2527 2275 τούτων
2555 2221 2844 2292 ἄνθρωπον
2877 2221 3136 2292 ὲδήλωσεο
3171 2223 3260 2272 καὶ
3305 2221 3332 2272 ὁ
3361 2223 3453 2272 τὸν
3501 2219 3708 2288 Πέτρον

2129 2317 2194 2367 ὲκ
2223 2313 2318 2367 τοῦ
2347 2316 2506 2367 Ἰωνᾶ
2538 2314 2732 2377 εἰπὼν,
2762 2312 2922 2366 πάλιν
2969 2313 3060 2366 τὸν
3093 2312 3254 2366 αὑτὸν
3291 2312 3580 2384 ἄνθρωπον
3611 2311 3707 2364 καὶ

2129 2408 2246 2460 υἱὸν
2280 2403 2421 2461 εἶναι
2445 2407 2505 2470 ἐξ
2531 2405 2825 2477 ἀνθρώπου
2861 2407 3041 2472 Ἰωνᾶ,
3080 2407 3290 2476 πατρὸς
3341 2406 3494 2470 ὄντος
3527 2405 3701 2474 αὐτῷ,

2128 2498 2223 2550 καὶ
2258 2499 2356 2565 οὐχ
2384 2497 2573 2562 ἓτερον
2615 2497 2714 2566 μὲν
2747 2496 2994 2567 εἴρηκεν,
3045 2496 3488 2567 ἀπολελυμένως,
3513 2494 3708 2548 ἑκάτερ-

2131 2607 2225 2659 ρον
2271 2590 2478 2643 τούτων
2535 2589 2824 2660 ἄνθρωπον
2865 2590 3062 2657 λέγων,
3113 2590 3298 2660 ἕτερον
3347 2589 3428 2651 δὲ,
3461 2590 3552 2644 ὅτε
3593 2589 3708 2649 τοῖς

2129 2683 2491 2752 ἀναφορικοῐς
2526 2682 2691 2734 αὐτὸν
2719 2683 2987 2752 ἐσήμηνε.
3047 2680 3218 2734 Τοῦτο
3265 2681 3322 2734 δὲ
3372 2682 3534 2751 μόνον
3585 2684 3706 2743 ταῐς

2129 2773 2361 2843 κλήσεσι
2395 2773 2762 2844 παρήλλαξεν,
2803 2775 2886 2827 ὅτι
2945 2777 3061 2837 τοῖς
3128 2773 3229 2843 μὲν
3279 2772 3704 2842 ἀπολελυμένοις

2130 2867 2436 2936 ἀνθρώπων
2467 2868 2656 2920 οὐσίαν
2693 2867 2924 2936 ἄσχετον
2951 2867 3160 2936 ἐδήλου,
3192 2869 3304 2930 τοῖς
3331 2866 3387 2918 δὲ
3443 2867 3705 2935 ἀναφοριο

2129 2962 2248 3023 κοῖς
2294 2959 2392 3030 τὴν
2425 2960 2608 3013 αὐτῶν
2631 2961 2797 3012 πάλιν
2821 2960 3015 3012 οὐσίαν
3046 2959 3166 3023 πῶς
3220 2959 3472 3030 ἔχουσαν·
3523 2961 3607 3012 ὅτι
3641 2960 3704 3011 τὸ

2131 3052 2231 3122 μὲν
2265 3052 2470 3119 πατὴρ,
2497 3051 2557 3102 τὸ
2585 3049 2642 3103 δὲ
2679 3049 2825 3112 υἱόςο
2873 3049 3064 3122 ὥσπερ
3097 3051 3192 3104 καὶ
3247 3052 3517 3120 πρότερον
3572 3055 3703 3122 περὶ

2047 3179 2092 3238 C
2125 3146 2313 3198 τούτου
2345 3144 2624 3213 ἐλέγομεν.
2668 3143 2731 3195 Εἰ
2774 3141 2821 3194 δ’
2858 3130 2942 3211 ὲφ’
2973 3139 3048 3196 ὧν
3096 3145 3212 3197 ίπι
3272 3146 3543 3215 μερισμὸς
3601 3144 3702 3212 τῆς

2126 3235 2282 3305 ὕλης,
2308 3238 2400 3288 καὶ
2431 3235 2691 3306 διάφορον
2747 3234 2809 3290 τὸ
2863 3234 3006 3290 εἶναι
3065 3236 3190 3289 κατ’
3243 3237 3553 3307 ἐνέργειαν,
3608 3243 3703 3290 καὶ

2121 3331 2236 3391 τοῖς
2295 3328 2721 3395 ἀπολελυμένοις
2783 3328 2884 3399 τὴν
2948 3329 3130 3382 αὐτῶν
3175 3331 3366 3387 οὐσίαν
3406 3329 3699 3400 δηλοίμεν,

2124 3421 2358 3484 καὶτοῖς
2389 3421 2743 3489 ἀναφορικοὶς
2781 3422 2954 3491 αὐτὴν
3009 3423 3213 3492 ταύτην
3265 3423 3380 3484 πῶς
3425 3423 3655 3493 ἔχουσαν
3681 3439 3695 3455 ο

2123 3515 2219 3567 καὶ
2249 3513 2337 3566 διὰ
2387 3513 2560 3566 ταῦτα
2609 3512 2725 3566 οὔθ’
2760 3516 2786 3565 ὁ
2830 3517 3034 3589 Πέτρος
3089 3515 3185 3568 τοῦ
3239 3516 3400 3570 Ἰωνᾶ
3449 3519 3590 3570 κατὰ
3635 3521 3698 3569 τὸ

2123 3605 2415 3675 ἄνθρωπος
2443 3601 2590 3658 εἶναι
2618 3605 2982 3676 διακρίνεται,
3035 3605 3160 3659 οὔτε
3211 3607 3364 3678 μόνῳ
3407 3608 3484 3679 τῷ
3517 3610 3656 3680 λόγῳ
3681 3627 3695 3642 ο

2122 3697 2360 3766 φανερὸν
2385 3698 2492 3767 γὰρ
2528 3696 2605 3759 ὼς
2637 3697 2800 3760 ἄλλος
2844 3697 2993 3751 ἐστὶν
3024 3700 3051 3750 ὀ
3077 3699 3282 3769 Πέτρος
3309 3702 3418 3764 τοῖς
3445 3701 3696 3770 ἰδιώμασι

2123 3791 2218 3842 καὶ
2245 3788 2402 3852 ἄλλος
2437 3790 2464 3840 ὁ
2519 3789 2709 3852 Ἰωνᾶς
2736 3806 2751 3822 ο
2785 3789 2904 3851 πῶς
2930 3789 3022 3841 ἐπὶ
3047 3790 3145 3858 τῆς
3174 3790 3450 3859 θεότητος,
3485 3792 3620 3844 ὅπου
3637 3794 3694 3845 τὸ

2123 3879 2246 3932 κατ’
2283 3881 2569 3948 ἐνέργειαν
2615 3879 2674 3930 ἓν
2704 3880 2844 3942 ἐστι,
2892 3878 2986 3931 καὶ
3018 3881 3050 3948 ἠ
3078 3880 3217 3951 αὐτὴ
3256 3881 3350 3933 καὶ
3385 3883 3486 3951 μία
3539 3884 3696 3936 οὐσία
3753 3951 3767 3960 ο

2123 3970 2232 4022 τῶν
2291 3971 2464 4040 τριῶν
2531 3969 2861 4040 προσώπων,
2921 3969 3124 4039 ἧκατά
3179 3975 3271 4025 τὸν
3328 3973 3488 4041 λόγον
3537 3977 3699 4044 μόνον

2125 4062 2283 4116 ἔσται
2341 4062 2638 4133 διάκρισις,
2701 4063 2733 4131 ἢ
2787 4061 2909 4114 κατ’
2958 4063 3087 4117 ἄλλο
3139 4081 3191 4117 τι
3263 4067 3411 4136 παρά
3469 4067 3566 4139 τὴν
3610 4069 3700 4120 οὐ.

2129 4155 2251 4207 σίαν
2293 4155 2446 4226 (ll);

2201 4335 2338 4406 Περὶ
2363 4337 2461 4406 μὲν
2501 4333 2596 4391 οὖν
2625 4338 2833 4392 τούτων
2869 4343 2962 4395 καὶ
2997 4341 3093 4396 νῦν
3127 4344 3220 4395 καὶ
3257 4338 3522 4412 πρόῑερον
3543 4343 3702 4414 εἴρη-

2130 4446 2248 4486 ται,
2278 4431 2642 4500 Σημαίνονται
2665 4431 2722 4484 δὲ
2749 4435 2844 4486 καὶ
2860 4435 3070 4495 τούτοις
3099 4439 3206 4498 τοῖς
3239 4427 3466 4504 ὀνόμασι
3493 4437 3560 4488 τά
3582 4440 3700 4490 θεῖα

443 4504 645 4556 divina:
705 4518 972 4572 personae.
1031 4502 1194 4558 Pater
1257 4503 1526 4573 siquidem
1590 4521 1770 4562 causa:
1826 4523 2020 4576 expers

2131 4525 2402 4592 πρόσωπα
2463 4523 2597 4594 (12).
2645 4525 2703 4578 Ὀ
2750 4525 2859 4596 γὰρ
2924 4527 3111 4595 Πατὴρ
3169 4502 3386 4596 λέγεται
3436 4529 3698 4590 ἀναίτιος,

444 4595 668 4658 dicitur,
705 4596 1080 4664 principium,
1129 4611 1298 4656 causa
1349 4597 1469 4650 sive
1523 4608 1738 4661 auctor,
1789 4603 2024 4667 genitor,

2123 4613 2291 4682 ἀρχὴ,
2349 4613 2522 4678 αἰτία,
2555 4616 2862 4687 γεννήτωρ,
2891 4619 3220 4688 προϐολεὺς,
3269 4619 3472 4689 μεὶζων
3501 4635 3514 4647 °
3560 4620 3700 4688 ὅπερ

444 4687 761 4755 pruduetor,
806 4690 1015 4756 major:
1041 4689 1185 4757 quod
1212 4687 1581 4769 Damascenus
1613 4691 2022 4761 intelligendum

2124 4705 2153 4754 δ
2184 4705 2546 4772 Δαμασκηνὸς
2603 4709 2746 4760 κοιτά
2807 4709 2870 4761 τὸ
2917 4711 3093 4762 αίτιον
3132 4711 3419 4778 λαμϐάνει.
3468 4711 3701 4778 Λέγεται

443 4789 651 4841 censet,
683 4795 788 4848 qua
842 4780 1054 4833 ratione
1104 4795 1271 4834 causa
1314 4792 1400 4834 est
1449 4791 1503 4835 ct
1563 4795 1778 4838 auctor.
1821 4786 2022 4839 Dicitur

2124 4795 2206 4847 ὅτι
2240 4795 2353 4865 ἔχει
2389 4797 2634 4866 Πνεῦμα.
2669 4818 2686 4850 ι
2724 4801 2797 4855 To
2826 4821 2844 4852 ι
2877 4802 2988 4871 γὰρ
3019 4821 3038 4852 ι
3066 4803 3289 4872 Πνεῦμα
3314 4803 3694 4873 τοὺΠατρὸςρ

445 4871 644 4924 habere
674 4872 960 4940 Spiritum.
999 4870 1231 4939 Spiritu:
1257 4872 1400 4926 enim
1441 4875 1642 4938 Patris,
1675 4875 1851 4945 inquit
1883 4878 2032 4932 Scri-

448 4959 606 5031 ptnra
631 4965 695 5018 η.
734 4963 912 5031 Ipsum
968 4980 1186 5033 qttoque
1241 4966 1452 5019 mittere
1493 4969 1694 5020 dicitur
1730 4985 1743 5018 :
1777 4969 1917 5022 unde
1969 4981 2023 5024 et

443 5056 564 5123 ejus
617 5059 1071 5112 subtninistrator
1119 5067 1385 5123 vocatur;
1424 5059 1518 5112 sed
1567 5070 1619 5112 et
1651 5058 1844 5112 Filium
1881 5061 2018 5115 dici-

447 5162 570 5201 mus
601 5150 667 5200 ab
686 5144 752 5202 οἱ)
785 5162 908 5201 esse
927 5147 1169 5202 .tnissutn
1190 5163 1210 5202 ;
1256 5147 1370 5216 ipse
1419 5162 1547 5202 vero
1580 5163 1754 5215 neque
1805 5165 1834 5201 a
1866 5148 2022 5219 Filio,

521 5284 565 5314 ¹⁶
591 5283 783 5337 Matth.
812 5300 864 5350 x,
892 5282 982 5336 20.
1058 5281 1220 5337 Joan.
1248 5299 1357 5345 xiv,
1383 5283 1474 5336 26.

518 5424 631 5495 (ll)
677 5426 752 5478 Ἣ
783 5424 911 5478 κατ’
961 5425 1115 5477 ἄλλο
1160 5442 1214 5478 τι
1245 5428 1406 5494 παρὰ
1451 5427 1565 5493 τὴν·
1600 5427 1840 5480 οὐσίαν.
1869 5422 1923 5477 In
1954 5424 2037 5477 di—

448 5495 590 5549 vinis
627 5512 752 5548 vera
790 5505 844 5548 et
899 5497 1062 5549 realts
1105 5496 1392 5551 distinctio
1423 5510 1528 5562 est,
1578 5499 1631 5550 in
1673 5498 1880 5560 relatis,
1917 5512 2038 5564 quae

449 5581 576 5638 vere
609 5575 663 5617 et
710 5582 804 5633 per
853 5583 910 5618 se
943 5566 1214 5638 exsistunt
1252 5584 1315 5620 ac
1346 5581 1723 5638 opponuntur,
1780 5583 1878 5621 nec
1911 5581 2034 5634 pro«

449 5637 576 5688 inde
609 5640 776 5688 un‘unt
822 5645 904 5688 est
956 5635 1226 5702 alterum;
1277 5635 1399 5692 non—
1427 5635 1619 5693 tamen
1671 5639 1776 5691 alia
1829 5655 1916 5690 res
1950 5642 2035 5688 est

450 5714 647 5772 prmtcr
709 5705 1025 5767 t-ssetttiattt,
1069 5710 1120 5757 itt
1163 5725 1269 5776 qua
1323 5708 1542 5764 realiter
1592 5711 2031 5768 identiliCatttur;

451 5788 574 5826 nam
636 5783 761 5826 Sunt
806 5775 920 5843 ipsa
994 5775 1250 5847 essentia,
1307 5785 1535 5850 ejusque
1593 5786 1802 5834 ratione
1863 5793 2031 5829 unum

2129 4889 2295 4977 φησιν
2327 4889 2359 4956 ἠ
2389 4889 2604 4959 Γραφήο
2639 4895 2734 4943 καὶ
2767 4894 2850 4946 ὅτι
2893 4894 3218 4948 ἀποστέλλει
3278 4897 3439 4949 αὐτόι
3475 4897 3553 4949 διὸ
3605 4898 3704 4948 καὶ
3792 4941 3816 4952 ,

2129 4979 2362 5046 χορηγὸς
2394 4981 2559 5032 αὑτοῦ
2599 4983 2871 5036 καλεῖται.
2907 4987 3014 5037 Καὶ
3047 4987 3138 5037 τὸν
3174 4986 3297 5038 Υίὺν
3333 4987 3386 5038 δὲ
3411 4987 3503 5038 ὑπ’
3533 4986 3703 5038 αὑτοῦ

2131 5067 2471 5122 ἀπεστάλθαι
2507 5073 2712 5139 φαμέν.
2761 5074 2934 5135 Αὐτὸς
2985 5075 3041 5128 δὲ
3102 5075 3215 5128 οὗθ’
3249 5076 3356 5128 ὑπὸ
3401 5078 3494 5128 τοῦ
3550 5076 3705 5138 Υἱοῦ,

2131 5157 2246 5209 οὗθ’
2281 5160 2385 5212 ὑπὸ
2414 5161 2508 5213 τοῦ
2545 5163 2862 5231 υνεύματος
2900 5167 3313 5222 ἀποστέλλεται.
3344 5168 3406 5222 'll
3474 5169 3529 5222 δὲ
3571 5169 3709 5220 ἁπο-

2145 5423 2747 5501 realitersnmtnaqne
2781 5431 3010 5496 unitate,
3063 5451 3223 5492 secus
3279 5456 3343 5495 ac
3393 5458 3452 5496 se
3507 5459 3593 5498 res
3651 5447 3704 5498 iu

2143 5499 2346 5573 creatis
2387 5500 2580 5562 Italia-t;
2621 5497 2817 5554 'vi-rutn
2861 5519 2968 5555 non
3019 5512 3251 5562 essentia
3309 5497 3584 5573 absolute,
3613 5497 3706 5568 sed

2140 5568 2382 5646 essentia
2417 5584 2520 5646 sic,
2554 5586 2676 5636 quae
2715 5575 2780 5624 sit
2813 5583 3026 5634 auctor,
3064 5581 3141 5628 vel
3191 5584 3258 5632 ab
3297 5595 3541 5646 auctore,
3566 5568 3625 5637 ὀι
3653 5588 3706 5638 in

2144 5635 2246 5714 hoc
2281 5650 2404 5690 vere
2437 5635 2852 5714 distinguuntur
2897 5660 2961 5695 ac
3017 5649 3260 5714 realitt-r,
3302 5668 3426 5706 t'tllll
3490 5635 3704 5710 simul;

2143 5707 2230 5755 illa
2272 5715 2326 5775 et
2355 5721 2480 5760 vera
2512 5723 2575 5762 ac
2609 5707 2737 5764 reali
2776 5715 3023 5768 rsscmia:
3053 5707 3278 5775 unttate.

2212 5773 2322 5842 tl?)
2350 5775 2510 5847 Grca.
2555 5789 2694 5832 orat.
2738 5783 2825 5836 56.
