4074 6446
455 389 557 451 527

529 507 609 560 Ad
648 507 761 560 haec
782 504 982 561 dicitur
1003 503 1126 560 Filii
1160 505 1376 577 imago,
1405 513 1465 562 ut
1498 509 1574 562 ait
1599 505 1803 563 Paulus
1839 527 1853 562 :
1887 508 2030 574 Quos
2063 517 2106 572 Α

456 597 743 662 ρνιτεείυίι,
796 605 846 650 ct
895 598 1291 664 praedestinavit
1330 599 1622 667 conformes
1651 601 1768 667 ﬁeri
1811 601 2035 669 imagini

460 687 596 743 Filii
620 691 705 744 sui
726 690 792 743 ”.
847 686 1117 743 Praeterea
1162 688 1362 743 dicitur
1397 691 1569 760 ῥῆμα,
1613 691 1851 747 Verbum
1886 691 2032 756 Filii,

455 791 515 834 ιιι
553 781 693 835 idem
739 795 929 834 rursus
952 780 1067 833 ait:
1111 778 1347 835 Portans
1389 783 1565 835 omnia
1610 780 1778 836 Verbo
1822 785 2034 837 virtutis

453 889 565 928 sua:
595 889 613 926 .'
641 887 732 940 per
759 873 931 940 ipsum
973 873 1343 942 purgationem
1365 875 1563 944 faciens
1597 885 1897 928 nostrorum
1921 892 2034 944 pec-

452 963 782 1018 catorum".
814 961 1043 1033 Magnus
1089 979 1311 1034 quoque
1363 964 1599 1020 Basilius
1638 967 1690 1020 in
1754 982 1820 1022 eo
1859 967 2036 1036 capite

451 1055 596 1119 quod
630 1063 967 1122 praenotatur
1005 1070 1017 1105 :
1063 1053 1260 1118 Quidni
1308 1055 1468 1108 etiam
1523 1055 1756 1125 Spiritus
1823 1057 2036 1110 dicatur

453 1145 585 1199 Filii
625 1145 797 1199 Filius
827 1186 841 1210 ,
875 1148 952 1200 ait
991 1147 1043 1198 in
1088 1146 1404 1200 hmreticum
1443 1159 1825 1216 argumentum
1861 1149 2030 1203 intor-

450 1253 667 1307 quens:
705 1235 827 1289 Non
861 1237 999 1307 quod
1048 1253 1151 1290 non
1182 1238 1250 1290 sit
1284 1252 1350 1289 ea:
1387 1237 1494 1291 Deo
1535 1255 1626 1307 per
1675 1238 1900 1303 Filium,
1939 1246 2031 1294 sed

451 1347 514 1383 ne
547 1329 784 1383 Trinitas
826 1331 1085 1383 immensa
1140 1330 1384 1398 quaedam
1439 1333 1614 1385 turba“
1645 1333 2030 1396 exsistimetur,

449 1439 567 1491 qua:
617 1422 756 1491 ﬁlios
805 1437 870 1474 ea:
922 1421 1071 1491 ﬁliis,
1125 1438 1214 1474 seu
1265 1430 1512 1490 nepotes,
1565 1433 1620 1476 ut
1662 1425 1923 1490 contingit
1979 1426 2032 1478 in

451 1511 774 1573 hominibus,
803 1511 994 1563 habere
1023 1509 1282 1564 videatur.
1325 1509 1426 1563 Sed
1459 1511 1598 1564 dices
1626 1527 1642 1564 :
1679 1510 1737 1564 Si
1769 1511 1867 1565 Dei
1909 1512 2034 1566 Ver-

453 1605 574 1657 bum
614 1603 831 1672 (Λόγος)
888 1601 1059 1656 Filius
1096 1612 1211 1666 est,
1269 1601 1504 1672 Spiritus
1565 1618 1686 1655 vero
1747 1604 1861 1671 ipse
1901 1602 2035 1656 Filii

460 1692 686 1747 Verbum
713 1692 974 1763 (Ῥῆμα),
1014 1694 1200 1763 quidni
1249 1693 1482 1763 Spiritus
1518 1691 1651 1747 Filii
1675 1693 1840 1747 Filius
1861 1696 2032 1748 dictus

453 1787 573 1838 est?
631 1784 895 1838 Praeterea
953 1783 1179 1854 Magnus
1254 1784 1590 1839 Athanasius
1653 1788 1706 1839 in
1761 1787 1898 1839 libro
1956 1787 2033 1839 Ad

455 1877 801 1942 Serapionem
874 1878 1033 1929 vitam
1102 1875 1338 1945 appellat
1426 1879 1894 1944 sanctiﬁcatricem
1972 1895 2034 1931 nc

452 1971 924 2034 illuminatricem;
996 1969 1233 2036 itemque
1301 1971 1416 2037 ejus
1495 1971 1848 2036 operationem
1935 1971 2034 2023 do-

452 2080 695 2134 numque.
752 2064 841 2114 Ait
885 2064 1080 2115 enim:
1137 2060 1284 2115 Sicut
1335 2061 1506 2115 Filius
1564 2063 1792 2130 unigena
1859 2061 2033 2132 proles

451 2165 549 2219 est,
575 2156 652 2208 sic
679 2163 724 2208 et
765 2151 1016 2222 Spiritus,
1049 2153 1138 2220 qui
1168 2169 1259 2222 per
1291 2151 1496 2206 Filium
1526 2153 1692 2207 datur
1715 2164 1870 2222 atque
1907 2155 2036 2207 mit-

453 2249 604 2310 titur,
639 2253 886 2307 unusest,
921 2260 1024 2296 non
1053 2243 1242 2307 multa,
1281 2260 1444 2310 neque
1475 2261 1636 2296 unum
1658 2261 1686 2298 e
1712 2246 1915 2308 multis,
1943 2247 2035 2300 sed

449 2341 558 2408 ipse
601 2337 857 2404 Spiritus.
924 2334 1056 2390 Cum
1117 2338 1256 2388 enim
1311 2352 1448 2388 unus
1510 2337 1580 2388 sit
1644 2333 1815 2389 Filius
1865 2337 2033 2417 virens

459 2433 705 2494 Verbum,
734 2445 897 2483 unam
924 2445 1131 2482 necesse
1148 2437 1224 2482 est
1261 2445 1372 2482 esse
1401 2431 1687 2498 perlectam
1720 2429 2032 2499 plenamque

451 2523 1011 2591 sanctiﬁcatricemac
1051 2521 1487 2574 illuminatricem
1521 2523 1715 2588 vitam,
1758 2538 1876 2596 qua:
1917 2523 2031 2591 ejus

448 2614 680 2684 operatio
710 2613 1006 2679 donumque
1073 2621 1174 2665 est.
1214 2611 1346 2676 Quae
1398 2613 1653 2666 nimirum
1711 2613 1916 2668 idcirco
1965 2629 2031 2668 ex

446 2706 608 2759 Patre
639 2705 840 2758 dicitur
899 2704 1212 2772 procedere,
1277 2704 1424 2773 quod
1459 2719 1522 2759 ex
1585 2703 1742 2768 Filio,
1775 2719 1934 2774 quem
1965 2718 2030 2758 ex

450 2797 609 2851 Patre
634 2797 872 2851 fatentur
904 2810 1120 2861 omnes,
1143 2797 1327 2851 elucet
1351 2835 1367 2863 ,
1397 2796 1740 2866 mittiturque
1763 2813 1829 2853 ac
1845 2797 2030 2850 datur.

452 2986 481 3027 ε
522 2978 667 3044 Quin
700 2978 804 3032 hoc
834 2992 1050 3048 quoque
1068 2980 1384 3035 necessario
1414 2979 1840 3046 observandum,
1881 2979 2028 3035 haud

449 3085 577 3125 raro
626 3083 748 3140 quae
795 3071 860 3123 de
893 3071 1142 3139 personis
1187 3071 1478 3139 dicuntur,
1518 3073 1760 3138 nomina,
1811 3073 1878 3127 de
1917 3073 2026 3128 Deo

447 3164 699 3219 absolute
738 3164 906 3218 sumi.
946 3161 1007 3217 V.
1053 3177 1134 3229 gr.
1169 3162 1312 3218 Deus
1346 3165 1461 3233 ipse
1504 3173 1652 3219 totus
1681 3175 1733 3218 et
1782 3164 2031 3219 absolute

450 3258 653 3311 dicitur
685 3255 954 3325 sapientia
980 3295 995 3321 ,
1024 3253 1184 3310 Pater
1207 3257 1416 3312 scilicet
1439 3264 1494 3310 et
1519 3255 1688 3311 Filius
1712 3268 1766 3309 et
1796 3256 2032 3325 Spiritus

450 3358 679 3404 sanctus
708 3365 722 3402 :
757 3351 853 3404 sed
880 3361 934 3404 et
966 3349 1138 3405 Filius
1171 3349 1435 3418 sapientia
1464 3348 1688 3402 dicitur.
1725 3348 1904 3400 Alium
1932 3348 2031 3417 igi-

449 3450 542 3495 tur
579 3451 902 3510 conceptum
933 3442 1220 3506 habemus,
1256 3457 1380 3496 cum
1437 3441 1504 3494 de
1537 3439 1672 3494 Filio
1700 3479 1716 3506 ,
1755 3440 2032 3509 aliumque

449 3549 574 3588 cum
608 3534 674 3588 de
717 3535 834 3604 ipso
867 3533 974 3588 Deo
1012 3549 1212 3588 nomen
1265 3543 1585 3599 usurpatur.
1623 3531 1758 3586 Nam
1801 3533 1868 3588 de
1919 3532 2031 3588 Dco

448 3622 669 3692 quidem
719 3623 967 3677 absolute
1029 3623 1265 3684 dicitur,
1323 3623 1656 3690 perindeque
1709 3622 2031 3691 intelligitur

449 3715 611 3769 Pater
636 3715 904 3783 sapientia
936 3724 990 3768 et
1032 3713 1208 3768 Filius
1238 3713 1501 3782 sapientia
1558 3725 1613 3767 et
1647 3712 1886 3782 Spiritus
1938 3729 2030 3768 sa-

450 3807 808 3874 pientia,ceu
865 3821 1012 3860 unus
1069 3806 1286 3875 sapiens
1345 3820 1565 3874 unaque
1618 3806 1910 3874 sapientia.
1971 3805 2027 3858 In

449 3895 586 3950 Filio
621 3905 828 3957 autem,
860 3895 1117 3950 disc-rete.
1145 3893 1316 3950 Filius
1347 3897 1492 3949 enim
1524 3896 1701 3966 genita
1743 3897 2027 3966 sapientia,

449 4003 557 4042 non
582 3989 724 4042 idem
763 3998 850 4041 est
879 4001 943 4041 ac
977 3986 1134 4041 Pater
1174 3986 1440 4053 sapientia
1474 3987 1720 4056 gignens,
1771 3988 1854 4041 rcl
1887 3988 2026 4041 idem

448 4097 513 4135 ac
543 4079 808 4146 Spiritus,
837 4079 981 4147 quod
1014 4079 1267 4131 nimirum
1321 4079 1385 4132 ad
1420 4079 1469 4131 id
1506 4079 1735 4145 attinet,
1765 4079 1907 4148 quod
1947 4093 2032 4134 est

451 4168 619 4237 gigni.
659 4166 924 4221 Similiter
954 4176 1006 4220 et
1050 4165 1210 4219 Pater
1247 4164 1366 4218 Filii
1408 4165 1613 4234 proprii
1664 4166 1902 4220 dicitur:
1941 4165 2027 4219 di-

449 4259 594 4312 citur
641 4274 769 4312 Vero
799 4271 852 4311 et
901 4267 1202 4320 creaturae,
1258 4259 1352 4312 sed
1393 4258 1819 4326 unumquodque
1870 4258 2028 4311 modo

453 4351 716 4419 proprio,
775 4359 833 4403 ut
867 4347 1031 4416 paulo
1089 4357 1214 4403 ante
1271 4349 1606 4403 dicebamus.
1660 4349 1739 4402 Ac
1782 4363 2024 4412 rursum,

449 4443 652 4497 dicitur
703 4439 867 4496 Pater
921 4450 976 4497 et
1013 4440 1184 4497 Filius
1236 4449 1292 4496 et
1343 4439 1603 4510 Spiritus,
1660 4442 2027 4495 communiter

1714 391 2114 454 MANUELIS
2147 391 2383 455 CALEC
2410 393 2452 452 Ε

3604 399 3711 463 5'28

2209 509 2330 564 Ἔτι
2361 509 2582 577 ithaca:
2609 508 2724 580 (27)
2759 510 2925 564 εἰκὼν
2955 510 3053 565 τοῦ
3089 509 3244 574 Υίοῦ,
3287 510 3363 573 ὡς
3389 511 3418 563 6
3477 509 3710 576 Παῦλος,

2147 621 2165 653 ι
2200 600 2308 664 Οὓς
2347 601 2622 670 προέγνω,
2655 603 2748 655 καὶ
2763 601 3041 672 προώρισε
3075 602 3436 672 συμμόρφους
3454 601 3713 668 γενέσθαι

2137 695 2234 763 τῆς
2272 693 2478 757 εἰκόνος
2508 692 2598 745 τοῦ
2639 692 2768 746 Υίοῦ
2820 693 3009 748 αὑτοῦ.
3061 713 3078 745 ι
3122 694 3243 747 Ἔτι
3298 693 3521 762 λέγεται
3560 697 3712 765 ῥῆμα

2137 785 2233 838 τοῦ
2275 784 2431 849 Υἱυῦ,
2464 772 2538 848 ὥς
2569 787 2598 838 6
2626 786 2787 849 αὐτὸς
2817 787 3004 849 πάλιν,
3049 806 3068 840 r
3112 789 3298 857 Φὲρων
3321 789 3390 842 τὰ
3433 788 3612 842 πάντα
3635 788 3714 860 τῷ

2140 877 2347 947 ῥήματι
2377 876 2479 945 τῆς
2509 877 2792 947 δυνάμεως
2839 879 3030 933 αὑτοῦ·
3085 879 3154 932 δι’
3208 879 3406 933 ἑαυτοῦ
3446 882 3713 951 καθαρισ-

2140 969 2238 1035 μὸν
2265 968 2637 1037 ποιησάμενος
2663 968 2772 1019 τῶν
2810 970 3101 1038 ἁμαρτιῶν
3128 969 3307 1038 ἡμῶν.
3346 987 3364 1020 ι
3398 967 3508 1022 Καὶ
3544 973 3571 1022 6
3618 973 3713 1039 μέ-

2135 1077 2239 1126 γας
2313 1060 2590 1121 Βασίλειος
2651 1061 2734 1110 ἐν·
2785 1059 3087 1129 κεφαλαίῳ,
3177 1058 3237 1112 οῦ
3293 1062 3324 1128 ή
3407 1061 3711 1130 ἐπιγραφὴ,

2143 1169 2160 1200 ι
2203 1152 2355 1203 Διατί
2384 1151 2457 1220 μὴ
2483 1152 2577 1204 καὶ
2614 1153 2673 1202 τὸ
2711 1150 2936 1219 Πνεῦμα
2970 1151 3099 1213 Υἱὸς
3152 1150 3246 1204 τοῦ
3305 1150 3458 1216 Υίοῦ,
3497 1171 3514 1202 ι
3577 1151 3713 1219 φησι

2139 1244 2275 1314 πρὸς
2305 1243 2396 1296 τὸν
2428 1243 2710 1311 αἱρετικὸν
2733 1243 3190 1311 ἀποτεινόμενος,
3223 1262 3240 1293 ι
3281 1244 3355 1295 Οὐ
3383 1243 3472 1295 διὰ
3521 1243 3582 1293 τὸ
3636 1243 3711 1311 μὴ

2139 1331 2278 1387 εἶναι
2310 1337 2371 1386 ἐκ
2401 1333 2537 1386 Θεοῦ
2569 1335 2636 1386 δι’
2672 1333 2825 1399 Υἱοῦ,
2855 1333 2970 1386 ἀλλ’
2998 1334 3084 1386 ἵνα
3113 1335 3145 1404 ἠ
3197 1333 3367 1402 Τριὰς
3422 1333 3496 1402 μὴ
3557 1349 3711 1402 νομι-

2139 1427 2238 1496 σοῇ
2272 1427 2478 1496 πλῆθος
2542 1427 2792 1496 ἄπειρον,
2845 1426 2990 1487 υἱοὺς
3061 1424 3120 1490 ἐξ
3173 1425 3327 1485 υίῶν,
3368 1425 3443 1486 ὼς
3501 1425 3596 1477 καὶ
3655 1427 3712 1476 ὲν

2135 1514 2468 1584 ἀνθρώποις,
2515 1513 2660 1584 ἔχειν
2714 1513 3140 1567 ὑποπτευθεῖσα.
3207 1515 3366 1566 Ἀλλὰ
3415 1514 3612 1579 λέγεις,
3651 1514 3712 1566 Ei

2136 1607 2272 1660 Θεοῦ
2309 1607 2407 1675 μὲν
2435 1606 2607 1672 Λόγος
2633 1605 2659 1655 6
2699 1606 2849 1668 Υίδς,
2927 1605 3109 1674 Ῥῆμα
3187 1605 3244 1657 δὲ
3289 1605 3422 1658 Υίοῦ
3452 1607 3512 1658 τὸ
3541 1606 3713 1658 Πνεῦ-

2141 1711 2218 1764 μα
2251 1692 2362 1763 (28)
2393 1708 2410 1725 ⁸
2445 1693 2589 1746 διατί
2617 1693 2692 1764 μὴ
2734 1694 2864 1758 Υίδς
2899 1694 2993 1747 τοῦ
3027 1695 3159 1748 Υίοῦ
3184 1696 3245 1748 τὸ
3302 1695 3526 1765 Πνεῦμα
3561 1699 3713 1768 εἴρη-

2067 1816 2110 1870 B
2137 1802 2261 1848 ταις
2298 1787 2472 1838 Ἐτιό
2514 1786 2686 1854 μέγας
2751 1785 3073 1850 ’Λθανάσιος
3112 1790 3168 1840 ἐν
3224 1789 3305 1860 τῷ
3359 1791 3495 1858 πρὸς
3541 1790 3713 1859 Σερα-

2144 1878 2340 1943 πίωνα,
2404 1897 2422 1927 ι
2478 1877 2830 1948 Ἀγιαστικὴν
2888 1881 2982 1931 καὶ
3060 1883 3417 1949 φωτιστικὴν,
3466 1900 3483 1931 ι
3546 1887 3711 1950 er,“

2145 1989 2164 2020 ‹
2201 1970 2347 2038 ζωήν
2373 1985 2387 2001 ο
2424 1988 2441 2020 ι
2475 1974 2568 2022 καὶ
2599 1969 2682 2022 ἔτι
2729 1989 2746 2020 ι
2778 1970 3062 2040 ἐνέργειαν
3090 1971 3256 2024 αὐτοῦ
3289 1971 3383 2024 καὶ
3423 1975 3651 2041 δωρεάν.
3684 1993 3704 2026 ι

2137 2062 2299 2125 Λέγει
2360 2062 2490 2130 γὰρ,
2547 2082 2563 2112 ι
2605 2063 2817 2132 ’Ὠσπερ
2851 2064 3098 2132 γέννημα
3172 2065 3460 2134 μονογενὲς
3512 2069 3538 2116 6
3585 2067 3711 2130 Υίός

2133 2155 2305 2216 ἐστιν,
2335 2151 2480 2206 οὕτω
2518 2154 2614 2207 καὶ
2663 2155 2724 2207 τὸ
2760 2154 3010 2223 Πνεῦμα,
3071 2157 3221 2226 παρὰ
3258 2157 3349 2209 τοῦ
3382 2156 3510 2210 Υίοῦ
3571 2159 3712 2212 διδόο

2139 2262 2300 2315 μενον
2325 2245 2421 2298 καὶ
2480 2246 2859 2315 πεμπόμενον,
2895 2247 2954 2298 ἓν
2985 2248 3078 2300 καὶ
3127 2249 3192 2301 οὗ
3243 2249 3435 2313 πολλὰ,
3471 2250 3590 2304 οὐδὲ
3645 2253 3712 2304 ἐκ

2135 2337 2346 2390 πολλῶν
2372 2337 2452 2402 ἓν,
2478 2337 2595 2390 ἀλλ’
2632 2339 2764 2391 αὐτὸ
2794 2339 3042 2409 Πνεῦμα.
3089 2338 3239 2402 Ἐνδς
3290 2341 3402 2412 γὰρ
3421 2342 3575 2406 ὄντος
3611 2343 3708 2397 τοῦ

2135 2430 2266 2482 Υἰοῦ
2299 2428 2394 2481 τοῦ
2431 2429 2634 2493 ζῶντος
2657 2430 2856 2497 Λόγου,
2884 2431 3016 2498 μίαν
3045 2427 3188 2485 εἶναι
3247 2432 3328 2485 δεῖ
3356 2433 3568 2486 τελείαν
3615 2437 3734 2486 καὶ·

2133 2520 2315 2592 πλήρη
2341 2519 2439 2588 τὴν
2467 2518 2799 2590 ἀγιαστικὴν
2825 2523 2921 2572 καὶ
2977 2523 3316 2593 φωτιστικὴν
3357 2519 3709 2595 ζωὴν,οῧσαν

2133 2610 2419 2680 ἐνέργειαν
2448 2610 2616 2662 αὐτοῦ
2641 2610 2736 2662 καὶ
2762 2611 3000 2681 δωρεάν·
3053 2629 3072 2663 ι
3100 2613 3224 2684 ἥτις
3253 2613 3318 2666 ἐκ
3345 2614 3440 2666 τοῦ
3495 2614 3710 2684 Πατρδς

2131 2700 2354 2767 λέγεται
2391 2702 2812 2772 ἐκπορεύεσθαι,
2845 2703 3034 2774 ἐπειδὴ
3067 2706 3130 2757 ὲκ
3163 2705 3260 2758 τοῦ
3315 2707 3446 2760 Υίοῦ
3489 2708 3582 2760 τοῦ
3643 2710 3709 2760 ὲκ

2131 2793 2226 2844 τοῦ
2254 2793 2466 2862 Πατρός
2497 2793 2938 2863 ὁμολογουμένου
2954 2794 3228 2864 ἐκλάμπει
3250 2796 3348 2849 καὶ
3375 2797 3706 2850 ἀποστέλλε-

2127 2900 2223 2939 ται
2253 2886 2348 2938 καὶ
2376 2886 2597 2939 δίδοται.

2200 2976 2305 3030 Καὶ
2333 2977 2492 3030 τοῦτο
2522 2977 2580 3031 δὲ
2615 2979 2916 3045 ἀναγκαῖον
2946 2977 3148 3030 εἰδέναι
3175 2995 3191 3009 ο
3227 2978 3484 3042 πολλάκις
3516 2981 3583 3033 τὰ
3614 2981 3709 3033 ἐπὶ

2131 3070 2241 3125 τῶν
2275 3070 2586 3139 προσώπων
2617 3071 2891 3140 λεγόμενα
2930 3070 3175 3140 ὀνόματα
3204 3073 3576 3140 λαμϐάνονται
3615 3075 3710 3126 ἐπὶ

2057 3176 2100 3233 C
2131 3163 2225 3216 τοῦ
2269 3164 2393 3216 ὅλου
2424 3163 2561 3216 Θεοῦ
2593 3163 3038 3234 ἀπολελυμένως.
3080 3159 3229 3230 οἷον,
3265 3166 3295 3217 6
3330 3166 3464 3228 Θεὸς
3485 3165 3707 3233 λέγεται

2132 3255 2295 3323 σοφία
2349 3255 2547 3318 κοινῶς
2575 3255 2665 3307 καὶ
2705 3254 3148 3323 ἀπολελυμένους,
3187 3257 3215 3308 6
3249 3255 3462 3325 Πατὴρ,
3496 3256 3524 3306 6
3558 3255 3706 3318 Υἱὸς.

2130 3344 2226 3397 καὶ
2265 3345 2325 3396 τὸ
2358 3344 2518 3411 ἅγιον
2555 3344 2784 3412 Πνεῦμα
2804 3359 2816 3372 ⁸
2869 3344 3006 3396 ἀλλὰ
3027 3345 3245 3412 λέγεται
3272 3345 3370 3398 καὶ
3395 3346 3423 3396 ὁ
3475 3343 3601 3406 Υἱὸς
3622 3360 3711 3396 σο-

2131 3435 2247 3504 φία.
2318 3435 2518 3505 ’Ἄλλην
2567 3431 2661 3488 οὖν
2721 3434 2932 3489 ἔννοιαν
2971 3434 3196 3506 ,ἔχομεν
3233 3436 3329 3488 ἐπὶ
3357 3434 3571 3498 τούτου,
3613 3434 3712 3488 καὶ

2129 3531 2296 3599 ἄλλην
2317 3530 2404 3584 ἐπ’
2436 3529 2673 3583 ἐκείνου.
2717 3531 2838 3583 Ἐπ’
2875 3531 3088 3584 ἐκείνου
3121 3532 3220 3599 μὲν
3281 3531 3390 3599 γὰρ
3443 3529 3711 3583 ἀπολελυ-

2133 3621 2310 3686 μένως
2350 3618 2596 3686 λέγεται,
2636 3622 2735 3672 καὶ
2765 3617 2965 3687 ὁμοίως
2999 3618 3202 3670 νοεῖται
3246 3617 3275 3668 6
3309 3613 3495 3684 Πατὴρ
3521 3614 3706 3682 σοφία,

2129 3712 2226 3765 καὶ
2259 3712 2286 3763 6
2315 3710 2441 3772 Υἱὸς
2494 3709 2679 3778 σοφία,
2721 3710 2820 3762 καὶ
2861 3709 2921 3761 τὸ
2965 3707 3195 3777 Πνεῦμα
3247 3707 3428 3774 σοφία,
3487 3706 3563 3768 ὡς
3625 3701 3709 3769 εἷς

2133 3805 2297 3872 σοφὸς
2327 3804 2424 3857 καὶ
2459 3803 2556 3873 μία
2606 3802 2768 3870 σοφία
2793 3817 2807 3830 ·
2853 3800 3089 3854 ἐνταῦθα
3129 3801 3186 3853 δὲ
3247 3799 3709 3870 διακεκριμένως.

2139 3895 2204 3950 'H
2239 3896 2349 3965 γὰρ
2399 3894 2633 3964 γεννητὴ
2665 3893 2826 3963 σοφία
2863 3896 2890 3946 6
2948 3893 3075 3955 Υἱὸς
3121 3893 3220 3946 οὐκ
3279 3891 3428 3944 ἔστιν
3479 3892 3511 3960 ἡ
3565 3891 3703 3958 αὑτὴ

2132 3987 2294 4056 σοφία
2329 3989 2396 4058 τῇ
2425 3986 2670 4055 γεννώσῃ
2717 3985 2797 4055 τῷ
2831 3985 3031 4056 Πατρὶ,
3067 3981 3192 4036 οὔτε
3251 3981 3328 4051 τῷ
3388 3981 3705 4050 Πνεύματιο

2129 4077 2332 4148 δηλαδὴ
2373 4076 2518 4129 κατὰ
2567 4077 2628 4130 τὺ
2687 4074 3006 4142 γεννᾶσθαι.
3066 4073 3344 4136 Ὡσαύτως
3395 4073 3492 4126 καὶ
3518 4072 3706 4138 Πατὴρ

2134 4169 2234 4237 μὲν
2286 4168 2509 4235 λέγεται
2549 4165 2645 4218 τοῦ
2691 4165 2822 4218 ἰδίου
2863 4166 3030 4217 ἴὶοῦ·
3090 4165 3309 4232 λέγεται
3354 4163 3411 4216 δὲ
3464 4165 3564 4216 καὶ
3606 4162 3708 4231 τῆς

2131 4259 2397 4320 κτίσεως·
2454 4257 2590 4310 ἀλλὰ
2644 4256 2804 4310 ἄλλον
2853 4256 3056 4326 τρόπον
3113 4257 3396 4324 ἑκάτερον,
3451 4253 3525 4316 ὡς
3578 4255 3708 4321 περὶ

2129 4346 2320 4401 τούτου
2349 4345 2618 4414 πρότερον
2676 4346 2926 4412 εῐπομεν.
2979 4345 3084 4398 Καὶ
3113 4347 3272 4398 πάλιν
3334 4344 3551 4411 λέγεται
3605 4340 3704 4412 μιν

2128 4442 2156 4492 6
2187 4439 2376 4508 Πατὴρ
2423 4439 2520 4490 καὶ
2557 4439 2584 4490 6
2612 4438 2741 4499 Υἱὸς
2776 4438 2874 4490 καὶ
2902 4439 2963 4490 τδ
2991 4435 3209 4506 Πνεῦμα
3237 4436 3430 4498 κοινῶς
3459 4433 3702 4502 Πνεῦμα·

451 4532 687 4601 Spiritus
726 4553 740 4587 :
781 4532 1016 4600 Spiritus
1060 4534 1234 4599 enim,
1280 4533 1488 4602 inquit,
1523 4531 1663 4586 Deus
1699 4541 1810 4586 est:
1843 4541 1892 4586 et
1941 4533 2029 4601 qui

2142 4549 2161 4582 ι
2198 4529 2423 4598 Πνεῦμα
2440 4529 2570 4598 γὰρ,
2603 4547 2620 4581 ι
2660 4527 2846 4600 φησιν,
2886 4546 2906 4580 ι
2959 4529 2986 4581 6
3017 4528 3170 4593 Θεὸς,
3201 4525 3438 4588 καὶτοὺς
3467 4540 3707 4594 7:90st-

522 4735 569 4766 “
627 4732 785 4787 Rom.
831 4733 1063 4798 “11,29.
1141 4732 1374 4788 "Hebr.
1428 4751 1464 4800 ι,
1507 4734 1560 4788 5.

516 4916 629 5005 ςὲΖὶ
666 4916 868 5005 etiam
907 4919 1074 5005 ἓρίξξς
1105 4919 1138 5000 ἓ
1166 4918 1446 5005 asserue-
1482 4920 1545 4974 de
1579 4921 2009 5005 ξιξίτίιιιβοηςιο·

515 4987 628 5055 (28)
679 4987 870 5056 Ῥἧμα
901 4987 970 5041 δὲ
1006 4989 1142 5043 Υιοῦ
1179 4990 1248 5042 τὸ
1288 4987 1554 5058 Πνεῦμα.
1597 4987 1865 5044 Videntur
1901 4990 2015 5043 haec

444 5059 634 5128 magis,
679 5071 926 5128 spectare
984 5060 1051 5114 ad
1109 5059 1270 5128 epist.
1333 5075 1370 5112 ιι
1427 5061 1627 5114 Athan.
1697 5061 1764 5114 ad
1822 5059 2014 5127 Serap.

445 5142 566 5198 qua:
624 5127 728 5182 hoc
781 5132 958 5198 ipsum
1015 5127 1392 5198 argumentum
1463 5137 1681 5184 tractat.
1745 5129 1842 5189 Ac,
1885 5145 2014 5182 num

447 5197 714 5252 ambobus
771 5201 1030 5267 ascripta,
1064 5197 1212 5266 quod
1268 5198 1526 5267 frequens
1574 5201 1627 5252 in
1685 5198 1790 5253 PP.
1829 5214 2019 5253 monu-

448 5268 679 5338 mentis?
754 5267 1053 5337 chuentia
1124 5282 1191 5321 ex
1243 5268 1446 5323 Athan.
1507 5269 1666 5337 epist.
1728 5271 1844 5330 illa,
1905 5269 2021 5338 ipsa

447 5337 703 5399 illustria,
752 5339 805 5390 in
855 5345 1048 5392 neutra
1079 5337 1274 5391 harum
1323 5352 1445 5406 quin
1478 5349 1714 5403 exstant,
1751 5339 1886 5393 mihi
1927 5337 2020 5394 oc-

445 5417 714 5480 currunt;
745 5406 964 5476 aliaque
996 5407 1285 5480 scripsisse
1321 5408 1675 5480 Athanasium
1701 5419 1751 5464 et
1774 5409 2020 5480 pleniora

443 5490 510 5529 co
543 5477 661 5547 ipso
701 5485 1046 5550 argumento,
1085 5491 1182 5550 pro
1214 5478 1334 5550 ejus
1363 5478 1669 5550 majestate,
1698 5477 2021 5550 argumento

443 5545 727 5619 est,'quod
762 5545 878 5619 ipse
924 5545 1081 5619 initio
1112 5547 1223 5619 fere
1247 5545 1461 5619 prioris
1492 5545 1788 5619 Epistulae:
1820 5552 1870 5604 in
1925 5567 2021 5604 διι-

446 5616 758 5687 [verioribus
789 5616 858 5668 de
885 5629 951 5669 eo
979 5617 1267 5687 scripsisse
1302 5618 1399 5681 ait,
1433 5616 1574 5687 quod
1611 5621 1662 5673 in
1700 5622 1852 5674 omni
1905 5620 2017 5674 fere

443 5698 596 5759 sacra
633 5684 936 5759 Scriptura,
995 5685 1226 5759 Spiritus
1259 5684 1473 5742 sanctus
1502 5693 1590 5759 qui
1629 5692 1828 5746 dicitur
1860 5689 2014 5753 Filii,

443 5753 582 5802 idem
621 5753 974 5828 dicatuiiesse
1009 5753 1121 5828 Dei.
1163 5758 1238 5810 Ἰ’ὸ
1293 5753 1523 5828 Πνεῦμα
1545 5761 1604 5814 τὸ
1653 5763 1812 5826 ἆγιον
1860 5761 2016 5827 λεγό-

446 5836 606 5887 μενον
638 5823 731 5876 τοῦ
781 5823 932 5890 Υἰοῦ,
966 5826 1120 5879 τοῦτο
1161 5828 1377 5897 λέγεται
1409 5823 1502 5882 τοῦ
1526 5833 1661 5885 Θεοῦ
1695 5823 1855 5886 εἶναι.
1894 5823 2014 5897 Quo

2129 4924 2367 4996 maxime
2397 4935 2606 4996 spectat
2637 4925 2724 4980 hic
2754 4925 2987 4996 adducta
3014 4919 3377 4996 auctoritas}.
3402 4913 3705 4994 PrQbaF'l'fe

2126 4994 2364 5048 maxime
2425 4986 2834 5064 processionem
2893 4993 3156 5064 Spiritus
3192 5004 3222 5043 a
3278 4986 3584 5064 Filio._'q_ui
3649 4986 3701 5062 in

2128 5071 2338 5134 tantum
2397 5055 2613 5122 dicatur
2644 5080 2706 5118 ex
2753 5065 2910 5118 Patre
2938 5055 3276 5134 'procedere,
3319 5055 3462 5134 quod
3510 5055 3705 5134 ἐξῇτε,οῦ

2131 5131 2270 5207 Υἱοῦῄ
2320 5121 2613 5207 ἐκλάμπει,
2650 5135 2881 5204 eﬂ‘u'get,
2908 5121 3133 5207 mitur,“
3149 5121 3385 5196 splendet
3426 5137 3492 5207 ea:
3535 5121 3704 5207 Filio,

2127 5202 2216 5274 qui
2253 5205 2363 5273 ipse
2413 5193 2955 5274 omniumi'sen'tentia
2990 5216 3054 5255 ea:
3089 5193 3255 5274 Patre
3286 5208 3385 5274 est_.
3432 5193 3705 5274 cautissi-

2127 5263 2606 5345 mus'disputator
2636 5273 2863 5345 Calecas
2910 5281 3118 5331 noster,
3164 5269 3246 5322 sic
3288 5265 3564 5345 vulgatum
3626 5263 3705 5345 Io-

2127 5345 2329 5412 quendi
2376 5342 2600 5419 modum
2633 5344 2918 5419 gentilium
2949 5342 3696 5419 suorum_pr.osecut.usnest,

2130 5402 2189 5467 iit
2231 5417 2598 5488 gravissimas
2635 5402 3012 5488 "auctoritates
3068 5402 3358 5488 intulerit,
3386 5402 3699 5488 quibit-3!}!d

2126 5474 2400 5540 saniorem
2433 5500 2530 5539 eos
2557 5499 2806 5544 sensum,
2833 5497 2931 5536 ceu
2971 5483 3024 5534 in
3058 5481 3136 5535 eis
3167 5494 3198 5532 a
3226 5476 3454 5532 Veritatc
3483 5474 3700 5552 devios,

2127 5556 2247 5608 sine
2317 5555 2522 5609 invidia
2586 5540 2802 5624 sensim
2852 5553 3113 5624 reducere
3181 5553 3503 5624 conaretur,
3564 5540 3701 5624 u_i_l_i_i|

2127 5639 2459 5692 quemquam
2515 5623 2804 5693 sugillans,
2851 5623 2944 5694 sed
2980 5619 3200 5675 Patrum
3245 5614 3556 5694 sententiis,
3595 5611 3704 5694 illis

2125 5682 2281 5763 duasi
2313 5682 2487 5766 digito
2519 5682 2702 5747 veFam
2735 5682 3050 5762 opinionem
3091 5705 3204 5744 sua:
3243 5691 3488 5760 ipsorum
3515 5682 3705 5736 Eccle-

2126 5779 2151 5816 s
2175 5779 2221 5817 te
2245 5773 2703 5818 commonstrans.
