4074 6488
283 449 386 516 529

1270 459 1370 522 DE
1412 459 1844 523 PRINCIPIIS
1884 459 2100 521 FIDEI
2139 461 2612 526 CATHOLICIE.

3465 465 3568 524 {'30

283 568 503 638 νοῢντας
533 571 699 629 αὐτὸν
728 574 788 628 ἐν
820 587 1098 649 πνεύματι
1125 579 1222 635 καὶ
1250 581 1484 656 ἀληθείᾳ
1511 583 1594 638 δεῖ
1627 599 1872 656 προσκυ-

1989 580 2363 649 ιάοναηιειιηι,
2388 584 2444 638 in
2471 582 2666 652 spiritu
2692 589 2742 635 et
2771 581 2998 637 veritate
3023 590 3223 650 oportet
3252 580 3480 635 adorare
3499 583 3564 628 ".

286 662 392 715 νεῖν
417 677 434 693 ο
467 681 488 715 ι
519 662 640 717 ἀλλ’
663 663 854 738 ἕτερον
881 669 1086 739 τρόπον
1113 671 1350 742 λέγομεν
1380 674 1611 746 Πνεῦμα
1627 675 1868 746 Πατρός.

294 751 381 819 Ὠς
413 755 523 827 γὰρ
555 755 807 826 ὕφεστὼς
839 761 939 814 καὶ
969 761 1096 816 καθ’
1127 763 1289 819 ἑαυτὸ
1327 765 1511 832 ίδικῶς
1549 769 1674 822 τότε
1716 769 1868 823 νοού-

288 861 406 915 μεν,
439 847 537 900 καὶ
569 847 647 914 ὡς
681 851 980 922 πρόϐλημα
1032 853 1174 924 πρὸς
1221 857 1316 912 τὸν
1367 860 1589 932 Πατέρα
1662 863 1870 932 ἀναφε-

287 937 513 1007 ρόμενον
573 940 652 1004 ὡς
701 943 1000 1012 προϐολὼ.
1065 945 1173 1000 Καὶ
1216 948 1326 1021 γὰρ
1394 951 1461 1005 ὲκ
1505 951 1599 1006 τοῦ
1655 953 1873 1024 Πατρδς

284 1030 664 1101 ἐκπορεύεται.
697 1033 800 1088 Διὰ
829 1036 1001 1091 ταῦτα
1032 1040 1132 1093 καὶ
1155 1045 1225 1094 τὰ
1242 1042 1335 1096 ἐπὶ
1365 1042 1475 1097 τῶν
1501 1043 1673 1116 τριῶν
1697 1037 1876 1116 προσ-

283 1119 446 1174 ὡπων
521 1121 924 1196 θεολογούμενα
1004 1132 1356 1202 προσήκοντα
1424 1133 1507 1188 δεῖ
1567 1135 1872 1207 λαμϐάνειν

287 1214 417 1355 τοῖςθ
433 1213 821 1282 ὑποπατικοίς
852 1217 1137 1292 ἱδιὼμασι,
1153 1224 1249 1277 καὶ
1276 1223 1352 1297 μὴ
1381 1225 1525 1281 κατὰ
1547 1227 1706 1282 τοῦτο
1730 1229 1873 1283 πλα-

287 1320 384 1355 νασ
423 1320 501 1355 αι.

287 1320 501 1359 νασυαι.

887 1489 1149 1551 ΚΕΦΑΛ.
1188 1498 1265 1554 Δ⁹.

293 1598 464 1668 Τίνας
489 1600 638 1656 ποτὲ
667 1604 912 1682 εικόνρς
941 1607 1090 1682 Δπερὶ
1123 1607 1444 1682 τῆςμὰγίας
1479 1611 1731 1682 Τριὰδος
1766 1630 1878 1671 πα·

735 1673 1098 1743 ραδιδόασίιν
1132 1673 1194 1734 οῖ
1214 1673 1408 1752 fartor.

357 1789 472 1858 Τῆς
496 1789 554 1843 δὲ
585 1791 752 1859 ἁγίας
780 1793 991 1866 ταύτης
1018 1796 1114 1850 καὶ
1145 1797 1428 1868 μακαρίας
1463 1799 1720 1869 Τριάδος,
1768 1817 1878 1858 πα-

1981 674 2178 729 Veruni
2223 675 2334 730 alio
2372 676 2536 731 modo
2573 673 2840 745 Spiritum
2875 672 3058 730 Patris
3103 673 3365 728 dicimus.
3412 669 3571 726 Tunc

1974 768 2121 821 enim
2155 766 2618 823 utsubsistentem
2665 780 2730 821 ac
2758 781 2857 837 per
2880 781 2940 822 se
2960 764 3182 836 proprie
3208 763 3568 819 exsistentem

1975 873 2103 913 eum
2157 858 2616 924 consideramus,
2675 867 2732 914 et
2789 858 2883 930 qui
2945 858 3096 914 velut
3149 859 3450 927 processio,
3502 856 3567 910 ad

1976 951 2196 1006 Patrem
2235 951 2614 1022 processionis
2650 959 2978 1016 auctorem,
3029 949 3322 1005 referatur.
3351 948 3567 1004 Etenim

1977 1043 2220 1116 Spiritus
2247 1044 2496 1114 procedit
2524 1059 2555 1098 a
2600 1043 2782 1100 Patre.
2815 1043 3112 1114 Propterea
3158 1043 3447 1114 diligenter
3475 1058 3569 1097 cu-

1977 1137 2208 1194 randum
2241 1144 2302 1192 ut
2326 1150 2448 1207 qua:
2493 1137 2546 1191 in
2601 1137 2779 1192 tribus
2805 1137 3056 1208 personis
3085 1151 3417 1206 usurpamus
3441 1176 3454 1198 ,
3488 1135 3571 1189 di-

1978 1233 2106 1287 vina
2136 1230 2383 1295 nomina,
2421 1230 2554 1285 talia
2619 1239 2976 1291 assumantur
3000 1271 3016 1296 ,
3064 1245 3186 1299 quae
3225 1228 3570 1299 proprietati-

1978 1325 2082 1381 bus
2114 1323 2502 1395 personali‘bus
2531 1323 2908 1390 conveniant,
2940 1332 2996 1380 et
3038 1336 3106 1380 ne
3134 1321 3189 1378 in
3234 1337 3298 1377 ea
3338 1337 3397 1378 re
3423 1322 3572 1378 deoi-

1978 1430 2220 1488 piamur.

2585 1510 2820 1569 CAPUT
2871 1509 2965 1567 IV.

2087 1626 2219 1694 Quin
2242 1626 2456 1682 tandem
2481 1627 2774 1681 simulacra
2803 1643 2866 1680 ac
2891 1625 3153 1696 imagines
3183 1623 3247 1679 de
3271 1630 3464 1677 sancta

2410 1697 2675 1752 Trinitate
2703 1698 2875 1752 sancti
2897 1697 3146 1751 tradant.

2052 1816 2228 1870 Porro
2255 1821 2458 1870 sancta:
2499 1813 2662 1881 hujus
2710 1827 2776 1866 ac
2806 1811 2981 1867 beatae
3025 1808 3314 1864 Trinitatis
3363 1805 3570 1861 nullum

296 1883 562 1981 ραδειγμα
592 1885 690 1938 καὶ
725 1885 914 1941 εἰκόνα
960 1890 1087 1944 τινὰ
1128 1889 1337 1945 οἰκείαν
1369 1893 1478 1946 ἀπὸ
1504 1893 1616 1948 τῶν
1660 1895 1875 1968 ἀνθρω-

1989 1907 2208 1978 aliQuod
2249 1921 2316 1962 ex
2347 1905 2606 1961 humanis
2649 1905 2816 1960 rebus
2865 1903 3178 1972 exemplum
3225 1914 3291 1954 ac
3340 1898 3574 1953 simula-

292 1978 464 2031 πίνων
492 1979 594 2032 οὐκ
626 1978 742 2034 ἔστι
787 1980 996 2046 λαϐεῖν,
1026 1985 1126 2054 τῆς
1154 1987 1296 2058 ὑπὲρ
1323 1988 1506 2043 πᾶσαν
1538 1989 1729 2045 οὐσίαν
1776 1994 1872 2046 καὶ

292 2070 473 2123 πᾶσαν
518 2069 707 2142 νόησιν
763 2075 1117 2144 ἁσυγκρίτως
1189 2076 1760 2152 ύπερανῳκισμένης.’
1808 2081 1874 2137 Τί

293 2163 358 2217 ἂν
385 2163 471 2234 εἴη
526 2165 886 2236 παράδειγμα
917 2168 1010 2222 καὶ
1045 2169 1214 2224 εἰκὼν
1258 2172 1440 2226 οἰκεία
1489 2175 1600 2229 ἀπὸ
1641 2175 1752 2229 τῶν
1784 2177 1878 2232 ἀν-

294 2255 584 2335 θρωπίνων
613 2257 1027 2332 λαμϐανομένη,
1059 2261 1095 2317 ἃ
1129 2263 1195 2333 δὴ
1227 2263 1410 2318 πάντα
1444 2268 1506 2320 ὲν
1535 2268 1753 2336 γενέσει
1781 2270 1878 2324 καὶ

293 2343 471 2418 φθορᾷ
498 2347 595 2400 καὶ
625 2346 784 2418 ῥύσει
806 2351 898 2403 καὶ
928 2351 1200 2423 μεταϐολῇ
1223 2353 1468 2424 διηνεκεῖ
1493 2357 1875 2429 καθορῶνται;

293 2435 486 2507 Ὅμως
515 2437 706 2510 ὥσπερ
734 2441 800 2493 ὲκ
831 2441 942 2493 τῶν
973 2442 1100 2496 καθ’
1128 2445 1282 2512 ἡμᾶς
1305 2446 1473 2500 αὐτὸν
1507 2447 1878 2521 ὀνομάζομεν,

295 2526 384 2582 ἵνα
413 2531 491 2602 μὴ
518 2531 780 2602 ἀμέτοχοι
809 2526 964 2603 ὦμεν
985 2534 1088 2604 τῆς
1127 2536 1296 2590 αὑτοῦ
1329 2540 1686 2608 ἐπιγνώσεως
1720 2543 1880 2616 (ὅπερ

295 2621 362 2676 δι’
391 2621 600 2690 ἄφατον
639 2624 941 2696 εὐδόκησεν
987 2627 1328 2698 ἀγαθότητα,
1365 2633 1508 2687 κατὰ
1539 2633 1636 2689 τὸν
1680 2637 1746 2689 ὲκ
1777 2640 1883 2691 Δα-

299 2715 512 2784 μασκοῦ
545 2716 828 2770 θειότατον
865 2718 1026 2791 [29]),
1059 2722 1119 2774 οὐ
1151 2721 1206 2775 τί
1234 2725 1349 2779 ἐστι
1375 2726 1476 2798 τὴν
1505 2727 1674 2797 φύσιν
1711 2729 1882 2783 αύτοῦ

297 2808 632 2873 δεικνύντες,
654 2809 775 2864 ἀλλ’
800 2811 883 2866 ὅτι
917 2815 1037 2867 ἐστὶ
1058 2814 1328 2879 τοιοῦτος·
1356 2818 1452 2871 τὸν
1479 2819 1646 2874 αὐτὸν
1675 2823 1884 2892 τρόπον

298 2902 363 2953 ἐκ
393 2900 601 2954 τούτων
649 2902 747 2956 καὶ
780 2902 884 2974 τὴν
934 2905 1236 2976 ὁμοιότητα
1269 2908 1505 2979 ἕλκομεν
1549 2912 1646 2964 καὶ
1679 2913 1884 2967 εἰκονί-

298 2985 467 3059 ζομιν
498 2993 683 3054 αὐτὸν.
712 2994 800 3048 ἵνα
843 2999 926 3060 είς
967 2998 1222 3068 ἀμυδρὰν
1253 3000 1467 3055 ἔννοιαν
1501 3002 1748 3076 ἔλθωμεν
1783 3007 1886 3079 τῆς

299 3081 554 3152 ἐνότητος
605 3086 704 3138 καὶ
741 3088 844 3156 τῆς
878 3089 992 3142 τῶν
1019 3092 1190 3162 τριῶν
1218 3092 1536 3161 προσώπων
1593 3097 1882 3170 ἰδιότητος.

301 3174 412 3228 Καὶ
444 3175 553 3245 γὰρ
587 3178 726 3246 μετὰ
753 3180 855 3249 τῆς
881 3181 1137 3250 ἐνότητος
1165 3186 1261 3236 καὶ
1285 3185 1386 3256 τὴν
1405 3187 1682 3258 διάκρισιν
1715 3191 1884 3261 ἀναγ-

302 3268 454 3320 καῖον
490 3269 801 3338 ὁμολογεῖνο
831 3271 922 3325 ἳνα
951 3273 1176 3328 Μονάδα
1208 3276 1268 3328 ὲν
1303 3277 1496 3348 Τριάδι
1526 3279 1624 3334 καὶ
1674 3283 1886 3352 Τριάδα
1912 3262 1954 3320 C

301 3357 362 3412 ἑν
384 3359 591 3416 Μονάδι
634 3362 1012 3438 πιστεύωμεν.

375 3636 697 3709 Βουλόμενοι
728 3640 913 3695 τοῖνυν
940 3641 990 3696 oi
1019 3641 1170 3712 ἅγιοι
1217 3644 1313 3699 καί
1342 3664 1467 3702 τινα
1513 3646 1720 3704 διδόναι
1753 3650 1890 3720 ἡμῖν

302 3730 509 3796 εἰκόνα,
541 3731 683 3786 ὥστε
722 3733 823 3804 τὴν
869 3737 998 3804 μίαν
1044 3739 1265 3807 ἐκείνην
1295 3740 1391 3793 καὶ
1421 3741 1666 3812 ἄρρητον
1693 3742 1888 3796 οὐσίαν

301 3819 429 3889 τρία
477 3823 746 3892 πρόσωπα
800 3825 1182 3882 ἰδιοῦπόστατα
1235 3831 1658 3900 φαντάζεσθαι,
1706 3835 1734 3886 ὁ
1789 3835 1892 3904 μὲν

305 3915 570 3984 Θεολόγος
619 3917 925 3990 Γρηγόριος
970 3921 1124 3990 λέγει
1153 3924 1290 3994 (50),
1337 3943 1357 3979 ι
1405 3926 1720 3996 Ὀφθαλμόν
1769 3947 1892 3984 τινα

302 4011 402 4063 ναὶ
433 4012 618 4079 πηγὴν
644 4014 738 4067 καὶ
765 4015 1015 4085 ποταμὸν
1035 4018 1321 4088 ἐνενόησαθ
1361 4037 1380 4071 ι
1413 4021 1506 4072 καὶ
1542 4039 1562 4071 ι
1587 4021 1756 4074 Πάλιν
1776 4023 1891 4093 (51)

302 4100 456 4173 ἣλιον
512 4103 861 4176 ἐνεθυμήθην
902 4108 1113 4163 ’ἀκτῖνα
1164 4110 1261 4163 καὶ
1315 4109 1453 4180 φῶς.
1495 4129 1514 4163 ι
1573 4112 1682 4165 Καὶ
1727 4112 1893 4166 πάλιν

305 4195 493 4264 φησιν,
541 4214 560 4249 ι
597 4196 813 4269 Ὠσπερ
845 4200 955 4271 γὰρ
1005 4202 1063 4254 αί
1117 4201 1214 4255 τοῦ
1250 4204 1432 4271 φωτὸς
1486 4203 1709 4268 ἀκτῖνες
1756 4204 1895 4274 ἀμέ-

307 4302 490 4356 ριστον
521 4287 740 4359 ἔχουσαι
765 4291 908 4346 κατὰ
947 4294 1112 4363 φύσιν
1139 4294 1240 4365 τὴν
1270 4295 1410 4367 πρὸς
1442 4297 1653 4366 ἄλληλα
1680 4298 1891 4369 σχέσιν,

305 4376 434 4431 οὕτε
461 4379 555 4432 τοῦ
583 4380 763 4449 φωτὸς
789 4384 1144 4454 χωρίζονται,
1178 4384 1304 4439 οὔτε
1339 4385 1594 4458 ἀλλήλων
1646 4389 1894 4458 ἀποτέμ-

304 4486 512 4534 νονται,
547 4473 642 4526 καὶ
675 4473 874 4544 μέχρις
905 4476 1069 4546 ἡμῶν
1099 4477 1202 4548 τὴν
1229 4479 1393 4550 χάριν
1422 4478 1517 4532 τοῦ
1550 4479 1729 4549 φωτὸς
1755 4481 1894 4533 ἁπο-

1979 2013 2134 2056 crum
2164 1997 2242 2053 illi
2273 1997 2556 2068 proprium
2593 1996 2723 2051 licet
2753 2009 3059 2052 assumere.
3101 2005 3228 2048 cum
3258 1991 3374 2054 illa,
3400 2003 3568 2058 supra

1977 2105 2196 2148 omnem
2238 2089 2533 2145 essentiam
2597 2101 2930 2156 omnemque
2978 2085 3178 2140 mentis
3233 2083 3568 2154 cogitatum,

1979 2183 2124 2240 citra
2149 2195 2368 2238 onmem
2395 2180 2868 2250 comparationem
2895 2177 3057 2246 longe
3090 2175 3351 2232 emineat.
3382 2171 3574 2240 Quod-

1980 2288 2109 2329 nam
2149 2289 2282 2329 vero
2311 2287 2378 2328 ex
2421 2273 2680 2326 humanis
2711 2271 2877 2326 rebus
2927 2277 3208 2337 sumptum
3258 2265 3571 2335 exemplum

1982 2380 2048 2421 ac
2099 2364 2456 2420 simulacrum
2492 2365 2778 2433 proprium
2827 2361 3082 2427 exsistat,
3119 2375 3243 2430 quae
3271 2373 3463 2414 omnes
3515 2358 3572 2411 in

1979 2457 2094 2530 iugi
2126 2465 2248 2511 ortu
2278 2466 2334 2512 et
2372 2455 2622 2519 interitu,
2647 2454 2979 2524 deﬂuxuque
3008 2468 3074 2509 ac
3106 2453 3417 2507 mutatione
3439 2464 3572 2505 con-

1983 2549 2333 2618 spiciantur?
2365 2547 2520 2602 Sicut
2542 2555 2725 2601 tamen
2751 2562 2819 2602 ex
2851 2540 2917 2602 iis
2940 2560 3063 2615 qua:
3084 2560 3150 2600 ex
3185 2546 3423 2600 humano
3449 2550 3577 2598 sunt

1985 2655 2089 2695 usu
2117 2639 2491 2702 nominamus,
2539 2653 2609 2693 ne
2641 2636 2763 2705 ejus
2816 2637 3037 2706 penitus
3087 2643 3341 2705 expertes
3387 2632 3577 2702 cogni-

1986 2731 2154 2786 tionis
2180 2731 2354 2785 simus
2391 2729 2576 2798 (quod
2629 2731 2703 2784 ita
2752 2727 2994 2784 voluisse
3025 2742 3092 2782 ex
3139 2725 3384 2780 bonitate
3429 2722 3574 2779 nulla

1987 2823 2282 2878 verborum
2314 2821 2365 2875 vi
2389 2817 2720 2889 explicabili,
2749 2818 3121 2873 Damascenus
3143 2815 3348 2882 docet),
3374 2829 3484 2868 non
3517 2820 3580 2866 ut

1986 2917 2106 2986 ejus
2139 2922 2415 2975 naturam,
2447 2910 2582 2981 quid
2612 2912 2705 2978 sit,
2740 2911 3121 2974 ostendamus,
3171 2909 3266 2964 sed
3304 2916 3366 2961 ut
3398 2905 3579 2976 qualis

1989 3005 2210 3062 tandem
2265 3005 2357 3068 sit,
2407 3005 2788 3064 exliibeamus,
2837 3002 3027 3058 eodem
3079 3003 3243 3057 etiam
3292 2999 3459 3053 modo
3508 3011 3576 3051 ex

1993 3098 2190 3154 iisdem
2234 3096 2654 3153 similitudinem
2696 3095 2998 3156 trahimus,
3045 3094 3332 3163 ipsamque
3378 3103 3581 3157 reprac-

1992 3199 2297 3252 sentamus,
2335 3199 2393 3243 ut
2431 3189 2499 3243 ad
2531 3188 2820 3244 obscuram
2867 3183 3096 3240 unitatis
3139 3198 3203 3238 ac
3249 3181 3413 3236 trium
3453 3193 3582 3248 per-

1989 3296 2248 3336 sonarum
2279 3279 2632 3350 proprietatis
2661 3275 3078 3346 intelligentiam
3118 3273 3432 3328 veniamus.
3458 3267 3582 3323 Etc-

1991 3375 2105 3427 nim
2153 3386 2381 3428 necesse
2429 3378 2514 3426 est
2571 3377 2632 3424 ut
2681 3383 2809 3424 cum
2865 3368 3114 3431 unitate,
3163 3362 3579 3419 distinctionem

1991 3479 2216 3534 quoque
2265 3462 2667 3527 conﬂteamur;
2717 3475 2828 3531 quo
2872 3460 3133 3514 nimirum
3190 3456 3468 3512 Unitatem
3522 3452 3580 3507 in

1991 3556 2280 3622 Trinitate,
2325 3565 2380 3609 et
2411 3553 2735 3608 Trinitatem
2769 3554 2824 3606 in
2861 3551 3077 3607 Unitate
3104 3547 3417 3604 credamus.

2067 3649 2202 3704 Cum
2241 3648 2426 3717 itaque
2468 3662 2536 3702 eo
2569 3646 2760 3700 animo
2797 3641 2974 3699 sancti
3005 3647 3192 3696 essent
3215 3675 3232 3702 ,
3263 3647 3326 3693 ut
3359 3636 3580 3706 aliquod

1995 3743 2156 3799 nobis
2193 3739 2554 3797 simulacrum
2596 3736 2892 3798 traderent,
2917 3747 3030 3803 quo
3053 3745 3216 3784 unam
3242 3728 3390 3782 illam
3418 3737 3585 3797 atque

1995 3848 2254 3890 arcanam
2273 3830 2596 3894 essentiam,
2617 3839 2727 3883 tres
2743 3825 3016 3881 Personas
3039 3837 3166 3878 vere
3188 3837 3254 3877 ac
3269 3835 3366 3891 per
3389 3834 3449 3875 se
3473 3820 3588 3874 sin-

1997 3929 2152 4000 gulas
2203 3925 2534 3981 exsistentes
2585 3920 2770 3975 animo
2795 3917 3232 3986 conciperemus,
3287 3912 3586 3983 Gregorius

1996 4021 2218 4090 quidem
2250 4016 2570 4086 Theologus
2593 4013 2673 4069 sic
2700 4011 2909 4083 profert
2935 4028 2950 4066 :
2984 4029 3003 4062 ι
3030 4009 3260 4064 Oculum
3289 4005 3585 4078 quemdam

1996 4125 2051 4170 et
2086 4113 2290 4168 fontem
2315 4126 2380 4166 ac
2399 4110 2624 4164 ﬂuvium
2649 4103 3092 4177 mibipmposui.
3128 4123 3146 4155 ι
3175 4102 3292 4159 Ac:
3323 4120 3342 4153 ι
3371 4099 3587 4154 Rursus

1999 4207 2168 4263 solem
2190 4214 2245 4261 et
2276 4205 2492 4259 radium
2516 4211 2571 4258 et
2601 4189 2780 4256 lucem
2806 4200 3061 4269 cogitavi.
3093 4216 3111 4248 ι
3142 4197 3220 4252 Ac
3245 4209 3438 4250 rursus
3467 4193 3584 4249 ait:

2007 4317 2026 4349 ε
2056 4293 2534 4364 Quemadmodum
2575 4291 2721 4346 enim
2757 4289 2898 4345 lucis
2935 4288 3095 4352 radii,
3129 4302 3256 4342 cum
3293 4285 3584 4340 indivisam

2001 4389 2143 4443 inter
2173 4403 2233 4444 se
2277 4384 2585 4440 naturalem
2616 4381 3080 4437 necessitudinem
3134 4379 3393 4442 habeant,
3428 4390 3526 4431 nec
3556 4391 3588 4430 a

1976 4483 2125 4550 ,luce
2155 4480 2550 4550 sejunguntur,
2593 4490 2693 4530 nec
2721 4475 2791 4529 ab
2839 4474 3070 4527 invicem
3104 4471 3475 4531 dissecantur,
3537 4477 3594 4522 et

309 4561 641 4616 στέλλουσιν⁹
674 4566 764 4617 τδν
793 4566 957 4620 αὑτὸν
987 4567 1191 4638 τρόπον
1229 4571 1325 4624 καὶ
1356 4572 1385 4624 ὁ
1415 4572 1608 4642 Σωτὴρ
1637 4573 1666 4625 ὁ
1695 4574 1886 4643 interc.

2004 4574 2071 4628 ad
2113 4587 2216 4628 nos
2265 4585 2442 4642 usque
2499 4568 2640 4625 lucis
2694 4582 2898 4622 munus
2951 4564 3372 4619 transmittunt:
3415 4560 3499 4616 sic
3537 4569 3594 4612 et

309 4671 406 4724 ρος
445 4657 538 4709 καὶ
565 4657 627 4710 τὸ
664 4656 895 4728 Πνεῦμα
919 4661 978 4712 τὸ
1001 4662 1185 4730 ἅγιον,
1215 4664 1249 4734 ὴ
1282 4663 1506 4734 δίδυμος
1544 4665 1640 4718 τοῦ
1677 4667 1886 4737 Πατρδς

2007 4665 2259 4721 Salvator
2285 4672 2474 4720 noster
2503 4675 2569 4716 ac
2595 4659 2836 4730 Spiritus
2870 4667 3092 4710 sanctus
3127 4654 3147 4721 (
3175 4651 3352 4706 Patris
3383 4649 3592 4720 gemel-

303 4748 491 4814 ἁκτὶς,
521 4751 616 4804 καὶ
646 4752 844 4822 μέχρις
867 4753 900 4824 ἡ
910 4753 1028 4824 μῶν
1054 4755 1390 4810 διακονεῖται
1422 4758 1527 4828 τῆς
1551 4759 1809 4829 ἀληθείας
1836 4762 1898 4815 τὸ

305 4840 427 4908 φῶς
462 4841 559 4894 καὶ
584 4842 662 4913 τῷ
688 4844 867 4914 Πατρὶ
887 4847 1251 4916 συνήνωται.»
1284 4849 1395 4903 Καὶ
1413 4851 1576 4905 πάλιν
1601 4851 1739 4922 (52),
1769 4870 1787 4903 ι
1811 4853 1900 4917 Ὠς

2003 4761 2085 4814 lus
2119 4755 2378 4826 splendor
2403 4767 2470 4808 ac
2497 4749 2730 4819 radius)
2767 4758 2822 4804 et
2844 4747 2912 4803 ad
2947 4762 3047 4801 nos
3074 4760 3250 4814 usque
3278 4736 3594 4797 ministrant

2000 4851 2246 4908 veritatis
2296 4849 2504 4909 lumen,
2551 4842 2831 4909 iidemque
2883 4839 3034 4894 Patri
3073 4837 3208 4892 uniti
3256 4844 3406 4891 sunt.
3440 4854 3459 4886 ι
3512 4837 3592 4890 Ae

304 4933 418 5006 γὰρ
449 4935 549 4988 οὐκ
579 4935 696 4989 ἔστι
721 4937 931 5007 μεταξὺ
961 4936 1054 4992 νοῦ
1082 4940 1178 4993 καὶ
1210 4941 1568 5012 ἐνθυμήσεως
1597 4944 1691 4997 καὶ
1720 4944 1886 5016 ψυχῆς

2000 4958 2240 5000 rursus:
2283 4959 2301 4992 ι
2332 4933 2810 5005 Quemadmodum
2861 4932 3008 4987 cnim
3054 4931 3169 4985 ﬁeri
3228 4944 3336 4985 non
3393 4936 3590 4997 potest,

302 5026 579 5099 διαίρεσιν
617 5029 979 5100 ἐπινοηθῆναι
1011 5049 1137 5087 τινα
1178 5033 1276 5086 καὶ
1308 5037 1484 5104 τομήν
1507 5053 1520 5067 ·
1572 5035 1750 5100 οὕτως
1775 5038 1899 5092 οὐδὲ

303 5123 403 5178 τοῦ
454 5126 612 5194 ἁγίου
669 5129 994 5199 Πνεύματος
1044 5131 1141 5184 καὶ
1191 5129 1286 5184 τοῦ
1344 5132 1601 5203 Σωτῆρος
1653 5135 1752 5189 καὶ
1801 5134 1898 5189 τοῦ

305 5216 526 5285 Πατρὺς
578 5219 639 5270 ἐν
687 5221 845 5291 μέσῳ
883 5221 1060 5293 τομὴν
1121 5221 1155 5293 ἦ
1206 5223 1480 5293 διαίρεσιν
1538 5224 1899 5294 ἐπινοηθῆναί

306 5324 466 5361 ποτε⁹
503 5328 522 5362 ι
557 5312 652 5364 καὶ
684 5312 850 5367 πάλιν
884 5313 1023 5384 ('55),
1077 5333 1096 5366 ι
1121 5315 1451 5386 Ἀμέριστος
1491 5319 1550 5369 ὲν
1594 5319 1896 5386 μεριστοίς,

305 5400 360 5452 εἰ
392 5400 473 5455 δεῖ
502 5403 788 5474 συντόμως
823 5407 1026 5476 εἰπεῖν,
1060 5409 1094 5479 ἡ
1115 5407 1331 5481 θεότης,
1367 5409 1466 5464 καὶ
1493 5402 1609 5464 οἷον
1638 5409 1697 5464 ἐν
1724 5408 1900 5481 ήλίοις

385 5577 431 5609 ³⁸⁵
459 5575 615 5634 Juan.
640 5595 718 5644 tv,
747 5579 844 5636 24.

389 5769 500 5838 (29)
533 5768 651 5826 Lib.
684 5786 724 5836 ι,
759 5786 808 5824 c-.
844 5770 930 5825 l3.

387 5839 502 5905 (30)
527 5838 678 5896 Orat.
715 5843 805 5894 37.

389 5910 500 5980 (3i)
533 5909 683 5967 Orat.
727 5910 814 5966 45.

2010 5049 2069 5090 ut
2107 5036 2248 5088 inter
2275 5039 2508 5086 mentem
2547 5037 2602 5083 et
2632 5025 3020 5097 cogitationem
3067 5023 3426 5092 animumque
3455 5022 3598 5076 divi-

2009 5129 2093 5181 sio
2121 5125 2231 5178 ulla
2259 5138 2324 5178 ac
2353 5120 2612 5177 dissectio
2665 5117 3021 5187 intelligatur,
3095 5117 3177 5170 sic
3228 5129 3408 5178 neque
3462 5114 3588 5182 Spi-

2008 5217 2147 5271 ritus
2205 5213 2382 5270 sancti
2436 5227 2502 5266 ac
2554 5209 2854 5264 Salvatoris
2903 5207 3191 5278 Patrisque
3246 5206 3423 5262 media
3483 5207 3591 5261 ulla

2009 5323 2252 5379 unquam
2281 5306 2540 5362 dissectio
2565 5319 2630 5359 ac
2657 5302 2860 5359 divisio
2892 5301 3272 5357 intercessisse
3301 5299 3590 5370 cogitanda

2009 5413 2112 5460 est.
2145 5420 2166 5455 ι
2201 5406 2278 5456 Ac
2319 5413 2556 5456 rursus:
2593 5417 2612 5450 ι
2656 5397 2942 5453 Individua
2978 5397 3030 5451 in
3070 5396 3310 5452 dividuis
3335 5395 3353 5464 (
3383 5404 3441 5447 ut
3478 5405 3591 5446 uno

2085 5768 2198 5837 (52)
2234 5767 2388 5825 Orat.
2416 5768 2506 5822 45.

2085 5841 2197 5909 (55)
2230 5843 2377 5895 Orat.
2406 5839 2474 5894 57
2488 5879 2506 5892 .
