4074 6420
435 336 542 401 535

1702 353 1865 414 MAN
1874 353 2101 414 UELlS
2141 354 2452 418 CALECIE

3597 357 3703 422 536

435 465 494 509 ut
523 470 622 512 nos
671 470 890 527 quoque
940 460 1209 532 tantisper
1260 462 1387 519 inde
1417 477 1484 520 eo
1527 467 1919 537 provehantur,
1955 478 2015 522 ut

2122 483 2326 536 νουσιν,
2345 470 2434 524 ἵνα
2462 469 2558 524 καὶ
2585 467 2749 540 ἡμεῖς
2779 467 3020 542 μετρίως
3039 470 3108 524 ἐκ
3135 467 3347 525 τούτων
3379 473 3461 536 είς
3490 472 3704 531 ἔννοιαν

436 561 699 617 personas
723 547 778 602 in
806 547 917 603 Deo
948 549 1097 620 ipsas
1120 553 1342 623 proprie
1375 570 1441 612 ac
1470 569 1566 626 per
1596 572 1656 613 se
1685 558 2009 624 subsistere.

432 640 861 710 proprietatibus
893 642 1472 712 incommunicabiles,
1527 663 1593 704 ac
1641 649 1784 705 inter
1824 666 1886 706 se
1923 653 2013 705 in-

387 804 390 806 ,
431 730 786 797 separabiles,
823 730 1238 801 intelligamus;
1269 743 1438 806 utque
1477 737 1609 793 item
1653 754 1781 794 cum
1815 738 2010 797 inlide-

429 821 564 877 lium
595 823 864 894 quispiam
911 829 1277 895 accusaverit,
1306 828 1420 886 Cur
1465 847 1636 887 unum
1687 833 1856 889 Deum
1910 835 2012 888 tria

429 915 682 970 dicamus
713 931 776 972 ac
800 918 902 974 tria
929 934 1124 987 unum,
1157 923 1434 988 possimus
1461 927 1626 980 etiam
1651 928 1919 999 exemplis
1944 945 2014 984 ex

428 1007 673 1063 humano
708 1025 812 1064 usu
838 1009 1022 1080 petitis
1053 1011 1184 1066 huic
1233 1013 1326 1069 tali
1364 1029 1428 1070 os
1457 1017 1771 1082 occludere,
1821 1029 2011 1076 osten—

427 1099 618 1154 dentes
643 1115 712 1154 ne
738 1099 792 1154 in
828 1101 991 1157 reh’us
1031 1103 1166 1172 ipsis
1197 1105 1339 1162 istud
1369 1106 1586 1174 deesse,
1612 1109 1860 1178 quamvis
1890 1125 2012 1165 om-

427 1192 562 1246 nino
588 1192 847 1249 deliclaut
884 1207 949 1248 ac
975 1209 1138 1264 quam
1174 1195 1494 1267 longissime
1523 1199 1708 1256 absint
1740 1201 1808 1256 ab
1837 1217 1926 1264 eo,
1954 1211 2015 1258 ut

427 1295 539 1338 tum
573 1285 831 1341 unionem
871 1295 987 1341 tum
1013 1288 1449 1357 distinctionem,
1487 1305 1612 1359 qua:
1653 1302 1738 1348 est
1770 1292 1824 1346 itt
1870 1293 2014 1348 divi-

425 1377 532 1442 nis,
563 1379 698 1433 satis
727 1378 1048 1435 exhibeant.
1080 1379 1368 1448 Quomodo
1401 1383 1546 1437 enim
1577 1399 1701 1454 qua:
1721 1399 1877 1440 serva
1905 1385 2016 1441 sint

426 1477 594 1539 atque
627 1471 883 1537 subdita,
924 1470 1156 1528 Domino
1204 1490 1268 1530 ac
1333 1487 1598 1532 creatura:
1627 1477 1898 1544 Creatori,
1937 1481 2016 1535 vi‘

423 1561 542 1616 deri
577 1565 791 1632 possint
822 1562 1250 1635 perfectionibus
1272 1567 1472 1638 paria?
1519 1567 1724 1625 Idcirco
1760 1587 1871 1626 non
1899 1586 2017 1627 om-

426 1669 524 1709 ncs
564 1656 926 1726 proprietates
949 1673 1141 1714 earum
1169 1659 1379 1726 rerum,
1417 1676 1553 1731 quas
1582 1664 1835 1733 exempla
1873 1679 2012 1720 enu-

424 1749 692 1802 morando
723 1749 1033 1819 attulimus,
1063 1752 1118 1807 in
1146 1751 1259 1809 Deo
1303 1755 1678 1822 assumimus;
1709 1757 1806 1812 sed
1839 1773 2013 1827 quan-

424 1847 538 1896 tum
567 1837 622 1893 in
648 1838 730 1894 eis
755 1850 861 1906 est,
887 1842 1033 1912 quod
1058 1843 1516 1900 necessitudinem
1543 1861 1668 1901 cum
1692 1861 1760 1903 eo
1789 1847 2008 1915 habeat,

426 1931 575 2000 quod
599 1931 678 1988 sic
703 1933 848 1988 velut
874 1934 1172 1990 simulacro
1193 1951 1258 1991 ac
1280 1935 1523 2007 imagine
1547 1947 2008 2009 reprmsentatur:

427 2021 508 2080 lic
541 2024 827 2088 nimirum.
861 2035 921 2081 ut
959 2041 1022 2082 ex
1059 2027 1170 2083 alio
1205 2028 1352 2098 quod
1384 2028 1544 2086 Pater
1571 2041 1627 2087 et
1656 2030 1827 2089 Filius
1863 2033 2013 2088 inse-

425 2118 699 2189 parabiles
733 2118 881 2185 sint;
918 2135 986 2175 ex
1014 2119 1146 2186 alio,
1189 2121 1336 2191 quod
1372 2122 1572 2177 divina:
1602 2139 1849 2194 personaI
1881 2140 2014 2183 con-
2049 2117 2081 2138 ”

424 2211 817 2267 substantiales
849 2221 1014 2282 atque
1043 2212 1372 2284 conjunctae,
1405 2215 1754 2286 habeantque
1775 2219 1924 2273 inter
1953 2236 2013 2275 se

423 2302 694 2369 ordinem,
745 2319 810 2359 ac
841 2319 952 2360 una
989 2320 1179 2360 earum
1231 2306 1473 2376 potentia
1517 2309 1588 2362 sit
1632 2316 1687 2363 et
1731 2309 2010 2378 operatio:

425 2394 686 2465 aliudque
715 2411 781 2452 ex
811 2397 919 2452 alio
954 2397 1258 2453 habeamus
1285 2415 1301 2464 ;
1342 2398 1630 2454 intervalla
1660 2414 1793 2455 Vero
1824 2411 1879 2456 et
1915 2401 2012 2456 de-

423 2487 692 2543 ﬂuxiones
721 2503 786 2543 ac
813 2489 1248 2559 compositiones
1291 2490 1690 2561 transitusque,
1724 2506 1790 2547 ac
1829 2493 1874 2549 si
1905 2509 2016 2563 qua

422 2579 635 2649 reliqua
680 2589 881 2634 nostra:
915 2579 1235 2650 indigentia!
1278 2590 1431 2647 sunt,
1481 2582 1548 2637 iis
1585 2583 1806 2638 demum
1850 2585 2014 2640 rebus

423 2686 548 2740 quae
581 2672 842 2727 oriuntur
870 2680 925 2726 et
962 2671 1240 2728 intereunt
1289 2673 1687 2744 projiciamus;
1738 2677 1816 2732 uti
1847 2677 2015 2732 etiam

429 2765 509 2822 ait
549 2763 850 2835 Gregorius
882 2765 1234 2836 Theologus:
1267 2785 1285 2818 ι
1310 2765 1456 2822 Nihil
1491 2777 1576 2823 est
1620 2768 1672 2824 in
1703 2785 1811 2840 quo
1856 2786 2015 2827 mens

426 2875 549 2915 mea
578 2861 808 2930 gradum
841 2861 1006 2929 ﬁgere
1045 2870 1230 2931 queat,
1262 2862 1416 2928 dum,
1451 2863 1600 2933 quod
1631 2864 1924 2935 imaginor,
1957 2866 2013 2921 in

427 2953 694 3023 exemplis
710 2953 1001 3012 considero
1027 2973 1042 3011 :
1061 2957 1168 3012 nisi
1194 2956 1336 3012 forte
1352 2957 1478 3028 quis
1496 2973 1558 3013 ea
1576 2959 1743 3015 animi
1765 2961 2018 3031 aequitate

2117 561 2366 633 ἔλθωμεν
2394 562 2492 616 τοῦ
2535 562 2922 616 ίδιοΰπόστατα
2956 557 3104 617 εῖναι
3149 563 3220 618 τά
3268 562 3330 617 ὲν
3384 567 3453 636 τῇ
3511 567 3705 638 Τριάδι

2117 654 2238 708 θεῖα
2269 653 2565 725 πρόσωπα,
2593 656 2718 717 ταῖς
2748 655 3013 726 ἰδιότησιν
3044 655 3400 726 ἀκοινώνητα
3436 660 3533 713 καὶ
3561 661 3706 732 ἀχώ-

2119 764 2280 817 ριστα
2309 747 2584 818 ἀλλήλωνο
2620 747 2716 800 καὶ
2743 747 2830 800 ἵνα
2863 748 2996 802 ὅταν
3028 765 3116 812 τις
3161 749 3272 803 τῶν
3298 750 3548 805 ἀπίστων
3572 753 3707 824 ημῖν

2117 840 2352 912 ἐγκαλῇ,
2389 842 2507 903 πῶς
2536 841 2630 894 τὸν
2663 841 2762 895 ἕνα
2791 839 2925 895 Θεὸν
2949 839 3079 910 τρία
3103 839 3338 912 λέγομεν
3363 841 3457 895 καὶ
3478 840 3550 896 τὰ
3577 843 3707 914 τρία

2117 935 2197 998 ἓν,
2225 935 2443 1005 ἔχωμεν
2478 932 2572 986 καὶ
2629 931 2738 989 ἀπὸ
2784 931 2896 985 τῶν
2951 931 3078 986 καθ’
3108 933 3259 1001 ἡμᾶς
3307 931 3400 985 τὸν
3459 932 3707 989 τοιοῦτον

2117 1025 2522 1095 ἐπιστομίζειν,
2545 1023 2855 1086 δεικνύντες
2877 1024 2962 1078 ὅτι
2977 1023 3097 1077 οὐδὲ
3119 1023 3177 1076 ἐν
3199 1025 3311 1087 τοῖς
3325 1023 3476 1078 οὖσιν
3508 1025 3710 1080 ἄπεστι

2116 1121 2294 1187 τοῦτο,
2339 1122 2388 1174 εί
2433 1120 2528 1173 καὶ
2559 1121 2916 1172 παντάπασιν
2965 1118 3266 1171 ἀποδέουσι
3294 1117 3392 1172 καὶ
3420 1117 3710 1172 λείπονται

2117 1213 2257 1285 πρὸς
2281 1214 2342 1267 τὸ
2369 1212 2544 1278 δεῖξαι
2580 1212 2681 1280 τὴν
2726 1212 2825 1266 ἐπὶ
2871 1210 3008 1265 Θεοῦ
3038 1209 3238 1264 ἕνωσίν
3268 1227 3330 1264 τε
3367 1210 3463 1264 καὶ
3491 1210 3711 1281 διάκρι-

2120 1323 2226 1360 σιν.
2254 1307 2378 1366 Πῶς
2409 1305 2517 1378 γάρ
2549 1303 2618 1357 τὰ
2646 1301 2811 1356 δοῦλα
2847 1303 2945 1356 καὶ
2989 1301 3286 1372 ὑποχείρια
3323 1299 3403 1371 τῷ
3433 1300 3709 1373 Δεσπότῃ,

2117 1401 2216 1450 καὶ
2261 1395 2340 1466 τῷ
2369 1393 2694 1466 δημιουργῷ
2745 1392 2814 1447 τά
2849 1391 3326 1463 δημιουργήματα
3373 1392 3711 1461 φανήσονται

2116 1490 2239 1551 ταῖς
2265 1487 2602 1556 τελειότησιν
2654 1485 2785 1549 ἴσας
2821 1483 2921 1537 Διὰ
2953 1481 3113 1536 τοῦτο
3141 1483 3206 1536 οὐ
3247 1483 3426 1537 πάντα
3455 1482 3526 1536 τὰ
3559 1483 3709 1538 ἰδιῶο

2119 1596 2268 1645 ματα
2320 1579 2431 1632 τῶν
2475 1576 2858 1649 προτεθέντων
2891 1575 3249 1645 λαμϐάνομεν
3287 1575 3382 1630 ἐπὶ
3416 1575 3512 1628 τοῦ
3543 1575 3709 1641 Θεοῦ,

2117 1671 2236 1726 ἀλλ’
2267 1672 2394 1726 ὅσον
2427 1670 2527 1741 μὲν
2570 1670 2719 1724 ἔστιν
2750 1671 2809 1725 ἐν
2853 1669 3068 1732 τούτοις
3120 1667 3436 1736 οἰκειότητα
3480 1665 3621 1738 πρὸς
3649 1666 3714 1720 τὸ

2051 1807 2091 1862 Β
2117 1763 2524 1833 είκονιζόμενον
2571 1761 2718 1832 ἔχον,
2753 1757 3272 1862 λαμδάνομενοηάπ
3298 1757 3600 1862 ἄλλου-μὲν

2117 1855 2426 1927 ἀχώριστον
2455 1854 2668 1926 Πατρδς
2706 1857 2802 1909 καὶ
2831 1852 2986 1916 Υίοῦ,
3020 1851 3118 1905 ἀπ’
3144 1851 3310 1907 ἄλλου
3344 1849 3401 1903 δὲ
3426 1850 3488 1903 τδ
3513 1849 3713 1920 όμοού-

2121 1967 2239 2004 σιον
2283 1947 2380 2003 καὶ
2426 1947 2487 2001 τὸ
2520 1947 2898 2018 συνημμένον,
2953 1947 3048 2000 καὶ
3082 1944 3146 1999 τὺ
3189 1945 3290 2015 τῆς
3322 1945 3462 2013 πρὸς
3499 1943 3712 2014 ἄλληλα

2119 2040 2328 2106 τάξεως
2349 2038 2460 2092 τῶν
2488 2037 2653 2092 θείων
2687 2035 3023 2108 προσώπων,
3052 2036 3148 2089 καὶ
3176 2034 3278 2106 τὴν
3312 2034 3444 2103 μίαν
3475 2032 3712 2102 δύναμιν

2120 2133 2218 2188 καὶ
2254 2132 2540 2201 ἐνέργειαν
2561 2144 2577 2159 ·
2611 2130 2705 2182 καὶ
2747 2127 2878 2183 ἄλλο
2925 2129 2986 2196 ἐξ
3017 2127 3181 2180 ἄλλου
3208 2143 3224 2160 ο
3275 2125 3626 2196 διαστήματα
3655 2125 3715 2178 δὲ

2121 2226 2218 2278 καὶ
2275 2222 2488 2294 ρεύσεις
2546 2224 2644 2276 καὶ
2702 2220 2986 2283 συνθέσεις
3034 2220 3130 2274 καὶ
3189 2217 3556 2290 μεταϐάσεις,
3617 2217 3718 2271 καὶ

2117 2317 2289 2373 τᾶλλα
2315 2318 2415 2370 ὅσα
2441 2316 2542 2385 τῆς
2569 2313 2693 2368 καθ’
2721 2315 2872 2386 ἡμᾶς
2897 2314 3107 2376 ἐνδείας
3134 2313 3274 2378 είσὶ,
3306 2312 3421 2374 τοῖς
3455 2311 3514 2364 ἑν
3557 2309 3720 2379 γενέ-

2123 2433 2206 2470 σει
2239 2415 2336 2468 καὶ
2371 2412 2552 2486 φθορᾷ
2582 2412 3024 2484 άπορῤίπτομεν,
3057 2409 3201 2464 καθά
3229 2425 3366 2479 φησι
3398 2409 3499 2461 καὶ
3521 2406 3550 2459 ό
3575 2406 3716 2460 Θεο-

2121 2511 2276 2577 λόγος
2332 2508 2638 2578 Γρηγόριος
2669 2506 2807 2575 (54),
2847 2524 2865 2558 ι
2899 2505 3025 2558 Ὅτι
3062 2503 3218 2557 οὐδέν
3252 2503 3402 2556 ἐστιν
3429 2501 3458 2555 ὅ
3489 2517 3581 2570 μοι
3611 2499 3717 2570 τὴν

2121 2603 2364 2656 διάνοιαν
2429 2601 2646 2671 ἵστησιν
2676 2601 2769 2652 ἐπὶ
2800 2598 2910 2653 τῶν
2945 2597 3368 2666 ὑποδειγμάτων
3407 2593 3705 2665 θεωροῦντι

2121 2695 2184 2750 τὸ
2211 2691 2646 2764 φανταζόμενον·
2676 2691 2818 2760 πλὴν
2842 2692 2894 2744 ei
2913 2707 2998 2753 τις
3023 2689 3087 2743 ἓν
3109 2707 3163 2742 τι
3179 2685 3366 2742 λαϐὼν
3391 2687 3489 2740 ὑπ’
3512 2687 3722 2754 εὐγνω-

2129 2785 2391 2856 μοσύνης,
2421 2785 2492 2838 τὰ
2518 2781 2684 2836 λοιπὰ
2715 2780 2947 2853 ῥίψειεν.
2988 2800 3006 2832 ι
3041 2781 3154 2834 Καὶ
3185 2779 3294 2849 γὰρ
3321 2777 3420 2833 καὶ
3445 2776 3506 2831 τὺ
3537 2774 3722 2848 παρά-

2122 2879 2325 2949 δειγμα
2382 2873 2662 2945 πανταχοῦ
2695 2872 2844 2927 κατά
2894 2890 2946 2926 τι
3005 2871 3103 2942 μὲν
3155 2869 3416 2940 ἀνόμοιόν
3472 2869 3589 2920 ἐστι
3636 2863 3720 2935 τῷ

2125 2968 2539 3038 είκονιζομένῳ,
2574 2965 2718 3021 κατὰ
2749 2984 2804 3020 τι
2845 2965 2903 3018 δὲ
2951 2964 3163 3034 ὅμοιον.
3199 2961 3262 3014 El
3299 2961 3400 3031 μὲν
3429 2958 3540 3030 γὰρ
3571 2959 3722 3012 κατὰ

427 3047 523 3111 sit,
543 3054 604 3102 ut
627 3062 750 3104 cum
773 3063 942 3103 unum
972 3048 1102 3118 quid
1128 3064 1194 3104 ex
1217 3052 1496 3121 proposita
1528 3051 1766 3122 imagine
1792 3069 2017 3125 accepe-

2126 3065 2309 3118 πάντα
2331 3061 2640 3134 ὁμοιοῦται,
2667 3059 2770 3113 οὐκ
2816 3058 2934 3111 ἐστι
2981 3055 3342 3125 παράδειγμα
3380 3050 3615 3115 ἐκείνου,
3654 3038 3722 3102 οὗ

427 3138 522 3205 rit,
569 3139 776 3210 reliqua
809 3139 1084 3211 projiciat.
1117 3159 1136 3193 ι
1168 3139 1305 3195 Nam
1355 3152 1411 3199 et
1455 3146 1769 3214 exemplum
1818 3147 2017 3216 ubique

2129 3157 2316 3226 άκρως
2346 3153 2654 3225 ὁμοιοῦται,
2684 3152 2780 3206 καὶ
2800 3149 2998 3206 ταυτόν
3023 3148 3140 3200 ἐστι
3169 3145 3372 3214 πάντη·
3401 3145 3450 3195 εί
3474 3142 3533 3195 δὲ
3557 3141 3723 3197 πάλιν

427 3232 630 3301 partim
659 3231 931 3288 dissimile
962 3242 1047 3287 est
1090 3233 1167 3288 rei
1201 3249 1364 3304 quant
1415 3246 1796 3306 repraesentat,
1822 3239 2017 3308 partim

2125 3250 2185 3302 ὲν
2211 3247 2390 3301 οὐδενὶ
2422 3246 2522 3317 τὴν
2553 3243 2850 3316 ὁμοιότητα
2882 3241 3018 3312 ἔχει,
3047 3238 3156 3292 οὐδ’
3187 3237 3331 3291 οὕτω
3364 3233 3724 3305 παράδειγμα

431 3321 512 3376 illi
545 3322 742 3378 simile.
773 3321 832 3378 Si
861 3323 1009 3378 enim
1053 3323 1109 3380 in
1153 3326 1412 3382 omnibus
1448 3327 1628 3384 simile
1649 3337 1754 3394 est,
1781 3347 1884 3385 non
1908 3332 2017 3401 iam

2128 3340 2227 3392 καὶ
2260 3337 2428 3392 εἰκὼν
2462 3337 2642 3391 ἔσται.
2691 3334 2766 3388 Τὸ
2797 3334 2906 3404 γὰρ
2955 3331 3316 3402 παράδειγμα
3348 3327 3445 3380 καὶ⁴
3490 3325 3526 3393 ἡ
3555 3323 3725 3378 είκὼν

427 3414 740 3485 exemplum
796 3426 882 3473 est
937 3417 1060 3488 ejus
1109 3419 1213 3486 rei,
1277 3419 1440 3489 cujus
1476 3435 1749 3476 summam
1801 3423 2017 3492 praefert

2126 3429 2223 3483 ἐπὶ
2266 3429 2376 3481 τῶν
2403 3426 2528 3482 καθ’
2554 3428 2707 3498 ἡμᾶς
2736 3423 3006 3494 ὁμοίωσίν
3033 3438 3162 3476 τινα
3186 3419 3330 3474 κατά
3367 3435 3422 3472 τι
3452 3415 3550 3470 τοῦ
3578 3417 3726 3470 είκοο

427 3509 864 3576 similitltdinem,
885 3511 979 3567 sed
1025 3513 1166 3566 idem
1188 3527 1416 3582 prorsus
1450 3528 1517 3568 ac
1537 3514 1627 3568 illa
1647 3523 1753 3570 est.
1777 3515 1874 3568 Sin
1894 3531 2017 3571 vero

2122 3520 2413 3590 νιζομένου
2473 3519 2724 3590 βούλεται
2757 3517 2929 3588 ἔχειν.
2973 3517 3093 3584 Ἐφ’
3122 3514 3285 3584 ἡμῶν
3317 3512 3503 3582 μέντοι
3527 3507 3723 3571 οὕτως’

430 3615 626 3658 tursus
651 3601 705 3656 in
734 3603 886 3658 nullo
924 3603 1084 3659 habet
1111 3604 1554 3671 similitudinem,
1588 3622 1657 3662 ne
1687 3608 1769 3661 sic
1799 3609 2017 3678 quidem

2123 3614 2220 3666 ἐπὶ
2240 3613 2298 3666 δὲ
2324 3613 2437 3666 τῶν
2463 3613 2626 3666 θείων
2656 3609 2976 3681 προσώπων
3005 3610 3034 3662 ό
3062 3607 3194 3670 Υἱὸς
3216 3602 3382 3659 είκὼν
3402 3601 3497 3657 τοῦ
3513 3600 3728 3670 [ἰατρὸς

426 3695 739 3766 exemplum
780 3711 844 3752 ac
891 3697 1073 3769 imago
1112 3696 1355 3753 futurum
1403 3709 1508 3754 est.
1559 3699 1676 3754 Usu
1715 3701 1864 3755 enim
1918 3702 2017 3756 hu-

2125 3704 2424 3776 λεγόμενος
2453 3704 2598 3758 κατὰ
2625 3704 2810 3757 πάντα
2835 3703 2862 3756 ὁ
2894 3699 3061 3763 αὐτός
3088 3701 3240 3754 ἐστιν
3271 3694 3445 3766 αὐτῷ,
3466 3694 3526 3762 ἐξ
3556 3692 3726 3746 αὑτοῦ

427 3801 615 3852 mano,
649 3787 960 3858 exemplum
1011 3788 1436 3845 similitudinem
1491 3791 1807 3859 quamdam,
1860 3791 2017 3862 idque

2123 3796 2200 3850 ὢν
2238 3797 2519 3860 οὐσιωδῶς
2579 3796 2679 3850 καὶ
2712 3794 3126 3857 ὲνυποστάτως,
3159 3789 3261 3842 καὶ
3293 3789 3488 3860 πόρῤω
3517 3785 3727 3848 παντὸς

429 3892 497 3932 ex
529 3887 706 3947 parte,
733 3894 860 3934 cum
892 3894 958 3936 eo
983 3879 1134 3950 quod
1165 3880 1408 3952 imagine
1436 3892 1888 3952 repraesentetur,
1924 3885 2023 3939 ha-

2127 3889 2573 3961 συμϐεϐηκότος,

426 3969 540 4022 bet.
582 3967 676 4023 Sic
726 3979 908 4024 tamen
955 3970 1011 4024 in
1060 3971 1222 4027 nobis
1256 3985 1321 4026 ac
1349 3986 1449 4042 pro
1485 3974 1726 4030 humano
1756 3991 1901 4042 usu;
1952 3975 2005 4029 in
2048 3977 2248 4036 divinis
2303 3993 2486 4036 autem
2537 3981 2812 4052 personis,
2869 3976 3070 4045 Filius,
3125 3977 3223 4047 qui
3301 3974 3482 4031 Patris
3545 3972 3728 4041 imago

432 4062 675 4129 dicatur,
711 4078 808 4132 per
865 4064 1052 4118 omnia
1104 4063 1180 4118 illi
1218 4065 1418 4123 similis
1471 4077 1575 4136 est,
1618 4068 1711 4139 qui
1773 4085 1838 4124 ex
1898 4070 1991 4125 illo
2028 4072 2480 4143 substantialiter,
2531 4088 2769 4145 veraque
2820 4087 2887 4129 ac
2935 4087 3032 4143 per
3081 4086 3140 4127 se
3180 4068 3531 4127 cxsistentia.
3575 4063 3727 4122 omni

432 4160 628 4228 procul
651 4169 863 4215 semoto
890 4160 1192 4226 accidente,
1227 4164 1322 4220 sit.

507 4255 746 4310 Sanctus
776 4261 959 4309 autem
988 4254 1350 4326 Augustinus,
1393 4273 1554 4328 quem
1579 4267 1636 4314 et
1668 4271 1862 4329 quarta
1911 4270 2017 4316 ter-

433 4349 510 4405 tia
535 4349 778 4421 synodus
813 4350 1376 4418 prwcellentissimum
1412 4352 1671 4408 Ecclesiae
1697 4354 2015 4425 magistrum

433 4440 749 4511 appellavit,
805 4455 914 4495 neu
945 4456 1255 4498 sermonem
1283 4444 1378 4514 qui
1400 4457 1495 4498 ore
1516 4443 1818 4514 profertur,
1847 4445 1901 4498 in
1931 4445 2018 4500 di-

2157 4269 2164 4280 '
2207 4261 2271 4314 '0
2303 4259 2360 4314 δὲ
2399 4259 2555 4328 ἅγιος
2582 4257 2970 4326 Αὐγουστῖνος,
2997 4255 3057 4309 ὃν
3101 4255 3135 4325 ἡ
3160 4255 3204 4309 δ’
3245 4250 3342 4326 [γ’]
3369 4249 3587 4313 σύνοδος
3619 4247 3719 4302 καὶ

2125 4353 2447 4410 διδάσκαλον
2481 4351 2820 4423 ὲξογώτατον
2868 4351 2970 4420 τῆς
3016 4347 3349 4418 Ἐκκλησίας
3387 4343 3719 4414 προσεῖπεν,

2124 4451 2185 4501 οὐ
2215 4449 2310 4502 τὸν
2343 4446 2684 4520 προφορικδν
2709 4445 2869 4513 λόγον
2898 4445 2980 4508 εἰς
3006 4441 3194 4496 εἰκόνα
3225 4439 3321 4494 τοῦ
3354 4437 3503 4491 θείου
3542 4434 3724 4502 Λόγου

432 4535 546 4590 vini
575 4535 740 4590 Verbi
779 4535 1070 4604 imaginem
1110 4537 1364 4600 assumit,
1396 4538 1491 4592 sed
1523 4536 1618 4607 qui
1653 4539 1800 4592 intus
1831 4538 2016 4594 animo

2125 4537 2420 4608 λαμϐάνει,
2466 4535 2605 4591 ἀλλὰ
2667 4536 2762 4590 τὸν
2825 4537 2884 4589 ἐν
2934 4536 3003 4604 τῇ
3058 4531 3206 4603 ψυχῇ
3256 4526 3583 4584 ἐνδιάθετονδ
3619 4523 3718 4578 καὶ

433 4627 706 4700 repositus
731 4637 856 4695 est;
888 4629 1124 4699 hincque
1150 4630 1288 4684 adeo
1319 4629 1584 4699 Spiritum
1618 4641 1897 4697 sanctum,
1931 4633 2017 4687 di-

433 4723 725 4777 lectionem
753 4731 948 4787 vocat;
973 4736 1114 4791 quae,
1142 4721 1254 4776 sive
1276 4720 1520 4786 dilectio,
1545 4721 1662 4777 sive
1684 4737 1860 4790 amor,
1895 4741 2020 4793 pro-

434 4813 639 4883 prietas
667 4821 751 4867 est
781 4823 991 4866 natura:
1019 4811 1222 4866 utentis
1244 4812 1475 4867 ratione.
1498 4812 1656 4868 Omni
1676 4813 1823 4868 enim
1852 4815 2022 4871 menti

436 4915 633 4959 natura
663 4904 927 4975 competit
963 4903 1264 4960 voluntatis
1290 4903 1392 4970 vis,
1429 4913 1484 4960 et
1510 4913 1571 4960 ut
1599 4905 1751 4961 velit.
1782 4904 2021 4962 Inclina-

436 4996 512 5052 tio
532 4995 678 5051 enim
715 5011 781 5051 ac
808 4995 1025 5067 pondus
1049 4996 1101 5050 iu
1134 4994 1188 5050 id
1218 4996 1361 5065 quod
1392 4997 1675 5066 proprium
1707 5006 1795 5052 est
1823 5012 2022 5052 secun-

433 5088 565 5143 dum
602 5098 881 5154 naturam,
921 5088 1180 5142 omnibus
1232 5087 1394 5143 rebus
1426 5087 1610 5142 inest:
1645 5103 1838 5144 verum
1863 5088 1919 5142 itt
1955 5089 2023 5146 iis

434 5197 558 5250 quae
586 5196 754 5238 sensu
785 5190 996 5247 carent,
1025 5179 1156 5234 illud
1191 5179 1367 5248 ipsum
1399 5177 1706 5234 secundum
1739 5191 2020 5246 naturam,

435 5273 718 5329 inclinatio
753 5282 992 5326 vocatur
1019 5284 1084 5325 ac
1132 5270 1392 5340 pondus;
1429 5269 1739 5337 cuiusmodi
1775 5269 1827 5324 in
1880 5281 2024 5325 terra

433 5375 538 5430 est,
588 5365 737 5436 quod
788 5363 845 5418 in
894 5361 1132 5416 medium
1185 5361 1562 5430 propendeat;
1613 5361 1667 5414 in
1702 5362 1828 5433 igne
1873 5377 2024 5432 vero,

436 5475 664 5514 sursum
691 5457 896 5512 tendat.
923 5454 984 5508 in
1015 5454 1083 5509 iis
1119 5469 1253 5510 vero
1274 5468 1396 5524 qua:
1427 5467 1590 5508 sensu
1623 5455 1848 5524 praedita
1873 5467 2022 5522 sunt,

437 5552 562 5621 ejus
601 5549 862 5621 appetitio
890 5545 1036 5617 quod
1077 5555 1161 5601 est
1190 5546 1472 5617 preprium
1507 5555 1560 5601 et
1591 5561 1660 5602 ex
1691 5556 1911 5603 natura.
1963 5549 2021 5604 In

2127 4628 2441 4692 ἀκολούθως
2470 4628 2532 4682 τδ
2557 4625 2786 4697 Πνεῦμα
2811 4626 2873 4681 τὸ
2894 4626 3052 4692 ἆγιον
3086 4621 3312 4690 ἀγάπην
3340 4617 3500 4672 καλεῖ
3523 4631 3542 4648 ο
3597 4615 3726 4684 ἥτις

2128 4725 2162 4795 ἢ
2200 4723 2392 4794 ἀγάπη
2417 4723 2450 4795 ἢ
2485 4724 2513 4775 ό
2536 4721 2680 4794 ἔρως
2705 4721 2804 4792 τῆς
2834 4717 3063 4787 λογικῆς
3094 4713 3314 4784 φύσεως
3353 4709 3558 4779 ἰδιότης
3584 4704 3724 4795 ἐστί..

2131 4792 2305 4869 Παντὶ
2488 4792 2578 4885 νῷή
2602 4812 2765 4882 φύσει
2793 4811 3057 4880 πρόσεστι
3088 4805 3187 4858 καὶ
3216 4806 3251 4875 η
3277 4801 3499 4872 θέλησις
3537 4797 3637 4851 καὶ
3665 4792 3729 4847 τὸ

2136 4905 2340 4960 θέλειν.
2364 4907 2433 4959 Ἦ
2459 4905 2566 4974 γὰρ
2596 4905 2689 4956 ἐπὶ
2724 4906 2782 4956 τὸ
2817 4902 3020 4954 οἰκεῖον
3047 4897 3190 4952 κατὰ
3221 4894 3387 4966 φύσιν
3415 4889 3562 4962 ῥοπὴ
3587 4889 3724 4942 πᾶσι

2133 4997 2449 5066 πρόσεστιν·
2488 4994 2607 5051 ἀλλ’
2638 4997 2695 5047 ἐν
2735 4994 2836 5063 μὲν
2865 4992 2981 5055 τοῖς
3007 4988 3365 5057 ἀναισθήτοις
3404 4981 3536 5036 αὐτὸ
3565 4978 3726 5033 τοῦτο

2135 5089 2278 5144 κατὰ
2306 5089 2470 5159 φύσιν
2499 5089 2752 5142 καλεῖται
2797 5085 2964 5156 ῥοπὴ,
2995 5076 3109 5136 οἷον
3136 5082 3240 5151 γῆς
3285 5080 3384 5150 μὲν
3417 5076 3514 5130 ἐπὶ
3535 5073 3598 5126 τὸ
3628 5071 3731 5143 μέ-

2137 5198 2250 5247 σον,
2291 5181 2469 5251 πυρὸς
2497 5181 2554 5234 δὲ
2597 5179 2690 5233 ἐπὶ
2712 5177 2776 5231 τὸ
2805 5176 2942 5231 άνωο
2972 5176 3031 5227 ἐν
3056 5173 3114 5226 δὲ
3139 5174 3255 5234 τοῖς
3287 5170 3504 5240 ἔχουσιν
3531 5163 3729 5234 αἴσθη-

2135 5289 2221 5327 σιν
2255 5273 2436 5345 ὄρεξις
2475 5272 2572 5327 τοῦ
2621 5270 2826 5324 οἰκείου
2868 5269 2964 5322 καὶ
2993 5265 3137 5321 κατὰ
3182 5263 3367 5332 φύσιν·
3408 5261 3468 5354 ὲν
3502 5256 3562 5354 δε
3611 5256 3729 5354 τοῖς

2134 5368 2342 5436 νοεροίς
2373 5367 2468 5420 καὶ
2487 5364 2729 5433 λογικοῖς
2757 5361 2980 5431 θέλησις
3009 5358 3044 5430 ἢ
3083 5355 3300 5425 ἀγάπη,
3343 5350 3482 5423 μετὰ
3504 5347 3606 5419 τὴν
3625 5347 3727 5416 ,τοῦ

2133 5459 2297 5526 λόγου
2333 5458 2516 5529 κρίσιν
2547 5458 2579 5527 ἢ
2625 5455 2939 5525 στέργουσα
2987 5449 3086 5503 καὶ
3112 5445 3387 5517 ἀγαπῶσα
3439 5441 3503 5495 τδ
3535 5436 3724 5508 κριθὲν

2135 5551 2366 5619 ἀγαθὸν,
2400 5549 2433 5620 ἢ
2465 5546 2783 5601 τούναντίον
2820 5543 3124 5612 φεύγουσα.

435 5648 507 5702 iis
539 5654 723 5700 autem
747 5639 1202 5712 quaeintelliguut
1231 5656 1296 5696 ac
1319 5638 1529 5694 ratione
1548 5650 1798 5712 utuntur,
1866 5643 2127 5700 voluntas
2201 5660 2297 5700 seu
2343 5643 2603 5706 dilectio;
2636 5654 2760 5710 quae
2833 5647 2960 5708 post
3017 5632 3249 5691 rationis
3289 5627 3583 5704 ,Ῑυᾱὶϐῖυωι
3633 5623 3724 5678 νεὶ

435 5738 800 5807 οιηιιιέειιιιιιι·
826 5754 890 5794 ac
913 5735 1121 5806 diligat,
1161 5738 1306 5810 quod
1330 5737 1537 5809 judicio
1579 5737 1786 5795 bonum
1811 5738 2017 5810 probati

2130 5747 2243 5807 est,
2281 5739 2362 5795 vel
2393 5733 2733 5795 contrarium
2769 5738 3014 5808 respuat.

513 5849 624 5924 (5i)
665 5852 814 5913 0.:tt.
845 5855 935 5912 57.
