4074 6422
365 341 470 406 537

1347 353 1448 414 DE
1487 351 1920 416 PRINCIPIIS
1960 351 2173 413 FlDEl
2213 356 2677 421 CATHOLICIE.

3507 359 3615 424 538

429 453 645 523 Ταύτην
690 453 872 508 τοίνυν
919 447 1020 528 τὴν
1069 457 1294 532 ἀγάπην
1314 500 1333 526 ,
1385 461 1485 532 τὴν
1537 464 1648 518 τῶν
1699 460 1959 530 λογικῶν.

2115 465 2268 523 Hanc
2303 468 2492 539 itaque
2532 467 2907 535 dilectionem,
2937 482 3061 540 qua:
3089 467 3358 524 utentium
3407 468 3616 526 ratione

365 547 624 617 ίδιότητα,
655 547 824 617 φησὶν
851 543 993 602 εῖναι
1049 551 1146 604 καὶ
1192 553 1252 605 ὲν
1309 552 1388 622 τῷ
1438 552 1568 624 θείῳ
1611 553 1729 624 Νῷ.
1762 553 1935 607 Πόθεν

362 638 472 710 γὰρ
507 639 737 693 ἄλλοθεν
765 633 835 706 ἦν
869 638 936 696 ἂν
964 641 1024 694 έν
1055 642 1190 712 ἡμῖν
1211 643 1274 695 τὸ
1305 643 1515 710 ἀγαθὸν
1544 645 1640 698 καὶ
1665 645 1698 714 ἠ
1731 644 1939 696 τελειόο

362 731 596 808 τηςημὴ
633 731 847 786 ἐκεῖθεν
877 733 1084 804 ἥκοντα
1120 735 1279 804 ἡμῖν,
1313 737 1372 788 ὲν
1395 728 1438 804 ᾧ
1465 737 1616 792 πᾶσα
1657 736 1938 806 τελειότης

365 822 552 886 ἁπλῶς
582 823 990 897 ὑπεριδρυμένη
1026 828 1267 894 νοεῖταις
1323 829 1484 882 Κατὰ
1511 829 1620 900 γὰρ
1649 830 1742 882 τὸν
1792 828 1940 882 θετον

366 917 644 974 Διονύσιον
699 917 839 990 (35)’,
897 922 953 974 αί
1010 924 1070 976 ὲν
1118 925 1232 986 τοῖς
1284 924 1552 987 αίτιατοίς
1600 924 1941 994 τελειότητες

363 1009 548 1079 πολλῷ
577 1011 847 1083 πρότερόν
881 1013 1022 1067 εἰσιν
1044 1015 1105 1069 ὸν
1136 1017 1252 1078 τοῖς
1282 1016 1504 1080 αἰτίοις.
1540 1017 1664 1069 Τῶν
1698 1016 1800 1085 μὲν
1831 1017 1942 1088 γὰρ

366 1102 423 1154 έν
455 1101 587 1172 ἡμῖν
616 1104 805 1156 κακῶν
847 1104 1272 1176 (ἐλαττωμάτων
1301 1105 1448 1174 λέγω
1482 1106 1579 1159 καὶ
1624 1104 1941 1176 ἐλλείψεων)

367 1193 594 1264 οὐδεμία
621 1192 773 1266 χώρα
802 1195 880 1267 τῷ
901 1196 1044 1268 Θεῷ,
1077 1198 1188 1253 τῶν
1236 1198 1294 1252 δὲ
1323 1200 1383 1253 ὲν
1415 1200 1552 1270 ἡμῖν
1584 1199 1944 1268 τελειοτήτων

367 1287 464 1340 καὶ
500 1287 663 1342 πάνυ.
692 1289 900 1343 Αὐτίκα
933 1291 962 1342 6
1007 1292 1108 1362 τῆς
1163 1291 1362 1360 σοφίας
1387 1292 1620 1362 ὁρισμὸς
1679 1309 1700 1344 ι
1738 1290 1945 1360 γνῶσις

369 1380 530 1436 θείων
565 1383 660 1435 καὶ
688 1381 1052 1452 ἀνθρωπίνων
1089 1383 1434 1455 πραγμάτων
1456 1385 1660 1440 ἐστίν.»
1704 1384 1792 1439 Ἐν
1809 1386 1946 1454 ἡμῖν

371 1475 474 1548 μέν
498 1493 584 1530 τοι
608 1475 942 1539 ἀτελῶςκαὶ
969 1479 1357 1547 μεταϐατικῶς
1390 1479 1424 1548 ή
1458 1477 1623 1547 σοφία
1654 1477 1946 1550 θεωρεῖται

371 1569 514 1623 κατὰ
541 1570 640 1640 τὴν
672 1570 902 1640 δύναμιν
928 1569 1023 1624 τοῦ
1054 1573 1326 1641 ἡμετέρου
1359 1571 1480 1624 νοῦ·
1508 1571 1620 1625 άπὸ
1648 1571 1759 1642 γὰρ
1789 1569 1946 1624 τοῦδε

375 1663 467 1717 ἐπὶ
489 1662 608 1715 τόδε
641 1663 837 1733 χωρῶν
886 1663 1296 1731 μετασατικῶς,
1323 1664 1422 1718 καὶ
1451 1664 1552 1718 οὐκ
1596 1663 1817 1734 ἀθρόον,
1859 1663 1949 1716 διὰ

372 1751 479 1804 τῶν
525 1751 846 1823 προτάσεων
881 1753 978 1805 ἐπὶ
1023 1753 1084 1806 τὸ
1120 1755 1499 1825 συμπέρασμα
1534 1754 1780 1825 καταντᾷ
1809 1770 1823 1786 ο
1872 1752 1950 1824 τῷ

372 1844 430 1898 δὲ
455 1845 576 1916 Θεῷ
607 1846 670 1900 τὸ
705 1847 808 1918 μὲν
834 1846 1038 1914 γνῶσιν
1078 1844 1222 1903 εἶναι
1257 1848 1420 1903 θείων
1448 1849 1545 1902 καὶ
1590 1847 1953 1919 ἀνθρωπίνων

376 1938 721 2008 πραγμάτων
771 1940 930 1994 τοῦτο
972 1941 1070 2009 τῆς
1120 1939 1315 2008 σοφίας
1369 1939 1726 2008 ἁνατίθεμεν,
1773 1937 1955 2007 πολλῷ

383 2027 567 2096 μεῖζον
616 2030 714 2084 καὶ
744 2030 1219 2101 ὐπεροχικὼτερον
1250 2033 1346 2085 καὶ
1389 2030 1718 2102 τελεώτερον
1747 2044 1762 2060 ⁶
1797 2031 1868 2084 τὰ
1895 2029 1954 2082 δὲ

382 2118 440 2172 έν
466 2120 598 2189 ἡμῖν
623 2122 690 2192 τῇ
719 2121 882 2190 σοφία
917 2121 1284 2192 συμϐαίνοντα
1313 2123 1760 2195 ἁπορῤίπτομεν.

451 2380 666 2453 Ὠσπερ
696 2378 791 2434 οὖν
825 2377 983 2448 αὖθις
1032 2384 1059 2436 ό
1105 2384 1239 2448 Θεὸς
1270 2385 1431 2438 οὐσία
1463 2388 1558 2440 καὶ
1587 2384 1706 2438 ἔστι
1743 2386 1839 2438 καὶ
1869 2385 1957 2438 λέ-

382 2490 540 2543 γεται
559 2487 578 2507 ⁶
607 2474 832 2545 λέγεται
868 2475 926 2529 δὲ
957 2476 1050 2530 καὶ
1076 2477 1105 2530 6
1131 2476 1229 2532 svo
1239 2493 1443 2548 ρωπος,
1467 2480 1564 2533 καὶ
1593 2478 1827 2532 ἕκαστον
1850 2477 1958 2531 τῶν

384 2566 507 2619 καθ’
551 2565 718 2620 ἑαυτὸ
759 2565 1120 2636 ὐφεστώτωνυ
1165 2569 1265 2620 καὶ
1306 2569 1442 2640 ὅπερ
1481 2569 1582 2640 μὲν
1631 2570 1732 2640 τῆς
1765 2570 1961 2633 οὐσίας

384 2655 478 2710 καὶ
505 2655 599 2709 τοῦ
623 2655 748 2711 καθ’
781 2658 948 2712 ἑαυτὸ
974 2659 1312 2730 τελειότητος
1329 2659 1512 2732 ἔχεται
1531 2661 1712 2731 (τοῦτο
1729 2662 1784 2716 δέ
1811 2662 1962 2716 ἐστιν

385 2749 414 2800 6
442 2749 567 2818 ὄρος
594 2749 790 2819 αὐτῆς,
822 2749 881 2813 ὃς
915 2751 1031 2804 έστι
1081 2752 1319 2822 πρᾶγμα
1363 2752 1755 2824 αὐθύπαρκτον
1794 2753 1964 2824 μηδε-

389 2838 475 2902 νὸς
507 2839 697 2910 ἐτέρου
731 2839 871 2910 πρὸς
931 2841 1195 2896 σύστασιν
1248 2844 1526 2914 δεόμενον)
1581 2843 1739 2896 τοῦτο
1775 2845 1961 2898 τοίνυν

387 2931 717 3002 ἁνατίθεμεν
755 2933 831 3003 τῷ
862 2931 1035 2997 ὅντως
1073 2933 1188 2988 ὄντι
1217 2934 1374 3007 Θεῷο
1422 2936 1484 2988 τὸ
1516 2935 1575 2990 δὲ
1618 2936 1724 2991 ὐπὸ
1767 2938 1962 3007 χρόνον

389 3019 528 3079 εἶναι
553 3025 645 3079 καὶ
672 3025 958 3081 ἀλλοίωσιν
987 3028 1083 3081 καὶ
1108 3028 1340 3100 φθοράν,
1364 3028 1510 3098 άπερ
1538 3029 1642 3098 τῆς
1669 3030 1726 3082 ὲν
1751 3030 1961 3097 γενέσει

2039 561 2345 632 proprietas
2373 560 2614 626 exsistit,
2630 560 2685 615 in
2704 559 2888 616 divina
2904 575 3127 632 quoque
3153 559 3331 616 Mente
3347 559 3614 616 exsistere

2038 653 2192 708 dicit.
2225 651 2379 709 Unde
2411 653 2557 708 enim
2592 651 2814 708 aliunde
2845 661 2992 710 esset
3028 653 3086 708 in
3116 652 3278 709 nobis
3311 652 3514 708 bonum
3549 664 3614 704 ac

2041 742 2325 814 perfectio,
2356 743 2464 800 nisi
2502 743 2571 799 ad
2605 757 2708 799 nos
2730 759 2796 798 ex
2825 743 2918 799 iilo
2943 744 3177 808 veniret,
3207 743 3264 798 in
3293 756 3405 814 quo
3428 744 3612 798 omnis

2040 833 2303 904 perfectio
2325 833 2654 905 simpliciter
2668 834 2978 906 eximieque
2998 833 3322 903 intelligitur
3339 833 3579 889 residere
3591 835 3616 887 ?

2043 923 2116 980 Ut
2153 923 2296 979 enim
2329 933 2523 980 auctor
2563 934 2650 981 est
2683 910 2903 982 divinus
2943 925 3258 997 Dionysius,
3287 939 3411 994 quae
3437 924 3492 978 in
3529 922 3614 977 ef-

2043 1013 2204 1071 fectis
2251 1014 2614 1085 perfectiones
2648 1028 2794 1080 sunt,
2821 1018 2983 1088 longe
3033 1018 3188 1087 prius
3236 1014 3510 1072 exsistunt
3554 1013 3611 1068 in

2043 1105 2248 1161 causis.
2276 1103 2541 1162 Malorum
2589 1107 2807 1177 quidem
2836 1124 2958 1178 quae
2986 1119 3112 1162 sunt
3150 1108 3204 1160 in
3239 1106 3398 1161 nobis
3423 1106 3442 1175 (
3465 1102 3619 1159 defe-

2045 1210 2231 1255 ctuum
2261 1197 2472 1254 scilicet
2498 1214 2564 1254 ac
2582 1199 2861 1269 vitiorum)
2883 1199 2937 1254 in
2969 1200 3079 1255 Deo
3109 1199 3289 1254 nullus
3311 1206 3396 1253 est
3421 1196 3576 1250 lacus
3601 1213 3615 1248 :

2044 1291 2442 1364 perfectionum
2496 1307 2626 1347 vero
2675 1292 2723 1348 si
2771 1307 2897 1361 quae
2947 1291 3109 1346 nobis
3157 1296 3500 1360 competunt,
3534 1285 3619 1341 vel

2048 1385 2304 1440 maxime.
2331 1382 2598 1440 Nimirum
2623 1383 2914 1454 Sapientiae
2940 1382 3190 1438 deﬁnitio
3210 1391 3316 1445 est,
3352 1399 3371 1433 ι
3403 1379 3623 1433 Divina-

2050 1491 2172 1531 rum
2210 1478 2682 1544 liumanarumque
2719 1491 2897 1530 rerum
2919 1471 3358 1544 cognitio.iiitec
3377 1486 3542 1542 porro
3567 1471 3622 1524 in

2051 1566 2210 1621 nobis
2229 1565 2544 1636 imperfecte
2563 1573 2619 1620 et
2641 1581 2766 1621 cum
2783 1566 3036 1622 discursu
3058 1573 3319 1634 motuque
3345 1578 3410 1617 ex
3432 1576 3544 1617 uno
3567 1561 3621 1616 in

2051 1658 2220 1726 aliud,
2253 1672 2351 1728 pro
2383 1656 2582 1717 mentis
2608 1665 2814 1713 nostrae
2845 1657 3123 1720 facultate,
3151 1653 3508 1724 conspicitur.
3541 1653 3624 1706 Ab

2054 1751 2159 1807 hoc
2177 1751 2323 1806 enim
2357 1749 2424 1805 ad
2457 1747 2857 1818 illud’procedit
2877 1764 2942 1804 ac
2964 1748 3187 1814 transit,
3211 1763 3314 1803 nec
3341 1745 3626 1801 confestim

2023 1897 2037 1904 -
2054 1859 2151 1915 per
2178 1843 2489 1912 praemissas
2509 1843 2577 1896 ad
2599 1840 2752 1897 conci
2762 1841 3004 1896 usionent
3027 1840 3264 1896 devenit.
3293 1838 3400 1893 Deo
3422 1848 3630 1902 autem,

2057 1935 2120 1990 ad
2147 1934 2468 2004 sapientiam
2495 1934 2641 2001 quod
2669 1932 2883 1999 attinet,
2916 1947 3088 1988 unum
3129 1932 3234 1987 hcc
3273 1931 3629 1992 ascribimus,

2055 2026 2199 2095 quod
2217 2038 2300 2083 est
2321 2027 2633 2082 divinarum
2657 2027 3135 2095 humanarumque
3159 2038 3342 2078 rerum
3368 2021 3632 2092 cognitio,

2055 2121 2218 2190 longe
2272 2135 2406 2176 sane
2465 2117 2638 2188 magis
2688 2117 3156 2185 excellentiusque
3205 2130 3268 2170 ac
3297 2112 3634 2184 perfectius;

2057 2226 2178 2279 quae
2199 2225 2329 2266 vero
2361 2209 2413 2264 iu
2465 2208 2626 2264 nobis
2665 2207 2950 2278 sapientiae
2977 2205 3258 2271 accidunt,
3296 2205 3413 2260 haec
3465 2204 3636 2275 proji-

2057 2304 2252 2359 cimus.

2127 2395 2596 2464 Quemadmodum
2620 2393 2784 2464 igitur
2808 2408 3002 2449 rursus
3025 2392 3170 2449 Deus
3191 2401 3246 2448 et
3275 2400 3356 2448 est
3379 2390 3636 2447 substan-

2063 2490 2138 2545 tia
2175 2499 2228 2542 et
2251 2483 2636 2555 nuncupatur;
2675 2492 3024 2554 nuncupatur
3069 2499 3198 2539 vero
3250 2482 3412 2539 etiam
3445 2481 3637 2546 homo,

2059 2595 2124 2637 ac
2153 2577 2417 2650 quidquid
2447 2578 2500 2632 in
2532 2576 2695 2633 rebus
2720 2589 2814 2645 per
2846 2590 2906 2631 se
2934 2574 3208 2631 exsistens
3236 2583 3340 2629 est.
3363 2571 3639 2643 Quidquid

2061 2668 2194 2726 νει-ο
2229 2667 2576 2731 substantiae,
2603 2681 2669 2721 ac
2697 2667 2819 2735 ejus
2847 2667 2990 2733 quod
3028 2673 3114 2719 est
3145 2679 3241 2732 per
3258 2677 3318 2718 se
3355 2677 3498 2725 esse,
3517 2677 3642 2732 per-

2063 2761 2315 2818 fectionis
2347 2768 2431 2816 est
2465 2757 2610 2829 (qua:
2643 2757 2906 2811 nimirum
2945 2755 3058 2824 ipsa
3103 2754 3225 2823 ejus
3254 2752 3506 2808 definitio
3534 2761 3640 2818 est,

2063 2871 2150 2910 rcs
2175 2853 2386 2909 scilicet
2409 2866 2506 2922 per
2529 2865 2588 2906 se
2607 2849 2904 2914 exsistcns,
2926 2864 3049 2919 qua:
3080 2856 3139 2901 ut
3171 2846 3461 2912 consistat,
3490 2843 3645 2900 nullo

2063 2955 2325 3019 praeterea
2370 2944 2570 3015 egeat),
2606 2941 2711 2996 hoc
2752 2940 2940 3009 utique
2972 2941 3046 3005 ei,
3090 2939 3184 3009 qui
3215 2954 3342 2994 vere
3394 2946 3499 3002 est,
3534 2937 3644 2992 Deo

2064 3042 2384 3100 tribuimus.
2407 3038 2564 3106 Quod
2590 3049 2676 3094 est
2703 3051 2833 3092 vero
2858 3035 3156 3091 obnoxium
3183 3049 3304 3090 esse
3335 3031 3565 3103 tempori
3591 3044 3648 3088 et

393 3119 488 3172 καὶ
521 3119 698 3191 φθορᾷ
747 3118 879 3191 ὕλης
916 3119 1254 3174 καθεστᾶσιν
1313 3121 1448 3185 ίδια,
1491 3121 1772 3185 παντελῶς
1825 3120 1959 3174 Θεοῦ

2069 3131 2359 3190 mutationi
2393 3141 2450 3188 et
2477 3128 2840 3199 corruptioni,
2892 3143 3017 3198 (ιιιω
3048 3135 3177 3182 sunt
3223 3125 3445 3195 propria
3475 3132 3648 3180 mate-

391 3212 734 3285 ἀφαιροῦμεν
754 3229 770 3245 ⁸
803 3214 1067 3276 ὡσαύτως
1102 3215 1197 3267 καὶ
1227 3215 1320 3268 ἐπὶ
1353 3213 1693 3285 άγαθότητος
1721 3213 1835 3286 ἔχει
1867 3212 1964 3267 καὶ

394 3307 766 3375 δικαιοσύνης,
793 3307 887 3359 καὶ
921 3306 1032 3359 τῶν
1071 3306 1271 3363 ἄλλων.

470 3481 532 3536 Ei
553 3484 611 3538 δὲ
642 3483 802 3538 τοῦτο
827 3483 975 3552 λέγει
1004 3503 1088 3550 τις
1117 3486 1218 3540 οὐκ
1246 3486 1422 3558 ὀρθῶς
1453 3487 1624 3559 ἔχειν,
1654 3488 1841 3545 λοιπὸν
1863 3491 1964 3562 ἁρ-

395 3575 611 3642 μόσειεν
644 3575 711 3630 ἂν
761 3577 904 3631 κατὰ
943 3577 1036 3631 τὸν
1098 3578 1310 3634 ἐκείνου
1348 3579 1508 3648 λόγον
1561 3582 1703 3653 μήτε
1751 3582 1965 3650 οὐσίαν,

397 3671 532 3738 μήτε
569 3669 755 3740 σοφὸν,
789 3670 930 3742 μήτε
955 3672 1158 3740 ἀγαθὸν
1185 3671 1368 3741 λέγειν
1396 3669 1538 3727 εἶναι
1568 3673 1660 3728 τὸν
1684 3675 1840 3740 Θεὸν,
1877 3675 1964 3728 ἵνα

399 3763 473 3832 μὴ
505 3762 747 3833 δόξωμεν
793 3766 918 3828 ταῖς
973 3765 1348 3836 ἀνθρωπίναις
1385 3767 1477 3818 τὸν
1513 3766 1648 3819 Θεὸν
1685 3784 1965 3838 προσηγο-

397 3854 540 3924 ρίαις
571 3857 739 3927 τιμᾷν
757 3873 772 3886 θ
801 3856 939 3926 ὅπερ
968 3854 1193 3910 ἄτοπον.
1221 3857 1414 3912 Καίτοι
1442 3857 1643 3928 ἀληθὲς
1665 3861 1864 3925 εἰπεῖν,
1891 3860 1968 3920 ὼς

394 3947 676 4018 ἐλέγομεν,
709 3950 850 4001 ὅτιὸ
883 3948 1015 4012 Θεὸς
1059 3946 1184 4002 οὐτε
1236 3949 1356 4018 φῶς
1409 3951 1555 4002 ἐστιν
1602 3948 1727 4002 οὐτε
1771 3949 1968 4014 σκότος

395 4041 529 4112 (56),
565 4042 690 4096 οὐτε
721 4041 817 4109 νύξ
847 4040 973 4096 οὐτε
1029 4044 1232 4113 ἡμέρα,
1268 4041 1393 4096 οὐτε
1423 4043 1543 4097 τόδε
1575 4044 1608 4114 ἢ
1643 4045 1764 4097 τόδε
1784 4059 1799 4074 ⁶
1851 4045 1971 4099 ἀλλ’

395 4135 492 4203 οὐχ
519 4133 595 4197 ὡς
619 4134 680 4187 τὸ
717 4134 948 4206 μηδαμῆ
986 4135 1254 4205 μηδαμῶς
1287 4134 1368 4199 ὃν,
1403 4135 1518 4188 ἀλλ’
1566 4137 1650 4190 ὅτι
1701 4137 1803 4191 οὐκ
1849 4139 1968 4192 ἔστι

397 4225 642 4279 τοιοῦτον
670 4221 784 4280 οἷον
819 4227 983 4296 ἡμεῖς
1036 4226 1180 4280 κατὰ
1226 4227 1518 4297 διαφόρους
1567 4228 1814 4293 ἐπινοίας
1862 4231 1972 4285 ἀπὸ

399 4319 762 4390 διαφερόντων
779 4319 1058 4388 ὀνομάτων
1084 4320 1443 4392 ὑπονοοῦμεν,
1460 4319 1731 4394 ἁλλ’ὑπὲρ
1753 4323 1970 4379 ἅπαντα

402 4407 472 4461 τὰ
501 4407 626 4464 ὐντα
656 4407 1003 4479 ἁσυγκρίτως
1033 4409 1116 4466 όν.

469 4678 626 4735 Κατὰ
653 4678 747 4733 τὸν
775 4679 945 4734 αὐτὸν
976 4679 1160 4734 τοίνυν
1187 4681 1413 4752 τρόπον,
1448 4686 1480 4753 ἡ
1525 4682 1716 4753 ἀγάπη
1753 4683 1977 4753 λέγεται

400 4774 502 4844 μὲν
535 4775 628 4828 ἐπὶ
655 4774 814 4838 Θεοῦ,
850 4774 1072 4844 λέγεται
1105 4775 1162 4828 δὲ
1203 4778 1297 4828 καὶ
1325 4778 1409 4844 ἐφ’
1446 4779 1606 4848 ἡμῶν
1633 4781 1756 4831 κατ’
1793 4779 1981 4832 εἰκόνα

399 4867 632 4922 ἐκείνου.
681 4866 1006 4940 Ἀλλ’ήμῶν
1038 4866 1138 4937 μὲν
1166 4869 1362 4922 ἄπεστι
1393 4869 1660 4932 πολλάκις
1690 4870 1892 4933 έκεῖνο,
1913 4862 1974 4924 οὗ

399 4956 465 5010 ἂν
493 4958 868 5030 ὲρασθείημεν
894 4975 909 4990 ·
963 4960 1230 5022 πολλάκις
1263 4960 1317 5012 δὲ
1360 4963 1454 5014 καὶ
1488 4962 1694 5029 φαῦλος
1725 4961 1865 5032 ἔρως
1915 4963 1975 5015 ἐν

399 5047 532 5115 ἡμῖν
567 5048 803 5116 γίνεται,
840 5050 1030 5121 φαύλῳ
1065 5050 1444 5120 προαγόμενος
1471 5050 1615 5121 λόγῳ
1635 5066 1650 5082 ⁸
1675 5051 1754 5119 τῷ
1779 5052 1835 5104 δὲ
1858 5051 1978 5121 θεῷ

396 5137 553 5194 οὐδὲν
581 5140 788 5210 ἀγαθὸν
821 5141 1075 5207 ἄπεστιν,
1103 5135 1164 5195 οὐ
1197 5141 1264 5194 ἂν
1292 5141 1554 5213 ἐρασθείη
1587 5160 1602 5174 ο
1642 5144 1832 5216 διόπερ
1870 5143 1980 5197 οὐδ’

396 5231 584 5299 ἔφεσις
621 5231 710 5285 ἐπ’
736 5233 884 5302 αὐτῷ
913 5233 1138 5302 λέγεται
1162 5249 1176 5264 ’
1229 5234 1349 5288 ἀλλ’
1375 5234 1569 5306 ὥσπερ
1597 5235 1761 5298 αὐτὸς
1792 5237 1975 5307 ἑαυτῷ

398 5323 517 5376 ἐστι
542 5325 751 5396 νοητὸν,
777 5324 898 5390 ὡςό
924 5326 1287 5395 Δαμασκηνὸς
1311 5327 1498 5396 φησὶν,
1534 5343 1554 5377 ι
1606 5325 1666 5380 '0
1701 5326 1834 5390 Θεὸς
1858 5328 1975 5379 νοεῖ

398 5416 589 5470 ἑαυτὸν
621 5417 686 5470 ὲκ
702 5417 804 5485 τῆς
840 5418 1116 5487 μακαρίας
1142 5418 1334 5481 οὐσίας
1372 5418 1561 5471 αὐτοῦ’
1612 5437 1632 5470 ι
1665 5419 1731 5491 ἢν
1757 5419 1822 5488 δὴ
1851 5421 1977 5490 νόη-

401 5525 483 5562 σιν
516 5509 610 5562 καὶ
644 5510 673 5563 ό
699 5508 962 5578 Θεολόγος
1017 5509 1320 5580 Γρηγόριος
1374 5502 1771 5580 αἰνιττόμενος,
1806 5529 1825 5563 ι
1871 5513 1975 5566 Κι-

403 5601 612 5656 νεῖσθαι
655 5620 676 5654 ι
711 5601 863 5672 λέγει
893 5620 912 5655 ι
951 5602 1144 5657 ἑαυτὸν
1171 5606 1238 5675 τῇ
1272 5605 1469 5659 ἑαυτοῦ
1501 5604 1729 5676 θεωρίᾳο
1765 5621 1785 5657 ι
1821 5605 1916 5658 καὶ
1942 5605 1972 5658 6

481 5784 592 5855 (35)
618 5783 693 5845 De
721 5785 884 5844 divin.
912 5804 1053 5846 nam.
1087 5803 1138 5847 c.
1171 5785 1224 5845 9.
1254 5787 1283 5860 ὅ
1314 5787 1368 5847 6.

2006 4465 2056 4522 ι)

2075 3229 2191 3290 riae,
2219 3241 2340 3296 qua:
2376 3225 2492 3294 ipsa
2525 3231 2682 3276 ortus
2715 3237 2781 3277 ac
2813 3221 3068 3275 interitus
3093 3217 3528 3273 vicissitudinem
3564 3216 3649 3273 af-

2075 3319 2235 3382 ferat,
2263 3317 2490 3372 omnino
2521 3331 2550 3368 a
2591 3313 2700 3368 Deo
2735 3327 3103 3368 removemus.
3137 3311 3456 3380 Eodemque
3486 3311 3652 3368 modo

2075 3429 2134 3469 se
2153 3427 2240 3467 res
2262 3411 2317 3464 in
2340 3408 2583 3464 bonitate
2611 3417 2665 3462 et
2683 3405 2894 3476 justitia
2912 3419 2976 3460 ae
3001 3405 3230 3474 reliquis
3260 3404 3446 3460 habet.

2153 3501 2250 3556 Sin
2283 3514 2413 3553 vero
2449 3497 2573 3566 quis
2607 3495 2662 3549 id
2695 3495 2843 3564 quod
2881 3495 3122 3552 dicimus
3173 3492 3468 3564 improbet,
3499 3509 3565 3550 ac
3595 3509 3656 3550 se

2077 3598 2226 3646 recte
2255 3586 2455 3641 habere
2501 3593 2682 3654 neget,
2721 3583 2879 3652 plane
2913 3598 2977 3637 ex
3024 3582 3146 3651 ejus
3195 3581 3469 3637 sententia
3518 3597 3657 3638 con-

2077 3684 2256 3746 gruat,
2286 3681 2346 3728 ut
2369 3672 2621 3728 dicamus
2647 3669 2818 3725 Deum
2849 3684 3026 3740 neque
3053 3670 3449 3736 substantiam,
3481 3687 3659 3742 neque

2079 3766 2403 3835 sapientem,
2430 3778 2607 3832 neque
2641 3762 2843 3815 bonum
2875 3776 2998 3816 esse
3023 3777 3039 3826 ;
3069 3776 3138 3816 ne
3160 3760 3374 3816 scilicet
3401 3762 3660 3819 humanis

2079 3854 2537 3926 appellationibus
2584 3851 2869 3906 videamur
2908 3852 3088 3922 ipsum
3145 3851 3465 3916 honorare;
3507 3851 3656 3924 quod

2077 3947 2379 4005 absurdum
2439 3956 2544 4002 est.
2577 3943 2901 4014 Quanquam
2960 3942 3107 3999 istud
3158 3957 3346 3998 verum
3377 3941 3532 3999 dictu
3572 3954 3661 4000 est

2079 4040 2248 4113 (quod
2273 4052 2467 4108 nempe
2499 4033 2838 4107 dicebamus)
2873 4037 3041 4092 Deum
3068 4049 3242 4106 neque
3262 4035 3443 4092 lucem
3477 4050 3658 4107 neque

2080 4135 2332 4189 tenebras
2362 4146 2526 4198 esse;
2567 4145 2667 4186 nec
2707 4138 2922 4185 noctem
2976 4143 3077 4184 nec
3112 4129 3281 4193 diem,
3332 4144 3514 4200 neque
3551 4129 3661 4185 hoc

2081 4223 2306 4288 illudve,
2351 4237 2464 4278 non
2505 4222 2652 4276 velut
2681 4221 2734 4276 id
2782 4219 2928 4291 quod
2960 4235 3237 4292 nusquam
3295 4235 3522 4291 prorsus
3552 4228 3660 4285 est,

2083 4314 2178 4371 sed
2207 4314 2338 4386 quia
2367 4330 2475 4369 non
2507 4313 2780 4382 ejusmodi
2809 4321 2915 4380 est,
2950 4313 3110 4383 quale
3146 4327 3243 4368 nos
3271 4327 3367 4381 per
3417 4311 3660 4368 diversos

2083 4414 2384 4474 conceptus
2418 4421 2488 4459 ex
2522 4404 2757 4460 diversis
2805 4404 3123 4460 nominibus
3173 4409 3355 4459 mente
3395 4401 3659 4457 informa-

2085 4510 2206 4552 mus
2237 4510 2300 4550 ac
2328 4494 2714 4566 intelligimus;
2745 4493 2840 4549 sed
2891 4509 3057 4564 supra
3085 4509 3247 4550 omne
3283 4491 3548 4564 quidquid
3579 4501 3663 4548 est

2074 4582 2214 4648 citra
2237 4604 2457 4644 omnem
2481 4575 2945 4658 comparationem
2979 4586 3204 4642 eminet.

2145 4681 2352 4737 Eodem
2393 4681 2578 4752 itaque
2628 4679 2794 4734 modo
2855 4678 3057 4734 dicitur
3086 4678 3306 4748 quidem
3353 4679 3406 4734 in
3439 4678 3551 4734 Deo
3581 4678 3663 4734 di-

2077 4773 2260 4838 lectio,
2297 4771 2500 4827 dicitur
2528 4785 2657 4826 vero
2685 4783 2739 4826 et
2772 4770 2828 4826 in
2876 4771 3035 4827 nobis
3071 4771 3136 4826 ad
3186 4771 3306 4841 ejus
3344 4771 3660 4842 imaginem.

2075 4866 2278 4922 Verum
2324 4864 2479 4919 abest
2523 4863 2849 4934 plerumque
2879 4877 2910 4916 a
2937 4863 3100 4918 nobis
3140 4863 3218 4928 id,
3277 4862 3438 4933 cujus
3474 4877 3662 4918 amore

2074 4957 2376 5026 aliicimur;
2436 4971 2537 5011 nec
2570 4971 2698 5010 raro
2738 4954 2902 5010 etiam
2936 4955 2992 5009 in
3025 4955 3182 5011 nobis
3241 4970 3442 5026 pravus
3477 4971 3656 5018 amor.

2077 5066 2246 5123 prava
2300 5048 2468 5104 animi
2532 5047 2748 5102 ratione
2800 5056 3045 5119 parente,
3094 5047 3290 5102 oritur.
3331 5049 3438 5102 Deo
3479 5058 3662 5102 autem

2078 5144 2292 5200 nullum
2323 5142 2481 5198 abest
2531 5142 2764 5207 bonum,
2787 5143 3157 5213 quodcunque
3175 5141 3486 5210 amaverit;
3523 5142 3668 5196 unde

2086 5253 2189 5294 nec
2209 5237 2506 5307 cupiditas,
2552 5251 2651 5291 seu
2684 5235 3042 5301 desiderium,
3072 5235 3139 5290 de
3167 5235 3262 5290 illo
3296 5234 3536 5301 dicitur;
3567 5233 3664 5289 sed

2086 5329 2230 5386 sicut
2257 5330 2373 5397 ipse
2400 5329 2504 5385 sibi
2528 5337 2614 5382 est
2643 5327 2792 5397 quod
2823 5326 3166 5398 intelligitur,
3195 5334 3252 5381 ut
3273 5326 3350 5381 ait
3377 5326 3666 5380 Damasce-

2085 5435 2225 5474 nus:
2272 5419 2448 5472 «Deus
2479 5418 2594 5488 ipse
2621 5417 2858 5487 seipsum
2894 5435 2962 5474 ex
2986 5418 3143 5473 beata
3184 5415 3423 5472 essentia
3450 5429 3550 5468 sua
3578 5413 3666 5467 in-

2086 5513 2276 5582 telligit
2304 5529 2319 5578 ;
2355 5529 2374 5563 ι
2404 5525 2568 5581 quam
2600 5510 2770 5579 ipsam
2805 5511 3232 5567 intellectionem
3272 5508 3507 5562 innuens
3537 5504 3665 5560 Gre-

2080 5606 2272 5677 gorius
2292 5603 2606 5672 Theologus
2632 5641 2648 5668 ,
2683 5601 2920 5660 «Moveri
2948 5619 3075 5660 eum
3098 5602 3177 5658 ait
3217 5602 3270 5656 in
3301 5598 3506 5670 seipse,
3534 5613 3668 5654 con-

2147 5783 2259 5857 (56)
2287 5784 2364 5843 De
2379 5791 2538 5858 myst.
2573 5779 2752 5840 Thcol.
2777 5796 2822 5860 (ξ,
2865 5782 2914 5836 l.
