4088 6420
249 436 252 438 ν
362 378 470 444 545

1337 377 1436 438 DE
1471 378 1900 440 PRINCIPUS
1926 378 2139 440 FIDEI
2174 382 2652 450 CATHOLIC/E.
3514 390 3623 454 546

357 491 420 542 ὲν
443 484 524 556 τῷ
550 483 702 553 αὐτῷ
737 481 891 547 εἴδει,
922 483 1019 538 καὶ
1069 485 1127 538 ὲν
1154 485 1222 556 τῇ
1251 484 1390 558 αὐτῇ
1421 490 1628 558 μορφῇ.
1659 491 1688 543 ὅ
1711 489 1766 542 τί
1795 489 1928 542 ποτέ

2047 506 2152 542 .ur:
2193 492 2290 546 sed
2318 493 2677 565 haecquoquc
2701 499 2937 554 essentia
2992 514 3093 556 seu
3134 499 3462 564 substantia,
3489 516 3628 556 una-

359 581 511 632 ἐστιν
542 575 684 639 εἶδος
713 576 832 629 ἐκεῖ
863 577 956 629 καὶ
987 577 1195 646 μορφή.
1256 575 1352 630 Ἐκ
1405 577 1515 649 γὰρ
1565 580 1757 642 οὐσίας
1784 581 1942 634 οὐσία

2047 597 2148 650 que
2169 583 2282 653 ipsa
2317 601 2382 640 ac
2425 588 2610 643 eadem
2644 604 2766 643 cum
2818 589 2912 644 Dei
2950 605 3013 645 ac
3059 591 3238 646 Patris
3269 592 3530 656 essentia,
3567 593 3621 644 in

360 669 503 722 κατά
535 670 700 737 φύσιν
729 667 1052 737 προάγεται,
1084 667 1213 720 ὅταν
1239 667 1302 720 τὸ
1332 669 1534 736 ἑαυτῆς
1563 669 1716 732 τέλος
1740 672 1937 741 ἐνεργῇ

2047 675 2230 728 eadem
2289 680 2471 746 specie
2520 681 2821 750 eademque
2871 681 3043 736 forma
3083 684 3371 752 (quidquid
3399 685 3622 738 tandem

360 759 503 812 κατά
527 759 627 828 τὴν
658 760 867 811 οἰκείαν
902 757 1086 826 φύσιν,
1114 761 1209 812 καὶ
1238 759 1297 812 τὸ
1327 759 1481 826 αὐτὸ,
1511 761 1748 833 ἐπείπερ
1772 761 1829 814 ἒν
1853 763 1941 815 ἀεὶ

2047 764 2098 816 in
2123 764 2230 819 Deo
2260 769 2469 835 species
2501 769 2574 823 sit
2599 785 2663 825 ac
2695 771 2889 841 forma)
2939 788 3060 828 esse
3102 774 3464 828 existimetur.
3543 773 3622 827 Ex

357 852 420 901 τὸ
444 849 644 902 οίκεῖον
675 848 827 908 τέλος
857 849 1096 919 ἑκάστῳ.

2047 856 2347 912 substantia
2381 860 2530 914 enim
2556 876 2652 917 seu
2685 864 2948 925 essentia,
2997 865 3298 919 substantia
3333 881 3396 919 ac
3430 880 3623 920 essen—

365 944 442 998 tia
483 942 814 998 naturaliter
833 943 1106 1012 procedit,
1141 959 1266 998 cum
1292 944 1384 998 illa
1430 959 1532 1014 pro
1559 959 1625 1000 eo
1658 959 1722 1000 ac
1748 945 1822 999 illi
1859 955 2061 1002 natura
2131 962 2511 1020 comparatum
2554 962 2658 1018 cst,
2706 970 2865 1010 suum
2925 942 3084 1011 linem
3137 957 3283 1026 agit:
3343 957 3621 1025 Idemque,

359 1036 628 1105 siquidem
655 1052 800 1093 unus
833 1052 1052 1106 semper
1079 1038 1278 1108 cuique
1317 1039 1440 1092 linis
1484 1040 1739 1109 proprius
1782 1042 2025 1098 exsistit.

444 1130 606 1183 Ἀλλά
642 1131 749 1200 μὴν
795 1132 831 1200 ἡ
881 1134 938 1184 ἐν
981 1133 1114 1203 ἡμῖν
1149 1133 1336 1204 ἀγάπη
1367 1133 1464 1186 καὶ
1493 1135 1520 1186 ό
1551 1133 1690 1202 ἔρως
1719 1133 1938 1197 διπλοῦς

358 1221 475 1274 ἐστι
497 1220 586 1274 διὰ
617 1223 718 1290 τὴν
743 1223 854 1274 τῶν
879 1223 1124 1292 ἐραστῶν
1155 1224 1421 1294 διαφορὰν
1446 1225 1540 1276 καὶ
1571 1225 1935 1295 ἀκαθαρσίαν.

2110 1137 2426 1206 Enimvero,
2447 1157 2570 1210 quae
2591 1143 2646 1196 in
2673 1143 2830 1198 nobis
2853 1143 3076 1198 dilectio
3099 1152 3181 1197 cst
3209 1160 3303 1198 seu
3332 1157 3486 1199 amor
3519 1145 3624 1201 du-

2039 1229 2161 1296 plex
2193 1239 2296 1294 est,
2332 1229 2403 1284 ob
2443 1246 2632 1286 eorum
2657 1247 2778 1300 quae
2806 1235 2978 1287 amori
3011 1233 3280 1287 habentur
3313 1234 3613 1290 discrimen

361 1311 528 1365 Ὅθεν
565 1313 659 1366 καὶ
689 1313 869 1382 φαύλη
904 1315 988 1383 ἐφ’
1020 1313 1179 1383 ἡμῶν
1203 1315 1414 1382 γίνεται
1435 1316 1647 1386 ἀγάπη,
1676 1317 1806 1370 ὅταν
1837 1334 1941 1370 πα-

363 1407 524 1474 ρόντα
551 1407 862 1474 ἀγαπῶμεν
885 1406 954 1459 τὰ
991 1407 1174 1476 φαῦλα
1199 1423 1212 1436 ·
1264 1407 1362 1462 καὶ
1414 1407 1730 1477 ἀκάθαρτος
1773 1409 1938 1480 ἔρως,

359 1498 447 1548 ὅτε
475 1498 571 1549 καὶ
597 1499 626 1548 ό
654 1495 812 1565 λόγος
839 1498 996 1565 ἡμῶν
1023 1497 1225 1565 φαῦλος
1253 1496 1312 1560 ἐξ
1339 1497 1586 1567 ἀνάγκης
1616 1498 1785 1552 ἐστίν.
1813 1497 1941 1552 Ἐπὶ

357 1588 415 1641 δὲ
448 1587 528 1657 τῷ
553 1586 671 1656 Θεῷ
703 1587 764 1640 ἓν
790 1589 937 1640 ἐστιν
976 1589 1230 1659 ἐραστὴν,
1267 1588 1432 1653 αὐτὸς
1461 1587 1663 1659 ἐαυτῷ,
1685 1590 1792 1644 καὶ
1820 1591 1942 1656 ἀγι-

358 1679 589 1744 ώτατον,
623 1677 843 1732 πάντων
873 1679 1044 1732 ὄντων
1093 1679 1445 1750 ἀσυγκρίτως
1482 1679 1940 1750 ὑπερανῳκισμέ-

358 1787 470 1825 νον.
501 1771 614 1824 Καὶ
641 1771 674 1841 ὴ
714 1765 808 1824 τοῦ
841 1770 977 1824 Θεοῦ
1006 1771 1198 1839 ἀγάπη
1229 1771 1363 1838 ἁγία
1394 1772 1516 1824 ἐστὶ
1547 1771 1644 1825 καὶ
1676 1770 1795 1840 μία.
1828 1770 1939 1822 Καὶ

2038 1335 2104 1374 ac
2132 1320 2526 1389 impuritatem.
2575 1325 2729 1381 Unde
2765 1326 2927 1379 etiam
2969 1339 3138 1393 prava
3184 1325 3237 1378 in
3285 1325 3444 1381 nobis
3475 1328 3626 1381 exsi-

2042 1414 2138 1466 stit
2161 1413 2405 1478 dilectio,
2433 1430 2556 1469 cum
2619 1431 2708 1471 res
2745 1417 2869 1471 vitae
2901 1415 3086 1485 hujus,
3118 1431 3238 1484 quae
3269 1427 3398 1470 sunt
3421 1431 3623 1484 pravae,

2043 1501 2367 1573 diligimus:
2403 1515 2565 1576 atque
2616 1517 2770 1560 amor
2797 1508 3067 1577 impurus,
3101 1507 3322 1571 tutando
3350 1519 3403 1562 et
3434 1519 3624 1563 nostra

2040 1598 2182 1650 ratio
2235 1599 2546 1653 necessario
2604 1615 2774 1668 prava
2829 1610 2933 1656 est.
2971 1600 3030 1653 in
3061 1598 3171 1653 Deo
3201 1608 3381 1654 autem
3412 1601 3624 1654 amoris

2041 1688 2315 1758 obiectum
2370 1704 2540 1744 unum
2598 1699 2685 1746 est
2739 1690 2878 1762 (ipse
2925 1693 3185 1745 nimirum
3241 1691 3344 1745 sibi
3398 1690 3526 1760 ipsi)
3564 1706 3628 1744 ac

2039 1781 2489 1844 sanctissimum,
2549 1783 2749 1852 quippe
2800 1798 2962 1853 supra
3018 1798 3107 1837 res
3155 1796 3344 1835 omnes
3416 1783 3630 1836 incom-

361 1859 487 1913 επεὶ
516 1860 587 1912 τὰ
637 1860 878 1930 κρυφίαν
930 1860 1123 1929 ἔχοντα
1163 1859 1260 1930 τὴν
1300 1861 1438 1914 ἰδίαν
1476 1859 1688 1913 ἑαυτῶν
1721 1860 1820 1927 τῆς
1851 1876 1933 1912 κι⁹

2047 1871 2280 1940 parabili
2329 1886 2554 1928 excessu
2603 1873 2850 1929 eminens
2897 1889 2961 1938 ac
2995 1873 3222 1929 elatum.
3265 1873 3454 1928 Divina
3485 1887 3626 1941 quo-

365 1952 567 2022 νήσεως
591 1952 769 2023 ἀρχὴν
798 1952 875 2022 τῷ
896 1951 990 2004 τοῦ
1023 1952 1336 2022 πνεύματος
1363 1952 1591 2022 ὀνόματι
1622 1949 1898 2020 καλοῦμεν
1919 1967 1938 1984 ο

356 2044 498 2099 οὕτω
533 2046 644 2113 γὰρ
680 2046 774 2097 καὶ
804 2045 930 2105 τοὺς
979 2044 1220 2114 ἀνέμους
1251 2043 1543 2114 πνεύματα
1587 2045 1821 2114 λέγομεν
1850 2044 1940 2097 διὰ

355 2137 456 2202 τὴν
481 2137 708 2206 ἀδηλίαν
737 2139 836 2206 τὴν
870 2138 964 2191 τοῦ
995 2138 1117 2192 ὅθεν
1144 2133 1375 2208 ’προΐασι
1399 2153 1413 2167 ⁸
1441 2136 1538 2190 καὶ⁸
1567 2137 1601 2206 η
1640 2135 1760 2189 θεία
1790 2135 1938 2207 αὕτη

359 2228 548 2297 ἀγάπη
577 2227 672 2280 τοῦ
723 2228 861 2282 Θεοῦ
913 2213 1142 2300 Πνεῦμα
1187 2229 1345 2297 ἅγιον
1387 2227 1656 2282 καλεῖται.
1708 2225 1772 2280 Ei
1831 2227 1939 2298 γὰρ

358 2322 454 2375 καὶ
482 2323 518 2391 ἠ
546 2321 670 2376 θεία
705 2323 962 2393 γέννησις
991 2323 1189 2394 ἐπίσης
1219 2324 1373 2376 εστὶν
1404 2320 1599 2392 ἄδηλος
1628 2319 1724 2375 καὶ
1755 2319 1938 2387 ἄγνω-

359 2429 483 2474 στος
508 2413 658 2485 πάσῃ
696 2416 929 2485 γεννητῇ
961 2415 1124 2482 φύσει
1148 2428 1164 2444 ⁶
1188 2412 1305 2466 ἀλλ’
1324 2408 1426 2466 οὖν
1457 2410 1654 2466 καθότι
1679 2403 1941 2480 γέννησις

357 2505 599 2573 λέγεται,
641 2505 1016 2576 συνηθεστέρᾳ
1048 2507 1200 2576 φωνῇ
1257 2503 1661 2574 γνωριμωτέρα
1696 2501 1792 2554 καὶ
1828 2495 1939 2555 οἷον

355 2597 662 2668 οἰκειοτέρα
705 2600 771 2668 τῇ
813 2597 1136 2670 ἀνθρωπίνῃ
1168 2597 1332 2666 φύσει
1380 2596 1530 2649 δοκεῖ
1562 2595 1708 2666 ἥπερ
1757 2595 1792 2665 ἡ
1844 2593 1936 2648 τοῦ

359 2687 516 2756 ἁγίου
548 2689 868 2758 Πνεύματος
905 2688 1155 2758 πρόοδος.
1183 2687 1296 2756 Τῆς
1328 2687 1439 2758 γὰρ
1472 2685 1704 2757 προόδου
1734 2685 1938 2748 ταύτης

358 2781 602 2834 εἰκασίαν
633 2781 756 2834 τινὰ
800 2781 897 2833 καὶ
932 2782 1244 2849 οἰκειότητα
1271 2779 1470 2851 ῥᾳδίως
1500 2781 1558 2832 ἐν
1587 2779 1699 2840 τοῖς
1727 2777 1822 2829 ἀνθ
1835 2793 1937 2843 ρω-

359 2875 535 2938 πίνοις
559 2874 741 2946 εὑρεῖν
771 2874 874 2927 οὐκ
917 2873 1087 2928 ἔστιν.
1135 2874 1330 2943 Ἡμεῖς
1364 2871 1423 2926 δὲ
1453 2871 1564 2927 ἀπὸ
1591 2871 1698 2923 τῶν
1729 2871 1787 2922 ὲν
1820 2869 1935 2931 τοῖς

358 2966 631 3036 αἰσθητοῖς
657 2967 738 3030 είς
765 2967 974 3020 ἔννοιάν
1002 2983 1123 3020 τινα
1153 2966 1261 3020 τῶν
1287 2963 1468 3018 ἀΰλων
1495 2961 1794 3033 ἐρχόμεθα.

2046 1977 2154 2033 que
2192 1962 2412 2018 dilectio
2437 1977 2502 2018 ac
2555 1964 2796 2019 charitas
2840 1975 3031 2019 saneta
3085 1973 3167 2020 (τι
3213 1973 3267 2018 et
3305 1979 3436 2018 una.
3487 1962 3626 2027 Quia

2048 2069 2179 2109 vero
2213 2070 2276 2110 ea
2303 2070 2426 2126 quas
2452 2057 2725 2112 occultam
2761 2058 2965 2114 habent
2995 2065 3177 2112 motus
3221 2057 3307 2113 sui
3336 2055 3625 2123 originem,

2039 2148 2270 2217 spiritus
2313 2148 2536 2204 nomine
2580 2163 2884 2204 vocamus:
2934 2151 3016 2205 sic
3042 2149 3188 2204 enim
3239 2147 3401 2202 etiam
3437 2155 3630 2200 ventos

2047 2239 2388 2308 appellamus
2427 2240 2676 2310 spiritus,
2713 2237 2859 2311 quod
2887 2241 3154 2296 incertum
3187 2239 3348 2294 nobis
3377 2238 3450 2293 sit
3480 2237 3628 2292 unde

2043 2329 2122 2383 illi
2155 2329 2452 2400 procedant
2496 2348 2510 2384 :
2541 2330 2748 2386 idcirco
2779 2331 2962 2386 divina
2995 2331 3110 2385 haec
3139 2328 3363 2384 dilectio
3392 2341 3456 2382 ac
3486 2327 3628 2382 cha-

2040 2421 2202 2486 ritas,
2237 2420 2480 2491 Spiritus
2533 2421 2628 2477 Dei
2657 2432 2882 2477 sanctus
2911 2422 3258 2491 appellatur.-
3295 2417 3624 2486 Quanquam

2037 2509 2202 2564 etiam
2243 2510 2429 2564 divina
2478 2514 2760 2581 generatio
2799 2512 3026 2583 perinde
3063 2512 3285 2565 occulta
3326 2523 3392 2564 ac
3438 2509 3627 2578 ignota

2035 2601 2227 2670 genitae
2255 2605 2403 2658 omni
2431 2613 2638 2659 natura:
2671 2615 2755 2660 est
2786 2623 2802 2660 :
2837 2613 3217 2658 verumtamen
3248 2603 3302 2656 in
3342 2609 3612 2672 quantum

2043 2693 2326 2761 generatio
2377 2705 2607 2751 vocatur
2656 2696 2943 2751 usitatiore
2995 2694 3288 2762 vocabulo,
3343 2694 3525 2748 notior
3565 2707 3631 2748 ac

2042 2783 2198 2838 velut
2221 2783 2552 2842 familiarior
2602 2787 2857 2842 humana:
2912 2795 3127 2842 naturai
3181 2786 3433 2850 videtur,
3465 2800 3628 2854 quam

2043 2870 2284 2943 Spiritus
2316 2878 2491 2950 sancti
2523 2880 2826 2948 processio.
2855 2877 3027 2945 Hujus
3059 2878 3205 2933 enim
3251 2875 3626 2948 processionis
3739 2909 3743 2914 ι

2045 2964 2140 3020 vix
2167 2967 2336 3023 ullam
2399 2969 2776 3038 conjecturam
2808 2984 2874 3024 ac
2909 2971 3346 3024 convenientiam
3374 2971 3427 3022 in
3467 2970 3632 3024 rebrs

359 3063 614 3118 lit-nanis
661 3063 910 3117 invenire
957 3077 1253 3132 possumus
1305 3074 1482 3116 :cum
1538 3073 1607 3114 ex
1651 3057 1720 3112 iis
1747 3057 1955 3126 quatin
1994 3071 2220 3120 sensum
2268 3065 2495 3133 cadunt,
2552 3065 2622 3121 ad
2667 3064 2997 3134 spiritalium
3071 3063 3322 3118 notitiam
3391 3063 3628 3132 aliquam

359 3171 423 3211 ac
453 3157 748 3225 cogitatum
783 3159 1096 3209 veniamus.

428 3247 561 3310 Θεὸς
587 3247 697 3318 ἄρα
728 3247 878 3300 ἔστὶν
909 3247 937 3298 ό
971 3244 1066 3298 τοῦ
1101 3245 1238 3299 Θεοῦ
1266 3246 1441 3312 Λόγος
1466 3261 1480 3275 ⁸
1509 3244 1640 3307 Θεὸς
1666 3245 1724 3296 δὲ
1759 3245 1792 3316 ἡ
1829 3243 1947 3300 θεία

2124 3245 2268 3301 Deus
2296 3259 2425 3317 ergo
2481 3254 2567 3300 est
2617 3244 2710 3301 Dei
2756 3243 3034 3299 Verbum:
3090 3242 3234 3298 Deus
3281 3257 3412 3296 vero
3441 3242 3627 3299 divina

370 3341 606 3409 ’Δγάπη,
658 3340 756 3391 καὶ
804 3338 834 3390 ό
882 3338 1046 3400 αὐτὸς
1082 3337 1214 3400 Θεὸς
1277 3337 1454 3408 Πατρὶ
1480 3337 1574 3389 καὶ
1599 3335 1716 3406 Υἱῷ
1737 3351 1753 3368 ο
1784 3337 1878 3390 καὶ
1908 3339 1944 3410 ἡ

357 3433 547 3488 τούτου
584 3432 812 3503 πρόοδος
857 3433 1110 3501 ’Δγάπης
1161 3431 1282 3485 ἐστὶ
1315 3431 1566 3501 πρόοδος.
1599 3430 1712 3484 Καὶ
1739 3432 1864 3485 ἐπεὶ
1887 3433 1946 3487 ἐν

360 3526 426 3594 τῇ
452 3523 645 3594 λογικῇ
694 3523 788 3577 καὶ
834 3523 1000 3593 νοερᾷ
1045 3521 1210 3590 φύσει
1249 3521 1344 3574 δύο
1379 3523 1538 3590 μόνον
1566 3520 1660 3572 ἐπὶ
1689 3521 1758 3575 τά
1793 3519 1943 3574 ἔνδον

359 3615 606 3670 νοοῦνται
634 3614 878 3684 πρόοδοι,
907 3616 1004 3684 μία
1031 3615 1129 3682 μὲν
1153 3614 1186 3683 ἡ
1213 3612 1308 3665 τοῦ
1335 3612 1514 3680 Λόγου
1547 3609 1798 3682 πρόοδος,
1820 3611 1946 3665 καθ’

359 3705 428 3779 ἣν
455 3707 567 3760 νοεῖ
614 3705 678 3759 τὸ
718 3703 908 3776 νοητόν
929 3720 942 3733 ·
995 3704 1129 3776 άλλη
1160 3705 1217 3758 δὲ
1252 3706 1285 3775 η
1319 3704 1418 3773 τῆς
1453 3703 1678 3773 ἀγάπης
1713 3702 1746 3773 ἢ
1782 3703 1945 3770 Θελή-

362 3815 523 3864 σεως,
553 3796 675 3852 καθ’
703 3797 770 3868 ἢν
811 3796 1024 3867 ἐφίεται
1057 3795 1152 3850 τοῦ
1191 3795 1478 3866 νοηθέντος
1526 3794 1756 3861 ἀγαθοῦ,
1786 3796 1837 3848 εί
1870 3796 1946 3866 μὴ

362 3889 588 3962 παρείη,
619 3888 654 3960 ἢ
710 3890 908 3960 ἀγαπᾷ
936 3887 1098 3942 τοῦτο
1149 3888 1326 3956 παρόν
1354 3902 1370 3918 ·
1399 3888 1702 3955 ἀναγκαῖον
1753 3885 1810 3938 δὲ
1851 3886 1946 3940 καὶ

362 3981 458 4046 τὰς
484 3981 577 4034 δύο
621 3981 878 4050 παρεῖναι
905 3977 984 4050 τῷ
1014 3976 1144 4048 θείῳ
1168 3976 1264 4047 Νῷ
1318 3977 1501 4042 καθὼς
1531 3977 1824 4031 δέδεικται·
1852 3977 1950 4032 καὶ

363 4075 511 4128 ἔστιν
535 4074 569 4145 ή
597 4073 695 4142 τῆς
725 4075 964 4144 νοήσεως
995 4071 1227 4142 πρόοδος
1255 4071 1288 4142 ἢ
1326 4071 1585 4140 ἐνέργεια
1633 4069 1808 4138 Λόγου
1854 4071 1949 4122 καὶ

365 4166 499 4221 Υίοῦ
523 4182 537 4196 ο
570 4165 817 4218 λείπεται
845 4165 946 4234 τὴν
986 4164 1200 4230 ἑτέραν,
1236 4163 1408 4234 ἥίουν
1431 4162 1530 4233 τὴν
1561 4162 1784 4231 ἀγάπης
1806 4157 1945 4214 εἶναι

363 4260 459 4313 τοῦ
491 4260 648 4330 ἁγίου
679 4257 1021 4328 Πνεύματος,
1047 4255 1142 4310 καὶ
1171 4256 1232 4308 τὸ
1266 4253 1496 4324 Πνεῦμα
1521 4253 1581 4306 τὸ
1615 4253 1773 4322 ἆγιον
1802 4249 1944 4306 εἶναι

367 4352 466 4421 τὴν
506 4352 654 4406 θείαν
707 4349 978 4421 Ἀγάπην,
1016 4344 1052 4422 ᾗ
1090 4350 1118 4401 ὁ
1151 4348 1284 4412 Θεὸς
1314 4347 1508 4402 ἑαυτὸν
1535 4346 1747 4416 ἀγαπᾷ.

2042 3337 2265 3394 dilectio
2302 3353 2366 3393 ac
2403 3337 2666 3402 charitas,
2701 3337 2953 3405 idemque
2983 3349 3108 3390 cum
3145 3332 3312 3388 Patre
3345 3343 3513 3404 atque
3541 3332 3632 3387 Fi-

2040 3426 2116 3483 lio
2152 3428 2314 3490 Deus,
2373 3429 2603 3498 ejusque
2649 3427 2957 3497 processio,
3001 3425 3316 3481 dilectionis
3347 3438 3410 3478 ac
3446 3424 3633 3478 chari-

2044 3521 2172 3574 tatis
2193 3518 2475 3588 processio
2505 3529 2613 3573 est.
2650 3517 2922 3586 Quodque
2949 3516 3006 3570 in
3034 3523 3234 3570 natura
3262 3513 3538 3570 sermonis
3573 3513 3629 3568 vi

2043 3626 2140 3665 seu
2173 3610 2424 3671 rationis,
2456 3623 2522 3662 ac
2567 3605 2904 3677 intelligendi
2936 3603 3203 3660 facultate
3230 3605 3482 3674 praedita,
3507 3604 3630 3659 dum

2045 3711 2254 3757 tantum
2315 3701 2549 3755 interius
2603 3697 2984 3764 intelliguntur
3048 3698 3432 3764 processiones
3471 3705 3488 3746 :
3521 3706 3631 3746 una

2055 3793 2278 3863 quidem
2333 3790 2568 3845 rationis
2620 3786 3007 3855 sermonisque
3037 3791 3094 3839 et
3124 3783 3280 3838 verbi
3313 3783 3628 3852 processio,

2053 3897 2161 3952 qua
2191 3864 2462 3947 obiectum
2513 3879 2570 3932 in
2607 3877 2860 3933 notitiam
2893 3875 3098 3931 cadens
3123 3874 3410 3943 intelligit:
3435 3872 3632 3927 altera-

2052 3989 2160 4043 que
2186 3971 2492 4027 dilectionis
2526 3985 2624 4025 seu
2675 3967 3000 4032 voluntatis,
3037 3981 3147 4036 qua
3175 3965 3381 4022 bonum
3414 3962 3630 4020 intelle-

2047 4076 2141 4122 ctu
2175 4063 2475 4135 cognitum,
2519 4062 2626 4117 nisi
2657 4076 2902 4131 praesens
2959 4060 3054 4126 sit,
3085 4056 3452 4128 concupiscit.
3480 4069 3620 4125 prae-

2047 4173 2177 4213 sens
2243 4165 2424 4211 autem
2490 4155 2691 4225 diligit.
2741 4153 2994 4224 Cumque
3052 4153 3188 4208 adeo
3233 4164 3461 4206 necesse
3516 4148 3623 4210 sit,

2044 4261 2332 4319 utramque
2381 4247 2580 4302 divinat
2615 4245 2784 4302 tuenti
2826 4245 3043 4311 adesse,
3075 4244 3154 4300 uti
3181 4242 3476 4314 probatum
3500 4246 3623 4294 est:

2042 4343 2222 4411 sitque
2254 4338 2647 4394 intellectionis
2690 4335 3001 4408 processio,
3035 4335 3306 4392 sermonis
3338 4347 3436 4389 seu
3460 4328 3624 4386 Verbi

368 4442 596 4513 Filiique
656 4443 928 4514 operatio,
987 4451 1236 4512 superest
1307 4441 1533 4510 alteram
1605 4438 1943 4510 (dilectionis
1974 4437 2186 4492 scilicet
2233 4449 2299 4489 ac
2348 4435 2656 4500 charitatis)
2685 4448 2808 4488 esse
2832 4431 3076 4503 Spiritus
3136 4426 3338 4492 sancti,
3399 4433 3630 4492 esseque

369 4540 634 4614 Spiritum
665 4549 914 4597 sanctum
952 4540 1193 4594 divinam
1231 4538 1577 4593 dilectionem
1613 4550 1677 4589 ac
1700 4536 2046 4598 charitatem,
2069 4547 2179 4602 qua
2204 4532 2345 4586 Deus
2363 4531 2602 4600 seipsqu
2638 4527 2834 4598 diligit.

435 4634 692 4688 Τοιοῦτον
721 4634 900 4686 τοίνυν
924 4634 1016 4686 καὶ
1049 4633 1143 4684 ἐπὶ
1178 4629 1278 4699 τῆς
1305 4629 1466 4698 ἁγίας
1494 4627 1715 4699 τριάδος
1751 4627 1812 4680 τὸ
1847 4626 1938 4680 τοῦ

2119 4623 2248 4678 Tale
2299 4622 2465 4692 igitur
2493 4621 2660 4677 etiam
2725 4621 2778 4680 in
2821 4625 3009 4674 sancta
3052 4613 3318 4668 Trinitate
3344 4608 3632 4678 Augustini

366 4727 849 4798 Λῦγουστίνουμι)
908 4723 1266 4796 παράδειγμα
1297 4723 1394 4775 καὶ
1446 4719 1558 4775 τῶν
1617 4719 1740 4773 κατ’
1797 4720 1959 4773 αὑτὸν

369 4822 710 4878 διδασκάλων
737 4837 752 4853 ο
782 4819 879 4873 καὶ
911 4819 1029 4873 ἔστι
1058 4817 1168 4871 τῶν
1188 4815 1367 4872 ἄλλων
1396 4813 1841 4884 προσφυέστερον
1863 4811 1958 4866 καὶ

367 4913 720 4983 οἰκειότερον.
757 4911 882 4965 Τῶν
925 4911 1035 4982 γάρ
1094 4908 1364 4975 θεολόγων
1429 4906 1688 4961 ἁπάντων
1743 4904 1821 4974 νῷ
1864 4902 1960 4957 καὶ

368 5007 513 5075 λόγῳ
540 5004 800 5076 φαμένων
853 5003 1117 5070 ἀνάλογον
1145 5000 1291 5071 ἔχειν
1341 4997 1478 5068 πρὸς
1541 4997 1810 5068 ἀλλήλους
1865 4996 1957 5050 τὸν

372 5097 592 5166 Πατᾶρα
618 5097 714 5150 καὶ
750 5095 842 5148 τὸν
873 5094 1026 5157 Υἱὸν,
1061 5095 1110 5146 οἱ
1138 5092 1236 5161 μὲν
1291 5089 1443 5146 ἄλλοι
1505 5088 1709 5151 πάντες
1742 5088 1952 5158 σχεδὸν,

368 5188 460 5240 τὸν
484 5187 578 5241 τοῦ
594 5187 729 5240 Θεοῦ
761 5187 938 5254 Λόγον
965 5185 1043 5254 τῷ
1070 5183 1204 5254 παρ’
1239 5184 1376 5252 ἡμῖν
1409 5178 1734 5250 προφορικῷ
1765 5194 1958 5248 παρει-

371 5280 600 5342 κάζουσι
638 5278 782 5348 λόγῳ
809 5293 824 5310 ·
857 5281 888 5331 ό
919 5278 975 5332 δὲ
1005 5279 1098 5332 ἐπὶ
1135 5277 1228 5330 τδν
1254 5276 1403 5331 ἔνδον
1436 5273 1600 5341 λόγον
1629 5273 1722 5328 τὸν
1781 5270 1956 5325 ἐνδιά-

371 5374 527 5428 θετον
554 5371 829 5442 λαμϐάνει
863 5371 964 5442 τὴν
992 5369 1312 5440 ὁμοιότητα.
1351 5365 1506 5420 Ἐκεῖ
1556 5363 1690 5434 γὰρ,
1747 5363 1841 5416 καὶ
1894 5361 1955 5414 τὸ

372 5464 498 5518 κατ’
526 5465 735 5528 εἰκόνα,
763 5465 858 5518 καὶ
884 5466 912 5517 ὁ
934 5463 1155 5533 πρῶτος
1187 5460 1346 5528 λόγος
1371 5456 1498 5512 καθ’
1521 5455 1582 5511 ὃν
1611 5452 1826 5522 λογικοί
1859 5455 1953 5506 εσ-

374 5557 478 5626 μὶν
507 5559 603 5611 καὶ
623 5555 966 5625 καλούμεθα.
1007 5554 1119 5607 stre
1153 5551 1293 5625 μετὰ
1336 5547 1591 5620 σώματός
1619 5549 1808 5613 ἐσμεν,
1840 5544 1952 5597 εἴτε

372 5651 468 5704 καὶ
500 5651 598 5719 μή.
641 5648 700 5702 ’0
727 5648 785 5703 δὲ
819 5648 911 5704 ἐπὶ
943 5649 1013 5707 τὰ
1073 5647 1178 5713 ἔξω
1223 5646 1366 5716 ῥέων
1428 5634 1585 5704 οὗτος
1644 5638 1804 5704 λόγος
1859 5636 1951 5692 τοῦ

449 5831 559 5889 tul
581 5829 702 5884 Lib.
726 5845 778 5884 ν.

2059 4732 2124 4771 ac
2157 4716 2470 4784 sequacium
2505 4713 2791 4767 doctorum
2813 4707 3156 4776 exemplum;
3186 4714 3378 4772 estque
3415 4701 3640 4770 reliquis

2059 4806 2496 4865 connaturalius.
2547 4818 2614 4858 ac
2667 4800 2844 4870 magis
2914 4797 3249 4869 appositum.
3313 4792 3451 4849 Nam
3510 4808 3638 4849 cum

2057 4914 2248 4954 omnes
2311 4895 2547 4964 theologi
2601 4895 2818 4948 Patrem
2870 4890 3057 4946 dicant
3095 4903 3159 4944 ac
3215 4885 3414 4942 Filium
3475 4887 3642 4942 sicae

2056 4992 2197 5046 inter
2246 5004 2306 5044 se
2339 4986 2575 5058 quadam
2602 4985 2956 5054 proportione
3000 4980 3222 5042 habere,
3249 4993 3314 5034 ac
3337 4993 3397 5034 se
3431 4978 3634 5034 habent

2059 5096 2216 5140 mens
2269 5095 2334 5135 ac
2387 5079 2646 5141 verbum;
2699 5075 2794 5130 alii
2844 5072 3067 5144 quidem
3109 5069 3221 5126 fere
3246 5085 3441 5126 omnes
3469 5070 3642 5126 Deum

2062 5174 2300 5230 Verbum
2333 5181 2656 5244 comparant
2687 5186 2814 5226 cum
2845 5168 3038 5235 verbo,
3072 5167 3217 5238 quod
3245 5166 3389 5236 apud
3423 5183 3524 5222 nos
3545 5181 3643 5222 ore

2061 5266 2331 5338 profertur
2351 5281 2366 5331 ;
2391 5275 2447 5320 at
2466 5265 2832 5335 Augustinus.
2853 5262 2907 5316 in
2942 5258 3192 5315 interiori
3215 5258 3385 5314 verbo
3405 5271 3469 5313 ac
3489 5257 3638 5326 quod

2061 5359 2116 5415 in
2169 5360 2356 5415 animo
2415 5359 2642 5422 residet,
2721 5355 2957 5412 assumit
3027 5350 3468 5410 similitudinem.
3528 5348 3644 5404 Illic

2061 5451 2207 5508 enim
2263 5461 2380 5508 tum
2433 5465 2556 5508 esse
2590 5449 2660 5505 ad
2715 5447 3009 5519 imaginem
3073 5444 3312 5513 positum
3362 5447 3468 5499 est.
3524 5448 3638 5494 tutu

2061 5543 2235 5614 prima
2273 5543 2414 5598 ratio
2465 5557 2532 5600 ac
2575 5555 2780 5608 sermo,
2829 5553 2939 5610 qua
2991 5533 3290 5622 rationales
3338 5530 3637 5602 (sermonis

2059 5637 2269 5694 scilicet
2309 5645 2362 5694 et
2406 5635 2558 5692 verbi
2592 5651 2655 5692 ac
2687 5631 2914 5692 rationis
2947 5624 3248 5697 compotes)
3279 5637 3470 5678 sumus
3501 5622 3642 5694 pari-
