4088 6476
415 373 514 442 551

1651 373 2047 437 MANUELIS
2085 376 2394 438 CALECIE

3581 374 3685 437 55:7.

413 493 613 544 cuncta
670 458 1001 557 recipientes
1056 498 1122 540 ac
1158 483 1525 540 custodientes
1552 484 1702 540 velut
1753 484 2000 556 Spiritus

2114 504 2232 549 νους
2291 489 2388 542 καὶ
2442 486 2816 555 φυλάττοντας
2862 487 2938 550 ὼς
2969 483 3066 542 τοῦ
3101 484 3421 554 Πνεῦματος
3477 499 3686 552 φιυνας,

416 592 602 643 voces,
661 577 744 634 sic
799 591 980 647 Operae
1027 577 1262 646 pretium
1308 590 1580 646 exponere
1632 584 1904 646 Satagant,
1937 582 2000 630 ut

417 677 474 728 et
494 668 967 726 communissimis
1000 669 1067 723 de
1094 667 1205 723 Deo
1231 668 1682 739 conceptionibus
1712 676 1767 722 et
1795 665 2000 736 princi-

418 760 526 831 piis
554 761 696 824 lidei,
731 774 834 814 nec
866 775 976 814 non
1025 766 1344 814 sanctorum
1382 756 1719 811 multitudini
1751 770 1991 811 consen-

423 853 604 906 tiant:
658 851 738 906 sic
791 860 1000 916 tamen,
1060 850 1190 904 dum
1219 863 1408 904 eorum
1445 848 1601 902 nobis
1634 847 1998 902 sanctimonia

422 943 571 998 nulla
625 943 937 1012 suspicione
985 926 1218 996 laboret.
1253 939 1408 1006 Quod
1457 939 1565 994 illis
1587 954 1868 994 servemus
1899 955 1995 993 ne-

363 1093 366 1096 .
421 1051 572 1094 eesse
616 1043 732 1102 est;
789 1050 896 1088 non
954 1035 1035 1089 sic
1069 1044 1282 1098 nostro,
1338 1043 1654 1087 sanctorum
1699 1031 1998 1087 sententias

419 1127 716 1196 verbaque,
756 1139 1085 1194 usurpamus
1126 1121 1380 1185 consilio,
1419 1132 1479 1176 ut
1510 1122 1648 1177 alios
1687 1122 1810 1176 aliis
1847 1135 2000 1175 corn-

419 1218 638 1274 mittere
667 1217 975 1282 videamur,
1009 1230 1072 1270 ac
1099 1215 1244 1269 velut
1271 1214 1367 1284 qui
1397 1229 1456 1269 se
1486 1224 1678 1269 mutuo
1727 1221 1996 1276 evertant,

417 1309 703 1365 inducere.
742 1308 863 1363 Non
898 1307 1046 1362 enim
1095 1321 1312 1375 aequum
1367 1314 1471 1370 est,
1513 1315 1574 1359 ut
1611 1305 1714 1360 sibi
1766 1304 1997 1360 invicem

418 1401 695 1457 adversari
729 1400 1131 1458 existimentur.
1165 1397 1223 1452 1d
1252 1397 1396 1452 enim
1446 1412 1545 1452 nec
1581 1398 1648 1452 iis
1679 1397 1998 1452 hominibus

423 1497 559 1554 satis
589 1502 876 1562 congruat,
910 1490 1110 1559 quibus
1138 1487 1404 1557 tantisper
1432 1487 1662 1542 rationis
1694 1488 1789 1541 lux
1833 1485 1997 1541 aﬂui-

418 1596 572 1661 geat;
607 1595 816 1652 tanturn
864 1581 1018 1635 abest
1047 1590 1107 1634 ut
1142 1579 1373 1644 sanctis,
1423 1581 1516 1649 qui
1553 1589 1761 1634 motore
1790 1577 1997 1649 Spiritu

419 1689 617 1735 cuncta
648 1683 1024 1748 exposuerunt
1067 1693 1082 1731 :
1125 1689 1234 1744 quo
1281 1676 1494 1731 scilicet
1546 1676 1820 1740 homines,
1878 1674 1989 1729 illis

420 1781 677 1840 tanquam
720 1768 934 1838 pietatis
965 1765 1238 1835 magistris
1265 1766 1510 1821 animum
1549 1765 1898 1828 adhibentes,
1930 1779 1996 1819 ac

423 1875 518 1929 per
547 1874 641 1916 eos
676 1858 962 1913 veritatem
996 1857 1404 1920 nanciscentcs,
1436 1857 1489 1911 in
1517 1857 1664 1912 hunc
1691 1855 1909 1910 modum
1946 1856 1999 1908 in

417 1937 640 2009 Christo
679 1960 1049 2007 necterentur.

492 2043 572 2099 De
598 2045 684 2099 bis
705 2043 869 2112 igitur
892 2058 1013 2113 quae
1043 2043 1250 2099 sanctis
1275 2043 1420 2097 dicta
1445 2051 1597 2104 sunt,
1629 2041 1701 2096 ita
1752 2039 1998 2095 sentien-

420 2136 578 2198 dum,
614 2134 818 2204 talique
844 2134 898 2189 in
932 2135 1190 2190 omnibus
1218 2133 1478 2189 utendum
1514 2131 1700 2202 regula
1745 2142 1849 2186 est.
1901 2130 1998 2184 Sin

418 2225 624 2292 minus,
648 2235 888 2296 praestat,
944 2233 1005 2279 ut
1055 2224 1302 2280 dicamus
1353 2239 1455 2279 nos
1521 2238 1630 2276 non
1689 2221 1994 2291 intelligere

419 2333 612 2375 eorum
648 2332 770 2386 quae
809 2315 1068 2372 dicuntur
1097 2315 1386 2370 sententiae
1413 2316 1548 2376 vim,
1573 2329 1736 2384 quam
1794 2329 1998 2369 conve-

419 2411 636 2466 nientes
665 2424 846 2480 exque
869 2409 1082 2464 ratione
1105 2408 1170 2462 de
1201 2408 1311 2462 Deo
1335 2406 1650 2462 sententias
1665 2414 1998 2472 evertamns,

418 2504 498 2558 uti
520 2503 597 2558 ait
627 2516 855 2571 magnus
889 2501 1147 2556 Basilius.
1179 2500 1280 2555 Hic
1300 2507 1480 2553 autem
1517 2512 1817 2568 possumus
1843 2497 1998 2552 dice-

418 2607 502 2659 re,
534 2600 777 2658 sanctos,
817 2592 1118 2646 secundum
1145 2589 1694 2664 diversos_respectus
1727 2589 1868 2641 idem
1893 2587 1999 2641 alia

421 2692 583 2754 atque
600 2683 706 2738 alia
740 2683 951 2737 ratione
973 2681 1274 2737 declarare.
1305 2681 1439 2734 Nam
1479 2678 1649 2733 Filius
1676 2677 1895 2748 quidem
1933 2692 2001 2730 ex

420 2775 581 2832 Patre
609 2783 715 2841 est,
751 2783 1005 2844 tanquam
1041 2772 1263 2826 verbum
1317 2786 1384 2826 ex
1439 2782 1642 2826 mente.
1693 2769 2003 2825 Secundum

427 2867 570 2922 hanc
601 2865 1098 2922 considerationem
1133 2863 1296 2919 etiam
1330 2863 1667 2918 voluntatem
1699 2877 1762 2916 ex
1806 2860 2000 2915 volun-

2109 577 2254 631 οὕτω
2284 579 2560 649 προσῆκον
2579 580 2880 649 ἐπιχειρεῖν
2910 579 3250 650 ἐξηγεῖσθαι,
3279 577 3421 630 ὥστε
3451 578 3545 630 καὶ
3564 577 3687 638 ταῖς

2111 671 2244 740 περὶ
2270 669 2408 723 Θεοῦ
2434 673 2778 734 κοινοτάταις
2805 672 3040 734 ἐννοίαις
3069 672 3162 724 καὶ
3182 671 3304 732 ταῖς
3328 670 3429 738 τῆς
3451 669 3687 731 πίστεως

2109 763 2329 832 ἀρχαῖς,
2357 764 2454 816 καὶ
2485 762 2562 834 τῷ
2585 763 2782 836 πλήθει
2809 765 2918 816 τῶν
2939 763 3114 831 ἁγίων
3143 762 3456 831 συμφωνεῖν
3473 778 3486 793 ·
3525 761 3688 830 μόνον

2118 857 2171 908 εἰ
2196 857 2326 925 περὶ
2349 856 2445 922 τῆς
2479 856 2704 908 ἐκείνων
2737 853 3048 923 ἁγιωσύνης
3072 853 3412 923 ἀμφιϐολίαν
3428 852 3690 923 οὐδεμίαν

2109 945 2332 1015 ἔχομεν.
2358 947 2535 1017 Ὅπερ
2565 948 2861 1014 ἀναγκαῖον
2884 946 3116 1008 ἐκείνοις
3149 945 3456 1015 τηρεῖσθαι,
3484 946 3577 998 καὶ
3609 944 3687 1014 μὴ

2109 1037 2197 1090 διὰ
2231 1036 2330 1106 τὴν
2359 1037 2571 1090 ἑαυτῶν
2612 1036 2868 1106 βούλησιν
2887 1037 3030 1090 οὕτω
3057 1037 3128 1090 τὰ
3151 1037 3260 1090 τῶν
3294 1035 3469 1104 ἁγίων
3485 1036 3690 1106 ἐκλαμ-

2121 1130 2411 1195 ϐάνοντας,
2471 1131 2548 1193 ὡς
2599 1132 2790 1203 ποιεῖν,
2835 1129 3082 1192 ἐκείνους
3128 1129 3384 1199 ἀλλήλοις
3427 1128 3688 1198 πολεμεῖν

2110 1221 2315 1285 δοκεῖν,
2343 1221 2439 1275 καὶ
2465 1221 2556 1290 ὑφ’
2601 1222 2812 1274 ἑαυτῶν
2853 1220 3283 1290 ἀνατρέπεσθαι.
3329 1221 3406 1274 Οὐ
3451 1220 3562 1288 γὰρ
3620 1220 3688 1273 ἀν

2111 1316 2340 1377 εἰκότως
2361 1313 2671 1384 νομίζοιντο
2725 1315 2939 1376 ἑαυτοῖς
2960 1313 3054 1366 καὶ
3095 1312 3350 1384 ἀλλήλοις
3411 1313 3692 1366 ἑναντιοῦ·

2115 1405 2240 1458 σθαι
2260 1419 2278 1437 ο
2308 1404 2466 1459 τοῦτο
2491 1407 2600 1472 γὰρ
2623 1404 2742 1458 οὐδὲ
2763 1407 2875 1467 τοῖς
2903 1403 3154 1458 ὁπωσοῦν
3191 1404 3430 1471 λογικοῖς
3458 1403 3570 1458 τῶν
3591 1406 3688 1457 ἀν-

2112 1497 2350 1566 θρώπων
2383 1497 2639 1566 ἁρμόζει,
2683 1498 2845 1567 μήτοι
2885 1513 2948 1562 γε
2973 1496 3036 1565 δὴ
3057 1499 3169 1558 τοῖς
3199 1497 3399 1564 ἁγίοις,
3422 1496 3473 1550 οἳ
3510 1496 3691 1550 πάντα

2117 1589 2366 1650 ἐξέθεντο
2399 1589 2506 1643 ὑπὸ
2531 1586 2626 1640 τοῦ
2651 1587 2810 1654 ἁγίου
2835 1587 3147 1655 κινούμενοι
3172 1588 3489 1658 Πνεῦματος
3509 1604 3523 1618 ·
3547 1588 3691 1642 ὥστε

2109 1683 2324 1744 τούτοις
2357 1679 2433 1742 ὡς
2461 1678 2806 1740 διδασκάλοις
2839 1678 3122 1740 εὐσεϐείας
3176 1677 3307 1740 τοὺς
3365 1678 3692 1749 ἀνθρώπους

2113 1773 2509 1843 προσέχοντας,
2533 1771 2628 1824 καὶ
2655 1770 2726 1824 δι’
2758 1770 2939 1825 αὐτῶν
2973 1771 3074 1838 τῆς
3099 1770 3357 1840 ἀληθείας
3389 1771 3692 1839 ἐπιτυγχά-

2109 1881 2323 1928 νοντας,
2358 1862 2503 1916 οὕτω
2537 1863 2920 1933 συνημμένους
2947 1863 3006 1915 ὲν
3042 1861 3117 1932 τῷ
3147 1861 3369 1932 Χριστῷ
3418 1861 3690 1929 γίνεσθαι.

2183 2045 2318 2113 Περὶ
2360 2042 2462 2115 μὲν
2507 2038 2602 2095 οῦν
2631 2040 2742 2095 τῶν
2794 2043 2910 2105 τοῖς
2955 2041 3133 2109 ἁγίοις
3185 2041 3494 2109 εἰρημένων
3547 2040 3694 2094 οῦτω

2109 2136 2217 2209 χρὴ
2245 2136 2470 2204 γνώμης
2503 2135 2666 2204 ἔχειν,
2695 2134 2790 2187 καὶ
2819 2134 3046 2202 τοιούτῳ
3077 2133 3314 2202 χρῆσθαι
3341 2134 3431 2184 ἐπὶ
3472 2134 3694 2187 πάντων

2113 2231 2320 2287 κανόνι.
2347 2230 2410 2283 Εί
2435 2229 2494 2283 δὲ
2531 2230 2628 2299 μὴ,
2657 2227 2880 2298 ἄμεινον
2906 2229 3084 2296 λέγειν
3111 2226 3212 2298 τὴν
3241 2226 3351 2280 τῶν
3380 2225 3695 2296 λεγομένοιν

2113 2322 2191 2394 μὴ
2227 2321 2469 2374 συνιέναι
2519 2319 2760 2374 διάνοιαν
2797 2319 2830 2388 ἢ
2881 2318 3210 2388 ἀνατρέπειν
3236 2317 3336 2380 τὰς
3377 2314 3696 2384 ἀξιολόγους

2111 2415 2242 2483 περὶ
2275 2413 2412 2466 Θεοῦ
2454 2411 2780 2482 ὑπολήψεις,
2817 2409 2893 2474 ὡς
2933 2413 2962 2464 ὁ
3007 2409 3182 2478 μέγας
3229 2407 3333 2478 ἔφη
3386 2409 3694 2465 Βασίλεια-τ.

2123 2505 2397 2560 Ἐνταῦθα
2429 2505 2485 2558 δὲ
2513 2504 2628 2557 ἔστι
2655 2503 2859 2571 λέγειν,
2891 2505 2967 2568 ὡς
2993 2503 3054 2555 τὸ
3078 2503 3210 2556 αὐτὸ
3231 2501 3376 2555 κατὰ
3399 2502 3695 2570 διαφόρους

2111 2597 2438 2667 ἀποϐλέψεις
2462 2596 2640 2657 ἄλλως
2669 2595 2766 2648 καὶ
2787 2594 2965 2657 ἄλλως
2994 2596 3042 2648 οἰ
3067 2593 3219 2661 ἅγιοι
3245 2592 3592 2646 ἀποδιδόασιν
3610 2609 3627 2624 ⁸
3662 2595 3693 2646 ό

2114 2690 2217 2762 μὲν
2257 2691 2366 2760 γὰρ
2398 2688 2526 2750 Υἱὸς
2562 2689 2627 2739 ὲκ
2665 2685 2759 2740 τοῦ
2805 2679 3022 2757 Πατρός
3064 2688 3232 2750 ἐστιν,
3279 2685 3356 2748 ὡς
3405 2685 3579 2751 Λόγος
3622 2683 3690 2737 ἐκ

2115 2782 2249 2838 Νοῦ.
2293 2781 2452 2835 Κατὰ
2493 2781 2650 2834 τοῦτο
2687 2779 2784 2834 καὶ
2821 2779 3045 2849 θέλησιν
3088 2782 3152 2833 ἐκ
3201 2779 3469 2849 θελήσεως
3510 2774 3691 2846 εἷπον,

2112 2874 2188 2937 ὡς
2211 2877 2238 2927 ό
2267 2872 2526 2940 Θεολόγος
2553 2871 2855 2942 Γρηγόριος
2870 2871 3041 2940 λέγει,
3065 2889 3084 2920 r
3112 2871 3202 2942 Τῷ
3224 2872 3400 2943 Πατρὶ
3432 2870 3690 2942 γέννησίς

420 2965 535 3013 tate
551 2957 825 3021 dixerunt,
853 2954 1311 3025 quemadmodum
1341 2953 1416 3008 ait
1470 2952 1766 3022 Gregorius
1825 2949 2005 3007 Theo-

2114 2964 2264 3018 ἔστιν
2291 2965 2324 3036 ἡ
2356 2963 2450 3016 τοῦ
2489 2964 2686 3034 γεννᾷν
2713 2963 2952 3033 θέλησις,
2981 2964 3076 3014 καί⁵
3110 2961 3364 3032 βούλησις
3393 2966 3455 3014 ἐκ
3497 2961 3695 3032 βουλή-

423 3047 580 3119 logns
611 3064 627 3102 :
659 3045 836 3102 «Patri
867 3047 1174 3119 generatio,
1201 3044 1462 3116 gignendi
1492 3044 1747 3099 voluntas
1793 3051 1899 3106 est,
1937 3056 2003 3097 ac

2115 3075 2257 3122 σεως
2278 3072 2294 3090 ⁸
2320 3055 2446 3110 καθ’
2470 3055 2530 3108 ὂν
2576 3055 2641 3126 δὴ
2667 3055 2869 3124 τρόπον
2897 3050 3049 3108 εἷπον
3070 3055 3262 3124 σοφίαν
3285 3057 3350 3108 ὲκ
3379 3053 3570 3121 σοφίας
3597 3054 3694 3105 τὸν

423 3140 680 3196 voluntas
731 3155 794 3195 ex
835 3139 1134 3194 voluntate.
1171 3155 1190 3190 ι
1229 3135 1542 3192 Secundum
1598 3152 1758 3207 quem
1809 3137 2000 3206 utique

2114 3151 2264 3217 Υίὺν,
2295 3151 2390 3203 καὶ
2415 3147 2647 3218 δύναμιν
2679 3149 2742 3200 ἐκ
2765 3147 3072 3215 δυνάμεως.
3095 3146 3168 3201 Τὸ
3195 3147 3252 3200 δὲ
3281 3147 3436 3215 ἆγιον
3466 3145 3693 3216 Πνεῦμα

427 3233 673 3296 modum,
706 3231 902 3286 Filium
935 3230 1258 3298 sapientiam
1281 3244 1348 3286 ex
1406 3229 1678 3300 sapientia
1725 3231 2003 3298 dixerunt,

2114 3245 2176 3298 ὲκ
2216 3197 2310 3297 τοῦ
2367 3197 2583 3312 Πατρός
2623 3241 2794 3307 ἐστιν,
2829 3197 2914 3304 ὡςΙ
2947 3197 3057 3292 ἀπό
3089 3197 3438 3312 θελήᾷεῷξνῆ

430 3339 498 3380 ac
518 3325 778 3378 virtutem
801 3338 865 3378 ex
887 3323 1106 3378 virtute.
1129 3323 1398 3378 Caeterum
1433 3321 1678 3394 Spiritus
1700 3331 1922 3377 sanctus
1939 3338 2005 3379 ex

2114 3335 2212 3390 Διὰ
2243 3335 2403 3388 τοῦτο
2453 3333 2564 3405 γάρ
2608 3335 2728 3388 ἐστι
2769 3335 2866 3386 καὶ
2919 3333 3147 3402 πρόοδος
3175 3331 3455 3403 διάφορος.
3520 3331 3585 3387 Ἦ
3632 3332 3692 3383 δὲ

427 3413 593 3470 Patre
617 3421 722 3480 est,
757 3413 902 3468 velut
933 3413 1151 3469 dilectio
1183 3429 1213 3469 a
1242 3413 1523 3469 voluntate
1553 3429 1568 3468 :
1603 3413 1808 3468 idcirco
1841 3414 2004 3468 etiam

2114 3429 2314 3495 κτίσις,
2347 3429 2424 3490 ὡς
2453 3427 2562 3480 ἀπὸ
2595 3429 2725 3496 μιᾶς
2758 3427 3065 3496 βουλήσεως
3088 3425 3430 3496 τοῦἭατρὸς
3469 3424 3566 3479 καὶ
3592 3424 3691 3478 τοῦ

428 3503 688 3560 distincta
719 3503 997 3574 processio
1042 3514 1142 3558 est.
1173 3501 1438 3558 Creatura
1462 3517 1613 3569 vero,
1645 3511 1903 3572 tanquam
1941 3503 2005 3558 ab

2114 3521 2249 3574 Υίοῦ
2290 3521 2384 3574 καὶ
2415 3522 2508 3575 τοῦ
2533 3522 2693 3589 ἁγίου
2725 3520 3044 3588 Πνεῦματος
3070 3534 3084 3549 ·
3129 3519 3227 3590 μία
3250 3521 3358 3590 γὰρ
3385 3520 3495 3576 τῶν
3524 3519 3696 3594 τριῶν

429 3611 542 3651 una
572 3595 870 3663 voluntate,
899 3611 930 3650 a
961 3593 1126 3650 Patre
1152 3603 1236 3650 est
1259 3603 1314 3651 et
1341 3595 1480 3650 Filio
1516 3603 1572 3650 et
1621 3595 1823 3666 Spiritu
1879 3611 2010 3650 san-

426 3698 543 3746 cto.
576 3687 696 3744 Una
756 3688 902 3744 enim
924 3697 1009 3745 est
1067 3690 1230 3743 trium
1278 3703 1660 3760 personarum,
1718 3689 1863 3759 quod
1886 3690 2014 3744 atti-

433 3790 528 3836 net
557 3781 627 3835 ad
677 3793 956 3836 creaturas
991 3820 1006 3847 ,
1041 3780 1312 3836 voluntas.

500 3890 560 3946 Id
625 3906 755 3946 vero
787 3903 896 3957 est,
926 3892 1072 3962 quod
1104 3900 1158 3948 et
1214 3892 1408 3950 beatus
1465 3894 1737 3953 Maximus
1789 3897 1887 3959 ait,
1955 3894 2012 3950 in

427 3983 801 4054 disputatione
833 3998 957 4039 cum
987 3984 1271 4040 Anomteo.
1299 3985 1434 4040 Nam
1462 4002 1586 4044 cum
1618 3988 1707 4043 ille
1760 3988 2012 4055 dixisset,

436 4073 527 4130 «Si
558 4071 704 4128 Deus
736 4072 861 4128 aliis
885 4072 1082 4144 gignit,
1115 4083 1283 4144 atque
1319 4079 1443 4134 aliis
1491 4081 1698 4145 condit,
1737 4081 2016 4149 composi-

436 4175 527 4221 tus
557 4173 641 4220 est
666 4182 684 4232 ;
713 4184 733 4218 ι
759 4163 1076 4234 respondet,
1104 4183 1123 4218 ‹
1143 4164 1260 4222 Non
1283 4168 1409 4224 dico
1431 4171 1554 4226 aliis
1577 4169 1815 4241 gignere,
1852 4181 2016 4242 atque

431 4255 558 4311 aliis
588 4257 849 4324 condere,
906 4258 1022 4324 sed,
1047 4258 1206 4315 aliter
1253 4259 1498 4330 gignere,
1549 4263 1706 4317 aliter
1723 4263 2010 4319 condere.»

435 4345 710 4404 Ceterum
736 4349 956 4407 divinus
980 4349 1241 4420 Spiritus,
1281 4352 1375 4422 qui
1397 4352 1469 4407 sit
1508 4368 1539 4407 a
1593 4351 1753 4409 Patre
1798 4354 2017 4410 dilectio

431 4440 784 4502 etcbaritas.
833 4443 1095 4510 peculiari
1149 4445 1387 4512 quodam
1452 4444 1616 4500 modo
1653 4445 1872 4500 dicitur.
1923 4447 2018 4502 Est

2111 3616 2206 3670 ἐπὶ
2229 3615 2339 3671 τῶν
2369 3618 2686 3686 κτισμάτων
2713 3618 2746 3689 ή
2776 3616 3016 3687 θέλησις.

2186 3885 2358 3940 Τοῦτο
2388 3885 2444 3939 δέ
2475 3885 2648 3946 ἐστιν,
2689 3885 2826 3954 ὅπερ
2865 3883 2958 3936 καὶ
2993 3880 3020 3934 ό
3062 3881 3206 3944 θεῖος
3247 3879 3500 3948 Μάξιμος
3529 3879 3587 3931 ἐν
3617 3877 3688 3946 τῇ

2115 3977 2255 4048 πρὸς
2299 3975 2578 4048 Ἀνόμοιον
2631 3974 2867 4040 διαλέξει
2916 3972 3081 4042 φησίν
3117 3970 3249 4040 (49).
3307 3967 3544 4022 Ἐκείνου
3580 3967 3691 4038 γὰρ

2115 4071 2383 4132 εἰπόντος,
2449 4087 2468 4120 ι
2531 4068 2593 4120 Εί
2643 4067 2823 4129 ἄλλοις
2868 4068 2896 4118 ό
2949 4065 3079 4126 Θεὸς
3125 4063 3313 4134 γεννᾷ,
3365 4062 3460 4114 καὶ
3510 4060 3696 4125 ἄλλοις

2119 4159 2318 4223 κτίζει,
2353 4157 2608 4219 σύνθετός
2655 4158 2837 4207 ἐστιν·
2883 4173 2902 4206 ι
2939 4156 3322 4226 ἀποκρίνεται,
3377 4170 3396 4204 ι
3439 4149 3515 4207 Οὐ
3549 4152 3695 4220 λέγω

2118 4252 2301 4314 ἄλλοις
2357 4251 2547 4318 γεννᾷ,
2610 4248 2705 4301 καὶ
2759 4245 2944 4310 ἄλλοις
3000 4246 3210 4310 κτίζει⁹
3270 4241 3431 4311 ἀλλὰ,
3485 4243 3696 4305 ’Δλλως

2119 4343 2306 4412 γεννᾷ,
2335 4341 2432 4394 καὶ
2457 4339 2632 4402 ἄλλως
2662 4337 2858 4401 κτίζει.
2893 4356 2911 4389 ι
2939 4339 3011 4390 Τὸ
3045 4339 3234 4406 μέντοι
3271 4337 3414 4390 θεῖον
3445 4335 3696 4406 Πνεῦμα,

2118 4435 2194 4500 ὡς
2259 4433 2479 4502 ’Λγὰπη
2526 4433 2676 4503 παρὰ
2720 4430 2816 4484 τοῦ
2869 4431 3084 4503 Πατρὸς
3124 4430 3205 4495 ὃν,
3253 4429 3542 4494 ἰδιαίτερόν
3571 4445 3695 4482 τινα

439 4534 588 4590 enim
618 4534 835 4590 dilectio
866 4551 931 4590 ac
967 4534 1210 4590 charitas
1228 4549 1425 4590 nomen
1443 4535 1762 4592 relationem
1789 4537 2005 4605 habens;

2123 4526 2342 4594 λέγεται
2382 4525 2606 4596 τρόπον.
2651 4523 3008 4592 Ἀναφορικδν
3039 4523 3148 4592 γάρ
3179 4524 3328 4575 ἐστιν
3359 4522 3394 4592 ή
3436 4521 3648 4590 Ἀγὰπη
3675 4535 3692 4554 ο

445 4625 592 4680 unde
650 4638 704 4680 et
773 4641 1006 4697 persona
1041 4635 1143 4681 est.
1165 4625 1284 4682 Non
1307 4627 1451 4682 enim
1487 4627 1628 4683 sicut
1659 4629 1892 4696 bonitas,
1927 4640 2005 4685 aut

2123 4619 2205 4672 διὸ
2228 4619 2323 4672 καὶ
2349 4616 2642 4688 πρόσωπόν
2674 4618 2844 4668 ἐστιν.
2875 4615 2952 4668 Οὐ
2979 4615 3090 4686 γὰρ
3115 4615 3306 4682 ὥσπερ
3337 4616 3371 4685 ἠ
3395 4613 3696 4683 ἀγαθότης,

439 4717 525 4772 vis
553 4727 748 4776 tenens
779 4723 964 4775 omnia
989 4737 1053 4778 ac
1091 4736 1452 4788 conservans,
1521 4733 1621 4778 aut
1673 4724 2018 4794 providentia

442 4825 567 4880 quae
593 4811 909 4868 relationem
939 4813 1141 4869 habent
1172 4814 1240 4869 ad
1277 4824 1610 4880 creaturam,
1644 4830 1746 4871 nec
1788 4823 1919 4871 sunt
1965 4815 2020 4870 in

441 4902 565 4971 ipso
601 4903 742 4969 Deo;
771 4906 864 4960 sed
893 4907 974 4961 sic
1014 4915 1096 4961 est
1125 4907 1347 4962 dilectio
1373 4923 1438 4963 ac
1467 4907 1731 4974 charitas,
1750 4907 1898 4976 quod
1928 4920 2020 4960 re-

441 4993 550 5048 late
579 4999 844 5064 procedit.
870 4998 948 5052 Ac
978 4997 1123 5053 sicut
1154 4999 1381 5054 verbum
1417 5015 1484 5054 ex
1518 5008 1699 5052 mente
1729 4998 1895 5052 relate
1933 4996 2018 5051 tli-

435 5085 582 5141 citur
613 5103 629 5152 ;
657 5102 990 5157 quamquam
1018 5090 1240 5144 verbum
1274 5105 1370 5146 seu
1401 5105 1583 5144 sermo
1608 5090 1676 5144 de
1735 5097 1849 5143 toto
1912 5088 2020 5144 Deo

439 5179 816 5234 communiter
835 5192 890 5234 et
910 5180 1160 5236 absolute
1187 5182 1406 5236 dicatur
1444 5197 1460 5235 :
1484 5181 1647 5235 etiam
1675 5179 1902 5234 dilectio
1957 5194 2022 5236 ac

443 5273 682 5327 charitas
745 5272 969 5327 dicitur.
1006 5291 1025 5323 ι
1074 5272 1214 5328 Deus
1277 5272 1449 5340 enim,
1511 5273 1722 5342 inquit,
1783 5271 2022 5326 Charitas

439 5377 526 5423 est
545 5367 611 5422 “.
660 5385 679 5418 ι
715 5364 942 5436 Proprie
970 5374 1151 5421 tamen
1182 5379 1247 5422 ac
1269 5365 1459 5430 relate,
1496 5365 1723 5420 alterum
1744 5362 1812 5418 de
1862 5361 2022 5420 Patre

437 5457 666 5522 dicitur,
691 5471 887 5527 nempe
905 5470 1097 5522 tuens;
1125 5455 1356 5510 alterum
1383 5457 1450 5510 de
1467 5455 1630 5521 Filio,
1649 5455 1860 5510 scilicet
1883 5455 2017 5512 Ver-

520 5639 566 5671 “
597 5639 616 5695 ι
642 5639 806 5697 Joan.
840 5655 916 5706 tv,
944 5638 1001 5693 3.

517 5821 631 5894 (49)
666 5821 803 5875 Dial.
839 5821 982 5902 rqui
1013 5831 1066 5876 et
1091 5819 1395 5876 Athanasio
1430 5818 1710 5874 tribuitur.

2121 4711 2154 4782 ἢ
2180 4713 2212 4780 ἡ
2238 4707 2702 4778 παντοκρατορία,
2729 4706 2763 4778 ἢ
2801 4707 2835 4776 ἡ
2876 4707 3126 4777 πρόνοια,
3162 4706 3198 4760 ἃ
3224 4707 3362 4775 πρὸς
3398 4706 3497 4776 τὴν
3519 4706 3700 4758 κτίσιν

2117 4803 2218 4873 τὴν
2249 4799 2531 4870 ἀναφορὰν
2561 4799 2768 4869 ἔχουσι,
2791 4799 2884 4851 καὶ
2904 4799 3006 4851 οὐκ
3031 4795 3119 4850 ἐπ’
3145 4796 3314 4850 αὐτοῦ
3332 4811 3349 4828 ο
3383 4795 3496 4849 ἀλλ’
3522 4796 3698 4856 οὕτως

2119 4894 2270 4946 ἐστὶν
2313 4892 2530 4960 ’Ᾱγὰπη
2573 4891 2634 4943 τὺ
2677 4890 3120 4962 ἐκπορευόμενον
3159 4887 3549 4959 ἁναφορικῶς·
3604 4894 3700 4941 καὶ

2119 4984 2310 5054 ὥσπερ
2339 4987 2366 5038 ό
2392 4983 2552 5051 λόγος
2605 4983 2671 5036 ὲκ
2697 4981 2791 5035 νοῦ
2844 4982 3196 5051 ἀναφορικῶς
3241 4982 3484 5048 λέγεται,
3515 4980 3698 5034 καίτοι

2117 5077 2213 5131 τοῦ
2269 5077 2394 5130 ὅλου
2451 5073 2591 5128 Θεοῦ
2647 5073 2847 5136 κοινῶς
2899 5075 2994 5126 καὶ
3055 5072 3476 5142 ἀπολελυμένως
3534 5071 3697 5138 λόγου

2119 5170 2414 5240 λεγομένου
2453 5169 2550 5222 καὶ
2584 5165 2714 5221 νοῦ·
2757 5167 2850 5219 καὶ
2907 5165 3125 5234 ’Δγάπη
3177 5164 3235 5217 δὲ
3279 5164 3520 5232 λέγεται.
3573 5181 3592 5213 ‹
3638 5162 3697 5214 ’0

2121 5263 2231 5336 γὰρ
2261 5263 2419 5327 Θεὸς,
2465 5279 2485 5313 r
2535 5259 2724 5331 φησὶν,
2770 5276 2791 5310 ι
2843 5257 3054 5326 Ἀγὰπη
3089 5256 3258 5310 ἐστίν.
3307 5275 3326 5307 ι
3377 5255 3517 5309 Ἀλλ’
3549 5255 3700 5322 ὅμως

2124 5356 2271 5420 ἰδίως
2299 5357 2396 5409 καὶ¹
2426 5350 2778 5424 ἁναφορικῶς
2799 5349 2862 5404 τὸ
2890 5349 2991 5420 μὲν
3016 5348 3109 5401 ἐπὶ
3136 5347 3228 5401 τοῦ
3256 5346 3468 5419 Πατρὸς
3493 5351 3697 5412 κεῖται,

2120 5451 2181 5507 τδ
2233 5447 2400 5516 Νοῦς,
2445 5445 2509 5502 τὸ
2537 5444 2596 5498 δὲ
2647 5441 2818 5512 Λόγος
2847 5441 2941 5495 ἐπὶ
2984 5439 3080 5493 τοῦ
3112 5437 3267 5494 Υίοῦο
3298 5439 3332 5513 ἠ
3361 5440 3419 5494 δὲ
3458 5439 3698 5508 Ἀγὰπη,
