4088 6428
257 358 364 423 553

1253 361 1350 422 DE
1393 357 1814 421 PRINCIPIIS
1853 355 2066 417 FlDEl
2093 356 2564 418 CATHOLICE.

3411 356 3516 429 554
3576 426 3579 435 ,

259 479 357 533 ἐπὶ
389 475 487 531 τοῦ
509 476 851 547 Πνεῦματος.
884 478 1040 532 Κατά
1069 477 1226 533 τοῦτο
1252 479 1348 532 καὶ
1371 479 1494 542 νοῦς
1521 480 1581 531 τὸ
1612 476 1831 545 Πνεῦμα

1944 474 2070 529 bum
2097 491 2113 541 ;
2144 474 2376 529 alterum
2418 475 2483 527 de
2514 471 2748 542 Spiritu,
2813 470 3066 526 nimirum
3090 470 3328 527 eliaritas
3353 482 3409 525 et
3435 471 3521 526 di-

254 568 460 636 λέγοιτ’
496 568 562 624 ἃν
595 570 669 633 ὡς
700 570 863 633 Θεός’
899 571 974 635 ὡς
1011 570 1125 640 ἔχει
1163 572 1224 625 τὸ
1262 571 1524 642 ᾀδόμενον
1559 571 1756 622 ἐκεῖνο.

638 829 722 885 Σὺ
747 817 882 900 ζωῆ,
909 832 1078 898 ἔρως,
1109 829 1254 900 φῶς,
1276 829 1444 896 νοῦς.

331 922 607 988 Ὡσαύτως
661 925 755 978 καὶ
810 925 838 978 6
890 923 1040 987 Υίός.
1088 922 1228 977 Ἀλλ’
1275 925 1336 977 οὐ
1393 924 1615 992 λέγεται
1657 923 1829 987 οὕτως

248 1016 599 1089 ἀναφορικῶς
653 1017 797 1070 κατά
845 1019 914 1068 τὰ
949 1018 1087 1086 πρός
1119 1030 1195 1082 τι,
1230 1015 1374 1069 ὥστε
1430 1015 1524 1068 xui.
1557 1016 1733 1084 Λόγον
1761 1015 1827 1069 ὲκ

249 1110 344 1163 τοῦ
378 1107 506 1161 Υίοῦ
542 1107 576 1179 ἢ
612 1109 676 1160 ἐκ
716 1108 812 1162 τοῦ
865 1107 1492 1181 Πνεύματος-,προιέναα
1519 1108 1583 1161 Ei
1616 1108 1692 1178 μὴ
1719 1109 1829 1178 γὰρ

246 1203 421 1265 οὕτως
472 1197 562 1273 ἧν,
619 1202 771 1256 οὐδὲν
804 1200 1044 1256 ἐκώλυεν
1082 1202 1163 1266 εἰς
1216 1202 1390 1255 πολλά
1420 1201 1690 1272 πρόσωπα
1737 1203 1828 1255 τὸν

248 1294 344 1346 ἕνα
395 1293 528 1346 Θεὸν
562 1295 894 1365 προχωρεῖν,
947 1295 1086 1365 ὅπερ
1139 1292 1217 1364 τῷ
1262 1294 1360 1364 τῆς
1421 1292 1650 1364 Τριάδος
1684 1292 1828 1363 λόγῳ

251 1384 617 1440 ἐναντιοῦται.
655 1387 916 1440 Καὶ.πᾶν
948 1386 978 1439 ὃ
1014 1387 1108 1439 τὸν
1133 1385 1232 1455 τῆς
1263 1384 1496 1456 ἰ’ριάδος
1524 1382 1557 1456 ἢ
1590 1383 1683 1440 τὸν
1730 1385 1828 1454 τῆς

248 1476 488 1541 Μονάδος
515 1476 739 1530 διασείει
770 1476 948 1545 λόγον,
972 1475 1361 1548 ἀποῤῥιπτέον.

326 1567 606 1632 Ὡσαύτως
626 1570 654 1621 6
675 1570 810 1632 Θεὸς
830 1569 924 1624 καὶ
943 1569 1117 1639 Σοφία
1133 1569 1355 1638 λέγεται
1378 1569 1823 1639 «τῖιπολελυι.ι.ένιι)ς⁹

248 1663 342 1715 καὶ
373 1663 432 1714 τὸ
475 1662 647 1731 ὄνομα
675 1661 837 1714 τοῦτο
869 1660 1087 1733 ἀνάγκη
1129 1663 1309 1717 κοινὸν
1335 1658 1483 1715 εἶναι
1526 1663 1703 1733 Πατρὶ
1734 1662 1845 1737 καί.⁸

252 1750 390 1819 Υἱῷ,
435 1751 528 1805 καὶ⁵
569 1751 641 1821 δὴ
672 1752 767 1805 καὶ
804 1740 1108 1822 Πνέύματι.
1151 1752 1216 1806 Ἦ
1251 1753 1360 1825 γὰρ
1396 1752 1485 1807 διά
1518 1753 1614 1807 τοῦ
1648 1755 1826 1828 ᾼόγου

1939 565 2119 618 lectio.
2154 564 2255 618 Per
2293 566 2440 618 hunc
2470 564 2694 618 modum
2760 563 2924 618 etiam
2955 561 3193 633 Spiritus
3246 576 3401 618 mens
3419 562 3521 617 di-

1932 665 2116 718 catur,
2139 669 2201 708 ea
2236 656 2443 708 ratione
2470 669 2576 724 qua
2599 665 2682 709 est
2717 653 2861 709 Deus
2893 671 2906 708 :
2952 655 3095 709 velut
3114 664 3201 710 est
3232 654 3522 712 istudmo-

1937 745 2074 799 dull.

2137 895 2143 901 ,
2396 831 2473 885 Tu
2501 831 2642 900 Vita,
2673 835 2853 901 Antor,
2890 833 3029 899 Lux,
3079 832 3250 891 Mena.

2007 921 2291 985 Similiter,
2323 925 2489 978 etiam
2520 922 2712 980 Filius.
2745 925 2862 981 Non
2888 936 3069 982 tamen
3111 929 3190 983 sic
3218 928 3384 985 relate
3438 929 3523 984 di-

1935 1015 2100 1081 citur,
2125 1023 2184 1070 ιιι
2207 1030 2269 1070 ea
2291 1030 2413 1083 qua:
2440 1027 2569 1070 sunt
2596 1019 2661 1077 ad
2689 1017 2898 1088 aliquid
2929 1036 2945 1084 ;
2983 1019 3056 1074 ita
3081 1020 3337 1075 nimirum
3375 1032 3436 1076 ut
3468 1031 3523 1076 et

1938 1103 2174 1160 Verbum
2203 1121 2269 1160 ex
2290 1104 2425 1161 Filio
2454 1109 2734 1177 procedat,
2764 1111 2846 1164 vel
2883 1125 2948 1163 ex
2976 1109 3211 1179 Spiritu.
3245 1111 3354 1188 Nisi
3374 1114 3520 1168 enim
3599 1182 3613 1188 ε

1935 1197 2014 1252 sic
2036 1212 2095 1252 se
2146 1213 2232 1252 res
2253 1198 2496 1264 haberet,
2529 1211 2741 1254 vetaret
2769 1201 2898 1254 nihil
2933 1204 3064 1271 quin
3096 1218 3236 1258 unus
3277 1187 3419 1260 Deus
3466 1206 3520 1259 in

1936 1288 2121 1357 plures
2181 1304 2451 1359 personas
2478 1292 2812 1360 procederet,
2841 1293 2986 1362 quod
3030 1296 3316 1351 Trinitatis
3353 1297 3521 1353 ratio-

1937 1381 1991 1434 ni
2014 1381 2354 1436 adversatur.
2386 1381 2655 1453 Quicquid
2688 1399 2816 1438 vero
2842 1386 2925 1439 vel
2949 1384 3255 1454 Trinitatis,
3285 1388 3524 1445 velUni-

1938 1475 2068 1530 tatis
2097 1475 2367 1529 rationem
2416 1477 2706 1542 convellit,
2738 1480 2926 1545 procul
2962 1480 3370 1536 emendandum
3403 1491 3509 1536 est.

2006 1568 2270 1624 Similiter
2330 1566 2483 1624 Deus
2518 1568 2799 1638 Sapientia
2848 1572 3098 1626 absolute
3150 1573 3402 1636 dicitur;
3459 1588 3527 1628 ac

1937 1671 2162 1712 necesse
2185 1666 2271 1713 est
2313 1658 2461 1713 istud
2492 1648 2693 1713 'nonteu
2718 1675 3008 1715 commune
3031 1675 3152 1716 esse
3174 1661 3319 1717 Patri
3350 1673 3404 1718 et
3436 1661 3526 1718 Fi-

1938 1750 2030 1815 lio,
2064 1764 2165 1805 nec
2190 1765 2298 1805 non
2327 1751 2492 1805 etiam
2524 1750 2773 1821 Spiritui.
2803 1750 2938 1818 Qua:
2966 1753 3115 1808 enim
3149 1769 3247 1824 per
3284 1755 3529 1811 Verbum

248 1843 606 1923 ἐκλάμπουσα
663 1844 846 1912 σοφία,
894 1845 1015 1915 ἥτις
1051 1845 1240 1913 ξιαύτδς
1279 1848 1308 1898 6
1364 1846 1539 1914 Λόγος
1588 1846 1760 1909 ἐστὶν,
1791 1845 1826 1916 ή

1934 1841 2198 1911 sapientia
2231 1844 2430 1908 elucet,
2471 1858 2594 1911 quae
2648 1852 2732 1900 est
2789 1845 2967 1914 ipsum
3031 1843 3291 1913 Verbum,
3347 1846 3528 1904 Patris

249 1937 343 1990 τοῦ
398 1936 615 2008 Πατρός
665 1938 814 1992 ἐστιν
864 1938 1045 1993 οὐσία.
1096 1937 1165 1991 Ἥ
1188 1938 1236 1991 δ’
1269 1937 1426 1992 οὐσία
1477 1937 1574 1991 τοῦ
1611 1938 1827 2008 Πατρὸς

1934 1936 2233 1991 substantia
2262 1947 2367 1992 eSl.
2395 1934 2573 1993 Patris
2594 1946 2775 1992 autem
2797 1939 3122 2001 substantia,
3148 1953 3244 1994 seu
3258 1943 3525 2007 essentia,

250 2028 400 2100 αὐτῷ
428 2033 524 2085 καὶ
548 2030 627 2102 τῷ
654 2029 916 2100 Υίῷλστι
951 2033 1126 2103 κοινή.
1177 2031 1497 2102 ’Δλλ”ὃμω;
1533 2031 1829 2103 ἰδιαίτερόν

1937 2025 2041 2093 ipsi
2094 2025 2342 2097 Filioque
2370 2031 2685 2084 communis
2709 2037 2811 2085 est.
2844 2028 3186 2086 Peculiarius
3220 2041 3400 2087 tamen
3424 2031 3528 2087 Su-

247 2139 368 2175 τινα
396 2123 598 2193 τρόπον
645 2124 958 2178 ἀποδίδοται
1006 2123 1084 2195 τῷ
1116 2123 1230 2195 Υίῷ
1268 2125 1303 2196 ή
1340 2125 1538 2194 σοφίαι·
1588 2126 1683 2178 καὶ
1726 2125 1832 2193 μία

248 2209 384 2267 οὖσα
404 2214 478 2284 τῴ
503 2213 724 2286 ἀριθμῷ
758 2214 944 2284 σοφία,
976 2215 1052 2279 ὡς
1080 2216 1322 2286 εἴρηται,
1355 2214 1450 2268 τοῦ
1494 2216 1703 2285 Πατρός
1732 2216 1828 2268 καὶ

248 2305 344 2360 τοῦ
379 2304 534 2371 Υἰοῦ,
594 2308 745 2375 ὅμως
799 2308 902 2362 οὐκ
957 2308 1105 2362 ἐστιν
1136 2311 1171 2378 ή
1204 2308 1524 2378 γεννωμένη
1575 2306 1740 2378 σοφία
1790 2309 1825 2379 ή

251 2395 391 2469 αὐτὴ
418 2400 484 2469 τῇ
512 2398 782 2473 γεννὼσῃ,
812 2398 1014 2471 δηλαδὴ
1041 2398 1193 2454 κατά
1211 2400 1272 2453 τὸ
1294 2399 1612 2468 γεννᾶσθαι.
1641 2398 1827 2453 Ταῦτα

252 2491 310 2545 δὲ
334 2492 430 2546 καὶ
465 2493 729 2565 πρότερον
767 2496 1005 2566 εῑρηται.

326 2589 450 2642 Ὀτι
479 2587 538 2642 δὲ
583 2590 814 2656 εἴπομεν
843 2591 905 2645 τὸ
932 2591 1029 2646 τοῦ
1065 2592 1437 2663 Αὐγουστίνου
1471 2592 1827 2663 παράδειγμα

252 2677 316 2729 ἐκ
348 2677 445 2747 τῆς
494 2678 723 2750 Γραφῆς
749 2679 897 2750 ἔχειν
928 2682 1027 2745 τὰς
1076 2683 1403 2745 ἀποδείξεις.
1434 2681 1634 2751 ἀληθές
1666 2685 1784 2736 ἐστι
1809 2697 1837 2715 ι

252 2766 431 2840 πολλῷ
481 2770 591 2840 γάρ
640 2769 808 2825 αὑτοῦ
862 2773 1127 2845 πρότερον
1174 2775 1208 2843 ή
1260 2773 1381 2826 θεία
1431 2773 1623 2842 Γραφὴ
1668 2773 1845 2825 τοῦτό·

254 2874 441 2929 φησιν,
474 2860 533 2913 ὲν
569 2854 650 2925 οἷς
696 2863 724 2916 6
757 2861 1020 2931 Θεολόγος
1063 2863 1321 2933 Ἰωάννης
1344 2862 1613 2918 διδάσκει.
1650 2855 1824 2924 Οὗτος

252 2952 364 3022 γὰρ
392 2951 582 3018 εἰπὼν,
627 2970 646 3005 ι
709 2952 770 3008 '0
817 2953 947 3017 Θεὸς
996 2955 1211 3023 Ἀγὰπη
1242 2956 1380 3018 ἐστὶ,
1442 2970 1463 3006 ε
1523 2953 1669 3007 δοκεῖ
1728 2952 1828 3021 μὲν

253 3043 425 3109 οὕτως
463 3044 646 3108 ἁπλῶς
688 3046 1017 3118 ἁδιακρίτως
1059 3047 1153 3100 τὸν
1185 3046 1317 3100 Θεὸν
1347 3046 1656 3117 εἰρηκέναι,
1690 3047 1827 3116 ὅπερ

253 3135 319 3191 ἂν
364 3137 569 3206 ἔλεγεν,
605 3138 820 3212 ἀληθῶς
872 3138 939 3195 ἂν
970 3135 1116 3205 εἷπε,
1153 3138 1445 3211 σύμφωνον
1499 3140 1609 3210 γὰρ
1669 3139 1829 3194 τοῦτο

253 3232 319 3300 τῇ
351 3232 499 3301 κοινῇ
533 3233 663 3302 περὶ
692 3230 827 3285 Θεοῦ
863 3232 991 3303 δόξῃ
1010 3249 1025 3265 ο
1057 3233 1223 3296 αὐτὸς
1247 3234 1356 3303 γάρ
1384 3233 1611 3286 ἐστικαὶ
1639 3233 1831 3303 ἀγάπη

253 3320 349 3375 καὶ
371 3320 536 3390 σοφία
566 3324 660 3376 καὶ
687 3325 795 3379 πᾶν
833 3325 1040 3393 ἀγαθόν
1061 3342 1076 3358 ο
1105 3327 1257 3397 ὅμως
1295 3324 1625 3397 βουλόμενος
1655 3327 1831 3381 καθα-ι
1849 3386 1861 3394 δ

255 3411 489 3484 ρὼτερον
538 3415 638 3485 τὴν
700 3416 894 3471 ἑαυτοῦ
957 3416 1187 3489 γνώμην
1243 3418 1502 3489 ἐκφῆναι,
1574 3418 1634 3472 ὃν
1695 3419 1831 3473 Θεὸν

253 3505 679 3578 ἀπροδιορίστως
728 3503 884 3562 εἶπεν
933 3510 1209 3581 Ἀγάπην,
1248 3509 1436 3565 τοῦτον
1483 3512 1575 3565 καὶ
1623 3513 1691 3565 ὲκ
1732 3510 1829 3565 τοῦ

255 3596 387 3650 Θεοῦ
421 3593 560 3652 εἶναι
608 3598 988 3672 προστίθησιν.
1038 3600 1227 3657 Εἰπὼν
1259 3603 1391 3674 γὰρ,
1433 3621 1451 3654 ι
1505 3603 1828 3674 Ἀγαπητοὶ,

254 3689 558 3760 ἀγαπῶμεν
612 3689 901 3762 ἀλλήλους,
950 3693 1033 3747 ὅτι
1090 3695 1123 3764 ή
1174 3695 1364 3763 ἀγάπη
1423 3695 1489 3747 ὲκ
1546 3692 1644 3746 τοῦ
1689 3691 1829 3747 Θεοῦ

256 3781 424 3847 ἐστιν,
466 3799 485 3832 ι
520 3781 741 3852 ὲπάγει,
779 3801 797 3835 ι
837 3782 950 3836 Καὶ
984 3785 1093 3847 πᾶς
1131 3786 1159 3838 6
1189 3783 1423 3854 ἀγαπῶν
1453 3786 1520 3839 ὲκ
1547 3783 1643 3839 τοῦ
1691 3782 1829 3839 Θεοῦ

257 3870 583 3941 γεγέννηται
611 3886 626 3901 ⁸
664 3889 685 3923 ι
724 3873 790 3925 ὲκ
847 3868 1052 3927 τούτων
1079 3872 1348 3942 ἐδήλωσεν
1400 3873 1594 3927 ἑαυτὸν
1624 3920 1629 3927 .
1659 3875 1829 3944 αὐτὴν

256 3960 537 4030 εἰρηκέναι
578 3961 829 4034 Ἀγάπην
878 3962 969 4018 τὸν
999 3961 1156 4028 Θεὸν,
1191 3965 1258 4036 ἢν
1288 3964 1357 4018 sx
1391 3964 1484 4017 τοῦ
1516 3964 1650 4017 Θέδῦ
1679 3962 1824 4021 εἷπε.

256 4052 388 4116 Θεὸς
406 4051 498 4106 οὖν
525 4053 589 4105 ὲκ
618 4053 754 4129 Θεοῦ
778 4055 925 4108 ἐστιν
951 4057 984 4125 ή
1029 4055 1265 4128 ’Δγάπη.
1303 4052 1439 4109 Eius
1478 4059 1611 4125 γὰρ,
1643 4075 1663 4110 ι
1704 4057 1831 4111 Ὅτι

257 4143 286 4195 ό
309 4143 440 4208 Θεὸς
493 4145 709 4216 ’Δγάπη
730 4147 871 4215 ἐστὶ,
905 4164 924 4200 ι
957 4147 1075 4216 καὶ,
1119 4165 1139 4201 ε
1171 4147 1348 4218 Ὅτιή
1391 4148 1607 4220 Ἀγά;;η
1643 4151 1706 4202 ἐκ
1732 4149 1828 4202 τοῦ

255 4232 390 4287 Θεοῦ
429 4237 547 4289 tori
572 4251 587 4267 ο
643 4253 664 4287 ι
717 4239 833 4304 καὶ,
875 4257 893 4290 t
938 4237 1063 4293 Ὅτι
1103 4241 1131 4295 6
1180 4240 1411 4308 ἀγαπῶν
1455 4242 1520 4295 ἐκ
1557 4241 1651 4295 τοῦ
1691 4239 1828 4294 Θεοῦ

255 4330 601 4400 γεγέννηται.
659 4349 679 4382 ε
729 4331 854 4395 Πῶς
893 4332 948 4386 δὲ
985 4336 1246 4404 γεννᾶται
1277 4337 1305 4388 6
1337 4335 1573 4405 ἀγαπῶν
1625 4338 1692 4389 ὲκ
1731 4336 1828 4389 τοῦ

256 4416 422 4482 Θεοῦ,
455 4421 591 4489 μετά
619 4423 816 4493 μικρὸν
838 4425 973 4493 ἐρεῖ.
1009 4423 1174 4479 ’Δλλά
1202 4425 1285 4488 τὸ,
1312 4442 1332 4477 ι
1360 4426 1499 4488 Θεὸς
1527 4428 1590 4479 ἐκ
1611 4425 1772 4492 Θεοῦ,
1800 4444 1820 4477 ι

1930 2118 2131 2186 pientia
2154 2119 2412 2174 tribuitur
2445 2119 2584 2174 Filio
2609 2138 2625 2187 ;
2649 2135 2886 2190 cumque
2913 2136 3021 2177 una
3045 2136 3278 2177 numero
3308 2124 3401 2187 sit,
3447 2127 3524 2178 uti

1927 2208 2133 2263 dictum
2182 2220 2283 2276 est,
2309 2209 2484 2264 Patris
2512 2211 2743 2281 Filiique
2772 2212 3059 2281 sapientia,
3093 2223 3412 2283 nontamen
3431 2230 3539 2283 ge~

1931 2298 2042 2352 uita
2069 2299 2336 2367 sapientia
2366 2301 2554 2383 eadem
2583 2311 2665 2354 est
2689 2312 2853 2371 atque
2873 2304 3127 2372 gignens,
3157 2305 3300 2383 quod
3326 2319 3522 2374 nempe
3552 2314 3555 2319 ‘

1926 2389 1993 2444 ad
2048 2368 2556 2457 boe,attiuetqu6d
2599 2402 2683 2447 est
2742 2368 2978 2462 genitam
3039 2368 3186 2451 esse.
3215 2368 3360 2451 lioc-
3394 2368 3526 2452 vero

1931 2486 2097 2538 etiam
2119 2494 2244 2538 ante
2278 2483 2485 2539 dictum
2511 2494 2630 2539 est.

2003 2574 2162 2641 Quod
2190 2590 2319 2631 vero
2342 2575 2582 2630 diximus
2649 2576 2939 2644 Augustini
3000 2581 3334 2651 exemplum.
3393 2596 3525 2638 suas

1930 2687 1994 2727 ex
2023 2672 2299 2742 Scriptura
2321 2674 2676 2743 probationes
2705 2673 2927 2734 habere.
2954 2692 3143 2732 verum
3175 2686 3278 2733 est.
3334 2676 3525 2748 Longe

1928 2765 2074 2820 enim
2109 2772 2236 2820 ante
2266 2765 2634 2836 Augustinum
2691 2766 2873 2821 divina
2926 2767 3209 2838 Scriptura
3244 2770 3348 2824 ltoc
3385 2770 3525 2825 dixit

1933 2860 1990 2912 in
2022 2855 2303 2913 Catholica
2331 2855 2559 2911 Joannis
2589 2855 2875 2927 Theologi.
2904 2859 3005 2913 Hic
3061 2859 3207 2913 enim
3258 2860 3521 2916 dicendo:

1936 2950 2112 3003 «Deus
2134 2947 2383 3004 cbaritas
2401 2957 2485 3004 est
2501 2948 2568 3015 ³³,
2583 2967 2601 3000 ι
2625 2949 2838 3004 videtur
2861 2951 3080 3021 quidem
3108 2952 3188 3006 sic
3204 2952 3530 3021 simpliciter

1929 3053 1979 3099 et
2009 3049 2219 3116 absque
2253 3041 2607 3099 diSIinctione
2638 3041 2810 3097 Deum
2845 3043 3074 3108 dixisse,
3106 3061 3172 3099 ac
3201 3047 3244 3098 si
3294 3047 3525 3110 diceret,

1936 3156 2062 3197 vere
2095 3154 2221 3195 eum
2266 3135 2492 3192 dixisse.
2517 3135 2796 3190 Consonat
2827 3134 2972 3190 enim
3010 3139 3113 3191 ltoc
3140 3138 3418 3191 communi
3456 3139 3527 3193 de

1939 3233 2027 3289 Dei
2055 3228 2471 3288 existimationi.
2500 3228 2624 3298 Ipse
2656 3229 2802 3282 enim
2836 3236 2892 3282 et
2920 3228 3162 3283 cbaritas
3193 3241 3249 3284 et
3308 3231 3529 3298 sapien-

1935 3328 2006 3382 tia
2033 3335 2089 3381 et
2113 3339 2275 3381 omne
2306 3324 2510 3380 bonum
2536 3320 2785 3376 exsistit.
2835 3318 3034 3376 Voleus
3084 3330 3267 3378 tamen
3323 3324 3530 3379 clarius

1932 3428 2166 3475 mentem
2193 3432 2350 3472 suam
2387 3415 2622 3487 aperire,
2651 3428 2815 3484 quem
2852 3412 3017 3468 Deum
3073 3415 3390 3473 indistincte
3443 3417 3528 3472 di-

1933 3520 2086 3565 xerat
2115 3508 2464 3571 charitatem,
2495 3519 2623 3561 cum
2654 3501 2820 3559 etiam
2847 3519 2911 3557 ex
2931 3503 3042 3559 Deo
3074 3522 3196 3561 esse
3247 3507 3531 3579 adjungit.’

1935 3602 2087 3657 Dicto
2110 3596 2673 3664 enimuCharissimi,
2730 3596 3022 3665 diligamus
3091 3599 3347 3666 invicem,
3394 3598 3579 3671 quia"

1930 3695 2165 3749 charitas
2180 3707 2245 3746 ex
2279 3690 2386 3746 Deo
2410 3697 2497 3744 est
2520 3706 2570 3754 ,ι
2615 3688 2816 3755 adjecit
2842 3704 2889 3740 τι
2927 3687 3301 3761 Etomnis‘qui
3324 3694 3531 3763 dilig';.

1931 3803 1997 3843 ex
2030 3787 2140 3840 Deo
2171 3793 2331 3839 natus
2353 3781 2762 3850 cst".rQuibus
2793 3782 3054 3846 ostendi,
3089 3798 3207 3838 eam
3238 3800 3297 3840 se
3335 3788 3523 3840 chara.

1931 3888 2095 3935 tatem
2128 3877 2297 3931 Deum
2320 3875 2547 3940 dixisse,
2581 3888 2744 3943 quam
2769 3889 2833 3929 ex
2871 3874 2984 3930 Deo
3004 3876 3236 3930 dixerat.
3279 3876 3371 3931 Est
3421 3875 3527 3949 igi4

1931 3984 2019 4029 tur
2042 3971 2303 4031 charitas,
2333 3969 2553 4022 Deusex
2591 3965 2724 4021 Deo.
2760 3969 2852 4024 Ait
2896 3968 3042 4023 enim
3077 3985 3090 4022 :
3134 3985 3153 4018 ι
3195 3967 3349 4034 ρηοά
3381 3966 3524 4026 Deus

1930 4065 2339 4145 esgclnaritas,»
2370 4070 2456 4116 et:
2486 4062 2671 4128 «Quod
2696 4063 2936 4118 charitas
2966 4077 3033 4116 ex
3051 4062 3162 4117 Deo
3179 4073 3318 4123 θείη
3349 4065 3525 4119 acde-

1930 4158 2095 4228 nique
2119 4148 2305 4224 «Quod
2329 4155 2419 4224 qui
2442 4153 2636 4223 diligit,
2670 4169 2735 4207 ex
2762 4154 2870 4208 Deo
2933 4162 3097 4207 natus
3128 4151 3523 4220 est.:Qu.-mam

1931 4265 2062 4304 Vero
2093 4249 2275 4312 modo,
2305 4248 2353 4302 is
2393 4247 2486 4316 Qui
2520 4245 2699 4316 diligit
2748 4262 2816 4300 ex
2875 4245 2985 4301 Deo
3044 4259 3304 4301 nascatur
3361 4247 3523 4316 paulo

1932 4352 2054 4412 post
2087 4339 2240 4395 dicit.
2276 4334 2477 4392 Verum
2508 4338 2661 4404 illud,
2701 4336 2876 4394 «Deus
2901 4353 2964 4392 ex
3011 4338 3153 4392 Deo»
3194 4354 3341 4393 'esse
3374 4354 3436 4394 cx
3467 4340 3527 4393 a5

1935 4436 2087 4504 liquo
2129 4430 2424 4502 signiﬁcat.
2482 4428 2538 4484 Id
2595 4445 2723 4486 vero
2793 4430 2942 4485 Patri
2995 4432 3219 4486 minime
3240 4435 3519 4502 congruit,

258 4511 318 4563 τὸ
355 4503 501 4564 εἶναι
558 4513 621 4565 ἐκ
657 4529 801 4576 τινος
835 4513 1004 4583 δηλοῖ.
1068 4516 1240 4569 Τοῦτο
1281 4516 1338 4569 δὲ
1388 4518 1467 4589 τῷ
1524 4518 1695 4589 Πατρὶ
1730 4518 1831 4589 οὐχ

1934 4503 2135 4596 quippe
2157 4539 2281 4578 cum
2311 4521 2572 4577 immunis
2596 4537 2624 4575 a
2657 4537 2823 4576 causa
2847 4522 2960 4586 sit;
2991 4522 3091 4576 ltoc
3123 4534 3225 4586 εει,
3287 4539 3319 4576 a
3375 4538 3444 4578 nu
3471 4526 3522 4577 lo

257 4603 525 4672 ἀρμόξει⁹
557 4606 798 4669 ἀναίτιος
833 4609 941 4677 γάρ
968 4609 1085 4661 ὲστι
1106 4623 1121 4637 ’
1158 4609 1441 4663 τουτέστιν
1472 4609 1564 4665 ἀπ’
1595 4610 1831 4674 οὐδενός.

261 4694 577 4767 Λείπεταιή
615 4697 693 4769 τῷ
722 4697 837 4766 Υἱῴ
864 4698 897 4768 ἦ
931 4700 1005 4769 τῷ
1038 4698 1179 4771 ἀγίῳ
1202 4700 1481 4770 Πνεύματι
1508 4703 1831 4771 προσήκειν.

271 4788 433 4842 Ἀλλὰ
479 4789 588 4856 μὴν
630 4788 705 4860 τῷ
737 4789 880 4861 ἁγίῳ
915 4790 1194 4864 Πνεύματι
1226 4790 1383 4844 τοῦτο
1437 4791 1829 4862 προστίθησινο

259 4876 419 4947 δῆλον
477 4878 559 4934 δέ.
630 4878 859 4951 Ἐφεξῆς
923 4880 1032 4949 γάρ
1098 4878 1198 4950 τὴν
1257 4879 1482 4950 ἀγάπην
1546 4881 1641 4935 τοῦ
1694 4881 1833 4935 Θεοῦ

258 4972 604 5045 ἀναμνήσας,
635 4976 698 5029 οὐ
734 4975 859 5030 καθ’
903 4978 969 5048 ἢν
1022 4978 1182 5048 ἡμεῖς
1227 4977 1411 5043 αὐτὸν,
1445 4976 1581 5030 ἀλλά
1613 4978 1735 5032 καθ’
1764 4979 1833 5049 ἣν

259 5067 543 5137 ἠγάπησεν
597 5070 765 5139 ἡμᾶς,
803 5086 825 5120 ε
879 5068 1194 5122 Ἀπέστειλε
1243 5068 1333 5122 τὸν
1390 5068 1517 5122 Υἱὸν
1568 5068 1778 5135 αὐτοῦ,’
1806 5088 1826 5122 ι

259 5161 449 5226 φησὶν,
510 5178 529 5210 ι
592 5160 819 5230 ίλασμὸν
869 5161 1012 5233 ὑπὲρ
1056 5160 1164 5215 τῶν
1214 5161 1503 5232 ἁμαρτιῶν
1560 5161 1741 5232 ἡμῶν.
1805 5180 1841 5227 ιΞ

274 5249 559 5304 Ἐντεῦθεν
593 5250 798 5316 ἐδίδαξε
835 5255 952 5310 πῶς
982 5252 1075 5305 καὶ
1105 5253 1269 5323 ἡμεῖς
1294 5252 1559 5324 ἀλλήλους
1599 5252 1835 5318 ἀγαπῶ-

264 5357 364 5410 μεν
387 5357 403 5371 ο
438 5340 702 5413 ἀλλήλους
736 5342 793 5395 δὲ
816 5342 1163 5411 ἀγαπῶντες,
1190 5345 1216 5396 ὁ
1242 5343 1374 5406 Θεὸς
1398 5344 1456 5396 ἐν
1480 5345 1610 5414 ἡμῖν
1643 5345 1797 5413 μένει
1815 5360 1833 5378 ο

260 5433 360 5487 καὶ
412 5417 809 5507 ἀντιστρόφῶς,
849 5436 941 5489 τὸν
983 5435 1117 5489 Θεὲρν
1172 5436 1521 5504 ἀγαπῶντες,
1572 5437 1849 5506 ἀλλήλους

263 5526 593 5597 ἀγαπῶμεν,
617 5531 712 5583 καὶ
736 5528 907 5591 οὕτως
933 5529 989 5581 ὲν
1009 5527 1087 5598 τῷ
1109 5527 1228 5598 Θεῷ
1257 5530 1514 5599 μένομεν.
1561 5529 1834 5582 Ἐννοτδῦν-

264 5635 354 5681 τες
373 5620 481 5690 γὰρ
497 5621 691 5674 ὁπόσον
711 5621 738 5673 6
756 5621 890 5684 Θεὸς
902 5621 1189 5691 ἠγάπησεν
1207 5623 1374 5692 ἡμᾶς,
1391 5624 1835 5694 ἐπιστρεφόμεθα

341 5801 432 5858 ³⁵1
464 5800 620 5857 Joan.
668 5812 753 5868 tv,‘
783 5803 835 5857 8.
916 5801 959 5833 "
1017 5804 1147 5860 ibid.
1186 5805 1238 5862 7.
1317 5806 1360 5839 ³⁷
1395 5796 1529 5861 ηιὶιῐ.
1562 5805 1669 5889 lli.)

516 5903 792 5963 ΡΑτιιυι.
831 5901 948 5961 Gn.
1009 5904 1178 5967 CLII.

1936 4631 2054 4670 esse
2095 4612 2307 4668 habeat.
2355 4610 2620 4680 Superest
2647 4610 2813 4680 igitur
2840 4620 2900 4664 ιιι
2928 4611 3014 4665 vel
3047 4608 3187 4665 Filio
3222 4614 3304 4667 vel
3343 4611 3521 4683 Spiris

1939 4706 2017 4763 tui
2058 4714 2251 4760 sancto
2279 4701 2596 4757 conveniat.
2631 4704 2796 4771 Atqui
2832 4701 3062 4771 Spiritui
3093 4714 3293 4758 sancto
3322 4705 3373 4759 id
3427 4722 3520 4761 as-

1937 4796 2119 4851 cribit.
2154 4798 2231 4850 Ac
2257 4795 2451 4863 liquet.
2481 4793 2853 4863 Sequentibus
2893 4794 3041 4847 enim
3064 4792 3206 4848 facta
3244 4797 3521 4853 mentione

1939 4888 2033 4943 Dei
2068 4885 2403 4948 dilectionis,
2435 4898 2544 4938 non
2573 4899 2680 4954 qua
2714 4899 2814 4938 nos
2866 4899 2993 4939 eum
3050 4885 3366 4956 diligamus,
3423 4891 3516 4944 sed

1937 4994 2045 5050 qua
2074 4981 2191 5048 ipse
2211 4976 2405 5031 dilexit
2437 4973 2752 5030 noserisit
2817 4974 3023 5029 Filium
3077 4993 3259 5040 suum,
3313 4979 3517 5050 inquit,

1938 5069 2378 5143 propitiatiouem
2406 5082 2505 5138 pro
2540 5067 2779 5136 peccatis
2808 5068 3035 5123 nostris.
3057 5070 3135 5121 ³⁷»
3167 5069 3308 5128 Hinc
3333 5075 3542 5129 docuit:

1935 5174 1990 5220 et
2016 5162 2261 5227 modum,
2292 5174 2534 5230 quo-nos
2558 5160 2789 5215 invicem
2821 5159 3149 5231 diligamus:
3183 5178 3250 5220 ac
3275 5167 3422 5235 quod
3441 5167 3543 5223 sic.

1933 5257 2226 5327 diligamus
2251 5255 2416 5306 Deum
2439 5255 2491 5306 in
2515 5251 2914 5308 nobismauere
2938 5268 2956 5319 ς
2984 5255 3337 5329 vicissimque
3354 5242 3523 5316 Deum

1937 5347 2248 5417 diligentes,
2287 5345 2523 5399 invicem
2573 5345 2801 5416 diligere
2851 5356 3018 5415 atque
3079 5349 3133 5404 in
3175 5367 3242 5407 eo
3276 5368 3521 5408 manere.

1939 5437 2256 5508 Cogitautes
2351 5436 2497 5492 enim
2564 5447 2836 5506 quantum
2910 5454 3011 5495 uos
3051 5442 3194 5498 Deus
3255 5445 3525 5498 dilexerit

1941 5531 2313 5587 convertimur
2343 5539 2401 5582 ut
2429 5526 2555 5583 eum
2589 5529 2855 5598 vicissim,
2886 5530 3099 5605 aliique
3125 5540 3264 5591 alios
3328 5535 3529 5604 dilige-

1947 5637 2089 5677 mus.
2130 5621 2243 5677 Non
2277 5622 2422 5678 enim
2452 5619 2569 5677 ﬁeri
2602 5632 2804 5693 potest,
2868 5631 3041 5701 utqui
3100 5630 3272 5684 Deum
3323 5625 3525 5698 diligit,

3131 5900 3201 5963 18
