4088 6422
494 813 506 954 ἕ

552 259 666 379 εις

1818 321 1922 382 MA
1935 323 1981 383 Ν
1993 323 2219 386 UELIS
2253 328 2561 392 ΩΑιΕοιε

3708 338 3813 398 56

552 436 844 493 nonetiam
861 435 1110 507 proximo
1123 435 1300 490 amicit
1313 434 1360 489 iu
1386 434 1666 506 jungatur.
1692 432 1894 492 Idcirco
1912 436 2090 492 aiebat
2117 456 2122 494 :

2238 446 2375 518 πρὸς
2413 447 2476 501 τὸ
2517 447 2844 522 ἀνταγαπᾷν
2880 449 3045 505 αὐτόν
3073 466 3088 481 ⁸
3150 452 3258 506 καὶ·
3294 452 3468 516 οὕτως
3507 453 3811 521 ἀγαπῶμεν

558 550 580 582 «
608 531 709 597 Qui
724 531 915 599 diligit,
945 545 1008 586 ex
1031 530 1140 584 Deo
1161 528 1367 584 natus”
1387 538 1506 593 est;
1534 545 1553 580 ι
1575 541 1770 598 nempe
1783 542 1850 583 ex
1866 530 2136 587 charitate

470 637 483 651 ι
553 640 716 695 quam
743 625 878 680 dixit
900 637 1021 678 esse
1050 621 1216 676 Deum
1235 635 1301 675 ex
1329 619 1460 674 Deo.
1491 617 1646 674 Unde
1673 628 1726 675 et
1743 622 1818 675 ait
1849 620 2016 677 :«Nos
2040 637 2136 677 au-

554 729 660 774 tem
698 717 1010 785 diligamus,
1041 715 1169 785 quia
1203 713 1315 784 ipse
1369 717 1520 784 prior
1561 715 1753 770 dilexit
1778 730 1884 802 nos
1909 714 1972 769 ”.
2002 736 2022 767 ι

621 984 812 1038 Docuit
847 982 1010 1054 igitur
1055 996 1122 1038 ex
1159 981 1226 1037 iis
1257 996 1377 1051 quae
1412 981 1553 1036 dicta
1593 980 1840 1045 snnt,Dei
1885 979 2134 1035 dilectio-

547 1088 672 1129 nem
703 1075 808 1129 hoc
865 1081 1144 1142 praestare,
1194 1080 1256 1127 ut
1299 1087 1401 1127 nos
1455 1071 1626 1127 Deum
1679 1081 1844 1141 atque
1893 1071 2128 1126 invicem

547 1167 858 1238 diligamus,
890 1175 1054 1235 atque
1088 1167 1148 1220 in
1197 1181 1322 1222 eum
1363 1165 1588 1224 modum
1642 1165 1694 1220 in
1739 1164 1851 1220 Deo
1905 1179 2129 1220 maneao

546 1276 690 1326 mus,
722 1269 777 1315 et
811 1259 954 1315 Deus
979 1259 1036 1314 in
1063 1259 1240 1314 nobis.
1275 1259 1331 1312 Id
1362 1273 1492 1314 vero
1537 1259 1742 1313 clarius
1783 1259 1839 1312 in
1891 1273 2127 1328 sequen-

546 1349 692 1404 tibus
713 1348 956 1418 exponit.
1009 1347 1144 1404 Cum
1177 1348 1322 1403 enim
1368 1349 1621 1414 dixisset,
1673 1348 1842 1403 Deum
1888 1349 2130 1403 charita-

547 1449 655 1500 tem
694 1456 840 1506 esse,
869 1419 1147 1510 subiungit
1192 1457 1207 1494 :
1248 1440 1356 1495 «In
1423 1441 1526 1497 hoc
1570 1442 1953 1510 cognoscimus
1991 1454 2129 1510 quo-

546 1533 692 1587 niam
725 1533 780 1586 in
814 1548 881 1587 eo
904 1547 1208 1596 manemus,
1226 1541 1280 1587 et
1309 1532 1425 1602 ipse
1465 1533 1521 1588 in
1552 1532 1733 1600 nobis,
1763 1532 2024 1602 quoniam
2057 1532 2128 1587 de

547 1624 755 1694 Spiritu
786 1640 886 1680 suo
911 1623 1060 1680 dedit
1090 1625 1248 1682 nobis
1273 1625 1338 1680 ⁸ο.
1367 1643 1386 1678 ι
1423 1623 1582 1693 Igitur
1615 1625 1853 1695 Spiritus
1876 1635 2124 1685 sanctus,

2236 537 2520 608 ἀλλήλους.
2563 540 2856 597 Ἀδύνατον
2878 544 2985 614 γὰρ
3011 544 3104 598 τὸν
3129 543 3428 613 ἀγαπῶντα
3454 547 3546 598 τὸν
3578 545 3813 616 Θεὸνλμὴ

2235 631 2330 684 καὶ
2358 630 2448 682 τὸν
2479 630 2705 701 πλησίον
2729 635 2925 710 φιλεῖν.
2956 637 3049 688 Διὸ
3071 637 3167 688 καὶ
3197 637 3405 705 ἔλεγεν,
3439 656 3458 690 ι
3501 638 3558 690 Ὀ
3582 639 3810 705 ἀγαπῶν

2234 723 2300 774 ἐκ
2335 722 2428 776 τοῦ
2459 724 2594 778 Θεοῦ
2628 727 2956 800 γεγέννηται
2983 745 2997 758 '
3059 747 3077 782 ι
3121 730 3218 800 τῆς
3262 731 3506 800 Ἀγάπης
3541 731 3809 800 δηλονότι,

2233 812 2300 883 ἢν
2326 815 2391 866 ὲκ
2419 813 2554 869 Θεοῦ
2580 817 2712 870 Θεὸν
2745 817 2872 890 ἔφη.
2906 822 3014 874 Καὶ
3050 824 3238 891 φησιν,
3281 840 3301 874 «
3354 820 3546 892 Ἡμεῖς
3574 823 3631 876 δὲ
3668 825 3806 889 ἀγα-

2233 905 2452 975 πῶμεν,
2483 909 2564 962 ὄτι
2592 911 2757 974 αὐτὸς
2790 913 3054 984 πρότερον
3078 916 3366 984 ἠγάπησεν
3401 916 3569 984 ἡμᾶς.
3611 935 3630 967 ι
3717 895 3719 898 Θ

2317 1002 2588 1068 Ἐδίδαξεν
2635 1001 2729 1058 οὖν
2764 1009 2828 1060 ἐκ
2875 1007 2984 1060 τῶν
3041 1008 3351 1078 εἰρημένων
3399 1010 3481 1062 ὅτι
3511 1011 3545 1077 ἡ
3589 1010 3808 1080 Ἀγά-πη

2231 1092 2329 1147 τοῦ
2367 1093 2507 1148 Θεοῦ
2549 1099 2696 1150 ποιεῖ
2733 1100 2882 1170 ἡμᾶς
2912 1099 3077 1152 αὐτὸν
3105 1101 3197 1152 τὸν
3235 1099 3367 1152 Θεὸν
3417 1101 3513 1154 καὶ
3545 1103 3810 1173 ἀλλήλους

2231 1186 2475 1256 ἀγαπᾷν,
2513 1189 2610 1240 καὶ
2649 1189 2824 1255 οὕτως
2869 1195 2928 1244 ὲν
2959 1191 3036 1262 τῷ
3069 1191 3189 1262 Θεῷ
3227 1194 3408 1262 μένειν
3437 1196 3533 1248 καὶ
3564 1195 3724 1248 αὐτὸν
3752 1197 3808 1246 ὲν

2234 1275 2385 1342 ὑμῖν.
2411 1275 2584 1330 Τοῦτο
2615 1277 2672 1330 δὲ
2704 1279 2799 1332 καὶ
2837 1280 3044 1334 κατιὼν
3074 1281 3463 1356 καθαρώτερον
3492 1285 3806 1355 σαφηνίζει.

2228 1364 2482 1437 Είρηκὼς
2535 1369 2646 1440 γὰρ
2701 1372 2794 1424 τὸν
2858 1372 2995 1426 Θεὸν
3045 1373 3317 1447 Ἀγάπην,
3359 1381 3583 1447 επάγει,
3637 1397 3656 1430 «
3718 1379 3810 1430 Ἐν

2225 1457 2404 1528 τούτῳ
2430 1459 2780 1533 ,γινώσκομεν
2807 1463 2890 1517 ὅτι
2933 1465 2992 1521 ἐν
3033 1466 3183 1536 αὑτῷ
3229 1469 3488 1539 μένομεν,
3522 1474 3618 1526 καὶ
3644 1472 3808 1535 αὐτὸς

2229 1549 2288 1602 ὲν
2312 1551 2465 1619 ἡμῖν,
2486 1553 2569 1606 ὅτι
2594 1556 2659 1606 ἐκ
2683 1555 2776 1608 τοῦ
2797 1555 2942 1610 Πνεύ
2951 1573 3121 1626 ματος
3142 1559 3307 1613 αὑτοῦ
3338 1561 3572 1617 δέδωκεν
3593 1566 3748 1633 ἡμῖν.
3782 1585 3801 1616 ι

2227 1640 2300 1693 Τὸ
2349 1642 2573 1714 Πνεῦμα
2619 1647 2800 1702 τοίνυν
2845 1651 2906 1703 τὸ
2958 1651 3137 1720 ἀγιον,
3174 1653 3233 1721 ἐξ
3279 1647 3342 1710 οὗ
3382 1653 3612 1707 δέδωκεν
3647 1656 3805 1725 ἡμῖν.

545 1733 611 1772 ex
642 1722 752 1788 quo
807 1718 959 1773 dedit
995 1717 1174 1782 nobis,
1206 1716 1335 1772 facit
1376 1716 1512 1772 utin
1554 1715 1666 1772 Deo
1699 1729 2037 1780 maneamus,
2069 1720 2122 1769 ei

2226 1737 2372 1817 ποιεῖ
2401 1737 2549 1806 ἡμᾶς
2579 1739 2636 1790 ὲν
2670 1739 2748 1810 τῷ
2779 1739 2897 1810 Θεῷ
2947 1715 3154 1811 μένειν,
3208 1715 3302 1798 καὶ
3353 1746 3514 1799 αὐτὸν
3551 1749 3608 1799 ὲν
3648 1715 3803 1817 ημῖν.

543 1809 744 1879 ipsein
785 1809 965 1865 nobis.
1013 1807 1380 1874 Quamobrem
1417 1808 1564 1878 quod
1624 1808 1773 1878 prius
1820 1805 1953 1860 dixit
1993 1805 2122 1860 cha-

2231 1815 2395 1874 Ὥστε
2426 1805 2463 1876 ὃ
2493 1805 2758 1897 πρότερον
2929 1805 3176 1905 ’Ᾰγάπηϋς
3202 1835 3361 1904 ἔργον
3413 1836 3614 1906 ἔφησεν
3638 1805 3805 1900 sinat,

543 1903 720 1958 ritatis
776 1917 914 1972 opus
975 1907 1209 1971 (nempe
1263 1907 1323 1954 ut
1393 1900 1448 1953 in
1505 1898 1618 1954 Dco
1677 1911 2012 1964 maneamus,
2056 1910 2122 1951 ac

541 1994 780 2051 vicissim
801 1993 944 2050 Deus
967 1994 1022 2048 in
1046 1991 1249 2062 nobis),
1277 1992 1379 2046 hoc
1410 2006 1556 2045 nunc
1585 2000 1758 2047 sancti
1780 1989 2017 2060 Spiritus
2041 1988 2125 2042 di-

545 2089 644 2150 xit.
677 2089 816 2156 Ergo
857 2085 1095 2154 Spiritus
1117 2078 1345 2138 sanctus
1367 2091 1451 2137 cst
1470 2081 1731 2147 charitas,
1767 2095 1929 2149 quam
1950 2081 2121 2136 Deum

543 2195 665 2233 esse
693 2189 748 2235 et
777 2195 844 2233 ex
876 2180 982 2232 Deo
1011 2179 1238 2231 dixerat.
1271 2175 1388 2244 Ipse
1422 2174 1586 2244 igitur
1629 2173 1867 2244 Spiritus
1898 2180 2121 2228 sanctus

540 2270 897 2340 signiﬁcatur,
938 2268 1030 2323 uhi
1060 2267 1312 2338 legimus,
1343 2284 1361 2318 «
1392 2264 1531 2322 Deus
1564 2266 1806 2322 charitas
1831 2275 1936 2320 est.
1962 2283 1982 2317 ι

613 2541 751 2594 Deus
791 2536 955 2608 igitur
986 2534 1223 2603 Spiritus
1275 2542 1497 2589 sanctus
1529 2545 1596 2588 ex
1647 2531 1759 2587 Deo
1794 2529 2117 2602 procedcns.

537 2649 663 2688 cum
699 2609 908 2684 homini
960 2628 1120 2681 datus
1147 2625 1491 2695 [οτι-ἰαύειτὶ
1516 2625 1662 2678 enim
1710 2637 1837 2678 eum
1869 2633 1927 2678 et
1976 2622 2118 2678 mitti

540 2739 706 2781 nemo
736 2731 826 2778 eat
851 2719 1083 2783 inﬁcias,
1121 2717 1336 2772 dicente
1387 2716 1656 2772 Domino:
1694 2735 1714 2769 «
1745 2715 1882 2770 Cum
1910 2725 2121 2771 venerit

538 2818 876 2887 l’aracletus,
906 2828 1068 2883 quem
1101 2812 1441 2882 ego'mittam
1461 2812 1502 2842 “
1527 2826 1544 2878 ;
1576 2828 1595 2862 ι
1617 2819 1690 2876 ει,
1714 2809 1916 2876 «Quem
1943 2809 2120 2865 mittet

540 2911 696 2980 i’a'tcr
743 2908 796 2961 in
853 2904 1075 2961 nomine
1110 2918 1229 2960 tneo
1253 2905 1296 2934 δ’
1318 2921 1366 2970 ς»
1399 2916 1548 2968 cum,
1585 2903 1829 2972 inquam,
1881 2901 2121 2972 Spiritus

538 2999 748 3057 homini
772 3000 930 3054 datus
952 2997 1137 3062 fuerit,
1162 3004 1220 3051 ut
1249 2997 1399 3054 novit
1431 2995 1548 3064 ipse
1570 2995 1662 3065 qui
1696 2993 1884 3060 mittit,
1916 3007 1968 3048 et
1997 2994 2120 3064 ipse

537 3071 631 3165 qui
706 3093 958 3152 mittitur,
1025 3087 1262 3156 Spiritus
1326 3098 1574 3149 sanctus,
1631 3085 1786 3150 «Qui
1848 3085 1938 3138 ubi
2005 3085 2119 3140 vult

534 3157 795 3258 spirat“,
833 3201 854 3235 ι
889 3181 946 3235 in
976 3177 1069 3234 Dei
1104 3193 1169 3232 ac
1200 3179 1430 3248 proximi
1464 3177 1813 3232 dilectionem
1840 3177 2118 3231 hominem
2146 3157 2190 3217 (ἶ

534 3274 820 3342 accendit;
854 3285 1090 3343 tuncque
1143 3285 1270 3326 vere
1303 3287 1370 3326 ex
1421 3273 1532 3325 Deo
1582 3271 1844 3334 nascitur,
1891 3268 2121 3339 Spiritali

534 3369 744 3431 scilicet
809 3364 1242 3435 regeneratione,
1287 3361 1383 3432 qui
1437 3363 1714 3416 neminem
1776 3361 1974 3428 oderit,
2021 3375 2121 3416 nec

535 3462 734 3529 cogitet
765 3457 965 3511 malum
993 3456 1062 3512 “.
1090 3458 1267 3524 Atque
1301 3457 1353 3508 id
1383 3453 1529 3525 quod
1556 3453 1625 3508 ab
1679 3452 1887 3524 Spiritu
1936 3452 2118 3520 datur,

534 3531 779 3615 charitas
819 3561 940 3605 est:
979 3548 1280 3613 «Charitas,
1333 3545 1504 3610 enim,
1552 3545 1730 3616 inquit
1801 3546 2119 3615 Apostolus,

533 3645 702 3700 eﬂ'usa
733 3652 815 3698 cst
843 3643 894 3696 in
916 3642 1174 3696 cordibus
1200 3640 1536 3709 nostris,,per
1563 3637 1823 3708 Spiritum
1849 3648 2121 3701 sanctum,

532 3738 624 3807 qui
673 3737 949 3806 datttsﬁest
981 3733 1140 3788 nobis
1161 3733 1224 3785 ".
1255 3750 1274 3782 ι
1312 3730 1522 3786 Idcirco
1561 3731 1747 3793 etiam,
1787 3738 1843 3782 ut
1899 3729 1973 3782 ait
2011 3730 2122 3780 Au-

531 3829 809 3898 gustinus,
856 3826 1123 3895 «Spiritus
1175 3835 1424 3891 sanctus,
1449 3821 1544 3877 Dei
1568 3823 1771 3875 donum
1819 3820 2122 3890 appellatur

531 3928 678 3989 (cum
730 3921 802 3974 sit
861 3916 1026 3978 Deus)
1077 3925 1133 3971 et
1193 3914 1496 3979 charisma,
1547 3931 1566 3966 ι
1620 3913 1766 3984 quod
1821 3913 1990 3966 etiam
2045 3911 2122 3966 ait

534 4027 764 4084 magnus
807 4009 1063 4064 Basilius.
1117 4006 1358 4062 Gratiam
1417 4006 1562 4060 enim
1631 4005 2001 4075 perﬁcientem
2067 4012 2122 4058 et

534 4103 856 4172 adoptionis
892 4099 1170 4154 charisma
1204 4107 1386 4162 vocat,
1411 4112 1476 4152 ac
1510 4095 1708 4152 futurae
1753 4097 2119 4151 arrhaboncm

531 4192 866 4256 hereditatis
897 4231 914 4246 .
947 4191 1182 4262 Cyr-illus
1223 4204 1460 4261 quoque,
1486 4188 1604 4243 Filii
1646 4190 1851 4244 donum
1869 4189 2118 4244 vocavit:

537 4287 746 4352 «Quod
802 4284 992 4354 utique
1050 4287 1276 4348 donum,
1313 4283 1494 4352 inquit
1551 4280 1691 4337 idem
1755 4281 2116 4354 Augustinus,

531 4379 790 4448 quidnam
849 4377 997 4431 aliud
1041 4377 1259 4447 proprie
1291 4374 1647 4444 intelligatur,
1687 4387 1851 4442 quam
1901 4373 2120 4428 dilectio

529 4453 597 4526 ad
625 4471 793 4526 Deum
816 4470 1186 4534 adducens,»
1211 4476 1365 4522 extra
1397 4481 1585 4537 quam,
1603 4466 1831 4536 quodvis
1857 4465 2003 4520 aliud
2024 4467 2122 4520 do-

529 4579 659 4618 num
683 4579 746 4618 ac
770 4561 1040 4618 charisma
1063 4562 1288 4628 dixeris,
1309 4561 1376 4615 ad
1402 4558 1572 4614 Deum
1605 4574 1712 4614 non
1739 4559 1981 4614 adducit.
2015 4576 2036 4611 ι

598 4851 916 4919 ρυοάνθιό
962 4854 1196 4924 Spiritus
1245 4866 1466 4911 sanctus
1505 4854 1758 4912 Charitas
1813 4867 1867 4913 et
1908 4857 2111 4913 donum

532 4961 845 5016 munusque
899 4947 1224 5017 appelletur,
1263 4948 1461 5002 multus
1497 4965 1561 5002 ex
1627 4949 1911 5019 Scriptura
1953 4949 2111 5005 aﬂert

528 5050 907 5106 auctoritates,
940 5056 1005 5095 ac
1035 5041 1248 5095 tandem
1278 5039 1356 5094 sic
1386 5041 1456 5095 ad
1487 5039 1710 5095 verbum
1738 5042 1924 5097 addit:
1957 5041 2112 5096 «Val-

527 5134 596 5188 de
621 5134 842 5204 I'ongum
875 5149 1066 5187 omnes
1115 5147 1418 5187 recensere.
1456 5131 1721 5188 I‘rzetcrea
1772 5149 1920 5200 vero,
1961 5133 2113 5204 quid-

530 5241 653 5280 nam
686 5230 852 5281 etiam
888 5227 955 5280 iis
989 5225 1158 5294 possit
1189 5226 1458 5290 sullicere,
1491 5226 1690 5295 quibus
1720 5242 1780 5280 ea
1820 5242 1941 5298 qua:
1971 5228 2112 5282 dixi-

532 5334 654 5374 mus
685 5333 791 5373 non
848 5317 1163 5372 sufﬁciant?
1201 5336 1220 5369 ι
1261 5317 1393 5371 Illud
1449 5320 1730 5374 enimvero
1778 5319 1832 5374 hi
1885 5321 2109 5376 docendi

530 5421 677 5478 sunt,
703 5424 762 5466 ut
789 5411 1055 5482 siquidem
1091 5411 1185 5464 Dei
1214 5411 1418 5465 donum
1444 5413 1554 5483 jam
1590 5412 1794 5468 dictum
1845 5392 2107 5486 Spiritum

528 5519 780 5560 sanetum
822 5503 1150 5572 intelligunt,
1182 5519 1306 5558 cum
1335 5504 1559 5560 audient
1629 5507 1900 5578 «Spiritus
1933 5510 2109 5566 sancti

595 5705 641 5738 ⁸⁸
681 5701 858 5777 IJoan
913 5710 1056 5776 tv,7.
1130 5712 1175 5745 "
1206 5713 1334 5771 ibid.
1363 5717 1446 5774 19.
1523 5719 1568 5751 ⁸⁰
1599 5719 1730 5776 ibid.
1760 5722 1842 5777 15.

525 5788 648 5841 xm,
680 5778 736 5836 5.
810 5776 856 5808 ⁸⁸
896 5777 1054 5835 Rom.
1087 5798 1139 5850 ν,
1165 5779 1226 5840 δέ

2231 1913 2398 1982 (λέγω
2431 1915 2528 1985 τὴν
2567 1917 2660 1969 τοῦ
2696 1917 2836 1972 Θεοῦ
2877 1921 2973 1975 καὶ
3012 1923 3171 1991 ἡμῶν
3202 1925 3260 1978 ὲν
3286 1926 3546 1996 ἀλλήλοις
3589 1929 3803 2000 μονὴν),

2225 2006 2386 2060 τοῦτο
2413 2009 2509 2061 νῦν
2539 2009 2631 2062 τοῦ
2690 2012 2844 2079 ἁγίου
2894 2015 3212 2086 Πνεύματος
3259 2014 3432 2074 εἶπεν.
3466 2019 3541 2074 Τὸ
3574 2020 3803 2091 Πνεῦμα

2227 2099 2336 2169 ἀρα
2369 2098 2428 2152 τὸ
2473 2100 2632 2170 ἆγιον
2688 2105 2838 2160 ἐστὶν
2877 2107 2912 2176 ἠ
2953 2108 3193 2180 ’Δγάπη,
3239 2111 3307 2183 ῆν
3350 2112 3486 2166 Θεὸν
3524 2108 3665 2167 εἶναι
3707 2118 3804 2169 καὶ

2229 2193 2294 2246 ὲκ
2340 2210 2434 2246 του
2474 2195 2610 2274 Θεοῦ
2664 2197 2910 2268 εἴρηκεν,
2960 2202 3057 2255 καὶ
3105 2199 3167 2267 ἐξ
3224 2197 3292 2267 ἧς
3333 2205 3622 2270 γεννᾶσθαι
3674 2206 3804 2271 τοὺς

2226 2285 2555 2354 ἀγαπῶντας
2602 2285 2778 2345 εἶπεν.
2819 2291 2961 2346 Δὺτὸ
3006 2293 3100 2348 οῦν
3149 2294 3210 2349 τὸ
3257 2295 3482 2364 Πνεῦμα
3529 2297 3592 2352 τὸ
3643 2298 3805 2368 ἀγιον

2225 2378 2504 2448 δηλοῦται,
2556 2381 2684 2436 ἔνθα
2719 2383 3193 2458 ἀναγινώσκομεν,
3231 2405 3250 2440 t
3305 2389 3366 2443 '0
3400 2389 3534 2452 Θεὸς
3579 2390 3800 2462 Ἀγάπη

2226 2471 2394 2525 ἐστίν.
2429 2491 2448 2524 ο

2307 2563 2365 2617 '0
2395 2563 2733 2628 Θεὸςτοίνυν
2753 2568 2815 2622 τὸ
2833 2569 3061 2638 Πνεῦμα
3078 2569 3138 2624 τὸ
3163 2571 3317 2640 ἅγιον
3341 2574 3402 2626 τὸ
3429 2575 3802 2644 ἐκπορευόμε-

2225 2672 2316 2710 νον
2343 2657 2407 2710 ικ
2435 2657 2527 2710 τοῦ
2552 2657 2711 2723 Θεοῦ,
2747 2661 2966 2715 ἐπειδὰν
2993 2661 3119 2732 δοθῇ
3156 2661 3234 2733 τῷ
3258 2663 3530 2735 ἀνθρώπῳ
3557 2665 3661 2731 (ὅτι
3688 2663 3802 2735 γὰρ

2217 2745 2426 2802 δίδοται
2451 2747 2552 2804 καὶ
2571 2745 2984 2818 ἀποστέλλεται,
3005 2753 3182 2816 οὐδεὶς
3204 2754 3440 2822 ἀντερεῖ,
3473 2754 3566 2807 τοῦ
3593 2755 3805 2825 Κυρίου

2225 2837 2497 2906 λέγοντος,
2563 2856 2585 2893 ι
2647 2840 2819 2895 Ὅταν
2866 2841 2998 2916 ἔλθῃ
3052 2845 3081 2898 6
3132 2844 3511 2917 Παράκλητος,
3571 2845 3630 2898 ὃν
3685 2844 3802 2912 ὲγὼ

2224 2929 2456 3001 πέμψωο
2491 2948 2515 2986 ι
2545 2932 2659 2998 καὶ,
2709 2951 2730 2986 ι
2767 2932 2868 2989 ’ον
2886 2935 3090 3005 πέμψει
3121 2937 3149 2988 6
3176 2937 3366 3008 Πατὴρ
3386 2939 3446 2990 ὲν
3469 2936 3548 3004 τῷ
3572 2937 3801 3008 ὀνόματί

2229 3040 2362 3093 μουο
2405 3043 2424 3078 ι
2459 3025 2618 3079 τοῦτο
2665 3025 2760 3081 οῦν
2805 3027 3030 3082 ἐπειδὰν
3079 3027 3157 3097 τῷ
3187 3027 3464 3099 ἀνθρώπῳ
3511 3029 3663 3100 δοθῇ,
3725 3029 3816 3091 ὡς

2226 3118 2390 3180 αὐτὸς
2421 3119 2450 3171 6
2479 3119 2830 3174 ἀποστέλλων
2847 3115 2989 3186 οἶδε,
3020 3121 3116 3174 καὶ
3144 3121 3277 3174 αὐτὸ
3306 3120 3368 3174 τὸ
3393 3120 3803 3189 ἀποστελλόμε-

2223 3226 2313 3262 νον
2347 3210 2504 3278 ἀγιον
2542 3209 2792 3279 Πνεῦμα,
2833 3211 2971 3282 ὅπερ
3011 3211 3145 3264 ὅπου
3185 3211 3330 3266 θέλει
3385 3213 3531 3278 πνεῖ,
3567 3212 3801 3266 ἀνάπτει

2220 3306 2312 3358 τὸν
2332 3305 2616 3377 ἄνθρωπον
2647 3307 2729 3370 είς
2758 3307 2858 3378 τὴν
2879 3307 2974 3361 τοῦ
2999 3306 3136 3361 Θεοῦ
3165 3309 3388 3378 ἀγάπην
3414 3310 3509 3362 καὶ
3536 3307 3632 3362 τοῦ
3659 3307 3800 3378 πλη-

2222 3399 2336 3450 σίον
2361 3414 2375 3429 °
2424 3399 2521 3452 καὶ
2557 3400 2676 3453 τότε
2709 3400 2928 3469 ἀληθῶς
2977 3403 3043 3454 ὲκ
3091 3400 3187 3454 τοῦ
3218 3401 3354 3454 Θεοῦ
3384 3403 3666 3470 γεννᾶται,
3700 3401 3801 3468 τὴν

2221 3491 2602 3561 πνευματικὴν
2640 3493 3002 3561 ἀναγέννησιν
3027 3493 3295 3564 δηλονότι,
3351 3494 3541 3548 οὐδένα
3597 3494 3793 3564 μισῶν,

2219 3584 2339 3636 οὐδὲ
2368 3583 2716 3655 λογιζόμενος
2750 3586 2810 3638 τὸ
2839 3587 3030 3640 κακόν.
3061 3587 3170 3640 Καὶ
3196 3587 3326 3641 αὐτὸ
3347 3587 3622 3658 διδόμενον
3645 3588 3795 3658 παρὰ

2219 3673 2314 3726 τοῦ
2367 3675 2688 3744 Πνεύματος
2738 3675 2931 3746 ἀγάπη
2968 3677 3116 3731 ἐστίν
3146 3694 3162 3711 ο
3203 3695 3222 3730 «
3273 3675 3338 3730 Ἥ
3371 3677 3478 3747 γὰρ
3518 3679 3732 3748 ἀγάπη,
3772 3695 3795 3732 ι

2222 3767 2389 3835 φησὶν
2417 3767 2446 3818 6
2484 3767 2835 3831 Ἀπόστολσς,
2875 3786 2897 3820 ι
2941 3769 3238 3839 ἐκκέχυται
3291 3773 3352 3823 ἐν
3402 3773 3524 3832 ταῖς
3549 3769 3797 3840 καρδίαις

2221 3861 2400 3932 ἡμῶν,
2431 3861 2518 3914 διὰ
2542 3861 2635 3914 τοῦ
2668 3862 2991 3932 Πνεύματος
3017 3862 3179 3930 ἁγίου
3199 3861 3294 3916 τοῦ
3317 3860 3562 3925 δοθέντος
3585 3863 3733 3932 ἡμῖν.
3774 3881 3793 3914 ι

2221 3954 2335 4018 Διὸ,
2377 3953 2562 4018 καθώς
2617 3970 2784 4024 φησιν
2841 3955 3224 4022 Αὐγουστῖνος,
3266 3971 3285 4006 ι
3328 3954 3438 4006 Καὶ
3481 3949 3657 4024 δῶρον
3702 3956 3804 4026 si

2221 4046 2357 4100 Θεοῦ
2398 4048 2666 4117 ὀρθότατα
2702 4048 2949 4102 καλεῖται
2984 4048 3045 4100 τὸ
3082 4049 3308 4111 Πνεῦμα
3355 4047 3416 4100 τὸ
3457 4047 3632 4113 ἀγιον,
3667 4046 3801 4110 Θεὸς

2220 4138 2282 4193 ὂν
2312 4141 2409 4192 καὶ
2437 4141 2681 4211 χάρισμα
2704 4155 2720 4170 ο
2766 4157 2785 4191 ι
2833 4139 2861 4192 ὃ
2893 4140 2988 4193 καὶ
3019 4142 3048 4194 6
3095 4140 3273 4208 μέγας
3326 4139 3606 4201 Βασίλειός
3639 4155 3800 4207 φησι,

2223 4231 2386 4302 χάριν
2437 4232 2546 4299 γάρ
2576 4230 2909 4284 τελειοποιὸν
2946 4233 3040 4286 καὶ
3072 4233 3322 4303 χάρισμα
3356 4231 3630 4293 υἱοθεσίας
3665 4229 3803 4284 αὑτό

2222 4339 2357 4392 φησι
2409 4323 2504 4376 καὶ
2553 4322 2853 4393 ἀρραϐῶνα
2901 4323 3006 4392 τῆς
3056 4323 3360 4395 μελλούσης
3409 4321 3797 4394 κληρονομίας.

2225 4416 2334 4468 Καὶ
2365 4413 2461 4466 τοῦ
2516 4413 2648 4466 Υἱοῦ
2697 4413 2753 4466 δὲ
2804 4396 3016 4484 δωρεὰν
3047 4418 3074 4470 6
3104 4416 3250 4480 θεῖος
3282 4415 3552 4486 Rupilio;
3605 4409 3760 4466 εἶπεν
3785 4429 3798 4442 ⁶

2151 4506 2198 4565 D
2231 4525 2248 4559 ι
2289 4507 2356 4559 Ὃ
2406 4504 2472 4577 δὴ
2521 4505 2718 4577 δῶρον,
2759 4526 2778 4558 ι
2812 4509 2842 4561 6
2873 4508 3038 4572 αὐτὸς
3090 4508 3461 4576 Αὐγουστῑνος
3493 4506 3648 4575 φησὶ,
3691 4521 3710 4556 ι
3750 4504 3802 4556 τί

2225 4598 2348 4652 ποθ’
2372 4597 2566 4668 ἕτερον
2596 4598 2805 4670 κυρίως
2837 4600 3058 4670 νοητέον
3087 4599 3136 4652 εί
3168 4599 3245 4670 μὴ
3273 4599 3373 4668 τὴν
3417 4597 3668 4666 Ἀγάπην
3701 4594 3802 4664 τὴν

2225 4691 2362 4762 πρὸς
2415 4690 2550 4745 Θεὸν
2581 4691 2999 4762 προσάγουσαν,
3053 4692 3150 4745 καὶ
3182 4687 3252 4764 ἦς
3282 4692 3452 4761 χωρὶς
3487 4692 3595 4743 πᾶν
3620 4690 3801 4742 ὁτιοῦν

2220 4780 2360 4835 Θεοῦ
2391 4782 2642 4852 χάρισμα
2671 4782 2734 4836 οὒ
2767 4783 3036 4852 προσάγει
3071 4783 3209 4853 πρὸς
3243 4783 3334 4835 τὸν
3361 4781 3525 4844 Θεὸν;
3564 4800 3584 4833 ο

2295 4871 2432 4942 Περὶ
2461 4871 2518 4923 δὲ
2560 4871 2654 4925 τοῦ
2679 4912 2694 4938 ,
2723 4872 2808 4925 ὅτι
2840 4873 3029 4943 ἀγάπη
3064 4875 3160 4926 καὶ
3188 4873 3363 4942 δῶρον
3406 4875 3499 4926 καὶ
3526 4871 3707 4942 δωρεά
3737 4870 3800 4922 τὸ

2222 4963 2450 5032 Πνεῦμα
2479 4964 2539 5016 τὸ
2569 4963 2726 5032 ἅγιον
2757 4963 3034 5032 καλεῖται,
3066 4964 3270 5028 πολλάς
3302 4967 3486 5036 τίθησι
3519 4966 3670 5033 παρά
3697 4964 3797 5031 τῆς

2216 5053 2444 5124 Γραφῆς
2467 5055 2795 5125 μαρτυρίας,
2829 5055 2926 5108 καὶ
2957 5055 3108 5120 τέλος
3147 5055 3328 5126 ῥητῶς
3352 5035 3525 5118 οὕτως
3557 5055 3754 5122 ἐπάγει
3781 5035 3820 5084 ε’

2225 5165 2244 5199 «
2300 5148 2515 5217 Σφόδρα
2567 5148 2778 5218 μακρὸν
2805 5148 3168 5217 ἀναλέγεσθαι
3207 5149 3411 5210 πάσας.
3473 5149 3583 5200 Καὶ
3622 5146 3803 5208 άλλως

2217 5239 2272 5292 δὲ
2317 5241 2371 5293 τί
2424 5244 2544 5295 ποτ’
2597 5239 2663 5294 ἂν
2711 5242 3046 5312 ἁποχρήσειε
3091 5243 3227 5304 τοῖς
3262 5241 3407 5310 ἅπερ
3453 5239 3666 5309 ἔφημεν
3723 5240 3800 5307 μὴ

2217 5333 2580 5402 ἀποχρῶντα,
2625 5351 2642 5384 ι
2677 5331 2849 5386 Τοῦτό
2885 5350 2950 5401 γε
2993 5335 3100 5404 μὴν
3138 5333 3244 5404 χρὴ
3293 5333 3522 5395 τούτους
3563 5329 3796 5395 διδάξαι,
3823 5331 3842 5339 “

2215 5424 2290 5488 ώς
2323 5425 2483 5477 ὁπότε
2519 5425 2696 5495 δῶρον
2725 5423 2860 5478 Θεοῦ
2913 5425 3020 5496 ἤδη
3081 5426 3386 5496 συνορῶσιν
3442 5423 3695 5495 εἰρῆσθαι
3737 5424 3798 5473 τὸ

2218 5518 2447 5591 Πνεῦμα
2474 5519 2534 5569 τὸ
2565 5516 2742 5586 ἆγιον,
2773 5516 2993 5572 ἐπειδὰν
3027 5518 3268 5572 ἀκούωσι
3297 5518 3471 5589 δῶρον
3502 5516 3598 5570 τοῦ
3635 5516 3793 5581 ἁγίου

1919 5726 1964 5756 ⁸¹
1986 5722 2144 5781 Joan.
2179 5740 2270 5793 xv,
2305 5721 2396 5779 26.
2472 5725 2517 5758 δ’
2541 5723 2695 5781 Joan.
2721 5740 2834 5792 xiv,
2865 5725 2960 5782 26.
3034 5727 3080 5759 “
3105 5725 3261 5781 Joan.
3307 5740 3384 5790 ut,
3417 5725 3470 5780 3.
3547 5726 3590 5757 “
3614 5723 3635 5779 Ι
3663 5723 3791 5779 Cor.
