4088 6426
258 373 359 437 551

1217 371 1316 431 DE
1355 368 1786 432 PRINCIPIIS
1827 368 2038 428 FIDEI
2081 366 2543 429 CATHOLIC/E.

3391 366 3495 431 553

254 483 591 554 ιῐνεύματος,
612 480 790 535 ἐκεῖνο
816 478 876 533 τὸ
906 478 1062 549 γένος
1094 479 1479 547 ἐπιγινώσκειν
1508 480 1606 550 τῆς
1641 478 1818 532 διαλέ-

1935 475 2128 529 lonum
2147 474 2288 540 "°",
2318 493 2338 527 ε
2368 473 2511 530 istud
2534 474 2787 544 loquendi
2812 489 2984 545 genus
3013 478 3508 547 agnoscant,cujus

256 576 405 641 ξεως,
434 576 571 643 ὅπερ
596 572 833 641 εἴρηται,
867 592 883 625 ι
933 572 1023 624 Ἐν
1044 575 1108 641 τῇ
1132 571 1431 625 ἀπεκδύσει
1452 570 1551 625 τοῦ
1570 572 1822 639 σώματος

251 670 348 736 τῆς
371 666 593 735 σαρκός.
627 684 647 717 ι
682 665 895 735 Ὠσπερ
918 663 1028 734 γὰρ
1056 664 1116 717 τὸ
1142 663 1299 733 σῶμα
1322 664 1419 731 τῆς
1444 662 1646 731 σαρκὸς
1670 661 1822 715 οὐδὲν

251 761 438 832 ἕτερόν
474 762 625 813 ἐστιν
658 759 699 829 ἢ·
728 758 890 828 σὰρξ,
922 758 1067 812 οὕτω
1099 762 1195 813 καὶ
1238 760 1298 812 τὸ
1330 758 1507 829 δῶρον
1539 758 1631 812 τοῦ
1662 758 1823 825 ἁγίου

254 852 578 919 Πνεύματος
603 851 757 905 οὐδὲν
780 852 866 903 ἒτε
878 851 967 923 ρόν
989 852 1137 903 ἐστιν
1162 851 1194 920 ἢ
1226 851 1285 903 τὸ
1311 851 1531 918 Πνεῦμα
1555 850 1617 902 τὸ
1642 850 1823 917 ἅγιον.

266 942 655 995 Ἑπιτοσοῦτον
706 942 887 997 τοίνυν
924 942 1101 1013 δῶρόν
1144 944 1261 995 ἐστι
1300 944 1396 995 τοῦ
1430 942 1590 1006 Θεοῦ,
1631 944 1825 1012 ἐφόσον

250 1032 453 1086 δίδοται
484 1025 565 1093 οἷς
599 1032 817 1085 δίδοται.
854 1031 993 1103 Παρ’
1021 1032 1201 1101 ἑαυτῷ
1222 1032 1279 1086 δὲ
1302 1032 1435 1095 Θεός
1458 1036 1623 1097 ἐστιν,
1657 1036 1704 1085 εί
1732 1036 1825 1086 καὶ

254 1122 443 1193 μηδενὶ
485 1122 683 1176 δίδοται
710 1139 724 1154 ⁸
767 1123 954 1192 ἐπειδὴ
1000 1122 1135 1187 Θεὺζ
1181 1117 1252 1192 ἦν
1289 1124 1365 1192 τῷ
1404 1124 1577 1192 [lupi
1623 1127 1716 1178 καὶ
1748 1124 1824 1192 τῷ

257 1212 369 1283 Υἱῷ
402 1213 696 1280 συναῖδιος,
734 1215 865 1284 πρὶν
898 1214 931 1283 ἢ
968 1214 1188 1284 ἑκάστῳ
1234 1214 1475 1283 δοθῆναι.
1522 1214 1665 1267 Ἀλλ’
1703 1214 1825 1267 οὐδὲ

255 1306 363 1375 μὴν
394 1306 585 1376 ἐπειδὴ
617 1306 679 1379 οἱ,
706 1306 806 1376 μὲν
858 1306 1086 1372 διδόασι,
1144 1306 1206 1358 τὸ
1257 1308 1314 1360 δὲ
1347 1306 1569 1370 δίδοται,
1606 1304 1826 1358 ἔλαττον

251 1398 477 1450 ἐκείνων
527 1398 697 1452 ἐστίν.
756 1397 913 1451 Οὕτω
943 1398 1052 1468 γὰρ
1081 1398 1286 1453 δίδοται
1343 1396 1532 1465 ὥσπερ
1562 1395 1657 1450 τοῦ
1689 1394 1825 1449 Θεοῦ

250 1487 447 1561 δῶρον,
494 1487 569 1551 ὡς
605 1489 699 1541 καὶ
727 1489 861 1542 αὐτὸ
914 1489 1076 1542 ὲαυτὺ
1106 1488 1307 1544 διδόναι
1336 1488 1526 1559 ὥσπερ
1556 1488 1708 1552 Θεός.
1750 1488 1826 1541 Οὐ

250 1568 361 1647 γὰρ
391 1578 613 1632 δυνατὸν
642 1578 900 1647 λέγεσθαι
933 1581 1007 1650 μὴ
1032 1576 1175 1635 εἶναι
1201 1583 1300 1648 τῆς
1328 1581 1522 1635 ἑαυτοῦ
1555 1581 1827 1646 ἔξουσίας,

1926 567 2056 622 illud
2116 567 2427 636 exemplum
2490 576 2576 621 est
2611 582 2626 623 :
2665 566 2753 620 «lu
2816 566 3215 636 exspoliatione
3262 570 3511 639 corporis

1924 658 2191 713 carnis“.
2228 658 2748 724 iQuemadmodum
2818 658 2964 715 enim
3052 675 3255 730 corpus
3328 662 3512 715 carnis

1927 750 2062 804 nihil
2099 749 2244 804 aliud
2272 759 2357 804 est
2385 766 2545 817 quam
2604 765 2761 813 caro;
2803 750 2885 805 sic
2918 765 3019 805 nec
3044 752 3245 806 donum
3274 750 3511 821 Spiritus

1925 844 2099 897 sancti
2128 842 2271 898 aliud
2307 843 2597 913 quicquam
2633 854 2716 898 εει
2764 859 2928 913 quam
2974 843 3213 914 Spiritus
3263 854 3503 899 sanctus.

1925 932 1983 988 III
2017 943 2227 988 tantum
2278 934 2442 1003 igitur
2492 934 2585 990 Dei
2638 937 2839 989 donum
2866 943 2969 1002 est,
3006 936 3059 991 in
3095 947 3358 1007 quantum
3412 939 3514 991 da-

1920 1036 2038 1087 tur,
2071 1026 2138 1080 iis
2167 1026 2367 1095 quibus
2407 1027 2587 1080 datur.
2615 1026 2789 1081 Penes
2824 1043 2883 1083 se
2907 1044 3039 1083 vero
3092 1030 3231 1083 Deus
3258 1040 3361 1091 est.
3410 1031 3512 1084 etsi

1928 1113 2135 1168 nemini
2171 1116 2348 1169 detur.
2382 1114 2516 1169 Nam
2549 1116 2692 1171 Deus
2739 1126 2855 1171 erat
2914 1116 3060 1171 Patri
3107 1117 3353 1188 Filioque
3377 1134 3516 1173 coae-

1930 1214 2142 1269 ternus,
2172 1215 2462 1276 antequam
2519 1208 2611 1262 ulli
2643 1207 2883 1263 daretur.
2915 1209 3018 1264 Sed
3053 1224 3229 1280 neque
3256 1210 3399 1278 quod
3458 1224 3517 1262 a-

1928 1294 1986 1348 lii
2018 1296 2168 1362 dent,
2201 1312 2266 1352 ac
2311 1299 2427 1369 ipse
2472 1299 2653 1365 detur,
2686 1301 2791 1356 illis
2842 1300 3020 1355 minor
3072 1312 3174 1356 est.
3221 1301 3313 1355 Sic
3369 1300 3513 1354 enim

1930 1387 2091 1440 datur
2120 1396 2379 1456 tanquam
2411 1390 2503 1444 Dei
2536 1390 2763 1455 donum,
2792 1401 2853 1445 ut
2878 1401 2935 1445 et
2981 1391 3097 1460 ipse
3140 1392 3381 1459 seipsum
3426 1390 3517 1443 det

1931 1488 1989 1533 ut
2022 1478 2185 1534 Deus.
2230 1478 2349 1534 Non
2384 1483 2526 1535 enim
2562 1482 2668 1536 dici
2702 1492 2901 1551 potest,
2942 1497 3053 1536 non
3086 1498 3209 1536 esse
3258 1498 3381 1537 eum
3430 1482 3513 1536 sui

1926 1571 2069 1637 juris
2127 1586 2190 1626 ac
2237 1573 2521 1641 potestatis
2575 1575 2642 1628 de
2679 1590 2786 1644 quo
2818 1576 3023 1629 dictum
3060 1585 3144 1629 est
3176 1591 3187 1626 :
3222 1591 3240 1624 ‹
3283 1574 3518 1642 Spiritus

252 1671 384 1737 περὶ
428 1662 490 1722 οὗ
521 1670 761 1740 εἴρηται,
813 1688 831 1722 ι
868 1670 941 1723 Τὸ
994 1670 1221 1740 Πνεῦμα
1265 1672 1400 1725 ὅπου
1433 1671 1575 1726 θέλει
1605 1674 1762 1725 πνεῖ·
1803 1690 1823 1722 ι

1935 1662 2022 1716 ubi
2059 1663 2173 1717 vult
2206 1665 2445 1733 spirat“
2477 1683 2490 1730 ;
2527 1684 2545 1718 ι
2586 1675 2639 1720 et
2672 1668 2815 1736 apud
2852 1667 3198 1736 Apostolum,
3225 1666 3383 1734 cujus
3404 1665 3515 1733 jam

254 1760 353 1812 καὶ
382 1760 532 1830 παρὰ
564 1762 642 1830 τῷ
687 1748 1019 1832 Ἀποστόλῳ,
1073 1763 1211 1830 ὅπερ
1253 1764 1353 1835 ἢδη
1391 1765 1655 1835 ἀνωτέρω
1706 1764 1831 1818 ἀνέ-

1935 1758 2189 1826 superius
2221 1760 2575 1813 meminimus
2610 1776 2625 1813 :
2664 1776 2681 1810 ι
2712 1759 2904 1815 Omnia
2934 1768 3116 1815 autem
3135 1762 3520 1831 lizecoperatur

257 1868 467 1921 μνησα,
493 1870 510 1903 ι
547 1851 738 1907 Πάντα
766 1852 822 1907 δὲ
854 1853 1026 1907 ταῦτα
1061 1834 1283 1925 ἑνεργεῖί
1306 1859 1368 1910 τὸ
1399 1858 1457 1913 ἓν
1486 1834 1583 1913 καὶ
1605 1858 1668 1911 τὸ
1697 1860 1831 1913 αὐτὸ

1942 1864 2082 1904 unus
2115 1858 2277 1919 atque
2303 1851 2445 1905 idem
2473 1848 2738 1923 Spiritus,
2782 1852 3030 1908 dividens
3065 1854 3302 1923 singulis
3356 1864 3519 1923 prou-t

257 1944 506 2013 Πνεῦμα,
557 1943 801 2014 διαιροῦν
836 1946 943 2018 ίδίᾳ
996 1946 1214 2017 ἑκάστῳ
1244 1947 1429 2013 καθὼς
1483 1948 1757 2019 βούλεται.
1802 1970 1824 2004 ε

1937 1942 2053 1994 vult
2082 1942 2152 1998 ".
2196 1961 2215 1994 ι
2251 1940 2438 2012 Neque
2477 1944 2551 2000 ibi
2572 1943 2840 2012 subjectio
2863 1956 2945 1999 est
2975 1947 3095 2016 ejus
3134 1946 3228 2016 qui
3257 1946 3438 2011 datur,
3465 1960 3519 2003 et

258 2034 392 2091 Οὐδὲ
419 2035 568 2089 ἔστιν
596 2036 714 2089 ἐκεί
736 2038 984 2109 ὑποταγὴ
1007 2038 1101 2092 τοῦ
1126 2039 1406 2109 διδομένου
1430 2043 1523 2094 καὶ
1543 2042 1829 2095 δεσποτεία

1936 2032 2461 2088 dominatuseorum
2497 2033 2590 2102 qui
2653 2034 2820 2099 dant;
2878 2033 2972 2089 sed
3002 2036 3122 2104 ejus
3180 2037 3274 2107 qui
3330 2038 3510 2100 datur,

255 2126 364 2180 τῶν
398 2127 686 2183 διδόντωνο
734 2128 851 2183 ἀλλ’
879 2130 1107 2201 ὁμόνοια
1141 2131 1238 2185 τοῦ
1274 2133 1553 2204 διδομένου
1589 2134 1683 2190 καὶ
1716 2134 1826 2187 τῶν

255 2219 527 2274 διδόντων.

329 2313 435 2365 Καὶ
486 2314 574 2371 ἵνα
617 2314 691 2384 μή
718 2330 802 2378 τις
832 2316 984 2388 cling,
1011 2316 1093 2372 ὅτι
1122 2318 1310 2372 τοῦτον
1338 2318 1427 2374 τὸν
1449 2319 1652 2389 τρόπον
1677 2320 1830 2391 εἰρη-

259 2419 368 2469 ται,
406 2420 424 2454 ι
472 2404 526 2459 Ὀ
556 2404 687 2467 Θεὸς
726 2406 941 2475 ’Δγάπη
974 2410 1117 2475 ἐστὶ,
1148 2427 1167 2460 ο
1205 2411 1330 2463 καθ’
1353 2410 1413 2464 δν
1450 2410 1688 2482 εἴρηται,
1713 2430 1731 2463 ι
1754 2412 1827 2466 Σὺ

260 2489 308 2546 εἰ
343 2497 377 2561 ἡ
404 2495 649 2568 ῦπομονή
686 2514 791 2566 μου
812 2514 825 2529 ο
865 2516 883 2550 ι
914 2499 1029 2564 καὶ,
1059 2516 1078 2550 ι
1122 2497 1189 2551 Ἢ
1222 2499 1378 2563 ἐλπίς
1420 2516 1546 2569 μου,
1587 2519 1606 2552 ι
1640 2504 1826 2571 φησιν,

266 2604 286 2638 ι
327 2590 384 2640 ὲν
420 2589 533 2649 τοῖς
556 2588 750 2652 ,αὐτοῖς
780 2603 794 2617 °
828 2609 848 2642 ι
887 2591 989 2645 οὐκ
1012 2591 1247 2663 ἐροῦμεν
1270 2594 1352 2647 ὅτι
1387 2612 1407 2646 ι
1441 2597 1468 2647 ὀ
1505 2594 1638 2657 Θεὸς
1671 2596 1831 2662 Ἀγάο

263 2690 392 2748 πηἹ
430 2677 819 2749 εἰρηται,διότι
841 2680 941 2734 οὐκ
967 2680 1166 2752 ἔστινὴ
1197 2682 1357 2735 οὐσία
1386 2683 1574 2755 ἐκείνη
1592 2684 1828 2755 ’Δγάπη,

261 2769 383 2839 ἥτις
407 2770 555 2823 ἐστὶν
581 2768 706 2834 ἀξία
756 2769 851 2824 τοῦ
881 2772 1148 2842 ὀνόματος
1179 2773 1275 2829 τοῦ
1302 2774 1461 2840 Θεοῦ,
1525 2776 1663 2830 ἀλλὰ
1699 2775 1834 2830 διότι

262 2862 435 2933 δῶρόν
464 2863 578 2917 ἔστι
600 2863 690 2916 τοῦ
732 2863 867 2919 Θεοῦ
894 2866 926 2935 ἡ
959 2864 1200 2937 ’Δγάπη,
1230 2866 1423 2939 ὥσπερ
1458 2867 1677 2940 εἴρηται
1696 2870 1834 2940 πρὸς

262 2954 356 3006 τὸν
390 2955 543 3021 Θεὸν,
579 2973 599 3008 ι
635 2956 761 3010 Ὅτι
791 2959 857 3012 σὺ
906 2953 956 3011 εἰ
997 2961 1030 3029 ἡ
1078 2961 1324 3031 ὑπομονὴ
1381 2979 1507 3032 μου.
1544 2982 1564 3015 ι
1592 2962 1675 3016 υῦ
1726 2963 1835 3031 γὰρ

267 3047 485 3113 πάντως
512 3047 600 3102 διὰ
632 3048 805 3104 ταῦτα
831 3050 1049 3121 εἴρηται
1080 3054 1165 3108 ὅτι
1193 3053 1289 3107 τοῦ
1317 3054 1456 3108 Θεοῦ
1484 3056 1633 3109 ἐστιν
1672 3055 1836 3110 οὐσία

1936 2122 2299 2194 dautiumque
2332 2127 2647 2180 concordia.

2006 2308 2105 2373 Ac,
2150 2325 2216 2363 ne
2236 2311 2360 2379 quis
2390 2311 2557 2373 dicat,
2585 2312 2652 2365 ad
2684 2329 2807 2367 cum
2858 2314 3078 2369 modum
3132 2317 3336 2370 dictttm
3396 2331 3518 2371 esse

1941 2422 1959 2454 ι
2008 2402 2149 2459 Deus
2168 2404 2409 2459 Charitas
2440 2416 2524 2459 est
2550 2405 2619 2470 ⁵³,
2658 2423 2675 2457 ι
2725 2421 2832 2474 quo
2864 2408 3069 2461 dictum
3093 2418 3200 2472 est,
3248 2427 3264 2457 ι
3301 2407 3383 2461 Τιι
3457 2426 3517 2462 es

1942 2496 2198 2562 patientia
2226 2496 2437 2562 mea“;
2476 2516 2493 2548 ι
2524 2508 2598 2563 et,
2622 2516 2640 2549 ι
2666 2497 2802 2568 Spes
2826 2514 2966 2564 mea,
2990 2492 3189 2570 inquit;
3222 2502 3277 2555 in
3297 2502 3378 2557 eis
3393 2505 3462 2569 ";
3491 2525 3511 2557 ε

1941 2589 2210 2653 dicemus,
2254 2604 2361 2643 non
2395 2591 2475 2644 sie
2515 2591 2721 2645 dictum
2752 2607 2894 2654 esse,
2925 2592 3099 2647 «Deus
3115 2605 3197 2649 est
3217 2596 3511 2662 cbaritasn

1940 2680 2083 2746 quod
2115 2694 2223 2734 non
2251 2680 2321 2735 sit
2351 2682 2599 2735 essentia
2633 2681 2723 2735 illa
2757 2684 3025 2750 eharitas,
3062 2700 3185 2753 quae
3234 2686 3396 2756 digna
3435 2699 3521 2742 est

1942 2779 1999 2824 ut
2034 2770 2176 2826 Deus
2201 2783 2564 2842 nuncupetur,
2624 2774 2719 2829 sed
2744 2775 2891 2844 quod
2919 2776 3158 2832 clIariIas
3190 2779 3284 2832 Dei
3315 2779 3520 2834 donum

1940 2860 2031 2927 sit,
2063 2863 2524 2930 quemadmodum
2557 2865 2763 2921 dictum
2787 2877 2869 2921 est
2898 2868 2965 2922 ad
2997 2869 3165 2923 Deum
3197 2885 3210 2923 :
3242 2888 3261 2921 ε
3298 2868 3437 2935 Quia
3463 2882 3522 2925 tu

1939 2966 2000 3006 es
2032 2954 2291 3021 patientia
2325 2970 2439 3009 mea
2461 2956 2527 3008 ⁵⁸.
2558 2975 2575 3006 ι
2604 2956 2721 3011 Non
2747 2958 2890 3013 enim
2916 2974 3143 3028 prorsus
3160 2960 3287 3017 inde
3308 2962 3519 3018 dictum

1940 3055 2043 3110 est,
2068 3046 2216 3116 quod
2244 3046 2337 3100 Dei
2370 3049 2700 3115 substantia,
2726 3060 2913 3105 nostra
2969 3052 3231 3121 patientia
3296 3055 3389 3119 sit,
3422 3056 3517 3111 sed

265 3140 296 3206 ἡ
330 3139 572 3211 ἡμετέρα
601 3141 846 3210 ὑπομονὴ
870 3158 885 3173 ·
905 3140 1021 3195 ἀλλ’
1050 3143 1134 3197 ὅτι
1168 3146 1298 3215 παρ’
1320 3143 1488 3199 αὑτοῦ
1511 3147 1645 3215 ἡμῖν
1660 3146 1829 3211 ἐστιν,

1941 3139 2085 3208 quod
2115 3140 2181 3193 ab
2207 3138 2326 3207 ipso
2350 3138 2438 3195 illa
2475 3141 2632 3196 nobis
2664 3143 2966 3212 proveniat,
2991 3146 3251 3201 utietiam
3276 3148 3383 3201 alio
3401 3148 3522 3202 loco

265 3226 453 3299 ὥσπερ
506 3231 598 3283 καὶ
650 3232 884 3303 ἀλλαχοῦ
930 3233 1401 3305 ἀναγινώσκομεν,
1455 3253 1475 3287 ι
1519 3237 1642 3289 Ὅτι
1703 3236 1833 3307 παρ’

264 3318 430 3372 αὑτοῦ
469 3320 504 3390 ἠ
534 3319 782 3391 ὑπομονὴ
826 3339 952 3392 μου.
991 3342 1012 3377 ι
1054 3324 1273 3394 Ταύτην
1333 3326 1442 3395 γὰρ
1494 3327 1596 3398 τὴν
1625 3326 1837 3383 ἔννοιαν

266 3410 469 3481 ῥᾳδίως
494 3412 920 3484 ἀποκρούεταιή
960 3414 1070 3470 τῶν
1100 3416 1337 3487 Γραφῶν
1392 3418 1604 3487 ὁμιλία.
1640 3419 1834 3473 Τοιοῦο

265 3516 355 3553 τον
384 3502 494 3572 γάρ
524 3503 639 3557 εστι
661 3503 744 3567 τὸ,
782 3523 801 3557 ι
835 3506 909 3559 Σὺ
940 3502 992 3560 si
1022 3508 1055 3577 ή
1120 3509 1367 3579 ὑπομονή
1429 3527 1554 3580 μου,
1595 3529 1613 3563 ι
1650 3512 1837 3566 ὁποῖόν

265 3592 382 3644 ἐστι
411 3592 492 3660 τὸ,
526 3611 546 3645 ι
586 3593 758 3666 Κύριε
789 3596 1004 3667 ἡὲλπίς
1031 3615 1135 3668 μου
1162 3616 1177 3631 ·
1218 3618 1237 3652 ›
1268 3601 1383 3667 καὶ,
1421 3619 1440 3653 ι
1495 3600 1554 3656 'U
1579 3602 1710 3666 Θεός
1731 3619 1835 3673 μου

265 3683 325 3735 τὸ
353 3683 501 3748 ἔλεός
534 3701 671 3756 μουο
713 3704 734 3739 ι
795 3687 893 3743 καὶ
938 3689 1112 3746 πολλὰ
1174 3691 1557 3766 παραπλήσια.
1592 3692 1709 3749 Οὐκ
1759 3696 1840 3747 εί-

269 3792 429 3847 ρηται
463 3776 543 3842 δὲ,
570 3778 695 3832 Ὀτι
723 3780 750 3832 ό
783 3780 918 3843 Θεὸς
949 3782 985 3851 ἡ
1043 3781 1232 3852 ἀγάπη
1294 3799 1421 3853 μου,
1482 3784 1540 3854 ἢ,
1581 3785 1655 3838 Σὺ
1710 3782 1763 3839 ei
1804 3788 1837 3858 ἡ

268 3868 453 3940 ἀγάπη
488 3886 621 3939 μου·
655 3870 772 3941 ἀλλ’
803 3870 976 3938 οὕτως
1029 3873 1321 3945 είρημένον
1353 3876 1522 3943 ἐστὶν,
1560 3895 1579 3929 ι
1600 3879 1661 3932 '0
1703 3879 1838 3942 Θεὸς

279 3958 495 4036 ᾎιάπη
546 3961 726 4015 ὲστίν·
778 3980 798 4015 ι
844 3961 1035 4035 ὥσπερ
1086 3963 1323 4036 εἴρηται,
1393 3985 1413 4019 ι
1483 3966 1543 4019 ὐ
1592 3968 1725 4032 Θεὸς
1780 3970 1841 4023 τὸ

318 4048 491 4122 νεῦμα
523 4052 693 4110 ἔστιν.
732 4072 751 4106 ι
794 4053 852 4108 ’0
904 4054 961 4109 δὲ
1025 4057 1187 4110 τοῦτο
1236 4059 1312 4127 μὴ
1366 4059 1662 4130 διακρίνων
1715 4062 1840 4133 νόη-

271 4159 353 4194 σιν
394 4144 544 4210 παρὰ
578 4142 799 4214 Κυρίου,
844 4145 982 4201 ἀλλὰ
1036 4146 1111 4220 μὴ
1166 4148 1430 4219 ἐξήγησιν
1491 4151 1624 4221 παρ’
1685 4152 1841 4222 ἡμῶν

267 4234 529 4303 ζηταίτω.
581 4237 715 4291 Οὐδὲ
770 4237 879 4309 γὰρ
936 4239 1323 4311 καθαρώτερόν
1375 4258 1428 4296 τι
1468 4241 1647 4312 λέγειν
1684 4244 1843 4298 δυνά-

269 4325 371 4392 μεθ
380 4344 432 4379 α.

234 4461 239 4467 .
338 4414 510 4484 Δῆλον
555 4416 610 4470 δὲ
635 4418 729 4475 καὶ
752 4420 836 4473 ὅτι
862 4421 932 4475 τὰ
965 4420 1115 4491 παρὰ
1164 4422 1266 4492 τῆς
1330 4424 1553 4495 Γραφῆς
1599 4424 1843 4479 ἀποδιδόη

1940 3229 2190 3298 legimus,
2226 3248 2244 3281 ι
2272 3230 2407 3297 Quia
2440 3232 2646 3301 abipso
2675 3235 2933 3303 patientia
2952 3236 3176 3291 mea".i
3209 3236 3521 3294 Huneenim

1941 3336 2163 3377 sensum
2198 3324 2355 3379 facile
2378 3323 2579 3379 refellit
2607 3325 3016 3394 Scripturarum
3070 3329 3297 3385 locutio.
3374 3331 3520 3386 Idem

1937 3414 2081 3470 enim
2114 3425 2198 3470 cst
2227 3433 2242 3470 :
2279 3435 2298 3467 ε
2320 3414 2399 3470 Tu
2429 3432 2491 3471 es
2516 3417 2773 3487 patientia
2796 3434 2912 3473 mea
2931 3420 3004 3485 ⁵⁸,
3038 3439 3057 3471 ι
3083 3422 3393 3493 cuiusmodi
3417 3436 3520 3494 est,

1947 3504 2224 3570 (Domine,
2244 3522 2369 3578 spes
2388 3510 2613 3564 mem";
2639 3508 2725 3576 Et,
2755 3531 2773 3562 ι
2790 3510 2930 3566 Deus
2950 3528 3122 3578 meus,
3151 3516 3523 3572 misericordia

1940 3600 2162 3664 mea“,i
2199 3600 2414 3670 aliaque
2445 3602 2598 3670 plura
2632 3605 2855 3660 similia.
2898 3602 3016 3660 Non
3076 3618 3258 3663 autem
3314 3611 3521 3666 dictum

1938 3697 2043 3751 est,
2066 3687 2205 3745 Deus
2229 3706 2349 3747 mea
2373 3692 2627 3749 Charitas
2646 3704 2751 3761 est,
2774 3707 2886 3764 aut,
2915 3696 2996 3751 'l‘u
3022 3714 3082 3752 es
3110 3714 3231 3753 mea
3246 3700 3522 3769 Charitas;

1939 3779 2033 3834 sed
2053 3778 2148 3846 ita,
2183 3780 2361 3837 «Deus
2394 3783 2634 3839 cliaritas
2662 3794 2746 3841 est
2766 3785 2835 3852 ⁶¹;
2862 3806 2881 3840 ι
2904 3788 3363 3856 quemadmodum
3404 3793 3524 3848 dic-

1942 3880 2055 3926 tum
2087 3883 2190 3940 est,
2224 3894 2243 3927 ι
2282 3873 2428 3930 Deus
2459 3876 2699 3946 Spiritus
2740 3879 2940 3935 est“.i
2985 3880 3092 3947 Qui
3122 3897 3252 3938 vero
3281 3884 3385 3940 hoc
3416 3902 3523 3941 non

1940 3967 2228 4033 discernit,
2261 3983 2290 4022 a
2316 3967 2426 4024 Deo
2458 3969 2873 4040 intelligentiam
2901 3984 3132 4043 quaerat,
3167 3992 3277 4031 non
3329 3990 3389 4045 ut
3419 3994 3509 4035 res

1942 4075 1971 4114 a
2004 4061 2161 4115 nobis
2182 4070 2511 4132 exponetur.
2545 4061 2666 4117 Non
2703 4064 2848 4119 enim
2884 4065 3091 4136 aliquid
3128 4070 3330 4127 clarius
3364 4072 3515 4128 diee-

1941 4167 2000 4207 re
2022 4168 2332 4224 possumus.
3030 4147 3033 4149 8

2010 4431 2205 4500 Liquet
2235 4442 2363 4485 vero
2385 4430 2573 4499 etiam,
2606 4445 2727 4500 quae
2758 4432 2856 4484 abs
2903 4430 3185 4502 Scriptura
3230 4439 3367 4495 Filio
3424 4446 3523 4498 tri-

268 4524 411 4578 μενα
437 4509 515 4579 τῷ
544 4509 658 4581 Υίῷ
714 4510 807 4564 καὶ
846 4513 924 4584 τῷ
961 4515 1105 4584 ἁγίῳ
1163 4515 1441 4587 Πνεύματι
1496 4518 1831 4588 μαρτυροῦσι

1946 4524 2185 4580 buuntur
2225 4532 2278 4579 et
2305 4522 2530 4593 Spiritui
2564 4534 2774 4589 sancto,
2804 4525 2961 4581 lldem
3016 4539 3262 4587 astruere
3305 4534 3525 4606 bisque:

265 4605 381 4666 τοῖς
425 4605 732 4675 εἰρημένοις
767 4602 947 4675 λόγοις
984 4608 1117 4677 περὶ
1150 4607 1244 4661 τοῦ
1270 4610 1327 4662 ἐν
1370 4611 1448 4680 τῷ
1504 4610 1623 4681 Θεῷ
1656 4611 1831 4679 Λόγου

1942 4618 2086 4673 dicta
2113 4627 2239 4673 sunt
2269 4618 2334 4671 de
2364 4616 2562 4681 Verbo,
2594 4620 2743 4687 quod
2767 4630 2848 4675 est
2879 4622 2931 4677 in
2961 4623 3089 4687 Deo,
3113 4637 3166 4680 et
3192 4602 3521 4684 deraI-ita-

268 4698 363 4751 καὶ
392 4697 493 4769 τῆς
522 4694 796 4770 Ἀγάπης,
819 4699 902 4755 ὅτι
919 4701 1140 4762 οἰκείως
1193 4702 1563 4759 ἀποδίδονται.
1592 4706 1831 4775 Φανερὸν

1942 4720 2014 4777 te;
2039 4710 2180 4779 quod
2200 4708 2458 4765 nimirum
2483 4710 2595 4763 haec
2616 4710 2720 4764 illis
2744 4716 3131 4773 convenienter
3146 4721 3523 4788 assignentur.

269 4793 377 4859 γὰρ
403 4792 467 4845 ἐκ
490 4790 597 4848 τῶν
632 4790 1053 4867 προειρημένων
1076 4793 1158 4845 ὅτι
1191 4795 1219 4847 ό
1249 4794 1375 4857 Υίδς
1424 4794 1520 4851 τοῦ
1566 4796 1704 4851 Θεοῦ
1733 4799 1831 4852 Λό-

1946 4800 2288 4855 Manil‘estum
2316 4801 2463 4855 enim
2494 4809 2577 4852 est
2602 4814 2667 4855 ex
2700 4801 2767 4856 iis
2794 4819 2914 4872 quae
2931 4805 3042 4874 jam
3062 4809 3115 4861 in
3138 4814 3515 4879 superioribus

265 4904 361 4957 γος
396 4888 543 4942 ἐστὶν
567 4889 754 4955 αὐτοῦ,
784 4892 882 4945 καὶ
907 4888 1098 4959 ὥσπερ
1132 4905 1215 4951 τις
1243 4890 1400 4955 τόκος
1424 4891 1516 4945 τοῦ
1553 4892 1690 4947 Θεοῦ
1717 4895 1831 4948 ἑαυ-

1945 4896 2089 4951 dicta
2109 4905 2256 4960 sunt,
2291 4893 2385 4950 Dei
2418 4894 2614 4950 Filium
2644 4891 2792 4951 illius
2813 4913 2935 4963 esse
2968 4899 3223 4969 Verbum,
3268 4918 3333 4959 ac
3379 4910 3528 4964 velut

266 4982 360 5035 τὸν
388 4982 661 5048 νοοῦντος.
717 4985 953 5040 "Exstat
978 4983 1162 5036 τοίνυν
1197 4983 1364 5038 αὐτὸν
1399 4984 1490 5038 τὸν
1539 4987 1639 5041 τοῦ
1702 4988 1831 5042 Θεοῦ

1948 4989 2044 5043 Dei
2070 4989 2305 5051 Prolem,
2338 4990 2686 5063 intelligentis
2718 4994 2978 5062 seipsutn.
3050 4995 3310 5068 Sequitur
3358 5000 3525 5069 igitur

267 5072 463 5145 Λόγον,
498 5074 685 5147 ὥσπερ
716 5076 896 5146 σοφῶς
924 5076 1003 5145 τῷ
1049 5075 1179 5144 θείῳ
1231 5073 1328 5146 Νῷ
1384 5076 1762 5147 συλληφθέντα
1808 5079 1831 5148 ἦ

1943 5085 2121 5151 ipsum
2156 5077 2251 5136 Del
2281 5080 2541 5147 Verbum,
2573 5087 2722 5139 velut
2752 5102 2780 5138 a
2823 5087 3006 5141 divina
3032 5092 3309 5159 Sapienter
3362 5093 3479 5149 Men
3499 5128 3513 5136 —

192 5179 203 5185 ‘
268 5168 620 5239 γεννηθέντα,
649 5170 851 5254 Σοφίαν
904 5167 1182 5236 λέγεσθαι.
1229 5167 1287 5222 ’0
1329 5168 1437 5239 γὰρ
1483 5169 1631 5223 ἔνδον
1688 5172 1831 5240 λόγος

1943 5184 1995 5227 te
2023 5188 2346 5243 conceptum
2377 5177 2752 5247 genitumque.
2776 5178 3108 5246 Sapientiam
3132 5186 3335 5243 \‘0Cnl‘i.
3366 5186 3464 5254 Qu
3487 5190 3521 5244 ιι

265 5260 330 5312 τὸ
354 5258 455 5327 τῆς
483 5260 677 5329 σοφίας
726 5252 887 5316 theae
945 5264 1244 5332 λαμϐάνειν
1281 5259 1474 5330 ὄνομα,
1529 5260 1609 5314 ὃν
1641 5262 1831 5331 τρόποι

1942 5262 2084 5315 enim
2112 5268 2337 5317 verbum
2369 5265 2420 5318 in
2454 5267 2641 5321 animo
2673 5271 2970 5334 repositum
2992 5283 3099 5338 est,
3124 5283 3401 5344 Silpl‘flllltl:
3433 5298 3531 5332 ni.-

267 5349 363 5403 καὶ
393 5350 452 5403 αἱ
507 5351 779 5424 ἐνέργειαι
834 5353 931 5407 καὶ
985 5356 1055 5407 τὰ
1120 5355 1237 5424 είδη
1293 5355 1408 5418 τοῖς
1445 5355 1675 5424 ὀνόμασι
1733 5355 1831 5410 τῶι

1950 5369 2072 5407 men
2106 5354 2246 5409 solet
2285 5357 2390 5411 sibi
2438 5358 2743 5426 vindicare,
2790 5366 2932 5416 sient
2971 5366 3134 5420 etiam
3181 5384 3527 5439 opel'nttone-

268 5442 459 5509 ἒξεων,
492 5445 587 5514 ἀφ’
624 5440 699 5500 ὧν
726 5448 1006 5517 προΐασιν,
1069 5447 1450 5517 ὀνομάζονται.
1502 5446 1575 5502 Τὸ
1622 5449 1732 5518 γὰρ
1764 5449 1831 5502 δι·

1947 5458 2013 5498 ae
2041 5446 2272 5513 species,
2301 5448 2583 5503 babituum
2624 5452 2737 5506 fere
2768 5458 2989 5511 nomina
3050 5470 3395 5523 mutuantur,
3458 5479 3522 5514 εκ

267 5533 438 5596 καίως
470 5537 754 5605 γινόμενον
780 5538 1093 5608 δικαιοσύνη
1126 5538 1387 5602 πολλάκις
1439 5539 1657 5608 λέγεται
1682 5553 1697 5568 °
1746 5541 1831 5592 καὶ

1950 5538 2152 5604 quibus
2184 5543 2508 5608 procedunt.
2532 5542 2688 5608 Quod
2721 5550 2866 5601 enim
2896 5549 3042 5617 juste
3074 5554 3153 5617 ῆς,
3176 5552 3386 5621 justitia
3422 5556 3481 5620 pI.
3502 5581 3531 5594 -

344 5673 635 5754 δυ’-ἈριΖ
676 5694 735 5754 II,
770 5680 858 5754 a8.
935 5680 980 5712 "
1019 5678 1339 5754 ColorssLII,
1367 5681 1454 5737 ll.
1532 5682 1573 5754 '7'
1606 5680 1776 5754 Joan.
1812 5698 1826 5735 I

1954 5683 2007 5735 8.
2084 5683 2337 5741 “lCor.
2400 5704 2499 5754 XII,
2552 5690 2638 5743 ll.

270 5760 405 5818 tu,
461 5747 515 5801 5.
593 5750 637 5781 ³⁸
673 5748 819 5803 l’sal.
848 5765 991 5813 cut,
1015 5752 1067 5805 6.
1145 5751 1192 5781 “
1219 5749 1363 5808 Psal.
1396 5768 1509 5814 ut,
1546 5753 1599 5804 6.
1679 5753 1723 5785 ⁵⁷
1762 5753 1829 5808 ιέ

1970 5769 2124 5818 LVIII,
2156 5756 2244 5811 18.

269 5817 316 5844 ἰθ
352 5818 486 5870 Ibid.
564 5819 604 5849 ⁶¹
644 5818 662 5871 1
705 5818 863 5873 Joan.
892 5834 964 5885 Iv,
1004 5820 1057 5873 8.
1133 5820 1358 5878 “Joan.
1386 5839 1460 5892 Iv,
1498 5824 1588 5878 24.

2729 5692 2775 5723 ⁵³
2811 5693 2827 5747 Ι
2863 5692 3020 5748 Joan.
3055 5712 3127 5754 IV.
3167 5696 3217 5750 8.
3300 5696 3346 5726 δ’
3380 5696 3526 5751 Psal.

2358 5758 2403 5789 ⁸⁸
2440 5758 2589 5816 Psal.
2642 5776 2770 5832 tu,
2825 5766 2881 5818 5.
2957 5766 3003 5797 "
3036 5766 3180 5822 Psal.
3244 5782 3394 5835 ιγιιι,
3440 5773 3523 5823 l3.
