4088 6414
558 330 675 394 55)

1746 350 1757 355 ‘
1848 337 2247 400 MANUELIS
2271 342 2576 403 CALECrE

3702 340 3829 419 ’διο

567 459 801 515 rumque
821 457 1204 517 nuncupatur:
1238 446 1487 516 quodque
1546 446 1769 502 viriliter
1794 463 1857 502 ae
1915 450 2140 510 fortiter,

2249 454 2308 505 τὺ
2332 454 2599 524 ἀνδρείως
2628 434 2851 525 ἁνδρία·
2890 458 2985 511 καὶ
3022 460 3145 514 καθ’
3170 461 3295 517 ὅλου
3353 464 3413 518 τὸ
3469 467 3592 520 κατ’
3624 471 3827 541 ἀρετὴν

570 536 830 595 fortitudo
874 555 976 595 :ac
1005 540 1323 603 universim,
1355 541 1550 605 virtus,
1600 554 1721 610 qua;
1756 540 1981 596 honeste
2004 543 2140 595 tiunt

566 647 744 700 exque
778 630 994 685 virtutis
1030 630 1262 697 ratione.
1291 628 1600 686 Secundum
1634 630 1782 686 hunc
1816 633 1999 699 itaque
2026 647 2138 684 mo.

513 708 522 804 ξ
568 726 720 785 dum.
750 727 915 779 etiam
959 723 1104 792 quod
1156 722 1436 791 sapienter
1485 722 1823 792 intelligitur,
1874 725 2135 791 sapientia

514 811 520 843 ³
568 818 848 884 cujusdam
885 824 1246 891 nitncupatur.
1309 814 1557 885 Hincque
1577 814 1713 869 adeo
1772 814 2064 884 Apostolus
2124 832 2140 868 :

574 910 880 965 «Christum
915 907 1007 962 Dei
1033 908 1399 977 Sapientiam»
1434 903 1760 976 appellat‘”;
1798 905 2131 976 Sapientiam

568 1014 750 1071 itaque
780 1003 831 1055 in
860 999 967 1056 Deo
998 1000 1247 1053 dicamus
1270 1013 1487 1054 necesse
1507 1007 1612 1066 est,
1668 1006 1939 1068 quatenus
1994 1000 2140 1065 seip-

570 1108 688 1145 sum
721 1090 1027 1160 cognoscit,
1059 1088 1151 1144 sed
1185 1104 1282 1156 per
1311 1102 1468 1143 suam
1504 1088 1768 1142 duntaxat
1797 1088 2093 1142 essentiam
2120 1103 2133 1138 :

573 1183 748 1238 «Deus
792 1184 962 1246 enim,
996 1181 1193 1252 inquit,
1226 1181 1340 1249 ipse
1361 1180 1573 1248 seipuni
1603 1194 1667 1234 ex
1702 1181 1859 1233 beata
1889 1193 1987 1232 sua
2048 1193 2136 1232 es-

566 1278 740 1332 sentia
774 1273 1111 1344 cognosuilp
1132 1272 1230 1341 Dei
1256 1270 1589 1341 Sapientiam
1619 1257 1857 1324 habitum
1888 1270 2135 1325 esseim-

569 1368 827 1438 possibile
860 1374 941 1421 est
970 1383 986 1432 ;
1018 1368 1109 1420 sed
1142 1375 1225 1419 est
1247 1364 1371 1434 ejus
1400 1362 1656 1419 essentia.
1678 1362 1866 1438 Neque
1880 1364 2024 1417 enim
2048 1376 2139 1416 res

570 1461 793 1527 patitur,
822 1457 1028 1527 aliquid
1063 1470 1324 1511 nouvere
1369 1456 1659 1520 exsisteus,
1712 1463 1805 1508 aut
1881 1453 2136 1508 accidens

571 1554 624 1607 in
658 1551 768 1606 Deo
792 1551 920 1606 dici.
953 1549 1133 1618 Ipsum
1158 1562 1318 1615 porro
1337 1548 1390 1601 in
1410 1548 1516 1601 Deo
1538 1554 1856 1615 conceptum
1892 1544 2093 1615 Sapien
2114 1574 2140 1585 -

572 1648 660 1701 tia:
688 1643 948 1706 Verbum,
985 1642 1106 1712 ejus
1134 1640 1226 1710 qui
1255 1638 1511 1710 intelligit
1576 1636 1868 1708 Sapientia
1910 1635 2144 1692 manife-

574 1739 740 1794 statio
774 1735 1027 1797 exsistit,
1056 1733 1133 1788 uti
1167 1749 1226 1789 se
1253 1746 1339 1787 res
1370 1731 1531 1786 habet
1553 1730 1606 1785 in
1628 1729 1810 1794 nobis,
1840 1730 1982 1800 apud
2003 1744 2142 1798 quos

569 1830 786 1886 habitus
822 1840 1013 1897 omnes
1067 1822 1481 1880 manifestantur
1527 1838 1626 1894 per
1682 1831 1853 1877 actus.
1880 1821 2143 1893 ,Necesse

564 1924 708 1977 enim
733 1930 816 1976 est
848 1927 909 1974 ut
932 1917 1081 1973 velut
1103 1931 1197 1986 per
1219 1916 1452 1972 obscura
1482 1918 1729 1986 quaedam
1760 1916 2032 1983 exempta,
2073 1931 2141 1971 ex

567 2012 823 2071 humanis
847 2011 1011 2072 rebus
1042 2009 1109 2063 ad
1141 2008 1310 2063 Deum
1357 2007 1749 2063 subvehamur.

632 2104 772 2172 Quia
832 2103 997 2174 igitur
1039 2097 1307 2169 sapientia
1348 2098 1518 2153 etiam
1570 2096 1662 2150 lux
1705 2094 2039 2166 appellatur,
2086 2094 2139 2149 in

565 2204 825 2269 quantum
852 2195 907 2249 in
940 2193 1084 2248 clara
1123 2173 1370 2247 scientiae
1396 2189 1713 2258 operatione
1746 2195 1985 2256 actuque
2014 2203 2143 2243 con-

566 2289 751 2355 sistit;
788 2287 929 2343 lucis
959 2299 1090 2341 vero
1124 2281 1523 2347 niauil'estatio,
1571 2281 1693 2349 ejus
1730 2279 1989 2349 splendor
2033 2287 2139 2342 est,

565 2395 619 2440 et
648 2400 715 2439 cx
736 2383 825 2438 illa
855 2378 1120 2452 procedit,
1154 2377 1320 2434 etiam
1349 2376 1551 2431 divina:
1579 2362 1861 2445 sapientia:
1901 2373 2138 2429 Verbum

568 2476 962 2531 convenienter
1007 2471 1150 2526 lucis
1199 2467 1455 2539 splendor
1509 2467 1825 2522 nominatur
1880 2465 2144 2536 quemad-

567 2568 793 2625 modum
830 2564 1143 2634 Apostolus
1188 2561 1256 2617 de
1305 2560 1444 2633 Filio
1494 2559 1627 2614 dicit
1663 2576 1675 2611 :
1715 2576 1734 2611 ι
1777 2557 1879 2623 Qui
1912 2573 2035 2612 cum
2071 2556 2142 2612 sit

563 2658 825 2731 splendor
890 2654 1074 2725 gloriae
1103 2653 1171 2706 ".
1215 2672 1233 2703 ε
1300 2649 1456 2707 Unde
1506 2650 1672 2705 etiam
1724 2647 1918 2713 Filius,
1967 2645 2142 2701 Patris

561 2748 1057 2807 manifestationem
1111 2743 1217 2799 sibi
1268 2744 1385 2813 ipse
1431 2741 1622 2797 tribuit
1659 2740 1845 2795 dicens
1899 2757 1913 2793 :
1977 2756 1994 2791 ι
2035 2736 2140 2792 Pa-

562 2855 667 2911 ter,
704 2838 1047 2896 nianil'estavi
1081 2853 1279 2894 nomen
1308 2846 1461 2892 tuum
1492 2833 1809 2891 hominibus
1848 2831 1913 2886 “.
1952 2851 1971 2885 ι
2008 2833 2142 2898 Quae

562 2934 731 2991 etiam
770 2935 823 2987 in
855 2939 1168 2987 creaturam
1209 2931 1349 2986 dona
1394 2939 1525 2985 sunt
1554 2943 1617 2983 ac
1655 2926 1866 2986 cﬂ‘ecta.
1901 2924 2142 2979 inveniet

560 3030 687 3099 quis
727 3026 867 3082 Filio
917 3042 981 3079 ac
1031 3023 1258 3095 Spiritui
1303 3029 1494 3077 sancto
1546 3038 1573 3074 a
1620 3020 1803 3075 divina
1856 3018 2139 3087 Scriptura

2250 546 2440 616 ἀρετή.
2480 549 2637 603 Κατὰ
2663 552 2853 605 τοῦτον
2886 551 3064 607 τοίνυν
3089 554 3181 608 τὸν
3207 557 3405 626 τρόπον
3429 561 3522 612 καὶ
3553 560 3611 613 τὸ
3644 564 3827 629 σοφῶς

2251 636 2541 707 νοούμενον
2573 646 2735 709 σοφία
2761 643 2908 707 τινὸς
2941 645 3179 712 λέγεται.
3213 647 3379 701 Ὅθεν
3407 650 3437 703 6
3505 652 3829 718 ’Λπόστολος

2254 745 2274 780 ε
2314 730 2405 782 τὸν
2440 731 2676 799 Χριστὸν
2704 732 2840 787 Θεοῦ
2860 735 3072 805 κΣοφίαν
3128 740 3407 809 ὀιομάζει.
3449 761 3467 793 ε
3508 734 3711 812 Σοφίαν
3727 748 3829 811 μὲν

2249 817 2343 873 οὖν
2370 823 2464 873 ἐπὶ
2486 822 2622 876 Θεοῦ
2648 824 2910 892 λέγεσθαι
2942 830 3177 899 ἀνάγκη,
3235 831 3370 885 καθὸ
3420 834 3616 888 ἑαυτὸν
3662 838 3830 903 γινὼο

2249 928 2371 965 σκει
2396 929 2409 943 ο
2446 911 2563 965 ἁλλ’
2600 915 2726 968 ἐπεὶ
2762 917 2956 970 ἑαυτὸν
2982 918 3044 970 οὐ
3071 918 3140 972 δι’
3179 921 3371 991 ἑτέρου
3427 923 3605 985 εἴδους
3665 926 3830 993 γι·.-ὡ-

2248 1018 2389 1063 σκει.
2442 1003 2577 1057 ά).λὰ
2598 1005 2688 1059 διὰ
2736 1005 2905 1077 μόνης
2952 1009 3056 1077 τῆς
3101 1010 3298 1064 ἑαυτοῦ
3322 1013 3532 1076 οὐσίας.
3566 1016 3668 1071 «Ὀ
3715 1021 3827 1088 γὰρ

2247 1091 2401 1156 Θεὸς,
2436 1111 2455 1143 ι
2492 1095 2677 1162 φησιν,
2726 1113 2746 1147 ι
2780 1096 2945 1161 αὐτὸς
2968 1097 3165 1152 ἑαυτὸν
3197 1100 3459 1168 γινώσκει
3499 1107 3560 1156 ὲκ
3588 1104 3690 1176 τῆς
3723 1125 3828 1176 μα-

2248 1186 2450 1255 καρίας
2478 1188 2667 1251 οὐσίας
2698 1188 2865 1243 αὐτοῦ
2894 1205 2911 1221 ο
2945 1208 2965 1243 ι
2995 1192 3096 1261 τὴν
3126 1192 3220 1246 τοῦ
3251 1193 3388 1248 Θεοῦ
3452 1195 3656 1262 Σοφίαν
3706 1198 3827 1264 ἕξιν

2252 1273 2394 1330 εἶναι
2428 1279 2724 1334 ἀδύνατον·
2755 1280 2873 1335 ἀλλ’
2905 1282 3056 1336 ἐστιν
3083 1284 3116 1353 ἠ
3144 1284 3305 1338 οὐσία
3330 1285 3693 1342 αὑτοῦ.·ούδὲ
3715 1292 3826 1358 γὰρ

2199 1383 2206 1389 ·
2247 1369 2621 1423 ἀνυπόστατόν
2660 1387 2715 1425 τι
2749 1372 2782 1440 ἢ
2834 1372 3186 1445 συμϐεσηκὸς
3249 1376 3523 1449 ἐνδέχεται
3553 1381 3734 1449 λέγειν
3768 1385 3829 1437 ἐν

2247 1459 2418 1530 αὐτῷ.
2451 1461 2622 1525 Αὐτὸς
2652 1462 2728 1528 ει,
2753 1464 2783 1516 δ
2810 1466 2908 1535 τῆς
2940 1465 3140 1535 Σοφίας
3167 1454 3340 1536 Λόγος
3364 1471 3422 1523 ὲν
3450 1470 3529 1543 τῷ
3550 1472 3672 1544 Θεῷ
3685 1476 3823 1543 αλλ-

2246 1550 2477 1620 ληφθεὶς
2504 1554 2816 1624 φανέρωσις
2868 1557 2954 1620 τίς
2988 1559 3104 1614 ἐστι
3157 1565 3257 1635 τῆς
3296 1566 3391 1621 τοῦ
3428 1570 3673 1633 νοοῦντος
3721 1572 3825 1623 Σοο

2247 1642 2376 1710 φίας
2403 1659 2418 1675 ο
2447 1643 2640 1714 ὥσπερ
2668 1646 2763 1698 καὶ
2796 1648 2852 1701 αἱ
2876 1649 2933 1702 ἐν
2966 1650 3099 1720 ἡμῖν
3149 1658 3323 1721 πᾶσαι
3377 1656 3523 1725 ἔξεις
3577 1661 3667 1714 διὰ
3712 1662 3825 1714 τῶν

2246 1734 2957 1806 ἐνεργειῶν’φανεροῦνται.
2979 1742 3073 1793 Δεῖ
3096 1743 3207 1814 γὰρ
3247 1744 3356 1799 ἀπὸ
3380 1747 3488 1800 τῶν
3518 1748 3640 1801 καθ’
3673 1750 3825 1818 qua;

2250 1827 2627 1896 πραγμάτων,
2657 1827 2733 1892 ὠς
2760 1828 2828 1882 δι’
2857 1829 3274 1903 ὑποδειγμάτων
3296 1838 3573 1910 ἀμυδρῶν,
3608 1840 3703 1893 ἐπὶ
3727 1840 3823 1894 τὸν

2243 1917 2375 1971 Θεὸν
2401 1919 2722 1987 ἀνάγεσθαι.

2325 2095 2481 2148 Ἐπεὶ
2515 2090 2609 2149 οὖν
2639 2096 2736 2150 καὶ
2789 2097 2906 2166 φῶς
2935 2098 3152 2169 λέγεται
3191 2103 3219 2173 ἡ
3269 2102 3464 2174 Σοφία,
3501 2106 3737 2162 καθόσον
3763 2112 3825 2164 ἐν

2242 2185 2463 2257 καθαρᾷ
2486 2186 2740 2255 γνώσεως
2768 2191 3022 2263 ἐνεργείᾳ
3053 2194 3370 2249 συνίσταται
3395 2212 3409 2228 '
3445 2200 3479 2269 ἡ
3508 2199 3565 2253 δὲ
3588 2201 3683 2255 τοῦ
3706 2221 3829 2273 φω-

2241 2279 2331 2341 τὸς
2364 2279 2673 2349 φανέρωσις
2703 2282 3049 2351 ἀπαύγασμὰ
3071 2286 3220 2339 εστιν
3251 2288 3418 2342 αὑτοῦ
3447 2291 3545 2345 καὶ
3571 2292 3629 2359 ὲξ
3647 2295 3820 2348 αὐτοῦ

2244 2371 2484 2439 πρόεισι,
2507 2373 2602 2426 καὶ
2620 2375 2650 2427 ό
2669 2372 2769 2441 τῆς
2796 2373 2949 2439 θείας
2974 2376 3180 2446 Σοφίας
3207 2379 3381 2449 Λόγος
3402 2383 3622 2447 οίκείως
3642 2384 3824 2440 ἁπασ-

2241 2477 2436 2532 γασμα
2470 2463 2648 2529 φωτὸς
2679 2462 3028 2535 ὀνομάζεται,
3056 2468 3240 2534 καθὼς
3263 2474 3294 2524 6
3334 2473 3657 2540 Ἀπόστολος
3692 2482 3822 2549 περὶ

2240 2552 2336 2606 τοῦ
2361 2554 2493 2608 Ποῦ
2547 2572 2736 2625 φησιν,
2779 2575 2799 2609 ι
2836 2559 2933 2622 ⁸ος
2986 2558 3063 2612 ὢν
3083 2562 3426 2632 ἀπαύγασμα
3451 2566 3550 2637 τῆς
3581 2566 3759 2638 δόξης.
3796 2588 3816 2621 ι

2243 2646 2408 2701 Ὅθεν
2442 2646 2537 2699 καὶ
2559 2645 2589 2697 6
2630 2647 2758 2711 Υίὸς
2788 2647 2882 2702 τοῦ
2919 2650 3132 2723 Πατρός
3161 2653 3264 2722 τὴν
3289 2656 3603 2727 φανέρωσιν
3637 2661 3821 2733 ἑαυτῷ

2241 2737 2560 2809 ἐπιγράφει,
2596 2737 2789 2807 λέγων,
2821 2759 2849 2791 ι
2873 2741 3075 2813 Πάτερ,
3099 2745 3419 2815 ἐφανέρωσά
3455 2766 3549 2802 σου
3570 2749 3630 2803 τὸ
3649 2752 3822 2822 ὄνομα

2240 2829 2354 2892 τοῖς
2406 2827 2740 2922 ἀνθρώποις.
2770 2848 2789 2883 ι
2830 2831 2942 2885 Καὶ
2971 2835 3038 2885 τὰ
3063 2834 3200 2905 πρὸς
3227 2837 3328 2910 τὴν
3367 2840 3545 2922 κτίσιν
3572 2841 3629 2895 δὲ
3667 2845 3822 2912 quod-

2245 2938 2384 2991 μενα
2414 2921 2728 2994 χαρίσματι
2755 2922 2851 2976 καὶ
2880 2924 3305 2997 ἀποτελέσματα
3327 2921 3552 3003 εὑρήσει
3573 2951 3656 2999 τις
3688 2938 3823 2990 ἀνα-

2243 3014 2501 3083 τιθέμενα
2560 3014 2711 3084 παρὰ
2743 3016 2842 3081 τῆς
2872 3014 3095 3085 Γραφῆς
3142 3018 3221 3090 τῷ
3280 3020 3394 3091 Υίῷ
3444 3027 3539 3079 καὶ
3566 3027 3645 3097 τῷ
3678 3028 3819 3101 ἁγίῳ

560 3120 840 3186 adscribi;
887 3116 1047 3173 alteri
1090 3113 1333 3185 quidem,
1373 3128 1436 3168 ea
1487 3114 1699 3169 ratione
1743 3127 1849 3184 qua
1897 3109 2134 3166 Verbum

2244 3106 2521 3175 Πνεύματι
2541 3121 2553 3135 ⁸
2591 3107 2670 3174 τῷ
2700 3107 2799 3176 μὲν
2830 3108 2906 3171 ὡς
2927 3109 3112 3180 Λόγῳ,
3137 3111 3214 3182 τῷ
3245 3111 3301 3166 δὲ
3325 3113 3400 3177 ὡς
3437 3117 3673 3192 ’Λγάπῃ.

557 3225 682 3282 est;
710 3213 887 3281 alteri,
910 3225 1016 3282 qua
1050 3207 1276 3266 Dilectio
1315 3216 1369 3264 et
1397 3206 1649 3263 Charitas
1674 3205 1911 3263 exsistit.

634 3308 751 3360 Hoc
800 3304 1081 3360 enimvero
1120 3298 1471 3355 manifestum
1517 3309 1623 3362 est,
1676 3314 1772 3369 per
1809 3315 1873 3356 ea
1910 3317 2133 3358 munera

560 3413 684 3468 qua:
717 3394 1035 3453 hominibus
1057 3409 1087 3448 a
1120 3393 1229 3448 Deo
1258 3390 1715 3457 tribuuntur,ltoc
1747 3407 1846 3447 nos
1866 3395 2133 3459 nancisci,

562 3500 627 3551 ut
664 3487 1079 3547 similitudinem
1106 3500 1246 3546 .cum
1287 3498 1353 3539 eo
1390 3482 1659 3538 ineamus.
1694 3482 1806 3537 Illis
1834 3486 1982 3540 enim
2016 3501 2137 3554 per-

559 3584 710 3649 fecti,
735 3582 804 3638 ad
844 3582 1039 3645 Deum,
1075 3577 1171 3646 qui
1199 3575 1630 3647 perfectissimus
1655 3585 1760 3643 est,
1800 3577 2131 3634 accedimus.

557 3674 691 3740 Qua:
725 3674 888 3743 igitur
918 3670 1203 3741 sapientire
1230 3668 1504 3724 exsistunt
1533 3678 1586 3722 et
1613 3683 1736 3737 quae
1774 3669 2038 3734 veritatis,
2072 3685 2137 3722 ac

557 3765 907 3837 potissimum
943 3753 1450 3833 qumcumque'ﬂdei
1488 3757 1696 3814 haerent
1727 3758 2054 3823 documenta
2083 3769 2139 3815 et

558 3855 1073 3927 contemplationes,
1098 3852 1519 3908 convenientius
1549 3852 1672 3923 quis
1691 3852 1744 3906 in
1780 3849 1873 3907 Dei
1903 3851 2135 3909 Verbum

557 3952 789 4022 ejusque
825 3947 1160 4016 Sapientiam
1197 3944 1414 4001 referat.
1441 3932 1647 4001 Omnes
1669 3943 1817 4000 enim
1849 3945 2136 4002 hominum

560 4048 843 4099 sermones
877 4040 1251 4106 rationesque,
1275 4038 1561 4107 Sapientiae
1598 4039 1729 4091 item
1762 4052 1826 4092 ac
1856 4038 2136 4105 veritates,

562 4134 721 4205 primi
768 4132 918 4186 illius
966 4128 1239 4185 sermonis
1270 4144 1334 4183 ac
1363 4128 1594 4183 rationis
1645 4128 1918 4197 Verbique
1945 4139 1999 4183 et
2036 4130 2141 4185 Sa-

559 4222 781 4294 pientizc
820 4219 1083 4290 imagines
1119 4227 1269 4281 sunt,
1304 4218 1523 4287 ﬁxaque
1574 4217 1639 4279 in.
1664 4218 1772 4273 Deo
1803 4218 2006 4273 habent
2039 4234 2137 4274 sua

558 4313 910 4384 exemplaria.
962 4312 1112 4366 Unde
1163 4310 1327 4377 etiam
1380 4308 1660 4379 Scriptura
1700 4325 1882 4364 rerum
1931 4309 2135 4367 forma-

559 4412 766 4463 tionem
801 4420 867 4461 ac
895 4403 1304 4460 distinctionem
1331 4401 1428 4456 Dei
1462 4400 1638 4457 Verbo
1674 4402 1885 4466 tribuit,
1909 4404 2139 4460 dicendo

2315 3284 2488 3340 Τοῦτο
2520 3285 2617 3355 μὲν
2650 3285 2760 3358 γὰρ
2793 3288 2975 3358 δῆλον,
2999 3290 3084 3344 δτι
3116 3291 3203 3345 διὰ
3220 3293 3335 3360 τῶν
3362 3297 3513 3365 παρὰ
3532 3295 3670 3351 Θεοῦ
3702 3299 3819 3364 τοῖς

2243 3378 2555 3449 ἀνθρώποις
2579 3379 2877 3451 διδομένων
2899 3383 3138 3454 χαρίτων
3161 3385 3192 3456 ὴ
3223 3387 3363 3457 πρὸς
3383 3391 3589 3444 ἐκεῖνον
3618 3392 3821 3462 δμοίω-

2247 3494 2331 3540 σις
2360 3480 2496 3547 ἡμῖν
2531 3479 2897 3548 περιγίνεται.
2920 3480 3161 3546 Ταύταις
3185 3487 3293 3555 γάρ
3322 3485 3708 3558 τελειούμενοι,
3743 3489 3822 3561 τῷ

2242 3571 2571 3642 τελειοτάτῳ
2611 3571 2731 3640 Θεῷ
2758 3574 3215 3645 προσχωροῦμεν.
3242 3577 3323 3630 Τὰ
3359 3579 3456 3648 μὲν
3478 3576 3571 3635 οὖν
3597 3564 3696 3652 τῆς
3733 3600 3823 3636 σο-

2246 3660 2375 3726 φίας
2400 3656 2497 3714 Ξιαὶ
2527 3661 2807 3732 ἀληθείας,
2834 3663 2929 3717 καὶ
2955 3664 3195 3734 μάλιστα
3221 3667 3323 3722 ὅσα
3342 3667 3670 3739 θεογνωσίας
3703 3672 3824 3745 ἔχε-

2242 3768 2336 3806 ται
2356 3753 2714 3824 θεωρήματα,
2740 3758 3073 3827 οἰκειότερον
3102 3757 3168 3812 ἁν
3198 3776 3279 3821 τις
3314 3762 3407 3813 ὲπὶ
3439 3762 3530 3816 τὸν
3562 3764 3657 3817 τοῦ
3684 3754 3822 3821 Θεοῦ

2245 3846 2419 3914 Λόγον
2454 3850 2551 3901 καὶ
2579 3850 2681 3919 τὴν
2710 3849 2877 3904 αὑτοῦ
2900 3850 3105 3920 Σοφίαν
3140 3853 3354 3921 ἁνάγοι.
3387 3854 3495 3909 Τοῦ
3528 3857 3636 3927 γὰρ
3665 3860 3823 3927 πρώ-

2245 3954 2338 3993 του
2372 3940 2550 4010 Λόγου
2572 3942 2668 3994 καὶ
2687 3942 2787 4012 τῆς
2811 3944 2927 3997 εκεῖ
2956 3944 3156 4013 Σοφίας
3185 3948 3388 4011 πάντες
3412 3949 3461 4001 οί
3481 3944 3590 4002 τῶν
3610 3953 3826 4022 ἀνθρώ-

2247 4049 2366 4086 πων
2391 4033 2559 4101 λόγοι,
2587 4035 2771 4112 σοφίαι
2804 4051 2863 4090 τε
2893 4039 2989 4089 καὶ
3026 4037 3301 4108 ἁλήθειαι,
3338 4041 3548 4106 είκόνες
3574 4044 3702 4106 εἰσὶ,
3731 4047 3828 4099 καὶ

2247 4125 2366 4177 ὶκεί
2398 4124 2605 4177 τούτων
2633 4125 2844 4195 ἵδρυται
2866 4127 2927 4179 τὸ
2948 4128 3319 4198 παράδειγμα.
3350 4131 3442 4184 Διδ
3457 4133 3554 4184 καὶ
3576 4133 3608 4203 ἡ
3634 4133 3827 4206 Γραφὴ

2247 4215 2347 4287 τὴν
2379 4216 2712 4286 είδοποίησιν
2762 4217 2870 4270 τῶν
2898 4217 3069 4272 ὄντων
3095 4219 3173 4291 τῷ
3205 4219 3303 4273 τοῦ
3335 4222 3469 4275 Θεοῦ
3499 4223 3656 4293 Λόγῳ
3691 4227 3827 4277 ἀνα-

2246 4307 2452 4378 τίθησι,
2490 4311 2667 4361 πάντα
2700 4308 2768 4361 δι’
2798 4310 2968 4363 αὐτοῦ
2998 4311 3233 4380 λέγουσα
3272 4315 3452 4383 σοφῶς
3480 4315 3821 4387 δημιουργηο

2251 4400 2431 4467 θῆναι.
2469 4398 2642 4452 Τοῦτο
2671 4399 2727 4452 δέ
2749 4400 2918 4464 ἐστιν,
2949 4402 3047 4472 οὐχ
3067 4403 3148 4456 ὅτι
3174 4403 3248 4475 μὴ
3288 4422 3307 4456 ι
3332 4406 3444 4458 Πᾶν
3477 4405 3708 4477 δώρημα
3739 4409 3828 4461 τέ-

558 4506 755 4554 concta
790 4510 883 4563 per
915 4494 1089 4564 ipsum
1122 4489 1396 4561 sapienter
1423 4489 1641 4545 condita
1677 4504 1804 4545 esse
1830 4493 1896 4547 ⁸⁸.
1920 4492 1983 4563 Id
2013 4510 2140 4549 vero

2245 4490 2390 4543 λειον
2438 4490 2643 4544 ἁνωθέν
2696 4493 2835 4555 ἐστι,
2870 4494 3202 4547 καταϐαῖνον
3250 4498 3313 4549 ὲκ
3344 4496 3439 4549 τοῦ
3472 4498 3680 4567 Πατρὺς
3715 4498 3827 4551 τῶν

559 4599 665 4652 est,
700 4604 807 4642 non
840 4585 971 4656 quin
1004 4602 1022 4637 ι
1050 4584 1224 4640 Omne
1246 4584 1450 4640 donum
1478 4582 1778 4654 perfectum
1811 4584 1875 4640 de
1891 4588 2145 4657 supernis

562 4682 653 4746 sil,
673 4679 1014 4734 descendens
1054 4691 1085 4731 a
1107 4673 1270 4730 Patre
1305 4674 1577 4733 luminum
1598 4674 1644 4706 “
1670 4692 1687 4727 i
1730 4676 1960 4746 (omnia,
1997 4679 2142 4733 enim
2180 4678 2191 4683 “

563 4774 706 4827 illius
744 4786 838 4842 per
872 4769 1109 4825 Verbum
1137 4776 1192 4820 et
1230 4766 1284 4820 in
1325 4766 1529 4837 Spiritu
1562 4768 1735 4837 sunt),
1768 4769 1862 4825 sed
1888 4773 2030 4839 quod
2059 4771 2146 4824 di-

500 4854 505 4857 ’
562 4878 714 4918 versa
757 4864 1023 4918 donorum
1051 4874 1276 4929 genera,
1303 4858 1565 4930 majorem
1606 4862 1882 4930 quandam
1911 4863 2146 4921 atlinita-

561 4967 669 5012 tem
715 4972 838 5010 cum
890 4952 1121 5009 diversis
1177 4966 1537 5021 personarum
1579 4953 2005 5022 proprietatibus
2058 4954 2145 5007 vi-

561 5051 763 5103 dentur
783 5048 1006 5102 habere.
1045 5043 1257 5099 Etenim
1290 5043 1575 5115 sapientia:
1605 5059 1811 5111 sermo,
1838 5058 1950 5115 quo
1973 5046 2141 5101 Deum

564 5140 973 5211 cognoscimus,
1009 5152 1040 5190 a
1092 5136 1208 5190 Deo
1253 5135 1412 5191 nobis
1455 5135 1820 5203 contraditur,
1849 5152 1974 5192 cum
2010 5152 2142 5207 pro-

560 5233 740 5302 prium
796 5230 869 5284 sit
926 5237 1335 5298 reprmsentans
1400 5224 1625 5281 Filium.
1685 5225 1954 5282 Similiter
2010 5244 2143 5283 vero

559 5323 726 5377 etiam
763 5320 1027 5381 cliaritas,
1073 5333 1183 5387 qua
1242 5318 1412 5387 Deum
1444 5318 1743 5388 diligimus,
1788 5321 2140 5390 peculiariter

558 5412 889 5483 proprieque
934 5419 1289 5479 repraesentat
1314 5407 1581 5478 Spiritum
1618 5421 1888 5466 sanctum.
1937 5413 2140 5483 Sicque

560 5505 698 5559 adeo
728 5516 850 5572 quite
881 5501 936 5555 in
965 5500 1126 5556 nobis
1154 5511 1238 5557 est
1269 5500 1531 5567 rharitas,
1567 5515 1884 5573 quanquam
1914 5506 2138 5561 enectus

561 5600 647 5645 est
682 5590 861 5644 Patris
892 5599 947 5644 et
1000 5587 1119 5644 Filii
1173 5599 1227 5646 et
1268 5582 1506 5661 Spiritus
1551 5594 1748 5660 sancti,
1800 5597 2015 5666 propria
2055 5606 2136 5651 ta-

1752 5669 1783 5691 Ι

2250 4582 2447 4650 φώτων
2478 4600 2498 4633 ε
2543 4582 2759 4649 (πάντα
2812 4584 2921 4655 γὰρ
2955 4585 3168 4638 ἐκείνου
3195 4585 3282 4640 διὰ
3316 4589 3488 4656 Λόγου
3522 4588 3617 4641 καὶ
3647 4590 3704 4640 ἐν
3750 4588 3830 4658 τῷ

2250 4672 2592 4743 Πνεύματι),
2630 4672 2768 4743 ,ἁλλ’
2819 4674 2903 4728 ὅτι
2932 4675 3000 4728 τὰ
3032 4674 3143 4729 τῶν
3194 4675 3410 4742 δωρεῶν
3430 4676 3664 4747 διάφορα
3708 4679 3827 4745 εἴδη

2247 4769 2362 4831 τοῖς
2398 4767 2682 4837 διαφόροις
2704 4766 2812 4822 τῶν
2851 4768 3162 4837 προσώπων
3188 4768 3472 4837 ίδιώμασιν
3494 4770 3829 4836 οίκειότερέν

2206 4873 2220 4900 ι
2248 4876 2366 4923 πως
2398 4858 2543 4929 ἔχειν
2563 4859 2738 4912 δοκεῖέδ
2776 4857 2836 4911 '0
2865 4860 2964 4929 μὲν
2986 4860 3096 4930 γὰρ
3122 4858 3223 4928 τῆς
3254 4862 3449 4927 σοφίας
3468 4860 3643 4928 λόγος,
3675 4859 3743 4912 δι’
3765 4853 3828 4913 οὗ

2245 4952 2338 5005 τὸν
2372 4952 2505 5005 Θεὸν
2529 4951 2895 5022 γινώσκομεν,
2929 4954 3082 5023 παρὰ
3111 4952 3249 5006 Θεοῦ
3277 4954 3410 5023 ημῖν
3432 4953 3654 5015 δίδοται,
3697 4953 3830 5007 ίόιιν

2247 5026 2658 5115 παραστατικὸν
2690 5043 2750 5097 ὃν
2785 5042 2880 5097 τοῦ
2934 5043 3066 5097 Υἱοῦ
3084 5060 3098 5073 ⁸
3121 5044 3324 5115 ὁμοίως
3348 5044 3404 5099 δι
3433 5048 3529 5098 καὶ⁸
3559 5047 3592 5115 ἡ
3612 5044 3829 5113 ἀγάπη,

2246 5132 2279 5210 ᾖ
2312 5136 2400 5190 τὸν
2435 5135 2567 5188 Θεὸν
2612 5135 2939 5205 ἀγαπῶμεν,
2969 5134 3116 5199 ιδίως
3139 5138 3258 5188 εστὶ
3280 5139 3697 5206 παραστατικὸν
3728 5139 3829 5190 τοῦ

2245 5228 2403 5294 ἁγίου
2464 5228 2802 5296 Πνεύματος.
2855 5225 3044 5289 Οὕτως
3072 5229 3104 5297 ή
3138 5228 3199 5281 ὲν
3228 5230 3362 5298 ἡμῖν
3385 5227 3599 5298 ἀγάπη,
3633 5232 3681 5281 εί
3731 5231 3830 5282 καὶ

2246 5320 2597 5388 ἁποτέλεσμά
2642 5322 2759 5371 ἐστι
2806 5318 2903 5371 τοῦ
2939 5320 3151 5391 Πατρός
3197 5324 3290 5374 καὶ
3319 5321 3414 5374 τοῦ
3440 5321 3573 5374 Υίοῦ
3606 5323 3699 5374 καὶ
3731 5321 3831 5373 τοῦ

2249 5413 2409 5481 ἁγίου
2472 5412 2813 5479 Πνεύματος,
2867 5412 3020 5481 ὅμως
3073 5407 3228 5482 ίδικῷ
3259 5428 3369 5465 τινι
3419 5412 3561 5483 λόγῳ
3607 5411 3693 5465 διὰ
3731 5412 3830 5464 τοῦ

2253 5505 2566 5574 ιινεύματος
2588 5504 2743 5571 ἁγίου
2772 5501 2993 5569 λέγεται
3009 5503 3068 5556 ὲν
3100 5503 3233 5572 ἡμῖν
3256 5499 3421 5558 εἶναι.
3455 5502 3561 5557 Καὶ
3591 5501 3832 5555 καθόλου

2253 5599 2288 5667 ἡ
2326 5598 2432 5648 ἀπὸ
2469 5596 2577 5649 τῶν
2631 5593 2991 5665 χαρισμάτων
3031 5594 3345 5666 τελειότης,
3393 5595 3476 5649 ὅτι
3508 5594 3594 5650 διὰ
3623 5593 3831 5664 ταύτης

635 5770 704 5800 ⁸⁸·
744 5769 761 5824 1
793 5768 919 5823 Cor.
954 5781 995 5836 t,
1033 5764 1126 5825 26.
1206 5771 1253 5804 ⁸⁸
1284 5769 1450 5828 Hebr.
1515 5789 1554 5841 ι,
1597 5774 1651 5828 3.
1731 5775 1953 5833 “loco.
1988 5793 2117 5843 xvu,

2279 5744 2502 5845 κεἰυιιη,
2539 5792 2575 5842 ι,
2601 5777 2655 5830 5.
2732 5771 3098 5840 “130.1,”.

3506 5885 3535 5893 ns.
