4088 6420
1245 459 1344 523 DE
1386 432 1813 530 PRINCIPIIS
1848 469 2057 533 FIDE]
2100 474 2577 539 CATIIOLICAE.

254 554 320 623 τῇ
360 549 482 624 θείᾳ
544 554 840 631 τελειότητι
891 562 1032 618 κατά
1086 565 1147 620 τὸ
1193 568 1421 627 δυνατὸν
1472 576 1833 649 ὀμοιούμεθα,

1942 600 2063 639 men
2104 602 2167 645 ac
2194 584 2458 659 peculiari
2500 592 2710 648 ratione
2743 591 2794 647 in
2834 592 2993 650 nobis
3032 592 3156 649 esse
3195 592 3396 663 dicitur
3428 586 3525 663 per

254 649 595 757 ‘l'tafl.2£?5
636 655 792 725 ἡμῖν
842 655 1085 713 δίδοσθαι
1127 660 1347 732 λέγεται
1374 683 1387 698 ·
1419 666 1610 739 ὥσπερ
1646 672 1841 739 σοφίαν

1942 678 2205 747 Spiritum
2241 695 2520 739 sanctum.
2572 683 3016 754 Universimque,
3048 700 3215 757 quam
3250 701 3314 740 ex
3362 685 3523 740 donis

254 743 386 847 indi)
465 743 599 847 Θεὸς
638 746 949 847 χαρίςεται,
1004 753 1239 809 καθόσον
1287 759 1356 830 τῇ
1421 760 1541 833 θείᾳ
1575 764 1736 837 σοφίᾳ
1766 766 1841 830 ὡς

1942 769 2327 837 perfectionem
2359 775 2744 845 adipiscimur,
2777 777 2921 846 quod
2948 791 3044 846 per
3069 792 3215 839 eam,
3234 756 3430 847 quoad
3459 778 3525 830 li-

253 832 477 889 δυνατὸν
499 836 859 908 ὁμοιούμεθα.
890 842 1002 895 Καὶ
1049 846 1278 917 Πνεῦμα
1307 849 1464 919 ἆγιον
1489 832 1727 910 δίδοσθαι
1756 858 1844 911 λέ-

1937 871 2041 927 cet,
2074 862 2273 918 divina:
2298 865 2623 934 perfectioni
2659 868 2867 924 similes
2894 869 3198 933 reddimur,
3225 884 3256 924 a
3292 868 3399 923 Deo
3428 884 3497 921 no
3548 851 3557 882 ³

252 940 437 1033 γεταιἶ
469 925 724 1033 καθόσον.
759 931 875 1033 τρν-
899 933 1034 988 Θεὸν
1089 938 1437 1011 ἀγαπῶντες,
1494 947 1560 1015 τῇ
1625 948 1841 1024 Ἀγάπῃ

1942 952 2021 1007 bis
2061 954 2223 1008 tribui
2258 956 2478 1015 dicitur.
2513 958 2985 1026 Quemadmodum
3041 961 3377 1031 sapientiam
3424 976 3522 1014 no-

253 1017 588 1122 dpmoﬁ‘tteﬁu
620 1019 734 1122 (Ιτῷ
778 1021 923 1095 ἁγίῳ
957 1027 1237 1101 Πνεῦματι
1267 1033 1550 1108 δηλονότι)
1571 1056 1586 1071 ο
1617 1038 1646 1092 δ
1694 1017 1841 1096 κατά

1944 1043 2027 1100 his
2084 1045 2230 1104 Deus
2287 1049 2502 1117 tribuit,
2548 1052 2601 1105 in
2659 1062 2925 1121 quantum
2970 1017 3167 1107 divinat
3210 1051 3521 1122 Sapientia»,

255 1106 345 1202 τὸν
393 1112 496 1180 τῆς
548 1112 773 1187 ἀγάπης
833 1119 1050 1181 πρόεισι
1086 1123 1307 1193 τρόπον,
1342 1121 1432 1202 ᾗό
1477 1106 1612 1195 Θεὸς
1640 1133 1836 1188 ἑαυτὸν

255 1199 467 1274 ἀγαπᾷ,
491 1202 569 1271 ὡς
597 1208 968 1278 Αὖγουστῖνος
986 1216 1177 1287 φησίν.

253 1297 430 1393 qendo
464 1298 654 1369 Deum,
682 1304 959 1363 dilectioni
992 1325 1088 1365 seu
1113 1308 1365 1367 charitati
1396 1313 1679 1385 (nimirum
1710 1315 1938 1388 Spiritui
1964 1321 2174 1393 sancto)
2203 1324 2414 1382 similes

1942 1137 2120 1202 quoad
2154 1137 2274 1208 ejus
2304 1139 2422 1195 fieri
2454 1150 2651 1210 potest,
2691 1141 2901 1198 similes
2945 1142 3251 1201 reddimur.
3277 1143 3528 1211 Itemque

1944 1223 2203 1297 Spiritum
2253 1242 2502 1287 sanctum
2553 1234 2685 1289 dare
2739 1234 2964 1297 dicitur,
3007 1236 3061 1289 in
3105 1241 3370 1303 quantum
3407 1233 3530 1287 dili-

2571 1329 2793 1383 cimur:
2855 1330 2949 1399 qui
3006 1327 3261 1393 videlicet
3328 1341 3527 1382 secun-

254 1387 389 1490 dum
424 1392 735 1490 dilectionis
764 1401 987 1456 modum
1032 1405 1282 1473 procedit
1317 1421 1424 1476 qua
1477 1406 1621 1465 Deus
1659 1387 1836 1481 diligit
1872 1387 2223 1484 seipsumput
2246 1387 2586 1490 Augustiﬂus
2617 1387 2881 1487 loquitur:

325 1481 505 1555 Ὅπερ
536 1481 629 1540 οὖν
659 1488 898 1560 εἴρηται,
931 1494 998 1547 τὰ
1033 1495 1132 1564 μὲν
1161 1497 1257 1550 τοῦ
1289 1498 1450 1568 λόγου
1492 1501 1711 1570 καὶτῆς
1742 1520 1834 1556 σο-

257 1572 381 1641 φίας
404 1576 719 1647 χαρίσματα
746 1582 840 1635 ἐπὶ
869 1583 954 1636 τὸν
980 1586 1198 1656 πρῶτον
1223 1587 1399 1657 Λόγον
1433 1591 1529 1646 καὶ
1549 1592 1649 1664 τὴν
1678 1592 1830 1647 θείαν

257 1665 454 1733 Σοφίαν
475 1670 789 1728 ἀνενεκτέον
809 1690 822 1703 ⁶
854 1675 924 1728 τὰ
943 1676 1000 1729 δὲ
1030 1678 1135 1748 τῆς
1169 1681 1392 1753 ἀγάπης
1415 1683 1552 1754 ἔργα
1577 1685 1654 1756 τῷ
1688 1687 1831 1757 ἁγίῳ

210 1757 537 1827 ⁵Πνεύμαιτι
596 1767 1096 1838 προσαρμοξόμενα
1144 1771 1479 1830 δείκνυνται.
1533 1777 1741 1830 Αὐτίκα
1771 1779 1833 1831 τὸ

254 1846 346 1898 τὸν
375 1846 505 1900 Θεὸν
534 1848 754 1922 ἀγαπᾷν
775 1854 998 1910 πάντων
1019 1857 1131 1913 τῶν
1162 1860 1539 1934 θείωνβώρων
1565 1869 1591 1920 ὁ
1621 1866 1835 1931 Παῦλος

2018 1504 2083 1561 Ut
2128 1507 2310 1578 itaque
2341 1510 2548 1566 dictum
2591 1523 2698 1574 est,
2731 1511 2961 1568 rationis
3005 1510 3268 1581 verbique
3308 1513 3445 1566 dona
3474 1523 3531 1566 et

1940 1598 2239 1668 sapientiae,
2271 1601 2460 1672 primae
2515 1603 2735 1670 rationi,
2772 1603 3064 1674 Verboque
3103 1598 3171 1659 ac
3200 1602 3402 1658 divina:
3429 1602 3529 1656 Sa-

1941 1690 2158 1760 pienlia':
2211 1694 2534 1751 ascribenda
2576 1704 2708 1752 sunt
2764 1713 2778 1749 :
2825 1695 3135 1752 dilectionis
3185 1710 3316 1750 vero
3361 1710 3530 1766 opera

1942 1789 1997 1837 et
2023 1783 2326 1852 cbaritatis,
2371 1785 2600 1859 Spiritui
2635 1796 2827 1843 sancto
2882 1787 3132 1857 adaptari
3186 1798 3524 1843 noscuntur.

1902 1870 2188 1944 “Denique
2247 1872 2448 1932 Paulus
2508 1875 2602 1932 Dei
2655 1877 3001 1932 dilectionem
3061 1875 3221 1933 donis
3267 1877 3530 1931 omnibus

259 1941 568 2041 προτίθησι.
610 1943 753 2041 «⁸Τά
805 1948 906 2018 μὲν
947 1950 1056 2021 γὰρ
1090 1952 1245 2020 ἄλλα,
1286 1975 1305 2008 ι
1364 1946 1592 2026 φάσκει,
1629 1978 1647 2012 ι
1688 1959 1835 2015 ἔστιν

1944 1941 2248 2034 anteponit.
2311 1985 2332 2018 ι
2399 1966 2652 2039 Reliqua,
2711 1967 2881 2032 enim,
2943 1966 3141 2037 inquit,
3195 1969 3530 2039 quanquue

258 2029 345 2083 ὅτε
380 2036 895 2108 καταργηθήσονται
920 2057 936 2073 ο
961 2042 994 2112 ἡ
1024 2044 1209 2115 ἀγάπη
1239 2044 1316 2111 δὲ,
1357 2065 1377 2098 ι
1408 2049 1594 2117 φησὶν,
1630 2068 1647 2102 ι
1688 2051 1841 2107 οὐδέ-

259 2139 389 2176 ποτε
426 2127 683 2182 ἐκπίπτει
719 2145 734 2161 ⁸
765 2149 785 2184 ι
825 2133 920 2186 καὶ
946 2134 1013 2206 ἢν
1032 2136 1159 2199 τοὺς
1186 2139 1260 2208 μὴ
1290 2141 1659 2212 κεκτημένους
1684 2182 1699 2205 .
1737 2143 1841 2199 κᾶν

253 2218 377 2279 ταῖς
398 2217 503 2270 τῶν
535 2220 789 2290 ἀγγέλων
811 2226 908 2279 καὶ
952 2227 1064 2281 τῶν
1095 2229 1404 2299 ἀνθρώπων
1437 2231 1711 2301 γλώσσαις
1743 2236 1840 2289 λα-

256 2307 441 2400 λῶσιν,
491 2314 696 2381 χαλκὸν
744 2318 776 2389 ἦ
845 2316 1130 2390 κύμϐαλον
1185 2322 1457 2389 ἀλαλάζον
1490 2321 1630 2380 εἶναι
1680 2328 1833 2400 φησί.

259 2398 477 2472 Ταύτης
505 2406 688 2458 τοίνυν
720 2406 822 2476 τῆς
853 2408 998 2464 οὕτω
1040 2410 1380 2481 περιφανοῦς
1412 2412 1621 2484 δωρεᾶς
1671 2398 1840 2486 μόνην

258 2493 499 2563 εὐλόγως
541 2496 637 2569 τὴν
701 2499 855 2553 θείαν
902 2501 1153 2572 ’Λγάπην
1184 2503 1482 2570 αἰτιατέον,
1527 2504 1620 2574 ἀφ’
1669 2499 1739 2577 ἧς
1784 2507 1839 2561 αί

259 2585 432 2655 ψυχαὶ
469 2588 606 2656 πρὸς
666 2589 758 2641 τὸν
814 2590 953 2644 θεῖον
1002 2591 1330 2657 ἐξάπτονται
1389 2592 1592 2666 ἔρωτα.
1629 2595 1708 2648 Τὰ
1735 2595 1839 2666 γὰρ

261 2677 401 2746 μετά
442 2678 537 2731 τὸν
563 2680 783 2750 πρῶτον
833 2683 1112 2754 παρὰ’τοῦ
1165 2684 1404 2758 πρώτου,
1437 2685 1577 2739 ὥστε
1602 2687 1696 2741 καὶ
1733 2687 1839 2740 πᾶν

258 2770 382 2824 ὅσον
412 2773 478 2825 ἂν
625 2773 757 2846 παρ’
807 2778 936 2847 ἡμῖν
987 2777 1138 2843 θείας
1197 2776 1439 2849 ἀγάπης,
1479 2782 1577 2850 τῆς
1612 2780 1838 2850 πρώτης

271 2857 517 2934 ’Λγάπης
537 2865 764 2929 εἰκότως
796 2866 957 2936 ἔργον
980 2865 1118 2924 εἶναι
1145 2870 1475 2929 πιστεύοιτο.
1517 2871 1681 2928 Ἀλλά
1710 2872 1841 2927 ταύ-

261 2970 361 3023 την
390 2955 487 3024 τὴν
517 2955 592 3028 τῷ
615 2957 736 3029 Θεῷ
764 2961 889 3024 τοὺς
937 2962 1261 3032 ἀνθρώπους
1296 2956 1626 3020 συνδέουσαν
1672 2968 1836 3039 χάριν

260 3045 289 3097 ὁ
312 3045 518 3111 Παῦλος
541 3046 618 3118 τῷ
642 3050 782 3122 ἁγίῳ
805 3051 1086 3123 Πνεύματι
1105 3052 1470 3112 ἀποδέδωκεν.
1507 3075 1529 3109 ι
1562 3057 1625 3110 Ἥ
1650 3059 1838 3133 ἀγάπη

263 3137 390 3208 γὰρ,
426 3158 447 3190 ι
483 3144 637 3211 φησὶ,
674 3161 693 3194 ι
731 3142 826 3197 τοῦ
858 3145 994 3199 Θεοῦ
1025 3148 1317 3218 ἐκκέχυται
1345 3150 1403 3201 ὲν
1433 3151 1557 3215 ταῖς
1591 3152 1840 3224 καρδίαις

263 3230 439 3298 ἡμῶν.
476 3251 495 3284 ι
541 3234 654 3288 Καὶ
679 3235 979 3304 δυνάμενος
1004 3239 1138 3310 ὅλην
1161 3240 1261 3311 τὴν
1283 3240 1514 3313 θεότητα
1540 3242 1639 3313 τῆς
1668 3243 1838 3313 ἀφθο-

262 3321 378 3384 νίας
426 3323 633 3397 ταύτης
664 3327 845 3382 αἰτίαν
881 3331 1078 3399 εἰπεῖν,
1118 3330 1409 3404 ίδιαίτερόν
1447 3350 1565 3396 πως
1590 3332 1669 3406 τῷ
1698 3337 1839 3408 ἀγίῳ
1867 3333 1912 3393 ο

264 3413 544 3485 Πνεύματι
587 3418 796 3490 ταύτην
827 3422 1116 3492 ἀπένειμε,
1169 3424 1450 3495 προσθεὶς,
1492 3444 1513 3478 ι
1552 3425 1641 3480 διὰ
1665 3428 1840 3482 Πνεύ-

269 3525 437 3576 ματος
469 3510 628 3578 ἁγίου
661 3512 757 3566 τοῦ
785 3514 1032 3580 δοθέντος
1060 3517 1214 3588 ἡμῖν,
1244 3518 1338 3571 ἐπὶ
1359 3516 1456 3588 τὴν
1482 3517 1635 3573 θείαν
1676 3519 1842 3588 Ἀγά·

267 3617 375 3672 πην
401 3600 477 3667 ὡς
505 3604 731 3676 πρώτην
756 3607 853 3660 καὶ
879 3609 1079 3672 αἰτίαν,
1107 3610 1206 3682 τὴν
1236 3611 1366 3681 παρ’
1390 3613 1523 3681 ἡμῖν
1552 3612 1842 3684 ἀναφέρων

266 3695 508 3766 ἀγάπην,
546 3698 612 3767 ἢν
639 3699 829 3770 εἴρηκε
853 3701 941 3754 διὰ
980 3701 1074 3756 τοῦ
1104 3702 1422 3775 Πνεύματος
1450 3706 1803 3778 ὲκκεχύσθαι.

345 3788 507 3842 Ἀλλά
529 3790 620 3843 καὶ
646 3792 743 3863 τὴν
767 3793 1039 3864 ἐνοίκησιν
1061 3794 1152 3849 τοῦ
1176 3793 1334 3861 Θεοῦ,
1366 3796 1459 3850 καὶ
1486 3797 1654 3868 αὐτὴν
1685 3798 1842 3871 ήμῶν

264 3879 319 3929 ἐν
353 3878 576 3949 ἐκείνῳ,
607 3880 637 3933 ὃ
661 3882 728 3954 δὴ
763 3884 1022 3954 μέγιστον
1055 3885 1155 3955 τῆς
1189 3886 1537 3958 ἀνθρωπίνης
1568 3891 1839 3962 μακαριό-

264 3989 449 4043 τητος,
478 3976 623 4038 τίνος
650 3976 716 4031 ἄν
744 3993 828 4041 τις
860 3979 1114 4052 μᾶλλονῆ
1149 3979 1250 4049 τῆς
1279 3981 1502 4053 ἀγάπης
1548 3981 1707 4054 ἔργον
1733 3984 1807 4054 φή
1827 4015 1841 4026 ’

266 4082 414 4120 σειεν
450 4062 610 4134 εἶναι,
633 4064 702 4142 ἧς
733 4070 881 4124 ἐστιν
908 4072 1162 4145 ἀλλήλοις
1195 4074 1481 4139 ἐνοικίζειν
1510 4078 1637 4140 τοὺς
1675 4076 1843 4148 ἀλλή·

263 4159 387 4224 λους
441 4159 710 4231 ὲρῶντας;
771 4162 938 4218 Ἀλλὰ
994 4167 1088 4220 καὶ
1137 4167 1330 4219 τούτου
1384 4167 1486 4242 πλὴν
1537 4169 1845 4235 αίτίαν,ὠς

1939 2054 2358 2111 evacuabunlur
2394 2073 2408 2133 ς
2445 2067 2499 2113 at
2529 2057 2809 2122 Charitas,
2860 2057 3057 2127 inquit,
3113 2073 3392 2134 nunquam
3426 2073 3490 2114 ex
3514 2089 3527 2097 -

1939 2146 2071 2201 cidit
2124 2147 2190 2202 ⁸⁷.
2251 2167 2270 2199 ι
2320 2149 2399 2203 Ac
2444 2148 2536 2219 qui
2578 2163 2699 2204 eam
2743 2165 2847 2204 nou
2900 2148 3136 2219 adeptus
3179 2149 3273 2215 sit,
3308 2148 3529 2203 etiamsi

1939 2239 2140 2309 linguis
2195 2241 2514 2310 angelorum
2558 2242 2821 2314 loquatur
2865 2253 2920 2298 et
2983 2242 3293 2307 hominum,
3350 2242 3528 2296 factus

1939 2339 2024 2386 est
2051 2331 2195 2388 velut
2237 2348 2312 2389 aes
2345 2343 2438 2388 aut
2477 2333 2788 2404 cymbalum
2830 2334 3096 2389 tinniens.
3142 2331 3319 2401 Hujus
3346 2331 3427 2386 sic
3458 2331 3530 2384 il-

1940 2425 2129 2482 lustris
2177 2427 2328 2490 doni,
2379 2427 2528 2482 nulla
2578 2427 2684 2481 alia
2735 2426 3129 2483 convenienter
3166 2439 3336 2481 causa
3383 2424 3529 2480 assi-

1943 2519 2154 2589 guanda
2185 2527 2289 2583 est,
2324 2534 2486 2588 quam
2520 2519 2704 2574 divina
2734 2518 2962 2574 dilectio
3004 2532 3069 2573 ac
3116 2516 3383 2578 charitas,
3415 2531 3528 2586 qua

1941 2610 2108 2664 animi
2140 2611 2194 2664 in
2222 2609 2468 2664 divinum
2502 2625 2744 2665 amorem
2776 2609 3176 2666 accenduntur.
3211 2607 3347 2675 Quae
3372 2608 3521 2663 enim

1941 2715 2061 2772 p05t
2089 2703 2324 2773 primum
2356 2711 2505 2768 sunt,
2531 2718 2563 2758 a
2593 2703 2768 2772 primo
2790 2711 2938 2758 sunt.
2970 2699 3342 2768 Quamobrem
3365 2701 3531 2754 etiam

1941 2793 2201 2865 quicquid
2272 2795 2328 2848 in
2399 2794 2561 2850 nobis
2611 2795 2810 2850 divina:
2861 2793 3151 2850 cbaritatis
3188 2802 3292 2857 est,
3343 2791 3533 2863 primae

1943 2887 2135 2943 merito
2165 2884 2461 2942 Cltaritatis
2503 2901 2641 2957 opus
2667 2901 2789 2943 esse
2833 2885 3111 2942 credatur.
3143 2883 3378 2948 Verum,
3407 2899 3533 2955 qua:

1945 2978 2027 3034 sic
2054 2977 2165 3033 Deo
2198 2979 2451 3035 homines
2488 2975 2804 3049 conjunga‘t,
2850 2957 3082 3046 gratiam
3116 2979 3279 3043 hanc,
3326 2975 3532 3031 Paulus

1942 3070 2131 3126 tribuit
2157 3069 2379 3142 Spiritui
2404 3079 2594 3126 sancto
2622 3087 2637 3135 ;
2691 3088 2709 3122 ι
2741 3070 2981 3125 charitas
3004 3068 3152 3124 enim
3177 3067 3299 3134 Dei,
3327 3067 3529 3138 inquit.

1941 3163 2117 3220 eﬂ‘usa
2149 3174 2231 3219 est
2258 3164 2313 3218 in
2339 3163 2600 3219 cordibus
2630 3163 2841 3220 nostris
2876 3161 2940 3217 ⁸⁸.
2979 3180 2997 3213 ι
3058 3160 3308 3230 Cumque
3340 3159 3533 3215 liceret

1943 3264 2109 3312 totam
2146 3256 2407 3339 Deitatem
2440 3254 3093 3333 hujusce‘muniﬁcentim
3121 3260 3408 3309 auctorem
3443 3251 3530 3306 di-

1947 3364 2091 3414 cere,
2123 3348 2457 3420 peculiarius
2483 3348 2893 3419 quodammodo
2924 3362 3048 3403 eam
3085 3347 3277 3402 tribuit
3302 3345 3531 3416 Spiritui

1945 3450 2158 3506 sancto,
2194 3440 2486 3496 addendo:
2526 3460 2544 3493 ι
2567 3441 2670 3497 Per
2695 3438 2964 3512 Spiritum
3005 3447 3285 3503 sanctum,
3307 3439 3402 3508 qui
3433 3439 3532 3493 da-

1945 3542 2034 3589 tus
2064 3542 2147 3589 est
2183 3533 2360 3588 nobis.
2405 3551 2423 3584 ι
2460 3531 2669 3603 Nempe
2710 3533 2776 3586 ad
2826 3532 3068 3588 divinam
3105 3532 3434 3587 charitatem
3475 3541 3536 3586 ut

1945 3629 2175 3697 primam
2217 3641 2279 3679 ac
2307 3636 2584 3682 auctorem
2618 3624 2887 3687 referens,
2921 3638 3045 3694 qua:
3075 3622 3131 3676 in
3167 3618 3329 3679 nobis
3356 3624 3536 3679 chari-

1946 3731 2028 3776 tas
2053 3729 2156 3785 est,
2185 3737 2349 3791 quam
2381 3737 2476 3792 per
2507 3721 2767 3789 Spiritum
2797 3720 2932 3775 dixit
2954 3717 3184 3774 eﬂ‘usam
3207 3732 3354 3775 esse.

2018 3813 2122 3868 Sed
2152 3822 2205 3868 et
2225 3813 2368 3881 quod
2402 3812 2546 3869 Deus
2581 3812 2634 3866 in
2672 3812 2829 3866 nobis
2857 3811 3089 3875 habitet,
3117 3825 3330 3881 nosque
3360 3811 3415 3865 in
3442 3811 3537 3865 illo

1948 3904 2090 3975 (qua:
2123 3905 2362 3959 maxima
2409 3913 2494 3959 est
2548 3902 2786 3981 hominis
2842 3901 3098 3972 felicitas)
3149 3902 3309 3972 cujus
3351 3902 3537 3972 potius

1948 4011 2112 4065 quam
2142 3994 2454 4051 dilectionis
2484 4009 2548 4049 ac
2578 3994 2864 4049 cbaritatis
2898 4009 3036 4059 opus
3077 4008 3202 4049 esse
3259 3994 3532 4055 dicamus,

1946 4089 2107 4160 cujus
2138 4097 2242 4152 est.
2275 4099 2332 4142 ut
2363 4101 2457 4141 eos
2487 4086 2580 4157 qui
2612 4093 2823 4148 amant,
2871 4085 3011 4139 alios
3057 4083 3111 4138 in
3158 4083 3283 4138 aliis
3322 4080 3575 4140 consti-'

1951 4180 2104 4236 tuat?
2138 4180 2282 4246 Quin
2312 4185 2366 4233 et
2401 4178 2565 4248 hujus
2595 4192 2817 4248 quoque
2866 4190 3116 4240 causam,
3156 4186 3215 4230 ut
3269 4173 3536 4240 diximus,

266 4258 517 4328 εἴπομεν,
542 4261 637 4314 ἐπὶ
656 4261 718 4315 τὸ
741 4262 885 4316 θεῖον
922 4263 1146 4335 Πνεῦμα
1177 4265 1211 4336 ή
1243 4263 1438 4337 Γραφὴ
1469 4265 1682 4334 ἀνάγει.
1713 4284 1731 4318 ι
1755 4265 1841 4317 Ἐν

1949 4266 2231 4337 Scriptura
2272 4266 2346 4329 ad
2395 4266 2644 4322 divinum
2681 4266 2944 4334 Spiritum
2980 4263 3169 4320 refert.
3212 4264 3304 4318 Ait
3347 4265 3536 4319 enim:

263 4354 444 4419 τούτῳ
476 4354 605 4426 γὰρ,
644 4374 662 4408 ι
701 4355 857 4427 φησὶ,
892 4375 910 4408 ι
946 4359 1289 4428 γινώσκομεν
1323 4359 1405 4412 ὅτι
1438 4359 1597 4423 αὐτὸς
1625 4361 1681 4412 ἐν
1713 4359 1841 4429 ἡμῖν

1956 4377 1974 4410 ι
2014 4359 2071 4413 lu
2125 4359 2230 4413 hoc
2273 4359 2682 4427 cognoscimus,
2730 4350 2991 4429 quoniam
3026 4359 3080 4413 in
3128 4374 3196 4412 eo
3229 4356 3540 4425 manemus,

271 4448 444 4513 μένει,
486 4446 565 4499 ὅτι
599 4446 663 4500 ὲκ
692 4448 787 4500 τοῦ
824 4446 1142 4518 Πνεύματος
1188 4448 1357 4503 αὐτοῦ
1389 4449 1592 4504 ἔδωκεν
1624 4436 1783 4521 ἡμῖν,
1821 4469 1841 4502 ι

1952 4459 2005 4505 et
2036 4453 2152 4521 ipse
2184 4451 2239 4505 in
2272 4451 2453 4516 nobis,
2481 4453 2740 4517 quoniam
2775 4454 2843 4507 de
2869 4452 3082 4520 Spiritu
3122 4466 3222 4506 suo
3256 4453 3409 4507 dedit
3446 4470 3543 4506 no—

279 4537 437 4595 Ἐπεὶ
464 4539 517 4592 δὲ
542 4543 605 4594 ἐκ
635 4532 995 4613 τῆςςάγαθῆς
1027 4540 1323 4611 θελήσεως,
1349 4542 1417 4614 ἥν
1444 4526 1537 4606 τις
1563 4544 1694 4613 περί
1725 4560 1841 4596 τινα

1951 4543 2057 4599 bis.
2091 4543 2133 4575 ‘9
2175 4541 2354 4610 tQuia
2385 4559 2513 4598 vero
2563 4560 2629 4598 ex
2679 4546 2818 4599 bona
2865 4544 3171 4610 Voluntate,
3219 4559 3384 4613 quam
3419 4544 3544 4612 quis

268 4631 381 4701 ἔχει
421 4634 514 4686 καὶ
554 4634 654 4704 τῆς
713 4633 956 4702 ἀγάπης,
1016 4632 1306 4693 συμϐαίνει
1340 4637 1531 4687 τοῦτον
1557 4634 1841 4701 υίοθετεῖν,

1961 4653 2089 4708 erga
2138 4638 2374 4708 aliquem
2431 4638 2612 4700 habet,
2656 4636 2925 4707 contingit
2975 4647 3033 4692 ut
3082 4652 3209 4691 eum
3261 4637 3314 4690 in
3369 4636 3540 4690 lilium

265 4727 400 4780 ὥστ’
436 4729 685 4785 ἐντεῦθεν
715 4732 890 4804 τούτῳ
920 4734 1017 4805 τὴν
1056 4732 1151 4788 τοῦ
1184 4729 1554 4790 υίοθετοῦντος
1588 4729 1841 4799 κληρονο-

1962 4727 2198 4794 adeptet,
2231 4734 2289 4780 ut
2319 4725 2443 4805 iqde
2463 4728 2778 4795 adoptantis
2810 4726 3104 4780 han-editas
3133 4725 3201 4780 ad
3244 4739 3370 4780 eum
3401 4728 3540 4780 atti-

269 4821 403 4888 μίαν
441 4820 681 4891 ἀνήκειν,
721 4826 945 4888 εἰκότως
984 4823 1059 4897 τῷ
1115 4823 1259 4894 ἁγίῳ
1311 4822 1590 4888 nimias"
1644 4823 1676 4891 ἡ
1738 4821 1841 4873 τῶν

1960 4827 2119 4885 neat;
2171 4784 2381 4872 merito"
2406 4784 2643 4870 filiorum
2675 4806 2896 4886 adoptio
2929 4816 3157 4886 Spiritui
3205 4826 3400 4873 sancto
3439 4819 3543 4874 tri-

268 4909 403 4963 υἱῶν
428 4912 735 4983 εἰσποὲησις
761 4915 1095 4980 ἀποδίδοται,
1127 4913 1205 4978 ὥς
1235 4930 1401 4984 φησιν
1433 4915 1461 4967 ὁ
1504 4909 1841 4976 Ἀπόστολος,

1963 4909 2167 4974 buitur,
2209 4909 2664 4979 quea-admodum
2692 4909 2767 4963 ait
2793 4908 3084 4979 Apostolus
3121 4926 3185 4963 ιι
3238 4911 3545 4980 Accepistis

276 5016 296 5049 ι
343 4999 594 5055 Ἐλάϐετε
623 5002 846 5077 Πνεῦμα
877 5005 1178 5075 υἱοθεσίας,
1214 5007 1272 5059 ἐν
1293 4997 1338 5074 ᾧ
1368 5003 1650 5075 κράζομεν
1676 5003 1841 5059 Ἀὁΰᾱ

1961 5001 2223 5072 Spiritum
2283 5002 2590 5071 adoptionis
2641 5003 2901 5069 filiorum,
2935 5004 2993 5057 in
3043 5018 3151 5074 quo
3204 5004 3538 5069 clamamus.

267 5092 296 5144 ὁ
339 5096 547 5167 Ιιατῄρ.
582 5115 602 5150 ›

1957 5093 2133 5159 Abba,
2164 5094 2325 5150 Pater
2351 5096 2421 5150 ⁷⁸.
2458 5113 2478 5148 ι

341 5186 504 5240 Ἀλλὰ
526 5190 619 5244 καὶ
648 5191 713 5245 ἐκ
734 5190 828 5244 τοῦ
851 5190 1190 5261 καταστῆναι
1210 5190 1332 5244 τινὰ
1358 5187 1510 5258 φίλον
1531 5188 1679 5252 τινὸς
1707 5190 1858 5243 πᾶσα

275 5282 581 5349 ἀναιρεῖται
607 5280 800 5354 ἔχθρα.
843 5276 1016 5337 Τοῦτο
1056 5285 1166 5354 γὰρ
1215 5284 1279 5352 τῇ
1316 5280 1472 5353 φιλίᾳ
1518 5280 1669 5334 ἐστὶν
1697 5281 1858 5334 ὲναν-

275 5374 389 5428 τίον
408 5392 424 5407 ο
450 5379 541 5430 καὶ
572 5378 653 5431 ὅτι
679 5379 786 5433 τῶν
835 5360 1309 5450 ἁμαρτανομένων
1360 5377 1471 5441 τοῖς
1520 5375 1694 5446 φίλοις
1727 5376 1859 5446 παρ’

276 5468 529 5538 ἀλλήλων
564 5470 864 5542 συγγνώμη
919 5472 1142 5526 δίδοται.

276 5559 466 5632 ἀγάπη
513 5563 659 5615 ποιεῖ
711 5562 836 5625 τοὺς
873 5563 1064 5632 φίλους
1096 5564 1210 5625 τοῖς
1271 5562 1447 5632 φίλοις
1479 5561 1834 5632 ἁμαρτάνουσ

1967 5557 2210 5613 amicitia
2255 5573 2321 5614 ac
2361 5559 2577 5615 dilectio
2613 5565 2852 5629 praestat,
2899 5567 2959 5613 ut
2994 5560 3085 5614 alii
3132 5559 3253 5612 aliis
3321 5566 3550 5611 utantur
3610 5582 3619 5587 -

277 5653 698 5721 συγγινώσκειν.
756 5672 776 5708 ι
822 5655 888 5708 Ἢ
937 5654 1046 5725 γὰρ
1103 5654 1318 5724 ἀγάπη,
1348 5673 1366 5706 ι
1406 5653 1561 5722 φησὶ,
1615 5671 1634 5704 ι
1679 5652 1841 5706 πάντα

1968 5648 2155 5716 amici,
2206 5664 2271 5705 ac
2320 5648 2511 5704 faciles
2551 5648 2792 5705 offensas
2843 5651 3150 5705 remittant.
3206 5665 3225 5700 ι
3293 5649 3548 5703 Charitas

278 5745 485 5813 στέγει,
545 5745 720 5801 πάντα
759 5746 1041 5817 ὑπομένει.
1090 5764 1110 5798 ι
1173 5746 1285 5801 Καὶ
1334 5747 1362 5798 ὁ
1416 5743 1841 5816 Παροιμιαστὴςλ

1967 5740 2137 5806 enim,
2176 5741 2375 5810 inquit,
2412 5742 2596 5795 omnia
2648 5740 2862 5807 suffert,
2895 5741 3083 5795 omnia
3128 5741 3364 5796 sustinet
3412 5741 3481 5795 “.
3523 5757 3543 5793 ι

351 5855 464 5979 ηιξ
494 5855 623 5916 Cor.
684 5875 777 5925 xu,
829 5857 891 5913 ’51
933 5862 1131 5924 ctxut,
1163 5856 1216 5912 8.
1327 5856 1369 5889 ⁸⁸
1401 5855 1562 5915 Roui.
1614 5873 1665 5922 ν,
1732 5853 1785 5910 5.

351 5941 400 5979 ιι.
471 5968 484 5979 .
1408 5956 1418 5975 .

1968 5850 2178 5910 lJoan.
2233 5870 2309 5921 tv,
2371 5854 2457 5910 15.
2565 5853 2612 5886 το
2650 5852 2808 5907 Itoni.
2876 5869 2990 5920 vin,
3060 5853 3145 5910 15.
3252 5855 3294 5886 ⁷³
3329 5853 3376 5919 ,ι
3416 5854 3543 5910 Cor.

279 5941 400 5993 xm,
443 5941 484 5981 ι.
1408 5956 1418 5975 ι

2032 5185 2137 5241 Sed
2178 5195 2232 5243 et
2261 5188 2387 5243 inde
2418 5188 2562 5258 quod
2588 5188 2713 5260 quis
2734 5187 2971 5260 alicujus
2990 5194 3206 5246 amicus
3240 5192 3550 5248 constitua-

1957 5289 2066 5346 tur,
2098 5282 2361 5353 quicquid
2383 5281 2796 5338 inimicitiarum
2818 5292 2920 5348 est,
2948 5283 3157 5340 tollitur
3182 5301 3198 5349 ;
3233 5284 3378 5340 istud
3402 5285 3546 5339 enim

1960 5374 2213 5429 amicitiae
2237 5375 2591 5441 adversatur;
2623 5374 2880 5446 quodque
2906 5375 3046 5432 adeo
3079 5376 3243 5433 amici
3270 5376 3362 5430 alii
3424 5375 3547 5430 aliis

1221 5471 1287 5524 'H
1339 5471 1448 5539 γὰρ
1484 5469 1641 5539 φιλία
1697 5468 1841 5521 καὶῆ

1962 5481 2226 5535 propenso
2260 5466 2607 5537 indulgeant,
2635 5466 2842 5536 siquid
2879 5467 3242 5538 deliquerint.
3276 5468 3368 5522 Sic
3396 5467 3545 5519 enim
3588 5518 3597 5523 ,
3642 5469 3647 5487 ³
