4088 6422
526 409 636 473 563

1791 405 2192 472 MANUELIS
2225 411 2548 475 CALECAE.

3677 405 3782 472 ω(

529 524 729 576 Auctor
781 536 1004 591 quoque
1061 521 1182 575 libri
1241 521 1669 582 Proverbiurum
1707 541 1738 584 λ
1780 542 1797 576 ι
1849 509 2071 578 Charita

2210 543 2228 576 ι
2279 523 2342 576 Ἦ
2370 526 2558 593 άγάπη
2591 522 2824 594 καλύψει
2855 519 3060 594 πλῆθος
3087 518 3395 591 ἁμαρτιῶν.
3433 535 3453 571 ι
3500 518 3655 572 Ἐπεὶ
3682 518 3787 572 τοί·

523 613 734 680 uperiel.
757 613 1163 668 multitudinem
1194 624 1540 683 peccatorum
1574 616 1641 670 τ’.
1682 634 1702 668 ι
1747 615 1886 682 Quia
1933 616 2096 686 igitur

523 719 620 774 per
650 702 913 772 Spiritum
944 713 1194 759 sanctum
1221 704 1382 760 amici
1416 705 1510 763 Dei
1531 708 1933 772 constituimur,
1961 725 2096 763 con-

527 810 765 868 sequens
795 807 881 851 est
916 807 975 851 ut
1003 807 1059 852 et
1093 810 1314 868 peccata
1344 815 1440 869 per
1461 814 1585 855 eum
1621 799 1778 855 nobis
1805 801 2094 856 dimittan-

527 896 635 942 tur.
689 886 900 944 Idcirco
958 887 1034 943 ait
1090 889 1399 950 Dominus:
1454 912 1474 944 ι
1535 892 1780 963 Accipite
1828 895 2092 963 Spiritum

522 990 770 1034 sanctum
808 999 821 1034 :
860 995 1096 1051 quorum
1139 984 1463 1039 remiseritls
1509 996 1752 1054 peccata,
1807 990 2095 1042 remittun-

521 1079 608 1121 tur
631 1069 713 1124 eis
744 1069 810 1125 ⁷³.
853 1089 873 1122 ι
897 1064 979 1126 Iis
1019 1087 1241 1142 quoque
1273 1073 1366 1142 qui
1419 1073 1802 1144 blasphemant
1832 1075 1884 1130 in
1916 1074 2094 1148 Spiri-

516 1166 631 1212 tum
663 1169 934 1227 sanctum,
960 1170 1195 1231 negatur
1222 1165 1377 1218 venia
1402 1174 1749 1232 peccatorum
1779 1167 1846 1232 ",
1872 1183 1932 1222 ut
1955 1184 2093 1238 quos

516 1247 754 1316 deﬁciat,
809 1263 905 1320 per
950 1268 1114 1324 quem
1173 1252 1498 1312 delictorum
1564 1258 1724 1314 venia
1775 1259 2092 1316 hominibus

517 1349 833 1408 praestatur.
1545 1399 1554 1405 .

590 1434 730 1490 liinc
770 1437 934 1491 etiam
967 1448 1072 1504 est,
1099 1441 1244 1509 quod
1282 1428 1668 1512 per'Spiritum
1712 1457 1964 1502 sanctum
2003 1462 2092 1502 re-

516 1525 709 1579 novari
764 1535 820 1581 et
857 1530 1169 1597 emundari,
1214 1546 1310 1586 seu
1341 1533 1487 1588 ablui
1529 1535 1800 1602 dicamur,
1827 1541 2092 1610 quemad-

516 1614 738 1669 modum
770 1617 846 1670 ait
871 1615 1139 1688 Propheta
1169 1638 1184 1674 :
1220 1639 1239 1670 ι
1272 1620 1498 1681 Emittes
1535 1626 1798 1696 Spiritum
1833 1639 2008 1692 tuum,
2037 1640 2091 1684 et

387 1694 420 1704 ”’
521 1705 880 1774 creabuntur,
918 1717 971 1766 et
999 1714 1287 1770 renovabis
1319 1715 1510 1772 faciem
1549 1694 1709 1774 terrae
1736 1719 1804 1776 ⁷⁸.
1844 1738 1861 1772 ι
1901 1719 2003 1778 Sed
2035 1732 2089 1778 et

523 1799 668 1866 quod
691 1799 940 1859 homines
969 1804 1058 1858 alii
1087 1805 1206 1862 aliis
1237 1807 1406 1863 velint
1436 1819 1646 1865 secreta
1677 1813 1992 1869 communia
2025 1830 2088 1870 ac

514 1893 763 1958 eonsilia,
801 1895 927 1951 inde
971 1908 1076 1963 est,
1110 1899 1254 1967 quod
1286 1900 1399 1956 sint
1446 1901 1606 1959 amici
1635 1918 1700 1958 ac
1735 1918 1796 1959 se
1830 1905 2083 1976 diligant,

509 1983 654 2052 quod
679 1993 729 2040 et
761 1985 1016 2043 Christus
1051 1987 1136 2044 his
1160 1990 1343 2047 verbis
1371 1991 1671 2049 declaravit
1701 2013 1714 2050 :
1760 2012 1780 2046 ι
1810 1994 1928 2050 Jam
1974 2013 2081 2052 non

511 2073 689 2128 dicam
739 2091 836 2132 vos
878 2091 1088 2146 servos,
1141 2082 1234 2137 sed
1269 2083 1515 2152 amicos;
1572 2085 1703 2157 quia
1741 2087 1924 2142 omnia
1961 2105 2082 2158 quae

509 2164 692 2220 audivi
724 2182 756 2222 a
803 2167 982 2236 Patre,
1037 2173 1196 2228 retuli
1242 2175 1394 2232 vobis
1429 2177 1518 2233 "z
1566 2196 1584 2230 ι
1635 2177 1784 2234 velut
1820 2180 1962 2237 idem
2009 2184 2080 2239 sit

507 2254 745 2309 amicum
768 2272 891 2314 esse
917 2270 970 2316 et
1009 2261 1268 2320 adhibere
1303 2280 1629 2324 arcanorum
1681 2271 1912 2326 socium.
1941 2273 2079 2338 Quia

507 2345 674 2410 igitur
709 2346 948 2419 Spiritus
976 2355 1150 2409 sancti
1196 2371 1440 2425 munere,
1482 2375 1578 2428 per
1622 2375 1782 2430 quem
1815 2363 2076 2420 Charitas

507 2436 598 2492 Dei
628 2438 800 2496 eﬂ‘usa
823 2452 904 2497 est
935 2443 988 2498 in
1015 2446 1272 2501 cordibus
1307 2450 1532 2518 nostris,
1559 2453 1723 2507 amici
1754 2454 1847 2509 Dci
1876 2455 2081 2512 consti-

503 2531 732 2600 tuimur,
764 2537 1160 2594 convenienter
1211 2541 1287 2596 ait
1329 2541 1610 2614 Scriptura
1660 2561 1757 2614 per
1809 2546 2076 2618 Spiritum

505 2633 755 2678 sanctum
789 2627 1021 2681 revelari
1055 2628 1372 2686 hominibus
1404 2633 1589 2688 divina
1617 2637 1898 2706 mysteria.
1930 2637 2077 2694 Pau-

506 2713 594 2770 lus
622 2715 766 2769 enim
793 2718 886 2774 ubi
924 2719 1179 2787 dixerat:
1226 2739 1246 2774 ι
1297 2720 1572 2793 Scriptum
1621 2738 1724 2791 est,
1759 2729 1903 2799 quod
1942 2746 2079 2786 ocu-

511 2806 597 2860 Ius
630 2821 736 2862 non
774 2807 929 2875 vidit,
971 2825 1075 2867 nec
1119 2814 1271 2868 auris
1320 2817 1549 2882 audivit,
1591 2834 1714 2889 quae
1756 2825 2081 2892 praeparavit

510 2896 652 2952 Deus
679 2897 784 2965 his,
815 2902 907 2968 qui
941 2902 1176 2971 diligunt
1217 2920 1387 2974 eum,
1428 2927 1446 2960 ι
1477 2910 1761 2983 subjungit
1799 2931 1812 2969 :
1849 2934 1869 2967 ι
1909 2909 2082 2976 Nobis

504 2993 686 3040 autem
737 2991 997 3047 revelavit
1031 2991 1172 3051 Deus
1217 3011 1311 3067 per
1359 2998 1622 3070 Spiritum
1667 3016 1916 3060 sanctum
1947 3009 2014 3062 "".
2051 3027 2070 3061 ι

505 3080 568 3134 Et
613 3081 715 3136 hoc
765 3083 930 3153 igitur
971 3101 1350 3158 argumentum
1402 3103 1504 3160 est,
1541 3102 1660 3166 q’ute
1703 3115 1768 3153 ex
1820 3099 1931 3156 Deo
1970 3112 2076 3169 est,

2200 635 2295 670 νυν
2325 617 2414 672 διὰ
2464 615 2558 670 τοῦ
2611 617 2768 686 άγίου
2801 614 3122 686 Πνεῦματος
3182 612 3327 688 φίλοι
3360 610 3454 665 τοῦ
3483 608 3620 664 Θεοῦ
3652 611 3787 664 καθ-

2201 709 2494 779 ιστάμεθα,
2553 710 2818 778 ἑπόμενόν
2850 708 2970 762 ἑστι
3030 708 3128 760 καὶ
3161 705 3229 760 δι’
3279 703 3448 759 αὐτοῦ
3501 705 3638 774 ἡμῖν
3685 703 3785 764 τὰς

2199 803 2478 872 ἁμαρτίας
2522 794 2820 871 ἀφίεσθαι·
2855 800 2948 854 καὶ
3003 799 3093 854 διὰ
3114 797 3273 880 τοῦτο
3314 797 3480 866 φησιν
3502 796 3530 848 6
3555 792 3784 863 Κύριος,

2201 913 2222 948 ι
2260 894 2468 949 Λάϐετε
2511 893 2735 964 Πνεῦμα
2765 893 2920 961 ἅγιον
2945 905 2959 923 °
2994 890 3060 945 ἄν
3081 907 3246 943 τινων
3267 887 3441 958 ἀφῆτε
3473 885 3573 950 τάς
3598 885 3784 954 ἁμαρ.

2195 987 2338 1052 τίας,
2371 988 2622 1055 ἀφίενται
2675 987 2861 1049 αὐτοῖς
2888 1001 2904 1018 ο
2944 1002 2963 1036 r
3021 984 3118 1036 καὶ
3138 983 3220 1036 δτι
3255 983 3369 1043 τοῖς
3397 977 3782 1050 βλασφημοῦσι

2196 1079 2277 1143 είς
2305 1079 2368 1132 τδ
2387 1077 2614 1149 Πνεῦμα
2633 1077 2692 1132 τὸ
2711 1077 2869 1146 ἅγιον
2891 1077 2924 1148 ἡ
2955 1075 3066 1130 τῶν
3092 1073 3382 1146 ἁμαρτιῶν
3409 1069 3607 1140 ἄφεσις
3630 1069 3784 1125 ἀπεί-

2196 1190 2379 1244 ρηται,
2429 1171 2504 1236 ὡς
2563 1171 2630 1226 ἂν
2655 1215 2658 1218 .
2687 1171 2788 1224 οὐκ
2839 1172 3055 1240 ἔχουσιν
3093 1169 3292 1233 ἐκεῖνο,
3326 1164 3395 1219 δι’
3428 1158 3489 1220 οὗ
3515 1163 3616 1234 τῆς
3667 1162 3780 1216 τῶν

2194 1265 2480 1336 ἁμαρτιῶν
2508 1264 2757 1333 ἀφέσεως
2785 1263 3049 1333 τυγχάνει
3069 1263 3098 1316 6
3124 1259 3433 1332 ἅνθρωπος.

2280 1449 2562 1503 Ἐντεῦθεν
2615 1447 2732 1501 ἐστι
2779 1448 2877 1500 καὶ
2931 1448 2992 1500 τδ
3021 1445 3111 1500 διὰ
3137 1444 3233 1498 τοῦ
3267 1444 3424 1514 ἁγίου
3455 1443 3780 1513 Πνεύματος

2191 1541 2342 1611 ἡμᾶς
2375 1541 2827 1605 ἀνακαινίζεσθαι
2881 1538 3141 1608 λέγεσθαι
3199 1539 3296 1592 καὶ
3348 1535 3714 1606 καθαίρεσθαι
3742 1535 3777 1605 ἦ

2192 1629 2579 1696 ἀπολούεσθαι,
2640 1631 2716 1696 ὡς
2769 1633 2798 1686 6
2831 1630 3144 1700 Προφήτης,
3190 1647 3210 1681 ι
3257 1624 3674 1692 Ἐξαποστελεῐς
3714 1625 3778 1678 τὸ

2191 1722 2421 1794 ιινεῦμά
2450 1740 2566 1790 σου,
2596 1708 2694 1779 καὶ
2751 1723 3158 1793 κτισθήσονται,
3188 1723 3285 1774 καὶ
3337 1716 3678 1784 ἀνακαινιείς
3712 1719 3780 1772 τὸ

2192 1814 2482 1884 πρόσωπον
2503 1815 2599 1886 τῆς
2627 1815 2754 1884 γῆς.
2798 1833 2817 1866 ι
2857 1815 2933 1867 Οὐ
2969 1813 3078 1884 μὴν
3115 1811 3254 1866 ἀλλὰ
3300 1813 3396 1865 καὶ
3417 1813 3464 1863 οί
3495 1809 3779 1879 ἄνθρωποι

2195 1905 2545 1959 κοινωνοῦσιν
2564 1899 2921 1975 ἀλλήλοις-ὧν
2945 1904 3164 1973 ἔχουσιν
3200 1903 3531 1974 άπορῤήτων
3562 1901 3651 1955 διὰ
3686 1918 3780 1969 φι-

2195 1997 2316 2050 λίαν
2343 1999 2439 2050 καὶ
2467 1995 2710 2067 ἀγάπην,
2733 1996 2762 2049 δ
2789 1997 2880 2051 καὶ
2906 1998 2934 2050 6
2963 1995 3205 2066 Χριστὸς
3251 1995 3541 2066 ἐδήλωσεν.
3575 1991 3773 2056 εἰπὼν,

2202 2108 2221 2142 ι
2257 2089 2455 2143 Οὐκέτι
2512 2089 2658 2160 ὑμᾶς
2714 2089 2870 2143 καλῶ
2912 2090 3157 2153 δούλους,
3191 2088 3330 2142 ἀλλὰ
3389 2087 3610 2156 φίλους·
3647 2085 3775 2140 ἐπεὶ

2197 2183 2374 2237 πάντα
2393 2181 2427 2236 ἃ
2449 2183 2661 2253 ἥκουσα
2678 2181 2832 2251 παρὰ
2854 2181 2952 2236 τοῦ
2974 2181 3191 2251 Πατρός
3212 2198 3312 2251 μου
3335 2178 3635 2249 άνήγγειλα
3655 2176 3772 2248 (50)

2195 2275 2356 2344 ὑμῖν·
2399 2292 2417 2325 ι
2466 2273 2542 2336 ὥς
2567 2272 2725 2328 ταῦτ’
2757 2273 3047 2344 ἄνθρωπον
3079 2273 3232 2340 φίλον
3265 2288 3326 2325 τε
3358 2265 3510 2324 εἶναι
3539 2272 3633 2323 καὶ
3656 2287 3775 2323 κοι-

2193 2364 2362 2419 νωνὸν
2392 2365 2741 2436 άπορρήτων.
2809 2363 2962 2417 Ἐπεὶ
2989 2357 3081 2417 οὖν
3109 2363 3194 2416 διὰ
3235 2361 3552 2431 Πνεῦματος
3581 2360 3767 2429 ἁγίου,

2191 2455 2260 2509 δι’
2287 2458 2349 2510 οὺ
2375 2456 2406 2526 ἡ
2431 2455 2621 2524 ἀγάπη
2651 2454 2744 2508 τοῦ
2774 2454 2908 2510 Θεοῦ
2943 2454 3235 2524 ἐκκέχυται
3266 2454 3325 2507 ὲν
3353 2455 3474 2516 ταῖς
3509 2452 3765 2524 καρδίαις

2191 2547 2373 2617 ἡμῶν,
2410 2548 2557 2617 φίλοι
2605 2545 2741 2601 Θεοῦ
2806 2545 3212 2616 καθιστάμεθα,
3270 2547 3497 2609 εἰκότως
3550 2545 3642 2600 διὰ
3668 2545 3764 2598 τοῦ

2190 2637 2348 2704 ἁγίου
2381 2638 2696 2706 Πνεῦματος
2725 2639 2758 2708 ἠ
2790 2637 2982 2710 Γραφὴ
3035 2637 3183 2706 λέγει
3211 2637 3279 2690 τά
3313 2637 3434 2691 θεῖα
3487 2637 3768 2708 μυστήρια

2187 2734 2300 2796 τοῖς
2333 2730 2640 2800 ἀνθρώποις
2667 2730 3180 2786 ἀποκαλύπτεσθαι.
3207 2729 3393 2782 Εἰπὼν
3429 2728 3538 2800 γάρ
3567 2729 3595 2782 6
3618 2726 3770 2782 Παῦ-

2194 2825 2309 2889 λος,
2365 2843 2384 2875 ι
2421 2823 2738 2893 Γέγραπται
2789 2823 2868 2876 ὅτι
2903 2823 3182 2892 ὀφθαλμὸς
3210 2823 3311 2876 οὐκ
3340 2818 3472 2887 εἶδε,
3523 2820 3620 2876 καὶ
3671 2819 3767 2884 οὖς

2186 2917 2285 2970 οὐκ
2315 2915 2570 2988 ἤκουσεν,
2600 2915 2636 2970 ἃ
2663 2915 2964 2987 ἡτοίμασεν
2991 2917 3020 2969 6
3049 2915 3182 2979 Θεὸς
3209 2916 3323 2978 τοῖς
3352 2914 3644 2981 ἀγαπῶσιν
3672 2915 3769 2968 αὐ-

2185 3011 2299 3076 τὸν,
2344 3030 2364 3063 ι
2423 3010 2644 3079 ἐπάγει,
2683 3028 2702 3062 ι
2754 3007 2915 3079 Ἡμῖν
2950 3009 3008 3064 δὲ
3068 3007 3422 3078 ἀπεκάλυψεν
3455 3011 3484 3064 6
3513 3008 3643 3072 Θεὸς
3675 3009 3764 3062 διὰ

2186 3102 2500 3170 Πνεῦματος
2531 3101 2709 3169 ἁγίου.
2739 3120 2758 3154 ι
2790 3101 2901 3156 Καὶ
2929 3101 3085 3154 τοῦτο
3106 3101 3200 3154 οὖν
3226 3101 3525 3172 μαρτύριον
3545 3101 3637 3156 τοῦ
3663 3103 3766 3174 τὴν

501 3169 821 3225 charitatem
853 3175 1031 3242 ipsum
1065 3191 1185 3232 esse
1215 3178 1479 3249 Spiritum
1512 3197 1784 3252 sanctum,
1820 3203 1942 3244 eum
1983 3208 2076 3260 per

2183 3193 2242 3246 ὲκ
2263 3191 2356 3244 τοῦ
2377 3191 2512 3245 Θεοῦ
2557 3191 2806 3262 Ἀγάπην
2828 3192 2961 3246 αὐτὶ)
2987 3187 3128 3246 εἶναι
3157 3169 3473 3261 animo:
3501 3191 3560 3246 τὸ
3581 3169 3758 3261 ἅγιον,

501 3263 653 3315 illum
697 3265 877 3318 divina
938 3269 1194 3338 mysteria
1248 3275 1454 3331 sanctis
1515 3279 1856 3347 revelentur;
1925 3284 2073 3353 quod

501 3368 697 3410 omnes
720 3357 918 3427 ubique
944 3361 1225 3420 charitatis
1261 3380 1400 3436 opus
1429 3383 1552 3424 esse
1584 3383 1811 3431 norunt.

489 3561 494 3564 .
567 3515 706 3582 Quia
752 3533 882 3572 vero
923 3520 1087 3574 etiam
1137 3536 1328 3577 eorum
1361 3537 1662 3594 qmemtus
1715 3533 1896 3588 animo
1925 3537 2075 3608 cogi-

499 3615 706 3671 tantur,
755 3606 1028 3676 iuterpres
1065 3619 1168 3677 est,
1199 3628 1320 3683 quae
1355 3630 1450 3684 per
1489 3617 1729 3689 linguam
1762 3606 2074 3683 enuntiat—io

494 3707 602 3762 est,
635 3713 814 3768 opera:
839 3701 1072 3770 pretium
1127 3718 1230 3776 est,
1283 3719 1339 3766 ut
1391 3709 1702 3780 linguarum
1739 3713 1943 3772 donum
1994 3721 2070 3774 illi

493 3794 856 3862 ascribamus,
918 3801 1012 3870 qui
1078 3800 1363 3856 scientiam
1413 3804 1614 3858 revelat
1657 3807 2068 3876 mysteriorum.

490 3888 671 3956 Atque
703 3888 754 3942 id
788 3905 1010 3945 rursum
1040 3893 1283 3948 ostendit
1306 3895 1421 3962 ipse
1451 3894 1727 3954 Christus.
1764 3900 2062 3975 Martyrum

493 3984 638 4034 enim
681 3979 748 4033 ad
790 3996 945 4052 reges
984 3992 1041 4036 et
1065 3985 1328 4053 praesides
1358 4001 1456 4056 pro
1507 3989 1610 4044 lide
1642 3996 2064 4062 responsionum

494 4068 810 4125 instantiam
845 4087 908 4127 a'c
957 4074 1264 4142 solertiam,
1310 4075 1538 4146 Spiritui
1581 4092 1774 4156 sancto
1819 4088 2069 4158 assigna-

492 4163 573 4218 vit
623 4181 638 4217 :
683 4181 701 4215 ι
731 4162 848 4217 Νοιι
885 4166 1060 4230 enim,
1083 4166 1284 4238 inquit,
1318 4186 1416 4225 vos
1445 4173 1578 4228 estis
1608 4175 1702 4244 qui
1756 4177 2066 4248 loquimini,

492 4255 588 4308 sed
631 4254 869 4321 Spiritus
919 4255 1095 4314 Patris
1155 4263 1344 4329 vestri,
1415 4265 1508 4332 qui
1561 4265 1807 4336 loquitur
1853 4271 1907 4324 in
1974 4287 2068 4326 vo-

496 4348 606 4402 bis.
660 4369 678 4401 »
723 4348 876 4405 Unde
927 4353 1095 4406 etiam
1151 4354 1204 4409 in
1249 4356 1513 4428 Symbolo
1565 4363 1828 4430 scriptum
1883 4368 2065 4425 estde

471 4442 708 4509 Spiritu
728 4452 921 4498 sancto
947 4461 961 4498 :
1001 4447 1131 4510 «Qui
1156 4447 1372 4504 lo‘cutus
1401 4459 1483 4505 est
1508 4467 1602 4520 per
1628 4454 1932 4524 Prophetas
1961 4459 2057 4514 η.»

2178 3281 2338 3354 εἴπερ
2377 3282 2467 3336 διά⁴
2499 3283 2693 3336 τούτου
2719 3286 2830 3346 τοῖς
2863 3281 3044 3350 ἁγίοις
3079 3282 3532 3336 ἀποκαλύπτεται
3557 3283 3625 3336 τά
3643 3283 3765 3337 θεῖα

2178 3375 2491 3448 μυστήρια·
2545 3375 2574 3429 6
2614 3375 2892 3448 πανταχοῦ
2926 3377 3128 3442 πάντες
3181 3376 3402 3447 ἀγάπης
3433 3375 3594 3446 ἔργον
3647 3375 3765 3432 ίσα-

2177 3484 2261 3520 σιν
2291 3467 2370 3519 ὃν.
2669 3522 2676 3530 ,
2896 3480 2901 3483 ’

2260 3558 2417 3612 Ἐπεὶ
2443 3558 2498 3612 δὲ
2531 3563 2628 3616 καὶ
2675 3556 2788 3614 τῶν
2840 3561 2990 3615 ἔνδον
3027 3561 3336 3634 νοουμένων
3362 3563 3761 3635 ἑρμηνευτικόν

2173 3650 2320 3704 ἐστιν
2372 3652 2405 3721 ἡ
2463 3652 2552 3706 διὰ
2588 3651 2835 3724 γλώττης
2864 3655 3200 3724 ἀπαγγελία,
3233 3656 3502 3726 προσήκει
3550 3655 3627 3725 τῷ
3657 3655 3756 3724 τὴν

2174 3755 2376 3806 γνωσιν
2435 3741 2544 3795 τῶν
2584 3745 2906 3814 μυστηρίων
2956 3745 3402 3801 ἀποκαλύπτοντι
3431 3747 3612 3800 καὶτὸ
3644 3745 3758 3800 τῶν

2171 3831 2433 3901 γλωσσῶν
2462 3837 2716 3906 χάρισμα
2739 3831 3084 3909 λογισθῆναι.
3131 3839 3242 3894 Καὶ
3270 3836 3433 3892 τοῦτο
3463 3836 3628 3892 πάλιν
3653 3837 3760 3892 αύ-

2169 3923 2260 3989 τδς
2285 3922 2486 3993 ἔδειξεν
2514 3929 2542 3980 6
2569 3928 2824 3998 Χριστός.
2858 3929 2970 3993 Τὰς
2999 3928 3110 3999 γὰρ
3140 3927 3254 3985 τῶν
3288 3928 3587 4002 μαρτύρων
3617 3929 3759 4001 πρὸς

2169 4017 2573 4098 τοῦςεβασιλεῖς
2603 4022 2700 4074 καὶ
2750 4023 3031 4094 ἡγεμόνας
3089 4024 3230 4088 ὑπὲρ
3277 4024 3376 4093 τῆς
3407 4024 3642 4087 πίστεως
3670 4023 3758 4076 ἐν·

2173 4110 2395 4174 στάσεις
2434 4113 2533 4166 καὶ
2583 4113 2850 4179 διαλέξεις
2879 4116 2958 4185 τῷ
2998 4116 3141 4187 άγίῳ
3180 4118 3457 4186 [Ινεύματι
3484 4117 3757 4170 ἀποδέδω-

2170 4217 2288 4257 κεν.
2352 4221 2371 4252 ι
2431 4203 2506 4256 Οὐ
2554 4204 2664 4275 γάρ
2695 4205 2854 4276 ὑμεῖς
2907 4209 3032 4260 έστε
3061 4208 3113 4260 oi
3162 4206 3474 4273 λαλοῦντες,
3509 4227 3528 4261 ι
3563 4209 3753 4278 φησὶν,

2175 4308 2194 4341 ι
2231 4291 2368 4345 ἀλλὰ
2424 4293 2486 4345 τὺ
2541 4293 2766 4364 Πνεῦμα
2795 4295 2890 4349 τοῦ
2940 4296 3157 4368 Πατρδς
3184 4296 3338 4368 ὑμῶν
3370 4297 3430 4350 τὸ
3459 4295 3654 4350 λαλοῦν
3693 4297 3756 4350 ὲν

2169 4381 2318 4450 ὑμῖν.
2365 4399 2383 4432 ι
2421 4382 2589 4436 Ὅθεν
2620 4385 2715 4438 καὶ
2753 4385 2811 4439 ἐν
2842 4387 2920 4456 τῷ
2966 4387 3224 4458 συμϐόλῳ
3252 4390 3564 4458 γέγραπται
3621 4385 3755 4458 περὶ

2169 4472 2264 4525 τοῦ
2291 4472 2448 4540 ἁγίου
2488 4473 2831 4543 Πνεύματος,
2889 4497 2907 4530 ι
2947 4475 3020 4533 Τὸ
3066 4479 3311 4549 λαλῆσαν
3342 4482 3430 4536 διὰ
3461 4477 3571 4535 τῶν
3619 4498 3757 4551 προ-

488 4535 608 4590 Non
636 4537 811 4591 solum
833 4550 1012 4591 autem
1045 4538 1122 4614 ad,
1143 4541 1396 4595 amicitiae
1422 4543 1657 4613 propria:
1673 4545 1798 4614 jura
1823 4561 2059 4620 spectat,

2183 4535 2378 4633 ρητῶν.
2417 4584 2436 4617 ι
2502 4567 2576 4620 Οὐ
2612 4535 2862 4638 μόνον-δὲ
2913 4572 2972 4625 τὸ
3025 4572 3095 4626 τά
3122 4535 3411 4645 άπόῤῥητα
3442 4573 3640 4627 ἑαυτοῦ
3664 4535 3755 4645 Ιτῷ

490 4638 551 4683 ιιι
581 4645 688 4699 qua
711 4629 996 4684 aﬂectione
1027 4631 1237 4686 amicus
1269 4648 1436 4686 unum
1472 4636 1650 4692 amico
1678 4638 2062 4708 cﬂicitur,~sua

2169 4655 2312 4724 φίλῳ
2361 4657 2778 4714 ἀποκαλύπτειν
2827 4661 2958 4715 ἴδιόν
3012 4663 3131 4716 ἐστι
3188 4663 3373 4733 φιλίας
3404 4664 3493 4720 διὰ
3530 4664 3628 4735 τὴν
3651 4667 3749 4736 τῆς

487 4726 561 4779 illi
602 4734 809 4778 secreta
833 4723 1046 4794 detegat
1082 4741 1096 4788 ;
1127 4741 1315 4780 verum
1346 4728 1512 4798 exigit
1542 4731 1734 4788 eadem
1765 4736 1966 4801 unitas,
2002 4748 2064 4792 ut

2183 4723 2458 4812 ῑιαθέσεως
2491 4750 2740 4820 ἑνότητα,
2785 4751 2901 4805 ἀλλ’
2952 4755 2987 4823 η
3037 4723 3410 4826 αὐτὴ1ὲνότης
3450 4723 3670 4810 ἀπαιτεῖ

491 4819 631 4872 inter
664 4817 869 4874 amicos
896 4819 964 4873 sit
995 4833 1176 4872 rerum
1199 4822 1517 4876 cortimunio
1544 4837 1607 4876 ac
1635 4826 1890 4881 societas.
1926 4828 2060 4883 Cum

488 4894 632 4964 enim
670 4911 855 4977 homo,
888 4913 1053 4967 alium
1088 4929 1168 4978 se,
1202 4914 1438 4968 amicum
1475 4917 1691 4981 habeat,
1727 4935 1952 4975 necesse
1983 4931 2066 4976 est

490 5015 548 5058 ut
577 5005 724 5060 velut
753 5007 880 5069 sibi,
921 5006 998 5060 illi
1032 5006 1354 5076 opituletur,
1401 5023 1506 5077 qua
1541 5011 1756 5064 ratione
1787 5012 1903 5068 suis
1937 5030 2060 5068 cum

491 5099 843 5154 facultatibus
901 5101 1233 5168 imper’titur.
1286 5100 1655 5167 Quamobrem
1718 5107 1881 5158 etiam
1938 5119 2067 5174 pro-

489 5197 668 5266 prium
701 5206 784 5251 est
813 5196 1073 5252 amicitiae
1101 5198 1330 5262 bonum,
1370 5209 1427 5252 ut
1464 5199 1881 5270 bouumamico
1912 5203 2062 5270 velit,

489 5304 554 5347 ac
585 5292 633 5346 ei
663 5290 988 5346 henel'aciat.
1015 5290 1170 5346 Unde
1195 5301 1248 5345 et
1273 5291 1512 5347 Joannes
1550 5291 1888 5362 Evangelista
1940 5296 2018 5351 ait
2044 5312 2061 5351 :

489 5395 513 5433 ‘I
551 5384 652 5450 Qui
706 5383 870 5438 habet
917 5381 1282 5440 substantiam
1333 5385 1518 5439 mundi
1566 5384 1750 5455 hujus,
1797 5395 1850 5442 ct
1915 5389 2062 5444 videt

563 5551 608 5583 τ’
633 5554 789 5602 Prov.
813 5549 982 5614 3.19..
1057 5550 1290 5606 "Joan.
1316 5567 1407 5618 xx,
1427 5551 1521 5610 22.

387 5691 392 5694 _
491 5635 550 5685 ιι,
595 5622 647 5675 9.
723 5620 768 5654 ⁷⁸
791 5620 984 5676 Matth.
1031 5621 1200 5686 x,20.

562 5789 673 5859 (ξοδ
709 5788 868 5859 Vulg.
896 5787 1190 5858 ἐγνώρισα,
1220 5803 1344 5847 nota
1371 5792 1492 5848 feri.

567 5857 678 5924 iiii.)
724 5857 844 5931 Πιῦ
894 5857 1114 5915 οὐσίαν
1155 5857 1260 5918 τοῦ
1306 5867 1538 5935 κόσμου
1583 5868 1819 5922 τούτου.
1876 5864 2064 5923 erca

1624 5556 1670 5587 ⁷⁸
1696 5553 1885 5612 Matth.
1931 5572 2026 5622 xtl,
2064 5558 2154 5613 5|.

2169 4844 2448 4894 κοινωνεῖν
2505 4843 2616 4896 τῶν
2651 4842 2822 4898 ὄντων
2879 4847 2995 4908 τοῖς
3037 4845 3233 4914 φίλοις.
3279 4847 3435 4902 Ἐπεὶ
3471 4849 3628 4920 γάρὸ
3657 4850 3754 4904 άν-

2172 4931 2392 5001 θρωπος
2415 4933 2576 4987 ἄλλον
2605 4935 2802 4988 ἑαυτὸν
2831 4937 2944 5008 ἔχει
2970 4938 3061 4991 τὸν
3090 4938 3264 5005 φίλον,
3295 4941 3506 5013 ἀνάγκη
3534 4941 3750 5012 βοηθεῖν

2170 5022 2318 5092 αὐτῷ
2351 5023 2424 5086 ὡς
2450 5023 2651 5096 ἐαυτῷ,
2677 5024 2752 5096 τῷ
2783 5027 2890 5080 τῶν
2913 5028 3084 5082 ὄντων
3117 5032 3414 5086 κοινωνεῖν.
3447 5033 3610 5086 Ὅθεν
3651 5035 3750 5088 καὶ

2169 5115 2329 5169 τοῦτο
2357 5116 2485 5170 ἴδιόν
2525 5119 2645 5171 ἐστι
2680 5119 2780 5188 τῆς
2813 5120 2997 5188 φιλίας
3040 5125 3264 5191 ἀγαθὸν,
3292 5127 3370 5196 τῷ
3399 5125 3540 5197 φίλῳ
3564 5127 3751 5197 βούλε-

2173 5208 2296 5261 σθαι
2342 5209 2548 5277 ἀγαθὸν
2578 5211 2675 5264 καὶ
2707 5215 2902 5269 ποιεῖν.
2939 5214 3030 5267 Διὸ
3063 5217 3156 5270 καὶ
3187 5219 3354 5288 φησὶν
3384 5221 3412 5272 ὁ
3447 5221 3750 5289 Εὑαγγελι-

2171 5298 2300 5369 στὴς
2360 5297 2633 5371 Ἰωάννης,
2691 5321 2714 5354 ι
2761 5303 2820 5357 Ὀ
2859 5304 2999 5374 έχων
3046 5307 3145 5378 τὴν
3176 5311 3368 5364 οὐσίαν
3399 5311 3496 5366 τοῦ
3537 5313 3747 5382 κόσμου

2169 5392 2358 5446 τούτου
2389 5392 2525 5457 (51),
2552 5395 2647 5447 καὶ
2667 5393 2882 5464 βλέπων
2914 5397 3003 5452 τὸν
3033 5399 3262 5469 ἀδελφὺν
3297 5404 3464 5459 αὑτοῦ
3494 5407 3746 5477 ἀνάγκην

2254 5558 2300 5589 ⁷⁵
2329 5554 2475 5611 Psal.
2507 5573 2620 5621 cm,
2657 5556 2746 5612 30.

2858 5560 2905 5592 "
2958 5559 3118 5617 Joan.
3157 5579 3246 5630 xv,
3278 5565 3367 5622 15.
3470 5565 3522 5600 "
3562 5565 3740 5624 lCor.

2179 5793 2336 5874 Vulg.
2387 5789 2643 5874 v6vn§fov
2687 5790 3044 5874 rut-iuxtiattou
3082 5812 3097 5827 ο
3139 5796 3353 5874 aliaque
3382 5801 3463 5858 sic
3510 5805 3737 5874 variata,

2175 5875 2232 5920 ut
2259 5861 2460 5934 liqueat
2482 5861 2731 5917 Calecam
2768 5864 2964 5918 citassc
3001 5874 3056 5921 at
3087 5861 3362 5926 memoria:
3394 5861 3733 5943 occurrebat,
