4088 6422
292 430 396 495 δεῖ)

1248 430 1350 493 DE
1381 419 1824 493 'PRINCII’IIS
1856 424 2070 487 FIDEI
2109 424 2590 487 CATHOLICE.

3450 419 3559 489 ἐκθεῖ

301 550 512 621 ἔχοντα,
567 548 665 601 καὶ
717 544 899 600 ιλείων
921 544 989 600 τὰ
1018 545 1306 616 σπλάγχνα
1340 544 1507 600 αὑτοῦ
1539 541 1637 597 ἀπ’
1676 539 1865 606 αὐτοῦ,

1987 539 2198 596 Fratrem
2227 556 2389 597 suum
2439 536 2828 597 necessitatem
2864 537 3086 605 habere,
3129 515 3443 607 clauditqne
3469 537 3560 591 vi-

296 644 408 707 πῶς
439 643 473 712 ἠ
498 642 685 710 ἀγάπη
729 638 821 694 τοῦ
841 637 981 694 Θεοῦ
1034 640 1189 709 μενεῖ
1225 639 1286 691 ἐν
1313 637 1501 706 αὐτῷ;
1539 654 1558 690 ι
1593 634 1766 688 Τοῦτο
1808 632 1868 687 δὲ

168 795 177 805 η
294 734 386 788 ἐπὶ
408 731 504 786 τοῦ
540 730 678 786 Θεοῦ
718 730 957 802 μάλιστα
1012 729 1178 797 τόπον
1207 728 1347 801 ἔχει,
1389 722 1455 785 οῦ
1485 728 1545 781 τὸ
1579 724 1868 797 βούλεσθαι

292 824 682 895 ἐνεργέστατον
708 824 846 896 πρδς
863 823 927 877 τὸ
955 825 1133 878 ποιείν
1151 836 1167 853 ⁸
1198 821 1297 876 καὶ
1338 820 1428 875 διὰ
1455 818 1616 874 τοῦτο
1642 818 1871 880 εἰκότως

293 919 471 972 πάντα
498 916 568 971 τὰ
589 915 686 972 τοῦ
710 916 851 971 Θεοῦ
893 916 1219 988 χαρίσματα
1242 915 1333 970 διὰ
1362 913 1501 968 Πνεὺ
1511 930 1682 983 ματος
1708 912 1867 981 ἁγίου

289 1009 540 1076 λέγονται
563 1006 826 1075 δίδοσθαι,
857 1007 936 1073 ὡς
962 1009 992 1063 ό
1028 1006 1359 1070 ’Δπόστολος
1385 1004 1561 1076 φησί·
1596 1021 1616 1058 ι
1651 1002 1869 1058 Δίδοται

291 1097 379 1150 διὰ
396 1096 540 1150 ΙΙνεύ
547 1113 717 1165 ματος
738 1096 894 1167 λόγος
919 1096 1112 1167 σοφίας
1131 1112 1147 1128 ο
1175 1095 1322 1167 ἄλλῳ
1337 1094 1396 1151 δὲ
1424 1095 1584 1163 λόγος
1611 1091 1871 1163 γνώσεως

294 1189 435 1244 κατᾶ
489 1188 551 1242 rb
604 1189 741 1246 αὐτὸ
767 1188 1016 1259 Πνεῦμα.
1063 1207 1083 1242 0
1125 1189 1235 1243 Καὶ
1271 1186 1410 1259 μετὰ
1437 1187 1604 1241 ταῦτα
1657 1176 1871 1240 πολλῶν

293 1278 811 1352 ἀπαριθμηθέντων,
835 1297 858 1335 t
887 1279 1076 1335 Ταῦτα
1102 1280 1301 1345 πάντα,
1335 1298 1355 1332 ι
1376 1279 1564 1350 φησὶν,
1602 1278 1873 1351 ιγὲνεργεῐ

294 1374 353 1424 τὸ
376 1370 436 1427 ιν
463 1372 559 1426 καὶ
593 1370 656 1426 τδ
683 1369 819 1427 αὐτδ
858 1370 1081 1443 Πνεῦμα
1104 1411 1120 1438 ,
1155 1355 1404 1442 διαιροῦν
1430 1368 1653 1443 ἑκάστῳ
1685 1368 1874 1435 καθὼς

296 1461 567 1537 βούλεται.
597 1480 617 1515 ι

365 1553 476 1607 Καὶ
503 1552 663 1609 τοῦτο
683 1551 743 1608 δὲ
792 1551 1249 1626 ὑπερϐαλλούσης
1279 1554 1507 1623 ἀγάπης
1537 1556 1868 1625 τεκμήριον,

294 1644 355 1696 τὸ
378 1641 563 1713 ζητετν
590 1644 703 1708 τοῖς
729 1645 907 1714 φίλοις
936 1644 1074 1716 ὁμοῦ
1092 1644 1396 1718 διατρίϐειν
1417 1645 1512 1700 τὸν
1541 1645 1700 1716 φίλον
1727 1646 1744 1681 δ
1778 1646 1875 1701 καὶ

298 1737 496 1799 αὐτοὺς
516 1736 731 1811 χαίρειν
758 1738 819 1792 ιν
846 1742 972 1802 ταῖς
993 1740 1205 1804 κοιναῖς
1230 1739 1547 1804 συνουσίαις
1567 1754 1582 1771 ο
1619 1739 1717 1794 καὶ
1735 1738 1874 1805 δλως

296 1829 398 1881 οὐκ
437 1827 730 1897 ἀνέχεσθαι
780 1827 1192 1901 χωριζομένους
1217 1828 1490 1901 ἀλλήλων.
1558 1828 1625 1885 Ἦ
1650 1830 1709 1885 δι
1733 1829 1876 1902 μετὰ

298 1919 391 1974 τοῦ
416 1920 684 2001 Θεοῦτῶν
713 1919 1024 1993 ἀνθρώπων
1054 1921 1308 1995 διατριϐὴ
1330 1922 1422 1978 διὰ
1448 1923 1552 1993 τῆς
1578 1911 1747 1979 αὑτοῦ
1775 1940 1875 1979 πε-

303 2010 569 2080 ριγίνεται
592 2010 847 2082 θεωρίας,
879 2009 955 2076 ὥς
987 2028 1155 2082 φησιν
1176 2015 1204 2068 ό
1237 2014 1582 2081 ’Δπόστολος,
1619 2032 1642 2069 ι
1682 2013 1876 2087 Ἦμῶν

293 2105 357 2155 τὸ
380 2104 681 2174 πολίτευμα
705 2106 764 2158 ὲν
787 2106 1040 2175 οὐρανοῖς
1069 2106 1330 2179 ὑπάρχει.
1360 2124 1380 2161 ι
1427 2107 1585 2164 Ἐπεὶ
1608 2106 1792 2163 τοίνυν
1814 2109 1877 2162 τὸ

303 2192 527 2265 Πνεῦμα
582 2196 644 2247 τὸ
693 2194 851 2264 ἅγιον
905 2194 1146 2265 ἐραστὰς
1189 2197 1342 2268 ἡμᾶς
1394 2198 1545 2253 ποιεῖ
1574 2197 1672 2252 τοῦ
1715 2196 1878 2263 Θεοῦ,

303 2285 523 2347 εἰκότως
556 2285 624 2339 δι’
646 2286 814 2345 αὑτοῦ
839 2288 937 2343 καὶ
959 2286 1158 2358 θεωροὶ
1186 2288 1283 2342 τοῦ
1302 2288 1441 2343 Θεοῦ
1462 2287 1876 2360 καθιστάμεθα.

304 2378 465 2431 Ὅθεν
485 2380 512 2432 ό
543 2378 706 2442 αὐτὸς
728 2380 918 2459 φησιν,
983 2396 1004 2434 ι
1044 2381 1241 2453 Ἡμεῖς
1263 2379 1321 2434 δὲ
1354 2380 1559 2444 πάντες
1603 2380 1882 2435 ἀνακεκα-

299 2470 566 2544 λυμμένῳ
592 2471 872 2544 προσώπῳ
893 2473 993 2546 τὴν
1012 2473 1173 2543 δόξαν
1195 2475 1290 2529 τοῦ
1312 2472 1521 2546 Κυρίου
1572 2489 1786 2530 κατοπτ
1795 2491 1881 2545 ρι-

303 2562 543 2633 ζόμενοι,
575 2565 655 2630 εἰς
678 2564 780 2637 τὴν
811 2565 988 2637 αὐτὴν
1013 2566 1201 2631 είκόνα
1238 2565 1747 2637 μεταμορφούμεθα
1772 2566 1883 2620 ἀπὸ

305 2657 464 2728 δόξης
486 2659 567 2723 είς
601 2658 782 2725 δόξαν,
815 2657 1069 2730 καθάπερ
1108 2659 1217 2714 ἀπὸ
1241 2658 1452 2730 Κυρίου
1481 2643 1829 2728 Πνεῦματος.
1856 2674 1876 2711 0

380 2752 535 2805 Ἐστι
582 2750 642 2806 δὲ
693 2752 877 2823 φιλίας
906 2751 1039 2808 ίδιον
1069 2753 1133 2806 τὸ
1159 2752 1255 2806 καὶ
1284 2752 1343 2806 ἒν
1367 2752 1435 2823 τῇ
1471 2750 1757 2822 παρουσίᾳ
1786 2748 1881 2803 τοῦ

308 2844 462 2912 φίλου
489 2844 703 2917 χαίρειν
728 2845 822 2900 τὸν
852 2844 1029 2916 φίλον,
1080 2845 1176 2899 καὶ
1197 2847 1311 2908 τοῖς
1348 2842 1518 2898 αὑτοῦ
1546 2842 1733 2914 ἔργοις
1790 2842 1886 2896 καὶ

305 2939 489 3005 λόγοις
539 2938 809 3010 116300“.-
853 2938 997 3010 παρ’
1042 2935 1210 2992 αὑτοῦ
1261 2953 1324 2991 τε
1356 2934 1717 3009 παραμυθίαν
1748 2935 1887 3007 πρὸς

306 3033 485 3096 πάσας
506 3029 602 3096 τὰς
627 3032 952 3104 δυσχερείας
982 3031 1285 3103 εὑρίσκειν.
1315 3029 1481 3086 Ὀθεν
1515 3031 1575 3084 ὲν
1626 3030 1750 3094 ταῖς
1785 3027 1885 3082 λύ-

309 3140 442 3188 παις
492 3125 847 3197 παραμυθίας
874 3124 1039 3179 ἓνεκα
1071 3127 1209 3196 πρὸς
1230 3123 1359 3187 τοὺς
1405 3121 1596 3194 φίλους
1650 3121 1887 3194 μάλιστα

309 3215 748 3288 καταφεύγομεν.
790 3216 947 3271 Ἐπεὶ
966 3215 1148 3271 τοίνυν
1167 3215 1230 3269 τδ
1261 3212 1491 3286 Πνεῦμα
1522 3216 1583 3269 τὺ
1604 3214 1762 3284 ἅγιον
1796 3211 1888 3283 φί-

307 3308 433 3372 λους
480 3308 628 3380 ἡμᾶς
662 3308 956 3379 καθίστησι
992 3306 1089 3362 τοῦ
1125 3307 1284 3370 Θεοῦ,
1345 3308 1443 3361 καὶ
1476 3307 1641 3362 αὐτὸν
1665 3306 1722 3362 ὲν
1750 3307 1887 3378 ἡμῖν

309 3403 406 3456 καὶ
431 3400 578 3473 ἡμᾶς
603 3404 664 3457 ἐν
691 3402 841 3474 αὐτῷ
866 3403 1015 3456 ποιεί
1040 3403 1343 3467 κατοικεῖν,
1378 3402 1454 3464 ὡς
1492 3399 1887 3471 προαποδιδει-

311 3514 436 3551 κται
454 3514 467 3529 ο
497 3496 647 3563 είκός
668 3496 785 3551 ἔστι
806 3495 874 3549 δι’
903 3493 1072 3551 αὑτοῦ
1096 3493 1445 3566 εὐφροσύνην
1472 3494 1623 3565 ἡμᾶς
1643 3493 1739 3548 καὶ
1776 3508 1888 3546 πα-

316 3589 583 3660 ράκλησιν
631 3584 940 3659 λαμϐάνειν
968 3584 1122 3658 παρὰ
1148 3585 1287 3642 Θεοῦ
1318 3586 1457 3658 πρὸς
1481 3586 1663 3649 πάσας
1694 3585 1795 3647 τὰς
1823 3584 1889 3639 ὲκ

311 3680 403 3735 τοῦ
432 3680 639 3752 κόσμου
666 3680 958 3745 δυσκολίας
983 3680 1079 3734 καὶ
1109 3677 1312 3751 μάχας.
1347 3676 1512 3731 Ὅθεν
1547 3679 1644 3731 καὶ
1669 3681 1698 3732 ό
1733 3677 1890 3731 Ψαλ-

318 3774 493 3844 μῳδδς
520 3773 694 3841 λέγει,
727 3790 749 3825 ι
797 3771 1017 3835 Ἀπόδος
1045 3782 1134 3843 μοι
1159 3770 1262 3842 τὴν
1291 3769 1621 3840 ἀγαλλίασιν
1653 3769 1750 3823 τοῦ
1785 3786 1893 3823 σω-

313 3868 503 3939 τηρίου
532 3882 648 3932 σου,
679 3865 777 3921 καὶ
813 3865 1095 3937 Πνεῦματι
1124 3862 1439 3935 ἡγεμονικῷ
1469 3860 1724 3934 στήριξόν
1750 3878 1840 3933 με.
1866 3881 1886 3915 0

318 3960 427 4013 Καὶ
448 3959 477 4011 ὁ
542 3955 888 4020 ⁹Δπόστολος,
946 3974 965 4007 ι
1006 3955 1084 4009 .Ἣ
1111 3953 1362 4026 βασιλεία
1390 3953 1485 4007 τοῦ
1520 3953 1658 4017 Θεοῦ
1686 3954 1896 4008 δικαιο-

318 4049 452 4119 σύνη
480 4047 573 4102 καὶ
604 4048 798 4119 εἰρήνη
824 4042 919 4100 καὶ
950 4045 1098 4117 χαρὰ
1136 4046 1195 4099 ὲν
1225 4044 1508 4116 Πνεῦματι
1538 4043 1698 4116 ἁγίῳ.
1735 4065 1755 4098 0
1784 4046 1896 4101 Καὶ

246 4187 260 4198 .
319 4144 376 4195 ἐν
397 4143 517 4205 ταῖς
563 4140 802 4212 Πράξεσι
861 4140 970 4192 τῶν
1021 4134 1336 4193 ἀποστόλων
1385 4137 1605 4207 λέγεται
1635 4137 1895 4209 περὶτῆς

329 4231 677 4303 Ἐκκλησίας,
751 4251 771 4284 ι
837 4231 1182 4304 ’ῼκοδομεϊτο
1231 4230 1581 4302 πορευομένη
1637 4229 1698 4282 ὲν
1743 4229 1895 4301 φόϐῳ

320 4321 476 4390 Θεοῦ,
507 4327 604 4380 καὶ¹
629 4324 725 4395 τῆς
758 4325 1159 4396 παρακλήσεως
1203 4324 1297 4378 τοῦ
1351 4323 1511 4389 ἁγίου
1575 4323 1897 4394 Πνεύματος

320 4412 640 4487 ἐπληροῦτο.
677 4434 696 4468 ι
739 4415 837 4468 Διὰ
856 4414 1014 4469 τοῦτο
1042 4418 1135 4469 καὶ
1168 4415 1198 4471 ὁ
1222 4414 1429 4487 Κύριος
1460 4415 1525 4470 ea
1548 4414 1782 4488 Πνεῦμα
1832 4414 1897 4469 τὸ

319 4508 472 4577 ἅγιον
504 4507 850 4579 Παρήγορον
886 4506 1170 4579 ὀνομάζει.
1556 4510 1559 4511 ⁷

404 4599 561 4653 Ἀλλὰ
596 4601 702 4671 μὴν
728 4600 822 4653 καὶ
849 4599 910 4653 rb
943 4599 1135 4672 μηδενὶ
1167 4598 1531 4656 δεδουλῶσθαι
1561 4602 1714 4674 καὶὴ
1743 4601 1896 4658 ἐλευ-

2076 4606 2222 4674 Quin
2250 4614 2303 4662 et
2366 4605 2572 4661 nullius
2618 4603 2902 4660 servitutis
2936 4589 3092 4677 jugo'
3119 4604 3290 4674 premi
3327 4611 3495 4673 atquc
3526 4604 3592 4658 li-

319 4693 473 4765 θερίσ
514 4692 589 4758 ὡς
617 4696 871 4765 μέγιστον
903 4694 1108 4763 ἀγαθὸν
1141 4694 1236 4747 καὶ
1281 4686 1649 4759 σπουδάζεται
1670 4694 1768 4747 καὶ
1802 4702 1894 4762 <91-

318 4787 510 4846 λείται,
572 4788 636 4841 Οί
693 4786 826 4857 γοῦν
857 4787 920 4840 οὐ
953 4773 1106 4858 φόῦῳ
1139 4786 1438 4853 κολάσεως,
1471 4785 1663 4857 ὥσπερ
1695 4785 1896 4853 δοῦλοι,

319 4879 457 4932 ἀλλὰ
489 4878 579 4933 διὰ
604 4879 702 4950 τὴν
723 4879 818 4933 τοῦ
845 4877 980 4933 Θεοῦ
1007 4879 1229 4949 ἀγάπην
1251 4879 1350 4932 καὶ
1385 4878 1577 4949 φιλίαν
1602 4879 1898 4949 ἐπιμελού-

326 4980 476 5042 μενοι
511 4972 767 5045 ἀρέσκειν
813 4971 955 5045 Θεῷ,
983 4964 1131 5027 οῦτοί
1176 4972 1283 5025 είσι
1315 4970 1561 5044 μόνιμοι,
1593 4971 1899 5043 ἐλευθέρως

322 5064 416 5116 καὶ
459 5063 723 5127 ἑκουσίως
773 5065 910 5135 πρὸς
964 5064 1098 5118 αὐτὸ
1130 5058 1493 5132 δῖακείμενοι,
1529 5062 1645 5117 ἀλλ’
1674 5065 1775 5136 οὐχ
1803 5065 1897 5118 ὑπ’

324 5157 566 5227 ἀνάγκης
591 5154 625 5231 ἢ
654 5157 777 5229 βίας
804 5156 1044 5225 τάγαθὸν
1074 5157 1147 5222 ὡς
1168 5157 1346 5211 δοῦλοι
1374 5156 1734 5229 πράττοντες.
1788 5157 1900 5212 Καὶ

323 5249 369 5301 οἱ
400 5247 638 5303 τοιοῦτοι
663 5250 773 5303 υἱοὶ
799 5249 896 5304 καὶ
922 5248 1071 5320 φίλοι
1107 5249 1246 5305 εἰσιν
1272 5246 1415 5318 ἄξιοι
1465 5249 1755 5305 καλεῖσθαι
1805 5250 1901 5305 τοῦ

323 5338 480 5397 Θεοῦ.
528 5341 596 5396 Ἦ
622 5340 753 5411 γοῦν
785 5342 1058 5414 παντελὴς
1079 5343 1177 5397 καὶ
1196 5344 1401 5408 παντὸς
1429 5340 1587 5405 δέους
1615 5340 1902 5414 ἀπηλλαγο

329 5430 463 5508 μένη
513 5433 796 5508 ἐλευθερία
818 5475 834 5504 ,
869 5437 928 5489 ἒν
962 5426 999 5510 ᾖ
1043 5435 1280 5507 μάλιστα
1314 5437 1412 5492 καὶ
1459 5436 1494 5507 ἠ
1523 5435 1622 5507 τῆς
1662 5436 1903 5509 ἀρχαίας

399 5615 446 5647 τ’
486 5612 689 5673 iJoan.
741 5630 823 5679 ιιι,
881 5616 973 5672 l7.
1077 5616 1124 5650 ⁸⁸
1158 5616 1175 5670 I
1220 5615 1349 5673 Cor.
1383 5577 1485 5678 an.
1519 5617 1573 5675 8.

324 5683 575 5745 ⁸⁸.1ἐιι1.
631 5702 684 5752 ι,
738 5687 821 5741 14.

334 5896 419 5949 ιιι.

1693 5616 1737 5650 ’ί
1766 5616 1784 5673 Ι
1820 5614 1950 5672 Cor.
1984 5631 2083 5682 xu,
2122 5614 2214 5677 ti.

932 5686 978 5719 "
1040 5685 1200 5744 Rom.
1263 5703 1374 5752 xiv,
1428 5688 1516 5745 i7.
1588 5684 1636 5724 ⁸⁸
1669 5686 2011 5754 Δοι.ιιι,5ι.
2085 5687 2132 5722 ⁸⁷
2162 5689 2327 5746 Joan.
2358 5705 2474 5758 xvr,
2501 5684 2553 5746 7.

1973 647 2126 690 scera
2148 647 2248 689 sua
2281 633 2353 689 ab
2385 646 2472 700 eo,
2507 631 2787 704 quomodo
2818 629 3064 687 manebit
3091 629 3337 685 citaritas
3376 628 3469 684 Dei
3501 627 3568 683 in

1971 723 2065 781 illo
2094 725 2184 779 τοι
2219 740 2239 777 ι
2271 724 2438 796 idque
2466 725 2521 780 in
2555 724 2666 780 Deo
2697 723 2936 779 maxime
2958 723 3141 779 locum
3172 722 3353 785 habet,
3386 721 3551 793 cuius
3606 779 3613 785 ,

1969 816 2111 874 velle
2130 826 2191 872 ut
2220 814 2392 872 faciat
2428 816 2874 874 eiiicacissimum
2911 825 3018 873 est.
3051 817 3298 886 Eamque
3328 816 3401 871 ob
3441 828 3559 870 rem

1971 907 2118 964 haud
2162 906 2445 962 immerito
2481 922 2512 962 a
2565 907 2676 964 Deo
2719 907 2909 964 omnia
2958 907 3107 963 dona
3138 906 3259 962 dari
3301 904 3562 961 dicuntur

1970 1012 2068 1070 per
2108 997 2374 1070 Spiritum
2397 1010 2677 1068 sanctum,
2713 999 2790 1056 uti
2830 997 3132 1071 Apostolus
3162 1000 3287 1055 ait:
3329 1015 3349 1049 ι
3391 995 3562 1052 Datur

1971 1105 2068 1162 per
2127 1088 2391 1163 Spiritum
2450 1106 2634 1149 sermo
2690 1090 3011 1162 sapientiae;
3052 1090 3149 1145 alii
3197 1103 3330 1146 vero
3373 1100 3563 1153 sermo

1971 1171 2214 1240 scientia:
2243 1183 2548 1240 secundum
2581 1182 2837 1239 eumdem
2874 1181 3142 1252 Spiritum
3164 1180 3236 1235 ⁸⁸.
3271 1198 3290 1233 0
3326 1179 3561 1235 Postea-

1972 1286 2082 1346 que
2127 1273 2318 1331 multis
2368 1273 2755 1330 enumeratis:
2815 1289 2836 1326 ι
2880 1270 3025 1343 Illac
3082 1269 3291 1336 omnia,
3350 1268 3562 1338 inquit,

1976 1375 2240 1437 operatur
2271 1376 2419 1422 unus
2441 1373 2611 1437 atque
2658 1363 2802 1423 idem
2845 1361 3111 1435 Spiritus,
3145 1359 3398 1417 dividens
3443 1357 3563 1416 sin-

1971 1456 2116 1528 gulis
2137 1463 2302 1526 prout
2328 1455 2447 1511 vult
2468 1454 2541 1512 υ.
2587 1472 2608 1506 0

2046 1548 2191 1617 Quin
2229 1548 2334 1603 hoc
2367 1561 2593 1618 quoque
2636 1546 2861 1603 eximiae
2885 1534 3175 1604 ciiaritatis
3224 1551 3438 1601 certum
3476 1541 3565 1598 in.

1973 1637 2181 1695 dieium
2213 1647 2319 1704 cst,
2355 1647 2416 1693 ut
2445 1637 2664 1693 amicus
2697 1653 2823 1694 cum
2851 1637 3032 1693 amico
3074 1636 3286 1692 versari
3329 1642 3563 1706 quaret,

1974 1740 2041 1785 ac
2062 1738 2254 1785 mutuo
2278 1729 2623 1785 delectentur
2647 1742 2947 1801 congressu
2964 1766 2983 1793 ,
3018 1739 3383 1798 necem-orsus
3420 1725 3567 1782 alius

1976 1822 2045 1878 ab
2079 1821 2187 1878 alio
2235 1821 2481 1894 separari
2526 1821 2823 1879 sustineat.
2868 1820 3025 1888 Quod
3077 1823 3264 1877 autem
3314 1817 3568 1875 homines

1975 1927 2101 1972 cum
2145 1914 2257 1972 Deo
2290 1915 2603 1981 versentur,
2636 1930 2735 1985 per
2769 1914 2919 1970 illius
2948 1913 3184 1984 obtingit
3227 1908 3569 1979 contempla-

1978 2007 2206 2073 tionem,
2251 2008 2397 2065 sicut
2424 2008 2502 2064 ait
2538 2000 2879 2079 Apostolus:
2919 2024 2939 2059 ι
2976 2005 3178 2062 Nostra
3215 2015 3396 2061 autem
3422 2014 3569 2060 ron-

1979 2102 2217 2158 versatio
2244 2102 2300 2157 in
2342 2102 2500 2158 caelis
2530 2109 2617 2158 est
2664 2100 2732 2157 ⁸⁸.
2769 2119 2789 2154 0
2829 2099 2971 2168 Quia
2992 2113 3125 2170 ergo
3172 2089 3409 2170 spiritus
3436 2110 3570 2152 san-

1978 2204 2102 2251 ctus
2135 2201 2366 2266 praestat
2410 2201 2472 2250 ut
2521 2191 2618 2250 Dei
2671 2199 2951 2249 amatores
2995 2192 3193 2259 simus,
3234 2190 3434 2246 merito
3473 2204 3573 2260 per

1978 2296 2106 2345 eum
2135 2287 2297 2342 etiam
2325 2285 2434 2342 hoc
2477 2285 2876 2351 nanciscimur,
2911 2292 2972 2342 ut
3014 2284 3185 2342 Deum
3219 2285 3574 2355 contemple-

1981 2390 2129 2437 mur.
2153 2376 2310 2434 Unde
2336 2377 2414 2432 ait
2442 2375 2587 2433 idem
2619 2376 2916 2448 Apostolus
2947 2393 2962 2430 :
2989 2377 3102 2433 Nos
3127 2386 3307 2433 autem
3329 2375 3571 2431 revelata

1982 2472 2147 2536 facie,
2178 2469 2411 2541 gloriam
2452 2467 2670 2525 Domini
2700 2468 2863 2539 quasi
2891 2483 2958 2524 ex
2994 2468 3221 2539 specqu
3264 2481 3575 2539 repraesen-

1985 2575 2183 2631 tantes,
2223 2563 2279 2618 in
2306 2564 2557 2621 eamdem
2588 2562 2882 2636 imaginem
2912 2560 3376 2618 transformamur
3402 2575 3434 2616 a
3461 2559 3577 2616 cla-

1984 2668 2146 2722 ritate
2188 2665 2244 2721 in
2291 2663 2623 2726 claritatem,
2650 2656 2813 2730 quasi
2847 2666 2879 2712 a
2928 2653 3147 2712 Domini
3195 2652 3408 2725 Spiritu
3437 2652 3504 2709 ⁸⁸.
3551 2654 3571 2706 i

2056 2754 2230 2811 Porro
2259 2752 2517 2810 amicitiae
2547 2750 2834 2824 proprium
2862 2755 2970 2816 est,
2997 2756 3060 2803 ut
3085 2753 3140 2803 et
3169 2747 3385 2803 amicus
3413 2745 3578 2802 amici

1988 2848 2277 2923 praesentia
2305 2847 2559 2918 gaudeat,
2590 2845 2822 2916 ejusque
2856 2852 2911 2898 et
2945 2840 3105 2897 factis
3132 2848 3185 2896 et
3224 2837 3389 2896 dictis
3427 2839 3604 2896 delea

1988 2953 2206 3010 cietur;
2248 2949 2413 3012 atque
2458 2940 2528 2996 ab
2583 2953 2670 3004 eo,
2705 2932 2968 3009 quicquid
3022 2932 3238 2990 molesti
3293 2932 3580 2992 acciderit.

1989 3033 2420 3094 consolationem
2467 3041 2633 3102 atque
2688 3030 2940 3086 levamen
3003 3028 3267 3084 inveniat.
3321 3024 3577 3098 Ilincque

1990 3130 2129 3187 adeo
2160 3138 2266 3194 est,
2315 3135 2377 3183 ut
2425 3140 2548 3183 cum
2578 3139 2727 3198 azgro
2755 3122 2949 3180 animo
2979 3134 3194 3185 sumus,
3254 3123 3323 3178 ad
3368 3122 3581 3179 amicos

1992 3221 2249 3289 maxime,
2281 3218 2496 3276 levandi
2527 3217 2791 3276 maeroris
2820 3230 2982 3274 causa
3003 3210 3411 3286 confugiamus.
3440 3208 3581 3282 Quia

1993 3312 2161 3386 igitur
2201 3309 2447 3385 Spiritus
2496 3317 2721 3368 sanctus
2751 3307 2964 3364 amicos
2994 3307 3085 3362 Dei
3132 3322 3238 3364 nos
3271 3304 3579 3372 constituit,

1993 3405 2288 3476 ipsumque
2313 3404 2368 3459 in
2403 3402 2584 3469 nobis,
2622 3416 2688 3459 ac
2721 3413 2825 3458 nos
2847 3401 2902 3456 in
2929 3394 3027 3456 il'io
3059 3399 3311 3471 habitare
3341 3398 3493 3465 facit,
3521 3408 3583 3454 ut

1995 3496 2048 3551 in
2084 3495 2462 3566 superioribus
2510 3502 2793 3551 ostensum
2843 3500 2950 3559 est,
2977 3508 3076 3564 par
3100 3480 3269 3549 estut
3306 3492 3427 3564 ejus
3459 3502 3583 3547 mu-‘

1993 3602 2126 3643 nere
2147 3585 2388 3643 laetitiam
2401 3601 2466 3643 ac
2497 3585 2929 3642 consolationem
2953 3587 3221 3642 adversus
3251 3584 3437 3641 seculi
3463 3601 3586 3640 mo-

1994 3678 2183 3736 lestias
2204 3692 2396 3734 omnes
2425 3692 2743 3750 pugnasque
2767 3693 2797 3733 a
2827 3675 2938 3733 Deo
2964 3686 3389 3747 consequamur.
3426 3675 3587 3733 Unde

1994 3775 2159 3830 etiam
2211 3771 2290 3827 ait
2330 3770 2626 3826 Psalmista
2667 3789 2680 3825 :
2717 3786 2737 3822 ι
2773 3762 2961 3824 Redde
2988 3754 3122 3824 mihi
3152 3755 3579 3824 exsultationem

1997 3862 2258 3922 salutaris
2286 3862 2391 3929 tui,
2419 3866 2474 3922 et
2502 3861 2715 3933 Spiritu
2741 3860 3033 3932 principali
3060 3859 3327 3917 conﬁrma
3356 3875 3441 3916 me
3472 3857 3581 3946 ⁸⁵.

1996 3958 2292 4029 Apostolus
2310 3971 2531 4029 quoque
2557 3973 2571 4009 :
2601 3952 2881 4026 «Regnum
2908 3955 3001 4010 Dci
3036 3961 3122 4010 est
3152 3954 3363 4025 iustitia
3396 3964 3448 4010 et
3480 3956 3586 4025 part

1998 4061 2052 4106 et
2080 4048 2337 4119 gaudium
2372 4051 2424 4104 in
2457 4047 2664 4119 Spiritu
2698 4056 2891 4103 sancto
2919 4046 2988 4104 ⁸⁸.
3022 4066 3041 4101 0
3077 4045 3322 4118 Itemque
3350 4048 3404 4103 in
3435 4048 3588 4104 Artis

1998 4145 2380 4216 apostolorum
2414 4143 2620 4199 dicitur
2655 4142 2723 4198 de
2749 4139 2996 4198 Ecclesia
3035 4158 3052 4197 :
3094 4147 3113 4194 ἀ
3161 4141 3318 4208 Quod
3351 4140 3589 4197 aediﬁca-

1997 4237 2163 4293 batur
2221 4234 2515 4290 ambulans
2578 4233 2632 4289 in
2690 4235 2890 4291 timore
2945 4233 3065 4299 Dei,
3115 4241 3170 4288 et
3205 4232 3590 4289 consolatione

2000 4330 2240 4401 Spiritus
2271 4329 2448 4385 sancti
2487 4326 2801 4398 replebatur
2825 4326 2895 4382 ⁸⁸.
2932 4346 2951 4380 0
2980 4327 3159 4398 Atque
3194 4325 3249 4381 id
3294 4340 3478 4383 causa:
3506 4334 3591 4381 est

1999 4436 2099 4477 cur
2128 4431 2183 4477 et
2209 4419 2479 4476 Dominus
2532 4415 2801 4490 Spiritum
2834 4430 3089 4475 sanctum
3135 4426 3293 4474 vocet
3322 4416 3591 4473 Consola-

1999 4522 2173 4570 torem
2205 4512 2275 4567 ⁸⁷.

1997 4699 2203 4761 bertas,
2230 4707 2493 4770 tanquam
2526 4699 2828 4768 maximum
2857 4695 3060 4752 bonum
3098 4705 3154 4750 et
3196 4694 3429 4750 solicitis
3467 4696 3586 4750 ani-

1998 4791 2103 4846 mis
2132 4790 2398 4861 quaaritur
2426 4797 2481 4845 et
2519 4790 2829 4844 adamatur.
2861 4787 2967 4855 Qui
3000 4803 3134 4858 ergo
3179 4798 3287 4841 ιιοιι
3324 4788 3585 4857 supplicii

1999 4893 2173 4948 metu,
2200 4892 2260 4938 ut
2288 4883 2455 4948 servi,
2487 4882 2580 4938 sed
2611 4882 2797 4936 divina
2824 4881 3098 4936 charitate
3137 4896 3203 4935 ac
3249 4896 3440 4935 amore
3477 4880 3588 4937 Deo

1997 4977 2213 5048 placere
2243 4975 2485 5039 student,
2523 4975 2578 5029 iii
2629 4973 3000 5029 constantiam
3037 4983 3248 5043 tenent,
3282 4977 3376 5044 qui
3419 4974 3593 5032 libere

2002 5084 2068 5124 ac
2101 5081 2299 5139 sponte
2337 5069 2479 5125 bono
2510 5069 2845 5131 adinercant,
2871 5082 2971 5123 nec
2998 5068 3106 5123 ulla
3142 5073 3472 5128 necessitate
3497 5083 3594 5129 aut

2002 5158 2080 5227 vi,
2117 5173 2402 5215 servorum
2440 5160 2613 5226 more,
2645 5158 2779 5214 illud
2835 5166 3146 5218 exerceant.
3188 5165 3266 5219 Ac
3291 5164 3388 5235 qui
3442 5166 3593 5237 cjus-

2005 5252 2153 5307 modi
2217 5261 2370 5317 sunt,
2415 5268 2633 5323 aequum
2693 5266 2777 5309 est
2818 5265 2876 5309 ut
2927 5254 3027 5310 lilii
3070 5271 3136 5312 ac
3163 5258 3328 5313 amici
3372 5255 3469 5314 Dei
3499 5274 3598 5313 au-

2005 5344 2180 5400 diant.
2211 5343 2378 5401 Plena
2398 5362 2551 5415 ergo,
2581 5347 2844 5417 omnique
2874 5359 3022 5403 metu
3046 5349 3223 5405 soluta
3258 5350 3484 5406 libertas
3516 5352 3594 5421 (in

2003 5427 2116 5508 qua
2167 5438 2332 5495 etiam
2392 5440 2631 5496 maxime
2687 5439 2928 5512 antiquae
2979 5442 3234 5515 imaginis
3288 5444 3599 5514 ingenuitas

2325 5617 2372 5651 ⁸⁸
2400 5616 2642 5692 Philipp.
2676 5635 2759 5688 ιιι,
2791 5620 2883 5679 2οζ
2994 5620 3043 5655 ⁸³
3077 5597 3313 5686 Μίδων.
3371 5636 3456 5688 ιιι,
3506 5623 3595 5691 18.

332 5837 441 5905 non
468 5824 586 5896 ipsa
611 5825 774 5881 verba
806 5833 863 5880 ιιι
886 5825 1109 5897 legerat.
1158 5827 1247 5884 Sic
1279 5829 1527 5899 sequenti
1561 5830 1889 5886 auctoritate
1929 5826 2196 5886 omissum
2229 5829 2312 5898 τὸ,
2346 5796 2491 5905 ἰδίᾳ,
2513 5832 2658 5904 quod
2689 5841 2868 5889 tamen
2911 5832 3036 5892 aliis
3069 5832 3202 5891 locis
3273 5847 3382 5889 non
3428 5831 3595 5889 οιιιῐιο
