4088 6436
505 399 610 459 ῖιϐἾ

1781 409 2170 488 Μειδςιῑιῖως
2210 412 2514 471 (ΞΛΙΕΟΕ

3649 409 3757 477 ῖ68

503 514 702 570 elucet)
738 514 882 566 velut
917 531 944 565 a
978 513 1162 566 divina
1197 513 1500 579 Cbaritate,
1533 517 1601 569 ab
1638 517 1844 586 Spiritu
1887 527 2078 570 sancto

2186 518 2394 581 εξκόνος
2419 519 2670 586 εὐγένεια
2702 517 3119 586 καταφαίνεται,
3151 519 3225 580 ὡς
3255 519 3403 590 παρὰ
3427 519 3756 590 θείαςἈγά-

505 606 799 674 praebetur,
836 605 939 667 bis.
973 607 1066 672 qui
1126 621 1221 675 per
1261 607 1488 674 gratiam
1527 617 1584 661 ut
1619 607 1712 662 lilii
1758 607 1851 662 Dei
1889 609 1999 662 sint
2029 620 2082 661 et

504 696 756 752 dit-antur
784 699 1063 752 consecuti
1089 708 1215 752 sunt
1251 715 1264 751 :
1301 699 1675 769 «Quicumque
1704 702 1872 764 enim,
1908 701 2083 767 inquit

507 789 730 850 Paulus,
763 788 966 862 Spiritu
1011 788 1102 843 Dei
1133 801 1388 856 aguntur,
1424 793 1476 846 lii
1514 803 1642 848 sont
1675 795 1766 850 ﬁlii
1819 793 1912 846 Dei
1947 790 2017 846 ⁸⁸.
2054 810 2073 841 ι

509 902 528 936 ι
579 881 638 934 Ει
697 896 962 935 rursum:
1031 880 1132 936 Ubi
1190 881 1426 950 Spiritus
1485 884 1720 945 Domini.
1772 869 1862 938 ‘ibi
1920 885 2084 938 liber-

509 980 590 1024 tas
620 971 690 1025 ⁸⁵.
729 988 749 1020 ι
789 971 851 1025 Ει
883 989 896 1026 :
938 991 957 1024 ι
999 970 1055 1026 Si
1091 972 1298 1043 Spiritu
1334 975 1624 1040 ducimiui,
1665 989 1772 1028 nou
1801 976 1938 1030 estis
1973 974 2079 1028 sub

499 1067 620 1136 lege
656 1068 724 1123 °°.
762 1087 782 1120 ι

574 1159 712 1216 l-linc
752 1171 836 1216 est
881 1173 936 1217 et
957 1162 1103 1228 quod
1141 1161 1403 1233 Spiritus.
1447 1162 1630 1217 carnis
1661 1175 1827 1231 Opera
1874 1160 2078 1215 dicitur

499 1256 855 1322 mortiﬁcare,
907 1266 1185 1326 quatenus
1241 1272 1336 1326 per
1385 1256 1568 1311 carnis
1625 1256 1880 1310 libidines
1915 1265 2080 1324 atque

498 1345 630 1400 \itia
661 1361 693 1401 a
729 1361 860 1400 vero
895 1346 1041 1402 bono
1071 1348 1398 1410 recedimus,
1423 1348 1489 1402 ad
1523 1346 1670 1417 quod
1707 1362 1806 1402 nos
1837 1345 2077 1416 Spiritus

499 1451 731 1495 sanctus
781 1455 879 1509 per
924 1439 1266 1494 Cltaritatem
1325 1439 1531 1509 dirigit,
1565 1439 1644 1492 uti
1681 1438 1979 1508 Apostolus
2007 1437 2076 1491 ad

500 1531 780 1586 Rotnanos
809 1531 1018 1597 scribit,
1055 1549 1074 1584 ι
1110 1529 1172 1586 Si
1198 1529 1409 1600 Spiritu
1467 1546 1629 1599 opera
1669 1531 1853 1586 carnis
1887 1528 2079 1583 morti-

502 1622 799 1678 lieaveritis
822 1661 842 1684 ,
872 1621 1067 1677 vivetis
1092 1622 1160 1678 ”.
1201 1641 1220 1675 ι
1261 1621 1424 1676 Multa
1453 1637 1582 1676 vero
1613 1615 1776 1676 etiam
1811 1621 1914 1674 alia
1941 1634 2068 1688 pos—

498 1715 572 1768 sit
598 1713 720 1780 quis
756 1713 1028 1778 invenire,
1058 1712 1258 1782 quibus
1287 1713 1793 1782 opera'Cbaritatis
1851 1711 2072 1780 proprie

501 1803 726 1871 Spiritui
763 1813 957 1860 sancto
987 1805 1392 1860 accommodari
1425 1813 1803 1871 monstretur;
1839 1813 1898 1858 ut
1946 1802 2074 1856 inde

2183 624 2314 677 πης.
2375 607 2470 662 τοῦ
2505 609 2662 675 ἁγίου
2714 608 3056 678 Πνεύματος,
3095 608 3300 668 δίδοται
3332 613 3444 670 τοῖς
3474 610 3572 678 τῆς
3603 611 3754 674 θείας

2181 699 2426 766 υίὸτητος
2448 701 2587 753 κατά
2617 700 2776 768 χάριν
2798 699 3130 764 ἀξιωθεῖσιν.
3167 719 3186 750 ι
3223 701 3380 753 Ὅσοι
3404 701 3534 770 γὰρ,
3575 695 3758 770 ι’φησὶ

2183 791 2417 860 Παῦλος,
2456 811 2474 845 ι
2514 792 2793 862 Πνεύματι
2833 792 2971 847 Θεοῦ
2994 792 3240 860 ἄγονται,
3265 785 3414 847 οὗτοί
3464 796 3602 847 εἰσιν
3651 795 3758 847 υἱοὶ

2181 883 2340 938 Θεοῦ.
2373 903 2390 934 ι
2433 885 2546 937 Καὶ
2573 885 2758 949 πάλιν,
2791 904 2807 935 ι
2843 885 3019 938 Ὅπου
3046 886 3106 936 τὺ
3131 884 3358 954 Πνεῦμα
3385 886 3616 954 Κυρίου,
3637 886 3758 938 ἐκεῖ

2179 972 2489 1040 ἐλευθερία.
2529 990 2548 1024 ι
2587 972 2716 1036 Καὶ,
2753 991 2778 1049 ἰ
2818 974 2879 1028 Εἰ
2922 973 3202 1044 Πνεύματι
3240 973 3461 1044 ἄγεσθε,
3490 976 3592 1028 οὐκ
3631 974 3755 1028 ἐστὲ

2182 1063 2288 1116 ὑπὸ
2319 1064 2503 1131 νόμον.
2541 1083 2560 1116 ι

2265 1153 2546 1212 Ἐντεῦθεν
2571 1158 2692 1210 ἐστὶ
2729 1159 2790 1211 τὸ
2819 1159 2912 1212 καὶ
2941 1158 3008 1212 τὰ
3057 1158 3157 1226 τῆς
3193 1159 3395 1230 σαρκὸς
3417 1158 3558 1230 ἔργα
3589 1159 3754 1212 θανα-

2179 1247 2306 1300 τοῦν
2328 1249 2386 1302 τὸ
2411 1249 2636 1320 Πνεῦμα
2661 1250 2939 1318 λέγεσθαι,
2964 1251 3154 1304 καθότι
3181 1249 3272 1302 διὰ
3303 1250 3411 1305 τῶν
3444 1250 3633 1304 παθῶν
3657 1250 3757 1318 τῆς

2182 1341 2384 1410 σαρκὸς
2417 1341 2812 1412 ἀποχωροῦμεν
2847 1344 2911 1396 ὲκ
2953 1341 3047 1396 τοῦ
3079 1342 3297 1411 ἀληθῶς
3347 1341 3580 1409 ἀγαθοῦ,
3617 1341 3754 1410 πρὸς

2179 1434 2206 1487 ὃ
2239 1433 2306 1487 δι’
2331 1434 2554 1502 ἀγάπης
2577 1435 2725 1504 ἡμᾶς
2757 1434 2817 1487 τὺ
2846 1433 3072 1504 Πνεῦμα
3103 1435 3161 1486 τὸ
3203 1433 3362 1501 ἅγιον
3389 1433 3597 1495 τάττει,
3625 1433 3702 1495 ὼς
3729 1435 3757 1486 ό

2191 1525 2515 1586 Ἀπόστολος
2536 1525 2670 1594 πρὸς
2705 1525 3034 1595 Ῥωμαίους,
3066 1545 3085 1577 ι
3121 1525 3184 1578 Et
3216 1524 3494 1594 Πνεύματι
3519 1522 3585 1576 τὰ
3617 1523 3757 1593 ἔργα

2178 1617 2278 1686 τῆς
2313 1616 2512 1687 σαρκὸς
2540 1615 2902 1687 ὲνεκρὼσατε,
2931 1618 3187 1687 ζήσεσθε.
3235 1638 3252 1670 ι
3304 1617 3479 1671 Πολλὰ
3507 1616 3552 1668 δ’
3577 1617 3643 1670 ἀν
3671 1633 3756 1679 τις

2179 1709 2329 1781 εῦροι
2363 1711 2459 1762 καὶ
2486 1708 2644 1772 ἄλλα,
2697 1709 2764 1762 δι’
2791 1703 2866 1762 ὧν
2894 1709 2960 1762 ἂν
2995 1710 3141 1772 ίδίως
3178 1709 3258 1780 τῷ
3291 1709 3434 1777 ἀγίῳ
3467 1709 3753 1775 Πνεύματι

2179 1801 2669 1872 προσαρμοζόμενα
2713 1804 2781 1856 τὰ
2810 1802 2911 1871 τῆς
2945 1802 3191 1870 Ἀγάπης
3239 1800 3378 1868 ἔργα
3407 1798 3712 1854 δεικνύοιτο
3741 1814 3754 1827 ·

498 1869 679 1963 pilam
716 1895 827 1960 ﬁat,
871 1894 1138 1965 Spiritum
1198 1905 1452 1952 sanctum
1509 1911 1578 1951 ex
1612 1894 1721 1949 Deo
1779 1869 2074 1963 procedere

2180 1894 2250 1958 ὡς
2288 1869 2448 1962 δῆλον
2497 1869 2749 1949 ἐντεῦθεν
2799 1869 3047 1964 γίνεσθαι
3101 1869 3176 1956 ὡς
3216 1894 3466 1964 Ἀγάπην
3514 1894 3578 1946 ἐκ
3610 1890 3752 1943 Θεοῦ

500 1993 562 2038 ut
591 1984 936 2051 charitatem,
997 1985 1454 2055 quemadmodum
1490 1987 1661 2041 Filius
1716 1995 1775 2040 ut
1833 1984 2072 2040 Verbum

501 2077 715 2141 notitia,
747 2091 842 2132 seu
893 2091 1016 2129 cum
1076 2078 1240 2132 ambo
1291 2092 1355 2131 ex
1400 2076 1583 2131 divina
1621 2084 1802 2132 mente
1830 2084 1883 2129 et
1919 2074 2076 2129 Patre

497 2169 874 2230 exsistentiam
904 2168 1160 2223 habeant.
1504 2169 1507 2173 ’

565 2255 747 2326 Atque
773 2257 887 2312 haec
919 2257 1206 2314 hactenus.
1255 2258 1414 2312 Alius
1442 2273 1572 2313 vero
1597 2255 1821 2328 quidam
1857 2265 2079 2313 sancto-
2149 2294 2170 2312 ι

495 2361 641 2412 rum,
679 2348 783 2404 boc
811 2357 1082 2419 satagens,
1121 2359 1180 2404 ut
1213 2348 1387 2404 solum
1440 2351 1694 2405 unionem
1750 2367 1814 2406 ac
1884 2351 2080 2406 distin-

495 2439 739 2496 ctionem
810 2443 1082 2512 tantisper
1126 2441 1449 2506 declararet,
1482 2453 1590 2498 tres
1652 2442 1798 2498 faces
1827 2445 1972 2498 inter
2019 2459 2078 2498 se

494 2533 732 2600 aequales
769 2535 950 2588 animo
979 2535 1260 2604 cogitavit,
1286 2535 1340 2589 in
1372 2551 1477 2589 una
1515 2551 1776 2590 accensas
1807 2536 1993 2591 domo.
2018 2535 2077 2589 lu

495 2640 560 2682 ea
590 2639 828 2694 namque
869 2625 1032 2680 trium
1089 2625 1291 2688 lumen,
1322 2633 1584 2693 tanquam
1623 2639 1688 2678 ex
1737 2640 1870 2686 una,
1907 2640 2077 2678 unum

495 2715 906 2784 conspicimus;
942 2730 1158 2784 unaque
1205 2715 1444 2777 sublata,
1479 2715 1602 2785 ejus
1638 2715 1820 2769 lumen
1872 2716 1946 2769 illi
1989 2730 2081 2769 co-

494 2823 616 2861 mes
656 2806 924 2876 sequitur,
970 2821 1096 2860 cum
1139 2805 1251 2861 duo
1283 2807 1489 2875 reliqua
1525 2807 1729 2861 lumina
1779 2807 2077 2862 secundum

499 2913 564 2956 se
591 2914 692 2952 nec
723 2899 1021 2969 quidquam
1055 2899 1373 2952 minuantur
1423 2914 1600 2968 neque
1629 2909 1952 2970 augeantur.
1985 2899 2079 2953 Li-

495 3003 627 3064 quet
682 2991 844 3060 igitur
874 2991 974 3044 tria
1007 2995 1121 3044 haec
1165 2990 1329 3044 trium
1394 2990 1592 3045 facium
1627 2991 1854 3057 lumina,
1896 3007 2017 3045 cum
2049 3008 2079 3048 ιι

491 3085 658 3140 nobis
693 3099 861 3156 unum
894 3082 1364 3150 conspicerentur,
1407 3081 1702 3136 secundum
1744 3097 1804 3136 se
1842 3079 2078 3139 discreta

2177 1987 2422 2055 προϊέναι
2449 1986 2509 2038 τὸ
2535 1985 2690 2054 ἅγιον
2716 1985 2962 2055 Πνεῦμα,
2989 1985 3177 2052 ὥσπερ
3198 1983 3290 2035 τὸν
3322 1983 3450 2036 Υἰὸν
3478 1982 3551 2045 ὡς
3580 1982 3757 2049 Λόγον

2177 2079 2210 2148 ἢ
2241 2077 2467 2147 Νὸησιν,
2496 2079 2842 2149 ἀμφοτέρους
2874 2079 3026 2147 παρὰ
3056 2076 3150 2130 τοῦ
3191 2075 3328 2130 Θεοῦ
3360 2075 3472 2128 Νοῦ
3509 2075 3605 2128 καὶ
3645 2074 3761 2126 [ῐαα

2175 2170 2307 2242 τρὸς
2337 2173 2434 2242 τὴν
2467 2171 2770 2224 ὑπόστασιν
2802 2169 3052 2239 ἔχοντας.

2251 2263 2434 2315 Ταῦτα
2466 2262 2522 2315 δὲ
2549 2261 2924 2314 ὲπιτοσοῦτον.
2963 2260 3156 2323 Ἀλλος
3200 2259 3255 2312 δὲ
3300 2259 3408 2312 τῶν
3436 2257 3604 2327 ἁγίων
3659 2260 3761 2318 τὴν

2179 2355 2373 2408 ἕνωσιν
2430 2354 2597 2424 μόνην
2654 2353 2752 2408 καὶ
2784 2352 2883 2422 τὴν
2910 2349 3189 2421 διάκρισιν
3246 2352 3482 2420 μετρίως
3515 2350 3759 2420 δηλῶσαι

2183 2444 2489 2514 βουληθεὶς,
2546 2446 2695 2515 τρεῖς
2752 2445 3044 2513 λαμπάδας
3105 2443 3416 2512 ἐνεθυμήθη
3476 2442 3796 2510 ἀλλήλαις,.

2183 2538 2496 2607 ἁπτομένας
2552 2539 2610 2591 ὲν
2659 2538 2742 2590 ἑνὶ
2795 2536 2950 2607 οῖκῳ.
2996 2538 3105 2590 Καὶ
3141 2535 3250 2606 γὰρ
3299 2539 3355 2587 ἐν
3383 2534 3531 2602 αύτῷ
3555 2535 3613 2586 τὸ
3642 2535 3759 2602 φῶς

2181 2629 2287 2682 τῶν
2316 2629 2483 2699 τριῶν
2528 2629 2603 2692 ὡς
2629 2631 2694 2684 ὲκ
2740 2630 2871 2699 μιᾶς
2906 2628 2964 2681 ἓν
3017 2628 3236 2699 ὁρῶμεν
3256 2642 3270 2656 ⁸
3306 2627 3400 2680 καὶ
3427 2627 3556 2696 μιᾶς
3579 2625 3761 2678 αὐτῶν

2181 2721 2679 2792 ὑπεξαιρουμένης,
2727 2722 2787 2775 τδ
2831 2721 2948 2789 φῶς
2979 2721 3151 2790 αὐτῆς
3182 2721 3317 2791 αὐτῇ
3355 2717 3756 2783 συνακολουθεῖ,

2180 2815 2288 2868 τῶν
2320 2814 2786 2885 περιλειπομένων
2810 2813 2902 2866 δύο
2937 2814 3131 2882 φώτων
3165 2813 3288 2867 καθ’
3321 2813 3493 2866 ἑαυτᾶ
3531 2810 3757 2882 μηδαμῆ

2185 2906 2311 2976 μήτ’
2343 2905 2756 2974 ἐλαττουμένων
2790 2905 2919 2975 μήτ’
2950 2904 3291 2974 αὐξομένων.
3338 2904 3510 2974 Δῆλον
3536 2901 3628 2955 οῦν
3674 2903 3758 2955 ὅτι

2181 2998 2248 3052 τὰ
2271 2998 2398 3068 τρία
2429 2997 2601 3052 ταῦτα
2629 2999 2738 3052 τῶν
2761 2998 2928 3068 τριῶν
2951 2997 3258 3068 λαμπάδων
3289 2997 3465 3065 φῶτα,
3501 2996 3588 3049 ὅτε
3626 2995 3760 3063 ἡμῖν

2179 3089 2257 3153 ὡς
2308 3089 2366 3145 ἓν
2423 3076 2694 3158 ἑωρῶντο,
2749 3089 2872 3142 καθ’
2922 3089 3092 3143 ἑαυτὰ
3137 3088 3538 3158 διακεκριμένα
3571 3087 3665 3140 καὶ
3695 3085 3756 3138 ού

492 3187 548 3232 et
580 3193 687 3232 non
725 3175 954 3232 confusa
989 3176 1290 3231 exstitisse.
1341 3175 1530 3244 Neque
1572 3175 1718 3229 enim
1754 3175 1956 3244 alioqui
1994 3174 2077 3229 in-

2183 3183 2567 3252 συγκεχυμένα
2607 3177 2770 3252 ἧσαν.
2826 3182 2960 3236 Οὐδὲ
3001 3182 3112 3251 γὰρ
3143 3181 3210 3234 ἂν
3260 3181 3478 3249 ἀμιγῶς
3507 3180 3595 3233 καὶ
3643 3175 3759 3232 οἷον

492 3271 777 3325 commiste
832 3285 896 3325 ac
945 3270 1094 3324 velut
1131 3284 1228 3340 per
1291 3283 1351 3324 se
1404 3267 1678 3324 exsistens
1709 3283 1876 3321 unum
1919 3267 2071 3334 illud,

493 3373 854 3434 posteaquam
897 3362 1224 3418 subductum
1258 3369 1363 3424 est,
1400 3368 1746 3414 cerneretur.
1779 3357 1872 3413 Sic
1909 3358 2076 3427 igitur

491 3457 669 3511 etiam;
711 3464 822 3508 tres
879 3467 1164 3519 personas,
1219 3452 1283 3504 ad
1339 3449 1636 3506 essentiam
1678 3451 1823 3519 quod
1861 3451 2071 3515 attinet,

490 3564 661 3604 tutum
700 3546 1028 3618 cogitamus,
1062 3560 1182 3616 qua:
1210 3553 1414 3607 tamen,
1453 3541 1649 3612 quibus
1702 3541 1808 3595 illis
1863 3542 2074 3595 incom-

491 3637 674 3692 Inistre
708 3650 773 3691 ac
809 3633 1111 3691 iuconlusae
1143 3632 1506 3703 proprietates
1545 3639 1799 3697 manent,
1840 3629 1982 3684 inter
2013 3644 2074 3684 se

490 3730 641 3784 Velut
691 3729 921 3784 circuitu
979 3724 1158 3780 redire
1200 3740 1266 3780 ac
1317 3737 1628 3780 commeare
1667 3721 2071 3791 intelligantur;

488 3822 590 3878 etsi
632 3836 786 3877 mens
810 3829 1020 3882 nostra,
1069 3833 1166 3888 pro
1195 3833 1261 3872 eo
1288 3831 1353 3871 ac
1388 3817 1568 3881 decet,
1602 3829 1708 3870 non
1755 3813 1890 3869 satis
1921 3828 2072 3868 asse-

488 3923 712 3981 quatur.

563 4005 792 4075 Magnus
822 4011 1003 4057 autem
1037 3999 1294 4063 Basilius,
1319 3997 1384 4051 ad
1437 4012 1557 4052 eam
1607 4012 1722 4050 rem
1787 3995 2076 4051 declaran-

489 4103 616 4156 dam
647 4113 835 4154 arcum
867 4097 1146 4151 caelestem
1182 4091 1434 4147 assumit.
1477 4090 1529 4144 ls
1563 4089 1704 4144 coelo
1759 4087 1935 4157 pluvia
1989 4101 2078 4141 ro-

489 4201 671 4253 rante,
707 4203 940 4258 aereque
967 4185 1311 4247 circumﬂuo,
1355 4181 1597 4249 solisque
1628 4179 1779 4233 radio
1813 4194 1876 4232 ex
1938 4179 2078 4233 obli-

493 4299 606 4354 quo
635 4282 861 4338 nubium
902 4279 1226 4335 densitatem
1280 4275 1569 4342 subeunte,
1603 4289 1667 4330 ac
1713 4283 1824 4326 tum
1887 4271 2074 4324 orbem

490 4389 655 4432 suum
689 4373 904 4427 cuidam
959 4368 1187 4424 nubium
1245 4369 1451 4422 directe
1512 4368 1802 4441 deligente,
1859 4369 2078 4439 conspi-

445 4481 632 4521 ιοιιιιε
665 4469 912 4534 apparet.
958 4459 1432 4526 Quemadmodum
1506 4461 1652 4515 enim
1709 4477 1893 4527 arcus,
1951 4478 2074 4517 cum

2180 3277 2311 3330 ίδιοῦ
2325 3277 2564 3330 πόστατα
2621 3275 2914 3346 ὲθεωρείτο
2945 3275 3006 3328 τὸ
3052 3273 3110 3326 ἓν
3147 3276 3287 3344 μετὰ
3317 3275 3415 3345 τὴν
3445 3273 3761 3342 ὑφαίρεσιν.

2176 3367 2364 3430 Οὕτως
2401 3363 2499 3423 οῦν
2550 3369 2645 3422 καὶ
2697 3367 2765 3421 τὰ
2795 3367 2922 3438 τρία
2959 3369 3229 3436 πρόσωπα
3278 3367 3666 3437 φανταζόμεθα
3703 3367 3762 3420 ἓν

2179 3460 2278 3530 μὲν
2311 3457 2448 3514 εἶναι
2499 3460 2642 3514 κατά
2698 3459 2796 3530 τὴν
2837 3459 3059 3512 οὐσίαν·
3107 3460 3330 3528 ἀμιγεῖς
3377 3460 3433 3513 δὲ
3477 3462 3627 3529 ὅμως
3666 3463 3762 3515 καὶ

2176 3551 2516 3620 ἀσυγχύτους
2558 3551 2851 3619 φυλάττειν
2907 3554 3005 3612 τάς
3068 3550 3362 3621 ἰδιότητας,
3390 3553 3472 3616 είς
3519 3552 3760 3621 ἀλλήλας

2176 3643 2347 3707 αὑτὰς
2375 3643 2475 3707 τὰς
2510 3641 2842 3704 ὑποστάσεις
2881 3643 3298 3714 περιχωρούσας
3324 3660 3339 3674 ·
3397 3645 3448 3698 εί
3499 3644 3593 3698 καὶ
3631 3643 3764 3716 περὶ

2176 3737 2380 3790 τούτων
2411 3739 2444 3807 ἡ
2484 3736 2700 3792 διάνοια
2731 3737 2889 3808 ἡμῶν
2923 3737 3024 3791 ούκ
3066 3737 3364 3805 ἐξικνεῖται
3398 3736 3476 3802 ὡς
3510 3737 3614 3791 δεῖ.

2258 4001 2317 4054 Ὀ
2333 4001 2390 4056 δὲ
2412 4001 2583 4071 μέγας
2609 4001 2887 4064 Βασίλειος
2903 4002 2982 4065 είς
2999 4002 3230 4072 δήλωσιν
3254 4002 3345 4056 τοῦ
3375 4003 3616 4057 τοιούτου
3642 4003 3762 4074 (32)

2176 4094 2238 4146 τὸ
2295 4093 2616 4172 ὲνρύρανῷ
2670 4093 2825 4158 τόξον
2881 4094 3176 4163 λαμϐάνει,
3223 4095 3358 4164 ὅπερ
3389 4095 3518 4148 ὅταν
3550 4096 3762 4167 ὄμϐρος

2178 4183 2404 4254 γένηται
2429 4184 2702 4251 φαίνεται,
2737 4183 3038 4254 ὑγρότητος
3058 4185 3191 4254 περὶ
3217 4185 3308 4237 τὸν
3338 4187 3473 4256 ἀέρα
3509 4205 3760 4242 συνισταο

2181 4276 2371 4346 μένης,
2409 4275 2505 4328 καὶ
2553 4275 2651 4343 τῆς
2681 4276 2776 4327 τοῦ
2807 4276 2958 4346 ἡλίου
2990 4277 3211 4339 ἀκτῖνος
3253 4277 3398 4330 κατά
3436 4279 3496 4329 τὸ
3527 4279 3760 4348 πλάγιον

2182 4367 2585 4437 ὑποτρεχούσης
2614 4367 2712 4438 τὴν
2746 4367 3061 4437 πυκνότητα
3081 4368 3188 4422 τῶν
3219 4371 3426 4438 νεφῶν·
3469 4365 3589 4424 εἶτα
3615 4373 3755 4425 κατὰ

2179 4463 2240 4516 τὸ
2272 4462 2401 4514 εὐθὺ
2430 4462 2582 4529 νέφει
2608 4461 2712 4513 τινὶ
2739 4461 2829 4513 τὸν
2863 4460 3064 4515 κύκλον
3096 4462 3185 4515 τὸν
3218 4463 3349 4516 ίδιον
3400 4465 3756 4536 ἐπερειδομέ-

491 4573 644 4612 unus
675 4555 792 4625 ipse
815 4554 1116 4608 secundum
1151 4554 1296 4604 aeris
1323 4550 1685 4606 substantiam
1721 4552 1811 4619 sit,
1875 4553 2074 4608 multos

2180 4571 2296 4624 νης.
2325 4553 2535 4622 ’Ὠσπερ
2570 4549 2676 4621 γὰρ
2707 4552 2881 4603 ἐκεῖνο
2913 4550 2971 4604 ἓν
3000 4551 3097 4621 μὲν
3121 4550 3236 4604 ἐστι
3272 4551 3411 4604 κατὰ
3431 4556 3532 4622 τὴν
3565 4555 3761 4607 οὐσίαν

492 4653 548 4704 iu
583 4664 643 4705 se
709 4651 1069 4717 repraesentat
1145 4642 1378 4706 colores,
1435 4659 1737 4715 eorumque.
1781 4647 1958 4716 palam
1996 4646 2076 4700 di-

495 4739 720 4795 stinctio
773 4735 934 4792 nobis
965 4735 1296 4800 iunotescit;
1331 4750 1645 4807 quanquam
1712 4737 1801 4790 alii
1859 4737 1927 4790 ab
1953 4736 2073 4790 aliis

495 4832 728 4892 seut-sim
761 4847 789 4882 a
822 4825 985 4884 nobis
1033 4842 1197 4883 sensu
1261 4828 1464 4897 percipi
1529 4845 1636 4882 non
1689 4831 1921 4898 possint,
1980 4827 2076 4882 sed

493 4921 898 4995 quodammodo
919 4928 971 4974 et
995 4919 1289 4974 continuus
1321 4927 1372 4974 ct
1412 4919 1685 4974 discretus
1715 4928 1820 4983 est,
1857 4934 1919 4973 ac
1942 4934 2078 4988 pene

497 5032 720 5073 sensum
755 5013 911 5078 fallit,
941 5024 998 5070 ut
1055 5015 1202 5086 quod
1253 5015 1491 5069 medium
1555 5029 1618 5068 ex
1647 5029 1706 5067 se
1751 5014 2079 5067 commiscet

495 5109 864 5176 discernitque
889 5105 1176 5160 distinctos
1205 5105 1260 5158 in
1295 5119 1362 5158 eo
1385 5103 1623 5165 colores,
1659 5100 1908 5171 diguosci
1959 5115 2072 5154 non

495 5201 685 5272 possit.
737 5197 829 5253 Sic
876 5207 930 5252 et
999 5197 1056 5251 in
1140 5195 1419 5250 communi
1497 5195 1724 5247 Deitatis
1807 5193 2070 5260 essentia,

499 5293 859 5365 insignientes
913 5291 1276 5361 proprietates
1307 5289 1544 5352 elucent,
1577 5301 1726 5348 cum,
1778 5285 1844 5340 ad
1880 5299 2072 5339 essen-

2178 4645 2274 4703 τοῦ
2312 4645 2492 4716 ἀέρος,
2549 4644 2719 4698 πολλὰ
2777 4643 2832 4696 δὲ
2880 4643 2938 4695 ἐν
2971 4644 3119 4714 αὐτῷ
3151 4643 3422 4713 χρώματα
3451 4646 3758 4712 φαίνονται,

2184 4742 2280 4793 καὶ
2311 4736 2560 4807 φανερῶς
2591 4736 2688 4801 τὰς
2729 4737 2994 4806 διαφορὰς
3045 4739 3252 4789 τούτων
3282 4737 3719 4807 διαγινώσκομεν
3741 4754 3759 4771 ⁶

2186 4830 2247 4883 ού
2278 4829 2498 4882 δυνατὸν
2524 4828 2580 4881 δὲ
2611 4830 2678 4899 τῇ
2710 4827 2962 4896 αἰσθήσει
2986 4827 3319 4881 καταλαϐεῖν
3355 4829 3454 4899 τὴν
3477 4831 3762 4885 διάστασιν

2186 4922 2282 4975 τοῦ
2319 4921 2507 4992 ἑτέρου
2543 4920 2678 4991 πρὸς
2725 4919 2784 4973 τὸ
2843 4921 3029 4989 ἓτερον
3055 4934 3071 4952 ο
3100 4920 3236 4973 ἀλλὰ
3284 4921 3485 4990 τρόπον
3514 4924 3638 4977 τινὰ
3665 4925 3761 4978 καὶ

2191 5012 2411 5079 συνεχές
2461 5013 2576 5064 ἐστι
2619 5012 2713 5065 καὶ
2743 5012 3145 5083 διαιρούμενον,
3180 5009 3278 5078 τὴν
3313 5011 3568 5069 αἴσθησιν
3596 5017 3761 5085 ήμῶν

2176 5100 2536 5166 ὑποκλέπτον,
2566 5100 2640 5164 ὡς
2673 5102 2748 5170 μὴ
2783 5101 3169 5170 διαγινώσκειν
3200 5107 3291 5158 τὸν
3337 5105 3430 5158 τοῦ
3461 5104 3548 5163 διὰ
3585 5105 3753 5175 μέσου

2172 5193 2262 5244 τδλν
2313 5191 2608 5260 μιγνύοντα
2651 5192 2718 5244 δι’
2777 5193 2972 5246 ἑαυτοῦ
3009 5195 3104 5248 καὶ
3158 5197 3464 5265 χωρίζοντα
3523 5196 3761 5264 τὴντῶν

2173 5285 2349 5356 χροῶν
2382 5286 2680 5354 ἑτερότητα
2700 5301 2713 5316 ο
2755 5285 2899 5338 οὕτω
2926 5288 3020 5341 καὶ
3049 5289 3106 5339 ἐν
3136 5289 3203 5358 τῇ
3230 5289 3508 5361 κοινότητι
3540 5291 3640 5360 τῆς
3673 5291 3764 5343 ού-

493 5386 628 5441 tiam
664 5383 806 5454 quod
842 5388 1074 5450 spectat,
1139 5380 1286 5433 nulla
1340 5379 1395 5432 in
1443 5376 1692 5447 personis
1743 5375 2078 5446 intelligatur

2180 5378 2290 5442 σίας
2317 5377 2414 5431 τοῦ
2437 5377 2572 5431 Θεοῦ
2597 5381 2649 5431 αἱ
2673 5383 3032 5449 γνωριστικαὶ
3055 5379 3318 5452 ἰδιότητες
3349 5384 3756 5455 ὲπιλάμπουσι,

493 5479 812 5541 distinctio;
843 5471 1217 5544 eaqueomnis
1269 5473 1322 5526 in
1388 5469 1814 5540 proprietatibus
1865 5471 2091 5525 solum-.

2173 5471 2312 5525 κατὰ
2351 5471 2451 5540 μὲν
2507 5470 2607 5542 τὴν
2656 5468 2844 5524 οὐσίαν
2868 5470 3125 5542 οὐδεμιᾶς
3178 5473 3238 5528 ὲν
3267 5475 3389 5539 ταῖς
3421 5475 3758 5531 ὑποστάσεσι

559 5662 608 5698 ⁸⁸
641 5661 798 5713 Rom.
838 5670 958 5721 vni,
990 5652 1077 5710 l3.
1159 5655 1201 5686 ³³
1225 5650 1264 5707 Il
1299 5653 1423 5710 Cor.
1457 5667 1538 5724 ut,
1572 5653 1654 5706 l7.
1687 5654 1733 5687 ’°
1766 5654 1884 5710 Gal.
1912 5671 1962 5720 v,
2000 5655 2086 5712 l8.
2163 5655 2203 5688 ⁹¹
2242 5652 2402 5716 Rom,
2441 5667 2560 5722 vm,
2598 5651 2686 5708 15.

563 5847 674 5915 (5:2)
707 5847 877 5918 Epist.
911 5844 997 5899 ιε.
