4088 6444
382 409 531 499 ,διο

1406 414 1506 477 ns
1552 386 1976 479 PRINCIPllS
2000 414 2213 481 FIDE!
2242 417 2713 487 CATHOLlC/E.

3573 428 3683 495 570

423 521 722 593 νοουμίνης
769 521 1061 594 διαφορᾶς,
1118 524 1261 579 κατὰ
1293 524 1351 579 δὲ
1386 526 1486 589 τὰς
1511 527 1692 581 αὐτῶν
1724 526 1986 596 ἰδιότητας

2099 530 2262 585 modo
2291 544 2571 590 versetur:
2608 547 2665 589 ut
2703 546 2759 591 et
2783 535 3042 594 unionem
3075 537 3133 592 in
3153 534 3417 606 essentia,
3467 545 3521 593 et
3559 538 3680 594 dis-

428 618 588 687 μὸνον
620 616 723 685 τῆς
759 615 1025 685 διαφορᾶς
1057 614 1224 686 οῦσης
1247 631 1262 647 ⁸
1301 618 1444 672 ὥστε
1491 622 1587 675 καὶ
1623 621 1684 672 τὸ
1710 619 1994 689 συνημμέέ

423 724 513 762 νον
568 708 628 761 ὲν
681 710 748 779 τῇ
806 709 989 779 οὐσίᾳ,
1049 710 1144 764 καὶ
1199 712 1259 765 τὸ
1291 711 1700 782 κεχωρισμένον
1731 713 1871 766 κατὰ
1895 710 1994 772 τὰς

421 798 751 862 ὑποστάσεις
777 801 1156 867 διδάσκεσθαι,
1191 806 1240 858 εἰ
1276 804 1395 869 καὶ,
1428 802 1619 873 ὥσπερ
1656 803 1748 857 ἐπὶ
1772 801 1867 855 τοῦ
1906 802 1996 854 τό·

420 886 537 955 εσυ,
570 890 631 942 οὗ
657 891 932 960 δυνάμεθα
968 895 1170 959 ἱκανῶς
1208 898 1274 967 τῇ
1311 897 1564 967 αἰσθήσει
1594 896 1870 966 διακρῖναι
1898 893 1994 947 τοῦ

419 981 507 1033 ἔτί
516 999 611 1053 pou
659 982 722 1037 τὸ
749 984 970 1055 ἕτερον’
1001 986 1144 1041 οὕτω
1177 987 1459 1042 κάνταῦθα
1498 987 1559 1041 τὸ
1590 987 1649 1040 ἓν
1678 986 1775 1039 τοῦ
1806 986 1992 1055 ἑτέρου

419 1072 805 1145 διεζευγμένον
831 1079 932 1131 οὐκ
962 1077 1080 1134 ἔστι
1109 1079 1261 1149 νοεῖν¹
1280 1078 1371 1134 διὰ
1393 1072 1492 1149 τήν
1520 1076 1830 1150 ἁκροτάτην
1851 1076 1991 1129 ἔνω-

420 1183 527 1222 σιν.
566 1167 630 1222 Εἰ
648 1169 706 1223 δὲ
739 1170 831 1222 ἐπὶ
859 1170 968 1223 τῶν
995 1171 1118 1226 καθ’
1159 1171 1310 1241 ἡμᾶς
1332 1170 1435 1224 οὐκ
1455 1168 1695 1240 ὲξισχύει
1724 1169 1823 1239 τὴν
1851 1167 1992 1223 Ever-

420 1276 506 1313 σιν
543 1260 637 1314 καὶ
690 1262 790 1331 τὴν
828 1261 1102 1332 διάκρισιν
1132 1261 1358 1329 τελείως
1398 1260 1749 1326 καταλαϐεῖν,
1778 1259 1898 1321 πῶς
1928 1257 1989 1313 ού

417 1352 599 1421 πολλῷ
639 1353 846 1422 μᾶλλον
877 1355 970 1408 ἐπὶ
995 1356 1098 1421 τῆς
1119 1355 1280 1422 ἁγίας
1300 1352 1528 1424 Τριάδος
1562 1353 1658 1406 τοῦ
1688 1353 1803 1411 ἑνὸς
1828 1349 1989 1412 Θεοῦ,

417 1444 515 1510 τῆς
544 1444 684 1515 ὑπὲρ
712 1445 890 1500 πάντα
917 1446 1014 1500 καὶ
1047 1449 1232 1502 πᾶσαν
1266 1446 1450 1517 νόησιν
1485 1444 1991 1517 ἁσυγκρίτωςὶξῃ·

421 1536 685 1609 ρημένης,
715 1537 749 1608 ή
779 1537 886 1607 τῷν
906 1536 1182 1608 λογισμῶν
1222 1536 1527 1607 κατάληψις
1552 1537 1912 1606 ἁδυνατήσει“;

1013 1648 1257 1708 ΚΕΦᾹΛ.
1294 1652 1295 1657 “
1313 1651 1384 1705 E'.

420 1739 557 1809 Περὶ
599 1740 710 1811 τῆς
753 1743 1118 1811 σαρκώσεως
1138 1740 1248 1797 τοῦ
1291 1742 1438 1813 Θεοῦ
1463 1744 1661 1813 Λόγου
1687 1739 1840 1797 κατὰ
1876 1739 1987 1808 τὰς

957 1814 1128 1880 θείας
1153 1812 1424 1882 Γραφάς.

2099 624 2399 680 cretionem
2473 626 2528 679 in
2604 629 2859 696 personis
2926 628 3285 693 nova-imus;
3360 643 3675 698 quanquam

2098 716 2243 771 sicut
2264 716 2319 783 in
2342 731 2475 772 arcu
2516 719 2754 774 alterum
2776 720 2845 775 ab
2876 721 3050 776 altero
3074 720 3218 776 haud
3272 722 3411 776 satis
3462 721 3676 777 discer-

2098 822 2230 862 nere
2255 822 2552 877 possumus
2584 826 2600 875 ;
2634 812 2715 866 sic
2745 826 2966 881 quoque
2992 813 3103 877 hic,
3142 812 3377 869 alterum
3414 813 3482 868 ab
3499 813 3674 867 altero

2096 898 2432 969 disjnnctum
2470 904 2692 958 minime
2713 904 3070 974 intelligatur,
3093 921 3200 976 qua
3227 921 3441 963 summa
3472 906 3676 961 unione

2096 997 2414 1067 nectuntur.
2449 980 2545 1044 Sin
2575 999 2758 1047 autem
2787 992 2842 1047 in
2874 993 2943 1050 iis
2967 1010 3090 1063 quae
3122 992 3361 1050 humatio
3390 1011 3491 1050 usu
3526 994 3672 1051 didi-

2094 1078 2293 1147 cimus,
2317 1081 2433 1150 ipsa
2458 1098 2491 1138 a
2511 1083 2667 1139 nobis
2687 1084 2902 1151 nnioac
2924 1085 3179 1141 discretio
3206 1085 3354 1142 haud
3381 1085 3519 1142 satis
3546 1100 3673 1155 per—

2066 1171 2329 1239 rcipitur;
2382 1174 2658 1244 quomodo
2694 1191 2798 1234 non
2830 1178 2989 1245 longe
3009 1177 3210 1249 potiori
3229 1177 3354 1246 jure
3379 1176 3437 1233 in
3479 1187 3672 1232 sancta

2093 1264 2363 1321 'I‘riuitate
2389 1266 2554 1322 unius
2586 1268 2701 1330 Dei,
2736 1285 2859 1339 quae
2881 1269 3139 1325 omnibus
3161 1271 3394 1335 eminet,
3426 1283 3670 1324 omnem-

2090 1368 2198 1424 que
2228 1357 2615 1427 cogitationem
2652 1361 3174 1432 incomparabilibus
3202 1362 3378 1418 modis
3434 1359 3671 1423 excedit.

2088 1446 2362 1503 rationum
2389 1451 2807 1521 comprehensio
2832 1452 3189 1524 impossibilis
3211 1453 3351 1510 erit?

2718 1653 2948 1713 CAPUT
2982 1655 3049 1714 ν.

2176 1739 2252 1797 De
2303 1741 2397 1799 Dei
2446 1743 2601 1800 Verbi
2648 1746 3012 1804 incarnatione
3057 1752 3214 1819 juxta
3273 1747 3596 1821 Scriptum.

486 1902 706 1959 Τούτων
728 1904 784 1958 δὲ
815 1867 1497 1975 θεωρηθέντωναάτὰιτὴν
1520 1905 1621 1975 τῆς
1636 1903 1864 1973 ,Γραφῆς
1889 1904 1981 1956 καὶ

2164 1897 2259 1953 llis
2288 1900 2361 1955 ita
2388 1901 2752 1958 consideratis
2805 1903 2962 1973 juxta
2997 1901 3300 1974 Scriptnrze
3326 1918 3389 1960 ac
3455 1914 3671 1961 sancto-

413 1996 522 2050 τῶν
550 1995 722 2063 ἁγίων
746 1995 1115 2074 διδασκαλίαν,
1168 1997 1248 2050 ἔτι
1290 1996 1621 2067 πιστεύομεν
1659 1997 1756 2049 καὶ⁸
1792 1996 1988 2065 ὁμολο-

414 2086 616 2158 γοῦμεν
643 2088 726 2141 ὃτι
746 2090 774 2142 ὁ
805 2084 884 2151 εἷς
912 2088 1008 2157 τῆς
1040 2089 1201 2157 ἁγίας
1247 2085 1475 2159 Τριάδος
1497 2091 1524 2142 ὁ
1557 2088 1687 2151 Υίὸς
1715 2087 1814 2142 τοῦ
1845 2087 1982 2142 Θεοῦ

416 2177 503 2232 ἐπ’
529 2164 774 2248 ἐσχάτων
793 2178 902 2232 τῶν
922 2179 1136 2235 αἰώνων
1160 2181 1248 2235 διὰ
1275 2182 1375 2251 τὴν
1398 2180 1677 2251 ἡμετέραν
1708 2181 1986 2251 σωτηρίαν

392 2268 828 2342 εὐπερϐαλλούσῃ
862 2270 1245 2342 φιλανθρωπίᾳ
1273 2271 1578 2342 προσέλαϐε
1602 2272 1662 2325 τὸ
1693 2272 1855 2342 σῶμα
1888 2262 1986 2331 city;

417 2361 686 2431 θρώπινον
735 2350 935 2433 εκ⁶τῆς
969 2364 1132 2432 ἁγίας
1182 2364 1448 2416 Θεοτόκου
1498 2364 1591 2416 καὶ
1620 2364 1983 2434 άειπαρθὲνου

415 2452 650 2524 Μαρίας,
677 2454 772 2508 καὶ
802 2455 1066 2524 ἐγεννήθη
1100 2454 1160 2519 ἐξ
1185 2456 1357 2524 αὐτῆς
1377 2455 1452 2518 ὡς
1469 2454 1776 2524 ,ἄνθρωπος
1810 2457 1984 2527 χωρὶς

414 2546 709 2616 ἁμαρτίας,
762 2547 791 2599 ὁ
842 2547 1006 2609 αὐτὸς
1037 2545 1113 2601 ὢν
1140 2548 1272 2610 Θεὸς
1320 2548 1527 2612 τέλειος
1565 2551 1661 2601 καὶ
1693 2547 1985 2618 ἄνθρωπος

415 2638 635 2705 τέλειος,
665 2641 722 2693 εν
755 2641 855 2710 μιᾷ
885 2638 1181 2697 ὑποστάσει
1204 2640 1299 2695 δύο
1326 2641 1521 2709 φύσεις
1547 2641 1713 2710 ἔχων,
1750 2642 1846 2694 καὶ
1888 2641 1984 2694 δύο

414 2732 646 2802 διάφορα
666 2732 949 2803 θελήματα
973 2734 1094 2795 ταῖς
1119 2732 1315 2802 φύσεσι
1344 2733 1656 2803 κατάλληλα
1690 2735 1786 2788 καὶ
1815 2750 1983 2805 προσ-

421 2822 617 2891 ήκοντα
636 2840 652 2856 ·
709 2824 771 2877 τὸ
821 2825 919 2893 μὲν
944 2826 1088 2879 θεῖον
1115 2825 1376 2895 δηλονότι,
1428 2825 1490 2879 τὸ
1520 2825 1577 2880 δὲ
1613 2826 1979 2894 ἀνθρώπινον.

382 2960 395 2971 .
414 2910 515 2967 Καὶ
535 2913 646 2982 γὰρ
667 2913 801 2967 ποτε
832 2914 934 2983 μὲν
960 2914 1036 2979 ὡς
1087 2915 1218 2978 Θεὸς
1245 2917 1468 2987 ἐνήργει
1490 2932 1505 2947 ο
1543 2916 1674 2969 ποτὲ
1705 2916 1761 2970 δὲ
1790 2915 1866 2980 ὡς
1886 2917 1984 2971 ἁνο

414 3006 626 3073 θρωπος
652 3002 891 3074 ἔπραττέ
929 3018 987 3059 τε
1011 3004 1107 3059 καὶ
1128 3005 1359 3075 ἔπασχε.
1385 3005 1461 3057 Τὸ
1487 3005 1587 3075 μὲν
1611 3005 1725 3075 γάρ
1754 3004 1983 3076 ἁνιστᾷν

411 3093 535 3155 τοὺς
571 3093 798 3163 νεκροὺς
830 3093 928 3147 καὶ
964 3093 1308 3165 παραλύτους
1347 3092 1695 3162 σοσφίγγειν,
1729 3094 1826 3146 καὶ
1854 3094 1983 3156 τοὺς

410 3180 645 3251 τυφλοὺς
695 3180 1004 3251 ὀμματοῦν,
1032 3183 1129 3241 καὶ
1160 3183 1231 3234 τά
1273 3181 1438 3251 ὅμοια
1466 3168 1685 3245 τούτοις
1708 3181 1980 3251 ἐνεργεῖν,
2007 3208 2056 3272 c

412 3272 664 3343 θεότητος
686 3267 832 3345 ἦσαν
872 3273 967 3327 καὶ
998 3272 1196 3342 ρὰληθῆ
1231 3271 1364 3326 Θεὸν
1407 3273 1570 3327 αὑτὸν
1597 3271 1981 3345 ἐμαρτύρουν

410 3364 472 3419 τὸ
505 3364 562 3419 δὲ
592 3365 785 3435 πεινῇν
814 3366 908 3417 καὶ
936 3363 1098 3434 διψῇν
1128 3363 1225 3418 καὶ
1250 3365 1471 3435 κοπιᾷν,
1491 3363 1585 3430 καί
1613 3363 1833 3434 σταυρῷ
1870 3381 1982 3418 πα-

418 3455 819 3530 ραδοθῆναικαὶ
846 3457 991 3526 ταφῇ
1043 3457 1137 3510 καὶ
1186 3456 1426 3528 θανάτῳ,
1478 3456 1651 3511 ταῦτα
1712 3456 1983 3526 δήπουθεν

413 3547 727 3619 ἀνθρώπινα
748 3542 910 3619 ἦσαν,
941 3547 1037 3601 καὶ
1066 3546 1282 3619 άληθῶς
1305 3547 1594 3621 ἄνθρωπον
1614 3549 1775 3603 αὑτὸν
1802 3551 1985 3620 ἐμαρ-

409 3639 608 3719 τύρουν
1420 3682 1423 3687 .

488 3734 553 3786 Ὀ
577 3733 639 3804 δὴ
670 3736 990 3805 μυστήριον,
1018 3734 1079 3787 τὸ
1104 3732 1195 3785 τὸν
1224 3731 1357 3786 Θεὸν
1385 3730 1676 3803 ἄνθρωπον
1698 3731 1979 3800 γενέσθαι,

409 3823 517 3877 τῶν
537 3825 595 3890 ἐξ
617 3824 812 3888 αίῶνος
854 3824 1227 3886 ἀκουσθέντων
1255 3822 1550 3892 θαυμάτων
1594 3823 1713 3875 ἐστὶ
1764 3822 1978 3889 θαυμα-

410 3916 689 3988 σιώτερον,
720 3916 839 3971 οὐδὲ
873 3917 980 3986 γὰρ
1014 3917 1072 3970 ὲν
1104 3915 1182 3985 τῷ
1206 3913 1424 3985 Χριστῷ
1452 3917 1624 3985 μόνην
1646 3917 1745 3985 μὲν
1769 3915 1980 3987 ἀνθρω-

411 4008 572 4078 πίνην
605 4007 766 4077 φύσιν
792 4008 828 4079 ή
857 4008 1118 4079 καθολικὴ
1152 4008 1332 4071 πίστις
1363 4007 1462 4077 τῆς
1496 4006 1821 4076 Ἐκκλησίας
1847 4009 1980 4075 ὁμου

407 4096 579 4165 λογεῖ,
615 4097 714 4168 τὴν
774 4098 830 4151 δὲ
868 4096 1098 4169 θεότητα
1154 4097 1217 4149 οὐ
1274 4094 1415 4149 κατὰ
1440 4093 1623 4162 φύσιν,
1663 4093 1801 4147 ἀλλὰ
1839 4096 1980 4147 κατὰ

412 4189 642 4260 μετοχὴν
676 4189 732 4241 ὲν
758 4188 906 4257 αῦτῷ
935 4186 1208 4252 γενέσθαι,
1234 4184 1415 4248 καθὼς
1449 4184 1666 4257 ἐφρόνει
1712 4183 1979 4246 Φωτεινδς

410 4280 499 4332 καὶ
524 4279 734 4343 Παῦλος
754 4282 782 4332 ὁ
821 4260 1171 4345 Σαμοσατεύς
1191 4292 1206 4307 ·
1244 4275 1354 4330 οὐδ’
1385 4278 1467 4330 ὅτι
1500 4277 1640 4330 κατὰ
1672 4273 1976 4342 φαντασίαν

410 4371 438 4425 δ
479 4368 572 4423 τοῦ
597 4368 733 4423 Θεοῦ
772 4368 898 4432 Υἱὸς
925 4362 1140 4436 ἐγένετο
1167 4367 1262 4439 ἄνθ
1274 4384 1472 4435 ρωπος,
1498 4365 1687 4434 ὥσπερ
1719 4364 1981 4435 ἐφρόνουν

409 4464 459 4516 ei
488 4461 800 4533 Μανιχαῖοι.
833 4459 967 4513 Οὐδὲ
1018 4458 1263 4512 διδάσκει
1297 4460 1331 4528 ἡ
1363 4459 1457 4510 τοῦ
1494 4455 1630 4510 Θεοῦ
1675 4455 1976 4526 Ἐκκλησία
2000 4472 2015 4479 “

2089 2005 2210 2044 rum
2245 1992 2572 2057 doctrinam,
2625 1994 2804 2049 adhuc
2858 1995 3138 2052 credimus
3193 2005 3251 2051 et
3320 1996 3668 2059 conﬁtemur,

2089 2098 2255 2136 unum
2288 2097 2352 2137 ex
2398 2094 2590 2140 saneta
2639 2084 2939 2148 Trinitate.
2990 2085 3190 2141 Filium
3263 2087 3381 2155 Dei,
3432 2087 3671 2145 novissi-

2087 2175 2190 2231 mis
2218 2175 2432 2231 saaculis
2452 2185 2676 2246 propter
2709 2186 2957 2233 nostram
3007 2177 3239 2233 salutem
3295 2177 3505 2234 eximia
3564 2194 3665 2235 sua

2085 2269 2373 2325 clementia
2407 2285 2474 2325 ac
2502 2269 2864 2340 benignitate,
2888 2270 3189 2325 humanum
3216 2284 3419 2340 corpus
3454 2285 3670 2325 assum-

2085 2361 2264 2431 psisse
2291 2377 2354 2416 ex
2376 2372 2575 2418 sancta
2607 2362 2704 2418 Dei
2735 2362 3011 2418 Genitrice
3052 2377 3382 2433 semperque
3441 2363 3667 2434 Virgine

2085 2451 2293 2518 Maria;
2328 2466 2507 2521 exque
2535 2468 2601 2508 ea
2634 2460 2824 2508 natum
2850 2454 3061 2523 absque
3110 2461 3360 2523 peccato,
3407 2453 3664 2508 eumdem

2084 2543 2254 2599 Deum
2282 2543 2584 2615 perfectum
2631 2557 2685 2602 et
2725 2546 3001 2603 hominem
3050 2545 3396 2617 perfectum:
3459 2545 3666 2615 duplici

2086 2642 2282 2689 natura
2312 2635 2368 2690 in
2415 2650 2525 2691 una
2563 2650 2823 2704 persona,
2880 2636 3198 2707 duplicique
3249 2624 3510 2691 distincta
3563 2650 3667 2705 pro

2087 2733 2407 2781 naturarum
2455 2725 2670 2782 ratione
2697 2727 2917 2798 illisque
2964 2718 3357 2788 consentanea,
3387 2726 3668 2781 voluntate

2086 2816 2371 2887 praeditum
2408 2835 2422 2872 :
2456 2818 2624 2874 altera
2660 2818 2902 2889 quidem,
2930 2820 3196 2879 nimirum
3223 2818 3409 2873 divina
3444 2835 3460 2874 :
3489 2820 3663 2875 altera

2083 2922 2240 2972 vero,
2300 2907 2565 2964 humana.
2631 2907 2976 2980 Quandoque
3024 2910 3167 2964 enim
3222 2908 3553 2980 operabatur
3609 2916 3669 2962 ut

2086 2997 2275 3056 Deus:
2318 2999 2649 3071 quandoque
2674 3015 2804 3057 vero
2853 3011 2913 3055 ut
2945 3000 3110 3057 homo
3175 3000 3373 3072 agebat
3428 3015 3493 3054 ac
3539 3014 3667 3070 per-

2087 3091 2410 3162 petiebatur.
2481 3090 2614 3149 Nam
2684 3102 2932 3150 mortuos
2982 3093 3198 3164 quidem
3259 3093 3547 3159 suscitare,
3611 3101 3668 3149 et

2085 3182 2412 3254 paralyticos
2432 3184 2757 3254 astringere,
2807 3184 3088 3253 czecisque
3132 3183 3322 3238 oculos
3386 3197 3664 3254 reparare.

2087 3284 2253 3346 atque
2282 3275 2337 3330 id
2361 3290 2535 3346 genus
2594 3291 2762 3346 opera
2833 3286 3097 3346 praestare
3152 3274 3452 3332 divinitatis
3485 3283 3663 3336 erant.

2085 3383 2324 3438 eumque
2346 3348 2535 3422 verum
2569 3366 2742 3422 Deum
2768 3382 2913 3429 esse,
2947 3376 3097 3423 certa
3154 3377 3662 3439 argumentatesm

2084 3458 2343 3513 rirevero
2372 3463 2429 3512 et
2463 3457 2620 3513 sitire
2651 3465 2706 3513 et
2734 3455 2940 3513 fessum
2977 3472 3118 3523 esse,
3167 3458 3430 3529 crocique
3472 3467 3526 3513 et
3575 3473 3666 3519 se-

2084 3548 2316 3619 pulturae
2353 3555 2411 3603 et
2450 3549 2617 3604 morti
2660 3545 2833 3625 fuisse
2872 3548 3159 3615 traditum,
3184 3551 3303 3605 lucc
3367 3564 3502 3605 sane
3556 3550 3658 3606 hue

2083 3656 2242 3696 mana
2275 3648 2432 3696 erant
2463 3649 2520 3696 et
2566 3656 2688 3712 quze
2705 3656 2829 3696 eum
2858 3656 2984 3697 vere
3024 3641 3302 3697 hominem
3342 3643 3662 3713 proderent.

2154 3729 2268 3786 Hoc
2292 3744 2428 3786 sane
2490 3731 2810 3803 mysterium
2880 3731 3074 3802 (Deum
3120 3731 3330 3787 scilicet
3387 3731 3662 3786 hominem

2082 3838 2206 3880 esse
2231 3822 2456 3894 factum)
2516 3822 2907 3879 miraculorum
2961 3839 3083 3894 qua:
3137 3839 3169 3879 a
3212 3823 3417 3879 saeculo
3479 3823 3664 3878 audita

2062 3925 2230 3981 sunt,
2280 3929 2445 3971 omne
2500 3914 2674 3971 vincit
2745 3914 3091 3971 miraculum.
3152 3915 3336 3985 Neque
3394 3916 3539 3971 enim
3606 3920 3662 3973 in

2081 4005 2300 4061 Christo
2352 4004 2645 4059 humanam
2699 4002 2869 4060 solum
2929 4011 3175 4059 naturam
3225 4004 3515 4060 conﬁtetur
3565 4003 3667 4060 Ec-

2082 4096 2262 4151 clesia:
2313 4094 2446 4151 ﬁdes
2498 4113 2513 4151 :
2562 4094 2851 4150 Deitatem'
2897 4109 3027 4149 vero
3088 4109 3198 4150 non
3270 4106 3504 4160 natura,
3568 4096 3665 4150 sed

2082 4186 2500 4259 participatione
2533 4186 2588 4241 in
2623 4174 3018 4254 eocxstitisse,
3055 4193 3115 4240 ut
3166 4196 3461 4241 senserunt
3517 4184 3661 4240 Ριιοο

2084 4282 2227 4336 tinus
2251 4288 2304 4336 et
2330 4279 2528 4335 Paulus
2554 4278 2943 4341 Samosatenus
2968 4295 2982 4332 :
3010 4293 3110 4334 nec
3141 4279 3427 4334 dumtaxat
3479 4278 3662 4348 specie

2080 4382 2238 4429 tenus
2262 4379 2317 4427 et
2360 4371 2674 4440 apparentia
2711 4370 2805 4426 Dei
2837 4366 3035 4424 Filium
3079 4369 3281 4425 factum
3309 4384 3429 4425 esse
3484 4369 3663 4424 homi-

2082 4478 2231 4526 nem,
2266 4465 2413 4532 quod
2447 4460 2731 4517 Manicbaai
2763 4471 3093 4519 senserunt;
3128 4459 3240 4516 Nec
3262 4461 3423 4517 docet
3474 4459 3663 4516 Eccle-

406 4554 489 4608 ὅτι
537 4554 566 4606 ὁ
597 4556 692 4606 τοῦ
745 4551 882 4605 Θεοῦ
940 4549 1063 4613 Υἱὸς
1121 4549 1203 4612 είς
1228 4548 1635 4620 ξάνθρωπίνηνὶ
1665 4546 1969 4619 μελεϐλήθη

2086 4557 2157 4612 sia
2200 4555 2294 4611 Dei
2326 4555 2521 4611 Filium
2579 4554 2636 4608 in
2684 4554 2980 4608 humanam
3036 4569 3361 4609 conversum
3418 4567 3662 4616 carnem,

409 4648 608 4715 σάρκα,
639 4643 715 4708 ὼς
741 4644 769 4696 ὁ
812 4640 1221 4712 ’Δπολλινάριος
1262 4639 1449 4708 ἔλεγεν
1470 4653 1488 4669 ⁸
1540 4638 1650 4693 οὐδ’
1682 4639 1765 4692 ὅτι
1797 4639 1972 4731 μξνην

400 4738 510 4808 μὲν
540 4736 763 4791 ἀνέλαϐε
819 4735 1026 4799 σάρκα·
1062 4734 1268 4804 ἄψυχον
1307 4731 1488 4803 μέντοι
1535 4731 1629 4783 καὶ
1656 4730 1974 4798 ἄλογονκαὶ

408 4830 590 4894 ἄνουν,
621 4830 738 4881 ἀντὶ
767 4826 821 4880 δὲ
850 4826 1026 4897 ψυχῆς
1051 4826 1221 4897 μόνην
1246 4822 1393 4894 αύτῷ
1424 4822 1523 4892 τὴν
1554 4823 1784 4892 θεότητα
1813 4839 1975 4892 γεγο-

409 4924 578 4987 νέναι,
611 4921 801 4990 ὥσπερ
827 4921 1045 4989 Ἀρειος
1074 4918 1204 4989 περὶ
1232 4915 1471 4988 Χριστοῦ
1501 4914 1779 4971 καὶτοῦτο
1804 4914 1970 4986 ἐφρό-

411 5032 560 5084 νησε,
595 5015 689 5069 καὶ
735 5012 1142 5082 Ἀπολλινάριος
1179 5009 1535 5080 ἐλεγχόμενος
1566 5007 1672 5062 ὑπὸ
1707 5008 1805 5079 τῆς
1838 5009 1982 5077 Γρα-

410 5105 537 5177 φῆς,
567 5104 648 5159 ὅτι
671 5104 730 5158 ού
768 5102 1073 5175 μετεϐλήθη
1107 5104 1135 5157 ὁ
1164 5101 1259 5156 τοῦ
1292 5100 1429 5154 Θεοῦ
1475 5100 1605 5163 Υίὸς
1638 5102 1719 5162 εἰς
1768 5100 1866 5154 ἀνθ
1878 5117 1983 5177 ρωτ

410 5173 572 5265 στενήν
602 5173 806 5264 σάρκα,
838 5193 934 5246 καὶ
966 5173 1318 5265 μεταϐαίνων
1363 5192 1444 5254 είς
1465 5188 1649 5256 τοῦτο,
1679 5190 1760 5244 ὅτι
1796 5173 1975 5260 ψυχήν
2019 5224 2023 5230 -

409 5285 729 5358 αἰσθητικὴν
776 5284 937 5339 ἔλαϐε
1000 5284 1179 5356 μόνον,
1225 5283 1354 5338 ἄνευ
1388 5282 1572 5354 μέντοι
1620 5272 1860 5345 διανοίας
1885 5281 1983 5336 καὶ⁹

409 5378 522 5446 νοῦ,
544 5379 582 5434 ἃ
607 5379 710 5449 τῆς
742 5378 965 5449 Σογικῆς
1005 5378 1185 5451 ψυχῆς
1214 5378 1366 5431 ἐστιν
1414 5376 1542 5443 ίδια,
1593 5375 1669 5440 ὡς
1697 5375 1795 5429 καὶ⁵
1820 5376 1983 5430 τοῦτο

421 5472 476 5526 ’Δ
488 5472 829 5543 πολλινάριος
881 5471 964 5524 ἐλε
981 5487 1064 5541 (εν
1088 5484 1104 5500 ⁶
1148 5470 1255 5524 οὐδ’
1281 5471 1366 5524 ὅτι
1389 5470 1422 5541 ἡ
1447 5468 1539 5521 τοῦ
1571 5465 1809 5538 Χριστοῦ
1832 5466 1980 5537 ψυχὴ

409 5563 515 5634 πρὸ
544 5562 638 5618 τοῦ
679 5563 885 5633 κόσμου
934 5561 1181 5633 ἐκτίσθη,
1240 5562 1316 5626 ὡς
1355 5560 1638 5634 Ὠριγένης
1671 5561 1766 5611 καὶ
1798 5557 1978 5635 ,τοῦτο

410 5653 733 5726 ἐφρόνησεν.
1922 5698 1935 5709 κ

459 5745 607 5800 ,Οὐδ’
646 5747 728 5800 ὅτι
776 5745 1266 5819 ἁνθρῶπίνηψυχή
1298 5747 1395 5800 καὶ⁵
1442 5745 1602 5817 σῶμα
1633 5743 1976 5811 ἀνθρώπινον

416 5838 493 5902 εις
517 5836 576 5894 ἓν
607 5837 943 5909 συνέστησαν
965 5838 1056 5892 ἐπὶ
1105 5838 1200 5893 τοῦ
1250 5839 1488 5908 Χριστοῦ
1523 5838 1647 5894 καθ’
1680 5835 1977 5907 ὁμοιότητα

2087 4647 2160 4701 uti
2193 4646 2372 4700 aiebat
2400 4644 2773 4716 Apollinarius
2807 4659 3020 4715 meque
3065 4644 3238 4698 solam
3265 4659 3390 4698 eum
3450 4658 3664 4700 assum-
3716 4676 3721 4681 -

2086 4740 2260 4805 psisse
2293 4751 2540 4801 carnem,
2595 4733 2894 4789 inanimem
2965 4741 3147 4789 tamen
3192 4733 3532 4804 rationisque
3592 4749 3659 4789 ac

2088 4828 2283 4884 mentis
2321 4834 2618 4896 expertem,
2641 4840 2705 4881 ac
2753 4825 2841 4881 cui
2886 4823 3018 4897 loco.
3062 4825 3260 4880 animm
3308 4839 3416 4879 una
3475 4823 3661 4881 Deitas

2087 4904 2406 4981 exstitisset,
2448 4917 2594 4987 quod
2627 4917 2808 4987 ipsum
2838 4898 3227 4973 Arius-sensit
3288 4916 3357 4973 de
3396 4917 3656 4974 Christe:

2089 5008 2455 5080 Apollinarins
2475 5023 2604 5063 vero
2628 5022 2694 5062 ex
2747 5004 3032 5079 Scriptura
3077 5009 3364 5064 convictus
3409 5024 3474 5067 ac
3539 5025 3664 5080 pcr-

2084 5116 2300 5165 suasns,
2328 5115 2433 5153 non
2458 5104 2722 5152 mutatum
2761 5112 2881 5153 esse
2911 5096 3004 5152 Dei
3040 5095 3236 5152 Filium
3272 5097 3328 5153 in
3366 5097 3664 5152 humanam

2088 5208 2328 5256 carnem,
2364 5206 2536 5263 eoque
2575 5189 2871 5254 transiens,
2909 5190 3065 5260 quod
3100 5189 3446 5247 solummodo
3509 5190 3671 5247 scuti-

2085 5296 2267 5341 cutem
2298 5285 2538 5339 animam
2568 5283 2948 5354 assumpserit,
2975 5284 3181 5353 absque
3241 5293 3421 5339 tamen
3472 5283 3670 5338 intelli—

2088 5365 2271 5450 gentia
2310 5387 2363 5431 et
2402 5387 2601 5439 mente,
2634 5390 2756 5446 qum
2787 5383 2915 5431 sunt
2947 5375 3168 5445 prepria
3220 5377 3419 5431 animat
3470 5372 3671 5428 utentis

2097 5470 2324 5533 ratione,
2358 5467 2436 5523 uti
2464 5468 2568 5522 hoc
2626 5467 2801 5536 ipsum
2853 5467 3067 5524 dicebat
3114 5465 3503 5538 Apollinarius.
3553 5463 3666 5517 Nec

2091 5565 2233 5633 quod
2258 5563 2439 5617 anima
2472 5558 2829 5616 Citristiaute
2875 5561 3133 5615 mundum
3199 5557 3417 5614 condita
3478 5553 3665 5623 fuerit,

2090 5653 2238 5723 quod
2266 5653 2442 5723 ipsum
2469 5650 2735 5721 Origenes
2765 5651 2973 5743 sensitn

2152 5743 2259 5800 Nec
2289 5742 2435 5814 quod
2469 5743 2709 5798 hmnana
2753 5735 3039 5796 anima'et
3087 5751 3288 5809 corpus
3339 5735 3658 5799 humanum,

2080 5840 2132 5892 in
2167 5836 2386 5893 Christo
2404 5835 2474 5923 in
2525 5848 2693 5890 unum
2726 5830 3012 5894 coiverint.
3046 5831 3123 5886 uti
3163 5842 3221 5886 se
3246 5844 3335 5885 res
3381 5826 3545 5884 habet
3600 5828 3658 5879 in
