4088 6484
326 456 435 525 575

325 684 413 732 est
446 679 662 736 saeculis
691 681 950 735 omnibus
989 681 1270 751 antiquior
1299 694 1566 739 creaturae
1617 682 1799 752 opifex
1847 699 1911 738 ac

328 769 600 825 conditor.
629 770 764 837 Quae
805 780 929 841 post
952 773 1215 829 unionem
1246 774 1526 841 dicuntur,
1558 776 1675 832 hmc
1704 783 1759 830 et
1786 786 1913 833 ante

329 859 477 915 illam
535 877 879 932 nequaquam
934 864 1119 920 dicere
1177 868 1456 921 convenit.
1525 865 1715 939 Neque
1763 869 1911 923 enim

329 959 459 1005 ante
486 951 923 1009 incarnationem
954 967 1118 1011 natus
1145 963 1227 1010 est
1265 971 1332 1012 ex
1367 955 1589 1025 Virgine
1610 998 1624 1021 ,
1659 968 1753 1014 aut
1782 974 1910 1014 cum

330 1042 645 1099 hominibus
684 1055 1068 1104 conversatus.
1116 1045 1265 1103 Nihil
1317 1049 1504 1119 itaque
1539 1064 1754 1115 eorum,
1789 1065 1910 1119 qua:

330 1135 591 1190 unionem
622 1146 951 1205 sequuntur,
995 1148 1122 1195 ante
1159 1140 1306 1195 illam
1343 1141 1411 1196 de
1438 1140 1533 1195 illo
1567 1139 1747 1197 dicere
1780 1158 1911 1198 con-

328 1225 497 1285 venit.
545 1225 651 1282 nisi
708 1225 853 1284 forte
907 1230 1246 1301 prophetice,
1303 1233 1383 1288 uti
1435 1232 1641 1290 dictum
1673 1251 1704 1291 a
1752 1234 1912 1292 nobis

399 1405 699 1464 Conveniet
727 1407 915 1479 itaque
943 1416 1070 1479 post
1096 1410 1382 1479 unionem,
1415 1427 1538 1484 qua:
1585 1424 1795 1473 natura:
1830 1415 1916 1472 di-

328 1494 473 1551 vina:
522 1497 743 1567 propria
775 1506 931 1565 sunt,
960 1514 1196 1570 quaeque
1229 1514 1298 1557 ex
1352 1483 1508 1573 parte
1534 1483 1937 1571 illumanitatis‘

329 1597 550 1656 sumpta
574 1597 727 1654 aunt,
766 1590 836 1645 de
860 1590 956 1646 illo
985 1590 1192 1658 dicere,
1232 1594 1540 1665 cuiusmodi
1583 1607 1685 1664 est,
1723 1610 1915 1669 partus

330 1694 400 1734 ex
443 1677 688 1749 Virgine,
733 1682 913 1736 atatis
952 1694 1343 1752 augmentum;
1384 1696 1582 1742 cuncta
1629 1691 1870 1761 denique
1897 1734 1916 1761 ,

332 1787 456 1840 qua:
489 1782 679 1842 postea
712 1773 784 1829 ob
812 1783 1095 1844 peccatum
1130 1788 1342 1833 natura:
1373 1779 1630 1837 humanae
1673 1783 1916 1840 advene-

1614 471 1775 535 MAN
1781 471 1962 535 UELI
1968 473 2008 532 S
2040 472 2345 537 CALEC/E

326 582 492 637 etiam
527 595 656 637 vare
689 584 924 651 dicetu‘r,
956 584 1062 652 Qui
1088 594 1252 643 natus
1286 595 1369 644 est
1398 603 1461 643 ex
1491 589 1736 660 Virgine,
1766 590 1910 645 Deus
1939 593 1986 652 Α
2012 590 2156 655 λειος
2184 606 2199 621 ο

3499 470 3601 540 576

2254 579 2336 643 διδ
2377 583 2473 644 κᾶὶ
2522 589 2749 654 δικαίως
2795 589 3148 663 λεχθήσεται,
3182 588 3310 642 Ὅτι
3343 590 3370 642 6
3404 605 3605 659 γεννη-

2013 682 2127 742 θεὶς
2163 684 2227 735 ἐκ
2256 682 2535 753 Παρθένου
2565 682 2698 744 Θεός
2731 684 2848 735 ἐστι
2902 681 3233 752 πρωιὼνιος
3266 681 3605 751 δημιουργνς

2011 775 2111 844 τῆς
2149 774 2403 840 κτίσεως.
2452 775 2532 828 Τὰ
2571 775 2713 844 μετὰ
2760 774 2881 846 τὴν.
2911 775 3122 856 ἕνωσιν.
3145 774 3398 845 οὐδαμῶς
3429 791 3604 845 προσ-

2010 869 2138 938 ήκει
2178 870 2272 922 καὶ
2323 869 2428 937 πρὸ
2460 870 2559 940 τῆς
2600 868 2852 930 ἑνιῦσεως
2880 867 3136 935 λέγεσθαι
3164 883 3178 896 ο
3215 868 3312 920 καὶ
3350 868 3459 937 γὰρ
3489 867 3598 935 πρὸ

2012 958 2107 1013 τοῦ
2164 959 2514 1031 σαρκωθῆναι
2574 961 2675 1013 οὐκ
2730 959 2924 1028 ἐτέχθη
2982 959 3049 1011 ἐκ
3106 959 3405 1028 παρθένου,
3478 960 3599 1012 οὐδὲ

2012 1051 2125 1114 τοῖς
2202 1039 2512 1122 ἀνθρώποις
2579 1049 3021 1120 συνανεστράφη.
3086 1049 3258 1102 Οὐδὲν
3323 1045 3421 1102 οὖν
3491 1050 3597 1101 τῶν

2019 1141 2158 1211 μετὰ
2218 1141 2317 1212 τὴν
2350 1141 2580 1217 ,ἕνωσιν
2652 1142 2910 1208 λέγεσθαι
2971 1142 3060 1195 ἐπ’
3119 1139 3286 1194 αὐτοῦ
3341 1140 3448 1210 πρὸ
3500 1140 3596 1206 τῆς

2017 1229 2262 1294 ὲνὼσεως
2321 1232 2614 1303 προσήκει,
2667 1235 2717 1286 εί
2781 1236 2916 1305 μήτι
2977 1252 3041 1306 γε
3104 1230 3485 1302 προφητικῶς,
3525 1231 3596 1293 ὼς

2017 1323 2233 1395 εφτιμεν

2096 1417 2357 1489 Ἀρμόσει
2402 1435 2580 1472 τοινυν
2616 1420 2756 1489 μετὰ
2806 1418 2907 1491 τὴν
2955 1418 3156 1473 ῑνωσιν
3202 1418 3273 1472 τὰ
3310 1416 3409 1487 μὶν
3459 1413 3602 1471 κατὰ

2016 1508 2114 1580 τὴν
2144 1509 2299 1565 θείαν
2330 1510 2513 1580 φύσιν,
2546 1509 2613 1564 τὰ
2643 1511 2699 1565 δὲ
2729 1506 2838 1565 ἀπὸ
2886 1510 2979 1565 τοῦ
3009 1510 3355 1580 ἀνθρωπίνου
3397 1509 3598 1579 μέρους

2018 1599 2350 1672 εἰλημμένα,
2384 1602 2643 1671 λέγεσθαι
2676 1604 2763 1656 ἐπ’
2799 1602 2967 1658 αὑτοῦ
2994 1621 3006 1634 ·
3042 1596 3178 1660 οἷον.
3212 1604 3241 1657 6
3281 1602 3347 1656 ὲκ
3380 1600 3601 1671 Παρθέ·

2018 1707 2110 1744 νου
2140 1690 2317 1755 τόκος,
2350 1693 2382 1763 ἡ
2417 1691 2538 1747 καθ’
2572 1692 2793 1762 ἠλικίαν
2823 1690 3077 1760 αῠξησις,
3120 1693 3299 1746 πάντα
3327 1692 3468 1760 πλὴν
3492 1692 3602 1744 τῶν

2019 1781 2107 1835 διὰ
2158 1782 2257 1853 τὴν
2313 1783 2595 1854 ἁμαρτίαν
2642 1783 2868 1855 ὕστερον
2925 1787 2992 1854 τῇ
3056 1783 3377 1853 ἀνθρωπίνῃ
3439 1782 3604 1849 φύσει

332 1873 486 1928 runt,
517 1881 751 1935 quorum
786 1866 921 1922 nulli
955 1866 1296 1938 subiacebat,
1332 1873 1425 1942 qui
1454 1874 1522 1930 de
1546 1875 1749 1945 Spiritu
1782 1895 1914 1935 san-

2023 1873 2459 1944 ὲπισυμσάντων,
2491 1867 2648 1941 ὲξκῶν
2681 1876 3149 1943 οὐδενὶὺπέκειτο,
3207 1877 3272 1929 ἐκ
3289 1873 3605 1943 Πνεύματος

333 1965 425 2014 cto
462 1971 760 2031 conceptus
788 1971 925 2025 erat,
951 1977 1017 2018 ac
1054 1978 1149 2032 per
1172 1966 1356 2019 omnia
1397 1966 1467 2021 ab
1500 1970 1650 2024 omni
1700 1974 1910 2042 peccati

335 2052 457 2107 labe
481 2052 808 2123 purissimus
838 2064 1136 2111 manserat.
1180 2055 1315 2123 Quae
1351 2058 1521 2130 igitur
1549 2065 1794 2132 corporis
1828 2082 1910 2121 ra-

334 2146 485 2201 tione
512 2148 577 2200 de
601 2145 824 2203 Christo
854 2147 1137 2214 dicuntur,
1166 2151 1475 2219 cuiusmodi
1505 2163 1655 2223 sunt,
1697 2159 1910 2233 esuriit,

330 2238 532 2308 sitivit,
569 2239 858 2305 laboravit,
891 2241 1090 2306 oravit,
1116 2241 1170 2295 in
1205 2242 1401 2313 agonia
1443 2242 1566 2310 fuit,
1602 2262 1723 2317 qua:
1750 2251 1914 2306 uimi-

337 2345 459 2386 rum
509 2333 792 2386 naturales
838 2333 1092 2401 corporis
1142 2335 1425 2403 passiones
1467 2347 1617 2405 sunt,
1670 2343 1917 2413 nullique

336 2420 445 2475 labi
484 2420 755 2484 obnoxiae,
790 2421 859 2475 ita
917 2420 1198 2485 dicuntur,
1228 2432 1290 2479 ut
1330 2427 1479 2481 nulla
1524 2445 1753 2498 prorsus
1790 2432 1919 2490 inde

339 2511 598 2581 passione
621 2512 803 2567 divina
834 2522 1028 2567 natura
1056 2512 1348 2580 adiciatur.
1376 2519 1591 2573 tametsi
1620 2519 1713 2576 Dei
1744 2520 1916 2581 Filius

338 2601 553 2657 dicatur
580 2603 840 2658 esurii-sse
870 2618 932 2657 ac
964 2604 1191 2669 sitiisse,
1250 2608 1322 2660 ob
1361 2622 1630 2663 summam
1681 2616 1921 2685 undique

343 2693 754 2749 immeationem
796 2708 862 2748 ac
904 2695 1165 2749 unionem
1212 2698 1414 2754 divinae
1462 2712 1673 2758 natura:
1713 2706 1923 2762 incom-

252 2796 265 2809 ‘
342 2787 506 2840 miste
547 2785 797 2856 citraque
843 2801 1062 2842 omnem
1111 2787 1493 2847 confusionem
1545 2793 1669 2849 cum'
1719 2798 1920 2866 carne;

345 2878 492 2933 haud
528 2893 689 2934 secus
720 2895 786 2934 ac
822 2880 1002 2933 anima
1053 2880 1109 2934 in
1141 2896 1365 2950 corpus,
1409 2885 1656 2958 ignisque
1702 2889 1754 2944 in
1791 2891 1927 2949 ferri

2030 1967 2187 2035 ἁγίου
2246 1967 2598 2036 συλληφθεὶς,
2652 1968 2745 2022 καὶ
2789 1967 2880 2021 διὰ
2936 1968 3156 2027 πάντων
3215 1964 3606 2035 καθαρώτατος

2026 2059 2210 2127 πάσης
2241 2059 2516 2130 ἁμαρτίας
2566 2057 2914 2130 μεμενηκώς.
2944 2059 3025 2113 Τὰ
3056 2058 3188 2127 γοῦν
3228 2057 3337 2111 ἀπὸ
3367 2055 3463 2109 τοῦ
3497 2054 3609 2109 σώ-

2032 2167 2204 2220 ματος
2254 2128 2470 2204 ἐπὶήτοῦ
2499 2128 2739 2219 Χριστοῦ
2783 2150 3077 2220 λεγόμενα,
3110 2145 3244 2215 οἷον,
3294 2150 3605 2210 ἐπείνασεν,

2030 2244 2309 2315 ἐδίψησεν,
2377 2242 2660 2308 ἐκοπίασε,
2732 2241 3103 2312 προσηύξατο,
3170 2243 3506 2313 ἠγωνίασεν,
3571 2241 3609 2295 ἃ

2031 2333 2097 2403 δὴ
2142 2331 2236 2386 τοῦ
2286 2331 2539 2402 σώματός
2585 2336 2695 2387 είσι
2731 2331 3002 2402 δήπουθεν
3051 2332 3261 2400 φυσικὰ
3309 2331 3403 2384 καὶ
3457 2330 3611 2384 ἀδιά-

2033 2424 2206 2494 ϐλητα
2244 2424 2416 2495 πάθη,
2453 2424 2596 2480 οὔτω
2625 2425 2903 2493 λέγονται,
2936 2423 3013 2485 ὡς
3060 2423 3161 2491 τῆς
3197 2422 3348 2485 θείας
3392 2420 3610 2489 φύσεως

2034 2516 2187 2570 οὐδὲν
2229 2517 2409 2572 ὁτιοῦν
2458 2515 2789 2579 πεπονθυίας
2810 2532 2829 2593 Ἲο
2864 2517 2912 2568 εἰ
2950 2517 3044 2568 καὶ
3074 2515 3103 2567 ό
3141 2513 3266 2577 Υίδς
3314 2512 3408 2567 τοῦ
3449 2511 3608 2574 Θεοῦ,

2034 2610 2289 2679 λέγομεν,
2326 2609 2581 2663 ὲπείνασε
2630 2609 2727 2662 καὶ
2776 2607 3077 2678 ἡγωνίασε,
3115 2606 3258 2659 κατὰ
3294 2604 3356 2657 τὺ
3403 2603 3612 2673 ἀνθρὼ-

2038 2719 2192 2756 πινον
2249 2700 2512 2772 δηλονότι,
2565 2699 2655 2754 διὰ
2707 2699 2806 2770 τὴν
2868 2698 3179 2770 ἀκροτάτην
3242 2695 3613 2766 περιχώρησιν

2038 2791 2132 2842 καὶ
2169 2788 2365 2843 ἕνωσιν
2394 2788 2496 2858 τῆς
2546 2788 2699 2853 θείας
2730 2787 2966 2857 φύσεως,
3006 2788 3224 2858 ἀμιγῶς
3253 2788 3349 2840 καὶ
3377 2783 3616 2855 ἀσυγχύ-

2036 2898 2147 2945 τως
2171 2881 2307 2953 πρὸς
2339 2881 2438 2948 τὴν
2471 2880 2672 2952 σάρκα,
2704 2879 2963 2949 καθάπερ
2994 2879 3141 2950 ψυχὴ
3173 2878 3309 2949 πρὸς
3340 2878 3401 2932 τὸ
3433 2877 3614 2945 σῶμα,

343 2979 602 3023 naturam
637 2969 988 3025 incommiste
1026 2972 1298 3041 pervadit,
1350 2975 1548 3047 suique
1592 2981 1827 3050 copiam,
1865 2992 1926 3038 ut

2039 2973 2072 3045 ἢ
2111 2990 2221 3046 πυρ
2261 2974 2396 3045 πρὸς
2427 2971 2526 3042 τὴν
2555 2972 2648 3026 τοῦ
2687 2972 2908 3043 σιδήρου
2948 2971 3111 3039 φύσιν
3142 2969 3359 3041 ἀμιγῶς
3391 2970 3617 3025 διικνεῖ-

345 3061 450 3116 aub
474 3062 727 3132 exemplo
760 3061 974 3133 loquar,
1005 3064 1245 3120 materiae
1274 3065 1428 3122 facit.

2041 3081 2151 3128 ται,
2199 3067 2294 3121 καὶ
2349 3064 2512 3118 ἑαυτὸ
2576 3066 2695 3128 ταῖς
2745 3063 2902 3127 ῦλαις
2960 3062 3304 3134 μεταδίδωσι,
3359 3062 3619 3133 παραδει-

943 3192 951 3200 ~
1971 3226 2000 3231 _
2039 3158 2330 3231 γματικῶς
2374 3159 2571 3213 είπεῖν.

419 3239 498 3294 Ad
543 3239 937 3295 humanitatem
968 3239 1137 3310 igitur
1166 3241 1399 3299 attinent
1429 3247 1616 3302 omnia
1663 3263 1784 3320 quae
1826 3250 1932 3304 hu-

2053 3226 2064 3231 ν
2085 3226 2200 3320 -Τῷ
2233 3248 2564 3321 ἀνθρωπίνῳ
2600 3248 2757 3321 μέρει
2785 3250 2965 3304 τοίνυν
3000 3249 3179 3304 πάντα
3213 3248 3615 3321 ἀνήκουσινὸσα

347 3329 537 3385 mitius
576 3329 858 3396 dicuntur,
895 3339 955 3386 ut
983 3340 1066 3388 est
1093 3331 1225 3389 illud
1256 3351 1269 3388 :
1310 3353 1330 3387 ι
1370 3333 1514 3402 Quid
1554 3354 1642 3413 me
1687 3342 1935 3411 quatritis

2036 3342 2425 3413 ταπεινότερον
2446 3341 2688 3410 λέγεται,
2723 3341 2799 3405 ὡς
2830 3340 2913 3407 τὸ,
2970 3358 2989 3394 ι
3032 3339 3099 3395 Τί
3131 3358 3200 3412 με
3230 3340 3445 3411 ζητεῖτε
3485 3341 3622 3393 ἀπο-

349 3422 658 3485 interticcre
678 3422 734 3479 ἰ
768 3440 790 3476 ι
832 3421 990 3490 Quod
1031 3425 1159 3480 item
1197 3426 1519 3498 interrogat,
1557 3410 1717 3488 (ubi
1747 3437 1939 3505 posui-

2040 3412 2288 3503 κτεῖναι;
2372 3434 2465 3488 καὶ
2495 3432 2558 3487 τὸ
2601 3435 2837 3505 ἐρωτᾷν,
2878 3453 2895 3483 ι
2925 3432 3036 3486 Ποῦ
3091 3410 3373 3487 τεθείκατε
3445 3430 3622 3496 Λάζα-

350 3518 453 3571 stis
479 3515 750 3570 Lazarum
779 3516 837 3571 ‘2
874 3535 903 3569 ι.
930 3517 1233 3601 Quodsub
1257 3520 1426 3576 ticum
1476 3526 1743 3592 cucurrit,
1790 3528 1935 3598 quod

2043 3543 2170 3599 ρον;
2203 3544 2222 3579 ι
2273 3527 2302 3581 6
2342 3525 2448 3580 ὑπὸ
2484 3528 2586 3594 τὴν
2645 3524 2820 3596 συκῆν
2857 3524 3081 3595 δρόμος,
3114 3523 3173 3579 τὺ
3218 3525 3622 3594 ὑπαναχωρεῖν,

352 3608 613 3673 secessit;
650 3607 779 3662 illud
814 3608 1049 3678 denique
1077 3627 1091 3665 :
1122 3628 1141 3660 ι
1180 3608 1364 3666 Finxit
1386 3625 1446 3667 se
1471 3612 1688 3686 longius
1718 3618 1797 3671 ire
1827 3618 1870 3671 ⁷.
1913 3636 1932 3670 ι

2043 3618 2127 3687 τὸ,
2202 3636 2222 3669 ι
2287 3618 2736 3689 Προσεποιήσατο
2810 3615 3149 3687 πορρωτέρω
3204 3614 3553 3685 πορεύεσθαι.
3598 3632 3619 3666 ι

355 3698 560 3754 Eodem
622 3700 787 3754 etiam
849 3700 980 3755 illud
1046 3710 1280 3772 spectat,
1330 3704 1505 3761 «Deus
1561 3722 1739 3774 meus,
1798 3709 1940 3765 Dens

2045 3712 2140 3776 Εἰς
2180 3710 2339 3765 τοῦτο
2376 3709 2432 3764 δὲ
2463 3710 2655 3779 ἀνήκει
2705 3708 2803 3763 καὶ
2841 3708 2926 3772 τὸ,
2985 3726 3005 3759 ι
3039 3706 3141 3760 Θεέ
3172 3725 3301 3775 μου,
3340 3704 3443 3760 Θεέ
3498 3724 3625 3775 μου,

357 3784 542 3858 meus,
596 3800 657 3847 ut
706 3791 839 3863 quid
887 3808 975 3849 me
1028 3794 1451 3866 dereliquisti'?
1504 3815 1524 3850 ι
1576 3799 1716 3855 Illud
1763 3803 1936 3859 item:

2044 3803 2132 3857 ἶνα
2165 3803 2218 3858 τί
2249 3820 2318 3874 με
2346 3801 2741 3870 ὲγκατέλιπεςς
2779 3819 2798 3854 ι
2831 3801 2942 3855 Καὶ
2967 3799 3047 3864 τὸ,
3091 3818 3110 3853 ι
3152 3798 3450 3869 Γενόμενος
3484 3800 3626 3869 ὑπὲρ
3647 3830 3658 3837 -

363 3905 385 3936 ο
408 3884 609 3940 Factus
638 3900 738 3956 pro
772 3885 934 3944 nobis
967 3886 1317 3943 maledictum
1349 3890 1392 3945 ’.
1430 3908 1451 3942 ι
1483 3889 1595 3947 Nec
1624 3908 1729 3947 non
1756 3895 1886 3949 illud
1923 3912 1939 3952 :

2043 3895 2203 3967 ἡμῶν
2232 3893 2467 3965 κατάρα.
2506 3913 2524 3946 ι
2583 3894 2692 3947 Καὶ
2746 3891 2830 3957 τὸ,
2868 3912 2887 3947 ι
2938 3890 3112 3955 Ait-ab;
3165 3892 3193 3944 6
3256 3891 3384 3952 Υίὸς
3427 3890 3631 3943 ὑποτασ-

360 3996 381 4030 ι
395 3976 511 4047 ipse
528 3976 700 4032 Filius
721 3978 1043 4049 subjicietur
1063 3978 1136 4043 ei,
1151 3979 1245 4049 qui
1263 3980 1491 4052 subjecit
1514 3983 1615 4038 sibi
1633 3987 1817 4043 omnia
1840 3987 1902 4043 ¹⁶.
1919 4007 1935 4041 ι

2023 3989 2278 4060 ’γήσεται
2314 3985 2391 4057 τῷ
2425 3987 2756 4054 ὑποτάξαντι
2810 3985 2960 4056 αὐτῷ
3014 3984 3083 4041 τὰ
3128 3986 3325 4038 πάντα.
3373 4004 3392 4037 ι
3443 3985 3629 4037 Ταῦτα

360 4069 489 4126 ιίιιιε
518 4071 664 4125 enim
694 4070 912 4125 dicebat
941 4085 1038 4141 per
1069 4072 1509 4143 arrogationem,
1544 4077 1649 4132 sibi
1670 4076 1799 4149 ipse
1846 4079 1944 4135 ho-

2046 4084 2154 4153 γὰρ
2191 4078 2313 4135 κατ’
2342 4079 2617 4133 οίκείωσιν
2668 4077 2844 4145 ἔλεγε,
2878 4077 2940 4131 τὸ
3006 4077 3278 4150 ἡμέτερον
3318 4077 3630 4147 οίκειορμε·

360 4161 527 4218 tuinis
567 4175 857 4232 personam
895 4161 1224 4228 attribuens,
1258 4175 1311 4220 et
1336 4180 1395 4221 se
1424 4167 1479 4222 in
1512 4170 1702 4224 eadem
1750 4170 1944 4226 nobis-

2047 4178 2135 4238 νος
2186 4172 2500 4243 πρόσωπον,
2572 4169 2667 4223 καί⁵
2726 4168 2845 4239 μεθ’
2918 4170 3078 4241 ἡμῶν
3145 4176 3356 4225 τάττων
3416 4170 3632 4223 ἑαυτόν.

359 4265 487 4306 cum
544 4252 725 4307 classe
792 4252 1161 4317 constituens,
1208 4252 1323 4311 Nos
1367 4258 1514 4311 enim
1579 4275 1801 4317 eramus
1849 4261 1944 4332 qui

2058 4267 2253 4337 Ἡμεῖς
2307 4264 2416 4335 γὰρ
2445 4258 2589 4333 ἦμεν
2639 4264 2688 4315 oi
2737 4262 3306 4333 ἐγκαταλελειμμένοι
3355 4266 3450 4315 καὶ
3502 4263 3634 4315 ὑποο

361 4343 611 4400 derelicti
643 4343 919 4399 fueramus
944 4359 1009 4401 ac
1040 4345 1242 4416 quibus
1272 4361 1411 4418 opus
1438 4357 1584 4405 esset
1618 4361 1677 4405 ut
1711 4353 1944 4424 subjice-

2047 4358 2222 4429 ταγῆς
2254 4356 2522 4426 δεόμενοι,
2555 4353 2631 4418 ὡς
2666 4354 2945 4429 ἁμαρτίας
2984 4356 3082 4409 καὶ
3136 4355 3376 4408 θανάτου
3434 4354 3632 4423 ἔνοχοι,

364 4449 571 4498 remur,
611 4445 671 4490 nt
705 4436 798 4507 qui
834 4444 1058 4508 peccato
1108 4442 1380 4512 mortique
1418 4444 1651 4500 obnoxii
1703 4461 1942 4514 eramus,

2049 4453 2145 4509 καὶ
2180 4450 2317 4512 ’τοῖς
2382 4443 2476 4499 τοῦ
2548 4446 2684 4502 Θεοῦ
2754 4446 3176 4517 προστάγμασιν
3240 4445 3630 4508 ἀπειθοῦντες.

370 4547 474 4587 nec
547 4532 750 4590 divinis
799 4537 1086 4606 praeceptis
1154 4537 1613 4608 obsequebamur.
1668 4538 1762 4597 Ille
1820 4558 1944 4600 vero

2023 4545 2222 4609 ‘Ai’l‘tb;
2268 4545 2347 4610 δὲ,
2390 4562 2409 4598 ι
2464 4543 2581 4613 Οὐχ
2625 4541 2899 4612 ἥμαρτεν,
2962 4539 3086 4594 οὐδὲ
3136 4539 3342 4610 εὑρέθη
3382 4539 3532 4602 δόλος
3577 4532 3649 4591 ἐν’

371 4641 394 4680 ι
429 4623 719 4683 Peccatum
763 4644 871 4682 non
922 4629 1070 4695 fecit,
1107 4644 1209 4685 nec
1243 4630 1403 4688 dolus
1455 4632 1712 4690 inventus
1762 4644 1848 4692 est
1894 4637 1944 4692 in

2049 4637 2127 4710 τῷ
2190 4638 2421 4704 στόματι
2478 4633 2670 4689 αὐτοῦ.
2729 4652 2749 4686 ι
2813 4634 2916 4687 Διὰ
2982 4632 3144 4686 τοῦτο
3199 4631 3325 4685 οὔτε
3377 4630 3452 4694 ὡς
3503 4631 3637 4695 Θεὸς

367 4733 467 4773 ore
495 4720 616 4786 ejus
639 4719 814 4776 ¹¹ο¹¹.ι
846 4721 1219 4789 Quamobrem
1267 4740 1442 4795 neque
1472 4735 1534 4782 ut
1580 4725 1722 4784 Deus
1754 4729 1944 4787 dereli-

2051 4728 2447 4799 ἐγκατελείφθη
2473 4720 2574 4797 (εἷς
2605 4724 2715 4796 γὰρ
2745 4725 2877 4790 Θεός
2900 4725 3017 4777 ἐστι
3053 4726 3193 4794 μετὰ
3225 4724 3350 4777 τοῦ·
3374 4722 3632 4794 Ματρὸς),

371 4820 498 4867 ctus
534 4821 618 4869 est
645 4821 796 4886 (cum
820 4817 893 4871 sit
912 4832 1053 4872 unus
1078 4815 1220 4873 Deus
1245 4833 1369 4873 cum
1387 4818 1598 4891 Patre),
1623 4836 1803 4893 neque
1825 4839 1944 4880 vero

2050 4824 2157 4878 οὐδ’
2196 4817 2264 4877 αὖ
2321 4821 2397 4884 ὡς
2434 4819 2723 4890 ἄνθρωπος
2777 4818 2997 4888 ἥμαρτε
3027 4833 3041 4849 ·
3099 4816 3184 4871 διὸ
3240 4815 3361 4873 οὐδὲ
3409 4815 3637 4884 ὲγκατε-
3694 4890 3702 4896 θ

375 4908 623 4975 peccavit
652 4918 709 4963 ut
749 4909 946 4974 homo;
976 4926 1147 4982 quare
1181 4927 1360 4981 neque
1386 4913 1679 4971 derelictus
1716 4926 1818 4984 est,
1853 4898 1944 4972 nec

2023 4915 2269 4987 ’λείφθη,
2299 4913 2406 4969 οὐδ’
2430 4911 2718 4983 ὑποταγῆς
2768 4910 2986 4982 ἐδεήθη.
3043 4907 3205 4962 Ἀλλὰ
3230 4908 3408 4962 ταῦτα
3443 4908 3663 4987 εἴρηκε.

376 5012 519 5065 opus
553 4998 746 5055 habuit
774 5011 837 5057 ιιι
866 5004 1267 5073 subjiceretur;
1301 5007 1397 5062 sed
1427 5006 1545 5059 haec
1578 5005 1796 5062 locutus
1829 5016 1944 5074 est,

2054 5008 2115 5063 τὸ
2158 5008 2427 5079 ἡμέτερον
2464 5002 2856 5074 οἰκειούμενος,
2915 4999 3174 5071 καθάπερ
3208 4999 3453 5070 εἴρηται.
3507 4998 3642 5067 Περὶ

375 5090 484 5145 sibi
532 5094 794 5165 arrogans
827 5096 971 5167 quod
1021 5096 1322 5152 humanum
1353 5084 1459 5162 est,
1492 5098 1569 5154 uti
1605 5100 1813 5154 dictum
1848 5110 1944 5155 est.

2058 5096 2221 5151 αὐτοῦ
2260 5098 2366 5167 γὰρ
2403 5094 2646 5162 λέγεται,
2701 5109 2721 5144 ι
2781 5091 2840 5145 '0
2873 5091 3045 5161 αίρων
3095 5090 3194 5152 τὰς
3242 5090 3519 5160 ἁμαρτίας
3544 5085 3640 5140 τοῦ

378 5181 458 5239 De
490 5184 581 5240 illo
612 5188 755 5243 enim
788 5190 1026 5246 dicitur:
1055 5188 1189 5254 tQtti
1222 5191 1359 5245 tollit
1391 5202 1613 5262 peccata
1648 5193 1836 5247 mundi
1859 5193 1944 5247 ".1

2060 5193 2292 5259 κόσμου,
2327 5209 2345 5242 ι
2379 5189 2492 5252 καὶ,
2531 5208 2549 5240 ι
2580 5187 2752 5250 Αὐτὸς
2803 5186 2903 5248 τὰς
2934 5183 3223 5248 ἀσθενείας
3266 5182 3428 5255 ἡμῶν
3457 5182 3640 5250 ἔλαϐε,

382 5278 488 5339 Et:
523 5301 542 5335 ι
574 5280 694 5354 Ipse
715 5283 1064 5341 inﬁrmitates
1084 5294 1299 5341 nostras
1329 5287 1558 5357 accepit,
1597 5297 1650 5342 ct
1677 5287 1944 5358 languore:

2062 5288 2155 5340 καὶ
2190 5285 2284 5346 τὰς
2334 5284 2520 5346 νόσους
2562 5279 2855 5334 ἐϐάστασε.
2901 5296 2921 5330 ι

384 5384 606 5431 nostros
634 5376 872 5448 portavit
907 5379 973 5435 ".
1008 5397 1028 5433 ι

458 5467 594 5525 Illud
623 5479 810 5526 autem
832 5510 847 5536 ,
882 5487 903 5523 ι
942 5471 1103 5528 Pater
1136 5471 1312 5541 major
1345 5486 1435 5527 me
1463 5481 1548 5528 est
1572 5471 1637 5524 ιθ.
1678 5489 1696 5523 ι
1737 5469 1944 5541 quidarr

2138 5467 2212 5521 Tb
2248 5466 2325 5531 δὲ,
2365 5484 2385 5518 ι
2433 5464 2491 5518 Ὁ
2520 5463 2710 5532 Πατὴρ
2745 5461 2948 5532 μείζων
2972 5457 3071 5530 μού
3104 5460 3242 5523 ἔστι,
3286 5476 3305 5509 ι
3355 5459 3498 5520 τινὲς
3545 5457 3644 5527 μὲν

391 5560 711 5636 sanctorum
753 5564 962 5620 dictum
1027 5564 1485 5620 existimaverunt
1529 5565 1741 5621 ratione
1786 5580 1944 5620 causa

2072 5560 2179 5613 τῶν
2207 5558 2375 5628 ἁγίων
2397 5556 2511 5629 (54)
2562 5556 2704 5609 κατὰ
2751 5554 2810 5607 τὸ
2849 5552 3023 5607 αἴτιον
3055 5552 3307 5622 εἰρῆσθαι
3357 5549 3643 5618 ὲξάλαόονο

462 5673 665 5734 'Joan.
694 5694 749 5743 ν,
776 5677 862 5733 l9.
942 5679 964 5711 ⁸
994 5678 1155 5733 Joan.
1198 5694 1274 5733 ιιι.
1309 5679 1399 5732 54.
1506 5678 1528 5711 ⁷
1562 5677 1750 5732 Matth.
1786 5692 1897 5742 ut,
1931 5678 1944 5729 1

2023 5693 2029 5738 ι
2062 5674 2229 5729 Marc.
2257 5670 2613 5743 x1,7137;13uc.
2642 5685 2714 5732 Ix,
2751 5668 2841 5743 ιι),
2935 5667 3099 5743 “huc
3135 5682 3280 5727 mv.
3306 5666 3418 5743 18;
3457 5663 3645 5743 blatth.

388 5760 560 5812 xxvii,
588 5747 676 5803 46.
735 5733 775 5784 ’⁸
806 5747 984 5805 Galat.
1012 5756 1092 5815 ιιι,
1129 5748 1212 5803 13.
1294 5748 1337 5781 ’⁸
1364 5751 1383 5803 1
1414 5749 1542 5806 Cor.
1578 5764 1665 5811 xv,
1696 5749 1784 5803 ‘28.
1884 5733 1944 5779 ³³η

2023 5733 2139 5800 lsa.
2184 5759 2296 5807 thl,
2322 5733 2450 5807 '9;l'
2490 5740 2633 5797 Petr.
2665 5753 2727 5805 ιι,
2776 5738 2867 5794 22.
2969 5740 3014 5774 “
3042 5735 3199 5792 Jean.
3235 5750 3270 5799 ι,
3300 5737 3390 5793 ‘29.
3467 5733 3510 5767 ⁸⁸
3543 5734 3647 5792 lsa.

387 5831 507 5883 Lm,
539 5820 606 5884 ις
630 5817 820 5875 Matth.
857 5836 966 5887 vus,
1008 5823 1053 5876 7.
1140 5821 1182 5852 ³⁵
1223 5819 1377 5875 Joan.
1408 5837 1518 5887 ιιιν,
1554 5822 1623 5874 28

464 5936 579 6005 (Si)
608 5934 764 6007 Greg.
804 5935 949 5991 (Mt.
992 5939 1078 5994 36.
