4088 6422
392 328 492 392 $81

1371 328 1471 391 DE
1515 321 1951 391 PRINClPllS
1995 323 2208 388 FIDE!
2249 321 2731 385 CATIIOLlC/E.

3565 324 3676 390 582

392 439 587 493 ἑαυτὸν
643 439 702 492 δὲ
731 429 1223 513 ούίσυμπεριὲλαὸε
1259 443 1372 504 τοῖς
1396 441 1593 496 ἑαυτοῦ
1612 437 1986 514 δούλοιςκατὰ

2089 450 2322 492 numero
2374 449 2500 490 cum
2557 432 2734 490 servis
2784 432 3298 504 comprehendisse,
3359 434 3506 492 Vclut
3552 439 3673 510 pari

390 534 489 602 τὴν
508 534 752 600 ἄγνοιαν.
778 534 1226 606 Παρασιωπήσας
1259 530 1352 588 οὗν
1409 534 1483 599 ὼς
1541 532 1980 606 ὁμολογούμενον

391 625 452 677 16
499 623 698 679 ἑαυτοῦ
765 627 1056 695 πρόσωπον
1117 627 1177 680 ὲν
1234 630 1300 698 τῇ
1339 626 1484 692 λέξει
1512 627 1606 682 τοῦ
1633 625 1917 681 Ματθαίου
1950 626 1980 678 6

395 718 618 787 Κύριος,
650 721 778 782 τοὺς
808 719 1082 788 ἀγγέλους
1110 714 1266 773 εἴπεν
1291 722 1510 788 ἀγνοεῖν
1537 736 1554 754 ο
1583 721 1786 774 εἰδέναι
1803 719 1861 778 δὲ
1889 719 1982 774 τὸν

393 811 613 880 Πατέρα
635 810 832 881 .μόνον,
856 812 954 882 τὴν
989 812 1085 866 τοῦ
1147 813 1366 883 Πατρδς
1425 811 1649 881 γνῶσιν,
1717 817 1861 866 κατὰ
1919 811 1982 865 16

395 901 771 972 σιωπώμενον,
830 903 924 957 καὶ
979 904 1176 958 ἑαυτοῦ
1228 900 1370 960 εἶναι
1418 905 1614 976 λέγων.
1657 905 1830 966 Αὐτὸς
1870 905 1982 973 γὰρ

394 991 538 1059 εἷπε,
588 1014 606 1046 ι
643 993 832 1047 Πάντα
860 994 963 1048 ὅσα
1009 994 1123 1065 ἔχει
1157 993 1186 1048 6
1218 996 1431 1067 Πατὴρ,
1467 996 1577 1066 ἐμά
1606 997 1744 1049 ἐστι.
1789 1013 1807 1045 ι
1848 995 1979 1059 Καὶ,

401 1105 419 1137 t
462 1085 661 1149 Καθὼς
696 1084 957 1154 γινώσκει
986 1105 1054 1158 με
1083 1088 1113 1141 6
1142 1087 1354 1158 Πατὴρ,
1381 1088 1540 1157 κάγὼ
1584 1087 1843 1156 γινώσκω
1892 1088 1984 1142 τὸν

398 1176 637 1246 Πατέρα.
678 1195 697 1229 ι
760 1176 870 1250 Τὴν
936 1178 995 1233 δὲ
1055 1177 1150 1232 τοῦ
1209 1180 1440 1251 Μάρκου
1475 1177 1657 1249 ῥῆσιν,
1693 1197 1712 1230 t
1765 1178 1899 1247 Περὶ
1927 1177 1983 1230 δὲ

397 1269 494 1337 τῆς
517 1269 734 1340 ἡμέρας
771 1269 987 1340 ἐκείνης
1015 1268 1048 1340 ἢ
1083 1268 1231 1338 ὥρας
1260 1269 1436 1332 οὐδεὶς
1461 1265 1623 1333 οἶδεν,
1650 1268 1771 1322 οὐδὲ
1807 1271 1855 1322 oi
1885 1270 1985 1339 ἄγ-

398 1363 546 1430 γελοι
579 1363 625 1418 οί
670 1364 728 1427 ἐν
755 1362 995 1435 οὐρανῷ,
1025 1360 1146 1414 οὐδὲ
1178 1361 1207 1413 6
1257 1360 1475 1425 Υίὸς,εἰ
1511 1360 1587 1430 μὴ
1629 1362 1657 1412 6
1714 1359 1925 1428 Πατὴρ,
1958 1376 1977 1410 ι

397 1454 571 1518 οὕτως
601 1456 902 1526 ἐξηγεῖται,
944 1473 964 1508 ι
1004 1456 1128 1507 Ὀτι
1156 1452 1333 1514 οὐδεὶς
1364 1448 1527 1520 οἶδεν,
1561 1453 1688 1507 οὔτε
1742 1455 1792 1506 0i
1820 1452 1986 1520 ἄγγε-

400 1550 479 1602 λοι
505 1549 600 1602 τοῦ
631 1548 790 1614 Θεοῦ,
824 1548 937 1603 ἀλλ’
970 1547 1079 1601 οὐδ’
1111 1547 1180 1601 ἂν
1202 1549 1230 1601 6
1262 1547 1388 1611 Υἱὸς
1413 1547 1573 1616 ἔγνω,
1595 1548 1643 1601 εί
1692 1545 1769 1618 μὴ
1805 1547 1832 1598 6
1868 1546 1988 1600 Davi

398 1644 527 1714 τήρ.
566 1663 585 1696 ι
627 1643 943 1709 Τουτέστιν,
995 1645 1028 1716 ὴ
1087 1643 1236 1698 αἰτία
1287 1642 1384 1696 τοῦ
1432 1643 1634 1696 είδέναι
1703 1641 1796 1694 τὸν
1863 1640 1985 1693 Υίὸν

301 1791 313 1800 ,
401 1737 553 1806 παρὰ
593 1735 688 1789 τοῦ
731 1735 970 1806 Πατρός.
993 1733 1218 1807 Ἐπειδὴ
1263 1734 1370 1806 γὰρ
1399 1733 1459 1801 ἐξ
1493 1730 1660 1787 αὑτοῦ
1700 1733 1981 1801 γεννᾶται,

2085 528 2398 601 ignorantia
2462 528 2580 600 ipse
2633 527 2934 582 laboraret.
2987 528 3170 585 Silens
3223 544 3353 598 ergo
3409 530 3675 586 Dominus

2085 637 2241 678 suam
2278 636 2596 692 personam,
2646 619 2714 675 de
2766 636 2874 690 qua
2909 620 3250 690 exploratum
3301 632 3468 691 ess-At,
3506 623 3562 678 iu
3614 642 3680 681 va

2087 713 2322 770 Matthaai
2359 714 2709 777 auctoritate,
2746 713 2970 782 angelos
3005 713 3146 767 dixit
3201 715 3441 779 nescire,
3496 717 3674 771 solum

2086 814 2271 861 autem
2299 803 2516 860 Patrem
2548 805 2716 869 scire,
2744 818 2944 873 nempe
2972 801 3150 872 Patris
3185 806 3557 874 cognitionem
3583 823 3686 876 per

2088 897 2459 961 reticentiam,
2515 911 2672 954 suam
2726 896 2898 966 ipsius
2945 910 3070 950 esse
3103 895 3317 952 dicens.
3363 895 3480 966 lpse
3530 901 3676 952 enim

2087 989 2229 1046 dixit
2261 1006 2276 1043 :
2308 989 2502 1045 Omnia
2526 1003 2856 1059 quaecunque
2892 986 3045 1042 habet
3078 987 3269 1054 Pater,
3300 1005 3417 1043 mea
3450 1000 3573 1043 sunt
3608 991 3680 1040 ³⁸.

2087 1082 2190 1136 Et:
2216 1081 2365 1137 Sicut
2385 1082 2526 1135 novit
2545 1097 2625 1134 me
2649 1080 2832 1148 Pater,
2860 1089 2911 1135 et
2931 1097 3026 1150 ego
3057 1097 3308 1152 cognosco
3337 1080 3575 1136 Patrem.
3599 1085 3679 1134 ‘9»-

2089 1175 2254 1232 Marci
2297 1182 2484 1229 autem
2537 1173 2921 1227 auctoritatem
2962 1189 2976 1226 :
3017 1192 3036 1226 ι
3075 1172 3150 1229 De
3196 1174 3286 1228 die
3329 1174 3419 1229 illa
3455 1187 3510 1230 et
3545 1176 3681 1229 hora

2089 1283 2252 1326 nemo
2284 1269 2407 1332 scit,
2443 1283 2621 1338 neque
2652 1266 2832 1338 angeli
2862 1267 2915 1320 in
2947 1267 3110 1332 cado,
3138 1283 3314 1338 neque
3345 1267 3544 1333 Filius,
3571 1269 3682 1322 nisi

2090 1364 2254 1418 Pater
2282 1364 2355 1428 ²⁰,
2395 1381 2415 1416 ι
2471 1361 2551 1418 sic
2589 1360 2818 1432 exponit
2853 1377 2872 1414 ε
2912 1377 2934 1412 ί
2967 1356 3138 1416 Nemo
3172 1361 3312 1424 scit,
3364 1377 3542 1430 neque
3579 1376 3685 1415 and

2091 1456 2194 1526 geli
2235 1455 2370 1522 Dei';
2408 1454 2503 1511 sed
2545 1467 2726 1524 neque
2759 1451 2933 1508 Filius
2958 1451 3075 1522 ipse
3102 1452 3287 1519 sciret,
3323 1451 3426 1505 nisi
3465 1451 3681 1504 Pater»

2089 1547 2206 1604 Hoc
2241 1557 2350 1614 est,
2405 1548 2514 1602 nisi
2541 1546 2704 1600 Pater
2731 1546 2871 1600 Filio
2895 1545 3100 1599 sciendi
3131 1553 3325 1606 auctor
3352 1553 3515 1599 esset.
3543 1541 3680 1608 Quid

2089 1642 2238 1698 enim
2279 1656 2346 1696 ex
2385 1639 2480 1694 ιιιο
2521 1639 2792 1704 nascitur,
2828 1638 2987 1707 eique
3035 1633 3526 1691 consubstantialis
3560 1643 3680 1694 est,

2091 1733 2345 1790 eamdem
2376 1746 2502 1788 cum
2534 1731 2697 1786 Patre
2720 1742 2774 1786 et
2805 1729 3170 1790 substantiam
3207 1736 3262 1786 et
3303 1726 3549 1781 notitiam
3590 1725 3686 1778 ha~

403 1803 499 1885 καί
540 1829 829 1899 δμοούσιος
855 1803 1007 1900 αύτῷ
1034 1830 1179 1896 ἐστι,
1336 1803 1509 1900 αὐτὴν
1539 1827 1730 1881 οὐσίαν
1757 1825 1833 1897 τῷ
1875 1827 1988 1880 Πα-

2091 1826 2228 1880 bet:
2266 1823 2332 1880 Et
2389 1825 2541 1895 quia,
2593 1822 2770 1890 inquit
2822 1821 3047 1876 divinus
3100 1819 3363 1892 Cyr-illus,
3415 1817 3680 1888 quidquid

399 1923 491 1993 τρὶ
519 1922 616 1975 καὶ
641 1921 843 1992 γνῶσιν
871 1922 1008 1993 ἔχει.
1045 1939 1065 1976 ι
1105 1923 1218 1976 Καὶ
1280 1923 1426 1988 ἐπεὶ,
1452 1942 1471 1973 ι
1527 1921 1693 1992 φησὶν
1752 1922 1781 1974 6
1846 1919 2004 1994 (icio;

405 2015 692 2086 Κύριλλος,
739 2034 758 2070 ι
789 2016 850 2070 16
877 2015 1102 2086 σύμπαν
1143 2016 1236 2071 τοῦ
1261 2017 1392 2074 Υίοῦ
1423 2008 1488 2071 ἐκ
1525 2016 1624 2087 τῆς
1651 2015 1744 2068 τοῦ
1773 2015 1991 2083 Πατρδς

403 2107 591 2170 οὐσίας
624 2106 893 2179 πρόεισιν,
928 2107 1037 2162 οὐδ’
1063 2107 1131 2164 ἂν
1163 2108 1194 2162 6
1231 2109 1350 2175 Υίδς
1371 2109 1488 2182 ᾔδει
1514 2107 1616 2180 τὴν
1644 2107 1852 2179 γνῶσιν
1878 2107 1988 2164 τῶν

402 2197 590 2262 ὄντων,
624 2199 671 2251 εί
705 2198 783 2268 μὴ
813 2198 842 2250 6
881 2196 1096 2268 Πατήρ.
1130 2215 1150 2252 ι

471 2287 662 2344 Ταῦτα
731 2289 834 2360 μὲν
881 2288 1078 2354 οὕτως.
1111 2291 1186 2345 T6
1217 2290 1299 2356 δὲ,
1358 2309 1378 2346 t
1420 2289 1624 2362 Πάτερ,
1653 2287 1874 2357 δοξασόν
1917 2307 1986 2360 με

402 2382 468 2452 τῇ
495 2381 642 2454 δόξῃ,
738 2374 908 2451 εἶχον,
937 2384 1046 2450 πρὸ
1083 2381 1179 2436 τοῦ
1212 2383 1306 2438 τὸν
1345 2383 1556 2453 κόσμον
1615 2378 1777 2450 εἶναι,
1834 2381 1987 2454 παρὰ

406 2475 510 2541 σοὶ,
545 2492 566 2526 ι
601 2473 688 2529 διὰ
716 2471 814 2546 τὴν
846 2474 983 2544 πρὸς
1005 2475 1156 2544 ἡμᾶς
1189 2474 1501 2547 φανέρωσίν
1545 2492 1606 2529 τε
1658 2475 1754 2528 καὶ
1783 2473 1983 2529 πίστωο

405 2583 492 2620 σιν
535 2567 770 2637 είρηται.
839 2567 952 2620 Καὶ
1004 2568 1114 2638 γὰρ
1159 2565 1236 2632 ὥς
1293 2583 1458 2638 φησιν
1523 2569 1552 2622 6
1598 2567 1986 2640 Δαμασκηνὸς,

411 2676 431 2711 t
463 2659 638 2723 Αὐτὸς
669 2660 768 2730 μὲν
787 2662 894 2731 γὰρ
917 2660 1316 2732 δεδοξασμένοις
1343 2657 1412 2733 ἦν
1431 2681 1491 2717 τε
1519 2664 1616 2717 καὶ
1638 2662 1789 2718 ἔστιν
1815 2679 1830 2696 ·
1871 2663 1988 2718 ἀλλ’

406 2749 536 2820 ἡμῖν
556 2750 656 2803 οὐκ
681 2745 750 2820 ἦν
777 2750 1159 2821 φανερωθεῖσα
1186 2753 1284 2806 καὶ
1305 2753 1694 2824 πιστωθεϊσαή
1733 2752 1862 2822 δόξα
1890 2755 1990 2808 αύ-

405 2843 499 2896 τοῦ
551 2843 692 2896 κατὰ
731 2842 791 2896 16
843 2843 946 2897 ὑπὸ
980 2843 1076 2897 τοῦ
1106 2845 1435 2899 Ἀποστόλου
1476 2847 1790 2919 εἰρημένον,
1827 2867 1846 2901 ι
1881 2848 1988 2902 Τοῦ

405 2933 718 3000 ὁρισθέντος
749 2933 867 3006 (60)
903 2933 1033 2990 Υίοῦ
1086 2935 1223 2990 Θεοῦ
1245 2938 1304 2991 ὲν
1334 2938 1562 3010 δυνάμει
1592 2939 1736 2994 κατὰ.
1764 2939 1989 3011 Πνεῦμα.

394 3021 717 3096 ’ἁγιωσύνης
743 3026 804 3092 te
840 3026 1191 3092 ἀναστάσεως
1211 3028 1445 3100 νεκρῶν.
1485 3049 1506 3084 ι
1562 3031 1666 3086 Διὰ
1716 3033 1828 3105 γὰρ
1878 3033 1989 3089 τῶν

2093 1915 2214 1971 Filii
2253 1927 2336 1972 est
2361 1956 2376 1982 ,
2423 1931 2490 1971 ex
2534 1914 2713 1970 Patris
2745 1913 3056 1970 substantia
3099 1911 3368 1982 procedit,
3403 1925 3471 1964 ne
3512 1907 3686 1964 Filius

2089 2009 2313 2081 quidem
2345 2023 2528 2064 rerum
2559 2007 2850 2082 scientiam
2885 2014 3096 2070 nosset,
3130 2003 3237 2058 nisi
3275 2001 3453 2067 Pater.
3494 2020 3514 2054 ι

2161 2279 2340 2348 Atque
2373 2276 2492 2331 haec
2517 2275 2742 2346 quidem
2777 2275 2852 2328 ita
2883 2290 2897 2327 :
2925 2271 3062 2327 Illud
3095 2283 3228 2324 vero
3260 2287 3275 2325 :
3313 2289 3333 2323 ι
3367 2267 3547 2328 Pater,
3575 2268 3688 2325 cla-

2090 2371 2248 2429 riﬁca
2280 2385 2367 2424 me
2400 2368 2652 2425 claritate
2691 2383 2854 2436 quam
2889 2367 3054 2423 habui
3083 2366 3225 2446 apud
3273 2375 3345 2433 te,
3390 2375 3684 2434 antequam

2089 2464 2332 2521 mundus
2365 2470 2511 2518 esset
2533 2502 2548 2527 ,
2581 2463 2730 2531 apud
2761 2473 2814 2516 te
2845 2461 2914 2526 ",
2959 2479 2978 2514 ι
3019 2469 3134 2515 ιιιιιι
3169 2460 3241 2514 ob
3278 2457 3691 2514 manifestatio-

2089 2573 2214 2614 nem
2246 2557 2391 2613 inter
2419 2569 2522 2611 nos
2562 2554 2776 2617 dictum
2827 2566 2935 2614 est,
2977 2561 3093 2608 tum
3129 2553 3200 2608 ob
3237 2551 3592 2608 astruendam
3625 2552 3690 2605 ti-

2089 2653 2236 2710 dem.
2280 2651 2345 2708 Ut
2377 2664 2616 2720 namque
2654 2648 2732 2708 sit
2773 2645 3152 2721 Damascenus
3195 2664 3211 2700 :
3251 2666 3271 2700 t
3311 2645 3431 2714 Ipse
3463 2645 3686 2713 quidem

2091 2745 2355 2803 clariﬁcat
2374 2759 2438 2798 us
2460 2751 2578 2802 erat
2598 2750 2761 2812 atque
2787 2747 2906 2806 est;
2930 2741 3088 2796 nobis
3113 2750 3294 2796 tamen
3323 2741 3444 2809 ejus
3464 2737 3690 2793 claritas

2091 2840 2381 2913 perspicue
2407 2838 2628 2909 cognita
2651 2852 2715 2892 ac
2741 2847 2892 2892 certo
2916 2837 3198 2905 explorata
3226 2851 3335 2888 non
3363 2844 3506 2897 erat,
3531 2832 3689 2902 juxta

2091 2949 2158 2990 ac
2195 2934 2276 2989 ait,
2314 2931 2635 3002 Apostolus,
2671 2930 2778 2995 Qui
2809 2928 3113 2984 declaratus
3151 2937 3230 2982 est
3276 2926 3442 2981 Filius
3489 2925 3586 2979 Dei
3632 2928 3689 2978 in

2091 3029 2287 3084 virtute
2318 3025 2609 3080 secundum
2649 3021 2911 3095 Spiritum
2941 3021 3384 3090 sanctiﬁcationis
3415 3034 3479 3073 ea:
3516 3034 3717 3072 resin--

405 3117 704 3188 θαυμάτων
746 3121 970 3188 καὶτῆς
1001 3121 1360 3185 ἀναστάσεως
1399 3125 1497 3180 καὶ
1561 3126 1661 3197 τῆς
1703 3129 1988 3200 ἐπιφοιτή-

2094 3121 2321 3176 rectione
2353 3125 2685 3173 mortuorum
2726 3116 2793 3171 “.
2829 3113 2934 3170 Per
2969 3113 3230 3168 miracula
3254 3113 3398 3168 enim
3425 3121 3480 3166 et
3510 3126 3694 3165 resur-

406 3227 543 3276 σεως
571 3211 666 3266 τοῦ
692 3211 850 3281 ἁγίου
911 3212 1232 3281 Πνεύματος
1290 3217 1613 3290 ἐφανερώθη
1677 3219 1754 3290 τῷ
1798 3223 1988 3293 κόσμῳ

2099 3211 2402 3271 rectionem
2431 3211 2838 3278 adventumque
2867 3205 3108 3278 Spiritus
3139 3204 3339 3268 sancti,
3372 3203 3688 3260 manifesta-

405 3303 486 3356 ὅτι
521 3303 649 3368 Υίός
687 3305 808 3356 ἐστι
831 3304 924 3358 τοῦ
959 3303 1096 3359 Θεοῦ
1133 3322 1148 3339 ο
1187 3325 1208 3360 t
1251 3307 1516 3378 ἄντικρυς
1579 3310 1659 3383 τῷ
1699 3311 1830 3386 θείῳ
1884 3315 1992 3368 Βα-

407 3397 588 3468 σι)εέῳ
610 3397 784 3452 ταυτα
808 3397 1008 3466 λέγων,
1043 3398 1102 3462 ὃς
1133 3416 1324 3471 φησιν,
1362 3418 1382 3453 t
1416 3400 1552 3455 Ἀπὸ
1571 3404 1670 3474 τῆς
1713 3403 1994 3475 Θαλάσσης

406 3488 500 3541 καὶ
527 3489 634 3542 τῶν
663 3488 882 3558 ἀνόμων
910 3488 1344 3544 ὑπακουσάντων
1373 3489 1524 3562 αὐτῷ
1554 3489 1864 3562 ἐγνώρισαν
1893 3493 1996 3545 αὐ-

405 3579 498 3632 τοῦ
520 3582 620 3651 τὴν
648 3579 899 3654 Θεότητα.
947 3599 968 3635 t
1001 3581 1113 3636 Καὶ
1139 3580 1250 3653 γὰρ
1284 3583 1317 3652 ή
1368 3581 1498 3649 δόξα
1552 3584 1587 3656 ἡ
1632 3584 1838 3657 φυσικὴ
1894 3584 1990 3640 τοῦ

404 3673 542 3730 Θεοῦ
571 3673 718 3728 τοῦτ’
746 3673 866 3728 ἐστὶ
891 3673 952 3728 τὸ
969 3675 1268 3742 γεννᾶσθαι
1295 3677 1359 3728 ὲκ
1410 3675 1622 3748 Πατρὸς
1676 3676 1860 3740 ἀίδίως
1898 3679 1995 3731 καὶ

289 3775 291 3777 ‘
407 3765 662 3836 ἁνάρχως
692 3764 927 3836 ,Ὥσπερ
950 3763 1044 3820 οὖν
1083 3765 1138 3819 εί
1164 3781 1250 3829 τις
1273 3764 1440 3818 αὑτὸν
1469 3767 1549 3828 εις
1577 3765 1785 3837 κτίσμα
1825 3768 1996 3822 κατά-

405 3871 514 3924 γει,
539 3855 663 3931 ὃσον
690 3853 752 3908 16
789 3855 878 3909 ἐπ’
905 3853 1084 3924 αὐτῷ,
1110 3853 1212 3926 τὴν
1232 3853 1391 3922 δόξαν
1415 3853 1510 3908 τοῦ
1538 3853 1674 3910 Θεοῦ
1716 3857 1992 3927 καθαιρεῦ

405 3943 546 3998 οὕτω
568 3944 829 4000 καὶκατὰ
867 3944 928 4000 16
965 3944 1287 4011 ἀκόλουθον,
1341 3947 1370 4000 6
1405 3945 1681 4001 συναίδιον
1719 3947 1816 4000 καὶ
1864 3949 1997 4018 ὁμό-

404 4057 563 4112 τιμον
583 4041 681 4097 καὶ
694 4041 981 4114 ὁμοούσιον
996 4039 1275 4113 ὁμολογῶν
1294 4041 1371 4113 τῷ
1387 4040 1508 4113 Θεῷ
1527 4042 1626 4097 καὶ
1643 4043 1820 4114 Πατρὶ
1839 4043 1998 4109 δοξάν-

407 4132 492 4198 ζει
524 4135 689 4192 αὐτὸν
726 4137 793 4210 τῇ
831 4136 982 4210 δόξῃ,
1093 4131 1212 4209 εἶχε
1239 4139 1346 4208 πρὸ
1379 4138 1599 4194 πάντων
1623 4137 1734 4193 τῶν
1757 4139 1993 4194 αίώνων.

484 4315 607 4368 Εἰσὶ
637 4313 700 4368 δὲ
741 4314 838 4369 καί
867 4325 990 4371 τινα
1037 4317 1129 4371 ἐπὶ
1156 4317 1397 4390 Χριστοῦ
1429 4319 1698 4390 λεγόμενα
1729 4322 1873 4378 κατὰ
1899 4324 1997 4397 τὴν

408 4410 502 4462 ἐπὶ
536 4408 660 4462 νοῦν
694 4407 968 4479 διαίρεσιν
1023 4409 1160 4483 (61).
1209 4411 1306 4464 Ἂν
1332 4410 1442 4483 γὰρ
1474 4415 1540 4484 τῇ
1565 4411 1777 4486 διανοίᾳ
1811 4413 1998 4468 διέλω-

2097 3319 2211 3365 ιιιιιι
2250 3315 2335 3363 εει
2368 3303 2576 3360 mundo
2599 3343 2615 3368 ,
2647 3317 2770 3359 esse
2807 3300 3008 3355 Filiqu
3051 3300 3166 3356 Dei.
3208 3317 3229 3351 ι
3264 3297 3477 3366 Quibus
3509 3297 3688 3367 palam

2077 3399 2288 3457 eadem
2318 3413 2385 3471 ac
2431 3395 2655 3453 divinus
2686 3394 2922 3451 Basilius
2957 3393 3226 3464 loquitur,
3257 3393 3388 3447 dum
3437 3391 3528 3444 ille
3560 3392 3636 3444 ait
3675 3410 3688 3445 :

2102 3511 2122 3548 ι
2163 3493 2296 3548 Mari
2330 3501 2388 3548 et
2421 3491 2602 3548 ventis
2641 3489 3176 3559 obtemperantibus,
3227 3487 3375 3541 illius
3423 3485 3689 3542 Deitatem

2096 3591 2492 3656 cegnoverunt.
2537 3599 2556 3634 ι
2589 3581 2670 3637 Ac
2711 3595 2843 3637 sane
2893 3577 3165 3634 naturalis
3199 3578 3291 3632 Dei
3337 3578 3564 3635 claritas
3628 3594 3693 3632 ac

2094 3680 2268 3750 gloria
2304 3678 2422 3734 hac
2457 3687 2564 3741 est,
2611 3675 2763 3735 nasci
2795 3689 2862 3730 ex
2896 3672 3056 3730 Patre
3089 3674 3431 3743 sempitcrde
3467 3685 3523 3728 et
3569 3677 3696 3729 alis-

2094 3789 2204 3845 que
2252 3773 2556 3843 principio;
2609 3769 3073 3842 quemadmodum
3123 3769 3286 3824 etiam
3338 3770 3386 3824 si
3439 3771 3562 3840 quis
3622 3771 3677 3824 in

2095 3876 2404 3937 creatorum
2434 3871 2641 3920 sortem
2677 3863 2948 3926 detrahat,
2978 3863 3122 3930 quod
3151 3861 3208 3915 in
3247 3862 3367 3932 ipso
3410 3873 3534 3927 εει,
3582 3863 3681 3922 Dei

2097 3959 2406 4015 claritatem
2445 3965 2611 4026 atque
2650 3955 2885 4026 gloriam
2924 3952 3183 4009 destruit.
3226 3952 3318 4008 Sic
3348 3956 3514 4009 etiam
3560 3970 3693 4008 con.

2096 4059 2413 4122 sequenter,
2465 4047 2560 4115 qui
2618 4046 2728 4101 Deo
2780 4054 2836 4100 et
2886 4044 3034 4100 Patri
3083 4054 3417 4100 consternunt
3457 4045 3695 4116 parique

2098 4143 2308 4198 honore
2337 4158 2403 4198 ac
2428 4137 2958 4197 consubstantialem
2991 4139 3306 4203 cmlitetur,
3351 4153 3476 4193 eum
3529 4137 3702 4194 clari-

2098 4237 2227 4292 tieat
2253 4252 2317 4293 ea
2338 4236 2614 4302 claritate,
2641 4247 2806 4306 quam
2832 4241 2958 4288 ante
2981 4234 3167 4288 omnia
3199 4231 3398 4288 saecula
3425 4233 3688 4286 habebat.

2171 4331 2440 4386 Dicuntur
2492 4345 2623 4386 vero
2671 4330 2838 4387 etiam
2880 4327 3132 4400 quaedam
3183 4325 3254 4381 de
3306 4324 3572 4391 Christo,
3634 4336 3701 4393 ut,

2105 4425 2308 4478 tuentis
2336 4422 2582 4494 cogitatu
2615 4419 2904 4478 dividitur.
2940 4418 2996 4474 Si
3031 4419 3179 4474 enim
3226 4417 3417 4474 subtili
3451 4417 3699 4488 cogitatu

411 4520 510 4582 μεν
540 4503 640 4573 τὴν
665 4501 830 4572 φύσιν
861 4500 956 4556 τοῦ
977 4502 1117 4560 Θεοῦ
1143 4503 1321 4574 Λόγου
1351 4507 1448 4559 καὶ
1474 4506 1577 4575 τὴν
1609 4505 1814 4578 σάρκα,
1839 4507 1988 4563 ἅτινα

2106 4515 2202 4570 Dei
2231 4513 2396 4570 Verbi
2453 4526 2707 4570 naturam
2746 4529 2812 4570 ac
2858 4526 3084 4568 carnem
3143 4509 3498 4564 diviserimus
3536 4510 3705 4580 (quae
3763 4515 3766 4518 ’

407 4576 660 4668 ἐνεργείᾳ
681 4599 822 4654 εἰσιν
847 4594 1158 4670 ἀχώριστα,
1180 4597 1402 4667 λέγεται
1425 4597 1616 4663 δοῦλος
1637 4576 1734 4654 καὶ
1757 4599 1996 4669 ἁγνοῶνο

407 4693 504 4764 καὶ
535 4692 644 4762 γὰρ
675 4693 777 4764 τῆς
809 4689 1027 4760 φύσεως
1076 4689 1177 4759 τῆς
1225 4689 1424 4760 δούλης
1461 4691 1559 4744 καὶ
1588 4690 1897 4762 ἀγνοούσης
1927 4687 1998 4765 ἦν

2105 4607 2330 4679 quidem
2367 4617 2493 4663 actu
2533 4606 2758 4668 minime
2791 4602 3038 4674 separari
3075 4598 3341 4672 possunt)
3372 4614 3566 4655 servus
3609 4602 3701 4655 di-.

2104 4701 2248 4756 citur
2297 4708 2467 4771 atque
2516 4699 2804 4770 ignorans.
2846 4695 2982 4752 Nam
3015 4710 3138 4764 quae
3165 4704 3359 4748 natura
3408 4704 3702 4763 assumpta

405 4785 470 4838 τὸ
506 4783 888 4858 προσληφθέν·
927 4783 1024 4841 καὶ
1075 4782 1125 4839 εί
1181 4781 1260 4855 μὴ
1307 4781 1490 4854 ἥνωτο
1519 4781 1598 4853 τῷ
1624 4783 1746 4857 Θεῷ
1774 4784 1988 4857 Δόγῳή

2083 4798 2210 4856 .cst,
2263 4805 2421 4855 serva
2471 4801 2593 4847 erat
2640 4798 2697 4848 et
2756 4789 3058 4860 ignorans;
3117 4798 3181 4840 ac
3231 4781 3339 4841 nisi
3390 4797 3520 4840 caro
3577 4779 3703 4844 Deo

480 5011 524 5044 ¹⁸
547 5010 845 5078 Joan.xvr,
890 5011 979 5070 ‘15.
1058 5013 1104 5047 ¹⁹
1160 5010 1320 5070 Joan.
1363 5011 1537 5078 x,15.

477 5181 592 5251 (60)
633 5178 748 5236 Τοῦ
795 5178 1177 5251 ὁρισθέντος,
1213 5177 1330 5251 Qui
1348 5175 1783 5251 prwdestinatus,
1820 5177 1992 5251 habet

412 5246 584 5322 Vulgi
609 5246 944 5322 exponitque
993 5250 1254 5322 subtilius
1295 5246 1616 5322 Praeceptor
1661 5247 1988 5322 Angelicus,

407 5318 607 5393 aliique
637 5318 945 5379 Latini.'At
987 5321 1159 5376 Grtcci
1189 5318 1544 5393 declaratum,
1583 5318 1989 5393 manifestatum

405 5387 710 5462 exponunt,
760 5407 870 5463 quo
922 5399 1174 5462 spectant
1219 5405 1343 5463 qua;
1374 5390 1544 5463 Ahicqa
1591 5387 1787 5463 galeca
1823 5389 1987 5444 allata
2023 5437 2025 5439 ,

407 5457 569 5530 sunt;
626 5479 727 5519 nec
777 5457 862 5518 est
913 5457 1010 5518 cur
1059 5476 1121 5515 ea
1153 5457 1424 5527 expositio
1476 5457 1786 5528 displiceat,
1820 5475 1985 5530 quam

407 5535 645 5615 plurium
712 5535 1141 5604 graviorumque
1208 5531 1436 5587 Patrum
1506 5530 1810 5585 auctoritas
1873 5529 1985 5586 ful-

406 5612 587 5745 ωἷίξί)
630 5673 792 5728 Κατά
817 5672 933 5743 τὴν
959 5671 1059 5745 ἐπεὶ
1089 5671 1244 5745 γοῦν
1266 5671 1586 5742 διαιζοεσιν.
1617 5669 1790 5745 Habet
1813 5671 1980 5745 (ἔοι-ιι.

406 5742 519 5798 uno
547 5742 808 5801 contextu
844 5742 970 5814 cum
1002 5742 1190 5799 Basilii
1220 5745 1623 5814 superioribus,
1654 5742 1820 5811 paulo
1857 5743 1981 5798 aliis

409 5820 607 5872 verbis.
662 5816 922 5894 Sednon
951 5811 1186 5871 ‘exstant
1231 5811 1306 5868 in'
1336 5815 1427 5868 illa
1475 5812 1719 5880 Epistola
1768 5814 1980 5870 Basilii.

1639 5011 1689 5047 ³⁸
1720 5011 1889 5069 Marc.
1920 5028 2039 5082 xui,
2061 4987 2164 5073 ‘53.
2241 5013 2287 5047 "
2310 5014 2469 5073 Joan.
2505 5032 2642 5086 xvu,
2673 5017 2730 5078 5.
2813 5018 2860 5052 “
2889 5017 3050 5072 item.
3083 5029 3122 5079 ι,
3151 5011 3205 5068 4.

2100 5180 2258 5256 Quod
2295 5182 2609 5256 fallentibus
2635 5185 2812 5242 oculis
2846 5184 2974 5256 legit
3013 5183 3225 5253 ίσχναῖς
3247 5183 3538 5250 ἐπινοίαις,
3572 5187 3692 5246 rett-

2101 5253 2314 5325 ditque,
2368 5254 2820 5311 intellectualibus
2882 5253 3135 5325 vestigiis,
3203 5257 3361 5310 valde
3420 5256 3695 5314 absonum

2097 5323 2440 5403 estall‘iempe
2468 5335 2574 5403 es_t,
2605 5323 3133 5403 iexvaig_6tataoisttg,
3167 5326 3688 5403 subtilibus-cogita-

2098 5393 2538 5468 tia_niims,'quod
2591 5393 2948 5468 sequentibus
2991 5399 3221 5452 vocibus
3275 5393 3693 5468 exponit,'ﬁ10t

2097 5464 2212 5538 νοῦ-
2236 5464 2467 5538 λεπταῖς
2505 5464 2852 5537 φαντασίαις.
2893 5469 3094 5538 vixque
3141 5469 3263 5521 aliis
3297 5464 3480 5538 verbis
3509 5464 3692 5534 aptius

2097 5533 2289 5589 Latine
2340 5533 2602 5592 reddatur
2648 5557 2662 5593 :
2709 5538 2932 5594 Minutis
2964 5533 3104 5593 enim
3138 5541 3328 5591 mentis
3381 5537 3690 5603 pltantasiis.

2092 5603 2365 5673 Corderii,
2420 5616 2556 5662 satis
2610 5609 2813 5664 durum
2871 5619 2976 5666 est.
3047 5609 3120 5662 T6
3189 5609 3336 5676 ἴχνος
3390 5606 3694 5675 uestigium,

2093 5676 2363 5751 omnibus
2387 5677 2568 5732 ὤσει-ι
2601 5693 2630 5751 a
2683 5695 2818 5736 voce
2855 5679 3061 5751 ίσχνὺς,
3087 5693 3188 5736 nec
3221 5690 3465 5748 unquam
3518 5678 3692 5747 ἰχνλίς

2094 5747 2180 5801 vel
2217 5747 2393 5818 ίχναῖς
2434 5749 2761 5808 reddiderit.
