4088 6436
411 336 520 406 583

1676 336 2076 398 MANUELIS
2107 336 2411 423 CAtEca

3551 332 3658 400 584

411 458 593 514 Verbo
624 457 779 514 unita
810 463 996 521 esset,
1028 466 1184 512 serva
1215 428 1395 525 atque.
1419 453 1675 525 ignorans
1705 450 1865 508 foret.
1896 451 1971 507 0h

2084 453 2244 524 σὰρξ,
2279 451 2439 523 δούλη
2480 447 2548 521 ἦν
2580 450 2675 505 xui
2700 446 2991 518 ἀγνοοῦσα.
3036 447 3199 503 Ἀλλὰ
3249 445 3336 501 διὰ
3380 448 3481 518 τὴν
3534 447 3655 503 καθ’

407 550 669 603 unionem
712 557 892 602 tamen
927 547 1318 617 hypostaticam
1346 584 1361 609 ,
1395 559 1498 599 nec
1527 558 1685 599 serva
1710 552 1849 610 erat,
1875 559 1979 600 nec

407 657 507 711 pro
547 641 784 695 humana
819 637 1190 692 imbecillitate
1213 676 1229 701 ,
1262 637 1569 705 ignorantia
1620 636 1730 691 ulla
1767 630 1982 692 labora-

409 736 523 789 bat.
559 732 868 787 Secundum
907 730 1054 785 hunc
1078 730 1322 796 modum,
1352 731 1514 786 etiam
1547 731 1761 786 Patrem
1792 729 1983 801 appel-

407 823 537 876 lavit
572 821 735 875 Deum
759 835 922 873 suum
940 820 1009 873 ".

480 914 612 967 Cum
675 912 860 980 itaque
911 902 1082 979 multa
1130 911 1355 964 nomina
1399 910 1703 966 secundum
1733 910 1980 968 diversas

405 1004 646 1057 rationes
680 1002 747 1057 de
773 1001 1001 1057 Christo
1028 1002 1173 1055 dicta
1205 1002 1352 1066 sint,
1379 1006 1559 1070 operae
1603 1001 1837 1071 pretium
1872 1014 1977 1068 cst,

401 1105 465 1151 ut
486 1110 606 1166 quas
637 1094 962 1149 sublimiora
998 1102 1147 1157 sunt,
1179 1092 1377 1147 divinae
1399 1100 1610 1147 natura:
1630 1093 1974 1161 tribuamus;

401 1203 524 1257 qua:
548 1202 682 1241 vero
711 1185 1038 1251 humiliora,
1073 1185 1272 1240 divinat.
1307 1201 1322 1238 :
1362 1200 1484 1254 quas
1518 1194 1698 1239 autem
1727 1200 1977 1240 commu~

403 1281 494 1337 nia
522 1289 674 1345 sunt,
700 1279 1053 1349 composito;
1073 1277 1166 1332 uni
1195 1276 1408 1333 scilicet
1439 1277 1681 1343 Christo,
1713 1278 1805 1347 qui
1839 1278 1978 1333 Deus

399 1381 487 1428 est
523 1380 580 1426 et
617 1373 805 1426 homo.
855 1372 934 1426 Ac
985 1385 1213 1426 necesse
1245 1379 1328 1424 est
1352 1379 1463 1433 ,-ut
1497 1372 1809 1425 communia
1860 1372 1976 1425 haec

401 1464 631 1518 nomina
686 1476 755 1518 ac
822 1465 964 1533 parti
1032 1463 1255 1532 utrique
1328 1462 1752 1527 convenientia,
1810 1462 1977 1518 unius

398 1554 606 1610 Christi
643 1568 769 1611 esse
823 1554 1219 1623 intelligamus,
1275 1564 1582 1625 cunctaque
1621 1570 1687 1609 ex
1719 1556 1813 1609 illo
1846 1572 1976 1627 pro-

399 1646 572 1702 ﬁcisci
603 1638 790 1716 opera,
824 1654 884 1700 ut
905 1661 968 1701 ex
990 1661 1096 1701 una
1128 1662 1382 1716 persona,
1414 1663 1539 1703 cum
1567 1657 1751 1703 tamen
1775 1664 1977 1704 unum-

400 1739 664 1808 quodque
691 1752 830 1809 opus
881 1737 949 1792 ad
980 1737 1033 1793 id
1053 1775 1070 1802 ,
1096 1739 1240 1808 quod
1272 1739 1322 1793 ei
1351 1739 1627 1809 proprium
1658 1747 1742 1795 est
1766 1782 1783 1807 ,
1829 1724 1972 1795 rele-

399 1838 556 1884 ratur
587 1830 708 1894 ;ita
743 1827 1002 1883 nimirum
1044 1838 1106 1885 ut
1139 1830 1391 1885 divinum
1440 1845 1580 1900 opus
1606 1869 1621 1895 ,
1661 1830 1717 1886 in
1749 1831 1975 1887 deitatis

397 1924 704 1979 referamus
737 1931 992 1978 naturam
1019 1936 1036 1989 ;
1093 1921 1396 1977 humanum
1424 1938 1554 1978 vero
1586 1963 1602 1989 ,
1646 1924 1977 1981 humanitati

399 2015 764 2069 ascribamus.
792 2013 952 2069 Aliud
999 2027 1163 2079 t-orro
1200 2024 1284 2069 est
1318 2015 1570 2070 divinum
1611 2029 1791 2085 opus;
1826 2016 1974 2071 aliud

399 2112 580 2158 autem
635 2103 963 2158 humanum.
1011 2102 1260 2174 Dumque
1293 2119 1413 2160 eam
1468 2114 1753 2163 teneamus
1790 2107 1970 2169 (idem.

399 2208 509 2249 non
562 2194 895 2250 errabimus.
926 2194 1008 2250 Ex
1058 2194 1262 2264 quibus
1313 2195 1575 2250 omnibus
1628 2205 1973 2263 naturarum,

394 2302 519 2358 quae
548 2286 714 2343 unita:
750 2296 900 2352 sunt,
943 2285 1226 2343 distinctio
1260 2288 1509 2343 noscitur
1532 2327 1548 2353 ,
1577 2289 1835 2359 quodque
1864 2330 1880 2357 ,
1917 2300 1976 2345 ut

395 2376 571 2432 sancti
605 2376 693 2445 (ac
725 2376 997 2447 imprimis
1032 2377 1412 2433 divinissimus
1439 2376 1702 2449 Cyrillus)
1736 2380 1973 2449 loquun-

391 2474 505 2532 tur,
533 2483 640 2521 non
677 2466 819 2521 idem
865 2468 978 2523 sint
1031 2467 1087 2521 in
1123 2468 1361 2521 naturali
1410 2468 1674 2537 qualitate
1709 2467 1890 2525 Deitas
1921 2477 1976 2523 et

393 2544 742 2626 humanitas;
776 2558 993 2614 tametsi
1043 2572 1187 2613 unus
1216 2558 1289 2613 sit
1317 2554 1487 2615 Filius
1535 2567 1591 2613 et
1619 2559 1874 2615 Christus
1919 2568 1974 2615 et

392 2651 680 2715 Dominus,
708 2650 805 2721 qui
836 2650 1101 2711 nimirum
1140 2664 1391 2720 personae
1431 2651 1644 2706 ratione
1684 2652 1754 2706 sit
1789 2667 1969 2717 unus,

390 2754 518 2793 cum
553 2739 703 2794 nullo
730 2738 898 2795 modo
929 2739 1062 2794 unio
1112 2739 1455 2810 hypostatica
1489 2739 1617 2795 inde
1668 2741 1967 2809 dividatur,

391 2829 537 2898 quod
567 2829 876 2883 naturalem
910 2829 1323 2885 distinctionem
1350 2832 1726 2903 agnoscimus.

403 2942 409 2949 ~
462 2922 600 2976 Cum
652 2921 757 2976 hac
798 2930 981 2976 autem
1018 2922 1430 2988 incarnatione,
1476 2924 1615 2978 nihil
1649 2924 1865 2979 Patrem
1905 2939 1970 2981 ac

386 3015 659 3083 Spiritum
694 3013 949 3068 habuisse
1002 3028 1297 3069 commune
1349 3013 1712 3080 conﬁtemur,
1745 3025 1966 3084 prater-

2083 546 2387 600 ὑπὸστασιν
2417 543 2618 598 ἕνωσιν
2669 540 2794 621 οὔτε
2825 540 2984 609 δούλη
3011 535 3081 611 ἦν
3114 539 3237 593 οὔτε
3284 541 3469 609 ἠγνόει
3517 544 3658 597 κατὰ

2082 636 2182 705 τὴν
2222 635 2575 707 ἀνθρωπίνην
2604 635 2912 687 ἀσθένειαν.
2943 632 3096 687 Κατά
3128 632 3220 685 τὸν
3242 634 3444 711 τρόπον
3466 635 3657 688 τοῦτον
3744 622 3755 635 ’

2081 730 2177 782 xui
2204 726 2338 781 Θεδν
2371 725 2539 781 αὐτοῦ
2572 727 2664 781 τὸν
2691 724 2913 797 Πατέρα
2943 723 3191 778 ἐκάλεσε.

2153 907 2374 963 Πολλῶν
2400 907 2583 961 τοίνυν
2612 906 2896 976 ὀνομάτων
2940 907 3045 960 in?
3087 905 3180 959 τοῦ
3235 903 3478 976 Χριστοῦ
3513 906 3655 960 κατὰ

2079 998 2373 1069 διαφόρους
2402 998 2640 1069 τρόπους
2668 996 3000 1068 εἰρημένων,
3029 997 3111 1050 δεῖ
3137 997 3205 1049 τὰ
3233 996 3542 1068 ὑψηλότερα
3570 996 3654 1046 δι-

2079 1092 2247 1156 δόναι,
2277 1093 2342 1161 τῇ
2377 1090 2499 1161 θεία
2534 1091 2714 1160 φύσει,
2750 1092 2817 1142 τὰ
2839 1088 2896 1143 δὲ
2934 1090 3320 1160 ταπεινότερα,
3347 1091 3414 1159 τῇ
3441 1089 3655 1160 ἀνθρωο

2082 1184 2211 1254 πίνῃ
2234 1199 2248 1214 ·
2281 1182 2353 1236 τὰ
2377 1180 2435 1236 δὲ
2478 1182 2635 1235 κοινὰ
2663 1180 2741 1251 τῷ
2777 1181 3039 1247 συνθέτῳ,
3074 1181 3245 1252 ἤγουν
3279 1183 3357 1250 τῷ
3392 1183 3472 1235 ἑνὶ
3516 1185 3656 1256 Χρι-

2082 1275 2213 1344 στῷ,
2242 1276 2302 1339 ὂς
2331 1275 2449 1326 ἐστι
2472 1273 2602 1337 Θεὸς
2623 1275 2715 1327 xui
2744 1272 3052 1342 ἄνθρωπος·
3084 1275 3178 1327 xui
3207 1275 3275 1327 τὰ
3305 1276 3459 1329 κοινὰ
3482 1276 3584 1333 ταῦ
3606 1298 3655 1332 ·α

2080 1369 2175 1422 xui
2208 1369 2498 1438 ἀμφότερα
2544 1367 2834 1436 ὀφείλομεν
2887 1365 3176 1435 γινώσκειν
3209 1362 3352 1421 εἶναι
3397 1370 3491 1423 τοῦ
3537 1372 3655 1435 ἑνὸς

2079 1455 2343 1528 Χριστοῦ·
2380 1458 2471 1514 xui
2504 1459 2679 1512 πάντα
2713 1457 2781 1511 τὰ
2820 1458 3087 1528 γενόμενα
3110 1457 3240 1530 παρ’
3268 1459 3457 1525 αὐτοῦ,
3487 1461 3562 1524 ὡς
3591 1464 3654 1515 ἑκ

2083 1553 2212 1620 μιᾶς
2239 1552 2613 1617 ὑποστάσεως,
2645 1550 2878 1603 ἑκάστου
2907 1549 3071 1620 ἔργου
3109 1552 3519 1622 ἀναφερομένου
3571 1556 3655 1617 είς

2077 1644 2139 1699 τὸ
2169 1642 2364 1697 ἑαυτοῦ
2403 1644 2623 1697 οἰκεῖον·
2657 1643 2903 1697 τουτέστι
2933 1646 2996 1697 τὸ
3023 1644 3124 1714 μὲν
3155 1643 3299 1697 θεῖον
3328 1643 3489 1713 ἔργον
3513 1648 3646 1698 ἀνα-

2008 1791 2046 1844 ﬂ
2081 1737 2273 1807 φέρειν
2305 1739 2370 1808 τῇ
2401 1736 2500 1806 τῆς
2530 1735 2786 1806 θεότητος
2815 1734 2999 1805 φύσει,
3034 1733 3097 1787 τὸ
3126 1733 3182 1787 δὲ
3205 1720 3554 1806 ’ἀνθρώπινον
3584 1740 3649 1806 τῇ

2079 1827 2419 1898 ἀνθρωπίνῃ.
2457 1826 2623 1879 ’Λλλο
2655 1826 2713 1878 δὲ
2745 1828 2889 1880 θεῖον
2916 1826 3101 1897 ἔργον·
3139 1828 3270 1882 ἄλλο
3293 1828 3347 1880 δὲ
3372 1828 3653 1896 ἀνθρώπῖο

2077 1934 2189 1972 νον.
2212 1917 2323 1969 Καὶ
2353 1915 2499 1970 οὕτω
2529 1917 2897 1980 πιστεύοντες,
2933 1915 2993 1969 ού
3025 1916 3506 1989 πλανηθησόμεθα.
3560 1918 3654 1984 Ἐξ

2076 2002 2150 2062 ὧν
2175 2009 2432 2063 ἁπάντων
2461 2007 2569 2061 τῶν
2611 2007 2710 2078 μὲν
2740 2007 3050 2063 ἑνωθεισῶν
3077 2008 3294 2078 φύσεων
3336 2010 3370 2080 ἡ
3417 2009 3652 2081 διαφορὰ

2076 2099 2429 2165 γινώσκεται,
2456 2102 2552 2154 xui
2580 2101 2684 2167 ὅτι,
2712 2099 2787 2164 ὡς
2816 2102 2982 2169 φασὶν
3009 2105 3056 2156 oi
3083 2104 3250 2172 ἅγιοι,
3275 2104 3372 2157 xui
3414 2103 3650 2174 μάλιστα

2075 2195 2104 2247 6
2127 2192 2403 2256 θειότατος
2435 2192 2723 2262 Κύριλλος,
2748 2195 2823 2246 Οὐ
2853 2198 3049 2249 ταυτὸν
3075 2199 3133 2249 ὲν
3169 2198 3415 2269 ποιότητι
3444 2201 3649 2271 φυσικῇ

2076 2287 2270 2358 θεότης
2304 2288 2403 2341 xui
2428 2287 2814 2359 ἀνθρωπότηςο
2846 2282 2929 2352 εἷς
2958 2305 3020 2357 γε
3078 2289 3185 2358 μὴν
3215 2290 3345 2353 Υἱὸς
3380 2293 3473 2344 xui
3515 2292 3653 2359 Χρι-

2078 2381 2202 2442 στὸς
2234 2381 2329 2433 xui
2359 2379 2562 2451 Κύριος
2590 2379 2709 2442 ἑνὸς
2740 2378 2897 2441 ὄντος
2932 2378 3101 2433 αὐτοῦ
3157 2366 3299 2435 κατᾶ
3330 2385 3391 2435 τὸ
3435 2385 3651 2452 πρόσω-

2076 2488 2178 2523 πον
2205 2486 2221 2504 ο
2255 2472 2374 2525 κατ’
2398 2471 2588 2525 οὐδένα
2619 2472 2822 2542 τρόπον
2848 2471 2935 2525 διὰ
2963 2472 3063 2541 τὴν
3092 2472 3388 2540 ἐπίγνωσιν
3415 2478 3511 2546 τῆς
3541 2494 3649 2544 φυ-

2079 2564 2236 2632 σικῆς
2291 2564 2558 2634 διαφορᾶς
2620 2563 2985 2635 μεριζομένης
3031 2565 3133 2635 τῆς
3168 2564 3292 2619 καθ’
3351 2566 3648 2622 ὑπόστασιν

2076 2646 2347 2720 ἑνὼοτεως.

2144 2923 2363 2994 Ταύτης
2391 2922 2448 2977 δὲ
2477 2923 2576 2993 τῆς
2610 2922 2938 2995 σαρκώσεως
2983 2890 3358 2993 ὁμολογοῦμεν
3400 2922 3483 2976 δτι
3521 2918 3645 2976 κατ’

2073 3017 2261 3071 οὐδένα
2288 3017 2494 3088 τρόπον
2531 3017 2560 3068 6
2596 3015 2784 3086 Πατὴρ
2816 3016 2912 3069 xui
2932 3017 2992 3069 τὸ
3018 3015 3245 3085 Πνεῦμα
3273 3017 3335 3068 τὸ
3365 3015 3522 3083 ἅγιον
3551 3032 3647 3068 κε-

390 3123 555 3176 quatn
610 3105 946 3163 voluntatem
976 3106 1148 3161 solam
1192 3120 1256 3161 ac
1301 3106 1745 3177 beueplacitum:
1797 3109 1966 3164 bene-

2075 3109 2438 3180 κοινώνηκεν,
2464 3111 2512 3161 εἰ
2551 3108 2629 3179 μὴ
2660 3108 2780 3160 κατ’
2807 3109 3054 3160 εὐὼκὲαν
3084 3109 3176 3161 xui
3213 3095 3434 3175 θέλησιν
3462 3100 3643 3176 μόνονι

390 3199 653 3268 placitum
691 3211 872 3254 autem
901 3206 958 3253 et
981 3198 1316 3253 voluntatem
1347 3214 1472 3254 cum
1507 3199 1777 3263 dicimus,
1812 3201 1882 3255 ab
1902 3215 1969 3255 eo

390 3289 731 3360 beneplacito
777 3290 1030 3358 bonaque
1104 3304 1237 3360 erga
1292 3306 1394 3348 nos
1424 3278 1705 3346 votuntaie
1762 3290 1963 3347 Filium

392 3383 818 3452 haudquaquam
882 3383 1245 3457 sejungfmns.
1300 3384 1455 3442 Unus
1499 3388 1645 3440 enim
1703 3385 1849 3442 Deus
1884 3395 1969 3441 est

389 3485 516 3527 cum
545 3472 705 3526 Patre
731 3481 788 3527 et
816 3471 1048 3542 Spiritu,
1084 3488 1307 3543 unaque
1345 3482 1401 3529 et
1438 3474 1720 3531 individua
1747 3484 1967 3530 natura.

391 3558 548 3619 Unde
575 3564 738 3619 etiam
768 3578 893 3618 cum
918 3563 1157 3619 dicimus
1185 3603 1201 3630 ,
1234 3562 1385 3630 Quod
1424 3566 1477 3621 in
1506 3568 1715 3622 mundo
1749 3574 1869 3620 erat
1897 3565 1969 3619 ob

387 3665 733 3723 assumptam
786 3669 1008 3711 carnem
1031 3695 1048 3721 ,
1082 3656 1339 3727 quodque
1368 3672 1466 3727 per
1492 3672 1613 3713 eam
1666 3659 1846 3729 ipsum
1883 3657 1972 3714 Fi-

265 3787 269 3790 μ
384 3745 521 3802 lium
552 3746 643 3801 Dei
667 3761 733 3803 ac
760 3746 942 3803 Deum
971 3761 1421 3819 agnosceremus,
1467 3764 1746 3821 nunquam
1782 3759 1967 3809 tamen

383 3833 536 3892 Patri
586 3836 788 3893 absens
835 3846 992 3904 erat;
1038 3837 1136 3893 sed
1196 3844 1252 3892 et
1302 3844 1464 3894 natus
1493 3854 1561 3893 ex
1593 3838 1817 3910 Virgine
1840 3855 1966 3896 ser—

384 3942 629 4001 sansque
660 3928 714 3984 in
744 3932 930 3999 tterra‘,
976 3942 1043 3982 ac
1091 3936 1288 3984 cuncta
1336 3936 1398 3983 ut
1446 3929 1612 3986 homo
1659 3931 1966 3998 sustinens,

387 4019 770 4090 inseparabilis
803 4034 930 4075 cum
962 4019 1073 4076 Deo
1102 4028 1158 4075 et
1202 4018 1364 4076 Patre
1390 4034 1461 4076 ex
1495 4036 1606 4091 quo
1631 4024 1969 4083 aternaliter

388 4111 664 4179 nascitur,
707 4121 920 4167 etcum
968 4111 1153 4169 divino
1200 4109 1447 4182 Spiritu,
1491 4123 1629 4168 erat.
1666 4113 1963 4211 hunquam

384 4202 532 4257 enim
571 4202 715 4256 Deus
744 4200 847 4256 fuit
873 4200 1034 4257 Verbi
1087 4217 1311 4274 expers.
1348 4200 1845 4262 Metninisse'enim
1876 4208 1972 4264 de-

387 4296 787 4357 bemus..uon
853 4291 1108 4350 decuisse
1175 4305 1234 4352 ut
1308 4311 1546 4368 unquam
1608 4299 1785 4356 Filius
1816 4301 1967 4358 Patri

2073 3203 2247 3257 Ὅταν
2294 3202 2352 3255 δὲ
2400 3201 2522 3254 κατ’
2567 3200 2816 3254 εὐδοκίαν
2856 3201 2951 3255 xui
3003 3199 3226 3269 θέλησιν
3276 3199 3546 3270 λέγωμεν,
3576 3199 3642 3254 οὐ

2070 3293 2376 3366 χωρίζομεν
2421 3291 2514 3345 τὸν
2543 3292 2673 3345 Υἱὸν
2703 3294 2801 3361 τῆς
2838 3284 3085 3353 εύδοῖιίας
3141 3291 3349 3360 ταύτης
3398 3292 3495 3346 xui
3543 3292 3644 3361 τῆς
3691 3327 3701 3339 .

2070 3382 2285 3453 ἀγαθῆς
2308 3383 2443 3453 πρὶς
2465 3385 2612 3453 ἡμᾶς
2635 3382 2907 3452 θελήσεως
2927 3399 2941 3413 ⁶
2967 3378 3050 3447 εἷς
3068 3385 3178 3454 γὰρ
3202 3383 3334 3447 Θεός
3359 3387 3473 3437 ἐστι
3505 3385 3644 3449 μετὰ

2067 3478 2163 3531 τοῦ
2197 3477 2408 3546 Πατρὺς
2439 3478 2534 3530 xui
2567 3476 2664 3530 τοῦ
2715 3476 3030 3546 Πνεύματος
3052 3494 3064 3506 ·
3098 3479 3195 3530 xui
3227 3478 3324 3547 μία
3357 3476 3521 3544 φύσις
3550 3476 3643 3528 xui

2069 3571 2336 3640 ἄτμητος.
2369 3568 2535 3622 Ὅθεν
2566 3570 2614 3622 εἰ
2648 3569 2744 3623 xui
2775 3568 3008 3636 λέγομεν
3058 3568 3183 3622 Ὅτι
3226 3570 3286 3621 ἐν
3326 3568 3404 3638 τῷ
3451 3568 3642 3638 κόσμῳ

2067 3658 2139 3733 ἦν
2167 3662 2255 3715 διὰ
2280 3662 2377 3731 τὴν
2394 3662 2496 3731 τῆς
2519 3646 2911 3731 σαρκδςπρόσ)
2923 3659 3077 3730 ηψιν,
3112 3659 3204 3711 xui
3235 3658 3295 3714 τὸ
3322 3659 3412 3712 διὰ
3438 3656 3643 3728 ταύτης

2070 3754 2235 3809 αὐτὸν
2285 3752 2415 3806 Υίὲν
2464 3751 2557 3806 τοῦ
2604 3749 2740 3806 Θεοῦ
2799 3753 2895 3805 xui
2928 3752 3062 3805 Θεὸν
3119 3752 3266 3820 ἡμᾶς
3300 3752 3640 3820 ιπιγνῶναι·

2069 3844 2187 3901 ἀλλ’
2219 3844 2473 3898 οὐδέποτε
2491 3842 2587 3897 τοῦ
2642 3842 2854 3913 Πατρὸς
2888 3843 3037 3908 ἀπῆν
3061 3857 3078 3874 ⁶
3111 3841 3247 3897 ἀλλὰ
3295 3844 3387 3896 xui
3433 3842 3643 3911 γεννώ-

2073 3953 2235 4009 μενος
2262 3937 2325 3990 ὲκ
2351 3934 2632 4004 Παρθένου
2668 3934 2764 3987 xui
2792 3935 3091 4006 διατρίϐων
3138 3936 3197 3986 ἐν
3234 3937 3303 4003 γῇ
3338 3936 3430 3987 καὶ
3464 3935 3644 3988 πάντα

2070 4029 2297 4098 πάσχων
2314 4029 2389 4091 ὼς
2412 4027 2723 4096 ἄνθρωπος,
2754 4025 3057 4095 ἁχὼριστος
3080 4024 3159 4094 τῷ
3178 4025 3299 4096 Θεῷ
3327 4026 3422 4079 xui
3445 4026 3641 4094 Πατρὶ,

2069 4119 2133 4184 ιε
2153 4113 2216 4173 οὗ
2236 4119 2421 4181 ἀϊδίως
2444 4119 2722 4186 γεννᾶται,
2748 4119 2937 4187 συνῆν,
2967 4116 3063 4169 xui
3080 4115 3155 4186 τῷ
3187 4114 3316 4185 θείῳ
3339 4115 3640 4181 Πνεύματι.

2072 4210 2148 4262 Οὐ
2183 4208 2292 4278 γὰρ
2324 4202 2392 4277 ἦν
2423 4224 2554 4259 ποτε
2585 4206 2716 4268 Θεὸς
2745 4206 2961 4272 ἄλογος.
2990 4206 3408 4275 Μνημονευτέον
3434 4205 3542 4274 γὰρ
3566 4203 3643 4267 ὡς

2070 4301 2171 4354 οὐκ
2191 4300 2432 4369 ἔπρεπεν
2452 4297 2724 4350 ἐλλείπειν
2754 4298 2887 4349 ποτὲ
2912 4296 2945 4367 ἢ
2979 4295 3109 4349 Υἱδν
3130 4296 3328 4367 ιιατρὶ,
3356 4294 3388 4365 ἦ
3421 4294 3644 4366 Πνεῦμα

385 4388 624 4450 deesset,
654 4395 748 4445 aut
776 4384 916 4443 Filio
943 4387 1184 4459 Spiritus
1207 4429 1224 4457 ,
1256 4405 1360 4446 nec
1393 4391 1508 4445 fieri
1539 4405 1699 4460 posse
1721 4433 1736 4459 ,
1768 4404 1830 4449 ut
1854 4395 1965 4450 ulla

2072 4392 2187 4462 Υίῷ
2211 4408 2225 4423 ·
2258 4392 2357 4445 xui
2384 4390 2459 4453 ὡς
2490 4391 2592 4443 ούκ
2626 4390 2740 4451 ἔστι
2771 4388 2996 4442 δυνατὸν
3026 4389 3121 4441 ἐπὶ
3154 4390 3251 4457 τῆς
3279 4389 3441 4455 ἁγίας
3479 4390 3649 4457 Τριά-

385 4478 561 4535 sectio
591 4487 688 4533 aut
727 4476 926 4538 divisio
956 4478 1011 4533 in
1057 4488 1245 4534 sancta
1290 4478 1559 4536 Trinitate
1591 4482 1928 4554 intelligatur
1949 4524 1964 4549 ,

386 4574 464 4629 ita
502 4573 783 4639 nimirum,
817 4582 875 4628 ut
903 4581 1000 4628 aut
1027 4571 1201 4629 Filius
1228 4589 1259 4639 a
1303 4573 1464 4646 Patre
1485 4614 1501 4641 ,
1532 4585 1628 4630 aut
1662 4576 1900 4645 Spiritus
1940 4593 1968 4633 a

383 4664 521 4722 Fitio
553 4665 902 4737 disjnngatur
927 4705 944 4731 ,
967 4664 1114 4736 quod
1137 4665 1293 4722 aiunt
1322 4665 1618 4738 Gregorius
1663 4666 1972 4740 Tlteologus

382 4768 441 4815 et
476 4758 636 4816 divus
659 4757 897 4816 Basilius
925 4761 1219 4829 docetque,
1252 4759 1378 4815 illos
1400 4769 1653 4826 secutus,
1681 4760 1973 4819 Damasce-

384 4867 511 4917 nus,
543 4851 627 4906 his
658 4850 881 4906 verbis:
925 4869 944 4904 ι
983 4851 1229 4907 Necesse
1260 4866 1391 4908 vero
1415 4863 1500 4908 est
1530 4853 1767 4923 Verbum
1797 4856 1961 4909 etiam

383 4942 649 5014 Spiritum
683 4932 910 4998 habere.
948 4959 967 4995 ι

456 5034 595 5102 Quia
637 5051 767 5091 vero
812 5036 1130 5094 dicebamus
1180 5044 1305 5096 esse
1349 5039 1568 5111 quidem
1596 5018 1768 5094 Deum
1796 5055 1959 5094 unam

390 5126 748 5180 substantiam
782 5169 798 5193 ,
867 5140 990 5195 quae
1070 5137 1125 5184 et
1181 5127 1428 5185 Trinitas
1457 5138 1541 5185 est
1570 5169 1586 5194 ,
1635 5127 1964 5198 Patremque

386 5213 556 5270 Deum
583 5218 884 5286 perlectum
915 5232 1062 5286 esse,
1094 5233 1159 5274 ac
1186 5220 1439 5275 similiter
1467 5217 1695 5284 Filium,
1726 5235 1827 5275 nec
1851 5234 1961 5273 non

393 5309 663 5380 Spiritum
701 5320 957 5367 sanctum
989 5327 1004 5378 ;
1040 5310 1248 5366 idcirco
1275 5311 1537 5378 dicimus,
1561 5312 1716 5381 juxta
1745 5326 1809 5367 ac
1838 5326 1970 5367 san-

456 5497 503 5529 ³³
538 5495 697 5551 Joan.
732 5511 825 5562 xx,
862 5494 950 5551 Π.

458 5679 572 5819 (62;
609 5678 761 5735 Orat.
790 5680 885 5745 25,
913 5694 967 5747 p.
995 5679 1120 5734 ιτιι.

458 5752 548 5819 (65
603 5749 751 5804 Lihr.
787 5750 821 5806 5
849 5758 1035 5806 contra
1065 5749 1120 5805 Et

458 5749 572 5821 (65)
603 5749 751 5804 Liur.
787 5750 821 5806 5
849 5758 1035 5806 contra
1065 5749 1289 5806 Eunom.
1308 5788 1325 5821 ,
1355 5760 1462 5809 etc.

2068 4484 2158 4547 δος
2185 4484 2359 4554 τομὴν
2387 4482 2420 4553 ἢ
2446 4481 2714 4551 διαίρεσιν
2736 4480 3088 4549 ἐπινοηθῆναι
3113 4482 3233 4542 ’.ὡς
3260 4479 3295 4551 ἢ
3323 4479 3450 4533 Υίὸν
3473 4497 3591 4550 χωρ
3613 4498 3644 4552 ς

2070 4576 2286 4646 Πατρὶς
2314 4572 2599 4643 νοηθῆναι,
2633 4571 2666 4641 ἢ
2690 4572 2754 4639 τὸ
2782 4570 3010 4640 Πνεῦμα
3033 4571 3128 4624 τοῦ
3160 4571 3291 4624 Υίοῦ
3324 4573 3647 4642 διαζευχθῆο

2067 4682 2155 4723 ναι
2183 4684 2198 4700 ·
2232 4665 2377 4737 ἅπερ
2427 4667 2455 4717 ὁ
2506 4664 2768 4730 Θεολογος
2819 4662 3124 4733 Γρηγόριος
3150 4662 3269 4733 (62)
3314 4664 3407 4723 xui
3438 4664 3468 4716 6
3499 4665 3646 4721 θεῖος

2068 4759 2352 4822 Βασίλειος
2386 4756 2500 4827 (65)
2530 4755 2719 4825 φασιν.
2747 4749 2844 4817 Οἷς
2871 4754 2970 4807 xui
2993 4755 3021 4806 6
3045 4755 3407 4835 ᾼαμασκηνὺς
3435 4755 3644 4824 ἑπόμεν’

2069 4867 2157 4913 νος
2191 4848 2328 4919 (66),
2387 4867 2407 4900 ι
2449 4851 2542 4901 Δεῖ
2570 4848 2627 4901 δὲ
2659 4842 2750 4901 τὸν
2801 4849 2974 4917 Λόγον
3008 4848 3102 4900 xui
3150 4847 3374 4917 Πνεῦμα
3403 4848 3567 4916 ἔχειν,
3617 4864 3638 4898 ι

2066 4943 2328 4996 διδάσκει.
2584 4976 2595 4987 ι
2880 5000 2885 5005 ,

2152 5034 2306 5087 Ἐπεὶ
2341 5033 2400 5087 δὲ
2434 5035 2720 5106 ἐλέγομεν,
2757 5034 2880 5089 Ὀτι
2933 5036 3030 5106 μία
3086 5034 3186 5107 μὲν
3225 5035 3370 5090 ἔστιν
3420 5036 3577 5089 οὐσία
3616 5039 3645 5090 6

2070 5124 2225 5196 Θεὸς,
2247 5130 2282 5201 ἦ
2312 5129 2407 5182 xui
2450 5129 2620 5199 Τριάς
2655 5129 2773 5181 ἐστι
2798 5143 2810 5155 ·
2845 5131 2939 5183 καὶ
2966 5129 2994 5181 6
3030 5129 3222 5201 Πατὴρ
3260 5131 3460 5192 τέλειος
3489 5129 3639 5196 Θεὸς,

2070 5223 2166 5274 xui
2195 5223 2222 5273 6
2250 5220 2375 5284 Υἱὸς
2404 5219 2685 5281 ὡσαύτως,
2717 5219 2813 5271 xui
2844 5220 2904 5272 τὸ
2967 5220 3195 5289 Πνεῦμα
3228 5221 3289 5273 τὸ
3333 5220 3490 5288 ἅγιον
3517 5238 3528 5249 υ
3555 5218 3641 5270 διὰ

2080 5312 2242 5365 τοῦτο
2266 5313 2450 5382 φαμὲν
2479 5310 2623 5364 me
2657 5311 2749 5363 τὸν
2779 5309 2934 5378 ἅγιον
2957 5313 3234 5366 Διονύσιον
3257 5311 3369 5382 (65)
3396 5311 3491 5363 xci
3519 5311 3641 5371 τοὺς

2144 5689 2257 5761 (et)
2280 5652 2407 5761 Lib.
2446 5703 2484 5755 ι,
2515 5703 2564 5744 c.
2596 5688 2651 5743 7.
2822 5758 2837 5761 Α
3092 5716 3109 5721 -

2140 5758 2254 5831 (65)
2284 5758 2361 5815 De
2384 5761 2550 5815 divin.
2570 5776 2709 5815 nam.
2743 5776 2791 5816 c.
2812 5758 2865 5815 2.
3078 5778 3122 5813 ο
