  <div class='ocr_page' id='page_1' title='image "/cluster/home/n/w/nwhite01/storage/ocr_20150623/152/coo.31924054870575/300.png"; bbox 0 0 4088 6436; ppageno 0'>
   <div class='ocr_carea' id='block_1_1' title="bbox 313 346 424 414">
    <p class='ocr_par' dir='ltr' id='par_1_1' title="bbox 313 346 424 414">
     <span class='ocr_line' id='line_1_1' title="bbox 313 346 424 414; baseline 0 0"><span class='ocrx_word' id='word_1_1' title='bbox 313 346 424 414; x_wconf 75' lang='lat'><strong>585</strong></span> 
     </span>
    </p>
   </div>
   <div class='ocr_carea' id='block_1_2' title="bbox 1316 337 2636 415">
    <p class='ocr_par' dir='ltr' id='par_1_2' title="bbox 1316 337 2636 415">
     <span class='ocr_line' id='line_1_2' title="bbox 1316 337 2636 415; baseline 0.002 -3"><span class='ocrx_word' id='word_1_2' title='bbox 1316 351 1416 412; x_wconf 89' lang='lat' dir='ltr'><strong>DE</strong></span> <span class='ocrx_word' id='word_1_3' title='bbox 1460 349 1895 413; x_wconf 69' lang='lat' dir='ltr'><strong>PRINCIPIIS</strong></span> <span class='ocrx_word' id='word_1_4' title='bbox 1921 337 2136 413; x_wconf 84' lang='lat' dir='ltr'><strong>Fl-DEI</strong></span> <span class='ocrx_word' id='word_1_5' title='bbox 2165 352 2636 415; x_wconf 75' lang='lat' dir='ltr'><strong>CATHOLlC/E.</strong></span> 
     </span>
    </p>
   </div>
   <div class='ocr_carea' id='block_1_3' title="bbox 3506 354 3614 422">
    <p class='ocr_par' dir='ltr' id='par_1_3' title="bbox 3506 354 3614 422">
     <span class='ocr_line' id='line_1_3' title="bbox 3506 354 3614 422; baseline 0.028 -3"><span class='ocrx_word' id='word_1_6' title='bbox 3506 354 3614 422; x_wconf 81' lang='lat'><strong>586</strong></span> 
     </span>
    </p>
   </div>
   <div class='ocr_carea' id='block_1_4' title="bbox 311 459 1901 540">
    <p class='ocr_par' dir='ltr' id='par_1_4' title="bbox 311 459 1901 534">
     <span class='ocr_line' id='line_1_4' title="bbox 311 459 1901 534; baseline 0.001 -18"><span class='ocrx_word' id='word_1_7' title='bbox 311 462 506 525; x_wconf 70' lang='grc' dir='ltr'>ἀλλους</span> <span class='ocrx_word' id='word_1_8' title='bbox 560 459 802 524; x_wconf 72' lang='grc' dir='ltr'>ἅπαντας</span> <span class='ocrx_word' id='word_1_9' title='bbox 836 461 1049 530; x_wconf 78' lang='grc' dir='ltr'>ἁγίους,</span> <span class='ocrx_word' id='word_1_10' title='bbox 1089 463 1164 525; x_wconf 84' lang='grc' dir='ltr'>ὡς</span> <span class='ocrx_word' id='word_1_11' title='bbox 1196 462 1292 533; x_wconf 82' lang='grc' dir='ltr'>ὅλη</span> <span class='ocrx_word' id='word_1_12' title='bbox 1325 465 1359 533; x_wconf 81' lang='grc' dir='ltr'>ἡ</span> <span class='ocrx_word' id='word_1_13' title='bbox 1394 462 1515 517; x_wconf 83' lang='grc' dir='ltr'>θεία</span> <span class='ocrx_word' id='word_1_14' title='bbox 1549 463 1708 516; x_wconf 74' lang='grc' dir='ltr'>οὐσία</span> <span class='ocrx_word' id='word_1_15' title='bbox 1738 465 1901 534; x_wconf 76' lang='grc' dir='ltr'>ἐσαρ-</span> 
     </span>
    </p>
   </div>
   <div class='ocr_carea' id='block_1_5' title="bbox 2013 459 3594 540">
    <p class='ocr_par' dir='ltr' id='par_1_5' title="bbox 2014 467 3594 540">
     <span class='ocr_line' id='line_1_5' title="bbox 2014 467 3594 540; baseline 0.004 -19"><span class='ocrx_word' id='word_1_16' title='bbox 2014 477 2136 523; x_wconf 89' lang='lat' dir='ltr'><strong>ctus</strong></span> <span class='ocrx_word' id='word_1_17' title='bbox 2161 467 2472 540; x_wconf 84' lang='lat' dir='ltr'><strong>Dionysius,</strong></span> <span class='ocrx_word' id='word_1_18' title='bbox 2503 467 2800 538; x_wconf 72' lang='lat' dir='ltr'><strong>cunctique</strong></span> <span class='ocrx_word' id='word_1_19' title='bbox 2829 468 2921 522; x_wconf 89' lang='lat' dir='ltr'><strong>alii</strong></span> <span class='ocrx_word' id='word_1_20' title='bbox 2948 468 3122 524; x_wconf 84' lang='lat' dir='ltr'><strong>sancti</strong></span> <span class='ocrx_word' id='word_1_21' title='bbox 3155 468 3372 535; x_wconf 88' lang='lat' dir='ltr'><strong>docent,</strong></span> <span class='ocrx_word' id='word_1_22' title='bbox 3398 469 3594 528; x_wconf 78' lang='lat' dir='ltr'><strong>Totam</strong></span> 
     </span>
    </p>
   </div>
   <div class='ocr_carea' id='block_1_6' title="bbox 311 553 1906 629">
    <p class='ocr_par' dir='ltr' id='par_1_6' title="bbox 311 553 1906 629">
     <span class='ocr_line' id='line_1_6' title="bbox 311 553 1906 629; baseline 0.002 -23"><span class='ocrx_word' id='word_1_23' title='bbox 311 553 463 624; x_wconf 71' lang='grc' dir='ltr'>κά,οη</span> <span class='ocrx_word' id='word_1_24' title='bbox 487 554 547 607; x_wconf 76' lang='grc' dir='ltr'><strong>έν</strong></span> <span class='ocrx_word' id='word_1_25' title='bbox 576 556 680 625; x_wconf 77' lang='grc' dir='ltr'>μιᾷ</span> <span class='ocrx_word' id='word_1_26' title='bbox 699 553 811 607; x_wconf 87' lang='grc' dir='ltr'><strong>τῶν</strong></span> <span class='ocrx_word' id='word_1_27' title='bbox 837 554 1008 624; x_wconf 73' lang='grc' dir='ltr'>αὐτῆς</span> <span class='ocrx_word' id='word_1_28' title='bbox 1038 555 1415 629; x_wconf 48' lang='grc' dir='ltr'>ύποστάσεωνθ</span> <span class='ocrx_word' id='word_1_29' title='bbox 1437 554 1550 608; x_wconf 77' lang='grc' dir='ltr'>Καὶ</span> <span class='ocrx_word' id='word_1_30' title='bbox 1578 554 1687 626; x_wconf 88' lang='grc' dir='ltr'><strong>γάρ</strong></span> <span class='ocrx_word' id='word_1_31' title='bbox 1707 557 1736 608; x_wconf 85' lang='grc' dir='ltr'><strong>ό</strong></span> <span class='ocrx_word' id='word_1_32' title='bbox 1759 556 1906 621; x_wconf 79' lang='grc' dir='ltr'>θεῖος</span> 
     </span>
    </p>
   </div>
   <div class='ocr_carea' id='block_1_7' title="bbox 316 645 1906 718">
    <p class='ocr_par' dir='ltr' id='par_1_7' title="bbox 316 645 1906 718">
     <span class='ocr_line' id='line_1_7' title="bbox 316 645 1906 718; baseline 0.001 -19"><span class='ocrx_word' id='word_1_33' title='bbox 316 645 529 709; x_wconf 83' lang='grc' dir='ltr'><strong>Παῦλος</strong></span> <span class='ocrx_word' id='word_1_34' title='bbox 562 647 752 715; x_wconf 67' lang='grc' dir='ltr'>φησιν,</span> <span class='ocrx_word' id='word_1_35' title='bbox 794 664 815 697; x_wconf 80' lang='grc' dir='ltr'><strong>ι</strong></span> <span class='ocrx_word' id='word_1_36' title='bbox 874 646 965 699; x_wconf 82' lang='grc' dir='ltr'><strong>Ἐν</strong></span> <span class='ocrx_word' id='word_1_37' title='bbox 992 646 1149 715; x_wconf 79' lang='grc' dir='ltr'>αὐτῷ</span> <span class='ocrx_word' id='word_1_38' title='bbox 1200 649 1453 701; x_wconf 77' lang='grc' dir='ltr'><strong>κατοικεῖ</strong></span> <span class='ocrx_word' id='word_1_39' title='bbox 1511 649 1622 701; x_wconf 82' lang='grc' dir='ltr'><strong>πᾶν</strong></span> <span class='ocrx_word' id='word_1_40' title='bbox 1671 649 1734 701; x_wconf 78' lang='grc' dir='ltr'>τὸ</span> <span class='ocrx_word' id='word_1_41' title='bbox 1769 650 1906 718; x_wconf 65' lang='grc' dir='ltr'>πλήν</span> 
     </span>
    </p>
   </div>
   <div class='ocr_carea' id='block_1_8' title="bbox 311 738 1902 811">
    <p class='ocr_par' dir='ltr' id='par_1_8' title="bbox 311 738 1902 811">
     <span class='ocr_line' id='line_1_8' title="bbox 311 738 1902 811; baseline 0.001 -20"><span class='ocrx_word' id='word_1_42' title='bbox 311 756 471 808; x_wconf 83' lang='grc' dir='ltr'>ρωμα</span> <span class='ocrx_word' id='word_1_43' title='bbox 502 739 605 808; x_wconf 81' lang='grc' dir='ltr'>τῆς</span> <span class='ocrx_word' id='word_1_44' title='bbox 643 738 903 808; x_wconf 82' lang='grc' dir='ltr'>θεότητος</span> <span class='ocrx_word' id='word_1_45' title='bbox 961 740 1312 810; x_wconf 72' lang='grc' dir='ltr'>σωματικῶςο</span> <span class='ocrx_word' id='word_1_46' title='bbox 1377 759 1396 794; x_wconf 75' lang='grc' dir='ltr'><strong>ι</strong></span> <span class='ocrx_word' id='word_1_47' title='bbox 1426 740 1710 794; x_wconf 77' lang='grc' dir='ltr'><strong>τουτέστιν</strong></span> <span class='ocrx_word' id='word_1_48' title='bbox 1744 747 1803 795; x_wconf 74' lang='grc' dir='ltr'>ἐν</span> <span class='ocrx_word' id='word_1_49' title='bbox 1837 744 1902 811; x_wconf 81' lang='grc' dir='ltr'>τῇ</span> 
     </span>
    </p>
   </div>
   <div class='ocr_carea' id='block_1_9' title="bbox 313 832 1905 904">
    <p class='ocr_par' dir='ltr' id='par_1_9' title="bbox 313 832 1905 904">
     <span class='ocr_line' id='line_1_9' title="bbox 313 832 1905 904; baseline 0.003 -22"><span class='ocrx_word' id='word_1_50' title='bbox 313 835 477 902; x_wconf 78' lang='grc' dir='ltr'>σαρκὶ</span> <span class='ocrx_word' id='word_1_51' title='bbox 510 832 705 889; x_wconf 81' lang='grc' dir='ltr'>αὑτοῦ.</span> <span class='ocrx_word' id='word_1_52' title='bbox 736 833 802 886; x_wconf 80' lang='grc' dir='ltr'><strong>οι</strong></span> <span class='ocrx_word' id='word_1_53' title='bbox 830 832 888 886; x_wconf 82' lang='grc' dir='ltr'><strong>δὲ</strong></span> <span class='ocrx_word' id='word_1_54' title='bbox 917 834 1097 887; x_wconf 84' lang='grc' dir='ltr'>ταῦτα</span> <span class='ocrx_word' id='word_1_55' title='bbox 1132 833 1388 902; x_wconf 84' lang='grc' dir='ltr'>λέγοντες</span> <span class='ocrx_word' id='word_1_56' title='bbox 1416 833 1565 903; x_wconf 81' lang='grc' dir='ltr'>ἀγιοι</span> <span class='ocrx_word' id='word_1_57' title='bbox 1595 833 1688 887; x_wconf 84' lang='grc' dir='ltr'>τὸν</span> <span class='ocrx_word' id='word_1_58' title='bbox 1716 834 1905 904; x_wconf 83' lang='grc' dir='ltr'>ὅμοιον</span> 
     </span>
    </p>
   </div>
   <div class='ocr_carea' id='block_1_10' title="bbox 310 923 1904 997">
    <p class='ocr_par' dir='ltr' id='par_1_10' title="bbox 310 923 1904 997">
     <span class='ocr_line' id='line_1_10' title="bbox 310 923 1904 997; baseline 0.003 -21"><span class='ocrx_word' id='word_1_59' title='bbox 310 923 513 994; x_wconf 77' lang='grc' dir='ltr'><strong>τρόπον</strong></span> <span class='ocrx_word' id='word_1_60' title='bbox 544 925 735 994; x_wconf 83' lang='grc' dir='ltr'>φασὶν,</span> <span class='ocrx_word' id='word_1_61' title='bbox 767 925 851 978; x_wconf 84' lang='grc' dir='ltr'>ὅτι</span> <span class='ocrx_word' id='word_1_62' title='bbox 878 927 911 995; x_wconf 79' lang='grc' dir='ltr'><strong>ἡ</strong></span> <span class='ocrx_word' id='word_1_63' title='bbox 946 924 1044 980; x_wconf 81' lang='grc' dir='ltr'><strong>τοῦ</strong></span> <span class='ocrx_word' id='word_1_64' title='bbox 1080 924 1218 980; x_wconf 83' lang='grc' dir='ltr'>Θεοῦ</span> <span class='ocrx_word' id='word_1_65' title='bbox 1263 926 1443 996; x_wconf 83' lang='grc' dir='ltr'><strong>Λόγου</strong></span> <span class='ocrx_word' id='word_1_66' title='bbox 1473 927 1774 991; x_wconf 78' lang='grc' dir='ltr'><strong>ὑπόστασις</strong></span> <span class='ocrx_word' id='word_1_67' title='bbox 1806 929 1904 997; x_wconf 82' lang='grc' dir='ltr'><strong>ὅλῃ</strong></span> 
     </span>
    </p>
   </div>
   <div class='ocr_carea' id='block_1_11' title="bbox 309 1018 1909 1092">
    <p class='ocr_par' dir='ltr' id='par_1_11' title="bbox 309 1018 1909 1092">
     <span class='ocr_line' id='line_1_11' title="bbox 309 1018 1909 1092; baseline 0.001 -21"><span class='ocrx_word' id='word_1_68' title='bbox 309 1020 377 1090; x_wconf 76' lang='grc' dir='ltr'><strong>τῇ</strong></span> <span class='ocrx_word' id='word_1_69' title='bbox 414 1018 737 1092; x_wconf 77' lang='grc' dir='ltr'><strong>ἀνθρωπίνῃ</strong></span> <span class='ocrx_word' id='word_1_70' title='bbox 767 1020 930 1086; x_wconf 81' lang='grc' dir='ltr'>φύσει</span> <span class='ocrx_word' id='word_1_71' title='bbox 960 1018 1148 1090; x_wconf 60' lang='lat' dir='ltr'><strong>avem,</strong></span> <span class='ocrx_word' id='word_1_72' title='bbox 1184 1020 1243 1072; x_wconf 77' lang='grc' dir='ltr'>ὲν</span> <span class='ocrx_word' id='word_1_73' title='bbox 1270 1020 1371 1091; x_wconf 81' lang='grc' dir='ltr'><strong>μιᾷ</strong></span> <span class='ocrx_word' id='word_1_74' title='bbox 1397 1020 1723 1076; x_wconf 81' lang='grc' dir='ltr'><strong>ὑποστάσει.</strong></span> <span class='ocrx_word' id='word_1_75' title='bbox 1748 1020 1909 1074; x_wconf 79' lang='grc' dir='ltr'>Ἐπεὶ</span> 
     </span>
    </p>
   </div>
   <div class='ocr_carea' id='block_1_12' title="bbox 312 1109 1909 1183">
    <p class='ocr_par' dir='ltr' id='par_1_12' title="bbox 312 1109 1909 1183">
     <span class='ocr_line' id='line_1_12' title="bbox 312 1109 1909 1183; baseline 0.002 -20"><span class='ocrx_word' id='word_1_76' title='bbox 312 1112 408 1164; x_wconf 72' lang='grc' dir='ltr'>καὶ</span> <span class='ocrx_word' id='word_1_77' title='bbox 434 1110 522 1180; x_wconf 77' lang='grc' dir='ltr'><strong>ἐφ’</strong></span> <span class='ocrx_word' id='word_1_78' title='bbox 544 1109 706 1181; x_wconf 76' lang='grc' dir='ltr'>ἡμῶν</span> <span class='ocrx_word' id='word_1_79' title='bbox 733 1110 831 1181; x_wconf 86' lang='grc' dir='ltr'>ὅλη</span> <span class='ocrx_word' id='word_1_80' title='bbox 860 1110 1183 1183; x_wconf 78' lang='grc' dir='ltr'><strong>ἀνθρωπίνη</strong></span> <span class='ocrx_word' id='word_1_81' title='bbox 1210 1111 1377 1181; x_wconf 81' lang='grc' dir='ltr'>φύσις</span> <span class='ocrx_word' id='word_1_82' title='bbox 1404 1113 1462 1165; x_wconf 70' lang='grc' dir='ltr'>δν</span> <span class='ocrx_word' id='word_1_83' title='bbox 1486 1112 1703 1182; x_wconf 73' lang='grc' dir='ltr'>ἑκάστῳ</span> <span class='ocrx_word' id='word_1_84' title='bbox 1727 1113 1909 1166; x_wconf 87' lang='grc' dir='ltr'>τελεία</span> 
     </span>
    </p>
   </div>
   <div class='ocr_carea' id='block_1_13' title="bbox 311 1204 1910 1276">
    <p class='ocr_par' dir='ltr' id='par_1_13' title="bbox 311 1204 1910 1276">
     <span class='ocr_line' id='line_1_13' title="bbox 311 1204 1910 1276; baseline 0.001 -19"><span class='ocrx_word' id='word_1_85' title='bbox 311 1204 450 1269; x_wconf 65' lang='grc' dir='ltr'>εστὶ,</span> <span class='ocrx_word' id='word_1_86' title='bbox 483 1204 1024 1275; x_wconf 77' lang='grc' dir='ltr'><strong>παραδειγματικῶς</strong></span> <span class='ocrx_word' id='word_1_87' title='bbox 1056 1207 1256 1260; x_wconf 75' lang='grc' dir='ltr'>εἰπεῖν.</span> <span class='ocrx_word' id='word_1_88' title='bbox 1288 1207 1404 1260; x_wconf 77' lang='grc' dir='ltr'>Καὶ</span> <span class='ocrx_word' id='word_1_89' title='bbox 1433 1209 1546 1276; x_wconf 81' lang='grc' dir='ltr'>γὰρ</span> <span class='ocrx_word' id='word_1_90' title='bbox 1596 1205 1755 1260; x_wconf 71' lang='grc' dir='ltr'>οὐδὲν</span> <span class='ocrx_word' id='word_1_91' title='bbox 1797 1206 1910 1259; x_wconf 80' lang='grc' dir='ltr'>ὲνέ-</span> 
     </span>
    </p>
   </div>
   <div class='ocr_carea' id='block_1_14' title="bbox 314 1294 1909 1370">
    <p class='ocr_par' dir='ltr' id='par_1_14' title="bbox 314 1294 1909 1370">
     <span class='ocr_line' id='line_1_14' title="bbox 314 1294 1909 1370; baseline 0.004 -25"><span class='ocrx_word' id='word_1_92' title='bbox 314 1294 471 1348; x_wconf 82' lang='grc' dir='ltr'>λιπεν</span> <span class='ocrx_word' id='word_1_93' title='bbox 494 1309 510 1326; x_wconf 90' lang='grc'><strong>·</strong></span> <span class='ocrx_word' id='word_1_94' title='bbox 548 1295 685 1349; x_wconf 83' lang='grc' dir='ltr'><strong>ἀλλά</strong></span> <span class='ocrx_word' id='word_1_95' title='bbox 726 1296 796 1350; x_wconf 87' lang='grc' dir='ltr'><strong>τά</strong></span> <span class='ocrx_word' id='word_1_96' title='bbox 827 1297 929 1351; x_wconf 82' lang='grc' dir='ltr'>τοῦ</span> <span class='ocrx_word' id='word_1_97' title='bbox 972 1297 1184 1352; x_wconf 75' lang='grc' dir='ltr'><strong>τελείου</strong></span> <span class='ocrx_word' id='word_1_98' title='bbox 1232 1298 1529 1370; x_wconf 83' lang='grc' dir='ltr'>ἀνθρώπου</span> <span class='ocrx_word' id='word_1_99' title='bbox 1579 1299 1759 1353; x_wconf 80' lang='grc' dir='ltr'>πάντα</span> <span class='ocrx_word' id='word_1_100' title='bbox 1785 1301 1909 1354; x_wconf 78' lang='grc' dir='ltr'><strong>ἀνέ-</strong></span> 
     </span>
    </p>
   </div>
   <div class='ocr_carea' id='block_1_15' title="bbox 314 1389 1920 1461">
    <p class='ocr_par' dir='ltr' id='par_1_15' title="bbox 314 1389 1920 1461">
     <span class='ocr_line' id='line_1_15' title="bbox 314 1389 1920 1461; baseline -0.001 -17"><span class='ocrx_word' id='word_1_101' title='bbox 314 1389 473 1455; x_wconf 80' lang='grc' dir='ltr'>λαϐε,</span> <span class='ocrx_word' id='word_1_102' title='bbox 520 1389 704 1455; x_wconf 83' lang='grc' dir='ltr'>σῶμα,</span> <span class='ocrx_word' id='word_1_103' title='bbox 758 1389 941 1461; x_wconf 75' lang='grc' dir='ltr'>ψυχὴν</span> <span class='ocrx_word' id='word_1_104' title='bbox 997 1390 1196 1461; x_wconf 78' lang='grc' dir='ltr'>νοερὰν</span> <span class='ocrx_word' id='word_1_105' title='bbox 1245 1391 1343 1445; x_wconf 68' lang='grc' dir='ltr'>καὶ</span> <span class='ocrx_word' id='word_1_106' title='bbox 1386 1391 1639 1461; x_wconf 79' lang='grc' dir='ltr'>λογικὴν,</span> <span class='ocrx_word' id='word_1_107' title='bbox 1694 1392 1790 1445; x_wconf 77' lang='grc' dir='ltr'><strong>καί</strong></span> <span class='ocrx_word' id='word_1_108' title='bbox 1838 1393 1920 1444; x_wconf 83' lang='grc' dir='ltr'>τά-</span> 
     </span>
    </p>
   </div>
   <div class='ocr_carea' id='block_1_16' title="bbox 309 1481 1903 1554">
    <p class='ocr_par' dir='ltr' id='par_1_16' title="bbox 309 1481 1903 1554">
     <span class='ocr_line' id='line_1_16' title="bbox 309 1481 1903 1554; baseline 0 -18"><span class='ocrx_word' id='word_1_109' title='bbox 309 1482 515 1537; x_wconf 87' lang='grc' dir='ltr'>τούτων</span> <span class='ocrx_word' id='word_1_110' title='bbox 557 1481 868 1552; x_wconf 80' lang='grc' dir='ltr'>ἀδιάσλητα</span> <span class='ocrx_word' id='word_1_111' title='bbox 907 1483 1198 1552; x_wconf 74' lang='grc' dir='ltr'><strong>ἰδιώματα.</strong></span> <span class='ocrx_word' id='word_1_112' title='bbox 1246 1481 1322 1537; x_wconf 82' lang='grc' dir='ltr'><strong>Τὸ</strong></span> <span class='ocrx_word' id='word_1_113' title='bbox 1369 1484 1480 1554; x_wconf 79' lang='grc' dir='ltr'><strong>γὰρ</strong></span> <span class='ocrx_word' id='word_1_114' title='bbox 1528 1483 1650 1549; x_wconf 74' lang='grc' dir='ltr'>ἐνὸς</span> <span class='ocrx_word' id='word_1_115' title='bbox 1693 1483 1903 1537; x_wconf 83' lang='grc' dir='ltr'>τούτων</span> 
     </span>
    </p>
   </div>
   <div class='ocr_carea' id='block_1_17' title="bbox 312 1572 1284 1645">
    <p class='ocr_par' dir='ltr' id='par_1_17' title="bbox 312 1572 1284 1645">
     <span class='ocr_line' id='line_1_17' title="bbox 312 1572 1284 1645; baseline 0.002 -19"><span class='ocrx_word' id='word_1_116' title='bbox 312 1574 636 1641; x_wconf 78' lang='grc' dir='ltr'>λειπόμενον</span> <span class='ocrx_word' id='word_1_117' title='bbox 661 1574 762 1627; x_wconf 82' lang='grc' dir='ltr'>οὐκ</span> <span class='ocrx_word' id='word_1_118' title='bbox 792 1573 941 1627; x_wconf 77' lang='grc' dir='ltr'>ἔστιν</span> <span class='ocrx_word' id='word_1_119' title='bbox 967 1572 1284 1645; x_wconf 75' lang='grc' dir='ltr'>ἄνθρωπος.</span> 
     </span>
    </p>
   </div>
   <div class='ocr_carea' id='block_1_18' title="bbox 2017 557 3597 630">
    <p class='ocr_par' dir='ltr' id='par_1_18' title="bbox 2017 557 3597 630">
     <span class='ocr_line' id='line_1_18' title="bbox 2017 557 3597 630; baseline 0.004 -19"><span class='ocrx_word' id='word_1_120' title='bbox 2017 557 2256 613; x_wconf 82' lang='lat' dir='ltr'><strong>divinam</strong></span> <span class='ocrx_word' id='word_1_121' title='bbox 2304 558 2673 617; x_wconf 86' lang='lat' dir='ltr'><strong>substantiam</strong></span> <span class='ocrx_word' id='word_1_122' title='bbox 2729 557 2784 611; x_wconf 90' lang='lat' dir='ltr'><strong>in</strong></span> <span class='ocrx_word' id='word_1_123' title='bbox 2822 573 2929 613; x_wconf 87' lang='lat' dir='ltr'><strong>una</strong></span> <span class='ocrx_word' id='word_1_124' title='bbox 2973 574 3203 615; x_wconf 87' lang='lat' dir='ltr'><strong>suarum</strong></span> <span class='ocrx_word' id='word_1_125' title='bbox 3239 574 3597 630; x_wconf 77' lang='lat' dir='ltr'><strong>personat-utr.</strong></span> 
     </span>
    </p>
   </div>
   <div class='ocr_carea' id='block_1_19' title="bbox 2015 647 3605 719">
    <p class='ocr_par' dir='ltr' id='par_1_19' title="bbox 2015 647 3605 719">
     <span class='ocr_line' id='line_1_19' title="bbox 2015 647 3605 719; baseline 0.001 -16"><span class='ocrx_word' id='word_1_126' title='bbox 2015 649 2361 705; x_wconf 82' lang='lat' dir='ltr'><strong>incarnatam</strong></span> <span class='ocrx_word' id='word_1_127' title='bbox 2398 664 2543 706; x_wconf 86' lang='lat' dir='ltr'><strong>esse.</strong></span> <span class='ocrx_word' id='word_1_128' title='bbox 2579 647 2793 719; x_wconf 81' lang='lat' dir='ltr'><strong>Quippe</strong></span> <span class='ocrx_word' id='word_1_129' title='bbox 2843 665 2966 704; x_wconf 89' lang='lat' dir='ltr'><strong>cum</strong></span> <span class='ocrx_word' id='word_1_130' title='bbox 3000 649 3153 707; x_wconf 81' lang='lat' dir='ltr'><strong>dicat</strong></span> <span class='ocrx_word' id='word_1_131' title='bbox 3188 651 3350 707; x_wconf 82' lang='lat' dir='ltr'><strong>divus</strong></span> <span class='ocrx_word' id='word_1_132' title='bbox 3374 651 3605 709; x_wconf 78' lang='lat' dir='ltr'><strong>Paulus.</strong></span> 
     </span>
    </p>
   </div>
   <div class='ocr_carea' id='block_1_20' title="bbox 2022 738 3607 812">
    <p class='ocr_par' dir='ltr' id='par_1_20' title="bbox 2022 738 3607 812">
     <span class='ocr_line' id='line_1_20' title="bbox 2022 738 3607 812; baseline 0.004 -20"><span class='ocrx_word' id='word_1_133' title='bbox 2022 757 2042 792; x_wconf 77' lang='grc' dir='ltr'><strong>ε</strong></span> <span class='ocrx_word' id='word_1_134' title='bbox 2088 738 2347 795; x_wconf 82' lang='lat' dir='ltr'><strong>Habitare</strong></span> <span class='ocrx_word' id='word_1_135' title='bbox 2393 741 2450 796; x_wconf 89' lang='lat' dir='ltr'><strong>in</strong></span> <span class='ocrx_word' id='word_1_136' title='bbox 2479 755 2550 797; x_wconf 87' lang='lat' dir='ltr'><strong>eo</strong></span> <span class='ocrx_word' id='word_1_137' title='bbox 2583 755 2804 796; x_wconf 88' lang='lat' dir='ltr'><strong>omnem</strong></span> <span class='ocrx_word' id='word_1_138' title='bbox 2849 741 3246 812; x_wconf 85' lang='lat' dir='ltr'><strong>plenitudinem</strong></span> <span class='ocrx_word' id='word_1_139' title='bbox 3302 743 3607 800; x_wconf 82' lang='lat' dir='ltr'><strong>divinitatis</strong></span> 
     </span>
    </p>
   </div>
   <div class='ocr_carea' id='block_1_21' title="bbox 2014 830 3608 907">
    <p class='ocr_par' dir='ltr' id='par_1_21' title="bbox 2014 830 3608 907">
     <span class='ocr_line' id='line_1_21' title="bbox 2014 830 3608 907; baseline 0.001 -18"><span class='ocrx_word' id='word_1_140' title='bbox 2014 831 2380 903; x_wconf 83' lang='lat' dir='ltr'><strong>corporaliter</strong></span> <span class='ocrx_word' id='word_1_141' title='bbox 2405 832 2453 865; x_wconf 70' lang='grc'>⁸⁸</span> <span class='ocrx_word' id='word_1_142' title='bbox 2474 873 2491 901; x_wconf 95' lang='grc'><strong>,</strong></span> <span class='ocrx_word' id='word_1_143' title='bbox 2532 851 2552 887; x_wconf 74' lang='grc' dir='ltr'><strong>ι</strong></span> <span class='ocrx_word' id='word_1_144' title='bbox 2608 833 2715 890; x_wconf 86' lang='lat' dir='ltr'><strong>hoc</strong></span> <span class='ocrx_word' id='word_1_145' title='bbox 2745 840 2851 900; x_wconf 89' lang='lat' dir='ltr'><strong>est,</strong></span> <span class='ocrx_word' id='word_1_146' title='bbox 2898 834 2953 891; x_wconf 90' lang='lat' dir='ltr'><strong>in</strong></span> <span class='ocrx_word' id='word_1_147' title='bbox 2984 849 3153 892; x_wconf 86' lang='lat' dir='ltr'><strong>carne</strong></span> <span class='ocrx_word' id='word_1_148' title='bbox 3183 830 3326 907; x_wconf 85' lang='lat' dir='ltr'><strong>ejus.</strong></span> <span class='ocrx_word' id='word_1_149' title='bbox 3362 836 3467 905; x_wconf 85' lang='lat' dir='ltr'><strong>Qui</strong></span> <span class='ocrx_word' id='word_1_150' title='bbox 3505 853 3608 892; x_wconf 81' lang='lat' dir='ltr'><strong>au-</strong></span> 
     </span>
    </p>
   </div>
   <div class='ocr_carea' id='block_1_22' title="bbox 2017 923 3608 994">
    <p class='ocr_par' dir='ltr' id='par_1_22' title="bbox 2017 923 3608 994">
     <span class='ocr_line' id='line_1_22' title="bbox 2017 923 3608 994; baseline 0.003 -15"><span class='ocrx_word' id='word_1_151' title='bbox 2017 933 2127 980; x_wconf 90' lang='lat' dir='ltr'><strong>tem</strong></span> <span class='ocrx_word' id='word_1_152' title='bbox 2168 923 2287 982; x_wconf 74' lang='lat' dir='ltr'><strong>haec</strong></span> <span class='ocrx_word' id='word_1_153' title='bbox 2336 924 2526 981; x_wconf 91' lang='lat' dir='ltr'><strong>dicunt</strong></span> <span class='ocrx_word' id='word_1_154' title='bbox 2583 926 2808 994; x_wconf 89' lang='lat' dir='ltr'><strong>sancti,</strong></span> <span class='ocrx_word' id='word_1_155' title='bbox 2865 927 3058 983; x_wconf 82' lang='lat' dir='ltr'><strong>eodem</strong></span> <span class='ocrx_word' id='word_1_156' title='bbox 3093 929 3258 987; x_wconf 84' lang='lat' dir='ltr'><strong>modo</strong></span> <span class='ocrx_word' id='word_1_157' title='bbox 3311 930 3476 985; x_wconf 86' lang='lat' dir='ltr'><strong>etiam</strong></span> <span class='ocrx_word' id='word_1_158' title='bbox 3517 929 3608 985; x_wconf 85' lang='lat' dir='ltr'><strong>Dei</strong></span> 
     </span>
    </p>
   </div>
   <div class='ocr_carea' id='block_1_23' title="bbox 2022 1014 3610 1090">
    <p class='ocr_par' dir='ltr' id='par_1_23' title="bbox 2022 1014 3610 1090">
     <span class='ocr_line' id='line_1_23' title="bbox 2022 1014 3610 1090; baseline 0.004 -24"><span class='ocrx_word' id='word_1_159' title='bbox 2022 1014 2185 1072; x_wconf 85' lang='lat' dir='ltr'><strong>Verbi</strong></span> <span class='ocrx_word' id='word_1_160' title='bbox 2218 1030 2512 1086; x_wconf 84' lang='lat' dir='ltr'><strong>personam</strong></span> <span class='ocrx_word' id='word_1_161' title='bbox 2547 1017 2647 1073; x_wconf 91' lang='lat' dir='ltr'><strong>toti</strong></span> <span class='ocrx_word' id='word_1_162' title='bbox 2712 1017 2967 1073; x_wconf 67' lang='lat' dir='ltr'><strong>humana:</strong></span> <span class='ocrx_word' id='word_1_163' title='bbox 3014 1028 3225 1075; x_wconf 70' lang='lat' dir='ltr'><strong>natura:</strong></span> <span class='ocrx_word' id='word_1_164' title='bbox 3267 1019 3322 1074; x_wconf 89' lang='lat' dir='ltr'><strong>in</strong></span> <span class='ocrx_word' id='word_1_165' title='bbox 3363 1035 3472 1075; x_wconf 85' lang='lat' dir='ltr'><strong>una</strong></span> <span class='ocrx_word' id='word_1_166' title='bbox 3504 1020 3610 1090; x_wconf 83' lang='lat' dir='ltr'><strong>hy-</strong></span> 
     </span>
    </p>
   </div>
   <div class='ocr_carea' id='block_1_24' title="bbox 2018 1108 3609 1179">
    <p class='ocr_par' dir='ltr' id='par_1_24' title="bbox 2018 1108 3609 1179">
     <span class='ocr_line' id='line_1_24' title="bbox 2018 1108 3609 1179; baseline 0.008 -16"><span class='ocrx_word' id='word_1_167' title='bbox 2018 1108 2234 1179; x_wconf 81' lang='lat' dir='ltr'><strong>postasi</strong></span> <span class='ocrx_word' id='word_1_168' title='bbox 2265 1108 2457 1164; x_wconf 90' lang='lat' dir='ltr'><strong>dicunt</strong></span> <span class='ocrx_word' id='word_1_169' title='bbox 2490 1123 2614 1164; x_wconf 89' lang='lat' dir='ltr'><strong>esse</strong></span> <span class='ocrx_word' id='word_1_170' title='bbox 2648 1109 2882 1165; x_wconf 84' lang='lat' dir='ltr'><strong>unitam.</strong></span> <span class='ocrx_word' id='word_1_171' title='bbox 2924 1109 3061 1166; x_wconf 85' lang='lat' dir='ltr'><strong>Nam</strong></span> <span class='ocrx_word' id='word_1_172' title='bbox 3091 1120 3144 1167; x_wconf 87' lang='lat' dir='ltr'><strong>et</strong></span> <span class='ocrx_word' id='word_1_173' title='bbox 3197 1113 3250 1168; x_wconf 92' lang='lat' dir='ltr'><strong>in</strong></span> <span class='ocrx_word' id='word_1_174' title='bbox 3281 1114 3444 1171; x_wconf 88' lang='lat' dir='ltr'><strong>nobis</strong></span> <span class='ocrx_word' id='word_1_175' title='bbox 3492 1125 3609 1175; x_wconf 76' lang='lat' dir='ltr'><strong>tota</strong></span> 
     </span>
    </p>
   </div>
   <div class='ocr_carea' id='block_1_25' title="bbox 2017 1201 3611 1273">
    <p class='ocr_par' dir='ltr' id='par_1_25' title="bbox 2017 1201 3611 1273">
     <span class='ocr_line' id='line_1_25' title="bbox 2017 1201 3611 1273; baseline 0.003 -18"><span class='ocrx_word' id='word_1_176' title='bbox 2017 1202 2263 1256; x_wconf 85' lang='lat' dir='ltr'><strong>humana</strong></span> <span class='ocrx_word' id='word_1_177' title='bbox 2322 1212 2519 1256; x_wconf 91' lang='lat' dir='ltr'><strong>natura</strong></span> <span class='ocrx_word' id='word_1_178' title='bbox 2578 1202 2633 1257; x_wconf 89' lang='lat' dir='ltr'><strong>in</strong></span> <span class='ocrx_word' id='word_1_179' title='bbox 2681 1201 2919 1273; x_wconf 76' lang='lat' dir='ltr'><strong>singulis</strong></span> <span class='ocrx_word' id='word_1_180' title='bbox 2987 1202 3228 1273; x_wconf 82' lang='lat' dir='ltr'><strong>perfecta</strong></span> <span class='ocrx_word' id='word_1_181' title='bbox 3268 1213 3493 1272; x_wconf 79' lang='lat' dir='ltr'><strong>exstat,</strong></span> <span class='ocrx_word' id='word_1_182' title='bbox 3551 1215 3611 1262; x_wconf 89' lang='lat' dir='ltr'><strong>ut</strong></span> 
     </span>
    </p>
   </div>
   <div class='ocr_carea' id='block_1_26' title="bbox 2016 1293 3609 1368">
    <p class='ocr_par' dir='ltr' id='par_1_26' title="bbox 2016 1293 3609 1368">
     <span class='ocr_line' id='line_1_26' title="bbox 2016 1293 3609 1368; baseline 0.002 -19"><span class='ocrx_word' id='word_1_183' title='bbox 2016 1294 2257 1364; x_wconf 81' lang='lat' dir='ltr'><strong>exempli</strong></span> <span class='ocrx_word' id='word_1_184' title='bbox 2290 1306 2458 1350; x_wconf 86' lang='lat' dir='ltr'><strong>causa</strong></span> <span class='ocrx_word' id='word_1_185' title='bbox 2497 1294 2643 1350; x_wconf 87' lang='lat' dir='ltr'><strong>istud</strong></span> <span class='ocrx_word' id='word_1_186' title='bbox 2696 1293 2949 1352; x_wconf 64' lang='lat' dir='ltr'><strong>atteram.</strong></span> <span class='ocrx_word' id='word_1_187' title='bbox 2996 1295 3188 1368; x_wconf 80' lang='lat' dir='ltr'><strong>Neque</strong></span> <span class='ocrx_word' id='word_1_188' title='bbox 3216 1298 3365 1353; x_wconf 92' lang='lat' dir='ltr'><strong>enim</strong></span> <span class='ocrx_word' id='word_1_189' title='bbox 3403 1297 3609 1368; x_wconf 88' lang='lat' dir='ltr'><strong>aliquid</strong></span> 
     </span>
    </p>
   </div>
   <div class='ocr_carea' id='block_1_27' title="bbox 2015 1384 3609 1460">
    <p class='ocr_par' dir='ltr' id='par_1_27' title="bbox 2015 1384 3609 1460">
     <span class='ocr_line' id='line_1_27' title="bbox 2015 1384 3609 1460; baseline -0.001 -15"><span class='ocrx_word' id='word_1_190' title='bbox 2015 1390 2066 1446; x_wconf 88' lang='lat' dir='ltr'><strong>ei</strong></span> <span class='ocrx_word' id='word_1_191' title='bbox 2083 1384 2457 1444; x_wconf 82' lang='lat' dir='ltr'><strong>desideratum</strong></span> <span class='ocrx_word' id='word_1_192' title='bbox 2484 1387 2650 1458; x_wconf 80' lang='lat' dir='ltr'><strong>:quin</strong></span> <span class='ocrx_word' id='word_1_193' title='bbox 2683 1403 2749 1443; x_wconf 90' lang='lat' dir='ltr'><strong>ea</strong></span> <span class='ocrx_word' id='word_1_194' title='bbox 2777 1403 2899 1460; x_wconf 83' lang='lat' dir='ltr'><strong>quae</strong></span> <span class='ocrx_word' id='word_1_195' title='bbox 2933 1388 3158 1459; x_wconf 76' lang='lat' dir='ltr'><strong>perfecti</strong></span> <span class='ocrx_word' id='word_1_196' title='bbox 3191 1398 3323 1446; x_wconf 90' lang='lat' dir='ltr'><strong>sunt</strong></span> <span class='ocrx_word' id='word_1_197' title='bbox 3346 1389 3609 1453; x_wconf 39' lang='lat' dir='ltr'><strong>hominis,</strong></span> 
     </span>
    </p>
   </div>
   <div class='ocr_carea' id='block_1_28' title="bbox 2016 1479 3612 1552">
    <p class='ocr_par' dir='ltr' id='par_1_28' title="bbox 2016 1479 3612 1552">
     <span class='ocr_line' id='line_1_28' title="bbox 2016 1479 3612 1552; baseline -0.001 -16"><span class='ocrx_word' id='word_1_198' title='bbox 2016 1479 2323 1548; x_wconf 84' lang='lat' dir='ltr'><strong>assumpsit</strong></span> <span class='ocrx_word' id='word_1_199' title='bbox 2355 1479 2590 1543; x_wconf 86' lang='lat' dir='ltr'><strong>omnia;</strong></span> <span class='ocrx_word' id='word_1_200' title='bbox 2643 1493 2849 1549; x_wconf 88' lang='lat' dir='ltr'><strong>corpus</strong></span> <span class='ocrx_word' id='word_1_201' title='bbox 2908 1480 3121 1536; x_wconf 86' lang='lat' dir='ltr'><strong>scilicet</strong></span> <span class='ocrx_word' id='word_1_202' title='bbox 3160 1489 3328 1552; x_wconf 88' lang='lat' dir='ltr'><strong>atque</strong></span> <span class='ocrx_word' id='word_1_203' title='bbox 3369 1480 3612 1535; x_wconf 87' lang='lat' dir='ltr'><strong>animam</strong></span> 
     </span>
    </p>
   </div>
   <div class='ocr_carea' id='block_1_29' title="bbox 2013 1571 3615 1642">
    <p class='ocr_par' dir='ltr' id='par_1_29' title="bbox 2013 1571 3615 1642">
     <span class='ocr_line' id='line_1_29' title="bbox 2013 1571 3615 1642; baseline -0.001 -15"><span class='ocrx_word' id='word_1_204' title='bbox 2013 1571 2354 1642; x_wconf 76' lang='lat' dir='ltr'><strong>intelligendi</strong></span> <span class='ocrx_word' id='word_1_205' title='bbox 2415 1586 2480 1627; x_wconf 87' lang='lat' dir='ltr'><strong>ac</strong></span> <span class='ocrx_word' id='word_1_206' title='bbox 2534 1572 2768 1628; x_wconf 86' lang='lat' dir='ltr'><strong>rationis</strong></span> <span class='ocrx_word' id='word_1_207' title='bbox 2825 1572 2881 1627; x_wconf 82' lang='lat' dir='ltr'><strong>vi</strong></span> <span class='ocrx_word' id='word_1_208' title='bbox 2936 1572 3246 1641; x_wconf 80' lang='lat' dir='ltr'><strong>praeditam,</strong></span> <span class='ocrx_word' id='word_1_209' title='bbox 3304 1572 3615 1641; x_wconf 86' lang='lat' dir='ltr'><strong>horumque</strong></span> 
     </span>
    </p>
   </div>
   <div class='ocr_carea' id='block_1_30' title="bbox 316 1664 3614 1738">
    <p class='ocr_par' dir='ltr' id='par_1_30' title="bbox 316 1664 3614 1738">
     <span class='ocr_line' id='line_1_30' title="bbox 316 1664 3614 1738; baseline -0 -17"><span class='ocrx_word' id='word_1_210' title='bbox 316 1668 700 1738; x_wconf 78' lang='lat' dir='ltr'><strong>proprietates,</strong></span> <span class='ocrx_word' id='word_1_211' title='bbox 728 1683 852 1738; x_wconf 66' lang='lat' dir='ltr'><strong>quae</strong></span> <span class='ocrx_word' id='word_1_212' title='bbox 902 1666 1111 1723; x_wconf 90' lang='lat' dir='ltr'><strong>nullam</strong></span> <span class='ocrx_word' id='word_1_213' title='bbox 1158 1669 1411 1725; x_wconf 84' lang='lat' dir='ltr'><strong>criminis</strong></span> <span class='ocrx_word' id='word_1_214' title='bbox 1446 1668 1620 1723; x_wconf 80' lang='lat' dir='ltr'><strong>labem</strong></span> <span class='ocrx_word' id='word_1_215' title='bbox 1650 1667 1908 1723; x_wconf 82' lang='lat' dir='ltr'><strong>habeant.</strong></span> <span class='ocrx_word' id='word_1_216' title='bbox 1947 1664 2100 1732; x_wconf 84' lang='lat' dir='ltr'><strong>Quod</strong></span> <span class='ocrx_word' id='word_1_217' title='bbox 2133 1668 2281 1723; x_wconf 90' lang='lat' dir='ltr'><strong>enim</strong></span> <span class='ocrx_word' id='word_1_218' title='bbox 2313 1666 2508 1722; x_wconf 91' lang='lat' dir='ltr'><strong>horum</strong></span> <span class='ocrx_word' id='word_1_219' title='bbox 2543 1665 2730 1735; x_wconf 88' lang='lat' dir='ltr'><strong>aliquo</strong></span> <span class='ocrx_word' id='word_1_220' title='bbox 2763 1666 3041 1733; x_wconf 71' lang='lat' dir='ltr'><strong>deficitur,</strong></span> <span class='ocrx_word' id='word_1_221' title='bbox 3094 1681 3195 1722; x_wconf 92' lang='lat' dir='ltr'><strong>nec</strong></span> <span class='ocrx_word' id='word_1_222' title='bbox 3262 1666 3426 1720; x_wconf 89' lang='lat' dir='ltr'><strong>homo</strong></span> <span class='ocrx_word' id='word_1_223' title='bbox 3485 1676 3614 1721; x_wconf 81' lang='lat' dir='ltr'><strong>ceu-</strong></span> 
     </span>
    </p>
   </div>
   <div class='ocr_carea' id='block_1_31' title="bbox 313 1771 516 1816">
    <p class='ocr_par' dir='ltr' id='par_1_31' title="bbox 313 1771 516 1816">
     <span class='ocr_line' id='line_1_31' title="bbox 313 1771 516 1816; baseline -0.01 0"><span class='ocrx_word' id='word_1_224' title='bbox 313 1771 516 1816; x_wconf 61' lang='grc' dir='ltr'>διδοίην.</span> 
     </span>
    </p>
   </div>
   <div class='ocr_carea' id='block_1_32' title="bbox 384 1849 1901 1929">
    <p class='ocr_par' dir='ltr' id='par_1_32' title="bbox 384 1854 1901 1929">
     <span class='ocr_line' id='line_1_32' title="bbox 384 1854 1901 1929; baseline 0 -20"><span class='ocrx_word' id='word_1_225' title='bbox 384 1856 555 1909; x_wconf 80' lang='grc' dir='ltr'>ὐλον</span> <span class='ocrx_word' id='word_1_226' title='bbox 581 1855 765 1910; x_wconf 78' lang='grc' dir='ltr'>τοίνυν</span> <span class='ocrx_word' id='word_1_227' title='bbox 795 1854 1031 1910; x_wconf 76' lang='grc' dir='ltr'>ἀνέλαϐε</span> <span class='ocrx_word' id='word_1_228' title='bbox 1054 1859 1146 1910; x_wconf 80' lang='grc' dir='ltr'>τὸν</span> <span class='ocrx_word' id='word_1_229' title='bbox 1171 1855 1486 1929; x_wconf 71' lang='grc' dir='ltr'>ἄνθρωπον,</span> <span class='ocrx_word' id='word_1_230' title='bbox 1515 1858 1602 1912; x_wconf 81' lang='grc' dir='ltr'><strong>ἴνα</strong></span> <span class='ocrx_word' id='word_1_231' title='bbox 1628 1856 1901 1929; x_wconf 66' lang='grc' dir='ltr'>σωτηρίαι</span> 
     </span>
    </p>
   </div>
   <div class='ocr_carea' id='block_1_33' title="bbox 2013 1849 3613 1929">
    <p class='ocr_par' dir='ltr' id='par_1_33' title="bbox 2086 1849 3613 1929">
     <span class='ocr_line' id='line_1_33' title="bbox 2086 1849 3613 1929; baseline 0 -23"><span class='ocrx_word' id='word_1_232' title='bbox 2086 1850 2285 1907; x_wconf 86' lang='lat' dir='ltr'><strong>Totum</strong></span> <span class='ocrx_word' id='word_1_233' title='bbox 2327 1851 2517 1923; x_wconf 87' lang='lat' dir='ltr'><strong>itaque</strong></span> <span class='ocrx_word' id='word_1_234' title='bbox 2568 1849 2874 1929; x_wconf 78' lang='lat' dir='ltr'><strong>assumpsit</strong></span> <span class='ocrx_word' id='word_1_235' title='bbox 2923 1849 3200 1906; x_wconf 85' lang='lat' dir='ltr'><strong>hominem</strong></span> <span class='ocrx_word' id='word_1_236' title='bbox 3228 1893 3243 1916; x_wconf 91' lang='lat'><strong>,</strong></span> <span class='ocrx_word' id='word_1_237' title='bbox 3278 1862 3339 1906; x_wconf 88' lang='lat' dir='ltr'><strong>ut</strong></span> <span class='ocrx_word' id='word_1_238' title='bbox 3390 1851 3485 1917; x_wconf 86' lang='lat' dir='ltr'><strong>ei,</strong></span> <span class='ocrx_word' id='word_1_239' title='bbox 3518 1853 3613 1921; x_wconf 87' lang='lat' dir='ltr'><strong>qui</strong></span> 
     </span>
    </p>
   </div>
   <div class='ocr_carea' id='block_1_34' title="bbox 312 1947 1906 2022">
    <p class='ocr_par' dir='ltr' id='par_1_34' title="bbox 312 1947 1906 2022">
     <span class='ocr_line' id='line_1_34' title="bbox 312 1947 1906 2022; baseline -0.001 -20"><span class='ocrx_word' id='word_1_240' title='bbox 312 1949 419 2019; x_wconf 71' lang='grc' dir='ltr'><strong>ὅλῳ</strong></span> <span class='ocrx_word' id='word_1_241' title='bbox 460 1947 536 2020; x_wconf 79' lang='grc' dir='ltr'>τῷ</span> <span class='ocrx_word' id='word_1_242' title='bbox 581 1949 806 2004; x_wconf 80' lang='grc' dir='ltr'>πεσόντι</span> <span class='ocrx_word' id='word_1_243' title='bbox 853 1949 1172 2020; x_wconf 78' lang='grc' dir='ltr'>χαρίσηται.</span> <span class='ocrx_word' id='word_1_244' title='bbox 1214 1969 1232 2002; x_wconf 80' lang='grc' dir='ltr'><strong>ι</strong></span> <span class='ocrx_word' id='word_1_245' title='bbox 1267 1948 1343 2005; x_wconf 79' lang='grc' dir='ltr'><strong>Τὸ</strong></span> <span class='ocrx_word' id='word_1_246' title='bbox 1376 1951 1487 2022; x_wconf 82' lang='grc' dir='ltr'><strong>γὰρ</strong></span> <span class='ocrx_word' id='word_1_247' title='bbox 1520 1950 1906 2022; x_wconf 82' lang='grc' dir='ltr'>ἀπρόσληπτον</span> 
     </span>
    </p>
   </div>
   <div class='ocr_carea' id='block_1_35' title="bbox 312 2033 1901 2114">
    <p class='ocr_par' dir='ltr' id='par_1_35' title="bbox 312 2033 1901 2114">
     <span class='ocr_line' id='line_1_35' title="bbox 312 2033 1901 2114; baseline 0.001 -19"><span class='ocrx_word' id='word_1_248' title='bbox 312 2041 708 2110; x_wconf 78' lang='grc' dir='ltr'>ἀθεράπευτον.</span> <span class='ocrx_word' id='word_1_249' title='bbox 745 2057 766 2094; x_wconf 70' lang='grc' dir='ltr'><strong>ο</strong></span> <span class='ocrx_word' id='word_1_250' title='bbox 820 2039 1129 2113; x_wconf 78' lang='grc' dir='ltr'>Ἀμαρτίας</span> <span class='ocrx_word' id='word_1_251' title='bbox 1171 2038 1314 2114; x_wconf 79' lang='grc' dir='ltr'>δὲ,ἢ</span> <span class='ocrx_word' id='word_1_252' title='bbox 1362 2046 1464 2114; x_wconf 84' lang='grc' dir='ltr'><strong>τῆς</strong></span> <span class='ocrx_word' id='word_1_253' title='bbox 1508 2043 1651 2098; x_wconf 84' lang='grc' dir='ltr'><strong>κατά</strong></span> <span class='ocrx_word' id='word_1_254' title='bbox 1693 2033 1901 2112; x_wconf 79' lang='grc' dir='ltr'>νοῧν,ἢ</span> 
     </span>
    </p>
   </div>
   <div class='ocr_carea' id='block_1_36' title="bbox 311 2132 1906 2207">
    <p class='ocr_par' dir='ltr' id='par_1_36' title="bbox 311 2132 1906 2207">
     <span class='ocr_line' id='line_1_36' title="bbox 311 2132 1906 2207; baseline 0.002 -23"><span class='ocrx_word' id='word_1_255' title='bbox 311 2134 407 2196; x_wconf 72' lang='grc' dir='ltr'>τῆς</span> <span class='ocrx_word' id='word_1_256' title='bbox 430 2133 554 2185; x_wconf 79' lang='grc' dir='ltr'>κατ’</span> <span class='ocrx_word' id='word_1_257' title='bbox 573 2133 880 2203; x_wconf 77' lang='grc' dir='ltr'>ἐνέργειαν,</span> <span class='ocrx_word' id='word_1_258' title='bbox 912 2132 1128 2205; x_wconf 82' lang='grc' dir='ltr'>οὐδαμῆ</span> <span class='ocrx_word' id='word_1_259' title='bbox 1153 2133 1578 2207; x_wconf 86' lang='grc' dir='ltr'>κεκοινώνηκεν.</span> <span class='ocrx_word' id='word_1_260' title='bbox 1598 2133 1754 2190; x_wconf 84' lang='grc' dir='ltr'><strong>Κατά</strong></span> <span class='ocrx_word' id='word_1_261' title='bbox 1778 2135 1906 2189; x_wconf 81' lang='grc' dir='ltr'>νοῦν</span> 
     </span>
    </p>
   </div>
   <div class='ocr_carea' id='block_1_37' title="bbox 313 2224 1904 2298">
    <p class='ocr_par' dir='ltr' id='par_1_37' title="bbox 313 2224 1904 2298">
     <span class='ocr_line' id='line_1_37' title="bbox 313 2224 1904 2298; baseline 0.003 -23"><span class='ocrx_word' id='word_1_262' title='bbox 313 2224 368 2275; x_wconf 73' lang='grc' dir='ltr'><strong><em>δί</em></strong></span> <span class='ocrx_word' id='word_1_263' title='bbox 407 2226 555 2277; x_wconf 66' lang='grc' dir='ltr'>εστιν</span> <span class='ocrx_word' id='word_1_264' title='bbox 593 2225 863 2297; x_wconf 81' lang='grc' dir='ltr'>ἁμαρτία,</span> <span class='ocrx_word' id='word_1_265' title='bbox 914 2227 1045 2282; x_wconf 88' lang='grc' dir='ltr'>ὅταν</span> <span class='ocrx_word' id='word_1_266' title='bbox 1102 2246 1185 2292; x_wconf 88' lang='grc' dir='ltr'><strong>τις</strong></span> <span class='ocrx_word' id='word_1_267' title='bbox 1230 2227 1497 2298; x_wconf 87' lang='grc' dir='ltr'>σύνθηται</span> <span class='ocrx_word' id='word_1_268' title='bbox 1549 2229 1612 2283; x_wconf 81' lang='grc' dir='ltr'>τὸ</span> <span class='ocrx_word' id='word_1_269' title='bbox 1665 2228 1904 2298; x_wconf 73' lang='grc' dir='ltr'>πονηρὸν</span> 
     </span>
    </p>
   </div>
   <div class='ocr_carea' id='block_1_38' title="bbox 314 2314 1905 2390">
    <p class='ocr_par' dir='ltr' id='par_1_38' title="bbox 314 2314 1905 2390">
     <span class='ocr_line' id='line_1_38' title="bbox 314 2314 1905 2390; baseline 0.003 -23"><span class='ocrx_word' id='word_1_270' title='bbox 314 2314 539 2384; x_wconf 83' lang='grc' dir='ltr'>ποιῆσαι</span> <span class='ocrx_word' id='word_1_271' title='bbox 565 2329 581 2347; x_wconf 85' lang='grc'>⁶</span> <span class='ocrx_word' id='word_1_272' title='bbox 640 2315 765 2369; x_wconf 84' lang='grc' dir='ltr'>κατ’</span> <span class='ocrx_word' id='word_1_273' title='bbox 812 2317 1101 2386; x_wconf 68' lang='grc' dir='ltr'>ἐνέργειαν</span> <span class='ocrx_word' id='word_1_274' title='bbox 1148 2317 1228 2384; x_wconf 70' lang='grc' dir='ltr'><strong>δὶ,</strong></span> <span class='ocrx_word' id='word_1_275' title='bbox 1262 2317 1391 2373; x_wconf 84' lang='grc' dir='ltr'>ὅταν</span> <span class='ocrx_word' id='word_1_276' title='bbox 1429 2318 1528 2372; x_wconf 74' lang='grc' dir='ltr'><strong>καὶ</strong></span> <span class='ocrx_word' id='word_1_277' title='bbox 1559 2318 1745 2390; x_wconf 71' lang='grc' dir='ltr'>ἔργοις</span> <span class='ocrx_word' id='word_1_278' title='bbox 1773 2318 1905 2372; x_wconf 83' lang='grc' dir='ltr'>αὐτὸ</span> 
     </span>
    </p>
   </div>
   <div class='ocr_carea' id='block_1_39' title="bbox 310 2406 1905 2481">
    <p class='ocr_par' dir='ltr' id='par_1_39' title="bbox 310 2406 1905 2481">
     <span class='ocr_line' id='line_1_39' title="bbox 310 2406 1905 2481; baseline 0.002 -20"><span class='ocrx_word' id='word_1_279' title='bbox 310 2406 595 2479; x_wconf 75' lang='grc' dir='ltr'>τελειώσῃ.</span> <span class='ocrx_word' id='word_1_280' title='bbox 653 2408 875 2463; x_wconf 83' lang='grc' dir='ltr'>Τούτων</span> <span class='ocrx_word' id='word_1_281' title='bbox 917 2410 1017 2480; x_wconf 76' lang='grc' dir='ltr'>μὲν</span> <span class='ocrx_word' id='word_1_282' title='bbox 1047 2410 1246 2479; x_wconf 78' lang='grc' dir='ltr'>οὐδὲν,</span> <span class='ocrx_word' id='word_1_283' title='bbox 1303 2411 1373 2466; x_wconf 82' lang='grc' dir='ltr'><strong>τά</strong></span> <span class='ocrx_word' id='word_1_284' title='bbox 1423 2411 1481 2466; x_wconf 81' lang='grc' dir='ltr'><strong>δὲ</strong></span> <span class='ocrx_word' id='word_1_285' title='bbox 1537 2411 1639 2481; x_wconf 82' lang='grc' dir='ltr'>τῆς</span> <span class='ocrx_word' id='word_1_286' title='bbox 1688 2411 1905 2481; x_wconf 86' lang='grc' dir='ltr'>φύσεως</span> 
     </span>
    </p>
   </div>
   <div class='ocr_carea' id='block_1_40' title="bbox 314 2497 1902 2575">
    <p class='ocr_par' dir='ltr' id='par_1_40' title="bbox 314 2497 1902 2575">
     <span class='ocr_line' id='line_1_40' title="bbox 314 2497 1902 2575; baseline 0.001 -22"><span class='ocrx_word' id='word_1_287' title='bbox 314 2499 608 2570; x_wconf 48' lang='lat' dir='ltr'><strong>suasum</strong></span> <span class='ocrx_word' id='word_1_288' title='bbox 634 2500 815 2555; x_wconf 77' lang='grc' dir='ltr'>πάντα</span> <span class='ocrx_word' id='word_1_289' title='bbox 837 2497 984 2571; x_wconf 73' lang='grc' dir='ltr'>εἶχεν</span> <span class='ocrx_word' id='word_1_290' title='bbox 1008 2518 1022 2533; x_wconf 84' lang='grc'>⁶</span> <span class='ocrx_word' id='word_1_291' title='bbox 1069 2497 1183 2556; x_wconf 75' lang='grc' dir='ltr'>οἷον</span> <span class='ocrx_word' id='word_1_292' title='bbox 1214 2502 1315 2575; x_wconf 80' lang='grc' dir='ltr'><strong>τὴν</strong></span> <span class='ocrx_word' id='word_1_293' title='bbox 1344 2503 1557 2569; x_wconf 81' lang='grc' dir='ltr'>πεῖναν,</span> <span class='ocrx_word' id='word_1_294' title='bbox 1588 2502 1688 2574; x_wconf 82' lang='grc' dir='ltr'>τὴν</span> <span class='ocrx_word' id='word_1_295' title='bbox 1717 2502 1902 2573; x_wconf 76' lang='grc' dir='ltr'>δίψαν,</span> 
     </span>
    </p>
   </div>
   <div class='ocr_carea' id='block_1_41' title="bbox 312 2592 1904 2667">
    <p class='ocr_par' dir='ltr' id='par_1_41' title="bbox 312 2592 1904 2667">
     <span class='ocr_line' id='line_1_41' title="bbox 312 2592 1904 2667; baseline 0.004 -23"><span class='ocrx_word' id='word_1_296' title='bbox 312 2593 413 2662; x_wconf 74' lang='grc' dir='ltr'>τὴν</span> <span class='ocrx_word' id='word_1_297' title='bbox 439 2592 663 2659; x_wconf 83' lang='grc' dir='ltr'>δειλίαν,</span> <span class='ocrx_word' id='word_1_298' title='bbox 689 2592 782 2647; x_wconf 86' lang='grc' dir='ltr'>τὸν</span> <span class='ocrx_word' id='word_1_299' title='bbox 813 2594 997 2661; x_wconf 84' lang='grc' dir='ltr'>πόνον,</span> <span class='ocrx_word' id='word_1_300' title='bbox 1030 2593 1131 2665; x_wconf 86' lang='grc' dir='ltr'>τὴν</span> <span class='ocrx_word' id='word_1_301' title='bbox 1170 2594 1433 2665; x_wconf 82' lang='grc' dir='ltr'>ἀγωνίαν,</span> <span class='ocrx_word' id='word_1_302' title='bbox 1464 2594 1564 2667; x_wconf 80' lang='grc' dir='ltr'>τὴν</span> <span class='ocrx_word' id='word_1_303' title='bbox 1605 2594 1702 2649; x_wconf 79' lang='grc' dir='ltr'>τοῦ</span> <span class='ocrx_word' id='word_1_304' title='bbox 1738 2596 1904 2650; x_wconf 77' lang='grc' dir='ltr'>θανά·</span> 
     </span>
    </p>
   </div>
   <div class='ocr_carea' id='block_1_42' title="bbox 312 2685 1905 2758">
    <p class='ocr_par' dir='ltr' id='par_1_42' title="bbox 312 2685 1905 2758">
     <span class='ocr_line' id='line_1_42' title="bbox 312 2685 1905 2758; baseline 0.003 -22"><span class='ocrx_word' id='word_1_305' title='bbox 312 2701 408 2737; x_wconf 88' lang='grc' dir='ltr'><strong>του</strong></span> <span class='ocrx_word' id='word_1_306' title='bbox 430 2685 770 2755; x_wconf 67' lang='grc' dir='ltr'>παραίτησιν</span> <span class='ocrx_word' id='word_1_307' title='bbox 789 2699 804 2716; x_wconf 71' lang='grc'><strong><em>⁸</em></strong></span> <span class='ocrx_word' id='word_1_308' title='bbox 836 2685 873 2741; x_wconf 81' lang='grc' dir='ltr'><strong>ἀ</strong></span> <span class='ocrx_word' id='word_1_309' title='bbox 903 2686 1014 2750; x_wconf 79' lang='grc' dir='ltr'>τοῖς</span> <span class='ocrx_word' id='word_1_310' title='bbox 1035 2685 1352 2757; x_wconf 81' lang='grc' dir='ltr'>ἀνθρώποις</span> <span class='ocrx_word' id='word_1_311' title='bbox 1382 2686 1635 2756; x_wconf 80' lang='grc' dir='ltr'>φυσικῶς</span> <span class='ocrx_word' id='word_1_312' title='bbox 1666 2687 1905 2758; x_wconf 76' lang='grc' dir='ltr'>ἐνυπάρ-</span> 
     </span>
    </p>
   </div>
   <div class='ocr_carea' id='block_1_43' title="bbox 312 2765 1902 2852">
    <p class='ocr_par' dir='ltr' id='par_1_43' title="bbox 312 2765 1902 2852">
     <span class='ocr_line' id='line_1_43' title="bbox 312 2765 1902 2852; baseline 0.003 -24"><span class='ocrx_word' id='word_1_313' title='bbox 312 2793 487 2847; x_wconf 83' lang='grc' dir='ltr'>χουσι,</span> <span class='ocrx_word' id='word_1_314' title='bbox 520 2778 618 2832; x_wconf 78' lang='grc' dir='ltr'>καὶ</span> <span class='ocrx_word' id='word_1_315' title='bbox 642 2780 713 2852; x_wconf 76' lang='grc' dir='ltr'>τῇ</span> <span class='ocrx_word' id='word_1_316' title='bbox 738 2777 917 2850; x_wconf 81' lang='grc' dir='ltr'>φθορᾷ</span> <span class='ocrx_word' id='word_1_317' title='bbox 937 2777 1147 2832; x_wconf 86' lang='grc' dir='ltr'>τούτων</span> <span class='ocrx_word' id='word_1_318' title='bbox 1174 2777 1437 2833; x_wconf 75' lang='grc' dir='ltr'>ὑπέκειτο</span> <span class='ocrx_word' id='word_1_319' title='bbox 1463 2796 1477 2812; x_wconf 75' lang='grc' dir='ltr'><strong><em>ο</em></strong></span> <span class='ocrx_word' id='word_1_320' title='bbox 1507 2765 1609 2850; x_wconf 78' lang='grc' dir='ltr'><strong>τῆς</strong></span> <span class='ocrx_word' id='word_1_321' title='bbox 1637 2778 1775 2833; x_wconf 85' lang='grc' dir='ltr'>κατὰ</span> <span class='ocrx_word' id='word_1_322' title='bbox 1799 2779 1902 2852; x_wconf 77' lang='grc' dir='ltr'>τὴν</span> 
     </span>
    </p>
   </div>
   <div class='ocr_carea' id='block_1_44' title="bbox 313 2868 1903 2943">
    <p class='ocr_par' dir='ltr' id='par_1_44' title="bbox 313 2868 1903 2943">
     <span class='ocr_line' id='line_1_44' title="bbox 313 2868 1903 2943; baseline 0.003 -21"><span class='ocrx_word' id='word_1_323' title='bbox 313 2868 665 2941; x_wconf 72' lang='grc' dir='ltr'>ἀμαρτίαν,ῆ</span> <span class='ocrx_word' id='word_1_324' title='bbox 695 2869 796 2939; x_wconf 82' lang='grc' dir='ltr'>τῆς</span> <span class='ocrx_word' id='word_1_325' title='bbox 841 2870 981 2941; x_wconf 87' lang='grc' dir='ltr'><strong>μετά</strong></span> <span class='ocrx_word' id='word_1_326' title='bbox 1028 2870 1262 2927; x_wconf 84' lang='grc' dir='ltr'>θάνατον</span> <span class='ocrx_word' id='word_1_327' title='bbox 1303 2870 1400 2925; x_wconf 83' lang='grc' dir='ltr'>τοῦ</span> <span class='ocrx_word' id='word_1_328' title='bbox 1437 2870 1691 2943; x_wconf 83' lang='grc' dir='ltr'>σώματος</span> <span class='ocrx_word' id='word_1_329' title='bbox 1716 2872 1903 2927; x_wconf 84' lang='grc' dir='ltr'>διαλύ-</span> 
     </span>
    </p>
   </div>
   <div class='ocr_carea' id='block_1_45' title="bbox 316 2960 1899 3038">
    <p class='ocr_par' dir='ltr' id='par_1_45' title="bbox 316 2960 1899 3038">
     <span class='ocr_line' id='line_1_45' title="bbox 316 2960 1899 3038; baseline 0.005 -26"><span class='ocrx_word' id='word_1_330' title='bbox 316 2977 453 3022; x_wconf 80' lang='grc' dir='ltr'>σεως</span> <span class='ocrx_word' id='word_1_331' title='bbox 479 2960 658 3034; x_wconf 74' lang='grc' dir='ltr'>φθορᾷ</span> <span class='ocrx_word' id='word_1_332' title='bbox 689 2962 827 3033; x_wconf 88' lang='grc'>(66),</span> <span class='ocrx_word' id='word_1_333' title='bbox 860 2964 1137 3036; x_wconf 74' lang='grc' dir='ltr'>οὐδαμῶς.</span> <span class='ocrx_word' id='word_1_334' title='bbox 1169 2966 1333 3020; x_wconf 84' lang='grc' dir='ltr'>Ὅθεν</span> <span class='ocrx_word' id='word_1_335' title='bbox 1356 2964 1498 3020; x_wconf 89' lang='grc' dir='ltr'><strong>κατά</strong></span> <span class='ocrx_word' id='word_1_336' title='bbox 1526 2966 1596 3020; x_wconf 86' lang='grc' dir='ltr'>τὰ</span> <span class='ocrx_word' id='word_1_337' title='bbox 1629 2968 1899 3038; x_wconf 78' lang='grc' dir='ltr'>εἰρημένα</span> 
     </span>
    </p>
   </div>
   <div class='ocr_carea' id='block_1_46' title="bbox 314 3054 1897 3131">
    <p class='ocr_par' dir='ltr' id='par_1_46' title="bbox 314 3054 1897 3131">
     <span class='ocr_line' id='line_1_46' title="bbox 314 3054 1897 3131; baseline 0.006 -27"><span class='ocrx_word' id='word_1_338' title='bbox 314 3055 461 3119; x_wconf 69' lang='grc' dir='ltr'>παθη</span> <span class='ocrx_word' id='word_1_339' title='bbox 499 3054 740 3125; x_wconf 69' lang='grc' dir='ltr'>φθαρτὸν</span> <span class='ocrx_word' id='word_1_340' title='bbox 771 3056 834 3109; x_wconf 84' lang='grc' dir='ltr'>τὸ</span> <span class='ocrx_word' id='word_1_341' title='bbox 871 3055 965 3111; x_wconf 84' lang='grc' dir='ltr'>τοῦ</span> <span class='ocrx_word' id='word_1_342' title='bbox 1000 3058 1205 3128; x_wconf 81' lang='grc' dir='ltr'>Κυρίου</span> <span class='ocrx_word' id='word_1_343' title='bbox 1269 3058 1506 3129; x_wconf 85' lang='grc' dir='ltr'>λέγομεν</span> <span class='ocrx_word' id='word_1_344' title='bbox 1552 3059 1730 3131; x_wconf 81' lang='grc' dir='ltr'>σῶμα,</span> <span class='ocrx_word' id='word_1_345' title='bbox 1769 3061 1897 3129; x_wconf 81' lang='grc' dir='ltr'>ἐφό-</span> 
     </span>
    </p>
   </div>
   <div class='ocr_carea' id='block_1_47' title="bbox 318 3147 1899 3225">
    <p class='ocr_par' dir='ltr' id='par_1_47' title="bbox 318 3147 1899 3225">
     <span class='ocr_line' id='line_1_47' title="bbox 318 3147 1899 3225; baseline 0.006 -27"><span class='ocrx_word' id='word_1_346' title='bbox 318 3164 408 3199; x_wconf 88' lang='grc' dir='ltr'><strong>σον</strong></span> <span class='ocrx_word' id='word_1_347' title='bbox 466 3147 712 3218; x_wconf 82' lang='grc' dir='ltr'>δηλὸνότι</span> <span class='ocrx_word' id='word_1_348' title='bbox 774 3152 1356 3222; x_wconf 75' lang='grc' dir='ltr'>συναναστρεφόμενος</span> <span class='ocrx_word' id='word_1_349' title='bbox 1408 3152 1528 3223; x_wconf 85' lang='grc' dir='ltr'>μεθ’</span> <span class='ocrx_word' id='word_1_350' title='bbox 1579 3153 1759 3224; x_wconf 82' lang='grc' dir='ltr'>ἡμῶν,</span> <span class='ocrx_word' id='word_1_351' title='bbox 1801 3155 1899 3225; x_wconf 79' lang='grc' dir='ltr'><strong>οὐχ</strong></span> 
     </span>
    </p>
   </div>
   <div class='ocr_carea' id='block_1_48' title="bbox 2031 1923 3614 2015">
    <p class='ocr_par' dir='ltr' id='par_1_48' title="bbox 2031 1923 3614 2015">
     <span class='ocr_line' id='line_1_48' title="bbox 2031 1923 3614 2015; baseline -0.001 -14"><span class='ocrx_word' id='word_1_352' title='bbox 2031 1956 2182 2002; x_wconf 87' lang='lat' dir='ltr'><strong>totus</strong></span> <span class='ocrx_word' id='word_1_353' title='bbox 2210 1952 2521 2011; x_wconf 83' lang='lat' dir='ltr'><strong>corruerat,</strong></span> <span class='ocrx_word' id='word_1_354' title='bbox 2549 1923 2784 1999; x_wconf 82' lang='lat' dir='ltr'><strong>salutem</strong></span> <span class='ocrx_word' id='word_1_355' title='bbox 2809 1944 3225 2013; x_wconf 86' lang='lat' dir='ltr'><strong>impartiretur:</strong></span> <span class='ocrx_word' id='word_1_356' title='bbox 3264 1961 3284 1994; x_wconf 78' lang='grc' dir='ltr'><strong>ι</strong></span> <span class='ocrx_word' id='word_1_357' title='bbox 3308 1942 3443 1999; x_wconf 88' lang='lat' dir='ltr'><strong>Nam</strong></span> <span class='ocrx_word' id='word_1_358' title='bbox 3463 1946 3614 2015; x_wconf 91' lang='lat' dir='ltr'><strong>quod</strong></span> 
     </span>
    </p>
   </div>
   <div class='ocr_carea' id='block_1_49' title="bbox 2021 2034 3613 2108">
    <p class='ocr_par' dir='ltr' id='par_1_49' title="bbox 2021 2034 3613 2108">
     <span class='ocr_line' id='line_1_49' title="bbox 2021 2034 3613 2108; baseline -0.002 -14"><span class='ocrx_word' id='word_1_359' title='bbox 2021 2048 2369 2108; x_wconf 84' lang='lat' dir='ltr'><strong>assumptum</strong></span> <span class='ocrx_word' id='word_1_360' title='bbox 2403 2050 2516 2090; x_wconf 89' lang='lat' dir='ltr'><strong>non</strong></span> <span class='ocrx_word' id='word_1_361' title='bbox 2547 2042 2670 2100; x_wconf 83' lang='lat' dir='ltr'><strong>est,</strong></span> <span class='ocrx_word' id='word_1_362' title='bbox 2707 2034 3012 2091; x_wconf 86' lang='lat' dir='ltr'><strong>curationis</strong></span> <span class='ocrx_word' id='word_1_363' title='bbox 3050 2046 3134 2091; x_wconf 88' lang='lat' dir='ltr'><strong>est</strong></span> <span class='ocrx_word' id='word_1_364' title='bbox 3161 2049 3378 2105; x_wconf 80' lang='lat' dir='ltr'><strong>expers.</strong></span> <span class='ocrx_word' id='word_1_365' title='bbox 3418 2055 3438 2088; x_wconf 74' lang='grc' dir='ltr'><strong>ι</strong></span> <span class='ocrx_word' id='word_1_366' title='bbox 3477 2035 3613 2091; x_wconf 77' lang='lat' dir='ltr'><strong>Nul-</strong></span> 
     </span>
    </p>
   </div>
   <div class='ocr_carea' id='block_1_50' title="bbox 2023 2129 3609 2201">
    <p class='ocr_par' dir='ltr' id='par_1_50' title="bbox 2023 2129 3609 2201">
     <span class='ocr_line' id='line_1_50' title="bbox 2023 2129 3609 2201; baseline 0 -16"><span class='ocrx_word' id='word_1_367' title='bbox 2023 2133 2133 2185; x_wconf 88' lang='lat' dir='ltr'><strong>lum</strong></span> <span class='ocrx_word' id='word_1_368' title='bbox 2184 2143 2318 2185; x_wconf 86' lang='lat' dir='ltr'><strong>vero</strong></span> <span class='ocrx_word' id='word_1_369' title='bbox 2358 2144 2484 2184; x_wconf 91' lang='lat' dir='ltr'><strong>cum</strong></span> <span class='ocrx_word' id='word_1_370' title='bbox 2513 2138 2765 2200; x_wconf 88' lang='lat' dir='ltr'><strong>peccato,</strong></span> <span class='ocrx_word' id='word_1_371' title='bbox 2796 2129 2914 2185; x_wconf 85' lang='lat' dir='ltr'><strong>sive</strong></span> <span class='ocrx_word' id='word_1_372' title='bbox 2966 2129 3110 2200; x_wconf 89' lang='lat' dir='ltr'><strong>quod</strong></span> <span class='ocrx_word' id='word_1_373' title='bbox 3161 2137 3346 2185; x_wconf 86' lang='lat' dir='ltr'><strong>mente</strong></span> <span class='ocrx_word' id='word_1_374' title='bbox 3408 2135 3609 2201; x_wconf 73' lang='lat' dir='ltr'><strong>agitur,</strong></span> 
     </span>
    </p>
   </div>
   <div class='ocr_carea' id='block_1_51' title="bbox 2019 2218 3609 2291">
    <p class='ocr_par' dir='ltr' id='par_1_51' title="bbox 2019 2218 3609 2291">
     <span class='ocr_line' id='line_1_51' title="bbox 2019 2218 3609 2291; baseline -0.003 -15"><span class='ocrx_word' id='word_1_375' title='bbox 2019 2220 2316 2291; x_wconf 85' lang='lat' dir='ltr'><strong>sivc.quod</strong></span> <span class='ocrx_word' id='word_1_376' title='bbox 2339 2229 2465 2275; x_wconf 87' lang='lat' dir='ltr'><strong>actu</strong></span> <span class='ocrx_word' id='word_1_377' title='bbox 2500 2225 2860 2290; x_wconf 85' lang='lat' dir='ltr'><strong>perpetratur</strong></span> <span class='ocrx_word' id='word_1_378' title='bbox 2880 2259 2897 2286; x_wconf 92' lang='lat'><strong>,</strong></span> <span class='ocrx_word' id='word_1_379' title='bbox 2923 2232 3169 2289; x_wconf 86' lang='lat' dir='ltr'><strong>unquam</strong></span> <span class='ocrx_word' id='word_1_380' title='bbox 3227 2218 3422 2289; x_wconf 76' lang='lat' dir='ltr'><strong>habuit</strong></span> <span class='ocrx_word' id='word_1_381' title='bbox 3452 2233 3609 2274; x_wconf 85' lang='lat' dir='ltr'><strong>com-</strong></span> 
     </span>
    </p>
   </div>
   <div class='ocr_carea' id='block_1_52' title="bbox 2018 2309 3609 2382">
    <p class='ocr_par' dir='ltr' id='par_1_52' title="bbox 2018 2309 3609 2382">
     <span class='ocr_line' id='line_1_52' title="bbox 2018 2309 3609 2382; baseline 0.001 -15"><span class='ocrx_word' id='word_1_382' title='bbox 2018 2313 2308 2369; x_wconf 88' lang='lat' dir='ltr'><strong>mercium.</strong></span> <span class='ocrx_word' id='word_1_383' title='bbox 2357 2311 2649 2368; x_wconf 87' lang='lat' dir='ltr'><strong>Peccatum</strong></span> <span class='ocrx_word' id='word_1_384' title='bbox 2686 2309 2834 2382; x_wconf 85' lang='lat' dir='ltr'><strong>quod</strong></span> <span class='ocrx_word' id='word_1_385' title='bbox 2888 2310 2946 2367; x_wconf 90' lang='lat' dir='ltr'><strong>in</strong></span> <span class='ocrx_word' id='word_1_386' title='bbox 2977 2320 3160 2368; x_wconf 84' lang='lat' dir='ltr'><strong>mente</strong></span> <span class='ocrx_word' id='word_1_387' title='bbox 3188 2313 3370 2382; x_wconf 81' lang='lat' dir='ltr'><strong>agitur</strong></span> <span class='ocrx_word' id='word_1_388' title='bbox 3394 2353 3410 2378; x_wconf 89' lang='lat'><strong>,</strong></span> <span class='ocrx_word' id='word_1_389' title='bbox 3441 2326 3609 2368; x_wconf 79' lang='lat' dir='ltr'><strong>voca-</strong></span> 
     </span>
    </p>
   </div>
   <div class='ocr_carea' id='block_1_53' title="bbox 2016 2402 3613 2475">
    <p class='ocr_par' dir='ltr' id='par_1_53' title="bbox 2016 2402 3613 2475">
     <span class='ocr_line' id='line_1_53' title="bbox 2016 2402 3613 2475; baseline -0.002 -15"><span class='ocrx_word' id='word_1_390' title='bbox 2016 2419 2164 2473; x_wconf 88' lang='lat' dir='ltr'><strong>mus,</strong></span> <span class='ocrx_word' id='word_1_391' title='bbox 2195 2418 2323 2460; x_wconf 90' lang='lat' dir='ltr'><strong>cum</strong></span> <span class='ocrx_word' id='word_1_392' title='bbox 2352 2403 2479 2475; x_wconf 89' lang='lat' dir='ltr'><strong>quis</strong></span> <span class='ocrx_word' id='word_1_393' title='bbox 2504 2403 2849 2458; x_wconf 82' lang='lat' dir='ltr'><strong>consenserit</strong></span> <span class='ocrx_word' id='word_1_394' title='bbox 2906 2403 3204 2474; x_wconf 86' lang='lat' dir='ltr'><strong>animoque</strong></span> <span class='ocrx_word' id='word_1_395' title='bbox 3246 2402 3613 2459; x_wconf 81' lang='lat' dir='ltr'><strong>destinaverit</strong></span> 
     </span>
    </p>
   </div>
   <div class='ocr_carea' id='block_1_54' title="bbox 2016 2497 3615 2568">
    <p class='ocr_par' dir='ltr' id='par_1_54' title="bbox 2016 2497 3615 2568">
     <span class='ocr_line' id='line_1_54' title="bbox 2016 2497 3615 2568; baseline 0.001 -15"><span class='ocrx_word' id='word_1_396' title='bbox 2016 2509 2076 2553; x_wconf 89' lang='grc' dir='ltr'><strong>ιιι</strong></span> <span class='ocrx_word' id='word_1_397' title='bbox 2105 2499 2308 2553; x_wconf 88' lang='lat' dir='ltr'><strong>malum</strong></span> <span class='ocrx_word' id='word_1_398' title='bbox 2338 2505 2599 2568; x_wconf 88' lang='lat' dir='ltr'><strong>operetur</strong></span> <span class='ocrx_word' id='word_1_399' title='bbox 2619 2536 2634 2561; x_wconf 95' lang='lat'><strong>,</strong></span> <span class='ocrx_word' id='word_1_400' title='bbox 2670 2503 2854 2551; x_wconf 87' lang='lat' dir='ltr'><strong>actum</strong></span> <span class='ocrx_word' id='word_1_401' title='bbox 2881 2509 3015 2551; x_wconf 83' lang='lat' dir='ltr'><strong>vero</strong></span> <span class='ocrx_word' id='word_1_402' title='bbox 3043 2537 3060 2562; x_wconf 95' lang='lat'><strong>,</strong></span> <span class='ocrx_word' id='word_1_403' title='bbox 3109 2510 3239 2551; x_wconf 90' lang='lat' dir='ltr'><strong>cum</strong></span> <span class='ocrx_word' id='word_1_404' title='bbox 3263 2505 3317 2552; x_wconf 90' lang='lat' dir='ltr'><strong>et</strong></span> <span class='ocrx_word' id='word_1_405' title='bbox 3345 2497 3615 2568; x_wconf 74' lang='lat' dir='ltr'><strong>operibus</strong></span> 
     </span>
    </p>
   </div>
   <div class='ocr_carea' id='block_1_55' title="bbox 2015 2586 3611 2662">
    <p class='ocr_par' dir='ltr' id='par_1_55' title="bbox 2015 2586 3611 2662">
     <span class='ocr_line' id='line_1_55' title="bbox 2015 2586 3611 2662; baseline -0.001 -15"><span class='ocrx_word' id='word_1_406' title='bbox 2015 2605 2129 2647; x_wconf 89' lang='lat' dir='ltr'><strong>rem</strong></span> <span class='ocrx_word' id='word_1_407' title='bbox 2165 2586 2399 2662; x_wconf 82' lang='lat' dir='ltr'><strong>peregit.</strong></span> <span class='ocrx_word' id='word_1_408' title='bbox 2441 2586 2654 2644; x_wconf 81' lang='lat' dir='ltr'><strong>Horum</strong></span> <span class='ocrx_word' id='word_1_409' title='bbox 2697 2602 2831 2644; x_wconf 84' lang='lat' dir='ltr'><strong>vero</strong></span> <span class='ocrx_word' id='word_1_410' title='bbox 2874 2587 3135 2645; x_wconf 79' lang='lat' dir='ltr'><strong>Christus</strong></span> <span class='ocrx_word' id='word_1_411' title='bbox 3176 2588 3358 2656; x_wconf 90' lang='lat' dir='ltr'><strong>nihil,</strong></span> <span class='ocrx_word' id='word_1_412' title='bbox 3407 2599 3611 2651; x_wconf 79' lang='lat' dir='ltr'><strong>cuncta</strong></span> 
     </span>
    </p>
   </div>
   <div class='ocr_carea' id='block_1_56' title="bbox 2018 2682 3610 2755">
    <p class='ocr_par' dir='ltr' id='par_1_56' title="bbox 2018 2682 3610 2755">
     <span class='ocr_line' id='line_1_56' title="bbox 2018 2682 3610 2755; baseline -0.001 -15"><span class='ocrx_word' id='word_1_413' title='bbox 2018 2698 2154 2740; x_wconf 88' lang='lat' dir='ltr'><strong>vero</strong></span> <span class='ocrx_word' id='word_1_414' title='bbox 2192 2697 2317 2755; x_wconf 72' lang='lat' dir='ltr'><strong>quat</strong></span> <span class='ocrx_word' id='word_1_415' title='bbox 2346 2690 2571 2738; x_wconf 59' lang='lat' dir='ltr'><strong>natura:~</strong></span> <span class='ocrx_word' id='word_1_416' title='bbox 2601 2689 2758 2748; x_wconf 86' lang='lat' dir='ltr'><strong>sunt,</strong></span> <span class='ocrx_word' id='word_1_417' title='bbox 2807 2689 3120 2753; x_wconf 85' lang='lat' dir='ltr'><strong>vacantque</strong></span> <span class='ocrx_word' id='word_1_418' title='bbox 3146 2682 3299 2737; x_wconf 90' lang='lat' dir='ltr'><strong>omni</strong></span> <span class='ocrx_word' id='word_1_419' title='bbox 3354 2682 3610 2749; x_wconf 87' lang='lat' dir='ltr'><strong>crimine,</strong></span> 
     </span>
    </p>
   </div>
   <div class='ocr_carea' id='block_1_57' title="bbox 2016 2774 3615 2846">
    <p class='ocr_par' dir='ltr' id='par_1_57' title="bbox 2016 2774 3615 2846">
     <span class='ocr_line' id='line_1_57' title="bbox 2016 2774 3615 2846; baseline -0.001 -13"><span class='ocrx_word' id='word_1_420' title='bbox 2016 2778 2136 2834; x_wconf 80' lang='lat' dir='ltr'><strong>haec</strong></span> <span class='ocrx_word' id='word_1_421' title='bbox 2166 2776 2449 2842; x_wconf 83' lang='lat' dir='ltr'><strong>habebat;</strong></span> <span class='ocrx_word' id='word_1_422' title='bbox 2484 2774 2798 2846; x_wconf 85' lang='lat' dir='ltr'><strong>cujusmodi</strong></span> <span class='ocrx_word' id='word_1_423' title='bbox 2844 2786 2998 2841; x_wconf 86' lang='lat' dir='ltr'><strong>sunt,</strong></span> <span class='ocrx_word' id='word_1_424' title='bbox 3054 2774 3248 2843; x_wconf 78' lang='lat' dir='ltr'><strong>fames,</strong></span> <span class='ocrx_word' id='word_1_425' title='bbox 3297 2777 3444 2841; x_wconf 87' lang='lat' dir='ltr'><strong>sitis,</strong></span> <span class='ocrx_word' id='word_1_426' title='bbox 3495 2777 3615 2831; x_wconf 59' lang='lat' dir='ltr'><strong>lor»</strong></span> 
     </span>
    </p>
   </div>
   <div class='ocr_carea' id='block_1_58' title="bbox 2014 2869 3610 2943">
    <p class='ocr_par' dir='ltr' id='par_1_58' title="bbox 2014 2869 3610 2943">
     <span class='ocr_line' id='line_1_58' title="bbox 2014 2869 3610 2943; baseline -0.001 -16"><span class='ocrx_word' id='word_1_427' title='bbox 2014 2871 2163 2927; x_wconf 88' lang='lat' dir='ltr'><strong>mido</strong></span> <span class='ocrx_word' id='word_1_428' title='bbox 2193 2911 2210 2938; x_wconf 96' lang='lat'><strong>,</strong></span> <span class='ocrx_word' id='word_1_429' title='bbox 2246 2869 2544 2936; x_wconf 89' lang='lat' dir='ltr'><strong>lassitudo,</strong></span> <span class='ocrx_word' id='word_1_430' title='bbox 2573 2869 2770 2925; x_wconf 83' lang='lat' dir='ltr'><strong>mortis</strong></span> <span class='ocrx_word' id='word_1_431' title='bbox 2800 2869 2998 2926; x_wconf 88' lang='lat' dir='ltr'><strong>anxius</strong></span> <span class='ocrx_word' id='word_1_432' title='bbox 3027 2869 3197 2925; x_wconf 89' lang='lat' dir='ltr'><strong>timor</strong></span> <span class='ocrx_word' id='word_1_433' title='bbox 3225 2869 3457 2942; x_wconf 81' lang='lat' dir='ltr'><strong>ejusque</strong></span> <span class='ocrx_word' id='word_1_434' title='bbox 3487 2869 3610 2943; x_wconf 80' lang='lat' dir='ltr'><strong>fuga</strong></span> 
     </span>
    </p>
   </div>
   <div class='ocr_carea' id='block_1_59' title="bbox 2012 2961 3612 3035">
    <p class='ocr_par' dir='ltr' id='par_1_59' title="bbox 2012 2961 3612 3035">
     <span class='ocr_line' id='line_1_59' title="bbox 2012 2961 3612 3035; baseline -0.004 -14"><span class='ocrx_word' id='word_1_435' title='bbox 2012 2980 2079 3021; x_wconf 88' lang='lat' dir='ltr'><strong>ac</strong></span> <span class='ocrx_word' id='word_1_436' title='bbox 2122 2964 2432 3030; x_wconf 86' lang='lat' dir='ltr'><strong>recusatio;</strong></span> <span class='ocrx_word' id='word_1_437' title='bbox 2478 2977 2603 3035; x_wconf 74' lang='lat' dir='ltr'><strong>qua:</strong></span> <span class='ocrx_word' id='word_1_438' title='bbox 2645 2961 2866 3032; x_wconf 87' lang='lat' dir='ltr'><strong>quidem</strong></span> <span class='ocrx_word' id='word_1_439' title='bbox 2920 2962 3238 3019; x_wconf 88' lang='lat' dir='ltr'><strong>hominibus</strong></span> <span class='ocrx_word' id='word_1_440' title='bbox 3294 2972 3490 3017; x_wconf 88' lang='lat' dir='ltr'><strong>natura</strong></span> <span class='ocrx_word' id='word_1_441' title='bbox 3528 2964 3612 3016; x_wconf 67' lang='lat' dir='ltr'><strong>in-</strong></span> 
     </span>
    </p>
   </div>
   <div class='ocr_carea' id='block_1_60' title="bbox 2015 3056 3611 3128">
    <p class='ocr_par' dir='ltr' id='par_1_60' title="bbox 2015 3056 3611 3128">
     <span class='ocr_line' id='line_1_60' title="bbox 2015 3056 3611 3128; baseline -0.002 -14"><span class='ocrx_word' id='word_1_442' title='bbox 2015 3068 2164 3125; x_wconf 78' lang='lat' dir='ltr'><strong>sunt,</strong></span> <span class='ocrx_word' id='word_1_443' title='bbox 2199 3059 2514 3128; x_wconf 89' lang='lat' dir='ltr'><strong>horumque</strong></span> <span class='ocrx_word' id='word_1_444' title='bbox 2561 3056 2904 3127; x_wconf 87' lang='lat' dir='ltr'><strong>corruptioni</strong></span> <span class='ocrx_word' id='word_1_445' title='bbox 2953 3056 3322 3127; x_wconf 76' lang='lat' dir='ltr'><strong>subiacebat:</strong></span> <span class='ocrx_word' id='word_1_446' title='bbox 3369 3057 3417 3112; x_wconf 91' lang='lat' dir='ltr'><strong>ei</strong></span> <span class='ocrx_word' id='word_1_447' title='bbox 3475 3069 3611 3111; x_wconf 86' lang='lat' dir='ltr'><strong>vero</strong></span> 
     </span>
    </p>
   </div>
   <div class='ocr_carea' id='block_1_61' title="bbox 2014 3149 3604 3221">
    <p class='ocr_par' dir='ltr' id='par_1_61' title="bbox 2014 3149 3604 3221">
     <span class='ocr_line' id='line_1_61' title="bbox 2014 3149 3604 3221; baseline -0.004 -15"><span class='ocrx_word' id='word_1_448' title='bbox 2014 3150 2383 3221; x_wconf 88' lang='lat' dir='ltr'><strong>corruptioni,</strong></span> <span class='ocrx_word' id='word_1_449' title='bbox 2422 3165 2545 3220; x_wconf 81' lang='lat' dir='ltr'><strong>quae</strong></span> <span class='ocrx_word' id='word_1_450' title='bbox 2591 3156 2676 3204; x_wconf 90' lang='lat' dir='ltr'><strong>est</strong></span> <span class='ocrx_word' id='word_1_451' title='bbox 2733 3164 2762 3202; x_wconf 88' lang='lat' dir='ltr'><strong>a</strong></span> <span class='ocrx_word' id='word_1_452' title='bbox 2813 3150 3061 3219; x_wconf 83' lang='lat' dir='ltr'><strong>peccato,</strong></span> <span class='ocrx_word' id='word_1_453' title='bbox 3125 3149 3210 3202; x_wconf 92' lang='lat' dir='ltr'><strong>vel</strong></span> <span class='ocrx_word' id='word_1_454' title='bbox 3251 3161 3362 3218; x_wconf 84' lang='lat' dir='ltr'><strong>qua</strong></span> <span class='ocrx_word' id='word_1_455' title='bbox 3402 3162 3604 3216; x_wconf 85' lang='lat' dir='ltr'><strong>corpus</strong></span> 
     </span>
    </p>
   </div>
   <div class='ocr_carea' id='block_1_62' title="bbox 317 3220 1901 3318">
    <p class='ocr_par' dir='ltr' id='par_1_62' title="bbox 317 3220 1901 3318">
     <span class='ocr_line' id='line_1_62' title="bbox 317 3220 1901 3318; baseline 0.005 -26"><span class='ocrx_word' id='word_1_456' title='bbox 317 3239 558 3312; x_wconf 78' lang='grc' dir='ltr'>ὡμίλησε</span> <span class='ocrx_word' id='word_1_457' title='bbox 578 3239 999 3315; x_wconf 75' lang='grc' dir='ltr'>[συνωμίλησεῆ</span> <span class='ocrx_word' id='word_1_458' title='bbox 1026 3220 1306 3317; x_wconf 73' lang='grc' dir='ltr'>προσωμ.]</span> <span class='ocrx_word' id='word_1_459' title='bbox 1328 3220 1670 3317; x_wconf 34' lang='grc' dir='ltr'>’τῷ-θανάτιμ</span> <span class='ocrx_word' id='word_1_460' title='bbox 1691 3220 1901 3318; x_wconf 55' lang='grc' dir='ltr'>ἀφθαρλ</span> 
     </span>
    </p>
   </div>
   <div class='ocr_carea' id='block_1_63' title="bbox 2013 3220 3598 3318">
    <p class='ocr_par' dir='ltr' id='par_1_63' title="bbox 2014 3220 3598 3315">
     <span class='ocr_line' id='line_1_63' title="bbox 2014 3220 3598 3315; baseline -0.002 -17"><span class='ocrx_word' id='word_1_461' title='bbox 2014 3251 2138 3313; x_wconf 90' lang='lat' dir='ltr'><strong>post</strong></span> <span class='ocrx_word' id='word_1_462' title='bbox 2157 3220 2387 3297; x_wconf 83' lang='lat' dir='ltr'><strong>mortem</strong></span> <span class='ocrx_word' id='word_1_463' title='bbox 2411 3241 2754 3309; x_wconf 80' lang='lat' dir='ltr'><strong>dissolvitur,</strong></span> <span class='ocrx_word' id='word_1_464' title='bbox 2784 3256 3136 3315; x_wconf 82' lang='lat' dir='ltr'><strong>nequaquam</strong></span> <span class='ocrx_word' id='word_1_465' title='bbox 3166 3239 3442 3297; x_wconf 83' lang='lat' dir='ltr'><strong>obnoxius</strong></span> <span class='ocrx_word' id='word_1_466' title='bbox 3471 3240 3598 3296; x_wconf 83' lang='lat' dir='ltr'><strong>fuit.</strong></span> 
     </span>
    </p>
   </div>
   <div class='ocr_carea' id='block_1_64' title="bbox 314 3332 1905 3405">
    <p class='ocr_par' dir='ltr' id='par_1_64' title="bbox 314 3332 1905 3405">
     <span class='ocr_line' id='line_1_64' title="bbox 314 3332 1905 3405; baseline 0.004 -23"><span class='ocrx_word' id='word_1_467' title='bbox 314 3347 404 3383; x_wconf 85' lang='grc' dir='ltr'><strong>τον</strong></span> <span class='ocrx_word' id='word_1_468' title='bbox 461 3332 517 3386; x_wconf 84' lang='grc' dir='ltr'><strong>δὲ</strong></span> <span class='ocrx_word' id='word_1_469' title='bbox 557 3333 701 3400; x_wconf 82' lang='grc' dir='ltr'>μετὰ</span> <span class='ocrx_word' id='word_1_470' title='bbox 744 3334 843 3402; x_wconf 76' lang='grc' dir='ltr'>τὴν</span> <span class='ocrx_word' id='word_1_471' title='bbox 885 3333 1211 3398; x_wconf 81' lang='grc' dir='ltr'>ἀνάστασιν,</span> <span class='ocrx_word' id='word_1_472' title='bbox 1256 3333 1381 3387; x_wconf 74' lang='grc' dir='ltr'>οὔτε</span> <span class='ocrx_word' id='word_1_473' title='bbox 1432 3334 1544 3387; x_wconf 88' lang='grc' dir='ltr'><strong>τῶν</strong></span> <span class='ocrx_word' id='word_1_474' title='bbox 1592 3334 1905 3405; x_wconf 82' lang='grc' dir='ltr'>ὑπερειδόν-</span> 
     </span>
    </p>
   </div>
   <div class='ocr_carea' id='block_1_65' title="bbox 321 3420 1905 3498">
    <p class='ocr_par' dir='ltr' id='par_1_65' title="bbox 321 3420 1905 3498">
     <span class='ocr_line' id='line_1_65' title="bbox 321 3420 1905 3498; baseline 0.004 -23"><span class='ocrx_word' id='word_1_475' title='bbox 321 3441 430 3477; x_wconf 83' lang='grc' dir='ltr'><strong>των</strong></span> <span class='ocrx_word' id='word_1_476' title='bbox 463 3426 524 3477; x_wconf 78' lang='grc' dir='ltr'>τὸ</span> <span class='ocrx_word' id='word_1_477' title='bbox 558 3425 742 3496; x_wconf 79' lang='grc' dir='ltr'>σῶμα,</span> <span class='ocrx_word' id='word_1_478' title='bbox 765 3426 862 3480; x_wconf 78' lang='grc' dir='ltr'>καὶ</span> <span class='ocrx_word' id='word_1_479' title='bbox 893 3420 970 3480; x_wconf 82' lang='grc' dir='ltr'>ὧν</span> <span class='ocrx_word' id='word_1_480' title='bbox 1001 3427 1274 3497; x_wconf 85' lang='grc' dir='ltr'>πρότερον</span> <span class='ocrx_word' id='word_1_481' title='bbox 1329 3428 1669 3498; x_wconf 80' lang='grc' dir='ltr'>προσεδεῖτο,</span> <span class='ocrx_word' id='word_1_482' title='bbox 1714 3427 1905 3497; x_wconf 81' lang='grc' dir='ltr'>δεόμε-</span> 
     </span>
    </p>
   </div>
   <div class='ocr_carea' id='block_1_66' title="bbox 316 3509 1903 3590">
    <p class='ocr_par' dir='ltr' id='par_1_66' title="bbox 316 3509 1903 3590">
     <span class='ocr_line' id='line_1_66' title="bbox 316 3509 1903 3590; baseline 0.004 -24"><span class='ocrx_word' id='word_1_483' title='bbox 316 3531 425 3579; x_wconf 88' lang='grc' dir='ltr'>νον,</span> <span class='ocrx_word' id='word_1_484' title='bbox 448 3513 571 3568; x_wconf 80' lang='grc' dir='ltr'>οὕτε</span> <span class='ocrx_word' id='word_1_485' title='bbox 605 3515 727 3569; x_wconf 84' lang='grc' dir='ltr'>τινὰ</span> <span class='ocrx_word' id='word_1_486' title='bbox 772 3516 1017 3570; x_wconf 84' lang='grc' dir='ltr'>διάλυσιν</span> <span class='ocrx_word' id='word_1_487' title='bbox 1047 3518 1145 3572; x_wconf 77' lang='grc' dir='ltr'>καὶ</span> <span class='ocrx_word' id='word_1_488' title='bbox 1175 3509 1387 3590; x_wconf 76' lang='grc' dir='ltr'>φθορὰν</span> <span class='ocrx_word' id='word_1_489' title='bbox 1434 3518 1711 3590; x_wconf 77' lang='grc' dir='ltr'>ὑπομένον</span> <span class='ocrx_word' id='word_1_490' title='bbox 1751 3519 1903 3573; x_wconf 69' lang='grc' dir='ltr'>οὗδέο</span> 
     </span>
    </p>
   </div>
   <div class='ocr_carea' id='block_1_67' title="bbox 324 3603 1899 3680">
    <p class='ocr_par' dir='ltr' id='par_1_67' title="bbox 324 3603 1899 3680">
     <span class='ocr_line' id='line_1_67' title="bbox 324 3603 1899 3680; baseline 0.004 -24"><span class='ocrx_word' id='word_1_491' title='bbox 324 3620 476 3658; x_wconf 83' lang='grc' dir='ltr'>ποτε.</span> <span class='ocrx_word' id='word_1_492' title='bbox 511 3603 575 3658; x_wconf 80' lang='lat' dir='ltr'><strong>Ei</strong></span> <span class='ocrx_word' id='word_1_493' title='bbox 599 3606 656 3660; x_wconf 77' lang='grc' dir='ltr'><strong>δὲ</strong></span> <span class='ocrx_word' id='word_1_494' title='bbox 691 3606 788 3658; x_wconf 79' lang='grc' dir='ltr'>καὶ</span> <span class='ocrx_word' id='word_1_495' title='bbox 822 3606 1032 3678; x_wconf 81' lang='grc' dir='ltr'>τροφῆς</span> <span class='ocrx_word' id='word_1_496' title='bbox 1065 3608 1204 3677; x_wconf 89' lang='grc' dir='ltr'><strong>μετά</strong></span> <span class='ocrx_word' id='word_1_497' title='bbox 1234 3608 1336 3679; x_wconf 77' lang='grc' dir='ltr'>τὴν</span> <span class='ocrx_word' id='word_1_498' title='bbox 1367 3608 1671 3662; x_wconf 82' lang='grc' dir='ltr'>ἀνάστασιν</span> <span class='ocrx_word' id='word_1_499' title='bbox 1701 3609 1899 3680; x_wconf 73' lang='grc' dir='ltr'>ἥψατο,</span> 
     </span>
    </p>
   </div>
   <div class='ocr_carea' id='block_1_68' title="bbox 317 3696 1904 3775">
    <p class='ocr_par' dir='ltr' id='par_1_68' title="bbox 317 3696 1904 3775">
     <span class='ocr_line' id='line_1_68' title="bbox 317 3696 1904 3775; baseline 0.004 -25"><span class='ocrx_word' id='word_1_500' title='bbox 317 3697 455 3752; x_wconf 77' lang='grc' dir='ltr'><strong>ἀλλά</strong></span> <span class='ocrx_word' id='word_1_501' title='bbox 507 3696 665 3752; x_wconf 84' lang='grc' dir='ltr'>τοῦτο</span> <span class='ocrx_word' id='word_1_502' title='bbox 718 3700 862 3754; x_wconf 81' lang='grc' dir='ltr'>κατὰ</span> <span class='ocrx_word' id='word_1_503' title='bbox 909 3700 1142 3769; x_wconf 74' lang='grc' dir='ltr'>φυσικὸν</span> <span class='ocrx_word' id='word_1_504' title='bbox 1185 3700 1345 3770; x_wconf 88' lang='grc' dir='ltr'>λόγον</span> <span class='ocrx_word' id='word_1_505' title='bbox 1382 3702 1489 3756; x_wconf 75' lang='grc' dir='ltr'>οὐκ</span> <span class='ocrx_word' id='word_1_506' title='bbox 1519 3698 1628 3775; x_wconf 77' lang='grc' dir='ltr'><strong>ἦν·</strong></span> <span class='ocrx_word' id='word_1_507' title='bbox 1658 3702 1740 3757; x_wconf 84' lang='grc' dir='ltr'><strong>διὸ</strong></span> <span class='ocrx_word' id='word_1_508' title='bbox 1770 3705 1904 3774; x_wconf 75' lang='grc' dir='ltr'>πυρὶ</span> 
     </span>
    </p>
   </div>
   <div class='ocr_carea' id='block_1_69' title="bbox 319 3791 1899 3866">
    <p class='ocr_par' dir='ltr' id='par_1_69' title="bbox 319 3791 1899 3866">
     <span class='ocr_line' id='line_1_69' title="bbox 319 3791 1899 3866; baseline 0.006 -25"><span class='ocrx_word' id='word_1_509' title='bbox 319 3792 465 3859; x_wconf 64' lang='grc' dir='ltr'>(λείῳ,</span> <span class='ocrx_word' id='word_1_510' title='bbox 498 3791 591 3846; x_wconf 76' lang='grc' dir='ltr'>καὶ</span> <span class='ocrx_word' id='word_1_511' title='bbox 617 3791 692 3854; x_wconf 84' lang='grc' dir='ltr'><strong>ὡς</strong></span> <span class='ocrx_word' id='word_1_512' title='bbox 713 3792 875 3858; x_wconf 82' lang='grc' dir='ltr'>αὐτὸς</span> <span class='ocrx_word' id='word_1_513' title='bbox 909 3791 1038 3860; x_wconf 65' lang='lat' dir='ltr'><strong>oles,</strong></span> <span class='ocrx_word' id='word_1_514' title='bbox 1071 3793 1281 3865; x_wconf 80' lang='grc' dir='ltr'>ταύτην</span> <span class='ocrx_word' id='word_1_515' title='bbox 1305 3793 1622 3865; x_wconf 79' lang='grc' dir='ltr'>ἀνηλῶσθαι</span> <span class='ocrx_word' id='word_1_516' title='bbox 1646 3795 1899 3866; x_wconf 87' lang='grc' dir='ltr'>λέγομεν.</span> 
     </span>
    </p>
   </div>
   <div class='ocr_carea' id='block_1_70' title="bbox 317 3884 1906 3958">
    <p class='ocr_par' dir='ltr' id='par_1_70' title="bbox 317 3884 1906 3958">
     <span class='ocr_line' id='line_1_70' title="bbox 317 3884 1906 3958; baseline 0.004 -22"><span class='ocrx_word' id='word_1_517' title='bbox 317 3885 414 3937; x_wconf 77' lang='grc' dir='ltr'><strong>Διὰ</strong></span> <span class='ocrx_word' id='word_1_518' title='bbox 452 3884 510 3937; x_wconf 82' lang='grc' dir='ltr'><strong>δὲ</strong></span> <span class='ocrx_word' id='word_1_519' title='bbox 543 3888 645 3954; x_wconf 78' lang='grc' dir='ltr'>τὴν</span> <span class='ocrx_word' id='word_1_520' title='bbox 691 3885 790 3952; x_wconf 87' lang='grc' dir='ltr'>τῆς</span> <span class='ocrx_word' id='word_1_521' title='bbox 826 3886 1185 3951; x_wconf 86' lang='grc' dir='ltr'>ἀναστάσεως</span> <span class='ocrx_word' id='word_1_522' title='bbox 1234 3887 1501 3942; x_wconf 83' lang='grc' dir='ltr'>πίστωσιν</span> <span class='ocrx_word' id='word_1_523' title='bbox 1539 3890 1906 3958; x_wconf 79' lang='grc' dir='ltr'>οἰκονομικῶς</span> 
     </span>
    </p>
   </div>
   <div class='ocr_carea' id='block_1_71' title="bbox 317 3975 1907 4053">
    <p class='ocr_par' dir='ltr' id='par_1_71' title="bbox 317 3975 1907 4053">
     <span class='ocr_line' id='line_1_71' title="bbox 317 3975 1907 4053; baseline 0 -25"><span class='ocrx_word' id='word_1_524' title='bbox 317 3975 589 4044; x_wconf 77' lang='grc' dir='ltr'>ἐγεγόνει,</span> <span class='ocrx_word' id='word_1_525' title='bbox 624 3975 815 4049; x_wconf 80' lang='grc' dir='ltr'>ὥσπερ</span> <span class='ocrx_word' id='word_1_526' title='bbox 864 3979 960 4032; x_wconf 79' lang='grc' dir='ltr'>καὶ</span> <span class='ocrx_word' id='word_1_527' title='bbox 1002 3981 1126 4044; x_wconf 81' lang='grc' dir='ltr'>ταῖς</span> <span class='ocrx_word' id='word_1_528' title='bbox 1179 3979 1370 4052; x_wconf 76' lang='grc' dir='ltr'>χερσὶν</span> <span class='ocrx_word' id='word_1_529' title='bbox 1393 3980 1768 4053; x_wconf 80' lang='grc' dir='ltr'>ἀνθρωπίναις</span> <span class='ocrx_word' id='word_1_530' title='bbox 1797 3983 1907 4053; x_wconf 76' lang='grc' dir='ltr'>ψη-</span> 
     </span>
    </p>
   </div>
   <div class='ocr_carea' id='block_1_72' title="bbox 319 4067 1903 4144">
    <p class='ocr_par' dir='ltr' id='par_1_72' title="bbox 319 4067 1903 4144">
     <span class='ocr_line' id='line_1_72' title="bbox 319 4067 1903 4144; baseline 0.006 -25"><span class='ocrx_word' id='word_1_531' title='bbox 319 4067 630 4140; x_wconf 83' lang='grc' dir='ltr'>λαφηθῆναι</span> <span class='ocrx_word' id='word_1_532' title='bbox 655 4085 670 4100; x_wconf 82' lang='grc'><em>’</em></span> <span class='ocrx_word' id='word_1_533' title='bbox 706 4069 885 4126; x_wconf 74' lang='grc' dir='ltr'>καίτοι</span> <span class='ocrx_word' id='word_1_534' title='bbox 912 4071 1074 4126; x_wconf 85' lang='grc' dir='ltr'>τοῦτο</span> <span class='ocrx_word' id='word_1_535' title='bbox 1103 4072 1241 4144; x_wconf 84' lang='grc' dir='ltr'>πρὸς</span> <span class='ocrx_word' id='word_1_536' title='bbox 1270 4073 1333 4127; x_wconf 79' lang='grc' dir='ltr'>τὸ</span> <span class='ocrx_word' id='word_1_537' title='bbox 1358 4073 1768 4144; x_wconf 82' lang='grc' dir='ltr'>κεκλεισμένων</span> <span class='ocrx_word' id='word_1_538' title='bbox 1793 4076 1903 4129; x_wconf 89' lang='grc' dir='ltr'><strong>τῶν</strong></span> 
     </span>
    </p>
   </div>
   <div class='ocr_carea' id='block_1_73' title="bbox 320 4157 1904 4236">
    <p class='ocr_par' dir='ltr' id='par_1_73' title="bbox 320 4157 1904 4236">
     <span class='ocr_line' id='line_1_73' title="bbox 320 4157 1904 4236; baseline 0.007 -25"><span class='ocrx_word' id='word_1_539' title='bbox 320 4158 499 4225; x_wconf 83' lang='grc' dir='ltr'>θυρῶν</span> <span class='ocrx_word' id='word_1_540' title='bbox 533 4160 798 4215; x_wconf 74' lang='grc' dir='ltr'>εἰσελθεῖν</span> <span class='ocrx_word' id='word_1_541' title='bbox 832 4162 1191 4235; x_wconf 73' lang='grc' dir='ltr'>ἐναντιότητα</span> <span class='ocrx_word' id='word_1_542' title='bbox 1219 4157 1360 4234; x_wconf 71' lang='grc' dir='ltr'>εἶχε.</span> <span class='ocrx_word' id='word_1_543' title='bbox 1419 4164 1531 4218; x_wconf 77' lang='grc' dir='ltr'>Καὶ</span> <span class='ocrx_word' id='word_1_544' title='bbox 1568 4165 1677 4236; x_wconf 82' lang='grc' dir='ltr'><strong>γὰρ</strong></span> <span class='ocrx_word' id='word_1_545' title='bbox 1708 4165 1770 4219; x_wconf 81' lang='grc' dir='ltr'>τὸ</span> <span class='ocrx_word' id='word_1_546' title='bbox 1795 4165 1904 4235; x_wconf 76' lang='grc' dir='ltr'>ψη·</span> 
     </span>
    </p>
   </div>
   <div class='ocr_carea' id='block_1_74' title="bbox 315 4251 1897 4327">
    <p class='ocr_par' dir='ltr' id='par_1_74' title="bbox 315 4251 1897 4327">
     <span class='ocr_line' id='line_1_74' title="bbox 315 4251 1897 4327; baseline 0.003 -24"><span class='ocrx_word' id='word_1_547' title='bbox 315 4251 625 4321; x_wconf 79' lang='grc' dir='ltr'>λαφηθῆναι</span> <span class='ocrx_word' id='word_1_548' title='bbox 643 4252 949 4322; x_wconf 82' lang='grc' dir='ltr'>δυνάμενον</span> <span class='ocrx_word' id='word_1_549' title='bbox 974 4254 1071 4307; x_wconf 77' lang='grc' dir='ltr'><strong>καὶ</strong></span> <span class='ocrx_word' id='word_1_550' title='bbox 1095 4253 1419 4325; x_wconf 85' lang='grc' dir='ltr'>φθείρεσθαι</span> <span class='ocrx_word' id='word_1_551' title='bbox 1435 4254 1739 4323; x_wconf 79' lang='grc' dir='ltr'>ἀναγκαῖον</span> <span class='ocrx_word' id='word_1_552' title='bbox 1761 4253 1897 4327; x_wconf 88' lang='grc'><strong>(67)·</strong></span> 
     </span>
    </p>
   </div>
   <div class='ocr_carea' id='block_1_75' title="bbox 318 4343 1539 4419">
    <p class='ocr_par' dir='ltr' id='par_1_75' title="bbox 318 4343 1539 4419">
     <span class='ocr_line' id='line_1_75' title="bbox 318 4343 1539 4419; baseline 0.008 -26"><span class='ocrx_word' id='word_1_553' title='bbox 318 4344 406 4395; x_wconf 77' lang='grc' dir='ltr'>καὶ</span> <span class='ocrx_word' id='word_1_554' title='bbox 430 4343 490 4396; x_wconf 82' lang='grc' dir='ltr'>τὸ</span> <span class='ocrx_word' id='word_1_555' title='bbox 520 4343 804 4415; x_wconf 78' lang='grc' dir='ltr'>ἄφθαρτον</span> <span class='ocrx_word' id='word_1_556' title='bbox 832 4345 1227 4419; x_wconf 81' lang='grc' dir='ltr'>ψηλαφηθῆναι</span> <span class='ocrx_word' id='word_1_557' title='bbox 1253 4348 1539 4403; x_wconf 84' lang='grc' dir='ltr'>ἀδύνατον.</span> 
     </span>
    </p>
   </div>
   <div class='ocr_carea' id='block_1_76' title="bbox 2015 3334 3604 3407">
    <p class='ocr_par' dir='ltr' id='par_1_76' title="bbox 2015 3334 3604 3407">
     <span class='ocr_line' id='line_1_76' title="bbox 2015 3334 3604 3407; baseline -0.001 -15"><span class='ocrx_word' id='word_1_558' title='bbox 2015 3335 2227 3392; x_wconf 85' lang='lat' dir='ltr'><strong>Idcirco</strong></span> <span class='ocrx_word' id='word_1_559' title='bbox 2256 3334 2423 3392; x_wconf 89' lang='lat' dir='ltr'><strong>etiam</strong></span> <span class='ocrx_word' id='word_1_560' title='bbox 2475 3335 2635 3407; x_wconf 81' lang='lat' dir='ltr'><strong>juxta</strong></span> <span class='ocrx_word' id='word_1_561' title='bbox 2661 3349 2758 3391; x_wconf 82' lang='lat' dir='ltr'><strong>eos</strong></span> <span class='ocrx_word' id='word_1_562' title='bbox 2780 3377 2795 3400; x_wconf 90' lang='lat'><strong>,</strong></span> <span class='ocrx_word' id='word_1_563' title='bbox 2828 3335 2923 3405; x_wconf 91' lang='lat' dir='ltr'><strong>qui</strong></span> <span class='ocrx_word' id='word_1_564' title='bbox 2960 3335 3089 3390; x_wconf 86' lang='lat' dir='ltr'><strong>dicti</strong></span> <span class='ocrx_word' id='word_1_565' title='bbox 3121 3345 3254 3390; x_wconf 89' lang='lat' dir='ltr'><strong>sunt</strong></span> <span class='ocrx_word' id='word_1_566' title='bbox 3276 3373 3294 3398; x_wconf 93' lang='lat'><strong>,</strong></span> <span class='ocrx_word' id='word_1_567' title='bbox 3351 3334 3604 3396; x_wconf 80' lang='lat' dir='ltr'><strong>aﬂ‘ectus.</strong></span> 
     </span>
    </p>
   </div>
   <div class='ocr_carea' id='block_1_77' title="bbox 2010 3425 3605 3499">
    <p class='ocr_par' dir='ltr' id='par_1_77' title="bbox 2010 3425 3605 3499">
     <span class='ocr_line' id='line_1_77' title="bbox 2010 3425 3605 3499; baseline -0.003 -13"><span class='ocrx_word' id='word_1_568' title='bbox 2010 3428 2219 3486; x_wconf 75' lang='lat' dir='ltr'><strong>Christi</strong></span> <span class='ocrx_word' id='word_1_569' title='bbox 2248 3441 2454 3499; x_wconf 87' lang='lat' dir='ltr'><strong>corpus</strong></span> <span class='ocrx_word' id='word_1_570' title='bbox 2493 3426 2855 3497; x_wconf 88' lang='lat' dir='ltr'><strong>corruptibile</strong></span> <span class='ocrx_word' id='word_1_571' title='bbox 2883 3425 3121 3482; x_wconf 83' lang='lat' dir='ltr'><strong>dicimus</strong></span> <span class='ocrx_word' id='word_1_572' title='bbox 3143 3468 3158 3493; x_wconf 94' lang='lat'><strong>,</strong></span> <span class='ocrx_word' id='word_1_573' title='bbox 3191 3435 3471 3497; x_wconf 87' lang='lat' dir='ltr'><strong>quatenus</strong></span> <span class='ocrx_word' id='word_1_574' title='bbox 3493 3427 3605 3483; x_wconf 59' lang='lat' dir='ltr'><strong>sci.</strong></span> 
     </span>
    </p>
   </div>
   <div class='ocr_carea' id='block_1_78' title="bbox 2009 3518 3610 3585">
    <p class='ocr_par' dir='ltr' id='par_1_78' title="bbox 2009 3518 3610 3585">
     <span class='ocr_line' id='line_1_78' title="bbox 2009 3518 3610 3585; baseline -0.002 -8"><span class='ocrx_word' id='word_1_575' title='bbox 2009 3522 2137 3578; x_wconf 86' lang='lat' dir='ltr'><strong>licet</strong></span> <span class='ocrx_word' id='word_1_576' title='bbox 2167 3534 2395 3577; x_wconf 80' lang='lat' dir='ltr'><strong>versans</strong></span> <span class='ocrx_word' id='word_1_577' title='bbox 2427 3519 2740 3585; x_wconf 88' lang='lat' dir='ltr'><strong>nobiscum,</strong></span> <span class='ocrx_word' id='word_1_578' title='bbox 2776 3527 2956 3574; x_wconf 90' lang='lat' dir='ltr'><strong>morte</strong></span> <span class='ocrx_word' id='word_1_579' title='bbox 2988 3518 3211 3575; x_wconf 80' lang='lat' dir='ltr'><strong>functus</strong></span> <span class='ocrx_word' id='word_1_580' title='bbox 3253 3529 3369 3575; x_wconf 86' lang='lat' dir='ltr'><strong>est:</strong></span> <span class='ocrx_word' id='word_1_581' title='bbox 3417 3520 3610 3574; x_wconf 83' lang='lat' dir='ltr'><strong>incor-</strong></span> 
     </span>
    </p>
   </div>
   <div class='ocr_carea' id='block_1_79' title="bbox 2010 3611 3606 3683">
    <p class='ocr_par' dir='ltr' id='par_1_79' title="bbox 2010 3611 3606 3683">
     <span class='ocr_line' id='line_1_79' title="bbox 2010 3611 3606 3683; baseline 0 -15"><span class='ocrx_word' id='word_1_582' title='bbox 2010 3612 2419 3683; x_wconf 59' lang='lat' dir='ltr'><strong>ruptibilejvero</strong></span> <span class='ocrx_word' id='word_1_583' title='bbox 2447 3621 2572 3683; x_wconf 90' lang='lat' dir='ltr'><strong>post</strong></span> <span class='ocrx_word' id='word_1_584' title='bbox 2610 3612 3117 3679; x_wconf 88' lang='lat' dir='ltr'><strong>resurrectionem,</strong></span> <span class='ocrx_word' id='word_1_585' title='bbox 3154 3626 3280 3667; x_wconf 89' lang='lat' dir='ltr'><strong>cum</strong></span> <span class='ocrx_word' id='word_1_586' title='bbox 3309 3611 3379 3668; x_wconf 86' lang='lat' dir='ltr'><strong>iis</strong></span> <span class='ocrx_word' id='word_1_587' title='bbox 3400 3613 3606 3682; x_wconf 87' lang='lat' dir='ltr'><strong>quibus</strong></span> 
     </span>
    </p>
   </div>
   <div class='ocr_carea' id='block_1_80' title="bbox 2012 3702 3603 3774">
    <p class='ocr_par' dir='ltr' id='par_1_80' title="bbox 2012 3702 3603 3774">
     <span class='ocr_line' id='line_1_80' title="bbox 2012 3702 3603 3774; baseline -0.003 -13"><span class='ocrx_word' id='word_1_588' title='bbox 2012 3710 2355 3761; x_wconf 85' lang='lat' dir='ltr'><strong>sustentatur</strong></span> <span class='ocrx_word' id='word_1_589' title='bbox 2408 3716 2634 3774; x_wconf 88' lang='lat' dir='ltr'><strong>corpus,</strong></span> <span class='ocrx_word' id='word_1_590' title='bbox 2689 3717 2791 3773; x_wconf 91' lang='lat' dir='ltr'><strong>pro</strong></span> <span class='ocrx_word' id='word_1_591' title='bbox 2841 3702 3044 3773; x_wconf 82' lang='lat' dir='ltr'><strong>prioris</strong></span> <span class='ocrx_word' id='word_1_592' title='bbox 3070 3702 3603 3767; x_wconf 78' lang='lat' dir='ltr'><strong>&#39;vitae‘neccssitate,</strong></span> 
     </span>
    </p>
   </div>
   <div class='ocr_carea' id='block_1_81' title="bbox 2013 3796 3611 3868">
    <p class='ocr_par' dir='ltr' id='par_1_81' title="bbox 2013 3796 3611 3868">
     <span class='ocr_line' id='line_1_81' title="bbox 2013 3796 3611 3868; baseline -0.001 -16"><span class='ocrx_word' id='word_1_593' title='bbox 2013 3797 2147 3853; x_wconf 84' lang='lat' dir='ltr'><strong>nihil</strong></span> <span class='ocrx_word' id='word_1_594' title='bbox 2176 3797 2225 3853; x_wconf 91' lang='lat' dir='ltr'><strong>ei</strong></span> <span class='ocrx_word' id='word_1_595' title='bbox 2267 3811 2408 3868; x_wconf 90' lang='lat' dir='ltr'><strong>opus</strong></span> <span class='ocrx_word' id='word_1_596' title='bbox 2436 3805 2627 3863; x_wconf 88' lang='lat' dir='ltr'><strong>esset,</strong></span> <span class='ocrx_word' id='word_1_597' title='bbox 2657 3811 2758 3852; x_wconf 89' lang='lat' dir='ltr'><strong>nec</strong></span> <span class='ocrx_word' id='word_1_598' title='bbox 2813 3797 2910 3852; x_wconf 88' lang='lat' dir='ltr'><strong>ulli</strong></span> <span class='ocrx_word' id='word_1_599' title='bbox 2948 3811 3192 3867; x_wconf 79' lang='lat' dir='ltr'><strong>unquam</strong></span> <span class='ocrx_word' id='word_1_600' title='bbox 3246 3796 3611 3852; x_wconf 78' lang='lat' dir='ltr'><strong>dissolutioni&#39;</strong></span> 
     </span>
    </p>
   </div>
   <div class='ocr_carea' id='block_1_82' title="bbox 2011 3886 3603 3960">
    <p class='ocr_par' dir='ltr' id='par_1_82' title="bbox 2011 3886 3603 3960">
     <span class='ocr_line' id='line_1_82' title="bbox 2011 3886 3603 3960; baseline -0.001 -16"><span class='ocrx_word' id='word_1_601' title='bbox 2011 3906 2074 3944; x_wconf 84' lang='lat' dir='ltr'><strong>ac</strong></span> <span class='ocrx_word' id='word_1_602' title='bbox 2108 3890 2451 3960; x_wconf 87' lang='lat' dir='ltr'><strong>corruptioni</strong></span> <span class='ocrx_word' id='word_1_603' title='bbox 2500 3887 2835 3960; x_wconf 73' lang='lat' dir='ltr'><strong>subiaceret.</strong></span> <span class='ocrx_word' id='word_1_604' title='bbox 2885 3886 3219 3945; x_wconf 80' lang='lat' dir='ltr'><strong>Sin&#39;autem</strong></span> <span class='ocrx_word' id='word_1_605' title='bbox 3259 3888 3424 3944; x_wconf 79' lang='lat' dir='ltr'><strong>etiam</strong></span> <span class='ocrx_word' id='word_1_606' title='bbox 3483 3899 3603 3957; x_wconf 81' lang='lat' dir='ltr'><strong>post</strong></span> 
     </span>
    </p>
   </div>
   <div class='ocr_carea' id='block_1_83' title="bbox 2014 3981 3602 4052">
    <p class='ocr_par' dir='ltr' id='par_1_83' title="bbox 2014 3981 3602 4052">
     <span class='ocr_line' id='line_1_83' title="bbox 2014 3981 3602 4052; baseline -0.001 -14"><span class='ocrx_word' id='word_1_607' title='bbox 2014 3982 2476 4038; x_wconf 83' lang='lat' dir='ltr'><strong>resurrectionem</strong></span> <span class='ocrx_word' id='word_1_608' title='bbox 2513 3981 2698 4038; x_wconf 84' lang='lat' dir='ltr'><strong>cibum</strong></span> <span class='ocrx_word' id='word_1_609' title='bbox 2743 3981 2979 4050; x_wconf 89' lang='lat' dir='ltr'><strong>accepit,</strong></span> <span class='ocrx_word' id='word_1_610' title='bbox 3012 3995 3121 4036; x_wconf 90' lang='lat' dir='ltr'><strong>non</strong></span> <span class='ocrx_word' id='word_1_611' title='bbox 3159 3990 3339 4036; x_wconf 72' lang='lat' dir='ltr'><strong>tamt-n</strong></span> <span class='ocrx_word' id='word_1_612' title='bbox 3389 3981 3442 4036; x_wconf 91' lang='lat' dir='ltr'><strong>id</strong></span> <span class='ocrx_word' id='word_1_613' title='bbox 3501 3997 3602 4052; x_wconf 87' lang='lat' dir='ltr'><strong>pro</strong></span> 
     </span>
    </p>
   </div>
   <div class='ocr_carea' id='block_1_84' title="bbox 2014 4072 3598 4143">
    <p class='ocr_par' dir='ltr' id='par_1_84' title="bbox 2014 4072 3598 4143">
     <span class='ocr_line' id='line_1_84' title="bbox 2014 4072 3598 4143; baseline -0.003 -15"><span class='ocrx_word' id='word_1_614' title='bbox 2014 4072 2252 4129; x_wconf 88' lang='lat' dir='ltr'><strong>naturali</strong></span> <span class='ocrx_word' id='word_1_615' title='bbox 2300 4073 2517 4129; x_wconf 84' lang='lat' dir='ltr'><strong>exstitit</strong></span> <span class='ocrx_word' id='word_1_616' title='bbox 2560 4074 2797 4128; x_wconf 84' lang='lat' dir='ltr'><strong>ratione.</strong></span> <span class='ocrx_word' id='word_1_617' title='bbox 2823 4072 3008 4138; x_wconf 83' lang='lat' dir='ltr'><strong>Quare</strong></span> <span class='ocrx_word' id='word_1_618' title='bbox 3054 4072 3243 4127; x_wconf 80' lang='lat' dir='ltr'><strong>divino</strong></span> <span class='ocrx_word' id='word_1_619' title='bbox 3274 4072 3387 4143; x_wconf 71' lang='lat' dir='ltr'><strong>igni</strong></span> <span class='ocrx_word' id='word_1_620' title='bbox 3411 4113 3426 4138; x_wconf 96' lang='lat'><strong>,</strong></span> <span class='ocrx_word' id='word_1_621' title='bbox 3461 4083 3513 4127; x_wconf 88' lang='lat' dir='ltr'><strong>et</strong></span> <span class='ocrx_word' id='word_1_622' title='bbox 3542 4083 3598 4127; x_wconf 86' lang='lat' dir='ltr'><strong>ut</strong></span> 
     </span>
    </p>
   </div>
   <div class='ocr_carea' id='block_1_85' title="bbox 2013 4164 3597 4238">
    <p class='ocr_par' dir='ltr' id='par_1_85' title="bbox 2013 4164 3597 4238">
     <span class='ocr_line' id='line_1_85' title="bbox 2013 4164 3597 4238; baseline 0 -17"><span class='ocrx_word' id='word_1_623' title='bbox 2013 4170 2129 4238; x_wconf 89' lang='lat' dir='ltr'><strong>ipse</strong></span> <span class='ocrx_word' id='word_1_624' title='bbox 2161 4166 2335 4229; x_wconf 80' lang='lat' dir='ltr'><strong>novit,</strong></span> <span class='ocrx_word' id='word_1_625' title='bbox 2376 4174 2763 4238; x_wconf 86' lang='lat' dir='ltr'><strong>consumptam</strong></span> <span class='ocrx_word' id='word_1_626' title='bbox 2788 4181 2909 4220; x_wconf 84' lang='lat' dir='ltr'><strong>eam</strong></span> <span class='ocrx_word' id='word_1_627' title='bbox 2941 4180 3129 4223; x_wconf 80' lang='lat' dir='ltr'><strong>escam</strong></span> <span class='ocrx_word' id='word_1_628' title='bbox 3157 4166 3415 4221; x_wconf 90' lang='lat' dir='ltr'><strong>dicimus.</strong></span> <span class='ocrx_word' id='word_1_629' title='bbox 3435 4164 3597 4222; x_wconf 85' lang='lat' dir='ltr'><strong>Certa</strong></span> 
     </span>
    </p>
   </div>
   <div class='ocr_carea' id='block_1_86' title="bbox 2011 4259 3597 4325">
    <p class='ocr_par' dir='ltr' id='par_1_86' title="bbox 2011 4259 3597 4325">
     <span class='ocr_line' id='line_1_86' title="bbox 2011 4259 3597 4325; baseline 0 -14"><span class='ocrx_word' id='word_1_630' title='bbox 2011 4270 2141 4315; x_wconf 82' lang='lat' dir='ltr'><strong>vero</strong></span> <span class='ocrx_word' id='word_1_631' title='bbox 2189 4260 2408 4316; x_wconf 87' lang='lat' dir='ltr'><strong>consilii</strong></span> <span class='ocrx_word' id='word_1_632' title='bbox 2475 4260 2690 4315; x_wconf 86' lang='lat' dir='ltr'><strong>ratione</strong></span> <span class='ocrx_word' id='word_1_633' title='bbox 2742 4259 2889 4316; x_wconf 88' lang='lat' dir='ltr'><strong>istud</strong></span> <span class='ocrx_word' id='word_1_634' title='bbox 2928 4268 3111 4314; x_wconf 88' lang='lat' dir='ltr'><strong>actum</strong></span> <span class='ocrx_word' id='word_1_635' title='bbox 3153 4267 3260 4325; x_wconf 90' lang='lat' dir='ltr'><strong>est,</strong></span> <span class='ocrx_word' id='word_1_636' title='bbox 3300 4259 3366 4314; x_wconf 87' lang='lat' dir='ltr'><strong>ad</strong></span> <span class='ocrx_word' id='word_1_637' title='bbox 3411 4263 3597 4316; x_wconf 60' lang='lat' dir='ltr'><strong>conci.</strong></span> 
     </span>
    </p>
   </div>
   <div class='ocr_carea' id='block_1_87' title="bbox 2011 4352 3599 4426">
    <p class='ocr_par' dir='ltr' id='par_1_87' title="bbox 2011 4352 3599 4426">
     <span class='ocr_line' id='line_1_87' title="bbox 2011 4352 3599 4426; baseline 0 -19"><span class='ocrx_word' id='word_1_638' title='bbox 2011 4354 2250 4408; x_wconf 86' lang='lat' dir='ltr'><strong>liandam</strong></span> <span class='ocrx_word' id='word_1_639' title='bbox 2286 4353 2445 4407; x_wconf 85' lang='lat' dir='ltr'><strong>tidem</strong></span> <span class='ocrx_word' id='word_1_640' title='bbox 2478 4352 2900 4419; x_wconf 85' lang='lat' dir='ltr'><strong>resurrectioni,</strong></span> <span class='ocrx_word' id='word_1_641' title='bbox 2936 4352 3080 4410; x_wconf 85' lang='lat' dir='ltr'><strong>sicut</strong></span> <span class='ocrx_word' id='word_1_642' title='bbox 3132 4366 3185 4409; x_wconf 89' lang='lat' dir='ltr'><strong>et</strong></span> <span class='ocrx_word' id='word_1_643' title='bbox 3219 4355 3368 4426; x_wconf 89' lang='lat' dir='ltr'><strong>quod</strong></span> <span class='ocrx_word' id='word_1_644' title='bbox 3414 4353 3599 4408; x_wconf 80' lang='lat' dir='ltr'><strong>.mani-</strong></span> 
     </span>
    </p>
   </div>
   <div class='ocr_carea' id='block_1_88' title="bbox 316 4438 3598 4521">
    <p class='ocr_par' dir='ltr' id='par_1_88' title="bbox 316 4438 3598 4521">
     <span class='ocr_line' id='line_1_88' title="bbox 316 4438 3598 4521; baseline 0.002 -29"><span class='ocrx_word' id='word_1_645' title='bbox 316 4440 416 4492; x_wconf 86' lang='lat' dir='ltr'><strong>bus</strong></span> <span class='ocrx_word' id='word_1_646' title='bbox 451 4438 708 4494; x_wconf 89' lang='lat' dir='ltr'><strong>humanis</strong></span> <span class='ocrx_word' id='word_1_647' title='bbox 738 4452 1220 4510; x_wconf 87' lang='lat' dir='ltr'><strong>contrectaretur;</strong></span> <span class='ocrx_word' id='word_1_648' title='bbox 1264 4460 1578 4515; x_wconf 85' lang='lat' dir='ltr'><strong>quanquam</strong></span> <span class='ocrx_word' id='word_1_649' title='bbox 1616 4444 1746 4501; x_wconf 89' lang='lat' dir='ltr'><strong>huic</strong></span> <span class='ocrx_word' id='word_1_650' title='bbox 1796 4449 2139 4503; x_wconf 86' lang='lat' dir='ltr'><strong>contrarium</strong></span> <span class='ocrx_word' id='word_1_651' title='bbox 2216 4450 2538 4515; x_wconf 81' lang='lat' dir='ltr'><strong>videbatur,</strong></span> <span class='ocrx_word' id='word_1_652' title='bbox 2589 4446 2738 4519; x_wconf 88' lang='lat' dir='ltr'><strong>quod</strong></span> <span class='ocrx_word' id='word_1_653' title='bbox 2785 4448 2988 4504; x_wconf 89' lang='lat' dir='ltr'><strong>clausis</strong></span> <span class='ocrx_word' id='word_1_654' title='bbox 3052 4447 3241 4519; x_wconf 88' lang='lat' dir='ltr'><strong>januis</strong></span> <span class='ocrx_word' id='word_1_655' title='bbox 3313 4448 3598 4521; x_wconf 77' lang='lat' dir='ltr'><strong>ingressus</strong></span> 
     </span>
    </p>
   </div>
   <div class='ocr_carea' id='block_1_89' title="bbox 315 4521 3593 4615">
    <p class='ocr_par' dir='ltr' id='par_1_89' title="bbox 315 4521 3593 4615">
     <span class='ocr_line' id='line_1_89' title="bbox 315 4521 3593 4615; baseline 0.002 -24"><span class='ocrx_word' id='word_1_656' title='bbox 315 4549 417 4595; x_wconf 70' lang='lat' dir='ltr'><strong>cst.</strong></span> <span class='ocrx_word' id='word_1_657' title='bbox 452 4536 583 4592; x_wconf 84' lang='lat' dir='ltr'><strong>Nam</strong></span> <span class='ocrx_word' id='word_1_658' title='bbox 620 4539 766 4609; x_wconf 84' lang='lat' dir='ltr'><strong>quod</strong></span> <span class='ocrx_word' id='word_1_659' title='bbox 803 4537 1014 4608; x_wconf 85' lang='lat' dir='ltr'><strong>palpari</strong></span> <span class='ocrx_word' id='word_1_660' title='bbox 1047 4548 1261 4610; x_wconf 88' lang='lat' dir='ltr'><strong>potest,</strong></span> <span class='ocrx_word' id='word_1_661' title='bbox 1293 4528 1458 4597; x_wconf 86' lang='lat' dir='ltr'><strong>etiam</strong></span> <span class='ocrx_word' id='word_1_662' title='bbox 1491 4544 1771 4612; x_wconf 87' lang='lat' dir='ltr'><strong>corrumpi</strong></span> <span class='ocrx_word' id='word_1_663' title='bbox 1802 4558 2033 4602; x_wconf 86' lang='lat' dir='ltr'><strong>necesse</strong></span> <span class='ocrx_word' id='word_1_664' title='bbox 2055 4558 2177 4612; x_wconf 85' lang='lat' dir='ltr'><strong>est,</strong></span> <span class='ocrx_word' id='word_1_665' title='bbox 2247 4552 2308 4604; x_wconf 76' lang='lat' dir='ltr'><strong>.ct</strong></span> <span class='ocrx_word' id='word_1_666' title='bbox 2351 4547 2497 4615; x_wconf 91' lang='lat' dir='ltr'><strong>quod</strong></span> <span class='ocrx_word' id='word_1_667' title='bbox 2546 4521 2963 4615; x_wconf 69' lang='lat' dir='ltr'><strong>incorruptibile</strong></span> <span class='ocrx_word' id='word_1_668' title='bbox 3022 4553 3106 4599; x_wconf 87' lang='lat' dir='ltr'><strong>est</strong></span> <span class='ocrx_word' id='word_1_669' title='bbox 3130 4585 3145 4608; x_wconf 87' lang='lat'><strong>,</strong></span> <span class='ocrx_word' id='word_1_670' title='bbox 3211 4545 3419 4614; x_wconf 82' lang='lat' dir='ltr'><strong>palpari</strong></span> <span class='ocrx_word' id='word_1_671' title='bbox 3484 4561 3593 4598; x_wconf 85' lang='lat' dir='ltr'><strong>non</strong></span> 
     </span>
    </p>
   </div>
   <div class='ocr_carea' id='block_1_90' title="bbox 315 4644 510 4707">
    <p class='ocr_par' dir='ltr' id='par_1_90' title="bbox 315 4644 510 4707">
     <span class='ocr_line' id='line_1_90' title="bbox 315 4644 510 4707; baseline 0.005 -20"><span class='ocrx_word' id='word_1_672' title='bbox 315 4644 510 4707; x_wconf 80' lang='lat' dir='ltr'><strong>putest.</strong></span> 
     </span>
    </p>
   </div>
   <div class='ocr_carea' id='block_1_91' title="bbox 388 4721 1901 4799">
    <p class='ocr_par' dir='ltr' id='par_1_91' title="bbox 388 4721 1894 4799">
     <span class='ocr_line' id='line_1_91' title="bbox 388 4721 1894 4799; baseline 0.001 -19"><span class='ocrx_word' id='word_1_673' title='bbox 388 4727 617 4791; x_wconf 83' lang='grc' dir='ltr'>Πάντως</span> <span class='ocrx_word' id='word_1_674' title='bbox 641 4726 699 4780; x_wconf 76' lang='grc' dir='ltr'><strong>δὲ</strong></span> <span class='ocrx_word' id='word_1_675' title='bbox 741 4724 1023 4797; x_wconf 78' lang='grc' dir='ltr'>ἄφθαρτον</span> <span class='ocrx_word' id='word_1_676' title='bbox 1056 4725 1116 4778; x_wconf 84' lang='grc' dir='ltr'>τὸ</span> <span class='ocrx_word' id='word_1_677' title='bbox 1146 4723 1346 4779; x_wconf 73' lang='grc' dir='ltr'>ἑαυτοῦ</span> <span class='ocrx_word' id='word_1_678' title='bbox 1384 4725 1546 4797; x_wconf 87' lang='grc' dir='ltr'>σῶμα</span> <span class='ocrx_word' id='word_1_679' title='bbox 1572 4721 1642 4799; x_wconf 76' lang='grc' dir='ltr'>ἦν</span> <span class='ocrx_word' id='word_1_680' title='bbox 1680 4728 1894 4783; x_wconf 81' lang='grc' dir='ltr'>κεκλει-</span> 
     </span>
    </p>
   </div>
   <div class='ocr_carea' id='block_1_92' title="bbox 2013 4721 3587 4799">
    <p class='ocr_par' dir='ltr' id='par_1_92' title="bbox 2077 4725 3587 4798">
     <span class='ocr_line' id='line_1_92' title="bbox 2077 4725 3587 4798; baseline 0.001 -16"><span class='ocrx_word' id='word_1_681' title='bbox 2077 4727 2317 4783; x_wconf 75' lang='lat' dir='ltr'><strong>i‘rorsus</strong></span> <span class='ocrx_word' id='word_1_682' title='bbox 2361 4743 2493 4783; x_wconf 85' lang='lat' dir='ltr'><strong>vero</strong></span> <span class='ocrx_word' id='word_1_683' title='bbox 2552 4728 2673 4798; x_wconf 87' lang='lat' dir='ltr'><strong>ejus</strong></span> <span class='ocrx_word' id='word_1_684' title='bbox 2734 4744 2939 4798; x_wconf 87' lang='lat' dir='ltr'><strong>corpus</strong></span> <span class='ocrx_word' id='word_1_685' title='bbox 2981 4725 3398 4796; x_wconf 77' lang='lat' dir='ltr'><strong>incorruptibile</strong></span> <span class='ocrx_word' id='word_1_686' title='bbox 3444 4738 3587 4784; x_wconf 86' lang='lat' dir='ltr'><strong>erat.</strong></span> 
     </span>
    </p>
   </div>
   <div class='ocr_carea' id='block_1_93' title="bbox 319 4818 1896 4892">
    <p class='ocr_par' dir='ltr' id='par_1_93' title="bbox 319 4818 1896 4892">
     <span class='ocr_line' id='line_1_93' title="bbox 319 4818 1896 4892; baseline -0.001 -17"><span class='ocrx_word' id='word_1_687' title='bbox 319 4821 536 4892; x_wconf 80' lang='grc' dir='ltr'>σμένων</span> <span class='ocrx_word' id='word_1_688' title='bbox 560 4820 669 4874; x_wconf 85' lang='grc' dir='ltr'><strong>τῶν</strong></span> <span class='ocrx_word' id='word_1_689' title='bbox 696 4818 879 4890; x_wconf 82' lang='grc' dir='ltr'>θυρῶν</span> <span class='ocrx_word' id='word_1_690' title='bbox 913 4818 1176 4873; x_wconf 81' lang='grc' dir='ltr'>εἰσελθόν.</span> <span class='ocrx_word' id='word_1_691' title='bbox 1216 4818 1356 4872; x_wconf 78' lang='grc' dir='ltr'>Ἀλλ’</span> <span class='ocrx_word' id='word_1_692' title='bbox 1388 4819 1580 4891; x_wconf 80' lang='grc' dir='ltr'>ὥσπερ</span> <span class='ocrx_word' id='word_1_693' title='bbox 1607 4820 1896 4891; x_wconf 80' lang='grc' dir='ltr'>ἄνθρωπος</span> 
     </span>
    </p>
   </div>
   <div class='ocr_carea' id='block_1_94' title="bbox 317 4909 1894 4985">
    <p class='ocr_par' dir='ltr' id='par_1_94' title="bbox 317 4909 1894 4985">
     <span class='ocr_line' id='line_1_94' title="bbox 317 4909 1894 4985; baseline 0 -19"><span class='ocrx_word' id='word_1_694' title='bbox 317 4912 616 4985; x_wconf 76' lang='grc' dir='ltr'>γεννηθεὶς,</span> <span class='ocrx_word' id='word_1_695' title='bbox 648 4911 922 4984; x_wconf 77' lang='grc' dir='ltr'>παρθένον</span> <span class='ocrx_word' id='word_1_696' title='bbox 966 4909 1065 4982; x_wconf 79' lang='grc' dir='ltr'>τὴν</span> <span class='ocrx_word' id='word_1_697' title='bbox 1096 4909 1364 4964; x_wconf 79' lang='grc' dir='ltr'>τεκοῦσαν</span> <span class='ocrx_word' id='word_1_698' title='bbox 1391 4909 1653 4979; x_wconf 66' lang='grc' dir='ltr'>ἐφύλαξε,</span> <span class='ocrx_word' id='word_1_699' title='bbox 1681 4916 1774 4966; x_wconf 81' lang='grc' dir='ltr'>καὶ</span> <span class='ocrx_word' id='word_1_700' title='bbox 1798 4912 1894 4966; x_wconf 88' lang='grc' dir='ltr'>δύο</span> 
     </span>
    </p>
   </div>
   <div class='ocr_carea' id='block_1_95' title="bbox 313 4987 1893 5077">
    <p class='ocr_par' dir='ltr' id='par_1_95' title="bbox 313 4987 1893 5077">
     <span class='ocr_line' id='line_1_95' title="bbox 313 4987 1893 5077; baseline -0.002 -16"><span class='ocrx_word' id='word_1_701' title='bbox 313 5005 486 5062; x_wconf 76' lang='grc' dir='ltr'>ταῦτα</span> <span class='ocrx_word' id='word_1_702' title='bbox 508 4987 751 5077; x_wconf 55' lang='grc' dir='ltr'>συνῆψε,</span> <span class='ocrx_word' id='word_1_703' title='bbox 785 5004 1087 5077; x_wconf 83' lang='grc' dir='ltr'>παρθενίαν</span> <span class='ocrx_word' id='word_1_704' title='bbox 1113 5002 1208 5056; x_wconf 73' lang='grc' dir='ltr'>καὶ</span> <span class='ocrx_word' id='word_1_705' title='bbox 1235 5003 1415 5067; x_wconf 81' lang='grc' dir='ltr'>τόκον,</span> <span class='ocrx_word' id='word_1_706' title='bbox 1466 5004 1536 5057; x_wconf 82' lang='grc' dir='ltr'>τὰ</span> <span class='ocrx_word' id='word_1_707' title='bbox 1580 5004 1893 5075; x_wconf 83' lang='grc' dir='ltr'>ἀνθρώποις</span> 
     </span>
    </p>
   </div>
   <div class='ocr_carea' id='block_1_96' title="bbox 312 5090 1892 5169">
    <p class='ocr_par' dir='ltr' id='par_1_96' title="bbox 312 5090 1892 5169">
     <span class='ocr_line' id='line_1_96' title="bbox 312 5090 1892 5169; baseline -0.002 -15"><span class='ocrx_word' id='word_1_708' title='bbox 312 5098 550 5154; x_wconf 80' lang='grc' dir='ltr'>ἀδύνατα</span> <span class='ocrx_word' id='word_1_709' title='bbox 577 5111 593 5128; x_wconf 77' lang='grc'><strong>⁸</strong></span> <span class='ocrx_word' id='word_1_710' title='bbox 621 5095 766 5153; x_wconf 79' lang='grc' dir='ltr'>οὕτω</span> <span class='ocrx_word' id='word_1_711' title='bbox 797 5094 1083 5150; x_wconf 81' lang='grc' dir='ltr'>κάνταῦθα</span> <span class='ocrx_word' id='word_1_712' title='bbox 1116 5094 1269 5162; x_wconf 81' lang='grc' dir='ltr'>ξένον</span> <span class='ocrx_word' id='word_1_713' title='bbox 1294 5096 1417 5149; x_wconf 73' lang='grc' dir='ltr'>τινὰ</span> <span class='ocrx_word' id='word_1_714' title='bbox 1445 5090 1540 5149; x_wconf 81' lang='grc' dir='ltr'>καὶ</span> <span class='ocrx_word' id='word_1_715' title='bbox 1569 5095 1892 5169; x_wconf 81' lang='grc' dir='ltr'>ἀδιανόητον</span> 
     </span>
    </p>
   </div>
   <div class='ocr_carea' id='block_1_97' title="bbox 383 5202 909 5303">
    <p class='ocr_par' dir='ltr' id='par_1_97' title="bbox 383 5202 909 5303">
     <span class='ocr_line' id='line_1_97' title="bbox 383 5202 909 5303; baseline -0.01 -6"><span class='ocrx_word' id='word_1_716' title='bbox 383 5202 429 5275; x_wconf 49' lang='grc' dir='ltr'><strong>δέ</strong></span> <span class='ocrx_word' id='word_1_717' title='bbox 486 5241 701 5298; x_wconf 90' lang='lat' dir='ltr'><strong>Coloss.</strong></span> <span class='ocrx_word' id='word_1_718' title='bbox 766 5254 827 5303; x_wconf 91' lang='lat' dir='ltr'><strong>n,</strong></span> <span class='ocrx_word' id='word_1_719' title='bbox 857 5237 909 5294; x_wconf 89' lang='lat'><strong>9.</strong></span> 
     </span>
    </p>
   </div>
   <div class='ocr_carea' id='block_1_98' title="bbox 2006 4817 3592 4891">
    <p class='ocr_par' dir='ltr' id='par_1_98' title="bbox 2006 4817 3592 4891">
     <span class='ocr_line' id='line_1_98' title="bbox 2006 4817 3592 4891; baseline -0.001 -17"><span class='ocrx_word' id='word_1_720' title='bbox 2006 4822 2154 4889; x_wconf 87' lang='lat' dir='ltr'><strong>quod</strong></span> <span class='ocrx_word' id='word_1_721' title='bbox 2210 4822 2396 4890; x_wconf 86' lang='lat' dir='ltr'><strong>januis</strong></span> <span class='ocrx_word' id='word_1_722' title='bbox 2451 4820 2654 4875; x_wconf 84' lang='lat' dir='ltr'><strong>clausis</strong></span> <span class='ocrx_word' id='word_1_723' title='bbox 2699 4819 3012 4891; x_wconf 76' lang='lat' dir='ltr'><strong>ingressum</strong></span> <span class='ocrx_word' id='word_1_724' title='bbox 3063 4830 3169 4876; x_wconf 87' lang='lat' dir='ltr'><strong>est.</strong></span> <span class='ocrx_word' id='word_1_725' title='bbox 3207 4817 3405 4876; x_wconf 83' lang='lat' dir='ltr'><strong>Verum</strong></span> <span class='ocrx_word' id='word_1_726' title='bbox 3449 4823 3592 4876; x_wconf 88' lang='lat' dir='ltr'><strong>sicut</strong></span> 
     </span>
    </p>
   </div>
   <div class='ocr_carea' id='block_1_99' title="bbox 2006 4912 3591 4983">
    <p class='ocr_par' dir='ltr' id='par_1_99' title="bbox 2006 4912 3591 4983">
     <span class='ocr_line' id='line_1_99' title="bbox 2006 4912 3591 4983; baseline -0.001 -15"><span class='ocrx_word' id='word_1_727' title='bbox 2006 4926 2167 4968; x_wconf 83' lang='lat' dir='ltr'><strong>natus</strong></span> <span class='ocrx_word' id='word_1_728' title='bbox 2192 4913 2356 4966; x_wconf 75' lang='lat' dir='ltr'><strong>Immo</strong></span> <span class='ocrx_word' id='word_1_729' title='bbox 2377 4953 2392 4979; x_wconf 92' lang='lat'><strong>,</strong></span> <span class='ocrx_word' id='word_1_730' title='bbox 2424 4912 2582 4983; x_wconf 82' lang='lat' dir='ltr'><strong>cujus</strong></span> <span class='ocrx_word' id='word_1_731' title='bbox 2612 4920 2768 4981; x_wconf 88' lang='lat' dir='ltr'><strong>partu</strong></span> <span class='ocrx_word' id='word_1_732' title='bbox 2806 4912 3015 4969; x_wconf 87' lang='lat' dir='ltr'><strong>ell&#39;usus</strong></span> <span class='ocrx_word' id='word_1_733' title='bbox 3042 4922 3126 4969; x_wconf 88' lang='lat' dir='ltr'><strong>est</strong></span> <span class='ocrx_word' id='word_1_734' title='bbox 3148 4952 3164 4978; x_wconf 96' lang='lat'><strong>,</strong></span> <span class='ocrx_word' id='word_1_735' title='bbox 3197 4914 3435 4970; x_wconf 77' lang='lat' dir='ltr'><strong>servavit</strong></span> <span class='ocrx_word' id='word_1_736' title='bbox 3480 4915 3591 4967; x_wconf 74' lang='lat' dir='ltr'><strong>vir-</strong></span> 
     </span>
    </p>
   </div>
   <div class='ocr_carea' id='block_1_100' title="bbox 2004 4994 3590 5075">
    <p class='ocr_par' dir='ltr' id='par_1_100' title="bbox 2004 4994 3590 5075">
     <span class='ocr_line' id='line_1_100' title="bbox 2004 4994 3590 5075; baseline -0.002 -15"><span class='ocrx_word' id='word_1_737' title='bbox 2004 4994 2211 5072; x_wconf 73' lang='lat' dir='ltr'><strong>ginein,</strong></span> <span class='ocrx_word' id='word_1_738' title='bbox 2237 5017 2399 5075; x_wconf 84' lang='lat' dir='ltr'><strong>atque</strong></span> <span class='ocrx_word' id='word_1_739' title='bbox 2425 5008 2533 5059; x_wconf 88' lang='lat' dir='ltr'><strong>duo</strong></span> <span class='ocrx_word' id='word_1_740' title='bbox 2561 5005 2676 5060; x_wconf 69' lang='lat' dir='ltr'><strong>haec</strong></span> <span class='ocrx_word' id='word_1_741' title='bbox 2704 4996 2986 5073; x_wconf 81' lang='lat' dir='ltr'><strong>copulavit</strong></span> <span class='ocrx_word' id='word_1_742' title='bbox 3024 5004 3342 5060; x_wconf 85' lang='lat' dir='ltr'><strong>hominibus</strong></span> <span class='ocrx_word' id='word_1_743' title='bbox 3389 5006 3590 5060; x_wconf 62' lang='lat' dir='ltr'><strong>incon-</strong></span> 
     </span>
    </p>
   </div>
   <div class='ocr_carea' id='block_1_101' title="bbox 2002 5099 3587 5172">
    <p class='ocr_par' dir='ltr' id='par_1_101' title="bbox 2002 5099 3587 5172">
     <span class='ocr_line' id='line_1_101' title="bbox 2002 5099 3587 5172; baseline 0.001 -19"><span class='ocrx_word' id='word_1_744' title='bbox 2002 5113 2182 5165; x_wconf 85' lang='lat' dir='ltr'><strong>cessa,</strong></span> <span class='ocrx_word' id='word_1_745' title='bbox 2244 5099 2610 5169; x_wconf 82' lang='lat' dir='ltr'><strong>virginitatem</strong></span> <span class='ocrx_word' id='word_1_746' title='bbox 2663 5113 2748 5163; x_wconf 48' lang='lat' dir='ltr'><strong>ac,</strong></span> <span class='ocrx_word' id='word_1_747' title='bbox 2780 5106 3037 5167; x_wconf 87' lang='lat' dir='ltr'><strong>partum,</strong></span> <span class='ocrx_word' id='word_1_748' title='bbox 3093 5102 3176 5154; x_wconf 84' lang='lat' dir='ltr'><strong>sic</strong></span> <span class='ocrx_word' id='word_1_749' title='bbox 3227 5100 3315 5155; x_wconf 87' lang='lat' dir='ltr'><strong>hic</strong></span> <span class='ocrx_word' id='word_1_750' title='bbox 3345 5118 3587 5172; x_wconf 80' lang='lat' dir='ltr'><strong>quoque,</strong></span> 
     </span>
    </p>
   </div>
   <div class='ocr_carea' id='block_1_102' title="bbox 379 5376 1901 5459">
    <p class='ocr_par' dir='ltr' id='par_1_102' title="bbox 379 5376 1888 5459">
     <span class='ocr_line' id='line_1_102' title="bbox 379 5376 1888 5459; baseline 0.001 -21"><span class='ocrx_word' id='word_1_751' title='bbox 379 5383 493 5455; x_wconf 77' lang='grc'>(66)</span> <span class='ocrx_word' id='word_1_752' title='bbox 541 5376 657 5451; x_wconf 84' lang='grc' dir='ltr'><strong>Τῆς</strong></span> <span class='ocrx_word' id='word_1_753' title='bbox 705 5380 1051 5459; x_wconf 53' lang='lat' dir='ltr'><strong>qualitaan</strong></span> <span class='ocrx_word' id='word_1_754' title='bbox 1094 5378 1308 5459; x_wconf 60' lang='grc' dir='ltr'>φθορᾷ.</span> <span class='ocrx_word' id='word_1_755' title='bbox 1364 5380 1674 5459; x_wconf 35' lang='grc' dir='ltr'>Διαφθ-ο-ρὰν</span> <span class='ocrx_word' id='word_1_756' title='bbox 1721 5381 1888 5459; x_wconf 82' lang='lat' dir='ltr'><strong>habet</strong></span> 
     </span>
    </p>
   </div>
   <div class='ocr_carea' id='block_1_103' title="bbox 2013 5376 3577 5459">
    <p class='ocr_par' dir='ltr' id='par_1_103' title="bbox 2013 5382 3577 5459">
     <span class='ocr_line' id='line_1_103' title="bbox 2013 5382 3577 5459; baseline 0 -20"><span class='ocrx_word' id='word_1_757' title='bbox 2013 5382 2282 5459; x_wconf 74' lang='lat' dir='ltr'><strong>tobiscdm</strong></span> <span class='ocrx_word' id='word_1_758' title='bbox 2315 5393 2513 5459; x_wconf 67' lang='lat' dir='ltr'><strong>sponte</strong></span> <span class='ocrx_word' id='word_1_759' title='bbox 2541 5386 2814 5459; x_wconf 68' lang='lat' dir='ltr'><strong>exsolvtt;</strong></span> <span class='ocrx_word' id='word_1_760' title='bbox 2858 5386 2951 5459; x_wconf 75' lang='lat' dir='ltr'><strong>ulti</strong></span> <span class='ocrx_word' id='word_1_761' title='bbox 2982 5388 3214 5445; x_wconf 88' lang='lat' dir='ltr'><strong>inscitus</strong></span> <span class='ocrx_word' id='word_1_762' title='bbox 3245 5390 3447 5453; x_wconf 85' lang='lat' dir='ltr'><strong>scriba,</strong></span> <span class='ocrx_word' id='word_1_763' title='bbox 3480 5388 3577 5459; x_wconf 74' lang='grc' dir='ltr'>οὐχ</span> 
     </span>
    </p>
   </div>
   <div class='ocr_carea' id='block_1_104' title="bbox 276 5453 1885 5522">
    <p class='ocr_par' dir='ltr' id='par_1_104' title="bbox 276 5453 1885 5522">
     <span class='ocr_line' id='line_1_104' title="bbox 276 5453 1885 5522; baseline -0.002 -9"><span class='ocrx_word' id='word_1_764' title='bbox 276 5491 281 5495; x_wconf 76' lang='lat'><strong><em>~</em></strong></span> <span class='ocrx_word' id='word_1_765' title='bbox 309 5453 560 5512; x_wconf 81' lang='lat' dir='ltr'><strong>Psalmus</strong></span> <span class='ocrx_word' id='word_1_766' title='bbox 591 5469 680 5518; x_wconf 83' lang='lat' dir='ltr'><strong>xv,</strong></span> <span class='ocrx_word' id='word_1_767' title='bbox 715 5453 801 5518; x_wconf 79' lang='lat' dir='ltr'><strong>l8,</strong></span> <span class='ocrx_word' id='word_1_768' title='bbox 829 5467 989 5521; x_wconf 86' lang='lat' dir='ltr'><strong>quem</strong></span> <span class='ocrx_word' id='word_1_769' title='bbox 1020 5453 1213 5507; x_wconf 83' lang='lat' dir='ltr'><strong>Petrus</strong></span> <span class='ocrx_word' id='word_1_770' title='bbox 1247 5453 1389 5522; x_wconf 80' lang='lat' dir='ltr'><strong>(Act.</strong></span> <span class='ocrx_word' id='word_1_771' title='bbox 1425 5468 1484 5517; x_wconf 85' lang='lat' dir='ltr'><strong>tt,</strong></span> <span class='ocrx_word' id='word_1_772' title='bbox 1524 5453 1614 5521; x_wconf 79' lang='lat' dir='ltr'><strong>t7)</strong></span> <span class='ocrx_word' id='word_1_773' title='bbox 1658 5457 1885 5522; x_wconf 77' lang='lat' dir='ltr'><strong>exponit</strong></span> 
     </span>
    </p>
   </div>
   <div class='ocr_carea' id='block_1_105' title="bbox 306 5522 1884 5592">
    <p class='ocr_par' dir='ltr' id='par_1_105' title="bbox 306 5522 1884 5592">
     <span class='ocr_line' id='line_1_105' title="bbox 306 5522 1884 5592; baseline -0.004 -8"><span class='ocrx_word' id='word_1_774' title='bbox 306 5528 376 5584; x_wconf 90' lang='lat' dir='ltr'><strong>de</strong></span> <span class='ocrx_word' id='word_1_775' title='bbox 404 5526 658 5586; x_wconf 84' lang='lat' dir='ltr'><strong>Christo;</strong></span> <span class='ocrx_word' id='word_1_776' title='bbox 694 5522 934 5591; x_wconf 84' lang='lat' dir='ltr'><strong>hincque</strong></span> <span class='ocrx_word' id='word_1_777' title='bbox 964 5523 1088 5591; x_wconf 88' lang='lat' dir='ltr'><strong>ejus</strong></span> <span class='ocrx_word' id='word_1_778' title='bbox 1139 5537 1341 5592; x_wconf 88' lang='lat' dir='ltr'><strong>corpus</strong></span> <span class='ocrx_word' id='word_1_779' title='bbox 1371 5524 1601 5579; x_wconf 86' lang='lat' dir='ltr'><strong>minime</strong></span> <span class='ocrx_word' id='word_1_780' title='bbox 1645 5524 1884 5578; x_wconf 82' lang='lat' dir='ltr'><strong>dissolu-</strong></span> 
     </span>
    </p>
   </div>
   <div class='ocr_carea' id='block_1_106' title="bbox 309 5592 1888 5664">
    <p class='ocr_par' dir='ltr' id='par_1_106' title="bbox 309 5592 1888 5664">
     <span class='ocr_line' id='line_1_106' title="bbox 309 5592 1888 5664; baseline -0.001 -13"><span class='ocrx_word' id='word_1_781' title='bbox 309 5609 422 5651; x_wconf 88' lang='lat' dir='ltr'><strong>tum</strong></span> <span class='ocrx_word' id='word_1_782' title='bbox 451 5593 713 5658; x_wconf 85' lang='lat' dir='ltr'><strong>ostendit,</strong></span> <span class='ocrx_word' id='word_1_783' title='bbox 753 5595 848 5649; x_wconf 71' lang='lat' dir='ltr'><strong>Sed</strong></span> <span class='ocrx_word' id='word_1_784' title='bbox 894 5593 984 5645; x_wconf 90' lang='lat' dir='ltr'><strong>ubi</strong></span> <span class='ocrx_word' id='word_1_785' title='bbox 1021 5592 1302 5664; x_wconf 83' lang='lat' dir='ltr'><strong>paululum</strong></span> <span class='ocrx_word' id='word_1_786' title='bbox 1338 5604 1569 5649; x_wconf 86' lang='lat' dir='ltr'><strong>mortem</strong></span> <span class='ocrx_word' id='word_1_787' title='bbox 1603 5594 1888 5663; x_wconf 80' lang='lat' dir='ltr'><strong>degustas-</strong></span> 
     </span>
    </p>
   </div>
   <div class='ocr_carea' id='block_1_107' title="bbox 306 5664 1890 5735">
    <p class='ocr_par' dir='ltr' id='par_1_107' title="bbox 306 5664 1890 5735">
     <span class='ocr_line' id='line_1_107' title="bbox 306 5664 1890 5735; baseline -0.001 -14"><span class='ocrx_word' id='word_1_788' title='bbox 306 5678 410 5731; x_wconf 86' lang='lat' dir='ltr'><strong>sct,</strong></span> <span class='ocrx_word' id='word_1_789' title='bbox 434 5664 1013 5735; x_wconf 79' lang='lat' dir='ltr'><strong>illaquedefuuctum,</strong></span> <span class='ocrx_word' id='word_1_790' title='bbox 1048 5665 1114 5718; x_wconf 90' lang='lat' dir='ltr'><strong>ad</strong></span> <span class='ocrx_word' id='word_1_791' title='bbox 1153 5664 1619 5735; x_wconf 87' lang='lat' dir='ltr'><strong>incorruptionem</strong></span> <span class='ocrx_word' id='word_1_792' title='bbox 1666 5679 1890 5734; x_wconf 82' lang='lat' dir='ltr'><strong>repara-</strong></span> 
     </span>
    </p>
   </div>
   <div class='ocr_carea' id='block_1_108' title="bbox 309 5733 1887 5807">
    <p class='ocr_par' dir='ltr' id='par_1_108' title="bbox 309 5733 1887 5807">
     <span class='ocr_line' id='line_1_108' title="bbox 309 5733 1887 5807; baseline -0.003 -16"><span class='ocrx_word' id='word_1_793' title='bbox 309 5747 419 5791; x_wconf 91' lang='lat' dir='ltr'><strong>tum</strong></span> <span class='ocrx_word' id='word_1_794' title='bbox 448 5733 586 5807; x_wconf 79' lang='lat' dir='ltr'><strong>esse.</strong></span> <span class='ocrx_word' id='word_1_795' title='bbox 616 5734 730 5789; x_wconf 83' lang='lat' dir='ltr'><strong>Hoc</strong></span> <span class='ocrx_word' id='word_1_796' title='bbox 752 5733 900 5788; x_wconf 85' lang='lat' dir='ltr'><strong>enim</strong></span> <span class='ocrx_word' id='word_1_797' title='bbox 926 5735 1042 5807; x_wconf 81' lang='lat' dir='ltr'><strong>vult</strong></span> <span class='ocrx_word' id='word_1_798' title='bbox 1079 5734 1213 5788; x_wconf 87' lang='lat' dir='ltr'><strong>illud</strong></span> <span class='ocrx_word' id='word_1_799' title='bbox 1236 5733 1465 5807; x_wconf 72' lang='lat' dir='ltr'><strong>calcem,</strong></span> <span class='ocrx_word' id='word_1_800' title='bbox 1495 5733 1887 5807; x_wconf 82' lang='grc' dir='ltr'>προσωμίλησε</span> 
     </span>
    </p>
   </div>
   <div class='ocr_carea' id='block_1_109' title="bbox 305 5804 1889 5880">
    <p class='ocr_par' dir='ltr' id='par_1_109' title="bbox 305 5804 1889 5880">
     <span class='ocr_line' id='line_1_109' title="bbox 305 5804 1889 5880; baseline 0.001 -20"><span class='ocrx_word' id='word_1_801' title='bbox 305 5807 385 5880; x_wconf 76' lang='grc' dir='ltr'>τῷ</span> <span class='ocrx_word' id='word_1_802' title='bbox 408 5806 645 5876; x_wconf 83' lang='grc' dir='ltr'>θανάτῳ,</span> <span class='ocrx_word' id='word_1_803' title='bbox 670 5819 765 5874; x_wconf 89' lang='lat' dir='ltr'><strong>per</strong></span> <span class='ocrx_word' id='word_1_804' title='bbox 790 5816 888 5857; x_wconf 86' lang='lat' dir='ltr'><strong>cas</strong></span> <span class='ocrx_word' id='word_1_805' title='bbox 917 5804 1127 5858; x_wconf 85' lang='lat' dir='ltr'><strong>scilicet</strong></span> <span class='ocrx_word' id='word_1_806' title='bbox 1156 5806 1468 5872; x_wconf 77' lang='lat' dir='ltr'><strong>passiones,</strong></span> <span class='ocrx_word' id='word_1_807' title='bbox 1495 5804 1632 5878; x_wconf 80' lang='lat' dir='ltr'><strong>quas</strong></span> <span class='ocrx_word' id='word_1_808' title='bbox 1659 5804 1889 5863; x_wconf 79' lang='lat' dir='ltr'><strong>versans</strong></span> 
     </span>
    </p>
   </div>
   <div class='ocr_carea' id='block_1_110' title="bbox 689 5898 1323 5960">
    <p class='ocr_par' dir='ltr' id='par_1_110' title="bbox 689 5898 1323 5960">
     <span class='ocr_line' id='line_1_110' title="bbox 689 5898 1323 5960; baseline -0.006 0"><span class='ocrx_word' id='word_1_809' title='bbox 689 5900 959 5960; x_wconf 63' lang='lat' dir='ltr'><strong>Patitor.</strong></span> <span class='ocrx_word' id='word_1_810' title='bbox 988 5900 1081 5960; x_wconf 69' lang='lat' dir='ltr'><strong>(in</strong></span> <span class='ocrx_word' id='word_1_811' title='bbox 1147 5898 1323 5958; x_wconf 67' lang='grc' dir='ltr'>ειη.</span> 
     </span>
    </p>
   </div>
   <div class='ocr_carea' id='block_1_111' title="bbox 1993 5454 3578 5540">
    <p class='ocr_par' dir='ltr' id='par_1_111' title="bbox 1993 5454 3578 5540">
     <span class='ocr_line' id='line_1_111' title="bbox 1993 5454 3578 5540; baseline 0.001 -34"><span class='ocrx_word' id='word_1_812' title='bbox 1993 5456 2261 5540; x_wconf 50' lang='lat' dir='ltr'><strong>diutinae,</strong></span> <span class='ocrx_word' id='word_1_813' title='bbox 2293 5455 2638 5540; x_wconf 72' lang='lat' dir='ltr'><strong>subdiderat.</strong></span> <span class='ocrx_word' id='word_1_814' title='bbox 2669 5454 2873 5526; x_wconf 85' lang='lat' dir='ltr'><strong>Sicque</strong></span> <span class='ocrx_word' id='word_1_815' title='bbox 2900 5458 3134 5540; x_wconf 72' lang='lat' dir='ltr'><strong>ipsemet</strong></span> <span class='ocrx_word' id='word_1_816' title='bbox 3166 5454 3578 5540; x_wconf 39' lang='lat' dir='ltr'><strong>Calecasﬂpati&#39;l};</strong></span> 
     </span>
    </p>
   </div>
   <div class='ocr_carea' id='block_1_112' title="bbox 1994 5526 3580 5656">
    <p class='ocr_par' dir='ltr' id='par_1_112' title="bbox 1994 5526 3580 5656">
     <span class='ocr_line' id='line_1_112' title="bbox 1994 5526 3580 5600; baseline 0.002 -20"><span class='ocrx_word' id='word_1_817' title='bbox 1994 5526 2232 5582; x_wconf 76' lang='lat' dir='ltr'><strong>interius</strong></span> <span class='ocrx_word' id='word_1_818' title='bbox 2257 5564 2274 5592; x_wconf 95' lang='lat'><strong>,</strong></span> <span class='ocrx_word' id='word_1_819' title='bbox 2343 5527 2491 5581; x_wconf 88' lang='lat' dir='ltr'><strong>istud</strong></span> <span class='ocrx_word' id='word_1_820' title='bbox 2561 5528 2743 5597; x_wconf 89' lang='lat' dir='ltr'><strong>ipsum</strong></span> <span class='ocrx_word' id='word_1_821' title='bbox 2806 5526 3143 5598; x_wconf 78' lang='lat' dir='ltr'><strong>respiciens,</strong></span> <span class='ocrx_word' id='word_1_822' title='bbox 3216 5530 3459 5600; x_wconf 83' lang='lat' dir='ltr'><strong>quandiu</strong></span> <span class='ocrx_word' id='word_1_823' title='bbox 3521 5529 3580 5583; x_wconf 85' lang='lat' dir='ltr'><strong>in</strong></span> 
     </span>
     <span class='ocr_line' id='line_1_113' title="bbox 1995 5596 3573 5656; baseline 0.003 -6"><span class='ocrx_word' id='word_1_824' title='bbox 1995 5596 2204 5651; x_wconf 88' lang='lat' dir='ltr'><strong>mundo</strong></span> <span class='ocrx_word' id='word_1_825' title='bbox 2243 5598 2375 5656; x_wconf 66' lang='lat' dir='ltr'><strong>egit.</strong></span> <span class='ocrx_word' id='word_1_826' title='bbox 2416 5605 2474 5652; x_wconf 84' lang='lat' dir='ltr'><strong>et</strong></span> <span class='ocrx_word' id='word_1_827' title='bbox 2516 5599 2677 5655; x_wconf 89' lang='lat' dir='ltr'><strong>morti</strong></span> <span class='ocrx_word' id='word_1_828' title='bbox 2725 5610 2779 5655; x_wconf 88' lang='lat' dir='ltr'><strong>et</strong></span> <span class='ocrx_word' id='word_1_829' title='bbox 2821 5600 3054 5656; x_wconf 77' lang='lat' dir='ltr'><strong>reliquis</strong></span> <span class='ocrx_word' id='word_1_830' title='bbox 3085 5600 3325 5655; x_wconf 74' lang='lat' dir='ltr'><strong>innoxiis</strong></span> <span class='ocrx_word' id='word_1_831' title='bbox 3355 5597 3573 5656; x_wconf 78' lang='lat' dir='ltr'><strong>passio-</strong></span> 
     </span>
    </p>
   </div>
   <div class='ocr_carea' id='block_1_113' title="bbox 1995 5613 3617 5753">
    <p class='ocr_par' dir='ltr' id='par_1_113' title="bbox 1995 5613 3617 5753">
     <span class='ocr_line' id='line_1_114' title="bbox 1995 5613 3617 5669; baseline 0.002 -19"><span class='ocrx_word' id='word_1_832' title='bbox 1995 5613 2204 5651; x_wconf 82' lang='lat' dir='ltr'><strong>tnunuo</strong></span> <span class='ocrx_word' id='word_1_833' title='bbox 2243 5613 2375 5666; x_wconf 78' lang='lat' dir='ltr'><strong>eglt,</strong></span> <span class='ocrx_word' id='word_1_834' title='bbox 2416 5613 2474 5652; x_wconf 87' lang='lat' dir='ltr'><strong>et</strong></span> <span class='ocrx_word' id='word_1_835' title='bbox 2516 5613 2677 5655; x_wconf 80' lang='lat' dir='ltr'><strong>morti</strong></span> <span class='ocrx_word' id='word_1_836' title='bbox 2725 5613 2779 5655; x_wconf 88' lang='lat' dir='ltr'><strong>et</strong></span> <span class='ocrx_word' id='word_1_837' title='bbox 2821 5613 3054 5669; x_wconf 85' lang='lat' dir='ltr'><strong>rettquts</strong></span> <span class='ocrx_word' id='word_1_838' title='bbox 3086 5616 3325 5655; x_wconf 70' lang='lat' dir='ltr'><strong>tunnxns</strong></span> <span class='ocrx_word' id='word_1_839' title='bbox 3355 5613 3573 5669; x_wconf 84' lang='lat' dir='ltr'><strong>passto-</strong></span> <span class='ocrx_word' id='word_1_840' title='bbox 3612 5648 3617 5653; x_wconf 86' lang='lat'><strong>.</strong></span> 
     </span>
     <span class='ocr_line' id='line_1_115' title="bbox 1995 5668 3575 5753; baseline 0.001 -33"><span class='ocrx_word' id='word_1_841' title='bbox 1995 5669 2158 5753; x_wconf 53' lang='grc' dir='ltr'>ρξὺιιε</span> <span class='ocrx_word' id='word_1_842' title='bbox 2196 5668 2736 5753; x_wconf 33' lang='grc' dir='ltr'>ὀιιηοχὶιιιῃιίιιξεξε,</span> <span class='ocrx_word' id='word_1_843' title='bbox 2790 5670 2865 5725; x_wconf 87' lang='lat' dir='ltr'><strong>ait</strong></span> <span class='ocrx_word' id='word_1_844' title='bbox 2904 5687 2923 5725; x_wconf 84' lang='lat'><strong>:</strong></span> <span class='ocrx_word' id='word_1_845' title='bbox 2979 5668 3250 5741; x_wconf 79' lang='grc' dir='ltr'>Καθάπερ</span> <span class='ocrx_word' id='word_1_846' title='bbox 3297 5670 3526 5738; x_wconf 76' lang='grc' dir='ltr'>εἴπομεν</span> <span class='ocrx_word' id='word_1_847' title='bbox 3559 5680 3575 5698; x_wconf 80' lang='grc'><strong><em>⁸</em></strong></span> 
     </span>
    </p>
   </div>
   <div class='ocr_carea' id='block_1_114' title="bbox 1998 5735 3157 5881">
    <p class='ocr_par' dir='ltr' id='par_1_114' title="bbox 1998 5735 3157 5881">
     <span class='ocr_line' id='line_1_116' title="bbox 1998 5735 2721 5810; baseline 0.006 -19"><span class='ocrx_word' id='word_1_848' title='bbox 1998 5735 2063 5791; x_wconf 87' lang='lat' dir='ltr'><strong>Ut</strong></span> <span class='ocrx_word' id='word_1_849' title='bbox 2100 5739 2303 5791; x_wconf 84' lang='lat' dir='ltr'><strong>dictum</strong></span> <span class='ocrx_word' id='word_1_850' title='bbox 2334 5754 2370 5792; x_wconf 89' lang='lat' dir='ltr'><strong>a</strong></span> <span class='ocrx_word' id='word_1_851' title='bbox 2410 5739 2559 5795; x_wconf 81' lang='lat' dir='ltr'><strong>nobis</strong></span> <span class='ocrx_word' id='word_1_852' title='bbox 2598 5739 2721 5810; x_wconf 83' lang='lat' dir='ltr'><strong>fuit.</strong></span> 
     </span>
     <span class='ocr_line' id='line_1_117' title="bbox 2069 5807 3157 5881; baseline 0.004 -18"><span class='ocrx_word' id='word_1_853' title='bbox 2069 5808 2183 5881; x_wconf 86' lang='grc'>(67)</span> <span class='ocrx_word' id='word_1_854' title='bbox 2214 5807 2378 5881; x_wconf 76' lang='lat' dir='ltr'><strong>Greg.</strong></span> <span class='ocrx_word' id='word_1_855' title='bbox 2411 5825 2545 5881; x_wconf 80' lang='lat' dir='ltr'><strong>papa</strong></span> <span class='ocrx_word' id='word_1_856' title='bbox 2573 5814 2720 5867; x_wconf 84' lang='lat' dir='ltr'><strong>ltom.</strong></span> <span class='ocrx_word' id='word_1_857' title='bbox 2759 5811 2828 5866; x_wconf 75' lang='grc'><strong>10</strong></span> <span class='ocrx_word' id='word_1_858' title='bbox 2860 5812 2916 5868; x_wconf 85' lang='lat' dir='ltr'><strong>in</strong></span> <span class='ocrx_word' id='word_1_859' title='bbox 2951 5810 3157 5880; x_wconf 72' lang='lat' dir='ltr'><strong>Evang.</strong></span> 
     </span>
    </p>
   </div>
   <div class='ocr_carea' id='block_1_115' title="bbox 3121 5904 3197 5966">
    <p class='ocr_par' dir='ltr' id='par_1_115' title="bbox 3121 5904 3197 5966">
     <span class='ocr_line' id='line_1_118' title="bbox 3121 5904 3197 5966; baseline 0.039 -3"><span class='ocrx_word' id='word_1_860' title='bbox 3121 5904 3197 5966; x_wconf 84' lang='lat'><strong>19</strong></span> 
     </span>
    </p>
   </div>
  </div>
