4088 6422
453 324 555 390 591

1709 327 2108 389 MANUELIS
2147 329 2456 393 CALECIE

3600 327 3706 390 59").

455 434 788 508 decertans,
831 444 1087 513 victoque
1116 441 1458 506 adversario,
1511 442 1631 508 ipse
1683 455 1900 511 semper
1955 441 2025 496 in-

2140 441 2251 506 λον,
2287 444 2346 500 ὲν
2376 443 2553 499 οὐδενὶ
2603 442 2660 498 δέ
2712 444 2986 516 ἡττηθεὶς,
3033 442 3333 499 καὶπολλὰ
3387 441 3575 496 παθὼν
3606 441 3704 495 ὅσα

454 538 637 591 victus
669 549 1050 605 perseverans,
1080 535 1364 603 multaque
1395 547 1612 604 passus,
1657 549 1891 602 quorum
1929 549 2030 590 nos

454 641 679 681 eramus
712 626 810 691 rei,
873 634 933 679 ut
973 625 1065 695 qui
1118 610 1337 694 propria
1390 625 1670 681 voluntate
1701 640 1767 681 ac
1799 626 2034 686 consilio

456 728 764 787 peccantes,
797 717 962 771 alieni
1024 733 1054 771 a
1092 713 1202 772 Deo
1252 717 1380 771 facti
1431 731 1700 782 eramus,
1751 727 2034 788 postremo

453 821 704 864 mortuus
735 818 898 877 atque
927 807 1174 877 sepultus
1195 849 1210 875 ,
1243 808 1393 865 illius
1439 811 1645 878 potitus
1679 817 1764 865 est
1788 848 1804 875 ,
1837 810 1928 880 qui
1962 810 2035 866 ob

455 911 764 973 peccatum,
797 902 1104 954 humanum
1137 915 1310 966 genus
1343 900 1574 970 imperio
1598 903 2032 969 mancipaverat,

451 1008 627 1062 eoque
657 993 1044 1054 condemnato,
1088 990 1158 1044 ab
1183 991 1332 1044 illius
1367 1004 1469 1044 nos
1514 990 1716 1044 exemit
1747 992 2032 1057 servitute,

451 1101 558 1155 qua
589 1101 752 1139 cruce
784 1084 1004 1137 futictus
1031 1093 1112 1136 est
1140 1097 1204 1136 ac
1258 1091 1454 1136 morte.
1489 1083 1547 1136 Si
1577 1083 1722 1137 enim
1767 1081 1836 1136 ob
1871 1083 2031 1152 primi

448 1177 578 1231 Adae
612 1177 855 1245 culpam,
891 1177 1040 1229 velut
1077 1175 1253 1228 labem
1289 1175 1582 1244 quamdam
1616 1173 1684 1228 ad
1719 1189 1816 1229 nos
1853 1189 2033 1238 usque

449 1266 726 1332 diﬂusam,
767 1267 950 1318 divina
1007 1266 1280 1318 sententia
1350 1266 1404 1316 in
1462 1263 1785 1318 nos'latam
1835 1264 2030 1318 mortis

452 1370 670 1427 puellam
700 1357 1038 1409 incurrimus
1059 1354 1100 1384 ⁸⁵
1130 1371 1144 1407 :
1178 1354 1456 1423 quomodo
1492 1369 1598 1406 non
1653 1353 1836 1422 potius
1859 1396 1873 1413 ,
1907 1351 2031 1406 Filii

454 1449 545 1501 Dei
580 1434 1396 1516 mortejustitieabitnurfejus
1442 1445 1689 1507 scilicet,
1737 1445 1829 1514 qui
1887 1453 2034 1500 vetc-

448 1556 563 1594 rem
590 1540 763 1593 Adam
795 1540 914 1592 sine
942 1546 1170 1606 peccato
1216 1539 1554 1606 assumpsit,
1593 1554 1656 1592 ae
1703 1552 1883 1591 novus
1915 1537 2032 1606 ipse

448 1635 623 1688 Adam
668 1632 887 1686 exsistit
944 1632 1014 1684 ³⁵.
1075 1630 1396 1699 Siquidem,
1452 1639 1509 1682 ut
1565 1631 1639 1682 ait
1690 1629 2028 1699 Apostolus:

454 1745 474 1777 ε
516 1726 934 1779 Damnationem
992 1723 1204 1792 peccati
1263 1722 1428 1777 solvit
1459 1723 1511 1775 in
1567 1736 1738 1776 carne
1775 1735 1874 1774 sua
1902 1721 1968 1784 ³⁸,
2005 1739 2023 1770 ι

2136 536 2286 606 ἡμᾶς
2308 535 2415 590 ἔδει
2446 537 2641 592 παθεῖν
2667 537 2742 602 ὡς
2766 537 2945 608 οἰκείᾳ
2979 535 3174 608 γνώμῃ
3215 536 3563 607 ἁμαρτόντας
3612 537 3709 587 καὶ

2135 627 2599 697 ἀλλοτριωθέντας
2627 629 2787 696 Θεοῦ,
2833 629 2991 690 τέλος
3038 628 3330 683 ἀποθανὼν
3361 629 3456 682 καὶ
3492 627 3708 695 ταφεὶς,

2135 718 2406 790 ὑπερέσχε
2437 719 2534 772 τοῦ
2562 719 2654 773 διὰ
2675 719 2774 790 τὴν
2808 718 3083 790 ἁμαρτίαν
3105 722 3204 788 τῆς
3232 717 3578 787 ἀνθρωπίνης
3604 717 3709 786 φύ-

2135 827 2275 873 σεως
2331 810 2899 878 κατεξουσιάσαντος·
2955 811 3050 864 καὶ
3100 809 3478 872 καταδικάσας
3523 809 3706 874 αὑτὸν,

2133 901 2515 972 ἠλευθέρωσεν
2544 903 2691 972 ἡμᾶς
2723 901 2828 972 τῆς
2865 901 3110 964 δουλείας
3143 902 3379 965 ἐκείνου,
3405 902 3483 970 τῷ
3514 899 3710 952 ἑαυτοῦ

2135 993 2356 1064 σταυρῷ
2410 1010 2469 1046 τε
2521 993 2617 1046 καὶ
2648 993 2726 1062 τῷ
2755 991 2996 1064 θανάτῳ.
3031 992 3095 1045 Ei
3124 992 3232 1063 γὰρ
3263 992 3349 1045 διὰ
3388 992 3488 1058 τὴν
3528 992 3712 1058 ἀμαρ-

2132 1083 2255 1138 τίαν
2282 1085 2376 1138 τοῦ
2407 1083 2626 1155 πρώτου
2661 1084 2857 1156 ’Δδὰμ,
2883 1084 3138 1154 καθάπερ
3158 1084 3282 1137 τινά
3309 1083 3487 1154 λύμην
3516 1083 3712 1152 μέχρις

2131 1175 2294 1246 ἡμῶν
2322 1175 2683 1242 διαδοθεῖσαν,
2711 1177 3074 1246 ὑππέσαμεν
3095 1176 3172 1247 τῷ
3199 1175 3417 1246 θανάτῳ
3449 1191 3714 1245 κατακρ-

2134 1270 2342 1336 θέντες,
2374 1272 2494 1335 πῶς
2529 1272 2591 1325 οὐ
2629 1272 2834 1342 μᾶλλον
2862 1271 3348 1342 δικαιωθησόμεθα
3378 1271 3468 1325 διὰ
3496 1272 3590 1324 τοῦ
3615 1271 3712 1325 θα-

2132 1361 2296 1415 νάτου
2333 1363 2431 1417 τοῦ
2468 1363 2601 1417 Υἱοῦ
2639 1365 2734 1419 τοῦ
2769 1365 2929 1432 Θεοῦ,
2963 1365 3060 1420 τοῦ
3112 1367 3204 1418 τὸν
3259 1365 3494 1420 παλαιὸν
3536 1367 3712 1437 Ἀδὰμ

2131 1455 2537 1527 ἀναμαρτήτως
2590 1457 2953 1523 ἀναλαϐόντος
2988 1461 3085 1512 καὶ
3123 1460 3245 1512 νέου
3288 1459 3455 1527 Ἀδὰμ
3491 1477 3713 1530 χρημαο

2131 1547 2424 1613 τίσαντος;
2474 1548 2779 1618 Ἐπείπερ,
2813 1549 2842 1602 ὅ
2893 1566 3028 1620 φησι
3062 1549 3298 1617 Παῦλος,
3349 1569 3368 1603 ι
3412 1550 3486 1604 Τὸ
3540 1551 3712 1604 κατά-

2131 1655 2312 1709 κριμα
2349 1641 2449 1708 τῆς
2505 1639 2781 1710 ἁμαρτίας
2817 1640 3006 1694 ἔλυσεν
3055 1643 3114 1694 έν
3161 1645 3227 1712 τῇ
3260 1643 3424 1713 σαρκὶ
3453 1641 3640 1704 αὐτοῦ,
3685 1657 3703 1691 ι

2132 1731 2226 1785 τοῦ
2259 1731 2494 1786 θανάτου
2541 1732 2976 1796 θανατωθέντος,
3010 1733 3120 1786 Καὶ
3159 1734 3210 1786 εί
3237 1732 3325 1787 διά
3354 1733 3446 1786 τὸν
3482 1732 3713 1786 παλαιὸν

447 1820 777 1886 interempto
812 1826 1062 1886 peccato.
1116 1816 1195 1869 Ac
1243 1815 1289 1868 si
1349 1824 1572 1882 propter
1596 1823 1836 1868 veterem
1873 1813 2025 1867 illum

2132 1825 2342 1876 ἐκεῖνον
2379 1824 2563 1894 ἐχθροὶ
2592 1825 2686 1877 καὶ
2711 1825 3016 1878 ἀποστάται
3046 1823 3396 1893 γεγενήμεθα
3429 1821 3522 1874 τοῦ
3548 1821 3709 1886 Θεοῦ,

449 1911 657 1966 inimici
683 1919 735 1964 et
765 1925 794 1963 a
824 1909 936 1963 Deo
963 1907 1278 1962 desertores
1319 1907 1443 1959 facti
1481 1921 1675 1960 sumus
1705 1947 1719 1970 ,
1754 1906 2029 1975 quomodo

447 2019 556 2060 non
613 2018 707 2071 per
758 2002 938 2071 ipsutn
973 2001 1140 2054 etiam
1173 1998 1611 2063 admovebimur,
1641 1998 1897 2067 interque
1928 1999 2022 2053 Dei

446 2095 791 2153 necessarios
815 2109 877 2147 ac
905 2093 1117 2148 amicos
1143 2090 1567 2160 cooptabimur?

519 2187 776 2242 Diabolus
823 2200 1060 2253 namque
1100 2199 1128 2236 a
1167 2182 1258 2237 Dei
1325 2183 1497 2254 gloria
1555 2181 1864 2252 prolapsus,
1920 2198 2028 2254 qua

447 2279 701 2351 superbia
737 2279 787 2333 in
813 2291 939 2333 eum
964 2277 1140 2330 elatus
1169 2273 1459 2338 est,animi
1489 2284 1722 2328 mortem
1751 2274 1982 2330 incurrit
2008 2290 2024 2332 :

449 2375 721 2446 siquidem
755 2373 786 2428 a
855 2371 966 2426 Deo
1030 2370 1307 2435 recedere,
1391 2368 1494 2422 hoc
1553 2367 1724 2422 animi
1794 2377 2028 2423 mortem

445 2468 738 2523 deﬁniunt.
769 2463 1029 2534 Corporis
1060 2477 1190 2516 vero
1241 2470 1501 2532 mortem,
1556 2460 1610 2514 in
1669 2474 1737 2515 eo
1789 2460 2026 2530 positam

447 2560 592 2631 quod
628 2559 846 2612 animus
876 2572 906 2610 a
937 2569 1170 2624 corpore
1196 2561 1506 2621 separetur,
1561 2566 1669 2606 non
1716 2553 1905 2617 subiit,
1962 2567 2030 2608 eo

447 2653 594 2724 quod
623 2664 820 2718 expers
845 2649 1091 2716 corporis
1120 2655 1258 2702 erat.
1294 2645 1414 2700 Non
1441 2644 1624 2700 ferens
1679 2654 1864 2700 autem
1911 2647 2028 2715 pri-

447 2760 543 2798 ore
573 2758 631 2797 se
657 2743 865 2796 honore
906 2739 1205 2802 excidisse,
1241 2738 1630 2805 hominemque
1662 2736 1754 2790 Dei
1788 2736 2020 2806 gloriam

448 2841 804 2889 consecutum
835 2845 979 2894 esse,
1018 2829 1212 2882 invidit
1242 2827 1402 2882 nobis
1431 2827 1580 2898 quod
1637 2826 1749 2880 Deo
1803 2827 2028 2896 propiu-

449 2926 543 2995 qui
576 2924 704 2978 facti
746 2937 988 2984 eramus,
1020 2920 1279 2988 velutqne
1331 2919 1546 2988 objecta
1607 2932 1733 2972 esca
1783 2918 2025 2986 capiens,

451 3035 480 3072 a
524 3017 617 3072 Dei
681 3015 956 3070 mandatis
1004 3012 1294 3078 abstraxit,
1351 3021 1516 3082 atque
1567 3010 1775 3080 peccati
1826 3026 2024 3066 noxam

449 3110 672 3164 invexit.
707 3106 798 3162 Sic
851 3105 1039 3174 itaque
1075 3104 1348 3174 duplicem
1405 3101 1564 3156 nobis
1612 3113 1840 3156 mortem
1898 3117 2096 3196 con-C

448 3202 650 3266 scivit;
681 3199 910 3268 primam
943 3198 1187 3267 quidem,
1219 3197 1413 3259 anitni,
1451 3205 1678 3266 tumque
1710 3196 1876 3250 etiam
1901 3211 2025 3250 cor-

449 3294 620 3364 pm-is,
656 3293 814 3360 cujus
862 3305 928 3344 ex
977 3289 1216 3360 peccatis
1268 3287 1472 3342 indicta
1524 3289 1684 3343 nobis
1731 3290 2029 3344 necessitas

447 3385 547 3436 l'nit
582 3399 602 3453 ε,
631 3401 648 3432 ‹
685 3380 911 3436 Mortem
939 3379 1111 3444 enim,
1150 3379 1352 3446 inquit,
1393 3379 1537 3432 Deus
1568 3395 1674 3432 non
1715 3379 1868 3444 fecit,
1927 3394 2030 3434 nec

443 3476 749 3530 delectatur
781 3471 833 3527 in
857 3469 1162 3542 perditione
1193 3469 1474 3524 hominum
1495 3468 1562 3520 ".
1588 3485 1607 3518 ι
1639 3466 1852 3521 Etenim
1881 3481 2027 3521 mors

445 3567 649 3637 peccati
683 3564 963 3618 damnatio
992 3572 1078 3617 est
1101 3562 1169 3614 ³⁸.
1229 3560 1440 3616 Idcirco
1474 3559 1643 3614 etiam
1707 3558 1882 3621 nobis,
1920 3556 2016 3626 qui

444 3659 680 3714 mortale
702 3671 900 3725 corpus
931 3653 1112 3709 induti
1137 3667 1352 3717 sumus,
1396 3651 1624 3706 inducta
1682 3657 1790 3706 est.
1861 3644 2024 3703 Medii

441 3752 585 3806 enim
621 3749 864 3804 mortalis
891 3746 1058 3801 sortis
1091 3760 1156 3800 ac
1194 3743 1526 3800 immortalis
1549 3757 1581 3795 a
1630 3741 1742 3797 Deo
1799 3740 2022 3795 formati

441 3842 740 3904 fueramus,
787 3849 844 3892 ut
877 3838 1148 3907 siquidem
1181 3835 1234 3890 in
1256 3836 1403 3891 bono
1433 3849 1498 3889 ac
1537 3833 1774 3889 honesto
1823 3847 2017 3903 person

442 3949 781 3995 vet-aremus,
845 3929 1313 3984 immortalitatem
1375 3940 1880 3996 consequeremur;
1935 3923 2021 3981 sin

440 4036 625 4082 autem
658 4025 860 4078 malum
889 4020 1268 4092 diligeremus,
1314 4028 1542 4073 mortem
1598 4018 2018 4074 sustineremus.

439 4119 544 4186 Qui
575 4117 716 4171 enim
752 4115 910 4170 liberi
935 4113 1146 4168 arbitrii
1183 4111 1392 4167 conditi
1419 4111 1615 4174 simus,
1654 4110 1863 4164 nullam
1919 4123 2018 4164 ex-

2133 1919 2249 1979 πῶς
2291 1917 2351 1969 οὐ
2407 1917 2475 1971 δι’
2503 1917 2669 1971 αὐτὸν
2697 1918 2792 1971 καὶ
2828 1915 3336 1988 προσαχθησόμεθα
3365 1915 3463 1969 καὶ
3492 1913 3710 1966 οίκειω-

2133 2009 2411 2080 θησόμεθα
2442 2009 2518 2080 τῷ
2544 2009 2664 2080 Θεῷ
2693 2025 2708 2073 ;

2203 2194 2312 2246 Καὶ
2371 2192 2480 2264 γὰρ
2533 2193 2560 2246 ό
2595 2193 2695 2264 μὲν
2752 2192 2999 2256 διάϐολος
3053 2194 3153 2261 τῆς
3205 2190 3301 2246 τοῦ
3357 2190 3492 2246 Θεοῦ
3549 2191 3710 2263 δόξης

2130 2283 2507 2349 ὲκπεπτωκὼς
2537 2285 2626 2339 διὰ
2665 2283 2766 2355 τὴν
2820 2283 3202 2356 ὑπερηφανίαν
3252 2283 3442 2351 αὐτοῦ,
3480 2282 3711 2354 ψυχικὸν

2131 2380 2393 2450 ὑπέμεινε
2437 2379 2667 2432 θάνατον
2696 2393 2710 2407 ο
2747 2377 2871 2429 ἐπεὶ
2909 2376 2970 2429 τὸ
3011 2375 3317 2446 ἀποστῆναι
3361 2375 3520 2439 Θεοῦ,
3553 2375 3712 2430 τοῦτο

2130 2469 2362 2540 ψυχικὸν
2391 2467 2669 2539 ὁρίζονται
2719 2467 2948 2522 θάνατον
2969 2483 2983 2497 ·
3021 2467 3332 2538 σωματικὸν
3365 2467 3421 2520 δὲ
3456 2467 3707 2530 θάνατον,

2132 2561 2190 2622 ὃς
2226 2563 2342 2612 ἐστι
2367 2560 2469 2627 τῆς
2506 2559 2688 2629 ψυχῆς
2716 2557 2826 2610 ἀπὸ
2872 2556 2968 2609 τοῦ
2997 2555 3252 2627 σώματος
3282 2555 3580 2627 χωρισμὸς,
3608 2557 3708 2608 οὐκ

2131 2650 2357 2713 ἔπαθεν,
2397 2649 2630 2718 ἐπείπερ
2656 2647 2948 2718 ἀσώματος
2974 2643 3065 2719 ἦν.
3107 2647 3180 2700 Oti
3209 2647 3391 2717 φέρων
3425 2647 3480 2699 δὲ
3511 2646 3706 2699 ἑαυτὸν

2129 2743 2265 2814 ὁρᾷν
2314 2741 2415 2812 τῆς
2473 2740 2748 2812 προτέρας
2802 2738 3202 2793 ἐκπεπτωκότα
3258 2739 3448 2808 τιμῆς,
3504 2738 3595 2790 τὸν
3649 2738 3707 2791 δὲ

2131 2830 2421 2902 ἄνθρωπον
2450 2830 2551 2900 τῆς
2585 2831 2680 2882 τοῦ
2709 2827 2845 2883 Θεοῦ
2879 2829 3039 2900 δόξης
3060 2830 3383 2901 ἠξιωμένον,
3411 2829 3710 2899 ἐφθόνησεν

2128 2926 2264 2996 ἡμῖν
2310 2925 2411 2994 τῆς
2449 2923 2600 2995 παρά
2633 2922 2710 2990 τῷ
2743 2923 2862 2994 Θεῷ
2896 2923 3282 2994 πλησιότητος,
3316 2923 3409 2976 καλ⁸
3446 2921 3710 2984 δελεάσας

2129 3019 2430 3086 ἀφείλκυσε
2476 3015 2715 3070 τῶνντοῦ
2770 3015 2908 3068 Θεοῦ
2962 3015 3426 3087 προσταγμάτων,
3462 3015 3555 3068 καὶ
3607 3015 3708 3085 τὴν

2131 3109 2408 3180 ἁμαρτίαν
2470 3108 2814 3178 εἰσήνεγκεν.
2873 3105 3030 3160 Οὕτω
3063 3107 3244 3162 τοίνυν
3293 3106 3515 3161 διπλοῦν
3575 3108 3709 3178 ἡμῖν

2130 3202 2354 3273 ὲτιοίησε
2403 3199 2634 3254 θάνατον
2663 3215 2678 3230 ⁸
2725 3198 2946 3270 πρῶτον
2995 3199 3096 3270 μεν
3147 3199 3238 3252 τὸν
3290 3198 3558 3272 ψυχικόνο
3585 3195 3708 3250 εἶτα

2129 3294 2228 3347 καὶ
2271 3295 2366 3348 τὸν
2415 3293 2756 3362 σωματικὸν,
2787 3293 2880 3345 τὸν
2909 3292 3021 3355 τοῖς
3074 3292 3470 3360 ἁμαρτήμασιν
3503 3292 3709 3358 ἐπαγό·

2129 3403 2310 3456 μενον.
2344 3403 2361 3436 ι
2398 3383 2639 3439 Θάνατον
2670 3385 2802 3454 γὰρ,
2845 3405 2865 3434 ο
2901 3383 3092 3454 φησὶν,
3125 3402 3144 3435 ι
3172 3385 3201 3436 ό
3231 3382 3361 3445 Θεὸς
3387 3385 3488 3436 οὐκ
3519 3385 3708 3453 ὲποέη-

2127 3493 2244 3539 σεν,
2300 3475 2424 3528 οὐδὲ
2477 3476 2741 3546 τέρπεται
2791 3477 2878 3529 ἐπ’
2935 3473 3186 3545 ἀπωλείᾳ
3241 3473 3483 3538 ζώντων.
3523 3492 3540 3525 ι
3591 3476 3706 3528 Καὶ

2128 3568 2238 3640 γάρ
2295 3568 2324 3621 ό
2372 3568 2602 3631 θάνατος
2635 3568 2916 3640 ἁμαρτίας
2949 3569 3070 3622 ἐστὶ
3121 3567 3416 3638 καταδίκη.
3468 3569 3559 3620 Διὸ
3610 3569 3707 3621 καὶ

2125 3663 2258 3732 ἡμῖν
2312 3660 2508 3730 θνητὸν
2561 3662 2722 3732 σῶμα
2773 3662 3184 3732 περικειμένοις
3240 3661 3499 3730 ἐπήγετο.
3531 3660 3703 3714 Μέσοι

2125 3754 2234 3824 γὰρ
2282 3753 2610 3824 θνητότητος
2645 3754 2742 3808 καὶ
2785 3753 3086 3817 ἀθανασίας
3120 3753 3495 3824 ὲπλάσθημεν,
3544 3754 3609 3805 ἶν’
3653 3755 3704 3806 εί

2125 3843 2225 3912 μὲν
2269 3844 2330 3899 ὲν
2374 3843 2454 3915 τῷ
2499 3843 2651 3914 καλῴ
2698 3844 3068 3914 διαμένοιμεν,
3101 3843 3404 3898 ἀθανασίαν
3445 3843 3705 3913 κληρονο-

2124 3937 2395 4007 μήσωμεν
2421 3953 2434 3967 ·
2471 3938 2522 3990 εί
2568 3937 2628 3990 δὲ
2659 3936 2724 3988 τὸ
2771 3934 2944 3988 κακὸν
2977 3935 3364 4005 ἀγαπήσομεν,
3409 3933 3500 3986 τὸν
3533 3932 3702 3988 θάνα-

2121 4034 2214 4080 τον
2254 4025 2640 4096 ὑπομένωμεν.
2674 4025 3026 4091 Αὑτεξούσιοι
3071 4028 3180 4095 γὰρ
3209 4024 3522 4093 γεγονότες,
3550 4023 3703 4076 οὐδε-

2124 4117 2257 4188 μίαν
2285 4117 2396 4170 ἀπδ
2424 4116 2534 4171 τῶν
2567 4115 2769 4181 ἔξωθεν
2796 4117 2827 4186 ἢ
2860 4117 3000 4187 πρὸς
3025 4115 3228 4187 ἀρετὴν
3256 4115 3288 4188 ἢ
3326 4115 3464 4183 πρὸς
3497 4115 3700 4170 κακίαν

442 4211 618 4266 terius
659 4217 716 4260 ut
759 4207 847 4261 vel
903 4207 1160 4260 virtutem
1214 4205 1632 4274 amplectamur,
1689 4202 1772 4257 vel
1827 4201 2017 4258 vitium

2128 4208 2368 4279 ἀνάγκην
2423 4208 2639 4278 ἔχομεν.
2691 4206 2856 4262 Ὅθεν
2912 4209 3008 4262 καὶ
3052 4206 3275 4270 δικαίως
3335 4206 3476 4272 ἄξιοι
3526 4223 3695 4261 κατα-

438 4315 752 4370 sequamur,
789 4298 1170 4352 necessitatem
1197 4296 1483 4350 habemus.
1524 4291 1678 4350 Unde
1713 4304 1769 4349 et
1823 4293 2018 4350 merito

439 4393 589 4463 digni
625 4389 974 4445 damnatione
1003 4403 1066 4444 ac
1089 4388 1346 4442 laudibus
1396 4401 1630 4442 sumus:
1675 4387 1877 4456 quippe
1921 4386 2012 4457 qui

2119 4300 2277 4372 δίκης
2314 4302 2407 4355 καὶ
2445 4301 2690 4353 ἐπαίνων
2717 4299 2908 4368 ἐσμὲν,
2942 4301 3038 4354 ἀτε
3071 4300 3169 4370 τὴν
3203 4300 3382 4370 ἀρχὴν
3413 4299 3513 4370 τῆς
3544 4299 3701 4370 κινή⁸

2123 4409 2263 4455 σεως
2311 4391 2526 4445 οῐκοθεν
2579 4392 2942 4460 κεκτημένοι,
2998 4393 3129 4447 ὅταν
3185 4408 3240 4445 τι
3298 4389 3697 4462 προαιρὼμεθα

437 4495 622 4540 motus
650 4481 1006 4552 principium,
1040 4495 1165 4535 cum
1200 4479 1405 4549 aliquid
1435 4493 1595 4549 agere
1656 4478 2012 4543 voluerimus,
2048 4478 2093 4537 D
2123 4485 2408 4555 πράττειν.

435 4593 499 4635 ex
532 4577 708 4632 nobis.
744 4575 1064 4628 habeamus.

507 4672 600 4726 Dei
650 4670 834 4738 itaque
884 4665 1054 4720 Filius
1096 4663 1274 4720 factus
1327 4663 1515 4726 homo,
1571 4660 1740 4715 animi
1795 4661 2014 4732 quidem

435 4776 667 4821 mortem
705 4777 815 4816 non
845 4758 1126 4815 sustinuit.
1157 4756 1444 4824 Quomodo
1478 4755 1648 4822 enim,
1681 4754 1858 4826 quiex
1891 4753 2014 4809 Vir-

2201 4666 2260 4719 Ὀ
2305 4666 2488 4720 τοίνυν
2541 4665 2669 4728 Υἱὸς
2713 4663 2809 4719 τοῦ
2844 4647 2982 4719 Θεοῦ
3041 4666 3335 4735 γενόμενος
3385 4664 3694 4735 ἄνθρωπος,

2113 4759 2350 4830 ψυχικὸν
2397 4759 2495 4830 μὲν
2525 4758 2628 4813 οὐκ
2666 4758 2972 4840 ,ἐπεπόνθει
3019 4758 3270 4813 θάνατον.
3321 4759 3444 4822 Πῶς
3473 4761 3603 4830 γὰρ,
3637 4759 3698 4821 ὃς

434 4858 561 4930 gine
589 4864 750 4909 natus
778 4861 922 4907 esset
957 4849 1054 4907 :ct
1081 4851 1136 4905 in
1164 4851 1326 4921 cujus
1360 4865 1457 4904 ore
1494 4865 1598 4902 non
1635 4857 1720 4904 est
1748 4848 2010 4904 iuventus

2128 4861 2178 4906 ix
2214 4849 2490 4924 Παρθένου
2540 4849 2887 4930 γεγέννηται,
2927 4849 3052 4904 οὐδὲ
3083 4849 3280 4922 εὑρέθη
3312 4849 3466 4913 δόλος
3513 4853 3571 4904 ὲν
3617 4850 3695 4920 τῷ

433 4930 593 5003 dolus
623 4946 712 5000 "1'
783 4944 993 4998 Idcirco
1027 4958 1130 4998 nec
1153 4941 1402 5012 corporis
1424 4941 1642 5011 quidem
1692 4940 1854 4996 morti
1913 4939 2013 4994 ob~

432 5037 631 5103 noxius
662 5046 803 5101 erat,
838 5048 948 5104 qua
984 5033 1197 5088 ratione
1219 5034 1289 5087 ab
1317 5031 1466 5085 omni
1497 5033 1795 5088 immunem
1853 5030 2011 5100 culpa

433 5130 603 5185 vitam
635 5128 970 5183 traduxerat.
997 5123 1238 5194 Operam
1269 5131 1453 5176 tamen
1526 5123 1844 5176 conferente
1892 5114 2012 5176 dia-

433 5224 558 5279 bolo
612 5237 708 5293 per
778 5219 1020 5275 deicidas
1071 5215 1291 5271 Judzeos
1354 5223 1548 5284 sponte
1598 5230 1719 5268 eam
1774 5216 2015 5286 suscepit

432 5327 652 5389 propter
699 5329 823 5369 nos.
861 5311 1000 5364 Mori
1054 5310 1200 5363 enim
1285 5317 1494 5374 poterat
1575 5307 1723 5375 quod
1773 5317 2008 5361 veterem

428 5411 695 5464 Adamum
736 5405 1003 5458 induerat.
1041 5399 1108 5454 Et
1138 5398 1265 5467 quia
1293 5407 1348 5450 ut
1373 5409 1682 5451 moreretur
1741 5398 1792 5451 in
1841 5413 2006 5454 causa

431 5517 538 5554 non
568 5499 672 5553 fuit
698 5501 984 5564 peccatum
1036 5491 1289 5561 originis,
1341 5504 1499 5543 suum
1558 5493 1774 5544 rursus
1811 5506 2010 5562 corpus

428 5592 651 5658 recepit.

501 5711 546 5740 “
580 5707 736 5763 ﬂetu.
773 5723 828 5774 v,
869 5707 949 5761 l5.
1025 5705 1110 5760 ³⁸1
1141 5705 1268 5759 Cor.
1311 5719 1399 5767 xv,
1435 5704 1523 5760 45.
1603 5705 1648 5737 ³⁸
1681 5705 1880 5763 thes.
1939 5723 1996 5775 ti,

2128 5753 2129 5757 η
2210 5708 2252 5738 ³⁷
2287 5706 2413 5775 Ξειρ.
2445 5686 2505 5771 1,⁸
2535 5706 2614 5758 15.

429 5795 486 5834 ιι.
510 5777 600 5832 25.

2123 4945 2354 5012 στόματι
2411 4940 2619 5007 αὐτοῦς
2681 4928 2779 4994 Διὰ
2837 4939 2995 4994 τοῦτο
3047 4940 3168 4993 οὐδὲ
3225 4941 3319 4994 τὸν
3381 4941 3694 5011 σωματικὸν

2122 5035 2416 5089 ἀποθανεῖν
2486 5033 2709 5104 ὤφειλε,
2778 5034 2968 5088 καθότι
3029 5033 3416 5105 ἀναμάρτητος
3483 5033 3692 5086 διεϐίω.

2121 5126 2314 5196 Ὅμως
2366 5125 2456 5179 τοῦ
2515 5125 2760 5179 διαϐόλου
2799 5126 3234 5194 συνεργήσαντος
3285 5124 3373 5178 διὰ
3412 5123 3520 5176 τῶν
3573 5123 3692 5176 θεο-

2120 5219 2326 5274 κτόνων
2364 5217 2655 5281 Ἰουδαίων,
2699 5215 2841 5269 ἑκὼν
2883 5217 3046 5269 αὐτὸν
3084 5216 3381 5282 ὑπεδέξατο
3422 5214 3490 5269 δι’
3521 5216 3691 5284 ἡμᾶς.

2130 5309 2449 5363 Ἀποθανεῐν
2502 5307 2613 5376 γάρ
2651 5305 2896 5370 ἐδύνατο,
2943 5307 3035 5359 τὸν
3065 5305 3296 5360 παλαιὸν
3336 5305 3510 5375 ’Δδάμ
3546 5306 3695 5359 ἐνδυ·

2120 5404 2374 5472 σίμενος.
2449 5400 2561 5453 Καὶ
2640 5398 2874 5468 ἐπείπερ
2942 5398 3043 5452 οὐκ
3116 5398 3358 5453 ἀπέθανε
3435 5397 3526 5451 διὰ
3592 5398 3692 5467 τὴν

2117 5493 2455 5566 προγονικὴν
2519 5492 2834 5561 ἁμαρτίαν,
2909 5491 3074 5545 πάλιν
3143 5491 3205 5545 τὸ
3268 5490 3465 5546 ἑαυτοῦ
3531 5489 3692 5561 σῶμα

2116 5587 2377 5641 ἀνείλετο.

2727 5701 2812 5755 ³⁸1
2873 5702 3001 5757 Cor.
3037 5715 3126 5768 xv,
3163 5701 3250 5757 56.
3363 5700 3411 5736 ”
3461 5699 3480 5755 ι
3539 5698 3686 5755 Petr.
