4088 6450
315 489 418 555 593

1308 494 1410 554 DE
1458 493 1881 557 remanens
1925 493 2137 557 FlDEI
2169 461 2636 563 camenae.

2003 373 2033 383 η,
2066 372 2115 381 ,,
2130 357 2195 376 ,Αἵ
2215 365 2228 376 ι

3463 504 3572 568 594

385 602 476 673 τῷ
522 600 617 657 οὖν
644 603 861 659 θανάτω
904 609 1003 658 τοῦ
1058 604 1307 659 διαϐόλου
1342 607 1567 660 διπλοῦν
1616 606 1893 677 ἐπάθομεν

2076 602 2283 667 Diaboli
2310 596 2494 686 itaque
2523 621 2697 669 morte
2736 611 3006 683 duplicem
3032 612 3177 684 passi
3207 630 3394 671 sumus
3421 630 3568 673 mor-

317 693 548 747 θάνατον
572 709 588 725 ο
622 692 702 763 τῷ
739 693 797 747 δὲ
826 693 983 762 ἀπλῷ
1024 696 1119 748 καὶ
1152 696 1234 749 ἑνὶ
1271 697 1485 768 θανάτῳ
1514 697 1607 751 τοῦ
1647 699 1883 768 Χριστοῦ

314 787 392 856 τῷ
438 788 810 858 προαιρετικῷ
862 788 959 843 τοῦ
1004 791 1236 845 θανάτου
1269 793 1747 864 ἠλευθερώθημεν,
1794 795 1890 848 καὶ

316 881 743 953 ὲζωποιήθημεν
777 883 847 937 δι’
880 882 1071 938 αὐτοῦ.
1110 884 1244 949 Καὶ,
1287 884 1361 948 ὣς
1409 902 1579 956 φησιν
1633 888 1887 949 Ἡσαΐας.

320 997 339 1025 ε
375 974 464 1043 Τῷ
513 973 743 1041 μῖ.λωπι
791 975 957 1029 αὑτοῦ
991 979 1155 1046 ήμείς
1206 978 1409 1041 πάντες
1456 978 1713 1049 ίάθημεν.
1749 997 1769 1032 ι
1826 978 1891 1031 Εί

316 1064 422 1134 γὰρ
458 1065 557 1118 καὶ
599 1063 940 1135 σωματικῶς
969 1064 1394 1137 ἀποθνήσκομεν
1439 1066 1531 1120 διὰ
1579 1068 1648 1121 τὸ
1696 1066 1893 1138 θνητὸν

319 1158 500 1225 σῶμα,
528 1156 665 1211 ἀλλά
690 1156 853 1212 πάλιν
889 1158 1184 1212 ἀναλαϐεῖν
1214 1160 1547 1230 πιστεύομεν
1568 1160 1637 1213 τὰ
1664 1159 1895 1230 σώματα

321 1248 575 1319 ήμῶνοὲν
616 1247 765 1321 δόξῃ,
802 1250 934 1305 ὅταν
987 1253 1018 1304 ό
1071 1250 1309 1321 Χριστὸς
1362 1250 1656 1323 φανερωθῇ
1704 1252 1738 1322 ή
1780 1250 1896 1323 ζωὴ

319 1343 502 1413 ήμῶν,
535 1342 680 1397 κατά
727 1342 821 1397 τὸν
855 1342 1130 1415 μακάριον
1176 1344 1424 1398 Παῦλονο
1452 1345 1634 1399 καίτοι
1678 1345 1759 1407 εἰς
1803 1344 1897 1397 τὸν

323 1431 465 1484 κατά
493 1431 590 1485 τοῦ
618 1430 858 1487 θανάτου
880 1432 1073 1502 ἀγῶνα
1100 1433 1256 1490 οὐδὲν
1282 1435 1444 1505 ἡμεῖς
1473 1434 1625 1506 αὐτῷ
1656 1436 1895 1507 συνηρά-

326 1522 485 1592 μεθα.
517 1522 619 1577 Διά
647 1523 705 1576 δὲ
730 1522 794 1576 τὺ
830 1524 1012 1579 κοινὸν
1039 1524 1144 1595 τῆς
1182 1525 1532 1597 ἀνθρωπίνης
1560 1525 1800 1595 φύσεως,
1828 1527 1899 1599 ήν

328 1616 547 1671 ἃπασαν
578 1616 955 1686 προσελάδετο
997 1619 1060 1672 ὲν
1105 1618 1206 1689 μιᾷ
1266 1618 1590 1683 ὑποστάσει,
1628 1620 1727 1675 καὶ
1766 1620 1899 1675 διότι

2000 711 2105 756 ιεηι
2139 717 2160 767 ;
2192 718 2406 774 unaun
2434 718 2497 761 ac
2522 705 2753 776 simplici
2783 703 2991 763 Christi
3057 714 3234 763 morte
3268 708 3359 763 illi-
3376 718 3575 775 sponte

1999 804 2275 864 suscepta,
2305 811 2333 849 a
2367 806 2541 851 morte
2573 796 2785 854 liberati
2807 814 2995 856 sumus
3026 808 3078 856 et
3107 816 3203 871 per
3257 816 3377 856 eam
3438 802 3580 858 vivi-

2001 888 2167 945 ﬁcati.
2244 887 2442 961 Atque,
2489 900 2546 945 ut
2580 891 2745 947 lsaias
2801 892 3091 964 loquitur:
3162 913 3182 945 ι
3218 893 3415 949 Livore
3460 897 3580 966 ejus

2000 999 2101 1039 nos
2123 998 2314 1039 omnes
2338 986 2512 1039 sanati
2538 999 2728 1041 sumus
2752 985 2816 1040 ".
2850 1004 2870 1038 ι
2910 984 3153 1042 Tametsi
3182 986 3327 1041 enim
3347 1001 3580 1055 corpore

2003 1076 2287 1143 morimur,
2321 1077 2466 1147 quod
2487 1077 2716 1132 mortale
2743 1093 2944 1149 corpus
3000 1078 3301 1136 habeamus
3329 1092 3359 1156 ί¹
3401 1069 3578 1155 credi-

2004 1185 2125 1225 mus
2154 1180 2336 1226 tamen
2368 1186 2583 1227 rursum
2614 1185 2714 1227 nos
2743 1186 2970 1242 corpora
3022 1179 3209 1227 nostra
3257 1180 3580 1242 recepturos

2002 1263 2057 1317 in
2091 1264 2423 1330 claritate“,
2457 1280 2579 1319 cum
2601 1264 2854 1333 Christus
2880 1265 3199 1336 apparuerit
3228 1266 3336 1321 vita
3364 1274 3579 1327 nostra,

2006 1357 2081 1412 uti
2119 1366 2312 1412 auctor
2339 1365 2425 1413 est
2455 1356 2648 1412 beatus
2675 1356 2872 1412 Paulus
2895 1374 2918 1423 ;
2963 1359 3215 1428 quamvis
3266 1373 3442 1430 agone
3473 1373 3584 1427 quo

2007 1457 2233 1503 mortem
2269 1448 2571 1520 superavit,
2602 1448 2741 1504 nihil
2772 1448 2820 1504 ei
2842 1464 2871 1503 a
2900 1449 3060 1505 nobis
3100 1464 3280 1519 opera:
3317 1448 3582 1507 collatum

2006 1540 2098 1597 sit.
2157 1538 2238 1596 Ob
2262 1552 2470 1598 natura:
2501 1552 2682 1598 tamen
2733 1543 3208 1605 communitatem,
3243 1559 3405 1613 quam
3469 1560 3588 1597 uiit-

2009 1649 2130 1690 nem
2166 1634 2221 1689 in
2249 1650 2355 1689 una
2406 1649 2640 1705 persona
2687 1636 2923 1707 accepit,
2977 1644 3033 1691 et
3083 1637 3225 1705 quod
3295 1636 3587 1690 Dominum

329 1712 537 1781 Κύριον
565 1711 662 1764 καὶ
684 1709 957 1781 δεσπότην
980 1710 1144 1764 αὐτὸν
1169 1708 1524 1780 ἑπιδοώμεθα
1553 1714 1650 1768 καὶ
1670 1711 1902 1784 Σωτῆρα

2026 1736 2310 1795 rerumque
2332 1740 2456 1780 eum
2486 1726 2807 1783 invocamus
2831 1735 2888 1782 et
2918 1725 3257 1783 Salvatorem
3281 1725 3589 1790 laudamus,

326 1802 799 1874 πανηγυρίζομεν,
845 1804 944 1856 καὶ
988 1805 1117 1867 τοὺς
1163 1803 1465 1867 ἃπινικεους
1506 1803 1706 1875 ᾄδομεν
1751 1805 1903 1877 αὐτῷ

2026 1833 2076 1875 tc
2106 1818 2350 1875 victoria!
2384 1816 2461 1875 illi
2484 1820 2701 1877 cantica
2725 1820 2978 1876 canimus
3002 1834 3100 1890 pro
3123 1820 3317 1874 mortis
3364 1827 3590 1888 tropum.

326 1894 406 1958 είς
457 1892 561 1961 τήν
608 1891 705 1947 τοῦ
761 1890 995 1946 θανάτου
1037 1890 1216 1960 νίκην,
1265 1896 1561 1958 κοινωνοὺς
1599 1894 1700 1963 τῆς
1744 1894 1904 1963 νίκης

2026 1911 2194 1967 socios
2228 1926 2329 1967 nos
2356 1911 2602 1967 victoria:
2621 1910 2755 1971 facit
2781 1926 2847 1967 ac
2883 1911 3193 1971 libertatein
3222 1910 3431 1977 tribuit.
3483 1909 3593 1965 Deo

329 1987 565 2040 ποιεῖται
617 1985 716 2039 καὶ
763 1984 862 2053 τὴν
910 1984 1233 2054 ἐλευθερίαν
1264 1986 1578 2055 χαρίζεται.
1635 1961 1744 2040 Τοῦ
1794 1961 1904 2056 γάρ

2026 2004 2156 2061 :nim
2184 2003 2345 2060 Patre
2369 2012 2426 2062 et
2461 2002 2598 2059 Filio
2627 2012 2685 2060 et
2738 2002 2947 2075 Spiritu
3008 1973 3408 2058 condemnante
3463 2001 3589 2058 dia-

329 2077 464 2131 Θεοῦ
515 2077 611 2131 τοῦ
660 2077 894 2148 Πατρός,
953 2077 1050 2131 καὶ
1099 2077 1229 2131 Υίοῦ
1282 2079 1380 2132 καὶ
1433 2078 1530 2132 τοῦ
1590 2079 1906 2150 Πνεύματος

2026 2094 2216 2162 Jolum,
2249 2096 2393 2165 quod
2426 2095 2630 2167 injuste
2649 2111 2776 2152 eum
2798 2104 2975 2154 morte
3026 2093 3278 2152 olfecerit
3319 2095 3414 2166 qui
3465 2096 3593 2151 nul-

331 2169 793 2234 καταδικάσαντος
810 2169 903 2223 τὸν
926 2169 1286 2236 διάϐολον,ὥς
1310 2170 1514 2234 ἀδίκως
1538 2170 1907 2239 ὲπενεγκόντα

2030 2187 2113 2242 ius
2150 2188 2364 2257 peccati
2399 2187 2516 2259 ipse
2546 2203 2678 2245 reus
2710 2196 2851 2254 erat,
2908 2182 3080 2247 teneri
3163 2203 3194 2244 a
3248 2196 3429 2245 morte
3472 2187 3592 2258 ipsa

331 2265 410 2335 τῷ
455 2265 832 2335 ἀναμαρτήτῳ
876 2265 985 2317 τὸν.
1017 2263 1273 2327 θάνατον,
1327 2264 1429 2317 ούκ
1474 2264 1752 2335 ἐκρατήθη
1804 2264 1909 2318 ύπδ

272 2428 287 2441 .
314 2359 427 2440 ,τοῦ
461 2357 699 2411 θανάτου
736 2359 770 2428 ή
800 2357 1048 2428 αὐτοζωή
1075 2372 1089 2388 ο
1120 2356 1239 2410 ἀλλ’
1278 2355 1354 2420 ὡς
1383 2354 1589 2425 Κύριος
1612 2356 1713 2426 τῆς
1750 2354 1911 2428 δόξης

336 2448 749 2522 summm-9
803 2446 1025 2518 ἐξουσία
1088 2446 1182 2500 τὸν
1230 2445 1470 2516 ἄρχοντα
1537 2444 1630 2498 τοῦ
1686 2446 1910 2510 σκότους

337 2540 431 2593 καὶ
476 2539 573 2602 τὰς
619 2538 714 2592 ὑπ’
765 2536 916 2609 αὐτῷ
961 2535 1227 2606 δυνάμεις
1279 2536 1615 2607 κατήνεγκε,
1665 2538 1762 2591 καὶ
1814 2537 1917 2609 τὴν

341 2639 492 2708 ίσχὺν
530 2636 754 2690 ἐκείνων
780 2635 989 2690 διέλυσε
1016 2651 1031 2667 θ
1059 2635 1155 2688 καὶ
1181 2633 1325 2688 οὕτω
1346 2632 1446 2696 τάς
1472 2632 1571 2702 μὲν
1596 2631 1778 2702 ψυχὰς
1806 2632 1917 2687 τῶν

343 2730 510 2798 ἀγίων
536 2771 550 2789 ,
607 2730 657 2783 οἳ
716 2729 809 2783 καὶ
854 2728 1017 2784 αὐτὸν
1073 2726 1423 2797 ἐξεδέχοντο,
1488 2724 1617 2788 τοὺς
1678 2725 1916 2794 δεσμοὺς

340 2822 637 2894 διαρρήξας
683 2821 942 2885 ἀπέλυσε,
982 2821 1078 2875 καὶ
1134 2821 1257 2890 μεθ’
1292 2821 1490 2876 ἑαυτοῦ
1535 2819 1737 2885 ταύτας
1781 2822 1918 2893 ἀνή-

342 2930 531 2984 γαγεν.
560 2912 843 2985 ἐλευθερίᾳ
871 2913 1112 2983 τιμήσας
1138 2927 1155 2946 ο
1197 2913 1278 2968 ἔτι
1311 2914 1368 2969 δὲ
1398 2916 1623 2971 καὶτῶν
1646 2915 1728 2978 είς
1754 2915 1919 2970 αὑτὸν

342 3006 468 3074 ἀρτι
501 3004 624 3057 τότε
663 3002 1114 3070 πεπιστευκότων
1138 3018 1155 3035 ’
1187 3003 1487 3059 ἀνελάϐετο
1524 3005 1581 3059 δὲ
1612 3004 1673 3060 τὸ
1721 3002 1919 3058 ἑαυτοῦ

345 3096 525 3167 σῶμα,
552 3095 649 3150 καὶ
676 3094 879 3167 ἀνέστη
919 3096 1222 3168 τριήμερος
1260 3097 1493 3168 νικητής
1532 3097 1625 3150 τοῦ
1662 3095 1920 3163 θανάτου,

343 3189 412 3242 τά
457 3188 629 3259 σκεύη
681 3187 778 3243 τοῦ
827 3190 1090 3261 ἀρχοντος
1143 3191 1471 3263 συντρίψας,
1523 3190 1921 3269 καὶικαθάπερ

344 3278 692 3349 αἰχμάλωτον
714 3278 879 3333 αὐτὸν
909 3283 1281 3353 καταστήσας.

416 3363 550 3424 Εἶτα
605 3372 702 3425 καὶ
752 3370 925 3443 ἐφάνη
977 3373 1091 3436 τοῖς
1144 3374 1435 3442 μαθηταῖς,
1471 3375 1568 3428 καὶ
1613 3361 1782 3443 ἔφαγε
1828 3373 1923 3427 καὶ

345 3461 693 3535 ἐψηλαφήθη,
727 3462 819 3519 διὰ
851 3463 1021 3534 μόνην
1043 3463 1141 3534 τὴν
1178 3465 1277 3535 τῆς
1305 3466 1676 3532 ἀναστάσεως,
1695 3465 1768 3530 ὡς
1792 3464 1927 3535 ἔφη·

351 3572 471 3627 μεν,
510 3555 772 3610 πίστωσιν
793 3559 809 3587 ⁶
836 3557 932 3610 καὶ
971 3556 1129 3621 τέλος
1159 3559 1242 3621 είς
1274 3557 1367 3612 τὸν
1398 3559 1623 3630 οὐρανὸν
1647 3557 1926 3630 ἀνελήφθη

350 3649 571 3704 πάντων
620 3648 910 3722 ὁρώντων,
968 3650 1065 3704 ἐπὶ
1125 3650 1352 3722 μηδενὸς
1409 3628 1604 3705 τούτου
1657 3628 1932 3721 πρότερον

349 3742 656 3809 γεγονότος.
702 3742 761 3795 ’0
800 3742 906 3811 γὰρ
945 3743 1133 3807 Ἠλίας
1165 3743 1466 3812 ἀρπαγεὶς,
1496 3743 1599 3796 οὐκ
1642 3743 1729 3805 είς
1760 3743 1931 3812 ούρα-

351 3835 461 3895 νὶιν,
509 3832 625 3888 ἀλλ’
660 3852 679 3885 ι
716 3834 793 3896 ὡς
845 3835 926 3898 είς
981 3834 1213 3904 οὐρανὸν
1247 3852 1264 3886 ι
1302 3834 1627 3907 ἀρπαγῆναι
1683 3833 1927 3902 λέγεται.

361 3946 379 3978 ι
420 3927 614 3988 υῦδεὶς
648 3925 760 3996 γάρ
792 3926 1142 3995 ἀναὸἐὸηκεν
1174 3926 1257 3988 είς
1295 3927 1386 3978 τὸν
1419 3925 1670 3995 οὐρανὸν,
1717 3928 1765 3979 εἰ
1797 3927 1873 3996 μή
1901 3927 1930 3979 ό

355 4020 418 4071 ὲκ
446 4018 540 4071 τοῦ
577 4016 810 4087 ούρανοῦ
864 4015 1131 4080 καταϐάς.
1168 4035 1187 4068 ι
1235 4017 1347 4070 Καὶ
1395 4019 1422 4071 ό
1471 4016 1573 4089 μὲν
1620 4016 1713 4070 ὑπ’
1745 4017 1930 4083 ἄλλου,

356 4112 384 4163 ὁ
430 4110 487 4163 δὲ
540 4109 775 4180 Χριστὸς
826 4090 993 4168 αὐτὸς
1049 4108 1140 4180 ὑφ’
1172 4107 1367 4161 ἑαυτοῦ
1421 4111 1504 4170 είς
1549 4107 1642 4163 τὸν
1698 4109 1934 4180 οὐρανὸν

356 4202 678 4274 ἀνεφέρετο.
739 4201 1096 4271 Πρωτότοκος
1152 4195 1247 4255 οὖν
1296 4201 1361 4254 ὲκ
1414 4201 1525 4255 τῶν
1574 4201 1787 4272 νεκρῶν
1841 4204 1939 4256 καὶ

254 4278 259 4281 ’
358 4295 582 4365 ἀπαρχὴ
612 4292 721 4347 τῶν
748 4293 1176 4364 κεκοιμημένων
1205 4294 1521 4364 γενόμενος,
1547 4292 1770 4355 ἐλπίδας
1800 4294 1935 4362 ήμῖν

361 4389 668 4460 παρέσχετο
712 4374 808 4441 τοῦ
856 4388 953 4441 καὶ
982 4387 1132 4458 ἡμᾶς
1169 4387 1262 4440 τὸν
1286 4387 1475 4456 ὅμοιον
1526 4385 1935 4456 ἀναστήσεσθαι

360 4481 580 4551 τρόπον,
616 4482 711 4534 καὶ
753 4479 902 4550 αὐτῷ
934 4478 1414 4548 παραστήσεσθαι,
1456 4477 1535 4548 τῷ
1564 4478 1798 4549 ἀρχηγῷ
1838 4479 1936 4549 τῆς

363 4573 636 4645 σωτηρίας
678 4571 920 4642 ήμῶν,ή
967 4569 1490 4640 δοξασθησομένους,
1525 4568 1931 4641 ήνκολασθησο-

1948 3302 1995 3367 C

2012 2292 2139 2333 vere
2174 2278 2286 2333 vita
2329 2293 2439 2334 non
2505 2279 2680 2348 potuit
2701 2277 2788 2345 “;
2857 2276 2955 2334 sed
3017 2286 3274 2347 tanquam
3329 2276 3595 2335 Dominus
3698 2347 3703 2352 ,

2009 2371 2199 2443 gloria:
2227 2369 2517 2427 excellenti
2569 2370 2815 2440 potentia
2873 2371 3226 2425 tenebrarum
3290 2368 3595 2438 principem

2014 2479 2121 2517 uua
2164 2476 2285 2516 cum
2343 2460 2607 2533 subjectis
2650 2461 2701 2518 ei
2759 2461 3130 2532 potestatibus
3192 2458 3502 2530 proﬂigavit
3529 2458 3597 2522 ”,

2013 2570 2312 2625 eorumque
2367 2555 2536 2610 robur
2580 2554 2863 2623 dissolvit;
2897 2563 3061 2625 atque
3119 2553 3173 2608 in
3205 2567 3330 2609 eum
3369 2552 3590 2607 modum

2016 2656 2332 2702 sanctorum
2375 2644 2596 2715 quidem
2647 2644 2862 2701 animas
2901 2643 3084 2717 (cujus
3113 2658 3212 2714 spe
3252 2643 3598 2710 tenebantur)

2016 2737 2283 2808 disruptis
2332 2737 2569 2793 vinculis
2630 2736 2891 2802 absolvit,
2933 2735 3317 2804 libertatisque
3373 2749 3599 2788 munere

2018 2828 2270 2895 donatas,
2299 2844 2407 2883 una
2438 2842 2626 2884 secum
2678 2821 2935 2894 reduxit,
2968 2842 3267 2896 eorumque
3316 2834 3600 2896 praeterea,

2019 2919 2114 2992 qui
2148 2928 2278 2975 tunc
2307 2934 2498 2976 recens
2524 2918 2579 2974 in
2606 2933 2733 2975 eum
2776 2917 3153 2974 crediderunt.
3195 2917 3605 2987 Resumptoque

2022 3028 2123 3071 suo
2168 3026 2400 3081 corpore
2443 3011 2733 3067 triduanus
2768 3010 2963 3067 mortis
3001 3010 3176 3066 victor
3221 3009 3440 3074 revixit,
3472 3022 3605 3063 con-

2024 3104 2167 3159 tritis
2216 3102 2478 3174 principis
2511 3103 2680 3168 vasis,
2702 3118 2767 3160 ac
2808 3119 2909 3161 seu
2963 3101 3238 3171 captivum
3285 3100 3490 3157 carceri
3540 3114 3608 3155 ac

2024 3197 2262 3253 vinculis
2293 3197 2525 3254 addixit.

2103 3375 2309 3431 Deinde
2350 3374 2514 3430 etiam
2549 3389 2607 3429 se
2637 3374 2927 3445 discipulis
2964 3373 3324 3445 conspicuum
3359 3369 3523 3437 fecit,
3553 3376 3610 3424 et

2034 3467 2403 3535 manducavit,
2437 3483 2503 3524 ac
2546 3467 2752 3540 palpari
2787 3468 2980 3535 voluit,
3013 3471 3084 3524 ob
3120 3468 3277 3523 [idem
3324 3482 3612 3523 resurrec-

2033 3561 2200 3615 tionis
2230 3560 2406 3615 solum
2431 3558 2783 3616 astruendam
2797 3558 2958 3622 “,uti
2983 3557 3263 3622 diximus;
3294 3572 3360 3613 ac
3393 3558 3611 3612 demum

2032 3651 2245 3708 cunctis
2294 3651 2609 3707 videntibus
2660 3651 2715 3705 in
2777 3650 2975 3707 coelum
3039 3649 3328 3712 ascendit,
3381 3663 3505 3704 cum
3556 3649 3611 3701 iu

2035 3746 2182 3801 nullo
2207 3744 2287 3799 sic
2308 3760 2550 3815 unquam
2580 3743 2923 3815 contigisset.
2948 3739 3087 3797 Nam
3120 3740 3268 3795 Elias
3292 3750 3481 3811 raptus
3502 3751 3610 3803 est,

2036 3853 2140 3890 non
2192 3837 2244 3889 in
2296 3836 2521 3901 coelum,
2573 3835 2706 3899 sed,
2745 3852 2765 3885 ι
2824 3834 2983 3904 quasi
3019 3832 3077 3888 in
3123 3831 3321 3887 coelum
3361 3848 3381 3882 ι
3427 3839 3617 3899 raptus

2035 3926 2433 3999 perhibetur".
2459 3946 2479 3978 ι
2508 3923 2680 3981 Nemo
2710 3926 2858 3981 enim
2891 3923 3141 3982 ascendit
3164 3924 3219 3977 in
3249 3923 3472 3986 calum,
3507 3924 3615 3975 nisi

2035 4021 2130 4091 qui
2176 4018 2456 4075 descendit
2495 4020 2564 4075 de
2600 4018 2829 4097 ctelo‘f.
2871 4038 2890 4071 ι
2921 4022 3000 4073 Ac
3044 4017 3266 4088 quidem
3296 4016 3465 4077 Elias,
3506 4015 3618 4068 alin
3652 4056 3661 4073 .

2037 4115 2393 4181 sublevante,
2436 4113 2692 4170 Christus
2736 4128 2890 4181 vero,
2930 4111 3045 4184 ipse
3075 4126 3107 4167 ιι
3141 4126 3203 4168 se
3240 4109 3520 4165 ferebatur
3562 4109 3618 4163 in

2037 4208 2261 4264 omium.
2294 4204 2398 4273 Qui
2451 4206 2616 4278 igitur
2676 4226 2695 4258 ι
2752 4202 3150 4277 primogenitus
3177 4218 3247 4260 ex
3289 4203 3521 4258 mortuis
3567 4214 3623 4256 rt

2036 4298 2292 4370 primitiae
2337 4296 2807 4364 dormientium",
2852 4317 2871 4350 ι
2909 4296 3086 4351 factus
3121 4297 3226 4362 sit,
3258 4309 3407 4366 spem
3460 4294 3621 4350 nobis

2038 4389 2290 4460 praebuit,
2322 4387 2437 4443 iure
2490 4397 2551 4443 ut
2593 4398 2646 4444 et
2678 4403 2778 4444 nos
2809 4389 3001 4444 eodem
3054 4388 3219 4443 modo
3247 4403 3619 4458 resurgamus,

2037 4481 2251 4552 ipsique
2280 4495 2462 4535 coram
2511 4480 2796 4544 sistamur,
2825 4481 2921 4550 qui
2957 4489 3144 4535 noster
3173 4489 3365 4534 auctor
3390 4479 3623 4534 exsistat

2040 4572 2234 4627 salutis
2254 4572 2322 4639 ⁸⁸,
2346 4579 2407 4626 ιιι
2455 4582 2548 4627 aut
2581 4573 2945 4626 immortalem
2997 4570 3248 4639 gloriam,
3291 4579 3386 4623 aut
3420 4570 3625 4639 suppli-

364 4639 556 4737 μένους
594 4639 841 4720 ἀθάνατα
867 4679 883 4694 ·
908 4639 1022 4717 ’ὅτε
1061 4639 1326 4732 δηλονότι,
1359 4639 1556 4726 καθὼς
1574 4639 1921 4732 πιστεύομεν.

2036 4665 2119 4720 cia
2146 4673 2512 4735 reportamus,
2531 4672 2661 4717 tunc
2681 4662 3105 4729 nimirum,cunt
3134 4660 3300 4733 (sicut
3324 4640 3620 4716 credimus)

359 4758 423 4814 τὺ
452 4758 707 4829 δεύτερον
734 4755 902 4811 πάλιν
926 4752 1209 4808 ἐλεύσεται
1251 4750 1439 4822 κρίναι
1475 4750 1683 4818 ζῶντας
1721 4755 1815 4831 καὶ
1853 4770 1939 4805 νε-

364 4868 554 4921 κρους.
814 4896 827 4901 μ

443 4942 505 4995 '0
529 4940 713 4996 τοίνυν
743 4940 888 4995 κατά
932 4940 1037 5011 τῆς
1085 4935 1440 5012 ἀνθρωπίνης
1473 4934 1689 5006 φύσεως
1719 4934 1944 5005 ἐπαιρό-

368 5050 552 5103 μενος,
583 5035 679 5088 καὶ
715 5034 817 5104 τὴν
859 5033 1186 5103 οἰκουμένην
1223 5029 1299 5093 ὡς
1341 5026 1563 5083 νοσσιὰν
1591 5026 1947 5099 καυχώμενος

366 5125 802 5197 καταλήψεσθαι,
829 5123 926 5179 νῦν
959 5123 1052 5194 ὑφ’
1091 5121 1253 5193 ήμῶν
1280 5119 1611 5192 ἀμπαίξεται
1661 5123 1757 5175 καὶ
1786 5120 1952 5189 γελᾶ-

365 5237 457 5272 ται
506 5219 617 5274 τῶν
666 5217 760 5272 τὸν
813 5217 1052 5288 Χριστὸν
1107 5213 1585 5287 προσκυνούντων,
1641 5213 1733 5265 τὸν
1785 5212 1949 5266 αὐτὸν

367 5308 505 5379 ὁμοῦ
533 5309 668 5363 Θεὸν
708 5309 804 5362 καὶ
832 5308 1141 5379 ἄνθρωπον,
1172 5308 1268 5361 καὶ
1299 5303 1570 5378 βοώντων,
1604 5323 1623 5355 ι
1670 5302 1951 5374 Ἐπεφάνη

372 5405 405 5472 ἡ
455 5404 616 5476 χάρις
649 5402 744 5457 τοῦ
796 5401 936 5455 Θεοῦ
984 5404 1017 5472 ή
1072 5404 1340 5472 σωτήριος
1391 5401 1561 5454 πᾶσιν
1612 5397 1944 5469 ἀνθρώποις,

372 5496 708 5550 παιδεύουσα
761 5496 932 5566 ἡμᾶς,
987 5494 1077 5548 ἴνα
1124 5493 1497 5563 ἀρνησάμενοι
1547 5490 1645 5562 τὴν
1689 5488 1949 5570 ἀσέϐειαν

375 5590 468 5643 καὶ
501 5589 600 5653 τὰς
648 5605 794 5660 κοσμ
821 5589 923 5651 κάς
952 5586 1271 5657 ἐπιθυμίας,
1317 5583 1612 5655 σωφρόνως
1652 5582 1749 5635 καὶ
1790 5582 1947 5634 εὐσε-

376 5681 486 5745 ϐῶς
526 5681 783 5752 ζήσωμεν
827 5681 884 5731 ὲν
935 5677 1013 5748 τῷ
1063 5677 1219 5730 αἰῶνι
1269 5674 1466 5747 τούτῳ,
1514 5692 1531 5726 ι
1587 5672 1787 5728 Οὐκέτι
1842 5672 1950 5741 γάρ

451 5881 496 5916 ⁸⁸
534 5882 636 5938 lsa.
673 5897 788 5943 Lm,
820 5881 871 5934 5.

2041 4755 2282 4811 secundo
2313 4754 2512 4810 iterum
2546 4753 2724 4810 veniet
2756 4744 2909 4809 vivos
2938 4762 3098 4822 atque
3125 4762 3373 4810 mortuos
3408 4751 3626 4822 judica-

2045 4856 2224 4902 Illl'llS.

2118 4938 2173 4995 Is
2219 4938 2384 5010 igitur
2433 4937 2527 5009 qui
2578 4934 2843 4993 adversus
2891 4936 3193 4992 humanum
3235 4952 3410 5009 genus
3439 4935 3632 4991 ein-rc-

2054 5032 2236 5097 batur,
2297 5031 2498 5102 quippe
2556 5030 2650 5099 qui
2721 5027 2869 5084 velut
2922 5028 3110 5083 nidum
3132 5029 3197 5093 δ’,
3257 5044 3316 5093 se
3360 5036 3630 5100 terrarum

2053 5122 2242 5178 orbem
2276 5121 2804 5192 comprehensurum
2845 5119 3205 5192 gloriabatur,
3238 5134 3268 5174 a
3298 5119 3456 5175 nobis
3487 5135 3655 5185 nunc

2053 5214 2255 5271 Christi
2291 5214 2385 5269 Dei
2406 5212 2937 5285 simulbominisque
2962 5212 3264 5268 cultoribus
3287 5213 3532 5268 illuditur
3569 5228 3635 5268 ac

2054 5305 2355 5372 deridetur,
2395 5307 2596 5375 quippe
2615 5305 2710 5376 qui
2745 5306 3079 5361 clamcmus:
3112 5324 3132 5358 ι
3166 5306 3430 5377 Apparuit
3461 5305 3633 5375 gratia

2056 5394 2152 5473 Dei
2183 5396 2444 5451 salutaris
2463 5396 2719 5451 omnibus
2747 5395 3082 5461 hominibus,
3116 5398 3376 5453 erudiens
3412 5410 3533 5464 nos,
3576 5405 3637 5451 ut

2058 5487 2392 5558 abnegantes
2421 5487 2751 5556 impietatem
2769 5498 2823 5544 et
2847 5490 3129 5545 saacularia
3146 5488 3436 5551 desideria,
3451 5483 3636 5542 sobrie

2058 5588 2112 5637 et
2129 5580 2215 5651 pie
2236 5580 2482 5636 vivamus
2505 5580 2559 5634 in
2586 5581 2690 5636 hoc
2705 5582 2905 5638 saeculo
2922 5580 3009 5636 δ”.
3025 5602 3043 5634 ι
3069 5581 3187 5637 Non
3201 5582 3341 5636 enim
3355 5578 3465 5648 jam
3484 5578 3639 5634 dein-

2059 5689 2186 5746 ceps
2274 5676 2431 5731 nobis
2486 5677 2838 5747 exprobrabit
2887 5693 2950 5733 ac
3013 5674 3631 5744 condemnabit,~quo.l

949 5879 992 5911 ⁵⁸
1023 5880 1236 5934 Cnloss.
1277 5895 1357 5943 tu,
1390 5883 1441 5938 4.
1521 5882 1564 5914 δ’
1620 5882 1737 5936 Act.
1764 5899 1822 5948 ιι,
1852 5880 1921 5934 24

2026 5878 2068 5912 ³³
2100 5879 2230 5936 Luc.
2260 5895 2332 5941 xt.
2361 5879 2451 5934 22.
2530 5877 2577 5910 “
2602 5878 2719 5933 Act.
2752 5895 2789 5937 ι.
2817 5880 2868 5943 5,
2904 5880 2959 5943 4,
2990 5880 3071 5948 9.,
3121 5877 3165 5911 ⁸³
3199 5876 3265 5931 lV
3300 5876 3429 5948 Reg.
3456 5894 3515 5942 ιι,
3549 5877 3638 5933 Η.

386 5952 429 5983 ⁸⁸
454 5942 610 6011 Jbau.
642 5942 848 6019 m,'l5.
924 5950 966 5983 ⁸⁷
994 5949 1203 6006 Coloss.
1243 5965 1281 6017 ι,
1315 5951 1377 6006 l8
1410 5951 1569 6007 ICor.
1607 5967 1680 6017 ιιι,
1717 5942 1820 6006 ⁸2οί
1888 5950 1921 5982 ⁸⁸

2030 5951 2197 6016 ;Cur.
2238 5965 2290 6016 ν,
2324 5950 2409 6005 l0.
2486 5949 2531 5982 δ’
2557 5949 2664 6007 lsa.
2698 5950 2895 6005 ι.14.·
2937 5942 3008 5981 δ’*
3039 5946 3143 6003 Tit.
3182 5966 3239 6013 ιι,
3273 5950 3357 6002 Η.
