4088 6432
456 426 568 498 595
1719 427 2119 488 MANUELIS
2156 414 2463 489 CALECrE
3602 426 3714 495 595

328 536 335 545 ’
453 564 522 603 nc
574 560 721 602 unus
772 534 1046 618 quispiam
1087 544 1192 613 sit,
1229 544 1324 615 qui
1357 542 1476 613 ejus
1511 542 1719 615 peccati
1761 540 2022 612 signaculi

2134 544 2270 613 ἡμῖν
2295 543 2548 599 ὀνειδίσει
2575 559 2636 600 τε
2660 545 2755 599 καὶ
2780 543 3119 613 κατακρινεῖ,
3157 544 3236 609 ὡς
3257 543 3431 608 οὐδείς
3464 544 3580 599 ἑστι
3611 544 3713 614 τῆς

449 653 644 709 expers
668 637 776 702 sit,
811 637 886 691 ita
928 636 1212 717 nimirum,
1247 644 1306 691 ut
1334 651 1401 690 eo
1436 635 1512 690 illi
1553 634 2022 693 communicantes

2128 638 2298 691 αὐτοῦ
2368 637 2666 707 σφραγῖδος
2729 637 2834 707 τῆς
2892 636 3173 708 ἁμαρτίας
3220 638 3512 708 ἀμέτοχος,
3562 636 3708 691 ὥστε

450 744 515 786 ac
543 727 844 793 socii,,suh
879 734 1149 797 potestate
1181 741 1248 785 ac
1275 724 1664 785 communione
1709 724 1884 795 ipsius
1922 723 2022 779 diri

2128 731 2271 784 κατὰ
2299 729 2505 800 ταύτην
2546 727 2697 799 αὐτῷ
2727 728 3145 791 κοινωνοῦντας,
3177 728 3284 782 ὑπὸ
3315 728 3416 799 τὴν
3456 729 3708 794 ἐξουσίαν

453 820 641 876 mundi
658 819 889 876 rectoris
917 835 982 875 ac
1001 819 1206 889 peccati
1235 817 1478 875 auctoris
1504 817 1813 874 necessario
1830 817 2024 873 simus.

454 912 732 968 Habemus
763 910 908 967 enim
955 927 1023 967 ex
1066 917 1256 969 nostro
1287 923 1488 981 genere
1534 908 1685 965 velut
1733 908 2023 964 donarium

448 1004 794 1073 bestiamque
838 1003 1054 1068 od’erre,
1090 1016 1254 1073 quam
1312 1000 1523 1060 scilicet
1568 1001 1661 1057 Dei
1689 999 1861 1058 Filius
1884 1001 2025 1057 citra

446 1110 665 1151 omnem
718 1096 928 1167 peccati
962 1096 1142 1153 labem
1191 1093 1491 1167 assumpsit
1521 1108 1741 1150 carnem
1765 1135 1780 1162 ,
1814 1094 2027 1165 perfec-

338 1186 341 1193 “
440 1195 558 1243 tum
584 1188 846 1244 nimirum
871 1188 1149 1244 hominem
1170 1225 1186 1252 ,
1209 1202 1322 1259 quo
1345 1202 1470 1247 cum
1494 1187 1662 1245 etiam
1694 1199 2025 1257 congressus

445 1279 643 1345 hostis,
675 1281 894 1351 penitus
927 1279 1254 1352 proﬂigatus
1282 1291 1364 1339 est
1395 1299 1410 1337 :
1452 1297 1472 1333 ι
1517 1279 1678 1335 Venit
1721 1279 1889 1345 enim,
1937 1280 2025 1333 in-

441 1370 584 1440 quit,
628 1372 885 1443 princeps
914 1371 1103 1429 mundi
1146 1372 1332 1442 hujus,
1364 1379 1421 1427 et
1443 1371 1496 1427 in
1528 1385 1614 1427 me
1642 1386 1750 1427 non
1783 1369 2024 1426 inveniet

442 1460 740 1531 quidquam
762 1462 831 1516 ⁸⁶.
871 1480 890 1516 ι
938 1461 1006 1518 Et
1039 1479 1053 1518 ε
1099 1482 1117 1515 ι
1153 1460 1309 1517 Nunc
1362 1461 1614 1534 princeps
1643 1458 1830 1516 mundi
1860 1460 2025 1530 hujus

442 1553 691 1622 ejicietur
721 1552 954 1610 foras".
982 1573 1001 1607 τ

512 1731 570 1785 lu
604 1732 805 1788 eretum
833 1747 935 1804 ego
967 1742 1234 1804 receptus,
1270 1733 1577 1805 sedensque
1620 1749 1652 1790 a
1684 1734 1891 1791 dextris
1926 1732 2020 1789 Dei

443 1839 508 1880 ac
533 1824 734 1892 Patris,
768 1839 928 1894 quem
969 1826 1126 1882 nobis
1155 1841 1254 1897 per
1287 1840 1348 1883 se
1375 1826 1491 1905 ipse
1519 1826 1916 1894 reconciliavit,
1948 1825 2020 1882 ob

441 1924 729 1985 peccatum
788 1918 859 1972 ab
911 1932 977 1975 eo
1025 1919 1235 1975 aversis
1292 1934 1357 1974 ac
1399 1934 1523 1976 cum
1567 1918 1758 1975 mundi
1811 1928 2027 1976 rectore

444 2004 654 2061 radere
693 2005 920 2063 sociatis
944 2007 1247 2063 etiamnum
1300 2008 1466 2065 Deum
1501 2023 1564 2065 ac
1611 2006 1827 2064 Patrem
1861 2008 2030 2064 inter-

444 2097 607 2167 pellat
658 2113 759 2168 pro
805 2099 990 2167 nobis,
1012 2101 1092 2155 uti
1139 2101 1217 2157 ait
1250 2100 1541 2157 Paulus".
1575 2102 1653 2158 Ac
1708 2102 1929 2172 quidem
1962 2117 2027 2159 ea

441 2188 655 2246 ratione
685 2204 794 2259 qua
838 2199 924 2248 est
969 2191 1153 2258 homo,
1215 2191 1508 2257 obsecrat:
1553 2202 1617 2249 ut
1665 2203 1849 2249 autem
1899 2209 2025 2250 crum

442 2277 602 2335 Patre
632 2289 688 2336 et
715 2279 921 2351 Spiritu
954 2297 1098 2339 unus
1139 2281 1284 2339 Deus
1317 2290 1434 2351 est,
1465 2283 1767 2355 supplicum
1799 2285 2029 2355 suscipit

443 2380 590 2428 veta.
604 2371 795 2443 Magna
814 2373 1000 2445 itaque
1019 2373 1331 2432 horninibus
1352 2374 1545 2432 collata
1562 2376 2025 2449 dignitas,magna

442 2463 863 2535 ildueia,ingens
875 2466 1069 2522 honos.
1084 2464 1360 2523 Audenter
1376 2468 1522 2523 enim
1542 2468 1870 2532 dixerimus,
1887 2469 2027 2525 Deus

442 2554 757 2613 hominibus
810 2557 1124 2625 ministrat;
1182 2559 1351 2615 homo
1402 2560 1652 2615 omnium
1703 2561 2024 2631 angelorum

441 2647 696 2718 religioso
730 2647 993 2705 famulatu
1037 2650 1381 2708 adoratur'et
1413 2651 1650 2718 colitur,
1674 2651 1942 2711 habemus
1967 2654 2026 2710 in

440 2740 599 2796 emlis
620 2739 840 2797 fratrem
864 2750 920 2796 et
942 2741 1203 2799 amicum.
1226 2743 1346 2811 ipse
1362 2743 1505 2800 enim
1530 2744 1740 2813 primus
1762 2743 1815 2801 in
1840 2745 2025 2802 multis

444 2832 708 2889 fratribus
748 2833 921 2889 voluit
980 2834 1266 2905 appellari.
1294 2835 1385 2890 Ait
1431 2836 1579 2891 enim
1613 2855 1627 2892 :
1663 2855 1682 2888 ι
1711 2835 1888 2893 Dicite
1911 2824 2027 2893 Tra-

442 2924 618 2981 tribus
653 2926 869 2979 meis”.
910 2945 930 2977 ι
961 2927 1027 2981 Et
1056 2945 1070 2982 :
1098 2945 1116 2979 ι
1146 2927 1261 2982 Non
1288 2927 1403 2997 jam
1445 2928 1655 2991 vocabo
1681 2943 1778 2984 vos
1810 2944 2020 2995 servos,

440 3015 535 3071 sed
579 3015 788 3073 amicos
808 3016 876 3075 “.
925 3038 943 3070 ο
978 3016 1055 3073 ita
1089 3033 1223 3073 sane
1260 3026 1322 3073 ut
1359 3019 1519 3074 nobis
1562 3020 1843 3092 contingat
1872 3023 2021 3093 quod

442 3104 642 3163 Paulus
697 3107 817 3164 ait:
856 3126 877 3161 ι
923 3108 1109 3165 Gratia
1163 3109 1359 3165 salvati
1418 3126 1632 3175 sumus,
1685 3122 1739 3171 et
1792 3129 1902 3169 non
1953 3129 2019 3169 ex

438 3198 700 3269 operibus
733 3199 949 3269 legis".
986 3217 1007 3252 ι
1042 3198 1184 3265 Quid
1231 3201 1377 3256 enim
1431 3200 1525 3256 tali
1570 3217 1815 3273 unquam
1845 3205 2016 3276 gratia
2047 3191 2090 3247 ο

439 3290 618 3361 majus
650 3290 833 3353 fuerit,
850 3292 994 3360 quod
1028 3291 1323 3364 DeigFilius
1348 3302 1570 3365 propter
1595 3308 1698 3351 nos
1723 3309 1849 3350 cum
1880 3296 2018 3351 nihil

439 3384 541 3453 ipsi
597 3397 1083 3454 praerogassemus.
1113 3395 1311 3455 sponte
1367 3370 1468 3442 sua
1522 3386 1687 3442 homo
1739 3386 1945 3451 factus,
1986 3403 2018 3443 a

438 3475 749 3533 simulacris
789 3485 842 3533 et
881 3492 1069 3534 errore
1100 3488 1268 3549 atque
1296 3478 1432 3551 legis
1454 3479 1651 3535 umbra
1683 3493 1784 3536 nos
1816 3480 2020 3536 libera-

438 3567 598 3632 verit,
640 3581 941 3640 verumque
987 3585 1089 3627 nos
1128 3584 1194 3627 ac
1236 3570 1450 3642 justum
1489 3572 1696 3628 cultum
1735 3571 2018 3638 docuerit;

438 3660 818 3732 mediatorque
865 3669 1051 3716 noster
1095 3677 1160 3717 ac
1217 3661 1466 3733 pontifex
1501 3661 1702 3729 factus,
1750 3662 1866 3734 ipse
1897 3679 1926 3719 a
1959 3677 2019 3717 se

437 3750 863 3823 chirographum
912 3754 1127 3823 peccati
1164 3753 1335 3811 nostri
1364 3754 1756 3824 disruperit”,
1797 3754 2019 3826 Deoque

436 3843 766 3912 admoverit,
818 3859 884 3900 ac
937 3860 1063 3901 cum
1128 3845 1224 3901 illo
1277 3846 1733 3910 reconciliaverit,
1795 3847 2020 3918 suisque

440 3936 688 3993 ﬁdelibus
739 3938 1206 3993 necessitudinem
1261 3931 1471 4004 secum,
1506 3942 1809 3998 mercedem
1847 3940 2020 3996 dona-

394 4028 595 4090 everit,
628 4035 692 4082 ut
738 4025 1052 4081 ﬁrmissima
1078 4040 1175 4096 spe
1209 4027 1466 4083 sarculum
1495 4028 1600 4084 hoc
1646 4037 2014 4093 transeuntes,

437 4130 564 4171 cum
597 4116 1071 4184 emigraverimus,
1103 4131 1168 4173 ac
1190 4128 1314 4186 post
1342 4132 1523 4174 rerum
1553 4117 1929 4174 universitatis
1962 4118 2016 4171 iu

439 4208 709 4280 integrum
742 4208 1143 4266 restitutionem
1178 4224 1302 4266 cum
1327 4224 1395 4266 eo
1426 4224 1736 4266 versemur.

506 4493 605 4551 Est
628 4495 813 4566 itaque
856 4497 914 4551 in
943 4497 1163 4553 dextera
1204 4495 1294 4553 Dei
1329 4508 1384 4553 et
1418 4495 1618 4564 Patris,
1656 4517 1677 4550 ι
1713 4498 1805 4570 qui
1845 4507 1928 4556 est
1961 4497 2013 4555 in
2048 4522 2095 4582 ο

436 4588 559 4645 sinu
586 4588 846 4654 Patris,"
870 4608 888 4642 ι
927 4589 1179 4659 quamvis
1202 4590 1345 4647 inter
1375 4603 1475 4644 nos
1501 4588 1578 4644 uti
1610 4589 1887 4660 pollicitus
1907 4598 2012 4654 est,

438 4697 612 4753 usque
641 4682 706 4737 ad
749 4684 1283 4737 consummationem
1330 4681 1667 4747 versetur",
1687 4684 1934 4754 regitque
1962 4694 2015 4739 et

434 4773 637 4831 conﬁat
672 4784 918 4829 nostram
951 4772 1146 4834 vitam.
1177 4786 1301 4843 quas
1333 4772 1388 4829 in
1424 4772 1751 4829 abscondito
1803 4774 2008 4831 intelli-

434 4867 679 4936 gitur";
727 4881 888 4937 quam
930 4874 982 4923 et
1021 4866 1148 4921 inde
1180 4864 1293 4936 jam
1321 4881 1419 4937 per
1445 4872 1786 4922 sacramenta
1827 4866 2015 4937 auspi-

434 4956 660 5026 camur“;
715 4959 1244 5013 consummationem
1297 4972 1429 5013 vero
1474 4957 1620 5013 illius
1663 4958 1718 5012 iu
1769 4956 2009 5013 futurum

432 5057 853 5117 exspectamus,
897 5048 942 5104 si
985 5049 1149 5103 modo
1202 5063 1311 5113 non
1365 5048 1729 5119 negligentem
1785 5063 2009 5117 operam

433 5138 697 5194 adhibere
742 5138 1076 5201 videbimur,
1110 5146 1261 5193 tanta
1309 5138 1574 5193 nimirum
1629 5140 1906 5199 socordia,
1954 5146 2013 5191 ut

433 5231 648 5303 exiguae
698 5239 1175 5301 temporaneaeque
1220 5229 1517 5299 voluptatis
1574 5244 1762 5296 causa,
1803 5239 2011 5289 tantum

432 5339 636 5379 munus
682 5323 1020 5394 prodamus,
1070 5321 1164 5377 sed
1198 5323 1348 5380 omni
1395 5321 1703 5397 diligentia,
1737 5337 1834 5394 per
1868 5323 2015 5381 illius

434 5415 685 5469 mandata
728 5414 797 5469 ab
847 5427 1023 5483 eoque
1054 5414 1251 5468 tradita
1291 5422 1654 5481 sacramenta,
1695 5415 1748 5468 iu
1780 5414 2007 5483 patriam

432 5516 672 5563 nostram
708 5506 1122 5569 contendamus,
1156 5514 1321 5576 atque
1345 5506 1410 5560 ad
1442 5521 1561 5560 eam
1618 5523 1967 5562 recurramns
1990 5546 2011 5575 ,

432 5597 594 5666 eique
614 5604 673 5650 ut
700 5594 866 5671 capiti
890 5603 1149 5664 tanquam
1188 5596 1428 5650 membra
1459 5605 1761 5664 nectamur,
1783 5614 1847 5652 ac
1868 5598 2012 5652 sicut

505 5791 766 5867 τξνγιυιιιι.
806 5810 917 5863 xrv,
953 5796 1042 5867 50.
1119 5796 1163 5827 ⁸¹
1195 5796 1352 5852 Juan.
1399 5812 1497 5867 χιι,
1533 5799 1623 5852 51.

1734 5801 1777 5832 "
1815 5797 1972 5853 Rcui.
2016 5814 2128 5860 vrtl,
2156 5798 2246 5852 δι.

2129 821 2224 877 καὶ
2273 821 2506 892 μετοχὴν
2532 820 2699 876 αὑτοῦ
2732 819 2828 874 τοῦ
2858 817 3037 875 δεινοῦ
3096 819 3541 891 κοσμοκράτορος
3600 821 3697 874 καὶ

2125 911 2372 985 ἀρχηγοῦ
2393 914 2493 979 τῆς
2526 910 2800 983 ἁμαρτίας
2828 911 3236 981 ἀναγκάζεσθαι
3261 910 3422 969 εἶναι.
3465 912 3708 983 Ἐχομεν

2125 1003 2234 1075 γὰρ
2259 1005 2324 1058 ἐκ
2351 1004 2452 1074 τῆς
2482 1003 2765 1073 ἡμετέρας
2803 1002 3024 1071 φύσεως
3066 1004 3259 1079 ὥσπερ
3304 1004 3565 1070 ἀνάθημα
3607 1002 3705 1055 καὶ

2127 1094 2320 1149 θυσίαν
2352 1095 2756 1166 πρτσάλλεσθαι
2800 1094 2901 1169 τὴν
2957 1094 3065 1150 ὕπὸ
3113 1094 3209 1147 τοῦ
3238 1094 3375 1149 Tum}
3422 1094 3518 1148 τοῦ
3558 1093 3701 1146 Θεοῦ

2124 1187 2567 1259 προσληφθεὶὌαν
2598 1188 2780 1258 σάρκα
2802 1187 3230 1259 ἀναμαρτήτως,
3260 1187 3352 1240 τὸν
3372 1186 3577 1239 τέλειον
3607 1184 3703 1238 ἄν-

2125 1279 2346 1352 θρωπον
2371 1294 2386 1309 ·
2421 1273 2466 1347 ᾧ
2502 1278 2600 1333 καὶ
2629 1277 2958 1347 προσϐαλὼν
3001 1280 3031 1333 ὁ
3080 1277 3298 1347 ἐχθρὸς,
3350 1276 3702 1347 κατακράτος

2124 1370 2358 1442 ἡττήθη.
2398 1388 2418 1422 ι
2460 1369 2725 1441 Ἔρχεται
2749 1369 2883 1441 γὰρ,
2921 1388 2941 1422 ι
2972 1375 3165 1439 φησιν,
3211 1385 3232 1419 ι
3278 1369 3312 1422 δ
3360 1367 3550 1437 ἄρχων
3606 1367 3706 1420 τοῦ

2123 1460 2332 1533 κόσμου
2357 1460 2574 1523 τούτου,
2600 1460 2700 1514 καὶ
2730 1461 2791 1513 ἂν
2824 1460 2951 1530 ἐμοὶ
2998 1460 3234 1530 εὑρήσει
3277 1457 3452 1512 οὐδέν.
3484 1475 3504 1509 ›
3565 1459 3701 1524 Kal,

2130 1570 2150 1607 ι
2179 1551 2298 1608 Νῦν
2340 1555 2368 1607 ὀ
2427 1553 2612 1623 ᾶρχων
2662 1550 2758 1606 τοῦ
2808 1552 3019 1622 κόσμου
3059 1551 3251 1607 τούτου
3299 1549 3704 1623 ικὸληθήσεται

2123 1644 2251 1711 ἔξω.
2277 1662 2298 1697 ›

2206 1731 2564 1805 ’Δναληφθεὶς
2592 1730 2709 1799 οὖν,
2752 1730 2848 1786 καὶ
2876 1728 3113 1794 καθίσας
3145 1729 3203 1784 ιν
3231 1728 3382 1800 δεξιᾷ
3428 1727 3525 1783 τοῦ
3556 1728 3698 1783 Θεοῦ

2125 1829 2223 1893 καὶ
2246 1826 2483 1898 Πατρδς,
2515 1826 2575 1880 δν
2604 1828 2737 1895 ἡμῖν
2767 1824 2840 1879 δι’
2873 1822 3072 1880 ἑαυτοῦ
3117 1822 3478 1893 κατήλλαξεν,
3526 1823 3707 1877 ἀπαλ-

2129 1920 2504 1992 λοτριωθετσιν
2532 1919 2744 1973 ἐκείνου
2782 1917 2873 1972 διὰ
2897 1917 2998 1987 τὴν
3019 1917 3326 1988 ἁμαρτίαν,
3346 1916 3443 1969 καὶ
3480 1914 3561 1985 τῷ
3616 1931 3707 1968 κο-

2131 2016 2470 2085 σμοκράτορι
2503 2010 2925 2081 προστεθετσιν,,
2955 2006 3038 2063 ἔτι
3086 2007 3182 2063 καὶ
3236 2004 3333 2060 νῦν
3384 2004 3704 2071 ἐντυγχάνει

2129 2104 2272 2179 ὑπὲρ
2302 2104 2461 2175 ἡμῶν
2482 2100 2562 2172 τῷ
2584 2101 2704 2172 Θεῷ
2726 2101 2822 2155 καὶ
2858 2100 3055 2170 Πατρὶ,
3087 2097 3239 2155 καθά
3274 2113 3411 2168 φησι
3463 2096 3701 2159 Παῦλος.

2126 2196 2242 2252 Καὶ
2269 2195 2345 2260 ὡς
2377 2194 2478 2265 μὲν
2510 2193 2819 2264 ἄνθρωπος,
2840 2190 3154 2262 παρακαλεῖ
3176 2205 3191 2220 ο
3221 2191 3298 2254 ὡς
3334 2189 3393 2244 δὲ
3440 2188 3570 2252 Θεὸς
3622 2182 3706 2251 εἷς

2130 2288 2272 2360 μετὰ
2291 2285 2387 2343 τοῦ
2414 2286 2628 2359 Πατρὸς
2675 2284 2899 2340 καὶτοῦ
2945 2282 3289 2353 Πνεύματος,
3350 2282 3449 2345 τὰς
3491 2280 3704 2343 ίκεσίας

2125 2358 2362 2451 δέχεται.
2393 2377 2551 2448 Μέγα
2572 2372 2664 2433 οὖν
2689 2376 2910 2447 ἀξίωμα
2941 2378 3054 2441 τοῖς
3098 2373 3412 2446 ἀνθρώποις
3462 2372 3702 2427 δέδωκεο
3764 2358 3773 2367 ’

2130 2468 2376 2542 μεγάλην
2401 2466 2737 2540 παρρησίαν,
2772 2465 3021 2534 μεγάλην
3051 2462 3241 2533 τιμήν.
3275 2461 3384 2515 Καὶ
3415 2459 3529 2529 γάρ
3568 2457 3704 2529 θαρ.

2128 2546 2370 2637 ρούντως
2410 2563 2479 2618 ἂν
2504 2562 2782 2632 εἴποιμεν,
2817 2559 2977 2613 Ἔστι
3008 2555 3143 2620 Θεὸς
3171 2551 3481 2625 ἀνθρώποις
3509 2552 3696 2605 διακο-

2125 2655 2295 2725 νήσας
2315 2670 2328 2685 ’
2364 2648 2830 2721 ἔστιν’ἄνθρωπος
2858 2648 2964 2702 ὑπὸ
2985 2647 3207 2709 πάντων
3228 2642 3704 2714 προσκυνούμενος

2125 2746 2234 2800 τῶν
2263 2745 2515 2815 ἀγγέλων
2547 2756 2560 2775 ⁸
2596 2741 2746 2797 ἔστιν
2770 2743 2904 2813 ἡμῖν
2934 2742 2993 2796 ὲν
3020 2740 3271 2810 οὐρανοῖς
3325 2737 3549 2807 ἀδελφὸς
3605 2736 3704 2791 καὶ

2125 2841 2300 2913 φίλος.
2333 2838 2507 2900 Αὐτὸς
2538 2837 2646 2908 γὰρ
2678 2837 2736 2890 ὲν
2763 2834 2975 2899 πολλοῖς
3022 2833 3272 2903 ἀδελφοῖς
3329 2832 3546 2903 πρῶτος
3598 2847 3705 2883 κα-

2123 2931 2335 2987 λεῖσθαι
2357 2930 2613 3003 ἠξίωσεν.
2656 2947 2675 2982 ι
2706 2926 2915 2983 Εἴπατε
2954 2927 3082 2997 γὰρ,
3106 2944 3127 2977 ι
3161 2926 3317 2997 φησὶ,
3349 2942 3371 2979 ι
3407 2923 3543 2995 πρὸς
3574 2922 3706 2986 τοὺς

2123 3021 2386 3093 ἀδελφούς
2424 3038 2552 3094 μου.
2601 3039 2621 3072 r
2654 3019 2789 3085 Kal,
2823 3036 2842 3069 ι
2878 3017 3077 3075 Οὐκέτι
3105 3018 3252 3087 ἡμᾶς
3276 3014 3426 3070 καλῶ
3457 3013 3701 3078 δούλους,

2121 3116 2261 3175 ἀλλὰ
2289 3115 2498 3186 φίλους.
2547 3132 2565 3165 ι
2612 3112 2770 3171 Ὠσθ’
2795 3113 2930 3184 ἡμῖν
2974 3112 3005 3165 ὃ
3043 3127 3177 3180 φησι
3202 3108 3418 3173 Παῦλος
3469 3108 3705 3177 συμϐαί-

2122 3224 2256 3262 νειν.
2289 3225 2310 3259 ι
2346 3205 2550 3276 Χάριτι
2578 3204 2889 3276 ἐσώθημεν,
2921 3202 3017 3257 καὶ
3040 3202 3143 3259 οὐκ
3182 3201 3245 3269 ἑξ
3264 3199 3445 3271 ἔργων
3467 3199 3696 3269 volaema

2120 3298 2188 3352 Τί
2221 3299 2333 3368 γὰρ
2358 3297 2424 3353 ἂν
2458 3296 2546 3366 εἴη
2577 3295 2678 3364 τῆς
2700 3294 2961 3364 τοιαύτης
2999 3293 3225 3364 χάριτος
3267 3289 3476 3361 μεῖζον,
3514 3289 3549 3361 ἢ
3603 3289 3700 3344 τὸν

2122 3391 2252 3446 Υἰὸν
2279 3390 2374 3446 τοῦ
2401 3388 2539 3444 Θεοῦ
2561 3388 2630 3443 δι’
2660 3387 2808 3460 ἡμᾶς
2833 3378 3003 3459 μηδὲν
3038 3384 3561 3456 προεισενεγκόντας
3601 3382 3698 3437 ἄν-

2121 3481 2339 3551 θρωπον
2358 3479 2643 3550 γεγονέναι
2668 3479 2998 3550 θελήσαντα,
3028 3478 3140 3535 τῶν
3160 3476 3398 3534 εἰδώλων
3452 3477 3548 3531 καὶ
3599 3474 3702 3542 τῆς

2122 3571 2334 3641 πλάνης
2356 3572 2452 3623 καὶ
2484 3571 2581 3641 τῆς
2613 3568 2709 3625 τοῦ
2740 3569 2911 3640 νόμου
2940 3569 3101 3637 σκιᾶς
3143 3569 3292 3639 ἡμᾶς
3342 3566 3651 3631 ἀπαλλάξαι
3681 3582 3697 3599 ·

2121 3665 2215 3718 καὶ
2250 3661 2352 3732 τὴν
2382 3659 2647 3733 ἀληθινὴν
2675 3663 2771 3717 καὶ
2790 3659 3011 3715 δικαίαν
3047 3658 3256 3725 διδάξαι
3306 3658 3581 3729 λατρείαν,
3606 3660 3702 3711 καὶ

2124 3758 2355 3828 μεσίτην
2386 3758 2482 3815 καὶ
2508 3754 2773 3827 ἀρχιερέα
2822 3754 2981 3827 ήμῶν
3029 3752 3349 3823 γενόμενον,
3378 3751 3452 3806 ’δι’
3499 3749 3699 3805 ἑαυτοῦ

2120 3849 2181 3901 τὸ
2212 3846 2580 3918 χειρόγραφον
2620 3847 2723 3914 τῆς
2748 3844 3027 3916 ἁμαρτίας
3055 3843 3215 3915 ἡμῶν
3239 3843 3555 3915 διαρρῆξαι,
3604 3843 3704 3897 καὶ

2118 3940 2220 4010 τὴν
2248 3939 2385 4011 πρὸς
2414 3940 2509 3993 τον
2542 3938 2676 3994 Θεὸν
2705 3938 3082 4011 προσαγωγὴν
3111 3952 3173 3989 τε
3217 3937 3312 3995 καὶ
3339 3934 3692 4006 καταλλαγὴν

2121 4032 2464 4104 ἐργάσασθαι
2489 4048 2505 4065 ο
2537 4032 2632 4087 καὶ
2660 4030 2856 4101 μισθὸν
2879 4028 3238 4100 δωρήσασθαι
3285 4028 3400 4091 τοῖς
3436 4026 3700 4094 πειθομέ-

2119 4140 2231 4188 νοις
2289 4121 2561 4194 αὐτῷτὴν
2606 4121 2745 4192 πρὸς
2768 4120 2957 4175 καύτὸν
3009 4119 3288 4175 οἱκείωσιν
3318 4134 3333 4151 ο
3378 4117 3521 4172 ὥστε
3557 4116 3699 4186 μετὰ

2122 4213 2492 4286 βεϐαιοτάτων
2520 4214 2760 4269 ἐλπίδων
2789 4213 2883 4267 τὸν
2913 4213 3084 4271 αἰῶνα
3117 4210 3307 4266 τοῦτον
3359 4211 3702 4281 περαιουμέ-

2119 4323 2267 4371 νους,
2291 4305 2431 4373 μετὰ
2468 4305 2570 4377 τὴν
2599 4304 2862 4362 ἀνάλυσιν
2887 4305 2986 4359 καὶ
3006 4303 3106 4375 τὴν
3135 4302 3228 4358 τοῦ
3251 4303 3451 4366 παντὸς
3480 4305 3696 4357 ἀποκα-

2119 4398 2382 4452 τάστασιν
2408 4396 2563 4466 αὑτῷ
2596 4396 2923 4451 συνέσεσθαι
2954 4413 2972 4463 ;

2195 4489 2353 4543 Ἔστι
2402 4488 2585 4542 τοίνυν
2631 4489 2691 4543 ὲν
2728 4487 2878 4558 δεξιᾷ
2915 4487 3010 4542 τοῦ
3055 4488 3192 4544 Θεοῦ
3242 4490 3337 4545 καὶ
3374 4487 3585 4557 Πατρὶς
3621 4506 3639 4539 ι
3670 4488 3700 4541 ό

2117 4580 2193 4632 ὣν
2225 4580 2305 4643 είς
2333 4578 2425 4633 τὸν
2458 4578 2660 4632 κόλπον
2689 4576 2783 4633 τοῦ
2822 4579 3056 4651 Πατρὸςξ
3093 4598 3112 4632 ι
3158 4580 3336 4634 καίτοι
3371 4578 3491 4648 μεθ’
3538 4579 3699 4646 ἡμῶν

2116 4671 2192 4724 ὢν
2240 4667 2316 4734 ὡς
2352 4669 2622 4741 ὑπέσχετο
2651 4671 2758 4735 ἕως
2789 4671 2891 4741 τῆς
2921 4671 3278 4740 συντελείαςξο
3310 4671 3407 4725 καὶ
3424 4671 3701 4741 οἰκονομεῖ

2116 4764 2214 4817 καὶ
2240 4762 2525 4833 συνίστησι
2555 4763 2657 4834 τὴν
2707 4764 2990 4835 ἡμετέραν
3026 4762 3175 4833 ζωὴν
3223 4761 3324 4834 τὴν
3363 4767 3421 4814 ἑν
3466 4761 3699 4832 κρυπτῷ

2115 4855 2435 4926 νοουμένην,
2465 4854 2590 4926 ἥτις
2612 4854 2711 4929 τὴν
2749 4854 2924 4928 ἀρχὴν
2948 4854 3204 4909 ἐντεῦθεν
3225 4853 3314 4907 διὰ
3337 4853 3446 4908 τῶν
3496 4870 3570 4923 μυ
3580 4869 3700 4921 στη-

2116 4949 2249 5020 ρίων
2275 4950 2542 5020 λαμϐάνει
2572 4965 2588 4983 ο
2615 4949 2714 5025 τὴν
2734 4950 3018 5005 τελείωσιν
3045 4949 3103 5007 δὲ
3127 4949 3223 5004 ἐπὶ
3243 4947 3338 5002 τοῦ
3393 4945 3687 5018 μέλλοντος

2116 5042 2354 5113 δέχεται,
2393 5042 2459 5103 ἂν
2488 5043 2650 5107 μόνον
2681 5043 2758 5114 μὴ
2785 5041 3048 5113 φανῶμεν
3104 5039 3457 5111 ἀμελοῦντες,
3513 5041 3701 5095 τοσοῦ-

2118 5150 2230 5201 τον,
2252 5136 2392 5191 ὥστε
2415 5137 2621 5207 μικρᾶς
2653 5135 2850 5207 ἡδονῆς
2879 5133 2977 5188 καὶ
2998 5135 3343 5207 προσκαίρου
3366 5135 3532 5205 χάριν
3565 5151 3704 5204 προ-

2116 5227 2299 5282 δοῦναι
2340 5228 2439 5300 τὴν
2470 5229 2741 5300 τοσαύτην
2762 5227 3087 5299 εὐεργεσίαν
3115 5242 3133 5260 ο
3159 5218 3274 5282 ἀλλ’
3305 5226 3701 5297 ἐπιμελώμεθα

2117 5319 2207 5373 διὰ
2269 5321 2379 5375 τῶν
2434 5320 2668 5375 ἐντολῶν
2723 5320 2887 5375 αὐτοῦ
2950 5322 3047 5375 καὶ
3089 5321 3200 5375 τῶν
3243 5320 3700 5391 παραδεδομένων

2119 5412 2252 5482 ἡμῖν
2281 5412 2373 5467 ὑπ’
2406 5410 2573 5467 αὑτοῦ
2608 5412 2923 5482 μυστηρίων
2971 5411 3106 5481 πρὸς
3127 5410 3229 5483 τὴν
3271 5412 3507 5481 πατρίδα
3537 5412 3699 5481 ἡμῶν

2117 5505 2463 5572 ἐπείγεσθαι,
2500 5506 2597 5560 καὶ
2616 5506 2699 5567 είς
2737 5504 2904 5559 αὐτὸν
2954 5505 3277 5576 ἀνατρέχειν
3304 5522 3320 5540 ο
3381 5507 3476 5561 καὶ
3524 5506 3701 5576 τούτῳ

2117 5596 2193 5660 ὡς
2221 5598 2435 5668 κεφαλῇ
2458 5596 2709 5667 καθάπερ
2754 5596 2891 5669 μέλη
2922 5597 3293 5651 συνάπτεσθαι
3316 5612 3333 5629 ⁶
3390 5599 3481 5655 καὶ
3509 5597 3701 5666 ὥσπερ

2362 5799 2406 5831 ⁵³
2436 5798 2558 5853 Act.
2596 5815 2710 5863 ιιι,
2745 5794 2836 5853 23.
2949 5798 3172 5855 “Joan.
3204 5815 3295 5869 xx,
3340 5800 3440 5867 i7;
3484 5814 3573 5865 xv,
3608 5800 3696 5856 15.

434 5868 478 5899 ⁸⁸
505 5864 701 5923 Euhoe.
736 5879 794 5923 ll.
825 5867 876 5921 8.
951 5866 999 5897 ⁸⁸
1029 5867 1243 5942 Coloss.
1279 5883 1339 5931 ιι,
1372 5864 1493 5923 24(
1539 5868 1585 5900 ⁸⁷
1621 5870 1778 5925 Joan.
1808 5885 1845 5933 ι,
1877 5870 1930 5925 8.
2007 5871 2022 5902 ⁸

2122 5868 2285 5926 lutth.
2344 5883 2532 5930 xxvrn.
2588 5869 2676 5925 20.
2754 5869 2948 5926 "Col.
2994 5886 3079 5933 tu,
3133 5873 3187 5927 ὅ.
