4088 6418
356 438 459 504 597

1340 450 1438 509 DE
1473 447 1908 508 PRINClPllS
1939 449 2152 508 FlDEl
2195 451 2664 517 CATHOLICJI.

3489 461 3594 523 598

356 552 414 604 έν
441 551 669 624 ἀμπέλῳ
697 556 1227 640 κλήματα-μένωμεν
1255 578 1270 593 ο
1304 562 1439 616 ἀλλά
1471 563 1546 632 μὴ
1592 561 1697 627 ἔξω
1731 561 1920 632 ῥιφέν-

2031 560 2277 628 palmites
2309 565 2360 618 in
2394 565 2501 621 vite
2530 582 2872 635 maneamus,
2897 585 3005 624 non
3034 585 3160 624 vero
3187 570 3334 625 foros
3355 572 3608 640 proiecti.

357 659 464 791 tuo,
525 642 742 720 δαπάνη
783 638 969 723 πυρὸς
1009 651 1281 724 μηδέποτε
1329 653 1700 725 σϐεννυμένου
1754 653 1927 721 γενώ-

357 752 420 791 με
457 753 513 791 α.

355 752 513 803 μευα.

949 885 1203 941 ιιεψιιΛ.
1235 889 1328 955 ς’.
1433 952 1446 964 ο

714 994 870 1064 ,Περί
915 995 1034 1050 τῶν
1084 995 1132 1058 ζ’
1154 1003 1532 1070 μυστηρίων.

423 1105 789 1173 Παραδέδοται
823 1111 932 1182 γάρ
963 1114 1101 1182 ἡμῖν
1140 1115 1238 1170 καὶ
1278 1116 1394 1170 θετά
1437 1133 1562 1171 τινα
1625 1117 1926 1186 μυστήρια,

353 1197 418 1251 δι’
437 1193 515 1253 ὧν
541 1196 717 1265 ἔξεστι
747 1205 1108 1274 τελουμένους
1134 1207 1478 1274 ἀγιάζεσθαι,
1509 1207 1636 1272 τοὺς
1659 1207 1740 1274 εἰς
1763 1207 1929 1263 αὐτὸν

355 1291 730 1360 πιστεύοντας,
766 1295 862 1348 καὶ
893 1296 958 1348 τὸ
988 1296 1325 1368 ζητούμενον
1383 1299 1702 1370 κατορθοῦν.
1773 1300 1930 1356 Ἐπεὶ

354 1386 461 1454 γὰρ
497 1388 525 1439 ὁ
549 1386 642 1439 τοῦ
674 1388 910 1456 Χριστοῦ
939 1389 1168 1449 θάνατος
1199 1390 1391 1460 ὥσπερ
1411 1408 1496 1454 τις
1521 1392 1790 1464 καθολικὴ
1841 1396 1926 1448 αἰ-

355 1479 444 1530 τία
502 1478 600 1548 τῆς
646 1480 996 1552 ἀνθρωπίνης
1049 1481 1328 1553 σωτηρίας
1369 1485 1533 1537 ἐστί’
1581 1485 1666 1542 δεῖ
1721 1488 1776 1542 δὲ
1833 1488 1929 1560 τὴν

355 1570 584 1623 καθόλου
615 1571 800 1626 αἰτίαν
823 1574 1088 1643 ἁρμόζειν
1115 1576 1254 1646 πρὸς
1281 1577 1516 1631 ἕκαστον
1567 1578 1676 1633 τῶν
1725 1581 1929 1634 ἀποτεσ

352 1663 679 1729 λεσμάτωνο
735 1665 1039 1735 ἀναγκαῖον
1098 1664 1167 1741 ἦν
1219 1669 1438 1740 δοθῆναί
1481 1689 1606 1726 τινα
1663 1673 1930 1744 φάρμακα

352 1756 463 1815 τοῖς
483 1754 812 1825 ἀνθρώποις,
848 1758 917 1812 δι’
937 1753 1010 1813 ὧν
1043 1759 1110 1813 ἀν
1143 1763 1486 1833 συνάπτηται
1517 1764 1732 1830 τούτοις
1772 1768 1805 1836 ἠ
1840 1765 1930 1820 διά

351 1846 442 1901 τὸν
475 1848 705 1904 θάνατον
745 1850 839 1905 τοῦ
887 1853 1130 1923 Χριστοῦ
1185 1858 1457 1930 γενομένη
1489 1861 1804 1931 εὐεργεσία,
1832 1860 1928 1915 καὶ

351 1939 415 1992 δι’
445 1935 521 1994 ὧν
541 1942 576 2013 ἡ
601 1947 948 2015 πνευματικὴ
973 1948 1290 2004 συνίσταται
1317 1950 1430 2022 ζωὴ
1469 1951 1596 2006 καθ’
1629 1953 1927 2024 ὁμοιότητα

352 2033 451 2099 τῆς
475 2036 822 2109 ἀνθρωπίνης
845 2039 1007 2110 ζωῆς.
1038 2041 1225 2096 Ταῦτα
1259 2043 1314 2097 δὲ
1343 2043 1412 2097 δι’
1453 2045 1732 2118 αἰσθητῶν
1775 2047 1919 2116 γίνε-

355 2126 477 2180 σθαι
519 2129 922 2200 παρεδόθησαν,
962 2133 1044 2187 ὅτι
1101 2136 1197 2189 καί
1245 2136 1274 2188 ό
1330 2136 1618 2208 ἄνθρωπος
1664 2138 1926 2208 αἰσθητὸς

353 2218 446 2281 ὢν.
491 2221 578 2274 διὰ
632 2223 744 2276 τῶν
790 2223 1067 2294 αἰσθητῶν
1128 2227 1389 2296 ἀνάγεται
1444 2229 1582 2300 πρὸς
1626 2228 1696 2283 τά
1737 2229 1926 2300 νοητά.

365 2312 516 2366 Ἐπεὶ
545 2312 602 2366 δὲ
626 2315 681 2367 ἐν
712 2317 777 2387 τῇ
841 2316 1156 2391 ἀνθρωπίνῃ
1201 2317 1312 2388 ζωῇ
1357 2319 1518 2390 διπλῆ
1561 2321 1714 2386 τάξις
1774 2321 1927 2391 εὕρίο

355 2421 544 2458 σκιται
572 2406 686 2479 (Ἡ)
718 2423 731 2435 ·
767 2409 814 2461 oi
842 2407 940 2476 μέν
966 2409 1072 2480 γάρ
1124 2411 1231 2463 εἰσι
1268 2412 1499 2482 χορηγοὶ
1545 2413 1640 2466 καὶ
1675 2416 1928 2469 τακτικοὶ

352 2497 447 2567 τῆς
479 2499 797 2570 σωματικῆς
830 2500 995 2570 ζωῆς,
1023 2501 1073 2553 oi
1104 2500 1498 2569 γεννῶντες-οἰ
1529 2503 1586 2557 δὲ
1628 2503 1726 2573 τὴν
1768 2523 1926 2576 χορη-

354 2589 476 2656 γίαν
497 2589 774 2660 δεχόμενοι
803 2591 898 2645 καὶ
925 2592 1025 2663 τὴν
1054 2592 1227 2657 τάξιν,
1262 2593 1362 2664 τῆς
1392 2593 1601 2659 πόλεως
1633 2596 1926 2665 νομοθέται

354 2684 444 2735 καὶ
473 2682 732 2752 ἄρχοντες
759 2699 776 2714 ο
800 2683 942 2737 κατά
975 2682 1164 2738 τοῦτον
1199 2683 1292 2738 τὸν
1325 2684 1524 2755 τρόπον
1561 2687 1657 2740 καὶ
1687 2687 1721 2758 ή
1761 2705 1924 2742 meu-

358 2773 559 2844 ματικὴ
593 2774 909 2831 συνίσταται
941 2774 1076 2847 ζωή.

426 2949 634 3020 Ὠσπερ
657 2949 750 3003 οὖν
777 2951 1007 3004 ἕκαστον
1035 2951 1145 3005 τῶν
1180 2951 1350 3006 ὄντων
1374 2953 1464 3006 διὰ
1489 2953 1584 3025 τῆς
1621 2955 1930 3024 γεννήσεως

352 3041 618 3110 λαμϐάνει
661 3041 761 3112 τὴν
808 3042 978 3111 ζωὴν,
1024 3042 1170 3096 οὕτω
1215 3045 1358 3128 κατά
1412 3045 1512 3116 τὴν
1548 3047 1928 3118 πνευματικὴν

355 3133 498 3204 ζωὴν
537 3134 632 3187 καὶ
669 3135 830 3205 ἡμεῖς
873 3133 1299 3206 ἀναγεννώμεθα
1330 3137 1417 3190 διὰ
1467 3137 1562 3190 τοῦ
1611 3139 1929 3210 βαπτίσμα-

353 3244 441 3289 τος
469 3243 482 3257 ·
517 3226 655 3320 δπερ
691 3225 752 3276 οὐ
999 3225 1480 3320 τῆν’προγονικὴν
1531 3227 1693 3297 ἡμῶν
1743 3229 1927 3300 ἀμαρο
1954 3256 2002 3320 C

352 3320 472 3369 τῖαν
518 3318 754 3387 ἀναιρεῖ,
793 3317 930 3372 ἀλλά
982 3317 1077 3369 καὶ
1125 3316 1226 3380 τὰς
1275 3320 1572 3387 γενομένας
1621 3317 1716 3372 ὑπ’
1758 3321 1924 3375 αὑτοῦ

327 3409 444 3463 ιτοῦ
479 3407 903 3481 βαπτιζομένου,
949 3409 1056 3479 πρὸ
1103 3409 1198 3462 τοῦ
1234 3408 1616 3480 βαπτίσματος
1643 3412 1922 3481 δηλονότι·

350 3502 410 3554 οὐ
456 3501 563 3571 μὴν
596 3500 695 3564 τὰς
752 3499 894 3568 μετὰ
941 3499 1115 3554 ταῦτα
1147 3501 1462 3571 γινομένας.
1521 3501 1631 3556 Καὶ
1686 3503 1816 3574 γάρ,
1849 3503 1926 3566 ὡς

352 3597 378 3646 ὁ
428 3593 692 3662 Θεολόγος
750 3586 888 3663 φῆσὶ
935 3591 1257 3662 Γρηγόριος,
1314 3593 1595 3668 ι’Δφεσιν
1647 3592 1762 3664 ἔχει
1816 3595 1926 3651 τῶν

351 3681 784 3757 ἡμαρτημένων,
820 3685 880 3739 οὐ
913 3685 1022 3738 τῶν
1050 3685 1543 3755 ἁμαρτανομένων.
1580 3705 1600 3738 ι

421 3779 496 3832 Τὸ
534 3780 633 3847 μὲν
679 3773 772 3858 οὖν
803 3778 1083 3848 ὁρώμενον
1139 3780 1199 3828 ὲν
1244 3775 1322 3846 τῷ
1384 3776 1728 3847 βαπτίσματι
1783 3777 1925 3848 ὕδωρ

351 3873 530 3926 ἐστίν·
569 3871 685 3940 ἠδὲ
738 3871 870 3940 ἀγία
927 3869 1100 3940 Τριάς
1147 3867 1358 3937 νοητῶς
1402 3869 1676 3939 παροῦσα,
1727 3871 1806 3934 εἰς
1858 3870 1929 3942 ἢν

355 3961 710 4032 βαπτίζεσθαι
743 3957 1218 4029 προσετάχθημεν,
1249 3957 1532 4027 χαρίζεται
1567 3957 1666 4029 τὴν
1696 3959 1930 4029 ἀναγένο

353 4072 509 4125 νησιν
561 4055 803 4124 ταύτηνο
849 4052 877 4105 ὃ
925 4051 990 4122 δὴ
1047 4050 1330 4121 βάπτισμα
1384 4051 1478 4103 καὶ
1528 4051 1557 4104 ὀ
1607 4051 1842 4120 Χριστὸς
1873 4051 1933 4104 ὲ-

353 4147 658 4200 6απτίσατο
681 4160 698 4180 ο
731 4145 829 4214 οὐχ
849 4143 954 4206 ηὼς
987 4141 1314 4212 καθάρσεως
1341 4141 1619 4210 δεόμενος,
1670 4142 1788 4195 ἀλλ’
1838 4143 1931 4198 ἰνα

351 4238 450 4307 τὴν
507 4235 785 4305 ἡμετέραν
842 4233 1168 4303 ἀνακαινίσῃ
1223 4231 1408 4303 φύσιν,
1470 4233 1565 4288 καὶ
1613 4233 1801 4305 διδάξῃ
1834 4235 1930 4288 καὶ

354 4331 442 4377 τὴν
470 4325 672 4393 τρόπον
719 4321 815 4376 τοῦ
868 4322 1076 4376 τελείου
1129 4322 1507 4392 βαπτίσματος
1530 4338 1546 4354 ο
1579 4322 1650 4376 τά
1682 4322 1791 4392 γὰρ
1823 4325 1930 4394 πρὸ

353 4417 566 4483 τούτου,
594 4417 768 4468 τύπου
797 4419 894 4470 καὶ
935 4413 1260 4484 ὲτοιμασίας
1309 4413 1469 4483 λόγον
1511 4413 1727 4484 ἔχοντα,
1759 4415 1929 4486 ἀτελῆ

351 4505 492 4580 ἦσαν
531 4525 547 4543 ⁵
612 4509 702 4562 ὅτε
753 4509 850 4563 καὶ
901 4509 964 4560 τὸ
1023 4507 1326 4577 μυστήριον
1380 4506 1772 4579 ἀνεφανερώθη
1828 4509 1931 4578 τῆς

2034 654 2184 708 nullo
2211 670 2446 725 unquam
2475 665 2721 728 tempore
2750 659 3150 730 exstinguibilis
3180 661 3321 732 ignis
3351 661 3610 732 pabulum

2031 745 2355 803 efficiamur.

2631 884 2862 942 CAPUT
2923 887 3006 942 Vl.

2457 998 2534 1054 De
2573 1007 2772 1068 septem
2790 966 3181 1055 sacramentis.

2101 1109 2324 1168 Tradita
2372 1111 2516 1167 enim
2561 1112 2719 1169 nobis
2752 1123 2880 1168 sunt
2928 1114 3175 1184 quaedam
3206 1112 3391 1168 divina
3423 1127 3605 1168 sacra-

2029 1213 2236 1270 menta,
2257 1204 2457 1275 quibus
2474 1203 2600 1260 licet
2623 1205 2873 1260 initiatos
2899 1206 3230 1261 sanetiticari
3262 1207 3378 1275 (eos
3400 1206 3612 1260 scilicI-t

2029 1297 2124 1367 qui
2181 1295 2236 1351 in
2295 1295 2472 1366 ipsum
2513 1295 2770 1367 credunt)
2822 1313 2887 1352 ac
2921 1297 3064 1368 quod
3098 1308 3181 1353 est
3215 1307 3462 1352 votorum
3497 1296 3614 1351 adi-

2028 1387 2184 1457 pisci.
2229 1386 2367 1454 Quia
2431 1387 2578 1443 enim
2625 1388 2829 1444 Christi
2901 1402 3050 1444 mors
3105 1389 3250 1444 velut
3287 1389 3613 1444 universalis

2029 1477 2277 1551 quaedam
2328 1493 2494 1536 causa
2531 1489 2615 1536 est
2641 1478 2894 1535 humanae
2925 1480 3144 1545 salutis,
3181 1494 3244 1535 ac
3281 1495 3504 1535 necesse
3529 1489 3614 1535 est

2031 1585 2251 1628 causam
2301 1573 2670 1629 universalem
2719 1571 2950 1644 singulis
2977 1571 3294 1643 quibusque
3331 1567 3614 1628 effectibus

2029 1659 2202 1728 aptari
2223 1700 2238 1727 ,
2267 1659 2431 1730 plane
2473 1661 2850 1716 necessarium
2904 1668 3022 1714 erat
3048 1662 3128 1728 {ut
3158 1662 3404 1728 quaedam
3438 1658 3619 1712 homi-

2029 1749 2192 1804 nibus
2230 1750 2468 1806 remedia
2500 1751 2786 1816 darentur,
2821 1750 3024 1820 quibus
3057 1749 3381 1808 beneficium
3409 1749 3615 1804 Christi

2031 1851 2208 1898 morte
2241 1849 2514 1910 paratum,
2550 1841 2658 1896 illis
2700 1839 3153 1910 coniungeretur,
3181 1854 3245 1894 ac
3272 1839 3474 1908 quibus
3501 1839 3616 1908 spi—

1956 1905 2002 1964 Β
2031 1929 2208 1991 ήίιιίε
2237 1905 2588 1991 constituitur
2615 1931 2748 1999 vita,
2772 1905 2937 1987 velut
2951 1931 3064 1986 fere
3089 1905 3327 1985 immania
3357 1931 3473 2000 ipsa
3507 1905 3613 1986 vita

2032 2022 2318 2082 conflatur.
2358 2024 2486 2081 Haec
2539 2038 2675 2080 vero
2727 2037 2826 2093 per
2881 2021 3102 2078 sensilia
3155 2021 3272 2076 fieri
3306 2017 3620 2076 traditione

2032 2114 2364 2185 accepimus,
2411 2113 2558 2186 quod
2610 2123 2666 2170 et
2718 2113 2884 2168 homo
2933 2127 3058 2168 cum
3132 2111 3354 2168 sensilia
3394 2112 3487 2174 sit.
3519 2125 3616 2182 per

2033 2205 2274 2270 sensilia,
2309 2205 2376 2262 ad
2407 2220 2472 2261 ea
2502 2220 2625 2276 qua
2665 2205 2934 2277 spiritalia
2985 2213 3134 2269 sunt,
3169 2206 3438 2278 erigatur.
3469 2206 3610 2271 Quia

2031 2314 2163 2355 vero
2203 2299 2260 2354 in
2301 2299 2536 2354 humana
2570 2299 2682 2354 vita
2743 2299 2950 2370 duplex
3005 2299 3248 2355 occurrit
3297 2298 3473 2362 ordo,
3519 2299 3613 2353 alii

2031 2392 2177 2448 enim
2236 2398 2366 2448 sunt
2411 2392 2505 2462 qui
2538 2392 2984 2458 subministrant,
3013 2391 3378 2460 ordinemque
3419 2407 3617 2460 corpo-

2032 2485 2199 2541 ralem
2236 2485 2404 2540 vitam
2432 2484 2651 2556 (nempe
2681 2485 2984 2557 parentes),
3031 2485 3125 2541 alii
3153 2499 3283 2540 vero
3332 2485 3425 2556 qui
3481 2485 3614 2541 sub-

2034 2576 2495 2634 ministrationem
2547 2577 2911 2649 ordinemque
2966 2579 3294 2648 suscipiant,
3326 2576 3418 2646 qui
3453 2575 3614 2631 nitui-

2031 2684 2152 2723 rum
2177 2668 2452 2724 civitalem
2471 2665 2686 2740 legibus
2704 2669 3027 2734 instituunt,
3049 2683 3114 2725 ac
3141 2683 3242 2738 pro
3263 2669 3617 2738 magistratus

2032 2781 2152 2820 eam
2216 2765 2399 2820 ofﬁcio
2447 2773 2662 2836 regunt.
2693 2765 2777 2821 Ad
2827 2762 3077 2822 eumdem
3108 2765 3332 2820 modum
3358 2763 3618 2835 spiritalis

2032 2857 2142 2913 vita
2175 2857 2555 2913 constituitur.

2103 2949 2577 3017 Quemadmodum
2619 2951 2787 3024 igitur
2833 2965 3176 3020 unaquaeque
3209 2964 3299 3006 res
3329 2965 3425 3020 per
3453 2965 3619 3020 genr-

2034 3043 2301 3097 rationem
2327 3041 2494 3098 vitam
2520 3043 2750 3112 accepit.
2780 3043 2861 3098 sic
2897 3057 2998 3098 nos
3035 3057 3257 3113 quoque
3302 3041 3606 3096 secundum

2034 3133 2333 3205 spiritalem
2370 3135 2537 3190 vitam
2577 3149 2675 3205 per
2698 3134 3028 3205 baptismum
3059 3149 3470 3205 regeneramur,
3503 3147 3612 3201 quo

2034 3241 2145 3281 non
2176 3225 2351 3282 solum
2385 3239 2415 3280 a
2445 3227 2640 3296 primis
2699 3225 3021 3297 parentibus
3075 3234 3359 3280 contracta
3407 3225 3616 3294 peccati

2033 3317 2183 3373 labes
2209 3316 2477 3384 aufertur,
2505 3318 2598 3373 sed
2647 3325 2702 3373 et
2730 3316 2996 3398 quidquid
3023 3317 3100 3372 illi
3128 3317 3447 3372 delictorum
3474 3332 3618 3370 com-

2036 3409 2261 3465 missum
2297 3410 2367 3463 sit
2401 3411 2492 3480 qui
2521 3423 2586 3465 eo
2607 3408 2871 3477 initiatur,
2888 3419 3013 3464 ante
3028 3409 3358 3477 baptismum
3382 3409 3610 3465 scilicet.

2034 3517 2143 3557 non
2162 3515 2280 3572 quae
2298 3512 2421 3570 post
2443 3501 2620 3570 ipsum
2637 3501 3071 3556 committuntur.
3103 3499 3169 3554 Ut
3203 3499 3349 3554 enim
3381 3503 3453 3554 a’t
3486 3500 3620 3552 Gri--

2033 3594 2220 3665 gorius
2247 3592 2586 3664 Thcologus:
2612 3612 2630 3646 ι
2653 3589 3040 3647 Remissionem
3078 3591 3236 3647 habet
3266 3607 3455 3647 eorum
3485 3593 3620 3644 dz-li-

2033 3695 2382 3756 ciorum'quaa
2397 3684 2683 3741 commissa
2699 3694 2846 3747 sunt,
2871 3699 2974 3738 nou
2998 3698 3120 3752 qua:
3139 3684 3338 3738 commi
3367 3692 3574 3736 tuntur.
3593 3699 3614 3734 ι

2104 3778 2258 3845 Quod
2310 3777 2476 3847 igitur
2524 3777 2580 3830 in
2621 3775 2896 3845 baptismo
2926 3775 3283 3844 conspicuum
3339 3783 3444 3837 est,
3474 3789 3614 3841 aqua

2035 3881 2137 3938 cst,
2184 3879 2374 3925 saucia
2425 3869 2641 3923 trinitas
2691 3883 2825 3922 vero
2855 3865 3179 3938 spiritaliter
3233 3865 3502 3920 assistens
3535 3867 3613 3932 (in

2035 3975 2199 4030 quam
2247 3959 2510 4028 baptizari
2553 3965 2884 4028 praeceptum
2920 3954 3258 4025 accepimus)
3297 3957 3437 4008 hanc
3469 3969 3620 4023 rcge-

2039 4051 2376 4107 nerationem
2410 4050 2620 4106 tribuit.
2673 4048 2846 4115 Quem
2887 4048 3220 4119 baptismum
3259 4045 3424 4100 etiam
3459 4045 3620 4100 Chri-

2038 4153 2157 4198 stus
2187 4142 2467 4213 suscepit;
2491 4155 2600 4197 non
2632 4140 2792 4211 quasi
2825 4141 2941 4211 ipse
2977 4138 3366 4194 emundatione
3406 4137 3618 4207 indige-

2037 4244 2144 4299 ret,
2179 4235 2273 4290 sed
2305 4242 2366 4288 ut
2399 4242 2652 4289 naturam
2697 4241 2942 4287 nostram
2991 4231 3277 4285 innovaret
3308 4242 3370 4283 ac
3411 4229 3618 4284 instau-

2037 4340 2207 4395 raret,
2256 4328 2589 4397 modumque
2620 4341 2721 4381 nos
2745 4324 2972 4393 perfecti
2999 4323 3346 4393 baptismatis
3376 4323 3618 4377 doceret.

2038 4421 2171 4488 Quae
2221 4420 2366 4475 cuim
2418 4421 2600 4490 priora
2639 4418 2982 4482 exstiterant,
3014 4433 3139 4473 cum
3171 4417 3355 4486 figura:
3380 4431 3444 4470 ac
3481 4430 3620 4483 pra:-

2038 4512 2339 4583 parationis
2411 4511 2680 4564 rationem
2737 4508 3022 4570 baberent,
3060 4507 3375 4575 imperfecta
3426 4513 3617 4566 crant,

353 4600 513 4667 ἁγίας
565 4599 818 4669 Τριάδος,
864 4597 959 4651 τοῦ
1013 4598 1111 4666 μὲν
1164 4597 1564 4666 βαπτιζομένου
1598 4597 1732 4651 Υἱοῦ
1786 4598 1928 4668 ἀγα-

2035 4603 2253 4673 quando
2273 4600 2527 4656 nimirum
2555 4600 2716 4654 etiam
2741 4609 2944 4654 sanctae
2974 4595 3260 4651 Trinitatis
3296 4594 3618 4663 mysterium

355 4691 562 4745 πᾶσθαι
601 4689 751 4760 παρὰ
779 4688 874 4741 τοῦ
904 4688 1115 4758 Πατρὸς
1160 4687 1588 4759 ὁμολογηθέντος
1618 4689 1706 4742 διά
1736 4689 1924 4760 φωνῆς

354 4785 433 4845 εἰς
496 4783 588 4835 τδν
643 4782 780 4850 ἀέρα
847 4781 1215 4851 τυπωθείσης,
1281 4781 1378 4833 καὶ
1429 4780 1527 4841 τάς
1576 4779 1927 4852 ἀνθρωπίνας

357 4876 528 4938 ἀκοάς
584 4875 980 4946 πληρωσάσης,
1029 4871 1124 4925 τοῦ
1173 4873 1230 4926 δὲ
1275 4872 1439 4939 ἀγίου
1498 4873 1818 4944 Πνεύματος
1871 4877 1930 4929 έν

351 4967 482 5020 είδει
523 4965 822 5035 σωματικῷ
866 4965 1198 5036 περιστεράς
1246 4963 1340 5017 ἐπὶ
1383 4963 1477 5017 τὸν
1529 4963 1932 5035 βαπτιζόμενον

353 5061 755 5122 καταπτάντος.
1283 5086 1288 5092 -

425 5149 596 5203 Πάλιν
623 5149 748 5202 ἐπεὶ
777 5150 837 5202 τὸ
864 5146 1126 5218 γεννηθὲν
1152 5147 1240 5200 διὰ
1260 5148 1360 5216 τῆς
1393 5144 1680 5214 αὐξήσεως
1709 5147 1804 5200 ἐπὶ
1829 5147 1931 5216 τὴν

351 5241 706 5310 ὀφειλομένην
750 5239 1030 5307 ποσότητα
1084 5238 1348 5307 καταντᾷ,
1393 5234 1598 5288 δίδοται
1647 5236 1746 5290 καὶ
1795 5236 1930 5306 ἡμῖν

351 5332 628 5400 τελειότης
685 5328 1070 5400 πνευματικῆς
1137 5327 1320 5398 ἰσχύος
1378 5325 1624 5407 διάπῆς
1670 5326 1766 5380 τοῦ
1825 5330 1929 5398 μύ-

357 5441 450 5493 ρου
483 5423 594 5494 (72)
626 5421 859 5492 κρίσεως
885 5435 899 5453 ⁸
930 5422 988 5475 ἐν
1008 5418 1182 5490 τούτῳ
1231 5419 1340 5492 γὰρ
1369 5418 1645 5473 δείκνυται
1677 5435 1926 5490 πνευμα-

352 5514 482 5582 τικὴ
514 5514 691 5583 ἰσχὺς,
717 5513 849 5567 ὅταν
877 5511 979 5581 τὴν
1017 5509 1114 5564 τοῦ
1143 5511 1382 5580 Χριστοῦ
1412 5510 1598 5564 πίστιν
1637 5509 1929 5580 τολμῶμεν

356 5604 589 5658 ὶνώπιον
613 5605 832 5660 πάντων
859 5603 1144 5676 ὁμολογεῖν
1162 5618 1180 5637 ο
1210 5603 1308 5656 καὶ
1341 5601 1416 5674 μὴ
1446 5602 1535 5656 διά
1562 5618 1683 5656 τινα
1737 5600 1926 5672 αἰσχύ-

306 5850 315 5860 .
429 5810 540 5875 (7|)
574 5808 736 5878 (ireg.
775 5816 916 5862 orat.
947 5807 1038 5861 40.

2033 4697 2369 4752 declaratum
2413 4700 2518 4756 est,
2555 4690 2712 4756 Filio,
2790 4690 2886 4758 qui
2946 4685 3343 4756 baptizabatur,
3393 4697 3618 4752 paterna

2034 4804 2166 4844 voce
2195 4787 2249 4840 in
2279 4800 2406 4839 acre
2439 4783 2694 4845 formata,
2716 4780 3117 4846 hominumque
3151 4788 3311 4829 aures
3339 4773 3617 4842 implent»,

2034 4882 2156 4950 ejus
2204 4875 2515 4934 dilectionis
2560 4872 2896 4944 praeconium
2963 4871 3236 4936 habente;
3304 4884 3369 4922 ac
3411 4867 3618 4938 Spiritu

2040 4975 2232 5027 sancto
2263 4969 2316 5022 in
2355 4967 2534 5038 specie
2565 4964 2843 5035 corporali
2887 4962 3157 5018 columba:
3201 4961 3255 5015 in
3305 4961 3482 5031 ipsum
3523 4960 3620 5014 de-

2042 5077 2170 5118 scen
2179 5065 2360 5116 dente.

2111 5151 2322 5207 ltursus
2353 5163 2500 5215 vero,-
2534 5148 2661 5217 quia
2692 5146 2839 5218 quod
2873 5155 3060 5200 natum
3083 5155 3190 5211 est,
3223 5159 3317 5214 per
3354 5161 3621 5214 augmen-

2039 5251 2150 5297 tum
2181 5243 2248 5296 ad
2283 5241 2520 5296 debitam
2561 5239 2784 5294 devenit
2805 5239 3196 5309 quantitatem,
3220 5237 3378 5292 nobis
3403 5253 3620 5308 quoque

2036 5349 2132 5404 per
2167 5338 2431 5404 unguenti
2458 5328 2776 5386 unctionem
2812 5330 3073 5401 spiritalis
3105 5329 3324 5384 roboris
3357 5329 3618 5397 perfectio

2033 5425 2334 5481 confertur.
2369 5421 2431 5479 In
2477 5425 2582 5478 hoc
2629 5424 2778 5478 enim
2826 5423 3028 5480 elucet.
3059 5422 3307 5493 spiritale
3355 5420 3522 5474 robur
3551 5434 3617 5472 ac

2031 5516 2315 5587 perfectio,
2339 5529 2470 5570 cum
2497 5513 2702 5569 Christi
2733 5511 2894 5568 fidem
2921 5513 2976 5568 in
3005 5521 3301 5582 conspectu
3329 5509 3612 5562 hominum

2031 5605 2273 5661 conﬁteri
2323 5605 2607 5669 audemus,
2649 5618 2750 5659 nec
2802 5603 2913 5660 ullo
2958 5603 3165 5673 pudore
3201 5608 3296 5656 aut
3334 5613 3480 5655 metu
3517 5614 3613 5656 seu

428 5871 540 5948 (7.!)
577 5871 1264 5948 Unguentisacramcntum
1307 5873 1477 5932 nostri
1532 5882 1729 5931 vocant
1780 5871 2287 5929 Confirniationcm.
