  <div class='ocr_page' id='page_1' title='image "/cluster/home/n/w/nwhite01/storage/ocr_20150623/152/coo.31924054870575/308.png"; bbox 0 0 4088 6426; ppageno 0'>
   <div class='ocr_carea' id='block_1_1' title="bbox 375 427 478 496">
    <p class='ocr_par' dir='ltr' id='par_1_1' title="bbox 375 427 478 496">
     <span class='ocr_line' id='line_1_1' title="bbox 375 427 478 496; baseline -0.01 0"><span class='ocrx_word' id='word_1_1' title='bbox 375 427 478 496; x_wconf 79' lang='lat'><strong>601</strong></span> 
     </span>
    </p>
   </div>
   <div class='ocr_carea' id='block_1_2' title="bbox 1395 439 2728 506">
    <p class='ocr_par' dir='ltr' id='par_1_2' title="bbox 1395 439 2728 506">
     <span class='ocr_line' id='line_1_2' title="bbox 1395 439 2728 506; baseline 0.006 -8"><span class='ocrx_word' id='word_1_2' title='bbox 1395 439 1493 498; x_wconf 88' lang='lat' dir='ltr'><strong>DE</strong></span> <span class='ocrx_word' id='word_1_3' title='bbox 1529 439 1961 502; x_wconf 80' lang='lat' dir='ltr'><strong>PRINCIPIIS</strong></span> <span class='ocrx_word' id='word_1_4' title='bbox 2003 441 2217 503; x_wconf 83' lang='lat' dir='ltr'><strong>FlDEI</strong></span> <span class='ocrx_word' id='word_1_5' title='bbox 2257 442 2728 506; x_wconf 71' lang='lat' dir='ltr'><strong>CATHOLlC/E.</strong></span> 
     </span>
    </p>
   </div>
   <div class='ocr_carea' id='block_1_3' title="bbox 3557 442 3666 508">
    <p class='ocr_par' dir='ltr' id='par_1_3' title="bbox 3557 442 3666 508">
     <span class='ocr_line' id='line_1_3' title="bbox 3557 442 3666 508; baseline 0.018 -2"><span class='ocrx_word' id='word_1_6' title='bbox 3557 442 3666 508; x_wconf 78' lang='grc'><strong>602</strong></span> 
     </span>
    </p>
   </div>
   <div class='ocr_carea' id='block_1_4' title="bbox 381 547 1971 623">
    <p class='ocr_par' dir='ltr' id='par_1_4' title="bbox 381 547 1971 623">
     <span class='ocr_line' id='line_1_4' title="bbox 381 547 1971 623; baseline 0.004 -23"><span class='ocrx_word' id='word_1_7' title='bbox 381 565 477 600; x_wconf 85' lang='grc' dir='ltr'><strong>του</strong></span> <span class='ocrx_word' id='word_1_8' title='bbox 503 563 516 579; x_wconf 76' lang='grc' dir='ltr'><strong>ο</strong></span> <span class='ocrx_word' id='word_1_9' title='bbox 552 565 570 598; x_wconf 83' lang='grc'><strong>›</strong></span> <span class='ocrx_word' id='word_1_10' title='bbox 607 548 704 600; x_wconf 78' lang='grc' dir='ltr'><strong>καὶ</strong></span> <span class='ocrx_word' id='word_1_11' title='bbox 732 548 894 619; x_wconf 81' lang='grc' dir='ltr'><strong>μέχρι</strong></span> <span class='ocrx_word' id='word_1_12' title='bbox 923 548 1015 602; x_wconf 85' lang='grc' dir='ltr'><strong>τοῦ</strong></span> <span class='ocrx_word' id='word_1_13' title='bbox 1040 547 1135 605; x_wconf 92' lang='grc' dir='ltr'><strong>νῦν</strong></span> <span class='ocrx_word' id='word_1_14' title='bbox 1162 549 1346 619; x_wconf 71' lang='grc' dir='ltr'><strong>ἐξάγει</strong></span> <span class='ocrx_word' id='word_1_15' title='bbox 1374 552 1442 606; x_wconf 77' lang='grc' dir='ltr'><strong>τὰ</strong></span> <span class='ocrx_word' id='word_1_16' title='bbox 1469 553 1580 605; x_wconf 85' lang='grc' dir='ltr'><strong>ῐδια</strong></span> <span class='ocrx_word' id='word_1_17' title='bbox 1620 553 1971 623; x_wconf 76' lang='grc' dir='ltr'><strong>βλαστήματα</strong></span> 
     </span>
    </p>
   </div>
   <div class='ocr_carea' id='block_1_5' title="bbox 2066 547 3663 623">
    <p class='ocr_par' dir='ltr' id='par_1_5' title="bbox 2077 555 3663 621">
     <span class='ocr_line' id='line_1_5' title="bbox 2077 555 3663 621; baseline 0.001 -12"><span class='ocrx_word' id='word_1_18' title='bbox 2077 556 2284 613; x_wconf 69' lang='lat' dir='ltr'><strong>dixisse</strong></span> <span class='ocrx_word' id='word_1_19' title='bbox 2319 575 2334 612; x_wconf 91' lang='lat'><strong>:</strong></span> <span class='ocrx_word' id='word_1_20' title='bbox 2371 576 2391 610; x_wconf 79' lang='grc' dir='ltr'><strong>ι</strong></span> <span class='ocrx_word' id='word_1_21' title='bbox 2451 557 2660 613; x_wconf 87' lang='lat' dir='ltr'><strong>Educat</strong></span> <span class='ocrx_word' id='word_1_22' title='bbox 2703 567 2848 614; x_wconf 86' lang='lat' dir='ltr'><strong>terra</strong></span> <span class='ocrx_word' id='word_1_23' title='bbox 2879 557 3102 614; x_wconf 83' lang='lat' dir='ltr'><strong>herbam</strong></span> <span class='ocrx_word' id='word_1_24' title='bbox 3149 555 3374 621; x_wconf 78' lang='lat' dir='ltr'><strong>fami&quot;;</strong></span> <span class='ocrx_word' id='word_1_25' title='bbox 3426 575 3444 607; x_wconf 72' lang='grc' dir='ltr'><strong>ι</strong></span> <span class='ocrx_word' id='word_1_26' title='bbox 3478 558 3663 611; x_wconf 81' lang='lat' dir='ltr'><strong>hacte-</strong></span> 
     </span>
    </p>
   </div>
   <div class='ocr_carea' id='block_1_6' title="bbox 376 639 1956 715">
    <p class='ocr_par' dir='ltr' id='par_1_6' title="bbox 376 639 1956 715">
     <span class='ocr_line' id='line_1_6' title="bbox 376 639 1956 715; baseline 0.004 -23"><span class='ocrx_word' id='word_1_27' title='bbox 376 639 454 710; x_wconf 79' lang='grc' dir='ltr'><strong>τῷ</strong></span> <span class='ocrx_word' id='word_1_28' title='bbox 475 639 601 706; x_wconf 84' lang='grc' dir='ltr'><strong>θείῳ</strong></span> <span class='ocrx_word' id='word_1_29' title='bbox 631 643 1012 711; x_wconf 66' lang='grc' dir='ltr'><strong>προστάγματι</strong></span> <span class='ocrx_word' id='word_1_30' title='bbox 1059 644 1496 714; x_wconf 82' lang='grc' dir='ltr'><strong>συνελαυνομὲνη</strong></span> <span class='ocrx_word' id='word_1_31' title='bbox 1553 647 1646 698; x_wconf 76' lang='grc' dir='ltr'><strong>καὶ</strong></span> <span class='ocrx_word' id='word_1_32' title='bbox 1694 646 1956 715; x_wconf 81' lang='grc' dir='ltr'><strong>δυναμου-</strong></span> 
     </span>
    </p>
   </div>
   <div class='ocr_carea' id='block_1_7' title="bbox 382 730 1962 805">
    <p class='ocr_par' dir='ltr' id='par_1_7' title="bbox 382 730 1962 805">
     <span class='ocr_line' id='line_1_7' title="bbox 382 730 1962 805; baseline 0.005 -23"><span class='ocrx_word' id='word_1_33' title='bbox 382 730 520 802; x_wconf 82' lang='grc' dir='ltr'><strong>μένη</strong></span> <span class='ocrx_word' id='word_1_34' title='bbox 553 748 567 762; x_wconf 86' lang='grc'><strong>·</strong></span> <span class='ocrx_word' id='word_1_35' title='bbox 592 730 736 785; x_wconf 68' lang='grc' dir='ltr'><strong>οὕτω</strong></span> <span class='ocrx_word' id='word_1_36' title='bbox 759 734 852 786; x_wconf 75' lang='grc' dir='ltr'><strong>καὶ</strong></span> <span class='ocrx_word' id='word_1_37' title='bbox 886 732 1044 786; x_wconf 90' lang='grc' dir='ltr'><strong>τοῦτο</strong></span> <span class='ocrx_word' id='word_1_38' title='bbox 1065 734 1466 802; x_wconf 82' lang='grc' dir='ltr'><strong>ὑπηρετοῦντος</strong></span> <span class='ocrx_word' id='word_1_39' title='bbox 1493 735 1588 789; x_wconf 87' lang='grc' dir='ltr'><strong>τοῦ</strong></span> <span class='ocrx_word' id='word_1_40' title='bbox 1620 736 1829 805; x_wconf 83' lang='grc' dir='ltr'><strong>ίερέως.</strong></span> <span class='ocrx_word' id='word_1_41' title='bbox 1870 753 1962 790; x_wconf 82' lang='grc' dir='ltr'><strong>πι-</strong></span> 
     </span>
    </p>
   </div>
   <div class='ocr_carea' id='block_1_8' title="bbox 379 822 1960 898">
    <p class='ocr_par' dir='ltr' id='par_1_8' title="bbox 379 822 1960 898">
     <span class='ocr_line' id='line_1_8' title="bbox 379 822 1960 898; baseline 0.003 -22"><span class='ocrx_word' id='word_1_42' title='bbox 379 822 643 891; x_wconf 84' lang='grc' dir='ltr'><strong>στεύομεν</strong></span> <span class='ocrx_word' id='word_1_43' title='bbox 673 823 924 891; x_wconf 85' lang='grc' dir='ltr'><strong>γίνεσθαι</strong></span> <span class='ocrx_word' id='word_1_44' title='bbox 956 842 971 860; x_wconf 79' lang='grc' dir='ltr'><strong><em>ο</em></strong></span> <span class='ocrx_word' id='word_1_45' title='bbox 1004 825 1146 879; x_wconf 86' lang='grc' dir='ltr'><strong>ὥστε</strong></span> <span class='ocrx_word' id='word_1_46' title='bbox 1176 829 1268 880; x_wconf 77' lang='grc' dir='ltr'><strong>τὸν</strong></span> <span class='ocrx_word' id='word_1_47' title='bbox 1294 826 1459 898; x_wconf 84' lang='grc' dir='ltr'><strong>άρτον</strong></span> <span class='ocrx_word' id='word_1_48' title='bbox 1493 828 1576 893; x_wconf 80' lang='grc' dir='ltr'><strong>εἰς</strong></span> <span class='ocrx_word' id='word_1_49' title='bbox 1605 827 1766 898; x_wconf 86' lang='grc' dir='ltr'><strong>σῶμα</strong></span> <span class='ocrx_word' id='word_1_50' title='bbox 1795 826 1960 881; x_wconf 84' lang='grc' dir='ltr'><strong>αὐτοῦ</strong></span> 
     </span>
    </p>
   </div>
   <div class='ocr_carea' id='block_1_9' title="bbox 375 908 1961 988">
    <p class='ocr_par' dir='ltr' id='par_1_9' title="bbox 375 908 1961 988">
     <span class='ocr_line' id='line_1_9' title="bbox 375 908 1961 988; baseline 0.004 -22"><span class='ocrx_word' id='word_1_51' title='bbox 375 913 580 966; x_wconf 73' lang='grc' dir='ltr'><strong>καὶτὸν</strong></span> <span class='ocrx_word' id='word_1_52' title='bbox 609 908 749 966; x_wconf 78' lang='grc' dir='ltr'><strong>οῐνον</strong></span> <span class='ocrx_word' id='word_1_53' title='bbox 781 914 860 978; x_wconf 75' lang='grc' dir='ltr'><strong>εἰς</strong></span> <span class='ocrx_word' id='word_1_54' title='bbox 913 908 1056 986; x_wconf 77' lang='grc' dir='ltr'><strong>αἷμα</strong></span> <span class='ocrx_word' id='word_1_55' title='bbox 1081 916 1248 970; x_wconf 76' lang='grc' dir='ltr'><strong>αὑτοῦ</strong></span> <span class='ocrx_word' id='word_1_56' title='bbox 1283 918 1714 986; x_wconf 86' lang='grc' dir='ltr'><strong>μεταϐάλλεσθαι</strong></span> <span class='ocrx_word' id='word_1_57' title='bbox 1747 919 1835 972; x_wconf 74' lang='grc' dir='ltr'><strong>διὰ</strong></span> <span class='ocrx_word' id='word_1_58' title='bbox 1863 918 1961 988; x_wconf 70' lang='grc' dir='ltr'><strong>τὴν</strong></span> 
     </span>
    </p>
   </div>
   <div class='ocr_carea' id='block_1_10' title="bbox 373 1005 1960 1080">
    <p class='ocr_par' dir='ltr' id='par_1_10' title="bbox 373 1005 1960 1080">
     <span class='ocr_line' id='line_1_10' title="bbox 373 1005 1960 1080; baseline 0.005 -24"><span class='ocrx_word' id='word_1_59' title='bbox 373 1005 468 1058; x_wconf 80' lang='grc' dir='ltr'><strong>τοῦ</strong></span> <span class='ocrx_word' id='word_1_60' title='bbox 499 1005 749 1070; x_wconf 82' lang='grc' dir='ltr'><strong>εἰπόντος</strong></span> <span class='ocrx_word' id='word_1_61' title='bbox 775 1005 1025 1077; x_wconf 81' lang='grc' dir='ltr'><strong>δύναμιν.</strong></span> <span class='ocrx_word' id='word_1_62' title='bbox 1051 1008 1161 1062; x_wconf 74' lang='grc' dir='ltr'><strong>Καὶ</strong></span> <span class='ocrx_word' id='word_1_63' title='bbox 1187 1008 1263 1072; x_wconf 84' lang='grc' dir='ltr'><strong>ὥς</strong></span> <span class='ocrx_word' id='word_1_64' title='bbox 1300 1027 1468 1080; x_wconf 86' lang='grc' dir='ltr'><strong>φησιν</strong></span> <span class='ocrx_word' id='word_1_65' title='bbox 1492 1010 1522 1063; x_wconf 93' lang='lat'><strong>6</strong></span> <span class='ocrx_word' id='word_1_66' title='bbox 1546 1010 1691 1074; x_wconf 75' lang='grc' dir='ltr'><strong>θεῖος</strong></span> <span class='ocrx_word' id='word_1_67' title='bbox 1749 1011 1960 1080; x_wconf 80' lang='grc' dir='ltr'><strong>Χρυσό-</strong></span> 
     </span>
    </p>
   </div>
   <div class='ocr_carea' id='block_1_11' title="bbox 377 1089 1960 1171">
    <p class='ocr_par' dir='ltr' id='par_1_11' title="bbox 377 1089 1960 1171">
     <span class='ocr_line' id='line_1_11' title="bbox 377 1089 1960 1171; baseline 0.007 -26"><span class='ocrx_word' id='word_1_68' title='bbox 377 1111 573 1164; x_wconf 80' lang='grc' dir='ltr'><strong>στομος</strong></span> <span class='ocrx_word' id='word_1_69' title='bbox 601 1095 736 1166; x_wconf 83' lang='grc'><strong>(75),</strong></span> <span class='ocrx_word' id='word_1_70' title='bbox 777 1115 797 1150; x_wconf 78' lang='grc' dir='ltr'><strong>ι</strong></span> <span class='ocrx_word' id='word_1_71' title='bbox 842 1098 1035 1168; x_wconf 79' lang='grc' dir='ltr'><strong>Σχῆμα</strong></span> <span class='ocrx_word' id='word_1_72' title='bbox 1064 1098 1227 1169; x_wconf 77' lang='grc' dir='ltr'><strong>μόνον</strong></span> <span class='ocrx_word' id='word_1_73' title='bbox 1263 1100 1490 1171; x_wconf 83' lang='grc' dir='ltr'>πληρῶν</span> <span class='ocrx_word' id='word_1_74' title='bbox 1526 1089 1641 1170; x_wconf 77' lang='grc'><strong>(76)</strong></span> <span class='ocrx_word' id='word_1_75' title='bbox 1670 1101 1903 1171; x_wconf 74' lang='grc' dir='ltr'><strong>ἕστηκεν</strong></span> <span class='ocrx_word' id='word_1_76' title='bbox 1933 1105 1960 1156; x_wconf 97' lang='lat'><strong>6</strong></span> 
     </span>
    </p>
   </div>
   <div class='ocr_carea' id='block_1_12' title="bbox 377 1187 1960 1261">
    <p class='ocr_par' dir='ltr' id='par_1_12' title="bbox 377 1187 1960 1261">
     <span class='ocr_line' id='line_1_12' title="bbox 377 1187 1960 1261; baseline 0.006 -24"><span class='ocrx_word' id='word_1_77' title='bbox 377 1187 559 1256; x_wconf 71' lang='grc' dir='ltr'><strong>ἱερεύς</strong></span> <span class='ocrx_word' id='word_1_78' title='bbox 587 1204 602 1219; x_wconf 77' lang='grc' dir='ltr'><strong>ο</strong></span> <span class='ocrx_word' id='word_1_79' title='bbox 627 1190 659 1259; x_wconf 86' lang='grc' dir='ltr'><strong>ἡ</strong></span> <span class='ocrx_word' id='word_1_80' title='bbox 690 1189 750 1244; x_wconf 67' lang='grc' dir='ltr'><strong>δὲ</strong></span> <span class='ocrx_word' id='word_1_81' title='bbox 777 1189 1006 1261; x_wconf 85' lang='grc' dir='ltr'><strong>δύναμις</strong></span> <span class='ocrx_word' id='word_1_82' title='bbox 1043 1191 1192 1245; x_wconf 77' lang='grc' dir='ltr'><strong>πᾶσα</strong></span> <span class='ocrx_word' id='word_1_83' title='bbox 1217 1191 1326 1246; x_wconf 84' lang='grc' dir='ltr'><strong>τῶν</strong></span> <span class='ocrx_word' id='word_1_84' title='bbox 1351 1193 1525 1261; x_wconf 85' lang='grc' dir='ltr'><strong>λόγων</strong></span> <span class='ocrx_word' id='word_1_85' title='bbox 1556 1194 1727 1248; x_wconf 71' lang='grc' dir='ltr'><strong>ἐστίν.</strong></span> <span class='ocrx_word' id='word_1_86' title='bbox 1767 1213 1786 1247; x_wconf 76' lang='grc' dir='ltr'><strong>ι</strong></span> <span class='ocrx_word' id='word_1_87' title='bbox 1851 1195 1960 1249; x_wconf 78' lang='grc' dir='ltr'><strong>Αὑ-</strong></span> 
     </span>
    </p>
   </div>
   <div class='ocr_carea' id='block_1_13' title="bbox 373 1280 1960 1358">
    <p class='ocr_par' dir='ltr' id='par_1_13' title="bbox 373 1280 1960 1358">
     <span class='ocr_line' id='line_1_13' title="bbox 373 1280 1960 1358; baseline 0.008 -29"><span class='ocrx_word' id='word_1_88' title='bbox 373 1280 464 1343; x_wconf 78' lang='grc' dir='ltr'><strong>τὸς</strong></span> <span class='ocrx_word' id='word_1_89' title='bbox 490 1280 600 1351; x_wconf 82' lang='grc' dir='ltr'><strong>γάρ</strong></span> <span class='ocrx_word' id='word_1_90' title='bbox 626 1283 870 1353; x_wconf 79' lang='grc' dir='ltr'><strong>εἴρηκεν,</strong></span> <span class='ocrx_word' id='word_1_91' title='bbox 902 1303 920 1336; x_wconf 79' lang='grc' dir='ltr'><strong>ι</strong></span> <span class='ocrx_word' id='word_1_92' title='bbox 975 1283 1100 1339; x_wconf 73' lang='grc' dir='ltr'><strong>Ἐάν</strong></span> <span class='ocrx_word' id='word_1_93' title='bbox 1140 1287 1214 1356; x_wconf 81' lang='grc' dir='ltr'><strong>μὴ</strong></span> <span class='ocrx_word' id='word_1_94' title='bbox 1251 1286 1465 1356; x_wconf 82' lang='grc' dir='ltr'><strong>φάγητε</strong></span> <span class='ocrx_word' id='word_1_95' title='bbox 1487 1287 1584 1358; x_wconf 81' lang='grc' dir='ltr'><strong>τὴν</strong></span> <span class='ocrx_word' id='word_1_96' title='bbox 1637 1289 1814 1356; x_wconf 83' lang='grc' dir='ltr'><strong>σάρκα</strong></span> <span class='ocrx_word' id='word_1_97' title='bbox 1863 1289 1960 1342; x_wconf 84' lang='grc' dir='ltr'><strong>τοῦ</strong></span> 
     </span>
    </p>
   </div>
   <div class='ocr_carea' id='block_1_14' title="bbox 375 1371 1962 1447">
    <p class='ocr_par' dir='ltr' id='par_1_14' title="bbox 375 1371 1962 1447">
     <span class='ocr_line' id='line_1_14' title="bbox 375 1371 1962 1447; baseline 0.006 -25"><span class='ocrx_word' id='word_1_98' title='bbox 375 1371 503 1424; x_wconf 85' lang='grc' dir='ltr'><strong>Υίοῦ</strong></span> <span class='ocrx_word' id='word_1_99' title='bbox 533 1372 625 1428; x_wconf 91' lang='grc' dir='ltr'><strong>τοῦ</strong></span> <span class='ocrx_word' id='word_1_100' title='bbox 660 1373 975 1444; x_wconf 79' lang='grc' dir='ltr'><strong>ἀνθρώπου,</strong></span> <span class='ocrx_word' id='word_1_101' title='bbox 1011 1377 1104 1430; x_wconf 61' lang='grc' dir='ltr'><strong>καλ⁹</strong></span> <span class='ocrx_word' id='word_1_102' title='bbox 1129 1377 1290 1447; x_wconf 86' lang='grc' dir='ltr'><strong>πίητε</strong></span> <span class='ocrx_word' id='word_1_103' title='bbox 1324 1377 1490 1431; x_wconf 80' lang='grc' dir='ltr'><strong>αὑτοῦ</strong></span> <span class='ocrx_word' id='word_1_104' title='bbox 1541 1378 1603 1431; x_wconf 79' lang='grc' dir='ltr'><strong>τὸ</strong></span> <span class='ocrx_word' id='word_1_105' title='bbox 1653 1373 1816 1447; x_wconf 81' lang='grc' dir='ltr'><strong>αἷμα,</strong></span> <span class='ocrx_word' id='word_1_106' title='bbox 1860 1379 1962 1432; x_wconf 76' lang='grc' dir='ltr'><strong>οὐκ</strong></span> 
     </span>
    </p>
   </div>
   <div class='ocr_carea' id='block_1_15' title="bbox 375 1462 1958 1540">
    <p class='ocr_par' dir='ltr' id='par_1_15' title="bbox 375 1462 1958 1540">
     <span class='ocr_line' id='line_1_15' title="bbox 375 1462 1958 1540; baseline 0.006 -26"><span class='ocrx_word' id='word_1_107' title='bbox 375 1462 525 1531; x_wconf 74' lang='grc' dir='ltr'><strong>ἔχετε</strong></span> <span class='ocrx_word' id='word_1_108' title='bbox 553 1463 698 1534; x_wconf 76' lang='grc' dir='ltr'><strong>ζωὴν</strong></span> <span class='ocrx_word' id='word_1_109' title='bbox 720 1466 778 1518; x_wconf 78' lang='lat' dir='ltr'><strong>iv</strong></span> <span class='ocrx_word' id='word_1_110' title='bbox 805 1467 1040 1530; x_wconf 77' lang='grc' dir='ltr'><strong>ἑαυτοῖς.</strong></span> <span class='ocrx_word' id='word_1_111' title='bbox 1081 1466 1144 1522; x_wconf 82' lang='grc' dir='ltr'><strong>Ἦ</strong></span> <span class='ocrx_word' id='word_1_112' title='bbox 1183 1467 1291 1539; x_wconf 79' lang='grc' dir='ltr'><strong>γὰρ</strong></span> <span class='ocrx_word' id='word_1_113' title='bbox 1315 1468 1452 1538; x_wconf 79' lang='grc' dir='ltr'><strong>σάρξ</strong></span> <span class='ocrx_word' id='word_1_114' title='bbox 1486 1486 1590 1539; x_wconf 86' lang='grc' dir='ltr'><strong>μου</strong></span> <span class='ocrx_word' id='word_1_115' title='bbox 1612 1470 1823 1540; x_wconf 80' lang='grc' dir='ltr'><strong>ἀληθής</strong></span> <span class='ocrx_word' id='word_1_116' title='bbox 1843 1471 1958 1523; x_wconf 74' lang='grc' dir='ltr'><strong>ἐστι</strong></span> 
     </span>
    </p>
   </div>
   <div class='ocr_carea' id='block_1_16' title="bbox 376 1554 1955 1630">
    <p class='ocr_par' dir='ltr' id='par_1_16' title="bbox 376 1554 1955 1630">
     <span class='ocr_line' id='line_1_16' title="bbox 376 1554 1955 1630; baseline 0.004 -24"><span class='ocrx_word' id='word_1_117' title='bbox 376 1554 596 1624; x_wconf 80' lang='grc' dir='ltr'><strong>βρῶσις.</strong></span> <span class='ocrx_word' id='word_1_118' title='bbox 631 1576 649 1609; x_wconf 74' lang='grc' dir='ltr'><strong>ι</strong></span> <span class='ocrx_word' id='word_1_119' title='bbox 686 1557 796 1610; x_wconf 75' lang='grc' dir='ltr'><strong>Καὶ</strong></span> <span class='ocrx_word' id='word_1_120' title='bbox 819 1557 1003 1622; x_wconf 88' lang='grc' dir='ltr'><strong>πάλιν,</strong></span> <span class='ocrx_word' id='word_1_121' title='bbox 1061 1577 1079 1610; x_wconf 84' lang='grc' dir='ltr'><strong>ι</strong></span> <span class='ocrx_word' id='word_1_122' title='bbox 1131 1557 1194 1613; x_wconf 87' lang='lat' dir='ltr'><strong>&#39;O</strong></span> <span class='ocrx_word' id='word_1_123' title='bbox 1247 1559 1477 1630; x_wconf 82' lang='grc' dir='ltr'><strong>τρώγων</strong></span> <span class='ocrx_word' id='word_1_124' title='bbox 1517 1576 1587 1629; x_wconf 80' lang='grc' dir='ltr'><strong>με</strong></span> <span class='ocrx_word' id='word_1_125' title='bbox 1647 1560 1896 1628; x_wconf 81' lang='grc' dir='ltr'><strong>ζήσεται.</strong></span> <span class='ocrx_word' id='word_1_126' title='bbox 1936 1578 1955 1612; x_wconf 78' lang='grc' dir='ltr'><strong>ι</strong></span> 
     </span>
    </p>
   </div>
   <div class='ocr_carea' id='block_1_17' title="bbox 376 1647 1958 1721">
    <p class='ocr_par' dir='ltr' id='par_1_17' title="bbox 376 1647 1958 1721">
     <span class='ocr_line' id='line_1_17' title="bbox 376 1647 1958 1721; baseline 0.002 -22"><span class='ocrx_word' id='word_1_127' title='bbox 376 1647 538 1700; x_wconf 86' lang='grc' dir='ltr'><strong>Ὅθεν</strong></span> <span class='ocrx_word' id='word_1_128' title='bbox 563 1649 730 1717; x_wconf 82' lang='grc' dir='ltr'><strong>χωρίς</strong></span> <span class='ocrx_word' id='word_1_129' title='bbox 762 1649 942 1719; x_wconf 80' lang='grc' dir='ltr'><strong>πάσης</strong></span> <span class='ocrx_word' id='word_1_130' title='bbox 970 1650 1299 1720; x_wconf 80' lang='grc' dir='ltr'><strong>ἀμφιϐολίας</strong></span> <span class='ocrx_word' id='word_1_131' title='bbox 1329 1650 1578 1721; x_wconf 77' lang='grc' dir='ltr'><strong>μετέχειν</strong></span> <span class='ocrx_word' id='word_1_132' title='bbox 1610 1651 1790 1704; x_wconf 85' lang='grc' dir='ltr'><strong>αὐτῶν</strong></span> <span class='ocrx_word' id='word_1_133' title='bbox 1807 1650 1958 1719; x_wconf 61' lang='lat'><strong>6:93!-</strong></span> 
     </span>
    </p>
   </div>
   <div class='ocr_carea' id='block_1_18' title="bbox 373 1735 1962 1810">
    <p class='ocr_par' dir='ltr' id='par_1_18' title="bbox 373 1735 1962 1810">
     <span class='ocr_line' id='line_1_18' title="bbox 373 1735 1962 1810; baseline 0.004 -22"><span class='ocrx_word' id='word_1_134' title='bbox 373 1735 557 1805; x_wconf 83' lang='grc' dir='ltr'><strong>λομεν,</strong></span> <span class='ocrx_word' id='word_1_135' title='bbox 589 1735 836 1809; x_wconf 84' lang='grc' dir='ltr'><strong>καθαρὰν</strong></span> <span class='ocrx_word' id='word_1_136' title='bbox 863 1740 958 1792; x_wconf 79' lang='grc' dir='ltr'><strong>καὶ</strong></span> <span class='ocrx_word' id='word_1_137' title='bbox 989 1738 1214 1808; x_wconf 84' lang='grc' dir='ltr'><strong>βεϐαίαν</strong></span> <span class='ocrx_word' id='word_1_138' title='bbox 1247 1741 1375 1808; x_wconf 74' lang='grc' dir='ltr'><strong>περὶ</strong></span> <span class='ocrx_word' id='word_1_139' title='bbox 1404 1739 1587 1794; x_wconf 75' lang='grc' dir='ltr'><strong>αὐτῶν</strong></span> <span class='ocrx_word' id='word_1_140' title='bbox 1630 1740 1846 1810; x_wconf 74' lang='grc' dir='ltr'><strong>ἔχοντες</strong></span> <span class='ocrx_word' id='word_1_141' title='bbox 1873 1741 1962 1801; x_wconf 83' lang='grc' dir='ltr'><strong>πί-</strong></span> 
     </span>
    </p>
   </div>
   <div class='ocr_carea' id='block_1_19' title="bbox 377 1830 1956 1903">
    <p class='ocr_par' dir='ltr' id='par_1_19' title="bbox 377 1830 1956 1903">
     <span class='ocr_line' id='line_1_19' title="bbox 377 1830 1956 1903; baseline 0.003 -21"><span class='ocrx_word' id='word_1_142' title='bbox 377 1847 494 1883; x_wconf 71' lang='grc' dir='ltr'><strong>στιν</strong></span> <span class='ocrx_word' id='word_1_143' title='bbox 529 1843 545 1859; x_wconf 78' lang='grc'><strong><em>⁸</em></strong></span> <span class='ocrx_word' id='word_1_144' title='bbox 568 1832 688 1893; x_wconf 73' lang='grc' dir='ltr'><strong>καὶ,</strong></span> <span class='ocrx_word' id='word_1_145' title='bbox 714 1830 790 1894; x_wconf 84' lang='grc' dir='ltr'><strong>ὣς</strong></span> <span class='ocrx_word' id='word_1_146' title='bbox 830 1848 939 1892; x_wconf 47' lang='grc' dir='ltr'><strong>,που</strong></span> <span class='ocrx_word' id='word_1_147' title='bbox 975 1834 1139 1900; x_wconf 76' lang='grc' dir='ltr'><strong>φησὶν</strong></span> <span class='ocrx_word' id='word_1_148' title='bbox 1163 1834 1191 1887; x_wconf 91' lang='lat'><strong>6</strong></span> <span class='ocrx_word' id='word_1_149' title='bbox 1220 1832 1362 1896; x_wconf 85' lang='grc' dir='ltr'><strong>θεῖος</strong></span> <span class='ocrx_word' id='word_1_150' title='bbox 1394 1832 1783 1903; x_wconf 85' lang='grc' dir='ltr'><strong>Χρυσόστομος</strong></span> <span class='ocrx_word' id='word_1_151' title='bbox 1819 1834 1956 1902; x_wconf 84' lang='grc'><strong>(77),</strong></span> 
     </span>
    </p>
   </div>
   <div class='ocr_carea' id='block_1_20' title="bbox 375 1919 1960 1995">
    <p class='ocr_par' dir='ltr' id='par_1_20' title="bbox 375 1919 1960 1995">
     <span class='ocr_line' id='line_1_20' title="bbox 375 1919 1960 1995; baseline 0.003 -21"><span class='ocrx_word' id='word_1_152' title='bbox 375 1919 516 1975; x_wconf 84' lang='grc' dir='ltr'><strong>οὕτω</strong></span> <span class='ocrx_word' id='word_1_153' title='bbox 548 1922 884 1977; x_wconf 80' lang='grc' dir='ltr'><strong>διατίθεσθαι</strong></span> <span class='ocrx_word' id='word_1_154' title='bbox 908 1925 1141 1978; x_wconf 71' lang='grc' dir='ltr'><strong>ἕκαστον</strong></span> <span class='ocrx_word' id='word_1_155' title='bbox 1166 1926 1280 1990; x_wconf 84' lang='grc' dir='ltr'><strong>τοῖς</strong></span> <span class='ocrx_word' id='word_1_156' title='bbox 1305 1924 1470 1988; x_wconf 90' lang='grc' dir='ltr'><strong>θείοις</strong></span> <span class='ocrx_word' id='word_1_157' title='bbox 1519 1925 1960 1995; x_wconf 82' lang='grc' dir='ltr'><strong>προσερχόμενον</strong></span> 
     </span>
    </p>
   </div>
   <div class='ocr_carea' id='block_1_21' title="bbox 379 2017 1960 2089">
    <p class='ocr_par' dir='ltr' id='par_1_21' title="bbox 379 2017 1960 2089">
     <span class='ocr_line' id='line_1_21' title="bbox 379 2017 1960 2089; baseline 0.004 -23"><span class='ocrx_word' id='word_1_158' title='bbox 379 2017 718 2084; x_wconf 71' lang='grc' dir='ltr'><strong>μυστηρίοις,</strong></span> <span class='ocrx_word' id='word_1_159' title='bbox 783 2017 972 2087; x_wconf 82' lang='grc' dir='ltr'><strong>ὥσπερ</strong></span> <span class='ocrx_word' id='word_1_160' title='bbox 1029 2019 1142 2072; x_wconf 77' lang='grc' dir='ltr'><strong>ἀπὸ</strong></span> <span class='ocrx_word' id='word_1_161' title='bbox 1197 2021 1296 2089; x_wconf 80' lang='grc' dir='ltr'><strong>τῆς</strong></span> <span class='ocrx_word' id='word_1_162' title='bbox 1346 2021 1441 2073; x_wconf 88' lang='grc' dir='ltr'><strong>τοῦ</strong></span> <span class='ocrx_word' id='word_1_163' title='bbox 1477 2020 1688 2089; x_wconf 80' lang='grc' dir='ltr'><strong>Κυρίου</strong></span> <span class='ocrx_word' id='word_1_164' title='bbox 1718 2019 1960 2088; x_wconf 80' lang='grc' dir='ltr'><strong>πλευρᾶς</strong></span> 
     </span>
    </p>
   </div>
   <div class='ocr_carea' id='block_1_22' title="bbox 374 2105 1962 2180">
    <p class='ocr_par' dir='ltr' id='par_1_22' title="bbox 374 2105 1962 2180">
     <span class='ocr_line' id='line_1_22' title="bbox 374 2105 1962 2180; baseline 0.005 -26"><span class='ocrx_word' id='word_1_165' title='bbox 374 2105 578 2156; x_wconf 82' lang='grc' dir='ltr'><strong>τούτων</strong></span> <span class='ocrx_word' id='word_1_166' title='bbox 611 2106 1115 2177; x_wconf 76' lang='grc' dir='ltr'><strong>μεταλαμϐάνοντα.</strong></span> <span class='ocrx_word' id='word_1_167' title='bbox 1158 2110 1216 2162; x_wconf 80' lang='lat' dir='ltr'><strong>El</strong></span> <span class='ocrx_word' id='word_1_168' title='bbox 1251 2110 1324 2180; x_wconf 78' lang='grc' dir='ltr'><strong>μὴ</strong></span> <span class='ocrx_word' id='word_1_169' title='bbox 1366 2110 1476 2180; x_wconf 70' lang='grc' dir='ltr'><strong>γάρ</strong></span> <span class='ocrx_word' id='word_1_170' title='bbox 1501 2109 1645 2163; x_wconf 77' lang='grc' dir='ltr'><strong>οὕτω</strong></span> <span class='ocrx_word' id='word_1_171' title='bbox 1681 2110 1809 2180; x_wconf 74' lang='grc' dir='ltr'><strong>περὶ</strong></span> <span class='ocrx_word' id='word_1_172' title='bbox 1841 2109 1962 2162; x_wconf 84' lang='grc' dir='ltr'><strong>τού-</strong></span> 
     </span>
    </p>
   </div>
   <div class='ocr_carea' id='block_1_23' title="bbox 372 2197 1960 2272">
    <p class='ocr_par' dir='ltr' id='par_1_23' title="bbox 372 2197 1960 2272">
     <span class='ocr_line' id='line_1_23' title="bbox 372 2197 1960 2272; baseline 0.006 -25"><span class='ocrx_word' id='word_1_173' title='bbox 372 2212 480 2248; x_wconf 85' lang='grc' dir='ltr'><strong>των</strong></span> <span class='ocrx_word' id='word_1_174' title='bbox 513 2197 860 2267; x_wconf 75' lang='grc' dir='ltr'><strong>πιστεύομεν,</strong></span> <span class='ocrx_word' id='word_1_175' title='bbox 890 2200 951 2252; x_wconf 81' lang='grc' dir='ltr'><strong>οὐ</strong></span> <span class='ocrx_word' id='word_1_176' title='bbox 997 2201 1156 2268; x_wconf 74' lang='grc' dir='ltr'><strong>μόνον</strong></span> <span class='ocrx_word' id='word_1_177' title='bbox 1194 2202 1346 2255; x_wconf 72' lang='grc' dir='ltr'><strong>οὖδὲν</strong></span> <span class='ocrx_word' id='word_1_178' title='bbox 1395 2204 1524 2272; x_wconf 80' lang='grc' dir='ltr'><strong>παρ’</strong></span> <span class='ocrx_word' id='word_1_179' title='bbox 1569 2203 1751 2256; x_wconf 78' lang='grc' dir='ltr'><strong>αὐτῶν</strong></span> <span class='ocrx_word' id='word_1_180' title='bbox 1808 2202 1960 2272; x_wconf 74' lang='grc' dir='ltr'><strong>ὠφε-</strong></span> 
     </span>
    </p>
   </div>
   <div class='ocr_carea' id='block_1_24' title="bbox 375 2286 1961 2364">
    <p class='ocr_par' dir='ltr' id='par_1_24' title="bbox 375 2286 1961 2364">
     <span class='ocr_line' id='line_1_24' title="bbox 375 2286 1961 2364; baseline 0.005 -27"><span class='ocrx_word' id='word_1_181' title='bbox 375 2286 613 2355; x_wconf 73' lang='grc' dir='ltr'><strong>λούμεθα</strong></span> <span class='ocrx_word' id='word_1_182' title='bbox 636 2288 728 2342; x_wconf 78' lang='grc' dir='ltr'><strong>διά</strong></span> <span class='ocrx_word' id='word_1_183' title='bbox 754 2287 850 2360; x_wconf 79' lang='grc' dir='ltr'><strong>τὴν</strong></span> <span class='ocrx_word' id='word_1_184' title='bbox 892 2291 1151 2344; x_wconf 80' lang='grc' dir='ltr'><strong>ἀπιστίαν</strong></span> <span class='ocrx_word' id='word_1_185' title='bbox 1185 2293 1365 2364; x_wconf 82' lang='grc' dir='ltr'><strong>ὴμῶν,</strong></span> <span class='ocrx_word' id='word_1_186' title='bbox 1401 2293 1538 2346; x_wconf 76' lang='grc' dir='ltr'><strong>ἀλλὰ</strong></span> <span class='ocrx_word' id='word_1_187' title='bbox 1567 2293 1659 2344; x_wconf 77' lang='grc' dir='ltr'><strong>καὶ</strong></span> <span class='ocrx_word' id='word_1_188' title='bbox 1699 2294 1780 2355; x_wconf 85' lang='grc' dir='ltr'><strong>είς</strong></span> <span class='ocrx_word' id='word_1_189' title='bbox 1831 2296 1961 2347; x_wconf 75' lang='lat' dir='ltr'><strong>alm-</strong></span> 
     </span>
    </p>
   </div>
   <div class='ocr_carea' id='block_1_25' title="bbox 379 2379 1959 2459">
    <p class='ocr_par' dir='ltr' id='par_1_25' title="bbox 379 2379 1959 2459">
     <span class='ocr_line' id='line_1_25' title="bbox 379 2379 1959 2459; baseline 0.004 -29"><span class='ocrx_word' id='word_1_190' title='bbox 379 2379 494 2431; x_wconf 85' lang='grc' dir='ltr'><strong>νῐαν</strong></span> <span class='ocrx_word' id='word_1_191' title='bbox 528 2381 855 2452; x_wconf 79' lang='grc' dir='ltr'><strong>κατάκρισιν</strong></span> <span class='ocrx_word' id='word_1_192' title='bbox 888 2385 1061 2437; x_wconf 84' lang='grc' dir='ltr'><strong>ταῦτα</strong></span> <span class='ocrx_word' id='word_1_193' title='bbox 1088 2385 1596 2455; x_wconf 85' lang='grc' dir='ltr'><strong>μεταλαμϐάνεται.</strong></span> <span class='ocrx_word' id='word_1_194' title='bbox 1651 2386 1725 2439; x_wconf 81' lang='grc' dir='ltr'><strong>Τὸ</strong></span> <span class='ocrx_word' id='word_1_195' title='bbox 1753 2385 1799 2459; x_wconf 15' lang='grc' dir='ltr'><strong>,δ’</strong></span> <span class='ocrx_word' id='word_1_196' title='bbox 1826 2387 1959 2440; x_wconf 75' lang='grc' dir='ltr'><strong>αὐτὸ</strong></span> 
     </span>
    </p>
   </div>
   <div class='ocr_carea' id='block_1_26' title="bbox 377 2470 1956 2548">
    <p class='ocr_par' dir='ltr' id='par_1_26' title="bbox 377 2470 1956 2548">
     <span class='ocr_line' id='line_1_26' title="bbox 377 2470 1956 2548; baseline 0.006 -27"><span class='ocrx_word' id='word_1_197' title='bbox 377 2470 431 2522; x_wconf 75' lang='grc' dir='ltr'><strong>δὲ</strong></span> <span class='ocrx_word' id='word_1_198' title='bbox 467 2471 772 2540; x_wconf 88' lang='grc' dir='ltr'><strong>συμϐαίνει,</strong></span> <span class='ocrx_word' id='word_1_199' title='bbox 805 2475 901 2528; x_wconf 75' lang='grc' dir='ltr'><strong>καὶ</strong></span> <span class='ocrx_word' id='word_1_200' title='bbox 927 2477 974 2529; x_wconf 90' lang='grc' dir='ltr'><strong>εἰ</strong></span> <span class='ocrx_word' id='word_1_201' title='bbox 998 2475 1200 2546; x_wconf 84' lang='grc' dir='ltr'><strong>πλῆθος</strong></span> <span class='ocrx_word' id='word_1_202' title='bbox 1253 2475 1672 2548; x_wconf 78' lang='grc' dir='ltr'><strong>ἁμαρτημάτων</strong></span> <span class='ocrx_word' id='word_1_203' title='bbox 1719 2475 1956 2546; x_wconf 71' lang='grc' dir='ltr'><strong>ἔχοντες,</strong></span> 
     </span>
    </p>
   </div>
   <div class='ocr_carea' id='block_1_27' title="bbox 382 2563 1956 2639">
    <p class='ocr_par' dir='ltr' id='par_1_27' title="bbox 382 2563 1956 2639">
     <span class='ocr_line' id='line_1_27' title="bbox 382 2563 1956 2639; baseline 0.005 -25"><span class='ocrx_word' id='word_1_204' title='bbox 382 2563 546 2631; x_wconf 81' lang='grc' dir='ltr'><strong>μηδὲν</strong></span> <span class='ocrx_word' id='word_1_205' title='bbox 599 2565 1079 2635; x_wconf 82' lang='grc' dir='ltr'><strong>προκαθαρθέντες</strong></span> <span class='ocrx_word' id='word_1_206' title='bbox 1143 2567 1350 2622; x_wconf 76' lang='grc' dir='ltr'><strong>τούτων</strong></span> <span class='ocrx_word' id='word_1_207' title='bbox 1443 2569 1956 2639; x_wconf 85' lang='grc' dir='ltr'><strong>μεταλαμϐάνομεν.</strong></span> 
     </span>
    </p>
   </div>
   <div class='ocr_carea' id='block_1_28' title="bbox 381 2653 1962 2730">
    <p class='ocr_par' dir='ltr' id='par_1_28' title="bbox 381 2653 1962 2730">
     <span class='ocr_line' id='line_1_28' title="bbox 381 2653 1962 2730; baseline 0.004 -24"><span class='ocrx_word' id='word_1_208' title='bbox 381 2653 486 2706; x_wconf 83' lang='grc' dir='ltr'><strong>Καὶ</strong></span> <span class='ocrx_word' id='word_1_209' title='bbox 517 2653 626 2723; x_wconf 81' lang='grc' dir='ltr'><strong>γάρ</strong></span> <span class='ocrx_word' id='word_1_210' title='bbox 663 2656 837 2724; x_wconf 83' lang='grc' dir='ltr'><strong>ὅμοιοι</strong></span> <span class='ocrx_word' id='word_1_211' title='bbox 868 2657 1093 2728; x_wconf 79' lang='grc' dir='ltr'><strong>δόξομεν</strong></span> <span class='ocrx_word' id='word_1_212' title='bbox 1127 2661 1239 2722; x_wconf 84' lang='grc' dir='ltr'><strong>τοῖς</strong></span> <span class='ocrx_word' id='word_1_213' title='bbox 1271 2658 1618 2730; x_wconf 77' lang='grc' dir='ltr'><strong>σπαράκτσις</strong></span> <span class='ocrx_word' id='word_1_214' title='bbox 1653 2659 1748 2712; x_wconf 85' lang='grc' dir='ltr'><strong>τοῦ</strong></span> <span class='ocrx_word' id='word_1_215' title='bbox 1775 2660 1962 2730; x_wconf 83' lang='grc' dir='ltr'><strong>σώμα-</strong></span> 
     </span>
    </p>
   </div>
   <div class='ocr_carea' id='block_1_29' title="bbox 376 2747 1958 2822">
    <p class='ocr_par' dir='ltr' id='par_1_29' title="bbox 376 2747 1958 2822">
     <span class='ocr_line' id='line_1_29' title="bbox 376 2747 1958 2822; baseline 0.006 -24"><span class='ocrx_word' id='word_1_216' title='bbox 376 2763 464 2809; x_wconf 83' lang='grc' dir='ltr'><strong>τος</strong></span> <span class='ocrx_word' id='word_1_217' title='bbox 531 2747 626 2800; x_wconf 88' lang='grc' dir='ltr'><strong>τοῦ</strong></span> <span class='ocrx_word' id='word_1_218' title='bbox 681 2747 937 2817; x_wconf 80' lang='grc' dir='ltr'><strong>Χριστοῦ.</strong></span> <span class='ocrx_word' id='word_1_219' title='bbox 998 2753 1090 2804; x_wconf 85' lang='grc' dir='ltr'><strong>Διό</strong></span> <span class='ocrx_word' id='word_1_220' title='bbox 1136 2769 1302 2822; x_wconf 85' lang='grc' dir='ltr'><strong>φησιν</strong></span> <span class='ocrx_word' id='word_1_221' title='bbox 1358 2755 1386 2806; x_wconf 91' lang='lat'><strong>6</strong></span> <span class='ocrx_word' id='word_1_222' title='bbox 1437 2755 1579 2818; x_wconf 84' lang='grc' dir='ltr'><strong>θεῖος</strong></span> <span class='ocrx_word' id='word_1_223' title='bbox 1610 2754 1958 2819; x_wconf 83' lang='grc' dir='ltr'><strong>Ἀπόστολος,</strong></span> 
     </span>
    </p>
   </div>
   <div class='ocr_carea' id='block_1_30' title="bbox 382 2841 1960 2918">
    <p class='ocr_par' dir='ltr' id='par_1_30' title="bbox 382 2841 1960 2918">
     <span class='ocr_line' id='line_1_30' title="bbox 382 2841 1960 2918; baseline 0.007 -27"><span class='ocrx_word' id='word_1_224' title='bbox 382 2856 402 2890; x_wconf 77' lang='grc' dir='ltr'><strong>ι</strong></span> <span class='ocrx_word' id='word_1_225' title='bbox 441 2841 792 2906; x_wconf 80' lang='grc' dir='ltr'><strong>Δοκιμαζέτω</strong></span> <span class='ocrx_word' id='word_1_226' title='bbox 823 2841 1053 2906; x_wconf 75' lang='grc' dir='ltr'><strong>ἕκαστος</strong></span> <span class='ocrx_word' id='word_1_227' title='bbox 1077 2846 1291 2910; x_wconf 80' lang='grc' dir='ltr'><strong>ἑαυτὸν,</strong></span> <span class='ocrx_word' id='word_1_228' title='bbox 1321 2847 1414 2898; x_wconf 79' lang='grc' dir='ltr'><strong>καὶ</strong></span> <span class='ocrx_word' id='word_1_229' title='bbox 1443 2845 1615 2910; x_wconf 75' lang='grc' dir='ltr'><strong>οὕτως</strong></span> <span class='ocrx_word' id='word_1_230' title='bbox 1649 2848 1712 2900; x_wconf 80' lang='grc' dir='ltr'><strong>ὲκ</strong></span> <span class='ocrx_word' id='word_1_231' title='bbox 1744 2847 1837 2901; x_wconf 91' lang='grc' dir='ltr'><strong>τοῦ</strong></span> <span class='ocrx_word' id='word_1_232' title='bbox 1858 2849 1960 2918; x_wconf 78' lang='grc' dir='ltr'><strong>ἄρ-</strong></span> 
     </span>
    </p>
   </div>
   <div class='ocr_carea' id='block_1_31' title="bbox 379 2933 1956 3008">
    <p class='ocr_par' dir='ltr' id='par_1_31' title="bbox 379 2933 1956 3008">
     <span class='ocr_line' id='line_1_31' title="bbox 379 2933 1956 3008; baseline 0.003 -24"><span class='ocrx_word' id='word_1_233' title='bbox 379 2949 470 2984; x_wconf 86' lang='grc' dir='ltr'><strong>του</strong></span> <span class='ocrx_word' id='word_1_234' title='bbox 527 2933 774 3001; x_wconf 77' lang='grc' dir='ltr'><strong>ἐσθιέτω,</strong></span> <span class='ocrx_word' id='word_1_235' title='bbox 835 2936 932 2989; x_wconf 77' lang='grc' dir='ltr'><strong>καὶ</strong></span> <span class='ocrx_word' id='word_1_236' title='bbox 987 2939 1053 2989; x_wconf 86' lang='grc' dir='ltr'><strong>ἐκ</strong></span> <span class='ocrx_word' id='word_1_237' title='bbox 1097 2936 1191 2990; x_wconf 90' lang='grc' dir='ltr'><strong>τοῦ</strong></span> <span class='ocrx_word' id='word_1_238' title='bbox 1223 2939 1484 3008; x_wconf 88' lang='grc' dir='ltr'><strong>ποτηρίου</strong></span> <span class='ocrx_word' id='word_1_239' title='bbox 1516 2940 1708 2994; x_wconf 81' lang='grc' dir='ltr'><strong>πιὲτω.</strong></span> <span class='ocrx_word' id='word_1_240' title='bbox 1747 2959 1765 2990; x_wconf 73' lang='grc' dir='ltr'><strong>ι</strong></span> <span class='ocrx_word' id='word_1_241' title='bbox 1829 2941 1956 3005; x_wconf 63' lang='grc' dir='ltr'><strong>Καὶ,</strong></span> 
     </span>
    </p>
   </div>
   <div class='ocr_carea' id='block_1_32' title="bbox 385 3026 1960 3102">
    <p class='ocr_par' dir='ltr' id='par_1_32' title="bbox 385 3026 1960 3102">
     <span class='ocr_line' id='line_1_32' title="bbox 385 3026 1960 3102; baseline 0.006 -25"><span class='ocrx_word' id='word_1_242' title='bbox 385 3044 404 3077; x_wconf 80' lang='grc' dir='ltr'><strong>ι</strong></span> <span class='ocrx_word' id='word_1_243' title='bbox 447 3026 507 3081; x_wconf 85' lang='lat'><strong>&#39;0</strong></span> <span class='ocrx_word' id='word_1_244' title='bbox 531 3027 764 3092; x_wconf 79' lang='grc' dir='ltr'><strong>ἀναξίως</strong></span> <span class='ocrx_word' id='word_1_245' title='bbox 789 3029 1223 3097; x_wconf 85' lang='grc' dir='ltr'><strong>μεταλαμϐάνων</strong></span> <span class='ocrx_word' id='word_1_246' title='bbox 1243 3031 1337 3084; x_wconf 79' lang='grc' dir='ltr'><strong>τοῦ</strong></span> <span class='ocrx_word' id='word_1_247' title='bbox 1368 3031 1622 3102; x_wconf 82' lang='grc' dir='ltr'><strong>σώματος</strong></span> <span class='ocrx_word' id='word_1_248' title='bbox 1651 3033 1750 3086; x_wconf 76' lang='grc' dir='ltr'><strong>καὶ</strong></span> <span class='ocrx_word' id='word_1_249' title='bbox 1789 3034 1960 3101; x_wconf 69' lang='grc' dir='ltr'><strong>αἵμα-</strong></span> 
     </span>
    </p>
   </div>
   <div class='ocr_carea' id='block_1_33' title="bbox 376 3115 1960 3190">
    <p class='ocr_par' dir='ltr' id='par_1_33' title="bbox 376 3115 1960 3190">
     <span class='ocr_line' id='line_1_33' title="bbox 376 3115 1960 3190; baseline 0.008 -26"><span class='ocrx_word' id='word_1_250' title='bbox 376 3129 466 3176; x_wconf 87' lang='grc' dir='ltr'><strong>τος</strong></span> <span class='ocrx_word' id='word_1_251' title='bbox 497 3115 588 3167; x_wconf 88' lang='grc' dir='ltr'><strong>τοῦ</strong></span> <span class='ocrx_word' id='word_1_252' title='bbox 617 3116 855 3186; x_wconf 81' lang='grc' dir='ltr'><strong>Χριστοῦ</strong></span> <span class='ocrx_word' id='word_1_253' title='bbox 892 3116 1070 3187; x_wconf 82' lang='grc' dir='ltr'><strong>κρίμα</strong></span> <span class='ocrx_word' id='word_1_254' title='bbox 1094 3119 1274 3190; x_wconf 76' lang='grc' dir='ltr'><strong>ἑαυτῷ</strong></span> <span class='ocrx_word' id='word_1_255' title='bbox 1301 3120 1472 3174; x_wconf 74' lang='grc' dir='ltr'><strong>ἐσθίει</strong></span> <span class='ocrx_word' id='word_1_256' title='bbox 1498 3122 1594 3174; x_wconf 82' lang='grc' dir='ltr'><strong>καὶ</strong></span> <span class='ocrx_word' id='word_1_257' title='bbox 1637 3123 1806 3187; x_wconf 85' lang='grc' dir='ltr'><strong>πίνει,</strong></span> <span class='ocrx_word' id='word_1_258' title='bbox 1866 3124 1960 3177; x_wconf 80' lang='grc' dir='ltr'><strong>καὶ</strong></span> 
     </span>
    </p>
   </div>
   <div class='ocr_carea' id='block_1_34' title="bbox 376 3203 1954 3285">
    <p class='ocr_par' dir='ltr' id='par_1_34' title="bbox 376 3203 1954 3285">
     <span class='ocr_line' id='line_1_34' title="bbox 376 3203 1954 3285; baseline 0.006 -27"><span class='ocrx_word' id='word_1_259' title='bbox 376 3203 557 3274; x_wconf 64' lang='grc' dir='ltr'><strong>ἔνοχος</strong></span> <span class='ocrx_word' id='word_1_260' title='bbox 586 3208 737 3261; x_wconf 75' lang='grc' dir='ltr'><strong>ἔσται</strong></span> <span class='ocrx_word' id='word_1_261' title='bbox 758 3208 851 3262; x_wconf 88' lang='grc' dir='ltr'><strong>τοῦ</strong></span> <span class='ocrx_word' id='word_1_262' title='bbox 881 3207 1130 3279; x_wconf 84' lang='grc' dir='ltr'><strong>σώματος</strong></span> <span class='ocrx_word' id='word_1_263' title='bbox 1158 3212 1255 3264; x_wconf 78' lang='grc' dir='ltr'><strong>καὶ</strong></span> <span class='ocrx_word' id='word_1_264' title='bbox 1275 3211 1506 3282; x_wconf 74' lang='grc' dir='ltr'><strong>αἵματος</strong></span> <span class='ocrx_word' id='word_1_265' title='bbox 1539 3213 1634 3266; x_wconf 88' lang='grc' dir='ltr'><strong>τοῦ</strong></span> <span class='ocrx_word' id='word_1_266' title='bbox 1657 3213 1954 3285; x_wconf 76' lang='grc' dir='ltr'><strong>Χριστοῦ.»</strong></span> 
     </span>
    </p>
   </div>
   <div class='ocr_carea' id='block_1_35' title="bbox 448 3293 1960 3374">
    <p class='ocr_par' dir='ltr' id='par_1_35' title="bbox 448 3293 1960 3374">
     <span class='ocr_line' id='line_1_35' title="bbox 448 3293 1960 3374; baseline 0.007 -26"><span class='ocrx_word' id='word_1_267' title='bbox 448 3297 591 3367; x_wconf 82' lang='grc' dir='ltr'><strong>Πρὸς</strong></span> <span class='ocrx_word' id='word_1_268' title='bbox 613 3299 738 3361; x_wconf 75' lang='grc' dir='ltr'><strong>τοὺς</strong></span> <span class='ocrx_word' id='word_1_269' title='bbox 766 3299 945 3354; x_wconf 86' lang='grc' dir='ltr'><strong>τοίνυν</strong></span> <span class='ocrx_word' id='word_1_270' title='bbox 973 3299 1369 3372; x_wconf 81' lang='grc' dir='ltr'><strong>διαποροῦντας</strong></span> <span class='ocrx_word' id='word_1_271' title='bbox 1389 3293 1525 3370; x_wconf 80' lang='grc' dir='ltr'><strong>περῖ</strong></span> <span class='ocrx_word' id='word_1_272' title='bbox 1551 3303 1654 3374; x_wconf 84' lang='grc' dir='ltr'><strong>τῆς</strong></span> <span class='ocrx_word' id='word_1_273' title='bbox 1707 3305 1816 3358; x_wconf 74' lang='grc' dir='ltr'><strong>ἀπὸ</strong></span> <span class='ocrx_word' id='word_1_274' title='bbox 1862 3305 1960 3359; x_wconf 87' lang='grc' dir='ltr'><strong>τοῦ</strong></span> 
     </span>
    </p>
   </div>
   <div class='ocr_carea' id='block_1_36' title="bbox 376 3385 1964 3466">
    <p class='ocr_par' dir='ltr' id='par_1_36' title="bbox 376 3385 1964 3466">
     <span class='ocr_line' id='line_1_36' title="bbox 376 3385 1964 3466; baseline 0.006 -26"><span class='ocrx_word' id='word_1_275' title='bbox 376 3385 541 3456; x_wconf 79' lang='grc' dir='ltr'><strong>ἄρτου</strong></span> <span class='ocrx_word' id='word_1_276' title='bbox 570 3390 662 3441; x_wconf 71' lang='grc' dir='ltr'><strong>καὶ</strong></span> <span class='ocrx_word' id='word_1_277' title='bbox 685 3389 776 3442; x_wconf 77' lang='grc' dir='ltr'><strong>τοῦ</strong></span> <span class='ocrx_word' id='word_1_278' title='bbox 805 3389 951 3444; x_wconf 78' lang='grc' dir='ltr'><strong>οἴνου</strong></span> <span class='ocrx_word' id='word_1_279' title='bbox 985 3391 1066 3454; x_wconf 85' lang='grc' dir='ltr'><strong>είς</strong></span> <span class='ocrx_word' id='word_1_280' title='bbox 1089 3391 1151 3444; x_wconf 83' lang='grc' dir='ltr'><strong>τὸ</strong></span> <span class='ocrx_word' id='word_1_281' title='bbox 1180 3390 1342 3462; x_wconf 85' lang='grc' dir='ltr'><strong>σῶμα</strong></span> <span class='ocrx_word' id='word_1_282' title='bbox 1381 3394 1477 3448; x_wconf 71' lang='grc' dir='ltr'><strong>καὶ</strong></span> <span class='ocrx_word' id='word_1_283' title='bbox 1501 3389 1646 3465; x_wconf 73' lang='grc' dir='ltr'><strong>αἷμα</strong></span> <span class='ocrx_word' id='word_1_284' title='bbox 1697 3395 1796 3449; x_wconf 91' lang='grc' dir='ltr'><strong>τοῦ</strong></span> <span class='ocrx_word' id='word_1_285' title='bbox 1829 3397 1964 3466; x_wconf 85' lang='grc' dir='ltr'><strong>Χρι-</strong></span> 
     </span>
    </p>
   </div>
   <div class='ocr_carea' id='block_1_37' title="bbox 379 3479 1964 3558">
    <p class='ocr_par' dir='ltr' id='par_1_37' title="bbox 379 3479 1964 3558">
     <span class='ocr_line' id='line_1_37' title="bbox 379 3479 1964 3558; baseline 0.009 -28"><span class='ocrx_word' id='word_1_286' title='bbox 379 3479 503 3532; x_wconf 86' lang='grc' dir='ltr'><strong>στοῦ</strong></span> <span class='ocrx_word' id='word_1_287' title='bbox 550 3481 859 3552; x_wconf 84' lang='grc' dir='ltr'><strong>μεταϐολῆς</strong></span> <span class='ocrx_word' id='word_1_288' title='bbox 912 3482 1011 3555; x_wconf 77' lang='grc' dir='ltr'><strong>τὴν</strong></span> <span class='ocrx_word' id='word_1_289' title='bbox 1065 3482 1295 3556; x_wconf 87' lang='grc' dir='ltr'><strong>δύναμιν</strong></span> <span class='ocrx_word' id='word_1_290' title='bbox 1325 3485 1418 3540; x_wconf 86' lang='grc' dir='ltr'><strong>τοῦ</strong></span> <span class='ocrx_word' id='word_1_291' title='bbox 1465 3485 1602 3542; x_wconf 90' lang='grc' dir='ltr'><strong>Θεοῦ</strong></span> <span class='ocrx_word' id='word_1_292' title='bbox 1664 3489 1964 3558; x_wconf 83' lang='grc' dir='ltr'><strong>προϐαλλό-</strong></span> 
     </span>
    </p>
   </div>
   <div class='ocr_carea' id='block_1_38' title="bbox 381 3572 1950 3652">
    <p class='ocr_par' dir='ltr' id='par_1_38' title="bbox 381 3572 1950 3652">
     <span class='ocr_line' id='line_1_38' title="bbox 381 3572 1950 3652; baseline 0.008 -28"><span class='ocrx_word' id='word_1_293' title='bbox 381 3572 540 3638; x_wconf 83' lang='grc' dir='ltr'><strong>μεθα.</strong></span> <span class='ocrx_word' id='word_1_294' title='bbox 597 3573 659 3626; x_wconf 78' lang='grc' dir='ltr'><strong>ΕΞ</strong></span> <span class='ocrx_word' id='word_1_295' title='bbox 702 3575 812 3645; x_wconf 82' lang='grc' dir='ltr'><strong>γὰρ</strong></span> <span class='ocrx_word' id='word_1_296' title='bbox 858 3575 1182 3646; x_wconf 78' lang='grc' dir='ltr'><strong>ὁμολογοῦσι</strong></span> <span class='ocrx_word' id='word_1_297' title='bbox 1234 3577 1327 3632; x_wconf 87' lang='grc' dir='ltr'><strong>τδν</strong></span> <span class='ocrx_word' id='word_1_298' title='bbox 1357 3579 1491 3634; x_wconf 83' lang='grc' dir='ltr'><strong>Θεὸν</strong></span> <span class='ocrx_word' id='word_1_299' title='bbox 1544 3581 1950 3652; x_wconf 84' lang='grc' dir='ltr'><strong>παντοδύναμον</strong></span> 
     </span>
    </p>
   </div>
   <div class='ocr_carea' id='block_1_39' title="bbox 380 3657 1961 3738">
    <p class='ocr_par' dir='ltr' id='par_1_39' title="bbox 380 3657 1961 3738">
     <span class='ocr_line' id='line_1_39' title="bbox 380 3657 1961 3738; baseline 0.004 -22"><span class='ocrx_word' id='word_1_300' title='bbox 380 3657 538 3728; x_wconf 79' lang='grc' dir='ltr'><strong>εἶναι,</strong></span> <span class='ocrx_word' id='word_1_301' title='bbox 577 3663 727 3716; x_wconf 79' lang='grc' dir='ltr'><strong>οὐδὲν</strong></span> <span class='ocrx_word' id='word_1_302' title='bbox 757 3663 916 3717; x_wconf 88' lang='grc' dir='ltr'><strong>τοῦτο</strong></span> <span class='ocrx_word' id='word_1_303' title='bbox 935 3665 1380 3737; x_wconf 82' lang='grc' dir='ltr'><strong>διαπορήσουσιν.</strong></span> <span class='ocrx_word' id='word_1_304' title='bbox 1417 3669 1479 3722; x_wconf 80' lang='lat' dir='ltr'><strong>El.</strong></span> <span class='ocrx_word' id='word_1_305' title='bbox 1513 3669 1621 3738; x_wconf 86' lang='grc' dir='ltr'><strong>γὰρ</strong></span> <span class='ocrx_word' id='word_1_306' title='bbox 1681 3669 1823 3722; x_wconf 72' lang='grc' dir='ltr'><strong>κατὰ</strong></span> <span class='ocrx_word' id='word_1_307' title='bbox 1871 3669 1961 3723; x_wconf 76' lang='grc' dir='ltr'><strong>δύο</strong></span> 
     </span>
    </p>
   </div>
   <div class='ocr_carea' id='block_1_40' title="bbox 378 3755 1960 3834">
    <p class='ocr_par' dir='ltr' id='par_1_40' title="bbox 378 3755 1960 3834">
     <span class='ocr_line' id='line_1_40' title="bbox 378 3755 1960 3834; baseline 0.006 -28"><span class='ocrx_word' id='word_1_308' title='bbox 378 3770 542 3824; x_wconf 84' lang='grc' dir='ltr'><strong>ναμιν</strong></span> <span class='ocrx_word' id='word_1_309' title='bbox 565 3755 801 3827; x_wconf 81' lang='grc' dir='ltr'><strong>φυσικὴν</strong></span> <span class='ocrx_word' id='word_1_310' title='bbox 830 3759 864 3827; x_wconf 83' lang='grc' dir='ltr'>ὴ</span> <span class='ocrx_word' id='word_1_311' title='bbox 895 3757 1233 3829; x_wconf 65' lang='grc' dir='ltr'><strong>ὑποκειμένη</strong></span> <span class='ocrx_word' id='word_1_312' title='bbox 1261 3759 1355 3813; x_wconf 87' lang='grc' dir='ltr'><strong>τοῦ</strong></span> <span class='ocrx_word' id='word_1_313' title='bbox 1385 3760 1546 3828; x_wconf 81' lang='grc' dir='ltr'><strong>ἀέρος</strong></span> <span class='ocrx_word' id='word_1_314' title='bbox 1582 3761 1681 3834; x_wconf 72' lang='grc' dir='ltr'><strong>ὕλη</strong></span> <span class='ocrx_word' id='word_1_315' title='bbox 1737 3761 1960 3816; x_wconf 83' lang='grc' dir='ltr'><strong>δύναται</strong></span> 
     </span>
    </p>
   </div>
   <div class='ocr_carea' id='block_1_41' title="bbox 291 3841 1955 3922">
    <p class='ocr_par' dir='ltr' id='par_1_41' title="bbox 291 3841 1955 3922">
     <span class='ocr_line' id='line_1_41' title="bbox 291 3841 1955 3922; baseline 0.005 -24"><span class='ocrx_word' id='word_1_316' title='bbox 291 3875 294 3878; x_wconf 83' lang='lat'><strong><em>~</em></strong></span> <span class='ocrx_word' id='word_1_317' title='bbox 377 3847 517 3899; x_wconf 68' lang='grc' dir='ltr'><strong>κατὰ</strong></span> <span class='ocrx_word' id='word_1_318' title='bbox 535 3847 593 3899; x_wconf 84' lang='grc' dir='ltr'><strong>τὸ</strong></span> <span class='ocrx_word' id='word_1_319' title='bbox 625 3841 761 3911; x_wconf 70' lang='grc' dir='ltr'><strong>εἶδος</strong></span> <span class='ocrx_word' id='word_1_320' title='bbox 796 3849 1153 3918; x_wconf 84' lang='grc' dir='ltr'><strong>μεταϐάλλειν</strong></span> <span class='ocrx_word' id='word_1_321' title='bbox 1177 3849 1254 3912; x_wconf 83' lang='grc' dir='ltr'><strong>είς</strong></span> <span class='ocrx_word' id='word_1_322' title='bbox 1281 3849 1414 3921; x_wconf 89' lang='grc' dir='ltr'><strong>πῦρ,</strong></span> <span class='ocrx_word' id='word_1_323' title='bbox 1454 3849 1636 3920; x_wconf 84' lang='grc' dir='ltr'><strong>πολλῷ</strong></span> <span class='ocrx_word' id='word_1_324' title='bbox 1687 3851 1891 3921; x_wconf 80' lang='grc' dir='ltr'><strong>μᾶλλον</strong></span> <span class='ocrx_word' id='word_1_325' title='bbox 1923 3853 1955 3922; x_wconf 87' lang='grc' dir='ltr'>ἡ</span> 
     </span>
    </p>
   </div>
   <div class='ocr_carea' id='block_1_42' title="bbox 376 3937 1963 4015">
    <p class='ocr_par' dir='ltr' id='par_1_42' title="bbox 376 3937 1963 4015">
     <span class='ocr_line' id='line_1_42' title="bbox 376 3937 1963 4015; baseline 0.006 -25"><span class='ocrx_word' id='word_1_326' title='bbox 376 3937 466 3991; x_wconf 89' lang='grc' dir='ltr'><strong>τοῦ</strong></span> <span class='ocrx_word' id='word_1_327' title='bbox 495 3938 632 3991; x_wconf 86' lang='grc' dir='ltr'><strong>Θεοῦ</strong></span> <span class='ocrx_word' id='word_1_328' title='bbox 664 3939 915 4011; x_wconf 85' lang='grc' dir='ltr'><strong>δύναμις,</strong></span> <span class='ocrx_word' id='word_1_329' title='bbox 948 3941 1024 4006; x_wconf 84' lang='grc' dir='ltr'><strong>ὡς</strong></span> <span class='ocrx_word' id='word_1_330' title='bbox 1050 3942 1180 4012; x_wconf 85' lang='grc' dir='ltr'><strong>ὅλην</strong></span> <span class='ocrx_word' id='word_1_331' title='bbox 1202 3943 1300 4012; x_wconf 81' lang='grc' dir='ltr'><strong>τὴν</strong></span> <span class='ocrx_word' id='word_1_332' title='bbox 1324 3943 1517 3997; x_wconf 79' lang='grc' dir='ltr'><strong>οὐσίαν</strong></span> <span class='ocrx_word' id='word_1_333' title='bbox 1549 3943 1661 3997; x_wconf 87' lang='grc' dir='ltr'><strong>τῶν</strong></span> <span class='ocrx_word' id='word_1_334' title='bbox 1695 3947 1963 4015; x_wconf 81' lang='grc' dir='ltr'><strong>πραγμά-</strong></span> 
     </span>
    </p>
   </div>
   <div class='ocr_carea' id='block_1_43' title="bbox 376 4029 1962 4104">
    <p class='ocr_par' dir='ltr' id='par_1_43' title="bbox 376 4029 1962 4104">
     <span class='ocr_line' id='line_1_43' title="bbox 376 4029 1962 4104; baseline 0.006 -23"><span class='ocrx_word' id='word_1_335' title='bbox 376 4029 482 4082; x_wconf 86' lang='grc' dir='ltr'><strong>τῶν</strong></span> <span class='ocrx_word' id='word_1_336' title='bbox 501 4031 848 4101; x_wconf 87' lang='grc' dir='ltr'><strong>παρήγαγεν,</strong></span> <span class='ocrx_word' id='word_1_337' title='bbox 876 4034 938 4085; x_wconf 77' lang='grc' dir='ltr'><strong>οὐ</strong></span> <span class='ocrx_word' id='word_1_338' title='bbox 963 4033 1084 4086; x_wconf 82' lang='grc' dir='ltr'><strong>κατ’</strong></span> <span class='ocrx_word' id='word_1_339' title='bbox 1105 4029 1244 4095; x_wconf 80' lang='grc' dir='ltr'><strong>εἶδος</strong></span> <span class='ocrx_word' id='word_1_340' title='bbox 1277 4034 1436 4102; x_wconf 82' lang='grc' dir='ltr'><strong>μόνον</strong></span> <span class='ocrx_word' id='word_1_341' title='bbox 1469 4035 1766 4104; x_wconf 88' lang='grc' dir='ltr'><strong>μεταϐαλεί</strong></span> <span class='ocrx_word' id='word_1_342' title='bbox 1792 4051 1806 4066; x_wconf 88' lang='grc'><strong>·</strong></span> <span class='ocrx_word' id='word_1_343' title='bbox 1827 4037 1962 4090; x_wconf 82' lang='grc' dir='ltr'><strong>ἀλλὰ</strong></span> 
     </span>
    </p>
   </div>
   <div class='ocr_carea' id='block_1_44' title="bbox 379 4121 1968 4193">
    <p class='ocr_par' dir='ltr' id='par_1_44' title="bbox 379 4121 1968 4193">
     <span class='ocr_line' id='line_1_44' title="bbox 379 4121 1968 4193; baseline 0.007 -22"><span class='ocrx_word' id='word_1_344' title='bbox 379 4122 440 4172; x_wconf 72' lang='grc' dir='ltr'><strong>τδ</strong></span> <span class='ocrx_word' id='word_1_345' title='bbox 477 4121 834 4191; x_wconf 83' lang='grc' dir='ltr'><strong>ὑποκείμενον</strong></span> <span class='ocrx_word' id='word_1_346' title='bbox 862 4123 982 4177; x_wconf 86' lang='grc' dir='ltr'><strong>ὅλον</strong></span> <span class='ocrx_word' id='word_1_347' title='bbox 1005 4124 1099 4177; x_wconf 88' lang='grc' dir='ltr'><strong>τοῦ</strong></span> <span class='ocrx_word' id='word_1_348' title='bbox 1117 4124 1284 4193; x_wconf 79' lang='grc' dir='ltr'><strong>ἄρτου</strong></span> <span class='ocrx_word' id='word_1_349' title='bbox 1306 4125 1401 4178; x_wconf 76' lang='grc' dir='ltr'><strong>καὶ</strong></span> <span class='ocrx_word' id='word_1_350' title='bbox 1429 4124 1524 4179; x_wconf 87' lang='grc' dir='ltr'><strong>τοῦ</strong></span> <span class='ocrx_word' id='word_1_351' title='bbox 1553 4126 1696 4180; x_wconf 84' lang='grc' dir='ltr'><strong>οίνου</strong></span> <span class='ocrx_word' id='word_1_352' title='bbox 1714 4129 1793 4191; x_wconf 77' lang='grc' dir='ltr'><strong>εἰς</strong></span> <span class='ocrx_word' id='word_1_353' title='bbox 1833 4129 1968 4182; x_wconf 86' lang='grc' dir='ltr'><strong>ὑπο-</strong></span> 
     </span>
    </p>
   </div>
   <div class='ocr_carea' id='block_1_45' title="bbox 380 4211 1966 4289">
    <p class='ocr_par' dir='ltr' id='par_1_45' title="bbox 380 4211 1966 4289">
     <span class='ocr_line' id='line_1_45' title="bbox 380 4211 1966 4289; baseline 0.006 -25"><span class='ocrx_word' id='word_1_354' title='bbox 380 4213 628 4285; x_wconf 84' lang='grc' dir='ltr'><strong>κείμενον</strong></span> <span class='ocrx_word' id='word_1_355' title='bbox 694 4215 871 4287; x_wconf 87' lang='grc' dir='ltr'><strong>σάρκα</strong></span> <span class='ocrx_word' id='word_1_356' title='bbox 916 4219 1014 4270; x_wconf 79' lang='grc' dir='ltr'><strong>καὶ</strong></span> <span class='ocrx_word' id='word_1_357' title='bbox 1075 4211 1216 4289; x_wconf 72' lang='grc' dir='ltr'><strong>αἷμα</strong></span> <span class='ocrx_word' id='word_1_358' title='bbox 1260 4219 1646 4286; x_wconf 83' lang='grc' dir='ltr'><strong>μεταποιήσει.</strong></span> <span class='ocrx_word' id='word_1_359' title='bbox 1697 4220 1760 4273; x_wconf 82' lang='lat' dir='ltr'><strong>Ei</strong></span> <span class='ocrx_word' id='word_1_360' title='bbox 1790 4220 1846 4275; x_wconf 82' lang='grc' dir='ltr'><strong>δέ</strong></span> <span class='ocrx_word' id='word_1_361' title='bbox 1881 4239 1966 4285; x_wconf 87' lang='grc' dir='ltr'><strong>τις</strong></span> 
     </span>
    </p>
   </div>
   <div class='ocr_carea' id='block_1_46' title="bbox 383 4307 1959 4388">
    <p class='ocr_par' dir='ltr' id='par_1_46' title="bbox 383 4307 1959 4388">
     <span class='ocr_line' id='line_1_46' title="bbox 383 4307 1959 4388; baseline 0.003 -28"><span class='ocrx_word' id='word_1_362' title='bbox 383 4309 540 4360; x_wconf 79' lang='grc' dir='ltr'><strong>πάλιν</strong></span> <span class='ocrx_word' id='word_1_363' title='bbox 577 4307 664 4362; x_wconf 75' lang='grc' dir='ltr'><strong>διὰ</strong></span> <span class='ocrx_word' id='word_1_364' title='bbox 692 4308 760 4361; x_wconf 79' lang='grc' dir='ltr'><strong>τά</strong></span> <span class='ocrx_word' id='word_1_365' title='bbox 779 4311 843 4380; x_wconf 86' lang='grc' dir='ltr'><strong>τῇ</strong></span> <span class='ocrx_word' id='word_1_366' title='bbox 896 4311 1147 4382; x_wconf 80' lang='grc' dir='ltr'><strong>αἰσθήσει</strong></span> <span class='ocrx_word' id='word_1_367' title='bbox 1199 4313 1506 4384; x_wconf 82' lang='grc' dir='ltr'><strong>φαινόμενα</strong></span> <span class='ocrx_word' id='word_1_368' title='bbox 1561 4315 1630 4385; x_wconf 83' lang='grc' dir='ltr'><strong>τῇ</strong></span> <span class='ocrx_word' id='word_1_369' title='bbox 1684 4316 1959 4388; x_wconf 76' lang='grc' dir='ltr'><strong>μεταϐολῇ</strong></span> 
     </span>
    </p>
   </div>
   <div class='ocr_carea' id='block_1_47' title="bbox 382 4399 1966 4476">
    <p class='ocr_par' dir='ltr' id='par_1_47' title="bbox 382 4399 1966 4476">
     <span class='ocr_line' id='line_1_47' title="bbox 382 4399 1966 4476; baseline 0.009 -28"><span class='ocrx_word' id='word_1_370' title='bbox 382 4399 550 4472; x_wconf 80' lang='grc' dir='ltr'><strong>ταύτῃ</strong></span> <span class='ocrx_word' id='word_1_371' title='bbox 584 4399 879 4466; x_wconf 78' lang='grc' dir='ltr'><strong>διαπιστεῖ,</strong></span> <span class='ocrx_word' id='word_1_372' title='bbox 907 4403 1240 4455; x_wconf 85' lang='grc' dir='ltr'><strong>κατανοείτω</strong></span> <span class='ocrx_word' id='word_1_373' title='bbox 1269 4405 1352 4456; x_wconf 86' lang='grc' dir='ltr'><strong>ὅτι</strong></span> <span class='ocrx_word' id='word_1_374' title='bbox 1381 4404 1449 4457; x_wconf 80' lang='grc' dir='ltr'><strong>τὰ</strong></span> <span class='ocrx_word' id='word_1_375' title='bbox 1490 4404 1612 4458; x_wconf 76' lang='grc' dir='ltr'><strong>θεῖα</strong></span> <span class='ocrx_word' id='word_1_376' title='bbox 1638 4405 1772 4476; x_wconf 82' lang='grc' dir='ltr'><strong>ἡμῖν</strong></span> <span class='ocrx_word' id='word_1_377' title='bbox 1819 4407 1966 4463; x_wconf 79' lang='grc' dir='ltr'><strong>οὕτω</strong></span> 
     </span>
    </p>
   </div>
   <div class='ocr_carea' id='block_1_48' title="bbox 2068 649 3662 720">
    <p class='ocr_par' dir='ltr' id='par_1_48' title="bbox 2068 649 3662 720">
     <span class='ocr_line' id='line_1_48' title="bbox 2068 649 3662 720; baseline 0.001 -20"><span class='ocrx_word' id='word_1_378' title='bbox 2068 663 2280 711; x_wconf 84' lang='lat' dir='ltr'><strong>nusque</strong></span> <span class='ocrx_word' id='word_1_379' title='bbox 2307 650 2491 703; x_wconf 83' lang='lat' dir='ltr'><strong>divino</strong></span> <span class='ocrx_word' id='word_1_380' title='bbox 2515 651 2852 720; x_wconf 89' lang='lat' dir='ltr'><strong>impellente,</strong></span> <span class='ocrx_word' id='word_1_381' title='bbox 2873 667 2937 706; x_wconf 88' lang='lat' dir='ltr'><strong>ac</strong></span> <span class='ocrx_word' id='word_1_382' title='bbox 2949 649 3058 704; x_wconf 86' lang='lat' dir='ltr'><strong>vim</strong></span> <span class='ocrx_word' id='word_1_383' title='bbox 3081 650 3351 718; x_wconf 66' lang='lat' dir='ltr'><strong>praebente</strong></span> <span class='ocrx_word' id='word_1_384' title='bbox 3370 658 3662 719; x_wconf 70' lang='lat' dir='ltr'><strong>praecepto,</strong></span> 
     </span>
    </p>
   </div>
   <div class='ocr_carea' id='block_1_49' title="bbox 2066 737 3663 810">
    <p class='ocr_par' dir='ltr' id='par_1_49' title="bbox 2066 737 3663 810">
     <span class='ocr_line' id='line_1_49' title="bbox 2066 737 3663 810; baseline 0 -18"><span class='ocrx_word' id='word_1_385' title='bbox 2066 737 2311 806; x_wconf 74' lang='lat' dir='ltr'><strong>germina</strong></span> <span class='ocrx_word' id='word_1_386' title='bbox 2337 753 2438 794; x_wconf 85' lang='lat' dir='ltr'><strong>sua</strong></span> <span class='ocrx_word' id='word_1_387' title='bbox 2461 739 2731 804; x_wconf 83' lang='lat' dir='ltr'><strong>educere;</strong></span> <span class='ocrx_word' id='word_1_388' title='bbox 2776 741 2854 796; x_wconf 90' lang='lat' dir='ltr'><strong>sic</strong></span> <span class='ocrx_word' id='word_1_389' title='bbox 2907 754 3127 810; x_wconf 89' lang='lat' dir='ltr'><strong>quoque</strong></span> <span class='ocrx_word' id='word_1_390' title='bbox 3176 740 3320 794; x_wconf 96' lang='lat' dir='ltr'><strong>istud</strong></span> <span class='ocrx_word' id='word_1_391' title='bbox 3362 740 3663 794; x_wconf 77' lang='lat' dir='ltr'><strong>sacerdotis</strong></span> 
     </span>
    </p>
   </div>
   <div class='ocr_carea' id='block_1_50' title="bbox 2066 831 3662 903">
    <p class='ocr_par' dir='ltr' id='par_1_50' title="bbox 2066 831 3662 903">
     <span class='ocr_line' id='line_1_50' title="bbox 2066 831 3662 903; baseline 0 -19"><span class='ocrx_word' id='word_1_392' title='bbox 2066 831 2372 885; x_wconf 90' lang='lat' dir='ltr'><strong>ministerio</strong></span> <span class='ocrx_word' id='word_1_393' title='bbox 2389 833 3010 903; x_wconf 74' lang='lat' dir='ltr'><strong>contingere..credimus</strong></span> <span class='ocrx_word' id='word_1_394' title='bbox 3027 873 3040 896; x_wconf 88' lang='lat'><strong>,</strong></span> <span class='ocrx_word' id='word_1_395' title='bbox 3063 838 3121 884; x_wconf 89' lang='lat' dir='ltr'><strong>ut</strong></span> <span class='ocrx_word' id='word_1_396' title='bbox 3135 839 3188 885; x_wconf 92' lang='lat' dir='ltr'><strong>et</strong></span> <span class='ocrx_word' id='word_1_397' title='bbox 3208 834 3365 900; x_wconf 90' lang='lat' dir='ltr'><strong>panis</strong></span> <span class='ocrx_word' id='word_1_398' title='bbox 3384 833 3436 885; x_wconf 92' lang='lat' dir='ltr'><strong>in</strong></span> <span class='ocrx_word' id='word_1_399' title='bbox 3461 847 3662 899; x_wconf 84' lang='lat' dir='ltr'><strong>corpus</strong></span> 
     </span>
    </p>
   </div>
   <div class='ocr_carea' id='block_1_51' title="bbox 2064 920 3660 995">
    <p class='ocr_par' dir='ltr' id='par_1_51' title="bbox 2064 920 3660 995">
     <span class='ocr_line' id='line_1_51' title="bbox 2064 920 3660 995; baseline 0.001 -19"><span class='ocrx_word' id='word_1_400' title='bbox 2064 920 2203 988; x_wconf 80' lang='lat' dir='ltr'><strong>eius,</strong></span> <span class='ocrx_word' id='word_1_401' title='bbox 2240 932 2295 976; x_wconf 86' lang='lat' dir='ltr'><strong>et</strong></span> <span class='ocrx_word' id='word_1_402' title='bbox 2321 923 2510 978; x_wconf 89' lang='lat' dir='ltr'><strong>vinum</strong></span> <span class='ocrx_word' id='word_1_403' title='bbox 2547 925 2600 979; x_wconf 93' lang='lat' dir='ltr'><strong>in</strong></span> <span class='ocrx_word' id='word_1_404' title='bbox 2641 926 2961 995; x_wconf 80' lang='lat' dir='ltr'><strong>sanguinem</strong></span> <span class='ocrx_word' id='word_1_405' title='bbox 3005 931 3416 987; x_wconf 77' lang='lat' dir='ltr'><strong>convertantur,</strong></span> <span class='ocrx_word' id='word_1_406' title='bbox 3444 925 3513 977; x_wconf 92' lang='lat' dir='ltr'><strong>ob</strong></span> <span class='ocrx_word' id='word_1_407' title='bbox 3540 925 3660 991; x_wconf 83' lang='lat' dir='ltr'><strong>ejus</strong></span> 
     </span>
    </p>
   </div>
   <div class='ocr_carea' id='block_1_52' title="bbox 2063 1014 3658 1088">
    <p class='ocr_par' dir='ltr' id='par_1_52' title="bbox 2063 1014 3658 1088">
     <span class='ocr_line' id='line_1_52' title="bbox 2063 1014 3658 1088; baseline 0 -20"><span class='ocrx_word' id='word_1_408' title='bbox 2063 1014 2156 1084; x_wconf 87' lang='lat' dir='ltr'><strong>qtti</strong></span> <span class='ocrx_word' id='word_1_409' title='bbox 2185 1014 2324 1068; x_wconf 77' lang='lat' dir='ltr'><strong>dixit</strong></span> <span class='ocrx_word' id='word_1_410' title='bbox 2347 1019 2668 1082; x_wconf 81' lang='lat' dir='ltr'><strong>potentiam.</strong></span> <span class='ocrx_word' id='word_1_411' title='bbox 2717 1016 2780 1070; x_wconf 89' lang='lat' dir='ltr'><strong>Et</strong></span> <span class='ocrx_word' id='word_1_412' title='bbox 2807 1027 2867 1071; x_wconf 92' lang='lat' dir='ltr'><strong>ut</strong></span> <span class='ocrx_word' id='word_1_413' title='bbox 2891 1017 2968 1072; x_wconf 91' lang='lat' dir='ltr'><strong>ait</strong></span> <span class='ocrx_word' id='word_1_414' title='bbox 2999 1017 3158 1072; x_wconf 89' lang='lat' dir='ltr'><strong>divus</strong></span> <span class='ocrx_word' id='word_1_415' title='bbox 3179 1017 3605 1088; x_wconf 80' lang='lat' dir='ltr'><strong>Chrysostomus</strong></span> <span class='ocrx_word' id='word_1_416' title='bbox 3643 1033 3658 1068; x_wconf 90' lang='lat'><strong>:</strong></span> 
     </span>
    </p>
   </div>
   <div class='ocr_carea' id='block_1_53' title="bbox 2070 1106 3660 1178">
    <p class='ocr_par' dir='ltr' id='par_1_53' title="bbox 2070 1106 3660 1178">
     <span class='ocr_line' id='line_1_53' title="bbox 2070 1106 3660 1178; baseline 0.003 -20"><span class='ocrx_word' id='word_1_417' title='bbox 2070 1125 2088 1158; x_wconf 81' lang='grc' dir='ltr'><strong>ι</strong></span> <span class='ocrx_word' id='word_1_418' title='bbox 2137 1106 2258 1161; x_wconf 83' lang='lat' dir='ltr'><strong>Stat</strong></span> <span class='ocrx_word' id='word_1_419' title='bbox 2307 1109 2564 1163; x_wconf 65' lang='lat' dir='ltr'><strong>sacerdos</strong></span> <span class='ocrx_word' id='word_1_420' title='bbox 2618 1109 2796 1164; x_wconf 89' lang='lat' dir='ltr'><strong>solum</strong></span> <span class='ocrx_word' id='word_1_421' title='bbox 2859 1109 3087 1166; x_wconf 76' lang='lat' dir='ltr'><strong>formam</strong></span> <span class='ocrx_word' id='word_1_422' title='bbox 3146 1113 3379 1178; x_wconf 85' lang='lat' dir='ltr'><strong>impleas</strong></span> <span class='ocrx_word' id='word_1_423' title='bbox 3429 1117 3530 1163; x_wconf 89' lang='lat' dir='ltr'><strong>:at</strong></span> <span class='ocrx_word' id='word_1_424' title='bbox 3579 1109 3660 1162; x_wconf 82' lang='lat' dir='ltr'><strong>vis</strong></span> 
     </span>
    </p>
   </div>
   <div class='ocr_carea' id='block_1_54' title="bbox 2064 1186 3658 1271">
    <p class='ocr_par' dir='ltr' id='par_1_54' title="bbox 2064 1186 3658 1271">
     <span class='ocr_line' id='line_1_54' title="bbox 2064 1186 3658 1271; baseline -0.001 -19"><span class='ocrx_word' id='word_1_425' title='bbox 2064 1201 2245 1254; x_wconf 89' lang='lat' dir='ltr'><strong>omnis</strong></span> <span class='ocrx_word' id='word_1_426' title='bbox 2293 1202 2584 1255; x_wconf 84' lang='lat' dir='ltr'><strong>verborum</strong></span> <span class='ocrx_word' id='word_1_427' title='bbox 2629 1208 2730 1256; x_wconf 92' lang='lat' dir='ltr'><strong>est.</strong></span> <span class='ocrx_word' id='word_1_428' title='bbox 2771 1221 2790 1254; x_wconf 69' lang='grc' dir='ltr'><strong>ι</strong></span> <span class='ocrx_word' id='word_1_429' title='bbox 2849 1201 2967 1271; x_wconf 91' lang='lat' dir='ltr'><strong>Ipse</strong></span> <span class='ocrx_word' id='word_1_430' title='bbox 3015 1186 3356 1258; x_wconf 31' lang='lat' dir='ltr'><strong>enim-dixit</strong></span> <span class='ocrx_word' id='word_1_431' title='bbox 3406 1220 3420 1254; x_wconf 90' lang='lat'><strong>:</strong></span> <span class='ocrx_word' id='word_1_432' title='bbox 3480 1220 3498 1252; x_wconf 80' lang='grc' dir='ltr'><strong>ι</strong></span> <span class='ocrx_word' id='word_1_433' title='bbox 3547 1199 3658 1253; x_wconf 83' lang='lat' dir='ltr'><strong>Nisi</strong></span> 
     </span>
    </p>
   </div>
   <div class='ocr_carea' id='block_1_55' title="bbox 2064 1292 3661 1360">
    <p class='ocr_par' dir='ltr' id='par_1_55' title="bbox 2064 1292 3661 1360">
     <span class='ocr_line' id='line_1_55' title="bbox 2064 1292 3661 1360; baseline 0 -15"><span class='ocrx_word' id='word_1_434' title='bbox 2064 1292 2534 1348; x_wconf 85' lang='lat' dir='ltr'><strong>manducaveritis</strong></span> <span class='ocrx_word' id='word_1_435' title='bbox 2552 1309 2772 1348; x_wconf 90' lang='lat' dir='ltr'><strong>carnem</strong></span> <span class='ocrx_word' id='word_1_436' title='bbox 2794 1294 2914 1348; x_wconf 83' lang='lat' dir='ltr'><strong>Filii</strong></span> <span class='ocrx_word' id='word_1_437' title='bbox 2941 1294 3179 1350; x_wconf 85' lang='lat' dir='ltr'><strong>hominis</strong></span> <span class='ocrx_word' id='word_1_438' title='bbox 3202 1301 3255 1347; x_wconf 86' lang='lat' dir='ltr'><strong>et</strong></span> <span class='ocrx_word' id='word_1_439' title='bbox 3274 1293 3522 1348; x_wconf 74' lang='lat' dir='ltr'><strong>biberitis</strong></span> <span class='ocrx_word' id='word_1_440' title='bbox 3541 1292 3661 1360; x_wconf 85' lang='lat' dir='ltr'><strong>ejus</strong></span> 
     </span>
    </p>
   </div>
   <div class='ocr_carea' id='block_1_56' title="bbox 2063 1385 3661 1455">
    <p class='ocr_par' dir='ltr' id='par_1_56' title="bbox 2063 1385 3661 1455">
     <span class='ocr_line' id='line_1_56' title="bbox 2063 1385 3661 1455; baseline 0 -17"><span class='ocrx_word' id='word_1_441' title='bbox 2063 1387 2408 1455; x_wconf 79' lang='lat' dir='ltr'><strong>sanguinem,</strong></span> <span class='ocrx_word' id='word_1_442' title='bbox 2459 1401 2570 1441; x_wconf 92' lang='lat' dir='ltr'><strong>non</strong></span> <span class='ocrx_word' id='word_1_443' title='bbox 2630 1387 2901 1441; x_wconf 83' lang='lat' dir='ltr'><strong>habebitis</strong></span> <span class='ocrx_word' id='word_1_444' title='bbox 2935 1387 3102 1440; x_wconf 85' lang='lat' dir='ltr'><strong>vitam</strong></span> <span class='ocrx_word' id='word_1_445' title='bbox 3150 1388 3202 1440; x_wconf 92' lang='lat' dir='ltr'><strong>in</strong></span> <span class='ocrx_word' id='word_1_446' title='bbox 3247 1387 3420 1442; x_wconf 82' lang='lat' dir='ltr'><strong>vobis.</strong></span> <span class='ocrx_word' id='word_1_447' title='bbox 3450 1405 3469 1436; x_wconf 70' lang='grc' dir='ltr'><strong>ι</strong></span> <span class='ocrx_word' id='word_1_448' title='bbox 3521 1385 3661 1439; x_wconf 85' lang='lat' dir='ltr'><strong>Caro</strong></span> 
     </span>
    </p>
   </div>
   <div class='ocr_carea' id='block_1_57' title="bbox 2063 1474 3657 1540">
    <p class='ocr_par' dir='ltr' id='par_1_57' title="bbox 2063 1474 3657 1540">
     <span class='ocr_line' id='line_1_57' title="bbox 2063 1474 3657 1540; baseline -0.001 -10"><span class='ocrx_word' id='word_1_449' title='bbox 2063 1475 2206 1530; x_wconf 88' lang='lat' dir='ltr'><strong>enim</strong></span> <span class='ocrx_word' id='word_1_450' title='bbox 2254 1488 2374 1530; x_wconf 85' lang='lat' dir='ltr'><strong>mea</strong></span> <span class='ocrx_word' id='word_1_451' title='bbox 2433 1490 2595 1530; x_wconf 89' lang='lat' dir='ltr'><strong>verus</strong></span> <span class='ocrx_word' id='word_1_452' title='bbox 2641 1487 2729 1531; x_wconf 90' lang='lat' dir='ltr'><strong>est</strong></span> <span class='ocrx_word' id='word_1_453' title='bbox 2778 1477 2953 1531; x_wconf 85' lang='lat' dir='ltr'><strong>cibus.</strong></span> <span class='ocrx_word' id='word_1_454' title='bbox 2996 1496 3016 1528; x_wconf 72' lang='grc' dir='ltr'><strong>ι</strong></span> <span class='ocrx_word' id='word_1_455' title='bbox 3067 1477 3132 1530; x_wconf 83' lang='grc' dir='ltr'><strong>Ει</strong></span> <span class='ocrx_word' id='word_1_456' title='bbox 3181 1490 3426 1540; x_wconf 82' lang='lat' dir='ltr'><strong>rursum,</strong></span> <span class='ocrx_word' id='word_1_457' title='bbox 3483 1494 3502 1526; x_wconf 81' lang='grc' dir='ltr'><strong>ι</strong></span> <span class='ocrx_word' id='word_1_458' title='bbox 3551 1474 3657 1540; x_wconf 85' lang='lat' dir='ltr'><strong>Qui</strong></span> 
     </span>
    </p>
   </div>
   <div class='ocr_carea' id='block_1_58' title="bbox 2065 1568 3659 1636">
    <p class='ocr_par' dir='ltr' id='par_1_58' title="bbox 2065 1568 3659 1636">
     <span class='ocr_line' id='line_1_58' title="bbox 2065 1568 3659 1636; baseline -0.001 -15"><span class='ocrx_word' id='word_1_459' title='bbox 2065 1568 2356 1623; x_wconf 86' lang='lat' dir='ltr'><strong>manducat</strong></span> <span class='ocrx_word' id='word_1_460' title='bbox 2426 1583 2570 1636; x_wconf 87' lang='lat' dir='ltr'><strong>&#39;me,</strong></span> <span class='ocrx_word' id='word_1_461' title='bbox 2639 1569 2870 1624; x_wconf 75' lang='lat' dir='ltr'><strong>vivet“.</strong></span> <span class='ocrx_word' id='word_1_462' title='bbox 2916 1589 2934 1621; x_wconf 74' lang='grc' dir='ltr'><strong>ι</strong></span> <span class='ocrx_word' id='word_1_463' title='bbox 2996 1569 3182 1636; x_wconf 78' lang='lat' dir='ltr'><strong>Itaque</strong></span> <span class='ocrx_word' id='word_1_464' title='bbox 3251 1570 3387 1622; x_wconf 86' lang='lat' dir='ltr'><strong>citra</strong></span> <span class='ocrx_word' id='word_1_465' title='bbox 3440 1583 3659 1621; x_wconf 88' lang='lat' dir='ltr'><strong>omnem</strong></span> 
     </span>
    </p>
   </div>
   <div class='ocr_carea' id='block_1_59' title="bbox 2063 1659 3661 1727">
    <p class='ocr_par' dir='ltr' id='par_1_59' title="bbox 2063 1659 3661 1727">
     <span class='ocr_line' id='line_1_59' title="bbox 2063 1659 3661 1727; baseline -0.003 -13"><span class='ocrx_word' id='word_1_466' title='bbox 2063 1660 2462 1716; x_wconf 84' lang='lat' dir='ltr'><strong>dubitationem</strong></span> <span class='ocrx_word' id='word_1_467' title='bbox 2525 1661 2616 1714; x_wconf 88' lang='lat' dir='ltr'><strong>illa</strong></span> <span class='ocrx_word' id='word_1_468' title='bbox 2687 1661 2953 1716; x_wconf 86' lang='lat' dir='ltr'><strong>debemus</strong></span> <span class='ocrx_word' id='word_1_469' title='bbox 3018 1661 3339 1727; x_wconf 77' lang='lat' dir='ltr'><strong>percipere,</strong></span> <span class='ocrx_word' id='word_1_470' title='bbox 3402 1659 3661 1711; x_wconf 82' lang='lat' dir='ltr'><strong>mundam</strong></span> 
     </span>
    </p>
   </div>
   <div class='ocr_carea' id='block_1_60' title="bbox 2064 1750 3660 1822">
    <p class='ocr_par' dir='ltr' id='par_1_60' title="bbox 2064 1750 3660 1822">
     <span class='ocr_line' id='line_1_60' title="bbox 2064 1750 3660 1822; baseline -0.003 -16"><span class='ocrx_word' id='word_1_471' title='bbox 2064 1751 2391 1822; x_wconf 79' lang='lat' dir='ltr'><strong>ﬁrmamque</strong></span> <span class='ocrx_word' id='word_1_472' title='bbox 2438 1753 2506 1807; x_wconf 92' lang='lat' dir='ltr'><strong>de</strong></span> <span class='ocrx_word' id='word_1_473' title='bbox 2546 1751 2655 1806; x_wconf 83' lang='lat' dir='ltr'><strong>illis</strong></span> <span class='ocrx_word' id='word_1_474' title='bbox 2685 1753 2953 1808; x_wconf 86' lang='lat' dir='ltr'><strong>habentes</strong></span> <span class='ocrx_word' id='word_1_475' title='bbox 2995 1751 3178 1807; x_wconf 84' lang='lat' dir='ltr'><strong>(idem.</strong></span> <span class='ocrx_word' id='word_1_476' title='bbox 3220 1750 3282 1806; x_wconf 87' lang='lat' dir='ltr'><strong>Et</strong></span> <span class='ocrx_word' id='word_1_477' title='bbox 3328 1759 3387 1804; x_wconf 91' lang='lat' dir='ltr'><strong>ut</strong></span> <span class='ocrx_word' id='word_1_478' title='bbox 3422 1751 3660 1820; x_wconf 77' lang='lat' dir='ltr'><strong>quodam</strong></span> 
     </span>
    </p>
   </div>
   <div class='ocr_carea' id='block_1_61' title="bbox 2065 1841 3665 1916">
    <p class='ocr_par' dir='ltr' id='par_1_61' title="bbox 2065 1841 3665 1916">
     <span class='ocr_line' id='line_1_61' title="bbox 2065 1841 3665 1916; baseline -0.003 -18"><span class='ocrx_word' id='word_1_479' title='bbox 2065 1845 2188 1900; x_wconf 90' lang='lat' dir='ltr'><strong>loco</strong></span> <span class='ocrx_word' id='word_1_480' title='bbox 2234 1843 2562 1915; x_wconf 61' lang='lat' dir='ltr'><strong>aitzdivinus</strong></span> <span class='ocrx_word' id='word_1_481' title='bbox 2591 1844 3039 1916; x_wconf 81' lang='lat' dir='ltr'><strong>Chrysostomus,</strong></span> <span class='ocrx_word' id='word_1_482' title='bbox 3081 1845 3162 1900; x_wconf 90' lang='lat' dir='ltr'><strong>sic</strong></span> <span class='ocrx_word' id='word_1_483' title='bbox 3206 1844 3448 1913; x_wconf 89' lang='lat' dir='ltr'><strong>quisque</strong></span> <span class='ocrx_word' id='word_1_484' title='bbox 3477 1841 3665 1896; x_wconf 87' lang='lat' dir='ltr'><strong>animo</strong></span> 
     </span>
    </p>
   </div>
   <div class='ocr_carea' id='block_1_62' title="bbox 2064 1937 3662 2008">
    <p class='ocr_par' dir='ltr' id='par_1_62' title="bbox 2064 1937 3662 2008">
     <span class='ocr_line' id='line_1_62' title="bbox 2064 1937 3662 2008; baseline -0.003 -16"><span class='ocrx_word' id='word_1_485' title='bbox 2064 1938 2288 1994; x_wconf 77' lang='lat' dir='ltr'><strong>affectus</strong></span> <span class='ocrx_word' id='word_1_486' title='bbox 2314 1937 2380 1992; x_wconf 89' lang='lat' dir='ltr'><strong>ad</strong></span> <span class='ocrx_word' id='word_1_487' title='bbox 2415 1937 2601 1992; x_wconf 87' lang='lat' dir='ltr'><strong>divina</strong></span> <span class='ocrx_word' id='word_1_488' title='bbox 2636 1939 2868 1994; x_wconf 81' lang='lat' dir='ltr'><strong>accedat</strong></span> <span class='ocrx_word' id='word_1_489' title='bbox 2902 1940 3164 2008; x_wconf 83' lang='lat' dir='ltr'><strong>mysteria</strong></span> <span class='ocrx_word' id='word_1_490' title='bbox 3197 1952 3378 2006; x_wconf 80' lang='lat' dir='ltr'><strong>operae</strong></span> <span class='ocrx_word' id='word_1_491' title='bbox 3425 1937 3662 2006; x_wconf 90' lang='lat' dir='ltr'><strong>pretium</strong></span> 
     </span>
    </p>
   </div>
   <div class='ocr_carea' id='block_1_63' title="bbox 2064 2025 3659 2098">
    <p class='ocr_par' dir='ltr' id='par_1_63' title="bbox 2064 2025 3659 2098">
     <span class='ocr_line' id='line_1_63' title="bbox 2064 2025 3659 2098; baseline -0.003 -15"><span class='ocrx_word' id='word_1_492' title='bbox 2064 2037 2149 2083; x_wconf 89' lang='lat' dir='ltr'><strong>est</strong></span> <span class='ocrx_word' id='word_1_493' title='bbox 2183 2045 2196 2082; x_wconf 90' lang='lat'><strong>:</strong></span> <span class='ocrx_word' id='word_1_494' title='bbox 2234 2046 2252 2080; x_wconf 80' lang='grc' dir='ltr'><strong>ι</strong></span> <span class='ocrx_word' id='word_1_495' title='bbox 2291 2028 2368 2081; x_wconf 83' lang='lat' dir='ltr'><strong>Ae</strong></span> <span class='ocrx_word' id='word_1_496' title='bbox 2405 2029 2450 2083; x_wconf 90' lang='lat' dir='ltr'><strong>si</strong></span> <span class='ocrx_word' id='word_1_497' title='bbox 2483 2044 2547 2083; x_wconf 86' lang='lat' dir='ltr'><strong>ex</strong></span> <span class='ocrx_word' id='word_1_498' title='bbox 2582 2029 2704 2098; x_wconf 85' lang='lat' dir='ltr'><strong>ipso</strong></span> <span class='ocrx_word' id='word_1_499' title='bbox 2731 2029 2941 2082; x_wconf 91' lang='lat' dir='ltr'><strong>Domini</strong></span> <span class='ocrx_word' id='word_1_500' title='bbox 2973 2029 3142 2083; x_wconf 84' lang='lat' dir='ltr'><strong>latere</strong></span> <span class='ocrx_word' id='word_1_501' title='bbox 3175 2029 3482 2082; x_wconf 86' lang='lat' dir='ltr'><strong>bausturus</strong></span> <span class='ocrx_word' id='word_1_502' title='bbox 3516 2025 3606 2079; x_wconf 89' lang='lat' dir='ltr'><strong>sit.</strong></span> <span class='ocrx_word' id='word_1_503' title='bbox 3642 2045 3659 2077; x_wconf 74' lang='grc' dir='ltr'><strong>ι</strong></span> 
     </span>
    </p>
   </div>
   <div class='ocr_carea' id='block_1_64' title="bbox 2066 2117 3661 2178">
    <p class='ocr_par' dir='ltr' id='par_1_64' title="bbox 2066 2117 3661 2178">
     <span class='ocr_line' id='line_1_64' title="bbox 2066 2117 3661 2178; baseline -0.004 -4"><span class='ocrx_word' id='word_1_504' title='bbox 2066 2121 2178 2175; x_wconf 81' lang='lat' dir='ltr'><strong>Nisi</strong></span> <span class='ocrx_word' id='word_1_505' title='bbox 2228 2122 2372 2176; x_wconf 85' lang='lat' dir='ltr'><strong>enim</strong></span> <span class='ocrx_word' id='word_1_506' title='bbox 2420 2136 2541 2176; x_wconf 90' lang='lat' dir='ltr'><strong>eam</strong></span> <span class='ocrx_word' id='word_1_507' title='bbox 2578 2121 2645 2174; x_wconf 89' lang='lat' dir='ltr'><strong>de</strong></span> <span class='ocrx_word' id='word_1_508' title='bbox 2688 2120 2801 2176; x_wconf 92' lang='lat' dir='ltr'><strong>illis</strong></span> <span class='ocrx_word' id='word_1_509' title='bbox 2834 2119 2993 2175; x_wconf 82' lang='lat' dir='ltr'><strong>ﬁdem</strong></span> <span class='ocrx_word' id='word_1_510' title='bbox 3044 2118 3424 2178; x_wconf 84' lang='lat' dir='ltr'><strong>habuerimus,</strong></span> <span class='ocrx_word' id='word_1_511' title='bbox 3462 2117 3661 2170; x_wconf 89' lang='lat' dir='ltr'><strong>nedum</strong></span> 
     </span>
    </p>
   </div>
   <div class='ocr_carea' id='block_1_65' title="bbox 2063 2207 3664 2281">
    <p class='ocr_par' dir='ltr' id='par_1_65' title="bbox 2063 2207 3664 2281">
     <span class='ocr_line' id='line_1_65' title="bbox 2063 2207 3664 2281; baseline -0.004 -15"><span class='ocrx_word' id='word_1_512' title='bbox 2063 2212 2200 2266; x_wconf 88' lang='lat' dir='ltr'><strong>nihil</strong></span> <span class='ocrx_word' id='word_1_513' title='bbox 2253 2227 2318 2267; x_wconf 76' lang='lat' dir='ltr'><strong>ex</strong></span> <span class='ocrx_word' id='word_1_514' title='bbox 2373 2214 2454 2268; x_wconf 85' lang='lat' dir='ltr'><strong>eis</strong></span> <span class='ocrx_word' id='word_1_515' title='bbox 2505 2213 2718 2266; x_wconf 79' lang='lat' dir='ltr'><strong>fructus</strong></span> <span class='ocrx_word' id='word_1_516' title='bbox 2765 2222 3168 2281; x_wconf 87' lang='lat' dir='ltr'><strong>consequemur</strong></span> <span class='ocrx_word' id='word_1_517' title='bbox 3199 2209 3271 2263; x_wconf 78' lang='lat' dir='ltr'><strong>ob</strong></span> <span class='ocrx_word' id='word_1_518' title='bbox 3301 2219 3546 2263; x_wconf 88' lang='lat' dir='ltr'><strong>nostram</strong></span> <span class='ocrx_word' id='word_1_519' title='bbox 3578 2207 3664 2260; x_wconf 77' lang='lat' dir='ltr'><strong>in-</strong></span> 
     </span>
    </p>
   </div>
   <div class='ocr_carea' id='block_1_66' title="bbox 2062 2301 3661 2367">
    <p class='ocr_par' dir='ltr' id='par_1_66' title="bbox 2062 2301 3661 2367">
     <span class='ocr_line' id='line_1_66' title="bbox 2062 2301 3661 2367; baseline -0.004 -9"><span class='ocrx_word' id='word_1_520' title='bbox 2062 2303 2462 2367; x_wconf 85' lang='lat' dir='ltr'><strong>credulitatem,</strong></span> <span class='ocrx_word' id='word_1_521' title='bbox 2507 2318 2698 2358; x_wconf 88' lang='lat' dir='ltr'><strong>verum</strong></span> <span class='ocrx_word' id='word_1_522' title='bbox 2735 2303 2898 2357; x_wconf 90' lang='lat' dir='ltr'><strong>etiam</strong></span> <span class='ocrx_word' id='word_1_523' title='bbox 2951 2305 3016 2356; x_wconf 90' lang='lat' dir='ltr'><strong>ad</strong></span> <span class='ocrx_word' id='word_1_524' title='bbox 3065 2311 3328 2356; x_wconf 81' lang='lat' dir='ltr'><strong>aeternam</strong></span> <span class='ocrx_word' id='word_1_525' title='bbox 3375 2301 3491 2354; x_wconf 74' lang='lat' dir='ltr'><strong>haec</strong></span> <span class='ocrx_word' id='word_1_526' title='bbox 3534 2315 3661 2354; x_wconf 85' lang='lat' dir='ltr'><strong>cnn-</strong></span> 
     </span>
    </p>
   </div>
   <div class='ocr_carea' id='block_1_67' title="bbox 2062 2391 3660 2462">
    <p class='ocr_par' dir='ltr' id='par_1_67' title="bbox 2062 2391 3660 2462">
     <span class='ocr_line' id='line_1_67' title="bbox 2062 2391 3660 2462; baseline -0.004 -11"><span class='ocrx_word' id='word_1_527' title='bbox 2062 2395 2465 2451; x_wconf 87' lang='lat' dir='ltr'><strong>demnationem</strong></span> <span class='ocrx_word' id='word_1_528' title='bbox 2534 2409 2841 2448; x_wconf 89' lang='lat' dir='ltr'><strong>sumemus.</strong></span> <span class='ocrx_word' id='word_1_529' title='bbox 2901 2393 3162 2462; x_wconf 89' lang='lat' dir='ltr'><strong>Idemque</strong></span> <span class='ocrx_word' id='word_1_530' title='bbox 3239 2392 3554 2462; x_wconf 79' lang='lat' dir='ltr'><strong>contingit,</strong></span> <span class='ocrx_word' id='word_1_531' title='bbox 3611 2391 3660 2444; x_wconf 91' lang='lat' dir='ltr'><strong>si</strong></span> 
     </span>
    </p>
   </div>
   <div class='ocr_carea' id='block_1_68' title="bbox 2061 2481 3663 2555">
    <p class='ocr_par' dir='ltr' id='par_1_68' title="bbox 2061 2481 3663 2555">
     <span class='ocr_line' id='line_1_68' title="bbox 2061 2481 3663 2555; baseline -0.001 -19"><span class='ocrx_word' id='word_1_532' title='bbox 2061 2492 2435 2555; x_wconf 51' lang='lat' dir='ltr'><strong>praegravante</strong></span> <span class='ocrx_word' id='word_1_533' title='bbox 2499 2493 2848 2554; x_wconf 88' lang='lat' dir='ltr'><strong>peccatorum</strong></span> <span class='ocrx_word' id='word_1_534' title='bbox 2912 2483 3169 2548; x_wconf 81' lang='lat' dir='ltr'><strong>sarcina,</strong></span> <span class='ocrx_word' id='word_1_535' title='bbox 3235 2482 3413 2551; x_wconf 88' lang='lat' dir='ltr'><strong>iisque</strong></span> <span class='ocrx_word' id='word_1_536' title='bbox 3475 2481 3663 2534; x_wconf 82' lang='lat' dir='ltr'><strong>multis</strong></span> 
     </span>
    </p>
   </div>
   <div class='ocr_carea' id='block_1_69' title="bbox 2063 2573 3653 2643">
    <p class='ocr_par' dir='ltr' id='par_1_69' title="bbox 2063 2573 3653 2643">
     <span class='ocr_line' id='line_1_69' title="bbox 2063 2573 3653 2643; baseline -0.004 -12"><span class='ocrx_word' id='word_1_537' title='bbox 2063 2575 2266 2638; x_wconf 86' lang='lat' dir='ltr'><strong>obruti.</strong></span> <span class='ocrx_word' id='word_1_538' title='bbox 2299 2577 2447 2629; x_wconf 86' lang='lat' dir='ltr'><strong>nulla</strong></span> <span class='ocrx_word' id='word_1_539' title='bbox 2489 2574 2688 2642; x_wconf 60' lang='lat' dir='ltr'><strong>praevia</strong></span> <span class='ocrx_word' id='word_1_540' title='bbox 2719 2574 3131 2637; x_wconf 77' lang='lat' dir='ltr'><strong>emendatione,</strong></span> <span class='ocrx_word' id='word_1_541' title='bbox 3161 2589 3223 2628; x_wconf 90' lang='lat' dir='ltr'><strong>ea</strong></span> <span class='ocrx_word' id='word_1_542' title='bbox 3263 2573 3653 2643; x_wconf 85' lang='lat' dir='ltr'><strong>percipiamus.</strong></span> 
     </span>
    </p>
   </div>
   <div class='ocr_carea' id='block_1_70' title="bbox 2065 2666 3665 2736">
    <p class='ocr_par' dir='ltr' id='par_1_70' title="bbox 2065 2666 3665 2736">
     <span class='ocr_line' id='line_1_70' title="bbox 2065 2666 3665 2736; baseline 0 -16"><span class='ocrx_word' id='word_1_543' title='bbox 2065 2666 2276 2723; x_wconf 87' lang='lat' dir='ltr'><strong>Etenim</strong></span> <span class='ocrx_word' id='word_1_544' title='bbox 2333 2667 2402 2722; x_wconf 90' lang='lat' dir='ltr'><strong>iis</strong></span> <span class='ocrx_word' id='word_1_545' title='bbox 2448 2667 2659 2724; x_wconf 86' lang='lat' dir='ltr'><strong>similes</strong></span> <span class='ocrx_word' id='word_1_546' title='bbox 2714 2667 3048 2732; x_wconf 87' lang='lat' dir='ltr'><strong>videbimur,</strong></span> <span class='ocrx_word' id='word_1_547' title='bbox 3077 2667 3171 2736; x_wconf 87' lang='lat' dir='ltr'><strong>qui</strong></span> <span class='ocrx_word' id='word_1_548' title='bbox 3203 2666 3417 2719; x_wconf 90' lang='lat' dir='ltr'><strong>Domini</strong></span> <span class='ocrx_word' id='word_1_549' title='bbox 3459 2681 3665 2735; x_wconf 90' lang='lat' dir='ltr'><strong>corpus</strong></span> 
     </span>
    </p>
   </div>
   <div class='ocr_carea' id='block_1_71' title="bbox 2064 2759 3664 2830">
    <p class='ocr_par' dir='ltr' id='par_1_71' title="bbox 2064 2759 3664 2830">
     <span class='ocr_line' id='line_1_71' title="bbox 2064 2759 3664 2830; baseline -0.004 -12"><span class='ocrx_word' id='word_1_550' title='bbox 2064 2763 2390 2818; x_wconf 81' lang='lat' dir='ltr'><strong>dilacerant.</strong></span> <span class='ocrx_word' id='word_1_551' title='bbox 2427 2760 2634 2817; x_wconf 88' lang='lat' dir='ltr'><strong>Idcirco</strong></span> <span class='ocrx_word' id='word_1_552' title='bbox 2676 2760 2754 2816; x_wconf 90' lang='lat' dir='ltr'><strong>ait</strong></span> <span class='ocrx_word' id='word_1_553' title='bbox 2786 2759 3085 2830; x_wconf 82' lang='lat' dir='ltr'><strong>Apostolus</strong></span> <span class='ocrx_word' id='word_1_554' title='bbox 3121 2776 3134 2814; x_wconf 90' lang='lat'><strong>:</strong></span> <span class='ocrx_word' id='word_1_555' title='bbox 3179 2779 3198 2811; x_wconf 88' lang='grc'><strong>‹</strong></span> <span class='ocrx_word' id='word_1_556' title='bbox 3240 2759 3442 2813; x_wconf 84' lang='lat' dir='ltr'><strong>Probet</strong></span> <span class='ocrx_word' id='word_1_557' title='bbox 3480 2767 3664 2813; x_wconf 86' lang='lat' dir='ltr'><strong>autem</strong></span> 
     </span>
    </p>
   </div>
   <div class='ocr_carea' id='block_1_72' title="bbox 2064 2846 3667 2920">
    <p class='ocr_par' dir='ltr' id='par_1_72' title="bbox 2064 2846 3667 2920">
     <span class='ocr_line' id='line_1_72' title="bbox 2064 2846 3667 2920; baseline -0.003 -15"><span class='ocrx_word' id='word_1_558' title='bbox 2064 2851 2300 2920; x_wconf 88' lang='lat' dir='ltr'><strong>seipsum</strong></span> <span class='ocrx_word' id='word_1_559' title='bbox 2343 2849 2529 2914; x_wconf 83' lang='lat' dir='ltr'><strong>homo,</strong></span> <span class='ocrx_word' id='word_1_560' title='bbox 2583 2857 2638 2903; x_wconf 91' lang='lat' dir='ltr'><strong>et</strong></span> <span class='ocrx_word' id='word_1_561' title='bbox 2697 2851 2778 2904; x_wconf 87' lang='lat' dir='ltr'><strong>sle</strong></span> <span class='ocrx_word' id='word_1_562' title='bbox 2839 2847 2948 2902; x_wconf 90' lang='lat' dir='ltr'><strong>diei</strong></span> <span class='ocrx_word' id='word_1_563' title='bbox 3009 2861 3150 2918; x_wconf 88' lang='lat' dir='ltr'><strong>pane</strong></span> <span class='ocrx_word' id='word_1_564' title='bbox 3203 2847 3296 2900; x_wconf 86' lang='lat' dir='ltr'><strong>illo</strong></span> <span class='ocrx_word' id='word_1_565' title='bbox 3343 2846 3475 2901; x_wconf 89' lang='lat' dir='ltr'><strong>edat</strong></span> <span class='ocrx_word' id='word_1_566' title='bbox 3512 2859 3566 2900; x_wconf 91' lang='lat' dir='ltr'><strong>et</strong></span> <span class='ocrx_word' id='word_1_567' title='bbox 3599 2846 3667 2900; x_wconf 91' lang='lat' dir='ltr'><strong>de</strong></span> 
     </span>
    </p>
   </div>
   <div class='ocr_carea' id='block_1_73' title="bbox 2065 2934 3664 3005">
    <p class='ocr_par' dir='ltr' id='par_1_73' title="bbox 2065 2934 3664 3005">
     <span class='ocr_line' id='line_1_73' title="bbox 2065 2934 3664 3005; baseline -0.004 -11"><span class='ocrx_word' id='word_1_568' title='bbox 2065 2939 2236 2994; x_wconf 85' lang='lat' dir='ltr'><strong>calice</strong></span> <span class='ocrx_word' id='word_1_569' title='bbox 2265 2937 2414 2993; x_wconf 85' lang='lat' dir='ltr'><strong>bibat</strong></span> <span class='ocrx_word' id='word_1_570' title='bbox 2430 2936 2498 2991; x_wconf 74' lang='lat'><strong>“.</strong></span> <span class='ocrx_word' id='word_1_571' title='bbox 2522 2955 2542 2988; x_wconf 75' lang='grc' dir='ltr'><strong>ι</strong></span> <span class='ocrx_word' id='word_1_572' title='bbox 2577 2937 2676 2990; x_wconf 87' lang='lat' dir='ltr'><strong>Et:</strong></span> <span class='ocrx_word' id='word_1_573' title='bbox 2712 2935 2864 3003; x_wconf 70' lang='lat' dir='ltr'><strong>«Qui</strong></span> <span class='ocrx_word' id='word_1_574' title='bbox 2896 2935 3119 3005; x_wconf 81' lang='lat' dir='ltr'><strong>indigne</strong></span> <span class='ocrx_word' id='word_1_575' title='bbox 3149 2934 3434 3002; x_wconf 82' lang='lat' dir='ltr'><strong>praesumit</strong></span> <span class='ocrx_word' id='word_1_576' title='bbox 3459 2949 3664 3002; x_wconf 79' lang='lat' dir='ltr'><strong>corpus</strong></span> 
     </span>
    </p>
   </div>
   <div class='ocr_carea' id='block_1_74' title="bbox 2063 3020 3668 3099">
    <p class='ocr_par' dir='ltr' id='par_1_74' title="bbox 2063 3020 3668 3099">
     <span class='ocr_line' id='line_1_74' title="bbox 2063 3020 3668 3099; baseline -0.003 -13"><span class='ocrx_word' id='word_1_577' title='bbox 2063 3040 2118 3086; x_wconf 93' lang='lat' dir='ltr'><strong>et</strong></span> <span class='ocrx_word' id='word_1_578' title='bbox 2168 3029 2488 3099; x_wconf 72' lang='lat' dir='ltr'><strong>sanguinem</strong></span> <span class='ocrx_word' id='word_1_579' title='bbox 2534 3028 2767 3091; x_wconf 87' lang='lat' dir='ltr'><strong>Christi,</strong></span> <span class='ocrx_word' id='word_1_580' title='bbox 2817 3028 3086 3098; x_wconf 82' lang='lat' dir='ltr'><strong>judicium</strong></span> <span class='ocrx_word' id='word_1_581' title='bbox 3135 3027 3239 3083; x_wconf 88' lang='lat' dir='ltr'><strong>sibi</strong></span> <span class='ocrx_word' id='word_1_582' title='bbox 3287 3020 3580 3080; x_wconf 78' lang='lat' dir='ltr'><strong>mandurat</strong></span> <span class='ocrx_word' id='word_1_583' title='bbox 3613 3035 3668 3081; x_wconf 85' lang='lat' dir='ltr'><strong>et</strong></span> 
     </span>
    </p>
   </div>
   <div class='ocr_carea' id='block_1_75' title="bbox 2067 3118 3661 3192">
    <p class='ocr_par' dir='ltr' id='par_1_75' title="bbox 2067 3118 3661 3192">
     <span class='ocr_line' id='line_1_75' title="bbox 2067 3118 3661 3192; baseline -0.005 -15"><span class='ocrx_word' id='word_1_584' title='bbox 2067 3123 2220 3189; x_wconf 85' lang='lat' dir='ltr'><strong>bibit,</strong></span> <span class='ocrx_word' id='word_1_585' title='bbox 2246 3121 2460 3192; x_wconf 89' lang='lat' dir='ltr'><strong>eritque</strong></span> <span class='ocrx_word' id='word_1_586' title='bbox 2491 3135 2619 3177; x_wconf 87' lang='lat' dir='ltr'><strong>reus</strong></span> <span class='ocrx_word' id='word_1_587' title='bbox 2643 3119 2892 3190; x_wconf 88' lang='lat' dir='ltr'><strong>corporis</strong></span> <span class='ocrx_word' id='word_1_588' title='bbox 2920 3129 2973 3176; x_wconf 88' lang='lat' dir='ltr'><strong>et</strong></span> <span class='ocrx_word' id='word_1_589' title='bbox 3011 3119 3296 3190; x_wconf 76' lang='lat' dir='ltr'><strong>sanguinis</strong></span> <span class='ocrx_word' id='word_1_590' title='bbox 3319 3118 3525 3173; x_wconf 76' lang='lat' dir='ltr'><strong>Christi</strong></span> <span class='ocrx_word' id='word_1_591' title='bbox 3545 3119 3614 3171; x_wconf 81' lang='grc'><strong>⁸³.</strong></span> <span class='ocrx_word' id='word_1_592' title='bbox 3642 3136 3661 3169; x_wconf 77' lang='grc' dir='ltr'><strong>ι</strong></span> 
     </span>
    </p>
   </div>
   <div class='ocr_carea' id='block_1_76' title="bbox 2141 3295 3668 3368">
    <p class='ocr_par' dir='ltr' id='par_1_76' title="bbox 2141 3295 3668 3368">
     <span class='ocr_line' id='line_1_76' title="bbox 2141 3295 3668 3368; baseline -0.002 -18"><span class='ocrx_word' id='word_1_593' title='bbox 2141 3295 2223 3351; x_wconf 84' lang='lat' dir='ltr'><strong>Ad</strong></span> <span class='ocrx_word' id='word_1_594' title='bbox 2268 3309 2366 3352; x_wconf 90' lang='lat' dir='ltr'><strong>eos</strong></span> <span class='ocrx_word' id='word_1_595' title='bbox 2392 3311 2522 3367; x_wconf 78' lang='lat' dir='ltr'><strong>ergo</strong></span> <span class='ocrx_word' id='word_1_596' title='bbox 2549 3297 2642 3368; x_wconf 87' lang='lat' dir='ltr'><strong>qui</strong></span> <span class='ocrx_word' id='word_1_597' title='bbox 2669 3296 2922 3352; x_wconf 88' lang='lat' dir='ltr'><strong>dubitant</strong></span> <span class='ocrx_word' id='word_1_598' title='bbox 2947 3295 3016 3350; x_wconf 89' lang='lat' dir='ltr'><strong>de</strong></span> <span class='ocrx_word' id='word_1_599' title='bbox 3047 3295 3404 3352; x_wconf 90' lang='lat' dir='ltr'><strong>conversione</strong></span> <span class='ocrx_word' id='word_1_600' title='bbox 3430 3295 3585 3360; x_wconf 86' lang='lat' dir='ltr'><strong>panis</strong></span> <span class='ocrx_word' id='word_1_601' title='bbox 3612 3303 3668 3349; x_wconf 91' lang='lat' dir='ltr'><strong>et</strong></span> 
     </span>
    </p>
   </div>
   <div class='ocr_carea' id='block_1_77' title="bbox 2073 3388 3667 3460">
    <p class='ocr_par' dir='ltr' id='par_1_77' title="bbox 2073 3388 3667 3460">
     <span class='ocr_line' id='line_1_77' title="bbox 2073 3388 3667 3460; baseline 0.001 -20"><span class='ocrx_word' id='word_1_602' title='bbox 2073 3389 2181 3444; x_wconf 87' lang='lat' dir='ltr'><strong>vini</strong></span> <span class='ocrx_word' id='word_1_603' title='bbox 2211 3389 2265 3444; x_wconf 89' lang='lat' dir='ltr'><strong>in</strong></span> <span class='ocrx_word' id='word_1_604' title='bbox 2307 3389 2510 3445; x_wconf 89' lang='lat' dir='ltr'><strong>Christi</strong></span> <span class='ocrx_word' id='word_1_605' title='bbox 2538 3404 2738 3458; x_wconf 91' lang='lat' dir='ltr'><strong>corpus</strong></span> <span class='ocrx_word' id='word_1_606' title='bbox 2767 3399 2822 3444; x_wconf 90' lang='lat' dir='ltr'><strong>et</strong></span> <span class='ocrx_word' id='word_1_607' title='bbox 2867 3389 3211 3460; x_wconf 73' lang='lat' dir='ltr'><strong>sanguinem,</strong></span> <span class='ocrx_word' id='word_1_608' title='bbox 3236 3388 3335 3442; x_wconf 89' lang='lat' dir='ltr'><strong>Dei</strong></span> <span class='ocrx_word' id='word_1_609' title='bbox 3363 3389 3667 3458; x_wconf 85' lang='lat' dir='ltr'><strong>potentiam</strong></span> 
     </span>
    </p>
   </div>
   <div class='ocr_carea' id='block_1_78' title="bbox 2070 3482 3672 3554">
    <p class='ocr_par' dir='ltr' id='par_1_78' title="bbox 2070 3482 3672 3554">
     <span class='ocr_line' id='line_1_78' title="bbox 2070 3482 3672 3554; baseline -0.001 -16"><span class='ocrx_word' id='word_1_610' title='bbox 2070 3483 2421 3552; x_wconf 91' lang='lat' dir='ltr'><strong>opponimus.</strong></span> <span class='ocrx_word' id='word_1_611' title='bbox 2479 3482 2618 3538; x_wconf 87' lang='lat' dir='ltr'><strong>Nam</strong></span> <span class='ocrx_word' id='word_1_612' title='bbox 2669 3483 2717 3538; x_wconf 90' lang='lat' dir='ltr'><strong>si</strong></span> <span class='ocrx_word' id='word_1_613' title='bbox 2757 3483 2926 3536; x_wconf 90' lang='lat' dir='ltr'><strong>Deum</strong></span> <span class='ocrx_word' id='word_1_614' title='bbox 2977 3485 3410 3552; x_wconf 87' lang='lat' dir='ltr'><strong>omnipotentem</strong></span> <span class='ocrx_word' id='word_1_615' title='bbox 3473 3497 3672 3554; x_wconf 81' lang='lat' dir='ltr'><strong>agnos-</strong></span> 
     </span>
    </p>
   </div>
   <div class='ocr_carea' id='block_1_79' title="bbox 2073 3572 3668 3641">
    <p class='ocr_par' dir='ltr' id='par_1_79' title="bbox 2073 3572 3668 3641">
     <span class='ocr_line' id='line_1_79' title="bbox 2073 3572 3668 3641; baseline -0.001 -12"><span class='ocrx_word' id='word_1_616' title='bbox 2073 3583 2228 3638; x_wconf 89' lang='lat' dir='ltr'><strong>cunt,</strong></span> <span class='ocrx_word' id='word_1_617' title='bbox 2261 3573 2410 3628; x_wconf 88' lang='lat' dir='ltr'><strong>nulla</strong></span> <span class='ocrx_word' id='word_1_618' title='bbox 2470 3572 2554 3628; x_wconf 86' lang='lat' dir='ltr'><strong>rei</strong></span> <span class='ocrx_word' id='word_1_619' title='bbox 2608 3573 2774 3641; x_wconf 88' lang='lat' dir='ltr'><strong>hujus</strong></span> <span class='ocrx_word' id='word_1_620' title='bbox 2820 3573 3055 3628; x_wconf 71' lang='lat' dir='ltr'><strong>haarebit</strong></span> <span class='ocrx_word' id='word_1_621' title='bbox 3101 3573 3396 3629; x_wconf 88' lang='lat' dir='ltr'><strong>dubitatio.</strong></span> <span class='ocrx_word' id='word_1_622' title='bbox 3422 3573 3476 3628; x_wconf 90' lang='lat' dir='ltr'><strong>Si</strong></span> <span class='ocrx_word' id='word_1_623' title='bbox 3523 3576 3668 3629; x_wconf 91' lang='lat' dir='ltr'><strong>enim</strong></span> 
     </span>
    </p>
   </div>
   <div class='ocr_carea' id='block_1_80' title="bbox 2074 3656 3668 3737">
    <p class='ocr_par' dir='ltr' id='par_1_80' title="bbox 2074 3656 3668 3737">
     <span class='ocr_line' id='line_1_80' title="bbox 2074 3656 3668 3737; baseline -0.001 -15"><span class='ocrx_word' id='word_1_624' title='bbox 2074 3667 2311 3722; x_wconf 89' lang='lat' dir='ltr'><strong>naturali</strong></span> <span class='ocrx_word' id='word_1_625' title='bbox 2343 3656 2406 3722; x_wconf 21' lang='lat' dir='ltr'><strong>vi.</strong></span> <span class='ocrx_word' id='word_1_626' title='bbox 2447 3667 2693 3737; x_wconf 86' lang='lat' dir='ltr'><strong>subjecta</strong></span> <span class='ocrx_word' id='word_1_627' title='bbox 2727 3667 2873 3720; x_wconf 86' lang='lat' dir='ltr'><strong>aeris</strong></span> <span class='ocrx_word' id='word_1_628' title='bbox 2907 3668 3134 3720; x_wconf 88' lang='lat' dir='ltr'><strong>materia</strong></span> <span class='ocrx_word' id='word_1_629' title='bbox 3164 3667 3217 3720; x_wconf 94' lang='lat' dir='ltr'><strong>in</strong></span> <span class='ocrx_word' id='word_1_630' title='bbox 3249 3667 3427 3734; x_wconf 83' lang='lat' dir='ltr'><strong>ignem</strong></span> <span class='ocrx_word' id='word_1_631' title='bbox 3467 3669 3668 3722; x_wconf 86' lang='lat' dir='ltr'><strong>mutari</strong></span> 
     </span>
    </p>
   </div>
   <div class='ocr_carea' id='block_1_81' title="bbox 2071 3757 3669 3828">
    <p class='ocr_par' dir='ltr' id='par_1_81' title="bbox 2071 3757 3669 3828">
     <span class='ocr_line' id='line_1_81' title="bbox 2071 3757 3669 3828; baseline 0 -15"><span class='ocrx_word' id='word_1_632' title='bbox 2071 3759 2284 3828; x_wconf 68' lang='lat' dir='ltr'><strong>potesti;</strong></span> <span class='ocrx_word' id='word_1_633' title='bbox 2363 3757 2564 3822; x_wconf 88' lang='lat' dir='ltr'><strong>potiori</strong></span> <span class='ocrx_word' id='word_1_634' title='bbox 2631 3757 2791 3827; x_wconf 79' lang='lat' dir='ltr'><strong>longe</strong></span> <span class='ocrx_word' id='word_1_635' title='bbox 2863 3759 3080 3812; x_wconf 80' lang='lat' dir='ltr'><strong>ratione</strong></span> <span class='ocrx_word' id='word_1_636' title='bbox 3155 3757 3249 3812; x_wconf 90' lang='lat' dir='ltr'><strong>Dei</strong></span> <span class='ocrx_word' id='word_1_637' title='bbox 3310 3757 3506 3823; x_wconf 81' lang='lat' dir='ltr'><strong>virtus,</strong></span> <span class='ocrx_word' id='word_1_638' title='bbox 3573 3759 3669 3824; x_wconf 87' lang='lat' dir='ltr'><strong>qui</strong></span> 
     </span>
    </p>
   </div>
   <div class='ocr_carea' id='block_1_82' title="bbox 2071 3845 3667 3917">
    <p class='ocr_par' dir='ltr' id='par_1_82' title="bbox 2071 3845 3667 3917">
     <span class='ocr_line' id='line_1_82' title="bbox 2071 3845 3667 3917; baseline 0 -15"><span class='ocrx_word' id='word_1_639' title='bbox 2071 3862 2290 3903; x_wconf 90' lang='lat' dir='ltr'><strong>omnem</strong></span> <span class='ocrx_word' id='word_1_640' title='bbox 2366 3861 2549 3903; x_wconf 83' lang='lat' dir='ltr'><strong>rerum</strong></span> <span class='ocrx_word' id='word_1_641' title='bbox 2643 3845 3012 3902; x_wconf 87' lang='lat' dir='ltr'><strong>substantiam</strong></span> <span class='ocrx_word' id='word_1_642' title='bbox 3095 3845 3401 3917; x_wconf 86' lang='lat' dir='ltr'><strong>produxit,</strong></span> <span class='ocrx_word' id='word_1_643' title='bbox 3467 3847 3667 3902; x_wconf 89' lang='lat' dir='ltr'><strong>nedum</strong></span> 
     </span>
    </p>
   </div>
   <div class='ocr_carea' id='block_1_83' title="bbox 2071 3938 3672 4009">
    <p class='ocr_par' dir='ltr' id='par_1_83' title="bbox 2071 3938 3672 4009">
     <span class='ocr_line' id='line_1_83' title="bbox 2071 3938 3672 4009; baseline -0.002 -12"><span class='ocrx_word' id='word_1_644' title='bbox 2071 3940 2375 3997; x_wconf 86' lang='lat' dir='ltr'><strong>secundum</strong></span> <span class='ocrx_word' id='word_1_645' title='bbox 2434 3938 2709 4009; x_wconf 89' lang='lat' dir='ltr'><strong>speciem,</strong></span> <span class='ocrx_word' id='word_1_646' title='bbox 2738 3955 2928 3994; x_wconf 86' lang='lat' dir='ltr'><strong>verum</strong></span> <span class='ocrx_word' id='word_1_647' title='bbox 2976 3938 3141 3995; x_wconf 87' lang='lat' dir='ltr'><strong>etiam</strong></span> <span class='ocrx_word' id='word_1_648' title='bbox 3199 3947 3366 3993; x_wconf 89' lang='lat' dir='ltr'><strong>totam</strong></span> <span class='ocrx_word' id='word_1_649' title='bbox 3412 3939 3566 4008; x_wconf 88' lang='lat' dir='ltr'><strong>panis</strong></span> <span class='ocrx_word' id='word_1_650' title='bbox 3615 3948 3672 3994; x_wconf 89' lang='lat' dir='ltr'><strong>et</strong></span> 
     </span>
    </p>
   </div>
   <div class='ocr_carea' id='block_1_84' title="bbox 2072 4030 3668 4100">
    <p class='ocr_par' dir='ltr' id='par_1_84' title="bbox 2072 4030 3668 4100">
     <span class='ocr_line' id='line_1_84' title="bbox 2072 4030 3668 4100; baseline -0.001 -12"><span class='ocrx_word' id='word_1_651' title='bbox 2072 4033 2185 4088; x_wconf 89' lang='lat' dir='ltr'><strong>vini</strong></span> <span class='ocrx_word' id='word_1_652' title='bbox 2221 4032 2611 4097; x_wconf 87' lang='lat' dir='ltr'><strong>substantiam,</strong></span> <span class='ocrx_word' id='word_1_653' title='bbox 2640 4032 2694 4086; x_wconf 90' lang='lat' dir='ltr'><strong>in</strong></span> <span class='ocrx_word' id='word_1_654' title='bbox 2747 4032 2934 4087; x_wconf 89' lang='lat' dir='ltr'><strong>carnis</strong></span> <span class='ocrx_word' id='word_1_655' title='bbox 2979 4046 3044 4086; x_wconf 87' lang='lat' dir='ltr'><strong>ae</strong></span> <span class='ocrx_word' id='word_1_656' title='bbox 3081 4030 3373 4100; x_wconf 81' lang='lat' dir='ltr'><strong>sanguinis</strong></span> <span class='ocrx_word' id='word_1_657' title='bbox 3408 4032 3668 4086; x_wconf 75' lang='lat' dir='ltr'><strong>substan-</strong></span> 
     </span>
    </p>
   </div>
   <div class='ocr_carea' id='block_1_85' title="bbox 2073 4123 3671 4191">
    <p class='ocr_par' dir='ltr' id='par_1_85' title="bbox 2073 4123 3671 4191">
     <span class='ocr_line' id='line_1_85' title="bbox 2073 4123 3671 4191; baseline -0.001 -12"><span class='ocrx_word' id='word_1_658' title='bbox 2073 4125 2203 4180; x_wconf 88' lang='lat' dir='ltr'><strong>tiam</strong></span> <span class='ocrx_word' id='word_1_659' title='bbox 2234 4123 2492 4179; x_wconf 88' lang='lat' dir='ltr'><strong>mutabit.</strong></span> <span class='ocrx_word' id='word_1_660' title='bbox 2530 4123 2626 4179; x_wconf 90' lang='lat' dir='ltr'><strong>Sin</strong></span> <span class='ocrx_word' id='word_1_661' title='bbox 2655 4135 2839 4179; x_wconf 87' lang='lat' dir='ltr'><strong>autem</strong></span> <span class='ocrx_word' id='word_1_662' title='bbox 2883 4139 3078 4179; x_wconf 79' lang='lat' dir='ltr'><strong>rursus</strong></span> <span class='ocrx_word' id='word_1_663' title='bbox 3102 4123 3324 4189; x_wconf 89' lang='lat' dir='ltr'><strong>aliquis,</strong></span> <span class='ocrx_word' id='word_1_664' title='bbox 3353 4123 3424 4177; x_wconf 93' lang='lat' dir='ltr'><strong>ob</strong></span> <span class='ocrx_word' id='word_1_665' title='bbox 3453 4139 3516 4177; x_wconf 89' lang='lat' dir='ltr'><strong>ea</strong></span> <span class='ocrx_word' id='word_1_666' title='bbox 3548 4138 3671 4191; x_wconf 64' lang='lat' dir='ltr'><strong>quae</strong></span> 
     </span>
    </p>
   </div>
   <div class='ocr_carea' id='block_1_86' title="bbox 2071 4215 3666 4287">
    <p class='ocr_par' dir='ltr' id='par_1_86' title="bbox 2071 4215 3666 4287">
     <span class='ocr_line' id='line_1_86' title="bbox 2071 4215 3666 4287; baseline -0.002 -14"><span class='ocrx_word' id='word_1_667' title='bbox 2071 4217 2256 4273; x_wconf 86' lang='lat' dir='ltr'><strong>sensui</strong></span> <span class='ocrx_word' id='word_1_668' title='bbox 2277 4225 2565 4287; x_wconf 86' lang='lat' dir='ltr'><strong>apparent,</strong></span> <span class='ocrx_word' id='word_1_669' title='bbox 2593 4217 2722 4271; x_wconf 91' lang='lat' dir='ltr'><strong>huic</strong></span> <span class='ocrx_word' id='word_1_670' title='bbox 2747 4216 3194 4272; x_wconf 89' lang='lat' dir='ltr'><strong>transmutationi</strong></span> <span class='ocrx_word' id='word_1_671' title='bbox 3225 4216 3454 4285; x_wconf 76' lang='lat' dir='ltr'><strong>abrogat</strong></span> <span class='ocrx_word' id='word_1_672' title='bbox 3483 4215 3666 4279; x_wconf 89' lang='lat' dir='ltr'><strong>tidem,</strong></span> 
     </span>
    </p>
   </div>
   <div class='ocr_carea' id='block_1_87' title="bbox 2071 4307 3666 4382">
    <p class='ocr_par' dir='ltr' id='par_1_87' title="bbox 2071 4307 3666 4382">
     <span class='ocr_line' id='line_1_87' title="bbox 2071 4307 3666 4382; baseline -0.004 -17"><span class='ocrx_word' id='word_1_673' title='bbox 2071 4309 2275 4382; x_wconf 77' lang='lat' dir='ltr'><strong>cogitet</strong></span> <span class='ocrx_word' id='word_1_674' title='bbox 2320 4308 2730 4368; x_wconf 71' lang='lat' dir='ltr'><strong>divinainohis</strong></span> <span class='ocrx_word' id='word_1_675' title='bbox 2801 4308 2872 4361; x_wconf 87' lang='lat' dir='ltr'><strong>ita</strong></span> <span class='ocrx_word' id='word_1_676' title='bbox 2939 4307 3203 4378; x_wconf 89' lang='lat' dir='ltr'><strong>proponi,</strong></span> <span class='ocrx_word' id='word_1_677' title='bbox 3261 4317 3318 4361; x_wconf 90' lang='lat' dir='ltr'><strong>ut</strong></span> <span class='ocrx_word' id='word_1_678' title='bbox 3375 4307 3666 4362; x_wconf 88' lang='lat' dir='ltr'><strong>sensilium</strong></span> 
     </span>
    </p>
   </div>
   <div class='ocr_carea' id='block_1_88' title="bbox 2072 4399 3664 4468">
    <p class='ocr_par' dir='ltr' id='par_1_88' title="bbox 2072 4399 3664 4468">
     <span class='ocr_line' id='line_1_88' title="bbox 2072 4399 3664 4468; baseline -0.005 -11"><span class='ocrx_word' id='word_1_679' title='bbox 2072 4417 2257 4457; x_wconf 87' lang='lat' dir='ltr'><strong>rerum</strong></span> <span class='ocrx_word' id='word_1_680' title='bbox 2308 4401 2594 4455; x_wconf 91' lang='lat' dir='ltr'><strong>involucro</strong></span> <span class='ocrx_word' id='word_1_681' title='bbox 2627 4400 2840 4455; x_wconf 87' lang='lat' dir='ltr'><strong>obtecta</strong></span> <span class='ocrx_word' id='word_1_682' title='bbox 2871 4399 3000 4455; x_wconf 89' lang='lat' dir='ltr'><strong>sint.</strong></span> <span class='ocrx_word' id='word_1_683' title='bbox 3030 4400 3202 4468; x_wconf 89' lang='lat' dir='ltr'><strong>quue</strong></span> <span class='ocrx_word' id='word_1_684' title='bbox 3242 4399 3379 4453; x_wconf 86' lang='lat' dir='ltr'><strong>adeo</strong></span> <span class='ocrx_word' id='word_1_685' title='bbox 3413 4399 3464 4450; x_wconf 93' lang='lat' dir='ltr'><strong>in</strong></span> <span class='ocrx_word' id='word_1_686' title='bbox 3497 4413 3664 4452; x_wconf 76' lang='lat' dir='ltr'><strong>causa</strong></span> 
     </span>
    </p>
   </div>
   <div class='ocr_carea' id='block_1_89' title="bbox 382 4488 1971 4565">
    <p class='ocr_par' dir='ltr' id='par_1_89' title="bbox 382 4488 1951 4564">
     <span class='ocr_line' id='line_1_89' title="bbox 382 4488 1951 4564; baseline 0.004 -24"><span class='ocrx_word' id='word_1_687' title='bbox 382 4488 769 4556; x_wconf 80' lang='grc' dir='ltr'><strong>προϐάλλονται</strong></span> <span class='ocrx_word' id='word_1_688' title='bbox 795 4489 869 4552; x_wconf 82' lang='grc' dir='ltr'><strong>ὡς</strong></span> <span class='ocrx_word' id='word_1_689' title='bbox 895 4490 998 4546; x_wconf 73' lang='grc' dir='ltr'><strong>ὑπὸ</strong></span> <span class='ocrx_word' id='word_1_690' title='bbox 1026 4492 1491 4564; x_wconf 77' lang='grc' dir='ltr'><strong>παραπετάσμασι</strong></span> <span class='ocrx_word' id='word_1_691' title='bbox 1515 4495 1625 4556; x_wconf 77' lang='grc' dir='ltr'><strong>τοῖς</strong></span> <span class='ocrx_word' id='word_1_692' title='bbox 1647 4492 1951 4564; x_wconf 80' lang='grc' dir='ltr'><strong>αἰσθητοῖς.</strong></span> 
     </span>
    </p>
   </div>
   <div class='ocr_carea' id='block_1_90' title="bbox 2066 4488 3664 4565">
    <p class='ocr_par' dir='ltr' id='par_1_90' title="bbox 2066 4489 3664 4562">
     <span class='ocr_line' id='line_1_90' title="bbox 2066 4489 3664 4562; baseline -0.005 -12"><span class='ocrx_word' id='word_1_693' title='bbox 2066 4503 2168 4560; x_wconf 83' lang='lat' dir='ltr'><strong>est,</strong></span> <span class='ocrx_word' id='word_1_694' title='bbox 2197 4509 2295 4548; x_wconf 87' lang='lat' dir='ltr'><strong>cur</strong></span> <span class='ocrx_word' id='word_1_695' title='bbox 2319 4494 2423 4546; x_wconf 89' lang='lat' dir='ltr'><strong>sub</strong></span> <span class='ocrx_word' id='word_1_696' title='bbox 2459 4493 2616 4561; x_wconf 88' lang='lat' dir='ltr'><strong>panis</strong></span> <span class='ocrx_word' id='word_1_697' title='bbox 2641 4491 2861 4561; x_wconf 87' lang='lat' dir='ltr'><strong>vinique</strong></span> <span class='ocrx_word' id='word_1_698' title='bbox 2889 4490 3154 4562; x_wconf 83' lang='lat' dir='ltr'><strong>symbolis</strong></span> <span class='ocrx_word' id='word_1_699' title='bbox 3182 4491 3329 4559; x_wconf 75' lang='lat' dir='ltr'><strong>(quae</strong></span> <span class='ocrx_word' id='word_1_700' title='bbox 3356 4489 3513 4542; x_wconf 77' lang='lat' dir='ltr'><strong>nobis</strong></span> <span class='ocrx_word' id='word_1_701' title='bbox 3539 4503 3664 4542; x_wconf 76' lang='lat' dir='ltr'><strong>esca</strong></span> 
     </span>
    </p>
   </div>
   <div class='ocr_carea' id='block_1_91' title="bbox 456 4666 872 4735">
    <p class='ocr_par' dir='ltr' id='par_1_91' title="bbox 456 4666 872 4735">
     <span class='ocr_line' id='line_1_91' title="bbox 456 4666 872 4735; baseline -0.005 -11"><span class='ocrx_word' id='word_1_702' title='bbox 456 4666 500 4700; x_wconf 81' lang='lat'><strong>&quot;</strong></span> <span class='ocrx_word' id='word_1_703' title='bbox 531 4668 666 4724; x_wconf 87' lang='lat' dir='ltr'><strong>Gen.</strong></span> <span class='ocrx_word' id='word_1_704' title='bbox 708 4686 746 4735; x_wconf 87' lang='grc' dir='ltr'><strong>ι,</strong></span> <span class='ocrx_word' id='word_1_705' title='bbox 788 4667 872 4723; x_wconf 79' lang='lat' dir='ltr'><strong>il.</strong></span> 
     </span>
    </p>
   </div>
   <div class='ocr_carea' id='block_1_92' title="bbox 448 4832 1955 4904">
    <p class='ocr_par' dir='ltr' id='par_1_92' title="bbox 448 4832 1955 4904">
     <span class='ocr_line' id='line_1_92' title="bbox 448 4832 1955 4904; baseline -0.001 -18"><span class='ocrx_word' id='word_1_706' title='bbox 448 4832 559 4904; x_wconf 71' lang='lat'><strong>(75)</strong></span> <span class='ocrx_word' id='word_1_707' title='bbox 584 4834 780 4888; x_wconf 57' lang='lat' dir='ltr'><strong>l&#39;Tadevn</strong></span> <span class='ocrx_word' id='word_1_708' title='bbox 811 4850 948 4904; x_wconf 87' lang='lat' dir='ltr'><strong>pene</strong></span> <span class='ocrx_word' id='word_1_709' title='bbox 975 4835 1126 4888; x_wconf 84' lang='lat' dir='ltr'><strong>hom.</strong></span> <span class='ocrx_word' id='word_1_710' title='bbox 1149 4833 1216 4888; x_wconf 74' lang='lat'><strong>85</strong></span> <span class='ocrx_word' id='word_1_711' title='bbox 1239 4833 1501 4904; x_wconf 65' lang='lat' dir='ltr'><strong>itrMatth.</strong></span> <span class='ocrx_word' id='word_1_712' title='bbox 1524 4844 1583 4904; x_wconf 81' lang='lat' dir='ltr'><strong>et</strong></span> <span class='ocrx_word' id='word_1_713' title='bbox 1618 4832 1669 4885; x_wconf 86' lang='lat' dir='ltr'><strong>in</strong></span> <span class='ocrx_word' id='word_1_714' title='bbox 1696 4833 1801 4885; x_wconf 84' lang='lat' dir='ltr'><strong>[ad</strong></span> <span class='ocrx_word' id='word_1_715' title='bbox 1823 4833 1955 4888; x_wconf 92' lang='lat' dir='ltr'><strong>Cor.</strong></span> 
     </span>
    </p>
   </div>
   <div class='ocr_carea' id='block_1_93' title="bbox 449 4901 1955 4973">
    <p class='ocr_par' dir='ltr' id='par_1_93' title="bbox 449 4901 1955 4973">
     <span class='ocr_line' id='line_1_93' title="bbox 449 4901 1955 4973; baseline -0.006 -10"><span class='ocrx_word' id='word_1_716' title='bbox 449 4903 559 4967; x_wconf 77' lang='lat'><strong>(76)</strong></span> <span class='ocrx_word' id='word_1_717' title='bbox 609 4901 825 4972; x_wconf 73' lang='grc' dir='ltr'><strong>Σχῆμά</strong></span> <span class='ocrx_word' id='word_1_718' title='bbox 871 4907 1066 4973; x_wconf 75' lang='grc' dir='ltr'><strong>μόνον</strong></span> <span class='ocrx_word' id='word_1_719' title='bbox 1105 4903 1378 4970; x_wconf 77' lang='grc' dir='ltr'><strong>πληρῶν.</strong></span> <span class='ocrx_word' id='word_1_720' title='bbox 1437 4901 1621 4956; x_wconf 81' lang='lat' dir='ltr'><strong>Solum</strong></span> <span class='ocrx_word' id='word_1_721' title='bbox 1675 4919 1955 4971; x_wconf 79' lang='lat' dir='ltr'><strong>personam</strong></span> 
     </span>
    </p>
   </div>
   <div class='ocr_carea' id='block_1_94' title="bbox 379 4973 1957 5043">
    <p class='ocr_par' dir='ltr' id='par_1_94' title="bbox 379 4973 1957 5043">
     <span class='ocr_line' id='line_1_94' title="bbox 379 4973 1957 5043; baseline 0 -17"><span class='ocrx_word' id='word_1_722' title='bbox 379 4973 638 5039; x_wconf 71' lang='lat' dir='ltr'><strong>impleas;</strong></span> <span class='ocrx_word' id='word_1_723' title='bbox 692 4989 887 5043; x_wconf 87' lang='lat' dir='ltr'><strong>nempe</strong></span> <span class='ocrx_word' id='word_1_724' title='bbox 936 4975 1216 5030; x_wconf 81' lang='lat' dir='ltr'><strong>Christum</strong></span> <span class='ocrx_word' id='word_1_725' title='bbox 1278 4982 1677 5042; x_wconf 64' lang='lat' dir='ltr'><strong>repraesentans</strong></span> <span class='ocrx_word' id='word_1_726' title='bbox 1723 4973 1957 5042; x_wconf 87' lang='lat' dir='ltr'><strong>ejusque</strong></span> 
     </span>
    </p>
   </div>
   <div class='ocr_carea' id='block_1_95' title="bbox 381 5043 1958 5113">
    <p class='ocr_par' dir='ltr' id='par_1_95' title="bbox 381 5043 1958 5113">
     <span class='ocr_line' id='line_1_95' title="bbox 381 5043 1958 5113; baseline -0.001 -16"><span class='ocrx_word' id='word_1_727' title='bbox 381 5059 665 5113; x_wconf 87' lang='lat' dir='ltr'><strong>personam</strong></span> <span class='ocrx_word' id='word_1_728' title='bbox 721 5045 870 5100; x_wconf 86' lang='lat' dir='ltr'><strong>velut</strong></span> <span class='ocrx_word' id='word_1_729' title='bbox 916 5045 1169 5108; x_wconf 89' lang='lat' dir='ltr'><strong>induens,</strong></span> <span class='ocrx_word' id='word_1_730' title='bbox 1221 5059 1320 5097; x_wconf 90' lang='lat' dir='ltr'><strong>nec</strong></span> <span class='ocrx_word' id='word_1_731' title='bbox 1367 5045 1522 5107; x_wconf 68' lang='lat' dir='ltr'><strong>quiasi</strong></span> <span class='ocrx_word' id='word_1_732' title='bbox 1561 5058 1590 5113; x_wconf 75' lang='grc' dir='ltr'><strong>τι</strong></span> <span class='ocrx_word' id='word_1_733' title='bbox 1635 5058 1716 5106; x_wconf 88' lang='lat' dir='ltr'><strong>se,</strong></span> <span class='ocrx_word' id='word_1_734' title='bbox 1769 5043 1863 5097; x_wconf 90' lang='lat' dir='ltr'><strong>sed</strong></span> <span class='ocrx_word' id='word_1_735' title='bbox 1899 5052 1958 5096; x_wconf 90' lang='lat' dir='ltr'><strong>ut</strong></span> 
     </span>
    </p>
   </div>
   <div class='ocr_carea' id='block_1_96' title="bbox 377 5112 1958 5186">
    <p class='ocr_par' dir='ltr' id='par_1_96' title="bbox 377 5112 1958 5186">
     <span class='ocr_line' id='line_1_96' title="bbox 377 5112 1958 5186; baseline 0.001 -20"><span class='ocrx_word' id='word_1_736' title='bbox 377 5117 521 5168; x_wconf 75' lang='lat' dir='ltr'><strong>dicta</strong></span> <span class='ocrx_word' id='word_1_737' title='bbox 558 5116 624 5169; x_wconf 91' lang='lat' dir='ltr'><strong>ab</strong></span> <span class='ocrx_word' id='word_1_738' title='bbox 655 5115 748 5170; x_wconf 89' lang='lat' dir='ltr'><strong>illo</strong></span> <span class='ocrx_word' id='word_1_739' title='bbox 776 5115 939 5170; x_wconf 87' lang='lat' dir='ltr'><strong>verba</strong></span> <span class='ocrx_word' id='word_1_740' title='bbox 963 5114 1273 5186; x_wconf 83' lang='lat' dir='ltr'><strong>proferens,</strong></span> <span class='ocrx_word' id='word_1_741' title='bbox 1305 5113 1506 5186; x_wconf 86' lang='lat' dir='ltr'><strong>quibus</strong></span> <span class='ocrx_word' id='word_1_742' title='bbox 1541 5112 1743 5186; x_wconf 84' lang='lat' dir='ltr'><strong>ubique</strong></span> <span class='ocrx_word' id='word_1_743' title='bbox 1779 5113 1958 5182; x_wconf 86' lang='lat' dir='ltr'><strong>Chry-</strong></span> 
     </span>
    </p>
   </div>
   <div class='ocr_carea' id='block_1_97' title="bbox 378 5183 1955 5252">
    <p class='ocr_par' dir='ltr' id='par_1_97' title="bbox 378 5183 1955 5252">
     <span class='ocr_line' id='line_1_97' title="bbox 378 5183 1955 5252; baseline -0.002 -13"><span class='ocrx_word' id='word_1_744' title='bbox 378 5193 657 5240; x_wconf 84' lang='lat' dir='ltr'><strong>sostomus</strong></span> <span class='ocrx_word' id='word_1_745' title='bbox 688 5188 795 5240; x_wconf 88' lang='lat' dir='ltr'><strong>vim</strong></span> <span class='ocrx_word' id='word_1_746' title='bbox 830 5183 981 5238; x_wconf 83' lang='lat' dir='ltr'><strong>illam</strong></span> <span class='ocrx_word' id='word_1_747' title='bbox 1008 5183 1408 5240; x_wconf 88' lang='lat' dir='ltr'><strong>transmutandi</strong></span> <span class='ocrx_word' id='word_1_748' title='bbox 1444 5197 1596 5252; x_wconf 79' lang='lat' dir='ltr'><strong>saera</strong></span> <span class='ocrx_word' id='word_1_749' title='bbox 1627 5183 1852 5252; x_wconf 82' lang='lat' dir='ltr'><strong>pignora</strong></span> <span class='ocrx_word' id='word_1_750' title='bbox 1903 5186 1955 5236; x_wconf 92' lang='lat' dir='ltr'><strong>in</strong></span> 
     </span>
    </p>
   </div>
   <div class='ocr_carea' id='block_1_98' title="bbox 377 5251 1958 5324">
    <p class='ocr_par' dir='ltr' id='par_1_98' title="bbox 377 5251 1958 5324">
     <span class='ocr_line' id='line_1_98' title="bbox 377 5251 1958 5324; baseline -0.001 -15"><span class='ocrx_word' id='word_1_751' title='bbox 377 5255 581 5310; x_wconf 89' lang='lat' dir='ltr'><strong>Christi</strong></span> <span class='ocrx_word' id='word_1_752' title='bbox 607 5270 811 5324; x_wconf 89' lang='lat' dir='ltr'><strong>corpus</strong></span> <span class='ocrx_word' id='word_1_753' title='bbox 833 5265 890 5310; x_wconf 91' lang='lat' dir='ltr'><strong>et</strong></span> <span class='ocrx_word' id='word_1_754' title='bbox 925 5255 1247 5323; x_wconf 78' lang='lat' dir='ltr'><strong>sanguinem</strong></span> <span class='ocrx_word' id='word_1_755' title='bbox 1276 5253 1484 5324; x_wconf 86' lang='lat' dir='ltr'><strong>tribuit.</strong></span> <span class='ocrx_word' id='word_1_756' title='bbox 1515 5251 1688 5324; x_wconf 60' lang='lat' dir='ltr'><strong>Graeci</strong></span> <span class='ocrx_word' id='word_1_757' title='bbox 1724 5253 1817 5324; x_wconf 83' lang='lat' dir='ltr'><strong>alii</strong></span> <span class='ocrx_word' id='word_1_758' title='bbox 1845 5253 1958 5308; x_wconf 82' lang='lat' dir='ltr'><strong>fere</strong></span> 
     </span>
    </p>
   </div>
   <div class='ocr_carea' id='block_1_99' title="bbox 378 5322 1959 5395">
    <p class='ocr_par' dir='ltr' id='par_1_99' title="bbox 378 5322 1959 5395">
     <span class='ocr_line' id='line_1_99' title="bbox 378 5322 1959 5395; baseline -0.001 -17"><span class='ocrx_word' id='word_1_759' title='bbox 378 5339 410 5395; x_wconf 66' lang='grc' dir='ltr'><strong>ει</strong></span> <span class='ocrx_word' id='word_1_760' title='bbox 432 5322 768 5382; x_wconf 72' lang='lat' dir='ltr'><strong>Damasceno</strong></span> <span class='ocrx_word' id='word_1_761' title='bbox 789 5333 844 5379; x_wconf 89' lang='lat' dir='ltr'><strong>et</strong></span> <span class='ocrx_word' id='word_1_762' title='bbox 879 5342 950 5380; x_wconf 74' lang='lat' dir='ltr'><strong>VII</strong></span> <span class='ocrx_word' id='word_1_763' title='bbox 993 5322 1228 5395; x_wconf 78' lang='lat' dir='ltr'><strong>synodo.</strong></span> <span class='ocrx_word' id='word_1_764' title='bbox 1260 5323 1613 5395; x_wconf 75' lang='grc' dir='ltr'><strong>ἐπιφοίτησιν</strong></span> <span class='ocrx_word' id='word_1_765' title='bbox 1649 5322 1959 5389; x_wconf 80' lang='lat' dir='ltr'><strong>(adventum</strong></span> 
     </span>
    </p>
   </div>
   <div class='ocr_carea' id='block_1_100' title="bbox 381 5393 1956 5464">
    <p class='ocr_par' dir='ltr' id='par_1_100' title="bbox 381 5393 1956 5464">
     <span class='ocr_line' id='line_1_100' title="bbox 381 5393 1956 5464; baseline -0.002 -15"><span class='ocrx_word' id='word_1_766' title='bbox 381 5393 618 5463; x_wconf 79' lang='lat' dir='ltr'><strong>Spiritus</strong></span> <span class='ocrx_word' id='word_1_767' title='bbox 649 5395 842 5463; x_wconf 78' lang='lat' dir='ltr'><strong>sancti)</strong></span> <span class='ocrx_word' id='word_1_768' title='bbox 876 5396 948 5452; x_wconf 86' lang='lat' dir='ltr'><strong>ita</strong></span> <span class='ocrx_word' id='word_1_769' title='bbox 977 5393 1191 5464; x_wconf 72' lang='lat' dir='ltr'><strong>urgent,</strong></span> <span class='ocrx_word' id='word_1_770' title='bbox 1221 5403 1278 5448; x_wconf 91' lang='lat' dir='ltr'><strong>ut</strong></span> <span class='ocrx_word' id='word_1_771' title='bbox 1305 5395 1410 5448; x_wconf 90' lang='lat' dir='ltr'><strong>nisi</strong></span> <span class='ocrx_word' id='word_1_772' title='bbox 1436 5395 1556 5461; x_wconf 85' lang='lat' dir='ltr'><strong>ejus</strong></span> <span class='ocrx_word' id='word_1_773' title='bbox 1585 5394 1956 5464; x_wconf 75' lang='lat' dir='ltr'><strong>invocatione,</strong></span> 
     </span>
    </p>
   </div>
   <div class='ocr_carea' id='block_1_101' title="bbox 380 5461 1954 5534">
    <p class='ocr_par' dir='ltr' id='par_1_101' title="bbox 380 5461 1954 5534">
     <span class='ocr_line' id='line_1_101' title="bbox 380 5461 1954 5534; baseline -0.003 -16"><span class='ocrx_word' id='word_1_774' title='bbox 380 5461 542 5531; x_wconf 87' lang='lat' dir='ltr'><strong>quam</strong></span> <span class='ocrx_word' id='word_1_775' title='bbox 574 5480 766 5522; x_wconf 87' lang='lat' dir='ltr'><strong>eorum</strong></span> <span class='ocrx_word' id='word_1_776' title='bbox 797 5461 1065 5534; x_wconf 29' lang='lat' dir='ltr'><strong>Iiturgite’</strong></span> <span class='ocrx_word' id='word_1_777' title='bbox 1094 5467 1296 5520; x_wconf 89' lang='lat' dir='ltr'><strong>habent</strong></span> <span class='ocrx_word' id='word_1_778' title='bbox 1319 5473 1440 5532; x_wconf 92' lang='lat' dir='ltr'><strong>post</strong></span> <span class='ocrx_word' id='word_1_779' title='bbox 1474 5464 1638 5518; x_wconf 86' lang='lat' dir='ltr'><strong>verba</strong></span> <span class='ocrx_word' id='word_1_780' title='bbox 1670 5461 1954 5518; x_wconf 82' lang='lat' dir='ltr'><strong>Dominica</strong></span> 
     </span>
    </p>
   </div>
   <div class='ocr_carea' id='block_1_102' title="bbox 381 5534 1958 5604">
    <p class='ocr_par' dir='ltr' id='par_1_102' title="bbox 381 5534 1958 5604">
     <span class='ocr_line' id='line_1_102' title="bbox 381 5534 1958 5604; baseline -0.001 -16"><span class='ocrx_word' id='word_1_781' title='bbox 381 5535 474 5588; x_wconf 85' lang='lat' dir='ltr'><strong>diu</strong></span> <span class='ocrx_word' id='word_1_782' title='bbox 524 5545 650 5590; x_wconf 85' lang='lat' dir='ltr'><strong>ante</strong></span> <span class='ocrx_word' id='word_1_783' title='bbox 695 5536 922 5604; x_wconf 73' lang='lat' dir='ltr'><strong>prolata,</strong></span> <span class='ocrx_word' id='word_1_784' title='bbox 958 5551 1066 5589; x_wconf 85' lang='lat' dir='ltr'><strong>non</strong></span> <span class='ocrx_word' id='word_1_785' title='bbox 1117 5535 1344 5590; x_wconf 87' lang='lat' dir='ltr'><strong>omnino</strong></span> <span class='ocrx_word' id='word_1_786' title='bbox 1376 5534 1720 5590; x_wconf 90' lang='lat' dir='ltr'><strong>Dominicum</strong></span> <span class='ocrx_word' id='word_1_787' title='bbox 1756 5549 1958 5601; x_wconf 86' lang='lat' dir='ltr'><strong>corpus</strong></span> 
     </span>
    </p>
   </div>
   <div class='ocr_carea' id='block_1_103' title="bbox 384 5605 1957 5676">
    <p class='ocr_par' dir='ltr' id='par_1_103' title="bbox 384 5605 1957 5676">
     <span class='ocr_line' id='line_1_103' title="bbox 384 5605 1957 5676; baseline -0.003 -17"><span class='ocrx_word' id='word_1_788' title='bbox 384 5620 445 5659; x_wconf 82' lang='lat' dir='ltr'><strong>ae</strong></span> <span class='ocrx_word' id='word_1_789' title='bbox 473 5607 818 5676; x_wconf 75' lang='lat' dir='ltr'><strong>sanguinem,</strong></span> <span class='ocrx_word' id='word_1_790' title='bbox 841 5606 1008 5676; x_wconf 83' lang='lat' dir='ltr'><strong>inque</strong></span> <span class='ocrx_word' id='word_1_791' title='bbox 1034 5620 1095 5659; x_wconf 89' lang='lat' dir='ltr'><strong>ea</strong></span> <span class='ocrx_word' id='word_1_792' title='bbox 1132 5606 1504 5676; x_wconf 88' lang='lat' dir='ltr'><strong>symbolorum</strong></span> <span class='ocrx_word' id='word_1_793' title='bbox 1546 5605 1957 5658; x_wconf 82' lang='lat' dir='ltr'><strong>transmutatio-</strong></span> 
     </span>
    </p>
   </div>
   <div class='ocr_carea' id='block_1_104' title="bbox 386 5675 1965 5746">
    <p class='ocr_par' dir='ltr' id='par_1_104' title="bbox 386 5675 1965 5746">
     <span class='ocr_line' id='line_1_104' title="bbox 386 5675 1965 5746; baseline -0.001 -21"><span class='ocrx_word' id='word_1_794' title='bbox 386 5691 508 5730; x_wconf 79' lang='lat' dir='ltr'><strong>n~-m</strong></span> <span class='ocrx_word' id='word_1_795' title='bbox 543 5675 730 5745; x_wconf 70' lang='lat' dir='ltr'><strong>(uuam</strong></span> <span class='ocrx_word' id='word_1_796' title='bbox 763 5685 818 5731; x_wconf 78' lang='lat' dir='ltr'><strong>et</strong></span> <span class='ocrx_word' id='word_1_797' title='bbox 852 5675 940 5730; x_wconf 87' lang='lat' dir='ltr'><strong>illa</strong></span> <span class='ocrx_word' id='word_1_798' title='bbox 973 5675 1088 5746; x_wconf 69' lang='lat' dir='ltr'><strong>fieri</strong></span> <span class='ocrx_word' id='word_1_799' title='bbox 1116 5675 1446 5746; x_wconf 83' lang='lat' dir='ltr'><strong>exposcunt)</strong></span> <span class='ocrx_word' id='word_1_800' title='bbox 1462 5676 1762 5746; x_wconf 61' lang='lat' dir='ltr'><strong>rideantur</strong></span> <span class='ocrx_word' id='word_1_801' title='bbox 1799 5688 1965 5746; x_wconf 73' lang='lat' dir='ltr'><strong>agnu-</strong></span> 
     </span>
    </p>
   </div>
   <div class='ocr_carea' id='block_1_105' title="bbox 383 5740 1963 5815">
    <p class='ocr_par' dir='ltr' id='par_1_105' title="bbox 383 5740 1963 5815">
     <span class='ocr_line' id='line_1_105' title="bbox 383 5740 1963 5815; baseline -0.001 -17"><span class='ocrx_word' id='word_1_802' title='bbox 383 5740 766 5815; x_wconf 46' lang='lat' dir='ltr'><strong>s-‘eregﬂuam</strong></span> <span class='ocrx_word' id='word_1_803' title='bbox 815 5740 1475 5815; x_wconf 56' lang='lat' dir='ltr'><strong>qutestionem&#39;tractavit</strong></span> <span class='ocrx_word' id='word_1_804' title='bbox 1526 5744 1584 5797; x_wconf 83' lang='lat' dir='ltr'><strong>P.</strong></span> <span class='ocrx_word' id='word_1_805' title='bbox 1627 5742 1748 5799; x_wconf 87' lang='lat' dir='ltr'><strong>Jac.</strong></span> <span class='ocrx_word' id='word_1_806' title='bbox 1795 5740 1963 5798; x_wconf 66' lang='lat' dir='ltr'><strong>Guar.</strong></span> 
     </span>
    </p>
   </div>
   <div class='ocr_carea' id='block_1_106' title="bbox 387 5813 1965 5884">
    <p class='ocr_par' dir='ltr' id='par_1_106' title="bbox 387 5813 1965 5884">
     <span class='ocr_line' id='line_1_106' title="bbox 387 5813 1965 5884; baseline -0.003 -16"><span class='ocrx_word' id='word_1_807' title='bbox 387 5813 587 5870; x_wconf 82' lang='lat' dir='ltr'><strong>sodalis</strong></span> <span class='ocrx_word' id='word_1_808' title='bbox 615 5817 811 5882; x_wconf 74' lang='lat' dir='ltr'><strong>metisci</strong></span> <span class='ocrx_word' id='word_1_809' title='bbox 838 5813 1174 5884; x_wconf 83' lang='grc' dir='ltr'><strong>μακαρίτης,</strong></span> <span class='ocrx_word' id='word_1_810' title='bbox 1207 5816 1258 5868; x_wconf 92' lang='lat' dir='ltr'><strong>in</strong></span> <span class='ocrx_word' id='word_1_811' title='bbox 1294 5815 1522 5868; x_wconf 83' lang='lat' dir='ltr'><strong>Euchul.</strong></span> <span class='ocrx_word' id='word_1_812' title='bbox 1548 5815 1748 5882; x_wconf 89' lang='lat' dir='ltr'><strong>aliique</strong></span> <span class='ocrx_word' id='word_1_813' title='bbox 1774 5815 1930 5882; x_wconf 83' lang='lat' dir='ltr'><strong>dispu</strong></span> <span class='ocrx_word' id='word_1_814' title='bbox 1949 5841 1965 5850; x_wconf 83' lang='grc'><strong><em>-</em></strong></span> 
     </span>
    </p>
   </div>
   <div class='ocr_carea' id='block_1_107' title="bbox 390 5884 1967 5954">
    <p class='ocr_par' dir='ltr' id='par_1_107' title="bbox 390 5884 1967 5954">
     <span class='ocr_line' id='line_1_107' title="bbox 390 5884 1967 5954; baseline 0.001 -19"><span class='ocrx_word' id='word_1_815' title='bbox 390 5893 564 5942; x_wconf 73' lang='lat' dir='ltr'><strong>iantes</strong></span> <span class='ocrx_word' id='word_1_816' title='bbox 601 5901 723 5941; x_wconf 88' lang='lat' dir='ltr'><strong>cum</strong></span> <span class='ocrx_word' id='word_1_817' title='bbox 761 5886 869 5941; x_wconf 73' lang='lat' dir='ltr'><strong>aeri</strong></span> <span class='ocrx_word' id='word_1_818' title='bbox 909 5885 1178 5954; x_wconf 83' lang='lat' dir='ltr'><strong>sequioris</strong></span> <span class='ocrx_word' id='word_1_819' title='bbox 1206 5885 1430 5940; x_wconf 50' lang='lat' dir='ltr'><strong>Graecis.</strong></span> <span class='ocrx_word' id='word_1_820' title='bbox 1463 5884 1873 5944; x_wconf 84' lang='lat' dir='ltr'><strong>illustrissimus</strong></span> <span class='ocrx_word' id='word_1_821' title='bbox 1903 5900 1967 5937; x_wconf 78' lang='lat' dir='ltr'><strong>ac</strong></span> 
     </span>
    </p>
   </div>
   <div class='ocr_carea' id='block_1_108' title="bbox 952 4659 2612 4736">
    <p class='ocr_par' dir='ltr' id='par_1_108' title="bbox 952 4659 2612 4736">
     <span class='ocr_line' id='line_1_108' title="bbox 952 4659 2612 4736; baseline 0.002 -12"><span class='ocrx_word' id='word_1_822' title='bbox 952 4669 998 4701; x_wconf 84' lang='lat'>“</span> <span class='ocrx_word' id='word_1_823' title='bbox 1025 4667 1184 4725; x_wconf 81' lang='lat' dir='ltr'><strong>Joan.</strong></span> <span class='ocrx_word' id='word_1_824' title='bbox 1209 4687 1284 4735; x_wconf 78' lang='lat' dir='ltr'><strong>vr,</strong></span> <span class='ocrx_word' id='word_1_825' title='bbox 1319 4671 1406 4736; x_wconf 65' lang='lat' dir='ltr'><strong>Si,</strong></span> <span class='ocrx_word' id='word_1_826' title='bbox 1431 4669 1520 4736; x_wconf 79' lang='lat'><strong>55,</strong></span> <span class='ocrx_word' id='word_1_827' title='bbox 1545 4671 1634 4727; x_wconf 87' lang='grc'><strong>58.</strong></span> <span class='ocrx_word' id='word_1_828' title='bbox 1713 4672 1758 4703; x_wconf 72' lang='grc'>⁸⁸</span> <span class='ocrx_word' id='word_1_829' title='bbox 1791 4659 1967 4728; x_wconf 72' lang='lat' dir='ltr'><strong>lCor.</strong></span> <span class='ocrx_word' id='word_1_830' title='bbox 1995 4687 2069 4732; x_wconf 76' lang='lat' dir='ltr'><strong>XI,</strong></span> <span class='ocrx_word' id='word_1_831' title='bbox 2108 4673 2199 4723; x_wconf 66' lang='lat'><strong>28.</strong></span> <span class='ocrx_word' id='word_1_832' title='bbox 2277 4670 2323 4701; x_wconf 83' lang='grc'>⁶⁸</span> <span class='ocrx_word' id='word_1_833' title='bbox 2356 4671 2486 4724; x_wconf 89' lang='lat' dir='ltr'><strong>ibid.</strong></span> <span class='ocrx_word' id='word_1_834' title='bbox 2519 4671 2612 4728; x_wconf 72' lang='lat'><strong>29.</strong></span> 
     </span>
    </p>
   </div>
   <div class='ocr_carea' id='block_1_109' title="bbox 2067 4827 3662 4896">
    <p class='ocr_par' dir='ltr' id='par_1_109' title="bbox 2067 4827 3662 4896">
     <span class='ocr_line' id='line_1_109' title="bbox 2067 4827 3662 4896; baseline -0.005 -10"><span class='ocrx_word' id='word_1_835' title='bbox 2067 4833 2563 4888; x_wconf 80' lang='lat' dir='ltr'><strong>revcreudissimtts</strong></span> <span class='ocrx_word' id='word_1_836' title='bbox 2622 4832 2947 4886; x_wconf 85' lang='lat' dir='ltr'><strong>Parisicnsis</strong></span> <span class='ocrx_word' id='word_1_837' title='bbox 3008 4830 3252 4896; x_wconf 82' lang='lat' dir='ltr'><strong>archicp.</strong></span> <span class='ocrx_word' id='word_1_838' title='bbox 3330 4827 3524 4880; x_wconf 81' lang='lat' dir='ltr'><strong>Petrus</strong></span> <span class='ocrx_word' id='word_1_839' title='bbox 3595 4827 3662 4878; x_wconf 82' lang='lat' dir='ltr'><strong>de</strong></span> 
     </span>
    </p>
   </div>
   <div class='ocr_carea' id='block_1_110' title="bbox 2068 4901 3671 4973">
    <p class='ocr_par' dir='ltr' id='par_1_110' title="bbox 2068 4901 3671 4973">
     <span class='ocr_line' id='line_1_110' title="bbox 2068 4901 3671 4973; baseline -0.004 -17"><span class='ocrx_word' id='word_1_840' title='bbox 2068 4903 2247 4958; x_wconf 73' lang='grc' dir='ltr'><strong>Μαι-οτι</strong></span> <span class='ocrx_word' id='word_1_841' title='bbox 2279 4905 2307 4954; x_wconf 89' lang='lat'><strong>6</strong></span> <span class='ocrx_word' id='word_1_842' title='bbox 2338 4904 2657 4973; x_wconf 81' lang='grc' dir='ltr'><strong>μακαρίτης</strong></span> <span class='ocrx_word' id='word_1_843' title='bbox 2688 4902 2768 4958; x_wconf 90' lang='lat' dir='ltr'><strong>sic</strong></span> <span class='ocrx_word' id='word_1_844' title='bbox 2813 4901 3468 4973; x_wconf 84' lang='lat' dir='ltr'><strong>interpretabatur.__enm</strong></span> <span class='ocrx_word' id='word_1_845' title='bbox 3520 4913 3671 4973; x_wconf 64' lang='grc' dir='ltr'><strong>(ιιιειξ-</strong></span> 
     </span>
    </p>
   </div>
   <div class='ocr_carea' id='block_1_111' title="bbox 2065 4967 3666 5031">
    <p class='ocr_par' dir='ltr' id='par_1_111' title="bbox 2065 4967 3666 5031">
     <span class='ocr_line' id='line_1_111' title="bbox 2065 4967 3666 5031; baseline -0.005 -5"><span class='ocrx_word' id='word_1_846' title='bbox 2065 4974 2262 5028; x_wconf 86' lang='lat' dir='ltr'><strong>stiouis</strong></span> <span class='ocrx_word' id='word_1_847' title='bbox 2310 4967 2527 5028; x_wconf 77' lang='lat' dir='ltr'><strong>nodum</strong></span> <span class='ocrx_word' id='word_1_848' title='bbox 2569 4967 2785 5029; x_wconf 82' lang='lat' dir='ltr'><strong>solvere</strong></span> <span class='ocrx_word' id='word_1_849' title='bbox 2817 4967 3137 5031; x_wconf 81' lang='lat' dir='ltr'><strong>conaretur,</strong></span> <span class='ocrx_word' id='word_1_850' title='bbox 3177 4979 3234 5024; x_wconf 92' lang='lat' dir='ltr'><strong>ut</strong></span> <span class='ocrx_word' id='word_1_851' title='bbox 3283 4970 3510 5030; x_wconf 83' lang='lat' dir='ltr'><strong>diceret,</strong></span> <span class='ocrx_word' id='word_1_852' title='bbox 3562 4967 3666 5019; x_wconf 72' lang='grc' dir='ltr'><strong>Γει-</strong></span> 
     </span>
    </p>
   </div>
   <div class='ocr_carea' id='block_1_112' title="bbox 2068 5041 3670 5114">
    <p class='ocr_par' dir='ltr' id='par_1_112' title="bbox 2068 5041 3670 5114">
     <span class='ocr_line' id='line_1_112' title="bbox 2068 5041 3670 5114; baseline -0.004 -18"><span class='ocrx_word' id='word_1_853' title='bbox 2068 5053 2178 5099; x_wconf 87' lang='lat' dir='ltr'><strong>tres</strong></span> <span class='ocrx_word' id='word_1_854' title='bbox 2213 5046 2372 5114; x_wconf 85' lang='lat' dir='ltr'><strong>quasi</strong></span> <span class='ocrx_word' id='word_1_855' title='bbox 2409 5061 2580 5099; x_wconf 89' lang='lat' dir='ltr'><strong>unum</strong></span> <span class='ocrx_word' id='word_1_856' title='bbox 2613 5044 2744 5114; x_wconf 91' lang='lat' dir='ltr'><strong>quid</strong></span> <span class='ocrx_word' id='word_1_857' title='bbox 2781 5043 3064 5114; x_wconf 80' lang='lat' dir='ltr'><strong>accepisse</strong></span> <span class='ocrx_word' id='word_1_858' title='bbox 3101 5041 3364 5111; x_wconf 90' lang='lat' dir='ltr'><strong>quidquid</strong></span> <span class='ocrx_word' id='word_1_859' title='bbox 3419 5042 3556 5093; x_wconf 87' lang='lat' dir='ltr'><strong>ritus</strong></span> <span class='ocrx_word' id='word_1_860' title='bbox 3586 5047 3670 5114; x_wconf 78' lang='lat' dir='ltr'><strong>est</strong></span> 
     </span>
    </p>
   </div>
   <div class='ocr_carea' id='block_1_113' title="bbox 2069 5111 3668 5186">
    <p class='ocr_par' dir='ltr' id='par_1_113' title="bbox 2069 5111 3668 5186">
     <span class='ocr_line' id='line_1_113' title="bbox 2069 5111 3668 5186; baseline -0.004 -19"><span class='ocrx_word' id='word_1_861' title='bbox 2069 5111 2330 5184; x_wconf 84' lang='lat' dir='ltr'><strong>liturgiei,</strong></span> <span class='ocrx_word' id='word_1_862' title='bbox 2363 5127 2416 5170; x_wconf 89' lang='lat' dir='ltr'><strong>et</strong></span> <span class='ocrx_word' id='word_1_863' title='bbox 2469 5115 2555 5186; x_wconf 90' lang='lat' dir='ltr'><strong>(ut</strong></span> <span class='ocrx_word' id='word_1_864' title='bbox 2601 5111 2701 5170; x_wconf 80' lang='lat' dir='ltr'><strong>nos</strong></span> <span class='ocrx_word' id='word_1_865' title='bbox 2749 5111 3032 5181; x_wconf 80' lang='lat' dir='ltr'><strong>voramus)</strong></span> <span class='ocrx_word' id='word_1_866' title='bbox 3083 5115 3338 5186; x_wconf 65' lang='lat' dir='ltr'><strong>canonis,</strong></span> <span class='ocrx_word' id='word_1_867' title='bbox 3399 5111 3668 5186; x_wconf 42' lang='lat' dir='ltr'><strong>nectsatis</strong></span> 
     </span>
    </p>
   </div>
   <div class='ocr_carea' id='block_1_114' title="bbox 2069 5182 3666 5254">
    <p class='ocr_par' dir='ltr' id='par_1_114' title="bbox 2069 5182 3666 5254">
     <span class='ocr_line' id='line_1_114' title="bbox 2069 5182 3666 5254; baseline -0.006 -15"><span class='ocrx_word' id='word_1_868' title='bbox 2069 5182 2390 5241; x_wconf 78' lang='lat' dir='ltr'><strong>distinxisse</strong></span> <span class='ocrx_word' id='word_1_869' title='bbox 2447 5182 2578 5254; x_wconf 79' lang='lat' dir='ltr'><strong>quid</strong></span> <span class='ocrx_word' id='word_1_870' title='bbox 2635 5199 3048 5253; x_wconf 84' lang='lat' dir='ltr'><strong>quaequepars</strong></span> <span class='ocrx_word' id='word_1_871' title='bbox 3117 5183 3356 5241; x_wconf 80' lang='lat' dir='ltr'><strong>etiiciat;</strong></span> <span class='ocrx_word' id='word_1_872' title='bbox 3421 5182 3470 5233; x_wconf 92' lang='lat' dir='ltr'><strong>in</strong></span> <span class='ocrx_word' id='word_1_873' title='bbox 3551 5194 3666 5247; x_wconf 89' lang='lat' dir='ltr'><strong>quo</strong></span> 
     </span>
    </p>
   </div>
   <div class='ocr_carea' id='block_1_115' title="bbox 2062 5253 3661 5324">
    <p class='ocr_par' dir='ltr' id='par_1_115' title="bbox 2062 5253 3661 5324">
     <span class='ocr_line' id='line_1_115' title="bbox 2062 5253 3661 5324; baseline -0.006 -16"><span class='ocrx_word' id='word_1_874' title='bbox 2062 5257 2229 5324; x_wconf 84' lang='lat' dir='ltr'><strong>paulo</strong></span> <span class='ocrx_word' id='word_1_875' title='bbox 2270 5253 2535 5311; x_wconf 87' lang='lat' dir='ltr'><strong>subtilius</strong></span> <span class='ocrx_word' id='word_1_876' title='bbox 2568 5256 2845 5310; x_wconf 86' lang='lat' dir='ltr'><strong>laboravit</strong></span> <span class='ocrx_word' id='word_1_877' title='bbox 2883 5269 3124 5324; x_wconf 85' lang='lat' dir='ltr'><strong>sequens</strong></span> <span class='ocrx_word' id='word_1_878' title='bbox 3177 5253 3661 5324; x_wconf 79' lang='lat' dir='ltr'><strong>Scholastieorum</strong></span> 
     </span>
    </p>
   </div>
   <div class='ocr_carea' id='block_1_116' title="bbox 2060 5323 3666 5408">
    <p class='ocr_par' dir='ltr' id='par_1_116' title="bbox 2060 5323 3666 5408">
     <span class='ocr_line' id='line_1_116' title="bbox 2060 5323 3666 5408; baseline -0.007 -28"><span class='ocrx_word' id='word_1_879' title='bbox 2060 5323 2327 5381; x_wconf 74' lang='lat' dir='ltr'><strong>sedulitas</strong></span> <span class='ocrx_word' id='word_1_880' title='bbox 2361 5346 2372 5380; x_wconf 89' lang='lat'><strong>:</strong></span> <span class='ocrx_word' id='word_1_881' title='bbox 2409 5343 2574 5408; x_wconf 77' lang='lat' dir='ltr'><strong>quam</strong></span> <span class='ocrx_word' id='word_1_882' title='bbox 2630 5327 2805 5408; x_wconf 66' lang='lat' dir='ltr'><strong>ipsam</strong></span> <span class='ocrx_word' id='word_1_883' title='bbox 2855 5323 3178 5407; x_wconf 52' lang='lat' dir='ltr'><strong>intrasuos</strong></span> <span class='ocrx_word' id='word_1_884' title='bbox 3215 5323 3479 5408; x_wconf 56' lang='lat' dir='ltr'><strong>terminos</strong></span> <span class='ocrx_word' id='word_1_885' title='bbox 3516 5335 3666 5371; x_wconf 83' lang='lat' dir='ltr'><strong>coer-</strong></span> 
     </span>
    </p>
   </div>
   <div class='ocr_carea' id='block_1_117' title="bbox 2059 5390 3664 5468">
    <p class='ocr_par' dir='ltr' id='par_1_117' title="bbox 2059 5390 3664 5468">
     <span class='ocr_line' id='line_1_117' title="bbox 2059 5390 3664 5468; baseline -0.005 -20"><span class='ocrx_word' id='word_1_886' title='bbox 2059 5412 2185 5450; x_wconf 87' lang='lat' dir='ltr'><strong>cere</strong></span> <span class='ocrx_word' id='word_1_887' title='bbox 2227 5390 2544 5461; x_wconf 81' lang='lat' dir='ltr'><strong>conveniat,</strong></span> <span class='ocrx_word' id='word_1_888' title='bbox 2574 5390 2780 5465; x_wconf 83' lang='lat' dir='ltr'><strong>quibus</strong></span> <span class='ocrx_word' id='word_1_889' title='bbox 2811 5406 2866 5452; x_wconf 88' lang='lat' dir='ltr'><strong>et</strong></span> <span class='ocrx_word' id='word_1_890' title='bbox 2902 5396 3114 5468; x_wconf 64' lang='lat' dir='ltr'><strong>praeivit</strong></span> <span class='ocrx_word' id='word_1_891' title='bbox 3160 5408 3393 5468; x_wconf 80' lang='lat' dir='ltr'><strong>magnus</strong></span> <span class='ocrx_word' id='word_1_892' title='bbox 3421 5390 3664 5468; x_wconf 80' lang='lat' dir='ltr'><strong>Chryso-</strong></span> 
     </span>
    </p>
   </div>
   <div class='ocr_carea' id='block_1_118' title="bbox 2060 5463 3662 5539">
    <p class='ocr_par' dir='ltr' id='par_1_118' title="bbox 2060 5463 3662 5539">
     <span class='ocr_line' id='line_1_118' title="bbox 2060 5463 3662 5539; baseline -0.002 -21"><span class='ocrx_word' id='word_1_893' title='bbox 2060 5477 2294 5539; x_wconf 78' lang='lat' dir='ltr'><strong>stomus,</strong></span> <span class='ocrx_word' id='word_1_894' title='bbox 2329 5469 2412 5520; x_wconf 90' lang='lat' dir='ltr'><strong>vir</strong></span> <span class='ocrx_word' id='word_1_895' title='bbox 2451 5463 2605 5521; x_wconf 83' lang='lat' dir='ltr'><strong>certe</strong></span> <span class='ocrx_word' id='word_1_896' title='bbox 2650 5468 2782 5539; x_wconf 85' lang='lat' dir='ltr'><strong>mihi</strong></span> <span class='ocrx_word' id='word_1_897' title='bbox 2838 5463 3375 5539; x_wconf 73' lang='grc' dir='ltr'><strong>σχολαστικώτατος,</strong></span> <span class='ocrx_word' id='word_1_898' title='bbox 3413 5463 3580 5539; x_wconf 50' lang='lat' dir='ltr'><strong>cuius</strong></span> <span class='ocrx_word' id='word_1_899' title='bbox 3611 5469 3662 5510; x_wconf 67' lang='lat' dir='ltr'><strong>vt</strong></span> 
     </span>
    </p>
   </div>
   <div class='ocr_carea' id='block_1_119' title="bbox 2060 5531 3662 5608">
    <p class='ocr_par' dir='ltr' id='par_1_119' title="bbox 2060 5531 3662 5608">
     <span class='ocr_line' id='line_1_119' title="bbox 2060 5531 3662 5608; baseline -0.009 -17"><span class='ocrx_word' id='word_1_900' title='bbox 2060 5537 2434 5592; x_wconf 76' lang='lat' dir='ltr'><strong>scholasticen</strong></span> <span class='ocrx_word' id='word_1_901' title='bbox 2460 5579 2474 5603; x_wconf 92' lang='lat'><strong>,</strong></span> <span class='ocrx_word' id='word_1_902' title='bbox 2532 5531 2962 5608; x_wconf 80' lang='lat' dir='ltr'><strong>methodumqite</strong></span> <span class='ocrx_word' id='word_1_903' title='bbox 3001 5533 3308 5608; x_wconf 82' lang='lat' dir='ltr'><strong>disserendi</strong></span> <span class='ocrx_word' id='word_1_904' title='bbox 3347 5544 3408 5582; x_wconf 88' lang='lat' dir='ltr'><strong>ac</strong></span> <span class='ocrx_word' id='word_1_905' title='bbox 3456 5531 3662 5608; x_wconf 72' lang='lat' dir='ltr'><strong>distin-</strong></span> 
     </span>
    </p>
   </div>
   <div class='ocr_carea' id='block_1_120' title="bbox 2061 5599 3660 5678">
    <p class='ocr_par' dir='ltr' id='par_1_120' title="bbox 2061 5599 3660 5678">
     <span class='ocr_line' id='line_1_120' title="bbox 2061 5599 3660 5678; baseline -0.006 -20"><span class='ocrx_word' id='word_1_906' title='bbox 2061 5608 2284 5676; x_wconf 79' lang='lat' dir='ltr'><strong>guendi,</strong></span> <span class='ocrx_word' id='word_1_907' title='bbox 2321 5599 2666 5678; x_wconf 49' lang='lat' dir='ltr'><strong>scienterque</strong></span> <span class='ocrx_word' id='word_1_908' title='bbox 2693 5599 2962 5662; x_wconf 78' lang='lat' dir='ltr'><strong>enodandi</strong></span> <span class='ocrx_word' id='word_1_909' title='bbox 3002 5601 3400 5678; x_wconf 60' lang='lat' dir='ltr'><strong>qute&#39;perplera</strong></span> <span class='ocrx_word' id='word_1_910' title='bbox 3431 5599 3660 5678; x_wconf 65' lang='lat' dir='ltr'><strong>videam</strong></span> 
     </span>
    </p>
   </div>
   <div class='ocr_carea' id='block_1_121' title="bbox 2067 5673 3655 5745">
    <p class='ocr_par' dir='ltr' id='par_1_121' title="bbox 2067 5673 3655 5745">
     <span class='ocr_line' id='line_1_121' title="bbox 2067 5673 3655 5745; baseline -0.009 -15"><span class='ocrx_word' id='word_1_911' title='bbox 2067 5673 2177 5741; x_wconf 75' lang='lat' dir='ltr'><strong>tur,</strong></span> <span class='ocrx_word' id='word_1_912' title='bbox 2208 5678 2260 5731; x_wconf 92' lang='lat' dir='ltr'><strong>in</strong></span> <span class='ocrx_word' id='word_1_913' title='bbox 2287 5679 2408 5731; x_wconf 82' lang='lat' dir='ltr'><strong>aliis</strong></span> <span class='ocrx_word' id='word_1_914' title='bbox 2453 5673 2702 5743; x_wconf 43' lang='lat' dir='ltr'><strong>Patr—um,</strong></span> <span class='ocrx_word' id='word_1_915' title='bbox 2735 5691 2935 5745; x_wconf 78' lang='lat' dir='ltr'><strong>magno</strong></span> <span class='ocrx_word' id='word_1_916' title='bbox 2979 5673 3283 5744; x_wconf 68' lang='lat' dir='ltr'><strong>praesertim</strong></span> <span class='ocrx_word' id='word_1_917' title='bbox 3321 5673 3655 5735; x_wconf 71' lang='lat' dir='ltr'><strong>Augustino,</strong></span> 
     </span>
    </p>
   </div>
   <div class='ocr_carea' id='block_1_122' title="bbox 2065 5749 2396 5801">
    <p class='ocr_par' dir='ltr' id='par_1_122' title="bbox 2065 5749 2396 5801">
     <span class='ocr_line' id='line_1_122' title="bbox 2065 5749 2396 5801; baseline 0 0"><span class='ocrx_word' id='word_1_918' title='bbox 2065 5749 2396 5801; x_wconf 81' lang='lat' dir='ltr'><strong>desiderem.</strong></span> 
     </span>
    </p>
   </div>
   <div class='ocr_carea' id='block_1_123' title="bbox 2140 5817 2846 5888">
    <p class='ocr_par' dir='ltr' id='par_1_123' title="bbox 2140 5817 2846 5888">
     <span class='ocr_line' id='line_1_123' title="bbox 2140 5817 2846 5888; baseline -0.013 -12"><span class='ocrx_word' id='word_1_919' title='bbox 2140 5819 2252 5888; x_wconf 68' lang='grc'><strong>(77)</strong></span> <span class='ocrx_word' id='word_1_920' title='bbox 2294 5819 2450 5872; x_wconf 83' lang='grc' dir='ltr'><strong>ΙΙυιιι.</strong></span> <span class='ocrx_word' id='word_1_921' title='bbox 2480 5819 2568 5872; x_wconf 66' lang='lat' dir='ltr'><strong>8&#39;s.</strong></span> <span class='ocrx_word' id='word_1_922' title='bbox 2605 5820 2654 5869; x_wconf 82' lang='lat' dir='ltr'><strong>in</strong></span> <span class='ocrx_word' id='word_1_923' title='bbox 2692 5817 2846 5869; x_wconf 68' lang='lat' dir='ltr'><strong>Juan.</strong></span> 
     </span>
    </p>
   </div>
  </div>
