4088 6494
340 445 448 512 603

1611 455 2011 519 MANUELIS
2071 458 2376 520 CALECE

3504 455 3612 519 604

339 569 599 617 consueta
651 563 761 630 est)
810 563 926 618 haec
983 565 1249 621 sumenda
1299 565 1628 632 tradiderit,
1674 583 1742 623 ne
1794 567 1926 636 quid

2041 569 2201 622 Ὀθεν
2247 571 2336 624 διὰ
2389 570 2484 625 τοῦ
2539 569 2705 641 ἄρτου
2753 572 2847 624 καὶ
2899 570 2992 624 τοῦ
3024 571 3168 624 οῐνου
3213 569 3310 640 τῆς
3350 571 3614 643 συνήθους

343 654 626 708 horridum
679 669 744 707 ac
802 655 1078 711 insuetum
1150 657 1336 714 sensui
1396 659 1693 714 videretur.
1765 659 1920 714 Haud

345 758 526 798 tamen
561 761 673 800 rem
702 747 880 815 specie
901 756 1060 804 tenus
1083 763 1148 803 ac
1176 748 1347 817 figura
1371 750 1486 818 geri
1513 749 1921 806 existimamus.

342 836 544 892 Potens
575 837 718 890 enim
751 845 855 900 est,
887 847 946 891 ut
991 839 1253 906 diximus,
1284 839 1453 908 Deus,
1510 850 1625 896 tutn
1680 842 1923 911 subjecta

342 930 481 982 dona
507 937 896 997 transmutare,
926 941 1153 1002 tumque
1184 947 1380 988 rursus
1406 933 1588 1004 priora
1619 934 1924 991 accidentia

343 1032 689 1074 conservare.

410 1196 688 1267 Contingit
749 1197 934 1268 itaque
994 1199 1298 1271 spiritalem
1363 1202 1534 1258 vitam
1603 1203 1926 1262 afﬁnitatem

341 1289 633 1354 quamdam
679 1299 732 1343 et
765 1291 1180 1348 similitudinem
1219 1308 1344 1350 cum
1387 1295 1661 1364 corporali
1702 1296 1926 1354 habere.

342 1377 813 1443 Quemadmodum
859 1383 1003 1436 enim
1049 1385 1101 1436 in
1146 1385 1232 1438 illa
1270 1387 1550 1442 naturales
1582 1389 1724 1444 vires
1769 1389 1931 1444 intel-

344 1469 610 1537 liguntur,
647 1473 850 1540 quibus
902 1473 1106 1542 aliquid
1165 1486 1427 1531 nascatur
1465 1487 1521 1533 et
1572 1491 1841 1548 augeatur
1866 1495 1932 1536 ac

345 1560 658 1624 nutriatur,
698 1562 778 1616 sic
847 1572 900 1616 et
952 1565 1006 1618 in
1066 1565 1192 1620 ista.
1252 1566 1532 1636 Baptisma
1592 1571 1762 1636 enim,
1819 1586 1932 1640 quo

344 1649 609 1718 spiritalis
691 1652 933 1710 hominis
1006 1658 1351 1724 regeneratio
1423 1669 1740 1730 praestatur,
1802 1677 1929 1717 cum

345 1743 600 1810 gignendi
658 1743 916 1803 facultate
976 1750 1256 1806 convenit.
1309 1750 1581 1824 Unguenti
1644 1756 1930 1823 perfusio,

2024 665 2159 732 ἡμῖν
2179 663 2437 732 βρώσεως
2461 664 2692 718 δέδωκεν
2721 664 2948 718 ἐκείνων
3010 661 3472 733 μεταλαμϐάνειν,
3529 664 3617 717 ἵνα

2029 757 2107 828 μὴ
2135 757 2288 824 ξένον
2317 773 2371 808 τι
2420 757 2514 810 καὶ
2539 755 2710 825 ἄηθες
2756 757 2823 826 τῇ
2873 754 3127 824 αἰσθήσει
3172 754 3342 826 ὼκῇο
3387 755 3447 808 οὐ
3510 756 3618 826 μὴν

2027 849 2150 902 οὐδὲ
2203 848 2343 902 κατὰ
2392 848 2694 918 φαντασίαν
2751 845 2995 917 γίνεσθαι
3065 846 3224 901 τοῦτο
3265 846 3617 916 πιστεύομεν.

2029 937 2263 1002 Δυνατδς
2302 937 2436 1008 γάρ,
2468 939 2544 1002 ὡς
2577 938 2822 1008 εἴπομεν,
2859 937 2890 988 ὀ
2917 938 3051 1002 Θεὸς
3084 937 3180 992 καὶ
3226 937 3287 990 ea
3319 939 3619 1006 ὑποκείμε-

2029 1047 2119 1083 νον
2151 1027 2529 1100 μεταϐάλλειν,
2561 1032 2654 1084 καὶ
2677 1029 2747 1084 τὰ
2777 1030 3043 1102 πρότερον
3078 1029 3467 1099 συμϐεϐηκότα
3514 1031 3622 1084 πά-

2029 1121 2112 1174 λιν
2138 1120 2438 1190 διατηρεῖν.

2102 1213 2401 1283 Συμϐαίνει
2421 1213 2602 1266 τοίνυν
2645 1213 2743 1280 τὴν
2802 1211 3187 1283 πνευματικὴν
3242 1210 3388 1282 ζωὴν
3425 1211 3621 1266 ἀναλο-

2031 1307 2150 1374 γεῖν
2173 1307 2238 1376 τῇ
2272 1308 2584 1375 σωματικῇ.
2623 1305 2837 1375 Ὥσπερ
2867 1306 2980 1376 γὰρ
3008 1306 3066 1357 ὲν
3098 1305 3283 1378 ἐκείνη
3308 1305 3370 1358 τδ
3426 1321 3620 1373 γεννη-

2031 1400 2184 1452 τικὸν
2210 1396 2303 1452 καὶ
2332 1396 2624 1468 αὐξητικὸν
2649 1398 2745 1450 καὶ
2771 1396 3086 1464 θρεπτικὸν,
3134 1397 3191 1450 αἱ
3233 1397 3464 1465 φυσικαὶ
3517 1388 3618 1449 αὗ·-

2031 1504 2118 1543 ται
2153 1489 2430 1559 δυνάμεις,
2471 1487 2842 1559 θεωροῦνται,
2864 1485 3007 1541 οὕτω
3058 1488 3156 1541 καὶ
3189 1489 3246 1541 ὲν
3277 1487 3478 1558 ταύτῃ.
3544 1488 3620 1540 Τὸ

2037 1583 2138 1652 μὲν
2165 1581 2273 1650 γὰρ
2308 1580 2613 1649 βάπτισμα,
2659 1580 2730 1633 δι’
2779 1573 2844 1634 οὗ
2881 1581 2914 1648 ἡ
2957 1579 3128 1650 νοητὴ
3183 1579 3278 1633 τοῦ
3327 1580 3618 1651 ἀνθρώπου

2034 1673 2390 1743 ἀναγίννησις
2412 1671 2647 1740 γίνεται,
2683 1671 2940 1740 ἀναλογεῖ
2985 1675 3052 1741 τῇ
3094 1673 3387 1741 γεννητικῇ
3423 1687 3438 1703 ο
3484 1672 3517 1741 ἡ
3563 1671 3620 1723 δὲ

2035 1764 2130 1818 τοῦ
2159 1763 2332 1834 μύρου
2362 1763 2565 1833 χρίσις,
2596 1760 2664 1815 δι’
2697 1753 2758 1813 οὗ
2789 1762 2822 1830 ἡ
2854 1759 3204 1830 πνευματικὴ
3251 1758 3483 1829 αὔξησις
3524 1759 3621 1812 ἐπὶ

346 1849 456 1901 quo
499 1836 741 1905 spiritale
772 1850 1120 1910 augmentum
1161 1843 1228 1897 ad
1264 1845 1564 1913 perfectum
1603 1847 1772 1902 robur
1803 1863 1930 1917 per-

2041 1854 2242 1909 ιελείαν
2272 1853 2428 1922 ἰσχὺν
2459 1853 2690 1920 ἄγουσα,
2716 1853 2784 1922 τῇ
2815 1850 3085 1923 αὐξητικῇ
3116 1866 3132 1881 ⁶
3167 1852 3200 1918 ἡ
3230 1851 3287 1904 δὲ
3312 1849 3619 1920 μετάληψις

347 1926 534 1993 ducit,
594 1946 718 1985 cum
788 1935 1024 2005 augendi
1099 1935 1384 1994 facultate.
1443 1937 1932 1996 Sacramentorum

346 2022 654 2092 perceptio,
707 2040 813 2094 qua
877 2027 1142 2096 spiritalis
1208 2030 1368 2086 cibus
1440 2032 1751 2101 praebetur,
1807 2047 1935 2087 cum

346 2113 707 2169 nutrimento.

416 2205 630 2261 Rursus
662 2221 794 2260 vero
827 2207 1086 2276 quoniam
1120 2209 1324 2265 accidit
1348 2210 1527 2266 etiam
1560 2213 1930 2280 impedimen-

350 2307 467 2353 tum
495 2299 716 2367 aliquod
749 2300 800 2354 in
839 2301 944 2354 vita
974 2302 1270 2369 corporali,
1300 2281 1748 2377 quatenusiegra
1779 2308 1936 2377 quis-

347 2406 454 2460 que
515 2390 824 2446 valetudine
867 2392 1108 2458 exsistit,
1163 2397 1482 2452 necessario
1539 2398 1661 2468 ejus
1710 2400 1802 2469 qui
1855 2401 1938 2456 sic

345 2497 490 2552 aegre
543 2483 725 2546 habet,
750 2485 993 2541 exterius
1048 2485 1230 2554 petitis
1296 2487 1556 2544 remediis
1623 2493 1932 2560 reparanda

346 2591 441 2628 sctt
482 2575 713 2630 fovenda
750 2577 1005 2631 valetudo
1033 2586 1138 2632 est.
1174 2576 1227 2633 ld
1262 2593 1393 2634 vero
1422 2581 1588 2634 etiam
1618 2583 1671 2635 itt
1699 2583 1934 2650 spiritali

346 2668 455 2720 vita
490 2667 895 2724 consideratur.
947 2668 1120 2725 Homo
1152 2670 1299 2725 enim
1341 2671 1486 2741 quod
1507 2673 1722 2727 arbitrii
1755 2673 1934 2730 facul-

349 2768 460 2813 tate
503 2761 764 2828 praeditus
808 2769 916 2826 est,
949 2776 1178 2831 peccare
1238 2770 1438 2832 potest,
1469 2779 1595 2820 cum
1644 2777 1797 2822 extra
1849 2783 1938 2822 ra-

349 2850 516 2908 tionis
572 2860 766 2920 metas,
799 2867 963 2909 secus
1014 2868 1081 2910 ac
1128 2864 1223 2912 est
1256 2855 1489 2914 suadeat
1545 2859 1934 2930 mysteriorum

348 2944 549 3013 quibus
613 2946 929 3016 impartitus
972 2956 1096 3015 est,
1151 2949 1364 3020 puritas
1408 2958 1574 3021 atque
1633 2955 1936 3019 sanctitas,

350 3037 558 3105 aliquid
611 3039 806 3107 egerit.
836 3037 1119 3109 Siquidem
1181 3041 1351 3112 igitur
1405 3044 1672 3111 aegritudo
1724 3045 1840 3100 haec
1873 3061 1938 3100 ac

350 3131 629 3196 pcrversio
658 3129 710 3184 in
735 3130 919 3184 animo
949 3131 1128 3186 solum
1164 3132 1482 3202 contigerit,
1521 3149 1620 3204 per
1665 3138 1937 3203 poeniten-

2038 1945 2150 1999 τῶν
2182 1944 2560 2013 ἁγιασμάτων,
2595 1941 2664 1996 δι’
2687 1933 2750 1995 οὗ
2795 1943 2829 2012 ἠ
2877 1941 3223 2013 πνευματικὴ
3278 1939 3480 2013 τροφὴ,
3547 1943 3615 2012 τῇ

2039 2038 2305 2110 θρεπτικῇ
2329 2035 2604 2105 ἀναλογεῖ.
2626 2047 2630 2050 ‘

2108 2221 2280 2275 Πάλιν
2330 2219 2518 2291 ἐπειδὴ
2555 2217 2844 2291 συμϐαίνει
2899 2218 2996 2272 καὶ
3047 2218 3305 2290 ἐμπόδιον
3352 2225 3482 2290 περὶ
3517 2221 3620 2290 τὴν

2040 2311 2358 2383 σωματικὴν
2438 2311 2626 2382 ζωὴν,
2681 2310 2818 2366 καθὸ
2871 2310 3106 2364 ἕκαστον
3159 2310 3412 2366 ἀσθενεῖ’
3453 2312 3623 2380 ἀναγ-

2038 2403 2213 2466 καίως
2268 2386 2549 2473 είσάγεται
2593 2404 2702 2458 ἀπὸ
2754 2403 2862 2458 τῶν
2913 2403 3115 2468 ἔξωθεν
3167 2404 3202 2474 ή
3231 2402 3324 2457 τοῦ
3373 2403 3622 2467 ἀσθενῶς

2039 2496 2242 2561 ζῶντος
2277 2495 2565 2567 θεραπεία.
2595 2496 2766 2549 Τοῦτο
2795 2495 2852 2550 δὲ
2885 2496 3176 2564 θεωρεῖται
3203 2497 3298 2550 καὶ
3327 2495 3468 2549 κατὰ
3518 2495 3621 2563 τὴν

2039 2589 2424 2658 πνευματικὴν
2455 2587 2625 2658 ζωήν.
2662 2587 2725 2641 Ὀ
2767 2588 2877 2658 γὰρ
2908 2587 3220 2657 ἄνθρωπος,
3278 2587 3414 2640 διότι
3472 2586 3623 2639 ἐστὶν

2041 2677 2415 2744 αὖτεξούσιος,
2449 2679 2672 2733 δύναται
2709 2678 3072 2752 ἁμαρτάνειν,
3105 2683 3235 2737 ὅταν
3270 2679 3374 2747 ἔξω
3410 2678 3501 2734 τοῦ
3533 2679 3624 2734 λό-

2039 2785 2140 2837 γου
2181 2769 2278 2824 καὶ
2302 2769 2400 2841 τῆς
2427 2768 2754 2834 ἀκολουθίας
2808 2771 2920 2824 τῶν
2977 2769 3292 2840 ληφθέντων
3343 2770 3492 2838 αὐτῷ
3525 2786 3625 2839 μυ-

2042 2866 2282 2935 στηρίων
2309 2865 2508 2934 ἐνεργῇ
2541 2880 2618 2917 τι.
2681 2863 2742 2917 Εἰ
2778 2862 2881 2928 μὲν
2909 2857 3007 2917 οὗν
3039 2865 3097 2917 ὲν
3128 2865 3194 2932 τῇ
3225 2862 3369 2932 ψυχῇ
3406 2862 3620 2930 γίνεται

2045 2955 2203 3026 μόνον
2236 2954 2268 3023 ἡ
2309 2953 2565 3007 ἀσθένεια
2605 2952 2748 3023 αὕτη
2783 2953 2878 3006 καὶ
2909 2954 2942 3023 ἡ
2991 2953 3348 3023 παρατροπὴ,
3397 2953 3486 3004 διὰ
3525 2951 3623 3004 τοῦ

2043 3044 2350 3116 μυστηρίου
2371 3044 2472 3114 τῆς
2495 3043 2787 3114 μετανοίας
2817 3043 3217 3112 ἐπανορθοῦται
3252 3061 3267 3076 ο
3305 3045 3355 3097 εί
3396 3043 3454 3096 δὲ
3509 3043 3624 3095 ἀπὸ

2038 3137 2138 3206 τῆς
2171 3138 2228 3191 ὲν
2261 3137 2325 3208 τῇ
2355 3135 2502 3206 ψυχῇ
2539 3136 2816 3206 ἁμαρτίας
2842 3137 2935 3189 ἐπὶ
2985 3137 3048 3189 τδ
3082 3136 3242 3206 σῶμα
3281 3137 3314 3207 ἡ
3345 3133 3626 3204 ξάσθένεια

352 3225 441 3276 tiae
481 3234 885 3279 sacramentum
912 3225 1258 3281 emendatur.
1280 3225 1376 3280 Sin
1402 3237 1586 3281 autem
1617 3243 1645 3281 a
1687 3238 1930 3297 peccato,

2041 3227 2304 3280 διαϐαίνει
2323 3225 2412 3280 διὰ
2441 3226 2499 3280 τὸ
2539 3227 2816 3296 συμφέρον
2841 3226 2936 3280 τοῦ
2965 3227 3065 3299 τὴν
3101 3225 3378 3297 ἁμαρτίαν
3421 3242 3624 3278 πεποι-
3712 3243 3717 3266 ε

351 3331 462 3384 quo
496 3318 709 3372 laborat
741 3318 976 3383 animus,
1019 3319 1290 3388 aegritudo
1328 3318 1394 3372 ad
1455 3334 1660 3389 corptts
1707 3321 1933 3385 transit,

352 3411 495 3478 quod
557 3411 636 3465 sic
711 3411 785 3465 illi
846 3412 1106 3467 conducit
1166 3413 1260 3482 qui
1321 3424 1607 3481 peccatum
1659 3413 1937 3466 commisit

354 3506 521 3572 (saepe
553 3504 696 3557 enim
731 3503 1020 3572 contingit,
1048 3504 1374 3574 aegritudine
1403 3505 1658 3558 laborare
1697 3502 1934 3581 aliquem

2043 3319 2237 3387 ηκότος
2270 3319 2386 3389 (καὶ
2402 3318 2510 3387 γὰρ
2534 3319 2796 3382 πολλάκις
2824 3317 3042 3372 ἀσθενεῖ
3085 3337 3168 3382 τις
3215 3319 3285 3373 δι’
3327 3317 3626 3389 ἁμαρτίαι,

2045 3412 2131 3464 ἵνα
2157 3407 2549 3479 σωφρονισθῇ),
2603 3409 3001 3479 ἐπανορθοῦται
3044 3409 3133 3463 διὰ
3179 3411 3273 3463 τοῦ
3327 3407 3626 3478 μυστηρίου

2045 3500 2139 3554 τοῦ
2167 3499 2472 3569 εὐχελαίου,
2537 3497 2566 3551 ὃ
2600 3500 2890 3554 τελευταία
2917 3499 3136 3568 λέγεται
3168 3500 3348 3569 χρίσις
3385 3495 3519 3569 (78).

354 3606 574 3665 promer
609 3605 847 3663 peccata,
877 3606 935 3650 ut
971 3595 1300 3664 erudiatur),
1325 3595 1650 3650 emendatur
1672 3609 1768 3662 per
1797 3592 2108 3648 unctionem
2143 3590 2320 3646 sancti
2353 3589 2481 3644 olei.
2507 3603 2667 3659 quam
2695 3596 2993 3644 extremam
3050 3590 3365 3644 unctionem
3408 3594 3624 3651 vocant,

431 3688 596 3741 Datur
629 3689 788 3756 igitur
819 3691 1203 3758 peccatoribus
1240 3697 1364 3760 post
1387 3689 1818 3758 baptisma,qna:
1845 3702 1942 3756 per

360 3782 734 3852 paenitentiam
764 3790 820 3836 et
845 3782 1252 3837 cnnfessionem
1308 3790 1622 3851 prastatttr,
1651 3781 1864 3836 curatio
1889 3789 1943 3834 et

353 3873 696 3929 emendatio.
730 3873 846 3929 Non
869 3876 1030 3930 datur
1052 3885 1234 3929 autem
1267 3890 1330 3929 ea
1358 3873 1608 3938 curandi,
1645 3873 1788 3942 quod
1815 3873 1941 3942 quis

358 3966 548 4020 eodem
588 3982 782 4021 rursus
807 3967 1134 4037 baptismate
1164 3968 1435 4030 donetur,
1469 3981 1566 4034 per
1611 3966 1755 4019 hunc
1793 3965 1944 4020 scili-

358 4069 445 4109 cet
502 4058 746 4110 modum.
776 4057 913 4122 Quia
943 4057 1088 4111 enim
1123 4072 1220 4126 per
1254 4057 1524 4126 baptisma
1554 4073 1677 4110 cum
1719 4055 1942 4111 Christo

359 4148 511 4201 cruci
545 4149 895 4218 configimur,
953 4159 1013 4203 ut
1083 4153 1159 4203 ait
1221 4150 1544 4220 Apostolus,
1602 4168 1620 4202 ι
1663 4149 1944 4219 Quotquot

361 4240 616 4308 baptizati
645 4256 835 4295 sumus
870 4243 923 4295 in
955 4241 1196 4306 Christo,
1231 4243 1284 4296 itt
1329 4251 1506 4296 morte
1559 4243 1733 4310 ipsius
1760 4243 1940 4312 bapliv

359 4331 469 4384 zati
507 4331 778 4385 sumus“.
805 4351 823 4383 ι
861 4332 928 4386 Et
958 4348 1168 4399 rursus,
1207 4352 1226 4384 (
1257 4332 1577 4401 Conscpulti
1616 4333 1783 4403 igitur
1813 4347 1939 4388 cum

358 4439 429 4477 eo
478 4437 667 4476 sumus
697 4439 792 4493 per
824 4425 1154 4493 baptismum
1177 4425 1246 4478 ⁸⁷.
1280 4443 1298 4475 ι
1333 4424 1489 4478 Sicut
1537 4438 1644 4478 non
1687 4425 1943 4480 convenit

2114 3686 2327 3739 Δίδοται
2355 3683 2535 3737 τοίνυν
2570 3683 2681 3745 τοῖς
2713 3683 3092 3753 ἁμαρτάνουσι
3130 3681 3268 3750 μετὰ
3318 3681 3377 3733 τδ
3433 3680 3629 3750 βάπτι-

2047 3781 2206 3849 σμαή
2246 3777 2334 3830 διὰ
2364 3778 2462 3846 τῆς
2510 3774 2799 3845 μετανοίας
2841 3774 2937 3826 καὶ
2995 3771 3403 3842 ἑξαγορεύσεως
3457 3770 3626 3838 θερα-

2046 3873 2176 3926 πεία
2225 3871 2322 3923 καὶ
2370 3867 2762 3938 ἐπανόρθωσις.
2789 3867 2864 3920 Οὐ
2883 3865 3080 3918 δίδοται
3114 3863 3171 3917 δὲ
3217 3863 3413 3932 αὓτηή
3457 3859 3628 3931 θερα-

2047 3966 2178 4021 πεία
2199 3965 2287 4017 διὰ
2308 3963 2404 4018 τοῦ
2434 3963 2596 4016 πάλιν
2646 3961 2706 4014 τὺ
2743 3961 2876 4015 αὐτὸ
2926 3958 3211 4029 βάπτισμα
3261 3954 3626 4026 βαπτισθῆναι

2044 4057 2187 4112 κατὰ
2209 4055 2399 4110 τοῦτον
2427 4055 2520 4108 τὸν
2546 4053 2771 4124 τρόπον,
2807 4051 2961 4104 Ἐπεὶ
3007 4049 3116 4119 γὰρ
3170 4045 3626 4115 συσταυροὺμεθα

2051 4147 2129 4219 τῷ
2153 4146 2376 4219 Χριστῷ
2398 4147 2488 4200 διά
2509 4144 2603 4198 τοῦ
2636 4143 3036 4215 βαπτίσματος,
3077 4139 3155 4204 ὥς
3216 4157 3382 4210 φησιν
3407 4139 3434 4191 ὁ
3465 4138 3628 4190 Ἀπό-

2052 4241 2254 4305 στολος,
2290 4255 2311 4290 ι
2343 4239 2500 4291 Ὅσοι
2525 4235 2940 4304 ἐϐαπτίσθημεν
2991 4234 3090 4295 είς.
3114 4232 3367 4305 Χριστὸν,
3419 4231 3498 4294 εἰς
3534 4230 3630 4283 τὸν

2051 4331 2282 4384 θάνατον
2309 4328 2471 4384 αὐτοῦ
2497 4327 2930 4397 ἐϐαπτίσθημεν,
2969 4344 2988 4379 ι
3034 4325 3129 4379 καὶ
3180 4324 3361 4391 πάλιν,
3401 4341 3421 4374 ι
3465 4323 3631 4376 Συνε-

2049 4425 2304 4494 τάφημεν
2327 4415 2420 4476 οὖν
2448 4419 2597 4490 αὑτῷ
2630 4419 2718 4473 διὰ
2756 4418 2852 4472 τοῦ
2904 4418 3319 4489 βαπτίσματοςσ
3358 4433 3375 4466 ι
3436 4414 3629 4482 ὥσπερ

359 4516 639 4569 Christum
675 4518 856 4572 denuo
890 4517 1158 4586 crttrifigi,
1181 4519 1262 4573 sic
1304 4531 1477 4586 neque
1512 4527 1798 4586 peccantes
1825 4529 1935 4586 post

2049 4522 2141 4571 τὸν
2199 4514 2439 4585 Χριστὸν
2497 4512 2873 4584 ἀνασταυροῦν
2915 4511 2976 4565 οὐ
3026 4511 3313 4581 προσήκει,
3340 4507 3484 4560 οὕτω
3532 4508 3630 4559 καὶ

364 4609 699 4677 baptismum
745 4627 844 4682 par
879 4622 960 4667 cst
997 4611 1192 4664 iterum
1248 4609 1532 4680 baptizari.
1571 4609 1648 4664 Ac
1679 4610 1822 4663 sicut
1851 4610 1944 4679 qui

439 4798 484 4830 ⁸⁸³
517 4801 668 4855 llom.
708 4816 781 4858 vr.
843 4799 932 4854 54.
1015 4800 1059 4831 ⁶⁷
1110 4798 1323 4855 Coloss.
1364 4815 1424 4862 tt,
1452 4799 1539 4852 12'.

438 5009 549 5083 (78)
609 5010 678 5060 Ὃ
735 5008 1050 5062 τελευταία
1094 5008 1334 5083 Jay-stat
1400 5005 1617 5072 χρίσις.
1681 5004 1768 5058 SFc
1832 5018 1930 5083 usu

367 5080 653 5140 modertto,
682 5089 970 5130 extremam
1017 5079 1322 5132 unctionem
1365 5085 1585 5136 vocant,
1625 5090 1748 5142 qua:
1794 5079 1936 5126 anti-

364 5148 550 5214 quiori
586 5150 768 5215 potius
798 5150 976 5201 unctio
1009 5148 1368 5215 inﬁrmorum,
1395 5145 1720 5212 alitttiusque
1752 5142 1934 5215 verbis

365 5212 552 5272 Jacobi
588 5212 894 5288 ξγἋσθενεῖ
933 5235 1021 5280 τις
1067 5212 1123 5269 ἒν
1149 5219 1290 5288 ὑμῖν
1321 5232 1337 5282 ;
1373 5215 1696 5288 Inﬁrmatur
1723 5214 1840 5283 quis
1879 5212 1935 5288 in

369 5289 557 5343 vobis?
603 5287 774 5353 Quam
833 5302 1021 5341 vocem
1082 5281 1252 5356 liquet
1297 5281 1545 5354 usurpari
1597 5286 1705 5356 de__
1736 5281 1937 5351 quovis

371 5359 532 5423 paulo
583 5357 1016 5424 languidioribus
1068 5353 1297 5418 viribus,
1338 5371 1404 5408 ex
1438 5353 1779 5425 {egritudine
1829 5365 1938 5425 qua

371 5432 610 5493 laborat,
643 5423 743 5481 etsi
789 5442 895 5479 non
955 5429 1178 5480 omnino
1219 5423 1642 5495 depositus'sit,
1673 5432 1729 5476 et
1781 5423 1939 5490 cujus

375 5501 645 5568 proxima,
693 5499 804 5566 jam
854 5506 1080 5568 tumque
1136 5497 1321 5568 futura
1371 5503 1937 5568 mors_exspectatur.

375 5563 576 5636 Nempe
607 5563 946 5623 sacramenti
975 5563 1203 5621 éﬁectus
1237 5565 1436 5619 infirmi
1477 5563 1736 5618 relevatio
1761 5574 1843 5617 est
1870 5576 1939 5636 ac

371 5634 603 5700 sanitas,
655 5655 748 5706 per
781 5638 1000 5691 modum
1034 5637 1319 5690 medicina:
1358 5643 1562 5706 aegroto
1598 5634 1940 5706 praestanda,

379 5710 564 5776 illique
594 5727 622 5760 a
656 5703 765 5762 Deo
796 5707 1162 5777 impetranda,
1201 5707 1246 5760 si
1278 5705 1442 5777 modo
1469 5719 1530 5758 ex
1561 5705 1680 5772 ejus
1711 5703 1940 5777 rationi—

377 5772 490 5831 b.ts'
517 5779 607 5837 sit,
659 5794 758 5832 nec
789 5772 896 5830 alio
927 5778 1102 5830 ferant
1131 5777 1312 5830 divina
1358 5775 1576 5828 decreta
1605 5793 1618 5828 :
1657 5774 1743 5826 cui
1786 5772 1944 5825 insti-

375 5858 494 5898 tuto
523 5855 576 5898 et
622 5848 711 5900 lini
748 5862 854 5900 non
882 5849 1016 5900 satis
1048 5861 1352 5915 congruere
1383 5845 1616 5915 videtur,
1653 5845 1796 5912 quod
1827 5851 1938 5915 tum

385 5921 599 5970 demunt
629 5928 859 5986 wgrotus
889 5913 1286 5985 nugatorium
1319 5917 1404 5969 vix
1453 5913 1555 5967 nisi
1585 5916 1845 5968 miraculo
1879 5913 1944 5966 ad

2053 4608 2178 4671 τοὺς
2230 4605 2371 4676 μετὰ
2420 4605 2479 4658 τὸ
2536 4604 2818 4676 βάπτισμα
2849 4603 3196 4674 ἁμαρτόντας
3237 4601 3299 4654 οὐ
3344 4599 3427 4652 δεῖ
3465 4597 3627 4651 πάλιν

2044 5000 2278 5071 pristina
2335 5000 2519 5071 munia
2576 4999 2816 5062 reparari
2857 5004 3055 5071 potest.
3107 4994 3196 5048 Sic
3235 5000 3382 5071 certe
3429 4987 3624 5071 ςιιπῐζςῖ.

2044 5060 2228 5128 statim
2264 5083 2330 5123 ac
2362 5069 2562 5139 aliquis
2596 5060 3189 5139 migrotat._'sul.tcstqtte
3232 5060 3452 5139 aliquod
3503 5060 3627 5110 vita:

2045 5140 2361 5199 discrimen.
2400 5131 2499 5193 nec
2529 5131 2672 5192 adeo
2699 5131 3437 5208 propinquum,sacerdotes
3460 5140 3623 5208 sacro

2044 5211 2138 5264 illo
2189 5209 2297 5263 ritu
2332 5197 2722 5283 _'perunct_uro§
2779 5197 3080 5283 advocant;
3120 5217 3221 5257 nec
3270 5198 3438 5283 semel
3485 5197 3623 5283 dun:

2045 5290 2215 5338 taxat.
2249 5275 2434 5334 sed'et
2466 5278 2688 5347 saepius.
2727 5276 2918 5332 eadem
2949 5275 3114 5331 etiam
3163 5287 3263 5326 nec
3309 5275 3621 5347 intermissa

2040 5351 2388 5420 :egritudine,
2438 5340 2582 5418 quo'd
2614 5363 2643 5420 a
2677 5347 3001 5420 Latinorum
3031 5360 3095 5420 ac.
3143 5340 3616 5420 nostratiumnitstt

2043 5407 2310 5475 remotius
2360 5407 2498 5491 est':
2551 5418 2682 5487 quin
2727 5425 2781 5471 et
2816 5417 3036 5491 nostris
3071 5415 3124 5466 in
3178 5411 3420 5491 diversis.
3464 5407 3622 5491 libris

2043 5491 2337 5545 ritualibus
2357 5489 2477 5560 ejus
2501 5483 2829 5560 sacramenti
2865 5486 3002 5540 ritus
3025 5483 3282 5560 nonnihil
3310 5483 3494 5560 varius
3517 5485 3620 5560 est.

2042 5561 2319 5616 Probandi
2382 5548 2639 5621 maxime,
2699 5557 2794 5625 qui
2855 5563 3060 5624 aegroto
3123 5552 3347 5622 gravius
3406 5548 3624 5625 allecto,

2043 5646 2276 5700 eamque
2304 5630 2382 5700 ob
2399 5643 2512 5682 rem
2546 5617 2889 5700 Eucltaristi_a
2907 5617 2982 5679 ad
3001 5617 3269 5700 viaticum
3300 5617 3623 5700 muniendo,

2049 5686 2202 5772 prius
2235 5699 2556 5772 unctionem
2592 5697 2953 5772 adhibendam
2994 5695 3228 5772 jubent'2
3272 5689 3498 5772 qtaesit
3528 5686 3628 5772 ali:

2049 5763 2175 5841 quid
2218 5769 2552 5841 paenitentia:
2596 5779 2660 5820 ac
2704 5765 2822 5841 ejus
2855 5768 2999 5819 velut
3037 5763 3536 5841 _t_:ornplentcntttm,
3569 5766 3626 5841 et

2052 5831 2116 5894 ad
2167 5831 2590 5902 Et'tcharistiam,
2625 5831 2846 5903 perinde
2876 5851 2939 5890 ac
2974 5831 3191 5905 reliqua
3227 5831 3408 5886 omnia
3439 5839 3626 5880 sacra-

2053 5920 2254 5974 menta,
2286 5919 2342 5961 ttt
2369 5910 2424 5961 in
2458 5908 2618 5960 linem
2649 5905 2951 5960 ordinetur.
