4088 6462
359 442 465 512 607

1607 431 2005 495 M’iNUELIS
2041 431 2372 499 CALECIE.

3533 433 3642 500 608

361 557 550 615 sa‘culi
614 555 783 612 variis
838 557 989 612 curis
1053 554 1401 617 distrahitur,
1461 569 1598 622 quas
1649 553 1945 628 dicebam,

2063 553 2371 621 μετανοίας,
2403 551 2480 616 ὡς
2525 552 2777 621 εἴπομεν,
2829 550 2909 604 δεῖ
2947 547 3274 622 θεραπεύειν
3302 567 3316 585 ο
3351 549 3474 604 ἐπεὶ
3528 552 3582 606 δὲ
3613 556 3642 606 ὁ

361 650 737 722 aegritudines,
769 648 824 703 in
856 648 1040 719 seipso
1090 647 1327 718 perfecte
1360 663 1469 702 non
1511 655 1710 712 sanat,
1747 643 1946 701 Sacra-

365 754 609 796 mentum
643 742 748 796 hoc
788 739 856 794 ad
909 739 1146 794 salutem
1195 739 1404 794 homini
1445 737 1635 794 datum
1668 745 1786 802 est;
1841 749 1951 804 quo

364 832 624 887 nimirum
667 831 783 901 ejus
815 829 1174 901 susceptione
1205 829 1260 884 id
1301 830 1528 901 impleat
1551 867 1567 892 ,
1595 828 1744 900 quod
1778 827 1846 883 ad
1883 826 1952 881 il-

363 923 471 979 lius
503 923 806 978 curationis
833 961 850 988 ,
898 937 1065 992 quam
1111 930 1334 993 praestat
1386 923 1732 992 paenitentia,
1773 922 1954 992 perle-

363 1014 600 1067 etionem
637 1012 1075 1079 desiderabatur,
1110 1014 1342 1084 ejusque
1383 1011 1758 1070 damnationis
1799 1021 1954 1070 reatu

363 1105 648 1168 liberetur,
683 1104 772 1158 cui
806 1104 1012 1160 idcirco
1050 1103 1327 1159 obnoxius
1366 1110 1448 1158 est
1470 1142 1487 1168 ,
1519 1104 1647 1174 quia
1679 1106 1956 1175 pmniten-

367 1197 454 1251 tiae
481 1211 750 1250 canunem
795 1211 906 1251 non
939 1195 1186 1266 peregit;
1226 1203 1285 1249 ut
1332 1195 1546 1250 scilicet
1595 1196 1735 1250 nihil
1786 1197 1841 1252 in
1887 1212 1956 1254 eo

365 1290 644 1344 residuum
671 1289 764 1352 sit,
786 1303 894 1358 quo
919 1288 1141 1342 animus
1163 1288 1435 1342 excedens
1461 1286 1699 1344 futuram
1725 1289 1954 1361 gloriam

366 1383 628 1451 consequi
663 1380 1017 1450 impediatur.

443 1563 711 1615 Praeterea
739 1560 1007 1630 contingit
1026 1576 1126 1616 nec
1153 1561 1488 1628 meminisse,
1513 1578 1612 1618 nec
1643 1579 1770 1619 vero
1799 1579 1960 1620 nosse

369 1667 493 1720 qua.
509 1651 634 1720 quis
667 1650 1150 1705 commisitomnia
1190 1661 1435 1721 peccata,
1467 1662 1517 1705 ul
1553 1669 1649 1722 per
1681 1653 1955 1724 paeniten-

372 1743 502 1796 tiam
539 1741 629 1796 illa
666 1741 851 1796 delere
886 1741 1081 1811 possit.
1125 1741 1267 1808 Quin
1299 1753 1353 1797 et
1380 1742 1699 1812 quotidiana
1737 1753 1959 1814 peccata

374 1843 526 1896 sunt,
547 1833 667 1888 sine
696 1833 896 1903 quibus
912 1833 1030 1888 ﬁeri
1061 1851 1168 1888 non
1202 1844 1380 1904 potest
1413 1843 1470 1889 ut
1495 1835 1603 1890 vita
1638 1837 1756 1892 hate
1787 1848 1960 1893 trans-

375 1921 556 1991 igatur
591 1938 604 1974 :
651 1921 850 1992 quibus
889 1921 1147 1977 omnibus
1183 1923 1490 1977 necessario
1513 1939 1610 1992 per
1636 1923 1742 1980 hoc
1774 1939 1958 1979 sacra-

373 2023 611 2067 mentum
643 2013 996 2068 emundatur.
1022 2013 1176 2069 Unde
1202 2024 1256 2068 et
1285 2015 1433 2069 addit
1465 2034 1478 2070 :
1513 2035 1531 2068 ι
1572 2019 1636 2072 Ει
1670 2019 1715 2072 si
1753 2019 1805 2072 in
1834 2033 1959 2087 pec-

371 2107 514 2160 catis
561 2105 759 2170 fuerit,
813 2105 1160 2160 dimittentur
1203 2106 1276 2161 ei.
1314 2125 1332 2159 ι
1371 2106 1526 2163 Unde
1561 2108 1733 2179 liquet
1767 2124 1958 2165 sacra-

373 2205 617 2250 mentum
653 2196 760 2252 hoe
790 2206 1095 2252 extremum
1128 2213 1272 2265 esse,
1305 2200 1450 2254 velut
1493 2201 1700 2257 scilicet
1738 2203 1961 2272 spirita-

374 2290 438 2344 lis
469 2291 652 2346 omnis
700 2293 1010 2348 sanationis
1061 2293 1437 2364 signaculum;
1475 2310 1710 2367 esseque
1744 2297 1831 2352 his
1864 2299 1956 2368 qui

371 2386 564 2439 morbo
594 2386 840 2440 laborant
866 2387 1271 2454 adhibendum;
1307 2403 1371 2443 ac
1401 2391 1677 2460 praecipue
1705 2390 1833 2454 illis,
1863 2391 1958 2460 qui

369 2492 494 2530 eum
521 2519 536 2543 ,
578 2477 736 2546 cujus
772 2478 848 2538 rei
886 2487 1042 2532 erant
1069 2519 1084 2541 ,
1119 2493 1385 2533 canonem
1424 2486 1534 2535 nou”
1578 2479 1957 2548 erpleverunt.

372 2567 616 2638 Esseqne
659 2569 794 2624 adeo
831 2569 1030 2624 iterum
1063 2569 1170 2625 illis
1204 2570 1602 2636 adhibendum,
1637 2571 1683 2626 si
1716 2570 1771 2624 in
1803 2586 1956 2625 eam-

371 2659 493 2714 dem
529 2655 908 2715 necessitatem
943 2661 1286 2718 devenerint.
1321 2661 1468 2716 Nihil
1497 2664 1643 2718 enim
1677 2671 1847 2728 vetat,
1887 2668 1960 2720 ob

376 2757 584 2804 natura:
613 2749 986 2804 inﬁrmitatem
1010 2791 1025 2811 .
1055 2750 1188 2818 quin
1227 2750 1390 2806 homo
1423 2752 1478 2806 in
1524 2751 1713 2807 eadem
1764 2753 1961 2808 delicta

375 2843 686 2907 relabatur;
740 2852 798 2897 ut
848 2851 901 2898 et
953 2842 1154 2912 saepius
1185 2842 1377 2898 eodem
1425 2844 1731 2900 curationis
1761 2859 1964 2916 genere

374 2933 613 3004 indigeat
652 2950 664 2986 ι
706 2934 780 2988 uti
821 2934 985 2988 etiam
1024 2934 1293 3005 contingit
1325 2935 1379 2989 in
1408 2934 1516 2988 vita
1547 2937 1817 3005 corporali
1847 2977 1864 3003 ,
1898 2938 1956 2993 in

371 3041 480 3095 qua
513 3025 713 3080 eaedem
752 3026 1006 3081 accidunt
1035 3027 1407 3098 aegritudines,
1438 3027 1740 3100 eademque
1769 3046 1964 3088 rursus

370 3119 480 3174 illis
509 3120 766 3176 curandis
796 3119 1107 3175 adhibenda
1137 3119 1378 3175 remedia
1411 3128 1559 3175 sunt.

446 3385 689 3451 Rursus,
724 3387 852 3458 quia
898 3389 1201 3459 corporalis
1242 3388 1370 3445 vitae
1414 3399 1690 3461 auctores,
1731 3395 1966 3468 ejusque

372 3479 721 3533 ordiuatores
764 3493 860 3534 seu
900 3489 1162 3546 rectores,
1215 3480 1434 3537 duobus
1485 3485 1666 3539 modis
1711 3488 1966 3542 conside-

374 3578 595 3638 rantur;
631 3571 712 3624 vel
751 3572 959 3627 scilicet
1008 3572 1313 3628 secundum
1368 3584 1581 3632 natura:
1635 3576 1963 3635 facundita-

374 3673 506 3725 tem,
541 3663 686 3732 quod
719 3673 932 3733 spectat
961 3665 1026 3719 ad
1072 3674 1368 3734 parentes;
1401 3679 1494 3722 aut
1529 3671 1832 3724 secundum
1869 3687 1966 3741 po.

371 3756 580 3810 liticum
616 3757 859 3827 regimen
894 3774 960 3812 ac
990 3759 1358 3830 principatum
1384 3800 1401 3827 ,
1443 3762 1508 3817 ad
1541 3765 1664 3818 vita:
1697 3766 1966 3834 tranquil-

372 3848 574 3904 litatem
607 3865 906 3920 pacemque
937 3853 1394 3918 conservandam,
1425 3855 1573 3923 quod
1609 3871 1802 3927 regum
1841 3873 1962 3912 mu-

371 3943 519 3996 neris
562 3953 646 3997 est
675 3957 739 3996 ac
775 3943 1194 4014 magistratuum
1230 3961 1244 3998 :
1280 3944 1362 4000 sie
1393 3961 1614 4017 quoque
1649 3949 1704 4004 in
1734 3950 1964 4018 spiritali

370 4034 504 4096 vita,
543 4045 671 4088 sunt
724 4034 817 4104 qui
871 4036 1294 4090 subministrent
1319 4036 1406 4106 {ac
1446 4040 1765 4095 custodiant
1806 4043 1972 4110 spiri-

371 4126 534 4180 talem
567 4125 734 4180 vitam
764 4145 777 4194 ;
829 4127 990 4196 idque
1031 4128 1106 4182 illi
1157 4129 1390 4198 spiritali
1420 4131 1689 4186 duntaxat
1723 4134 1970 4190 ministe-

374 4219 456 4274 rio
481 4227 766 4289 prmstanl,
799 4221 944 4291 quod
974 4230 1182 4290 spectat
1207 4221 1272 4275 ad
1297 4222 1507 4277 ordinis
1536 4234 1966 4291 sacramentum;

351 4319 610 4380 suntque
641 4311 776 4365 adeo
799 4310 891 4379 qui
920 4320 976 4366 et
1008 4312 1310 4379 spiritalem
1344 4311 1509 4366 simul
1539 4321 1594 4368 et
1617 4315 1965 4384 corporalem

374 4400 540 4454 vitam
587 4400 915 4466 conferant,
966 4404 1106 4472 quod
1144 4403 1236 4457 illo
1273 4413 1620 4458 sacramento
1653 4415 1967 4474 praestatur,

373 4507 485 4562 quo
521 4493 602 4545 vir
634 4509 878 4563 uxorque
924 4498 1256 4550 conveniunt
1307 4505 1368 4551 ut
1417 4497 1620 4565 prolem
1679 4497 1910 4566 gignant
1942 4539 1958 4563 ,

2053 641 2343 714 ἄνθρωπος
2373 644 2406 714 ἦ
2445 643 2534 697 διὰ
2572 641 2849 715 ρᾳθυμίαν
2881 643 2914 712 ἢ
2945 641 3035 696 διὰ
3068 642 3195 706 τοὺς
3236 642 3517 706 ποικίλους
3545 642 3640 695 τοῦ

2056 729 2175 798 βίου
2199 731 2622 800 περισπασμοὺς
2646 731 2708 784 ού
2737 730 2960 794 τελείως
2981 729 3282 801 θεραπεύει
3309 731 3409 794 τὰς
3453 749 3644 798 προει-

2058 821 2301 891 ρημένας
2333 825 2394 876 ὲν
2443 822 2595 894 αὐτῷ
2620 823 2962 895 ἀρρωστίας,
2997 824 3091 876 ἐπὶ
3143 824 3391 896 σωτηρίᾳ
3435 822 3498 876 τὸ
3535 841 3641 892 μυ-

2057 912 2282 983 στήριον
2311 913 2472 968 τοῦτο
2502 914 2582 984 τῷ
2612 914 2887 986 ἀνθρώπῳ
2932 915 3163 978 δέδοται,
3204 914 3346 969 ὥστε
3394 914 3644 985 ἀναπλη-

2059 1004 2290 1076 ροῦσθαι
2317 1005 2405 1061 διὰ
2433 1006 2628 1062 τούτου
2655 1007 2719 1060 τὸ
2738 1007 2936 1071 ἀτελὲς
2958 1007 3059 1075 τῆς
3080 1006 3383 1076 θεραπείας
3401 1008 3641 1076 ἐκείνης,

2055 1097 2091 1170 ἡ
2151 1097 2242 1153 διὰ
2289 1100 2581 1168 μετανοίας
2636 1099 2868 1168 ἐγίνετο,
2923 1099 3020 1153 καὶ
3077 1097 3502 1168 ὲλευθεροῦσθαι
3542 1100 3645 1166 τῆς

2057 1188 2360 1261 καταδίκης
2394 1191 2492 1260 τῆς
2519 1189 2884 1260 ὀφειλομένης
2908 1189 3081 1259 αὐτῷ,
3111 1189 3192 1242 ὅτι
3217 1188 3320 1242 ούκ
3353 1188 3640 1240 ἐτελείωσε

2056 1279 2151 1332 τὸν
2179 1279 2279 1350 τῆς
2311 1281 2604 1348 μετανοίας
2633 1279 2857 1336 κανόνα·
2904 1280 2996 1334 ἵνα
3030 1278 3199 1350 μηδὲν
3232 1280 3291 1332 ὲν
3323 1278 3474 1347 αὐτῷ
3505 1279 3644 1332 ἀπο-

2057 1370 2249 1444 λειφθῇ
2294 1371 2597 1443 δυνάμενον
2633 1375 2694 1426 ὲν
2713 1375 2782 1444 τῇ
2810 1372 2977 1441 ἐξόδῳ
3004 1371 3108 1441 τῆς
3137 1370 3321 1441 ψυχῆς
3351 1369 3645 1441 ὶμποδίσαι

2057 1463 2266 1535 ταύτην
2291 1464 2386 1518 τοῦ
2413 1466 2599 1536 τυχεῖν
2625 1464 2728 1534 τῆς
2761 1463 3070 1534 μελλούσης
3103 1453 3286 1534 δόξης.

2131 1557 2207 1610 Ού
2261 1556 2368 1627 μὴν
2415 1556 2552 1610 ἀλλὰ
2600 1558 2695 1610 καὶ
2734 1557 3028 1626 συμϐαίνει
3090 1557 3233 1627 μήτε
3279 1556 3649 1628 μνημονεύειν

2063 1651 2200 1720 μήτε
2226 1649 2723 1732 γινώσκειηπάντα
2750 1650 2854 1704 ὅσα
2879 1648 3088 1719 ἔπραξᾶ
3119 1667 3207 1714 τις
3239 1650 3644 1718 ἁμαρτήματα,

2063 1741 2204 1796 ὥστε
2247 1741 2507 1796 δύνασθαι
2542 1741 2633 1794 διὰ
2673 1741 2966 1810 μετανοίας
3015 1740 3192 1794 ταῦτα
3241 1740 3647 1808 ἐξαλείφεσθαι.

2066 1834 2188 1886 Εἰσὶ
2225 1833 2283 1887 δὲ
2315 1833 2408 1886 καί
2440 1850 2564 1887 τινα
2615 1833 2966 1902 καθημερινὰ
3001 1832 3406 1902 ἁμαρτήματα,
3440 1825 3515 1885 ὧν
3545 1851 3652 1900 χω-

2066 1923 2148 1994 ρὶς
2176 1922 2277 1977 οὐκ
2328 1922 2449 1976 ἔστι
2485 1922 2581 1974 τὸν
2611 1922 2727 1993 βίον
2755 1921 2950 1976 τοῦτον
2981 1921 3234 1975 διελθεῖν·
3265 1915 3342 1974 ὧν
3364 1915 3585 1975 πάντων
3624 1923 3653 1974 ὁ

2060 2013 2350 2084 ἄνθρωπος
2401 2013 2720 2081 ἀναγκαίως
2773 2013 3102 2090 καθαίρεται
3152 2011 3242 2066 διὰ
3301 2013 3496 2066 τούτου
3555 2011 3651 2066 τοῦ

2065 2107 2396 2179 μυστηρίου.
2435 2106 2525 2158 Διὸ
2565 2106 2660 2160 καὶ
2690 2104 3046 2177 προστίθησι,
3099 2122 3119 2157 ι
3153 2104 3273 2160 Κᾶν
3303 2105 3583 2174 ἁμαρτίας

2061 2196 2401 2266 πεποιηκὼς,
2457 2196 2794 2268 ἀφεθήσεται
2851 2194 3027 2266 αὐτῷ.
3059 2213 3080 2248 ι
3139 2195 3306 2250 Ὅθεν
3361 2196 3519 2266 δῆλον
3569 2197 3650 2251 ὅτι

2060 2289 2368 2343 τελευταῖόν
2401 2291 2518 2343 ἐστι
2546 2289 2607 2342 τὸ
2635 2290 2938 2360 μυστήριον
2966 2287 3143 2354 τοῦτο,
3161 2287 3351 2358 ὥσπερ
3379 2290 3651 2359 ὲπισφρά-

2062 2395 2238 2450 γισμα
2285 2379 2466 2450 πάσης
2505 2379 2605 2448 τῆς
2662 2379 3049 2450 πνευματικῆς
3103 2379 3382 2448 ίατρείας·
3444 2380 3538 2432 καὶ
3565 2381 3649 2433 ὅτι

2061 2474 2174 2536 τοῖς
2206 2472 2496 2526 ἀσθενοῦσι
2529 2474 2831 2544 προσάγειν
2875 2472 2975 2526 δεῖ·
3014 2476 3110 2526 καὶ
3160 2473 3363 2542 μᾶλλον
3395 2473 3649 2540 ἐκείνοις,

2063 2561 2114 2616 οἳ
2164 2562 2230 2616 δι’
2266 2563 2558 2617 ἀσθένειαν
2588 2562 2691 2616 οὐκ
2719 2560 3113 2632 ἐξεπλήρωσαν
3158 2562 3248 2614 τὸν
3298 2563 3655 2631 ὀφειλόμενον

2064 2653 2245 2719 αὐτοῖς
2284 2655 2486 2728 κανόνα
2511 2670 2527 2686 ⁸
2565 2655 2659 2708 καὶ
2683 2654 2767 2708 ὅτι
2795 2655 2910 2715 τοῖς
2940 2653 3124 2716 αὐτοῖς
3153 2655 3318 2708 πάλιν
3333 2657 3415 2709 δεῖ
3443 2658 3656 2726 προσάο

2065 2764 2208 2817 γειν,
2243 2749 2292 2803 εί
2321 2748 2460 2818 πρὸς
2493 2749 2594 2820 τὴν
2633 2746 2832 2820 ὁμοίαν
2863 2746 3071 2802 ἔλθοιεν
3107 2749 3379 2819 ἀνάγκην.
3419 2749 3656 2804 Δύναται

2065 2840 2177 2911 γὰρ
2239 2842 2266 2894 ὁ
2318 2841 2614 2911 ἄνθρωπος
2668 2841 2786 2905 τοῖς
2843 2843 3032 2904 αὐτοῖς
3096 2839 3258 2894 πάλιν
3337 2842 3656 2914 ἁτοπήμασι
3737 2878 3739 2880 -

2066 2933 2429 3006 περιπίπτειν
2475 2934 2566 2986 διὰ
2599 2933 2699 3004 τὴν
2731 2932 2833 3004 τῆς
2882 2931 3102 3001 φύσεως
3157 2933 3444 2989 ἀσθένειαν
3466 2951 3479 2964 ·
3513 2934 3656 2989 ὥστε

2068 3026 2164 3081 καὶ
2195 3025 2457 3088 πολλάκις
2496 3024 2575 3094 τῷ
2605 3021 2758 3094 αὐτῷ
2803 3021 2995 3094 τρόπῳ
3035 3024 3135 3092 τῆς
3191 3023 3485 3094 θεραπείας
3517 3025 3656 3095 χρῆ-

2068 3119 2214 3171 σθαι·
2249 3117 2503 3188 καθάπερ
2562 3116 2658 3168 καὶ
2712 3116 2771 3168 ὲν
2803 3116 2868 3184 τῇ
2913 3117 3205 3185 σωματικῇ
3257 3114 3370 3185 ζωῇ
3411 3115 3480 3169 τὰ
3513 3116 3658 3170 αὐτὰ

1993 3215 2037 3273 c
2067 3209 2479 3280 ἀρῤωττήματα
2535 3205 2846 3277 συμϐαίνει,
2899 3207 2996 3261 καὶ
3045 3205 3210 3261 πάλιν
3260 3208 3375 3271 τοῖς
3439 3209 3650 3279 ὁμοίοις

2067 3303 2468 3374 θεραπεύονται
2499 3302 2844 3371 φαρμάκοις.

2142 3402 2311 3455 Πάλιν
2337 3401 2464 3454 ἐπεὶ
2501 3399 2552 3452 al
2585 3399 2818 3470 χορηγοῖ⁷
2848 3400 2945 3453 καὶ
2973 3404 3226 3454 τακτικοὶ
3264 3401 3365 3472 τῆς
3412 3396 3657 3472 σωματι-

2071 3495 2172 3564 κῆς
2201 3493 2349 3562 ζωῆς
2369 3493 2535 3563 διχῶς
2562 3491 2924 3563 θεωροῦνται·
2952 3493 3258 3559 τουτέστιν,
3299 3494 3331 3564 ἢ
3379 3496 3521 3548 κατὰ
3558 3495 3656 3564 τὴν

2068 3587 2165 3656 τῆς
2199 3586 2417 3655 φύσεως
2451 3586 2815 3656 γονιμότητα,
2871 3586 3010 3657 ὅπερ
3066 3586 3185 3639 ἐστὶ
3215 3587 3326 3639 τῶν
3351 3588 3579 3655 γονέων,
3621 3590 3653 3657 ἢ

2069 3679 2213 3732 κατὰ
2251 3679 2352 3747 τὴν
2384 3677 2674 3748 πολιτικὴν
2705 3678 2906 3748 ἀρχὴν,
2962 3678 3031 3732 δι’
3065 3673 3128 3750 ἦς
3161 3679 3222 3732 τὸ
3251 3681 3528 3750 εἰρηνικὸν
3557 3682 3656 3751 τῆς

2071 3772 2220 3840 ζωῆς
2256 3775 2631 3844 συντηρεῖται,
2662 3772 2800 3844 ὅπερ
2850 3773 2964 3836 τοῖς
3003 3771 3284 3842 βασιλεῦσι
3319 3772 3414 3826 καὶ
3445 3773 3650 3842 ἄρχου-

2072 3883 2156 3918 σιν
2189 3864 2405 3936 ἀνήκειο
2439 3862 2584 3918 οὕτω
2620 3863 2716 3918 καὶ
2757 3864 2816 3916 ὲν
2851 3867 2916 3935 τῇ
2953 3867 3306 3935 πνευματικῇ
3359 3862 3496 3934 ζωῇ,
3547 3867 3656 3920 εἰσὶ

2075 3957 2175 4026 μὲν
2203 3955 2439 4026 χορηγοὶ
2467 3957 2562 4011 καὶ
2589 3955 2914 4026 φυλακτικοὶ
2946 3954 3048 4023 τῆς
3080 3957 3460 4024 πνευματικῆς
3511 3952 3654 4023 ζωῆς

2073 4045 2216 4100 κατὰ
2263 4046 2362 4117 τὴν
2397 4047 2780 4118 πνευματικὴν
2809 4045 3090 4100 διακονίαν
3143 4047 3326 4116 μόνον,
3356 4046 3492 4116 ὅπερ
3538 4046 3652 4096 ἐστὶ

2071 4134 2165 4189 τοῦ
2203 4138 2510 4207 μυστηρίου
2550 4137 2662 4190 τῶν
2707 4135 2952 4204 τάξεων·
2997 4137 3094 4190 καὶ
3151 4135 3442 4206 θεωρεῖται
3497 4135 3654 4188 τοῦτ(

2073 4229 2132 4281 ὲν
2170 4229 2282 4294 τοῖς
2312 4228 2632 4300 ἀρχιερεῦσι
2664 4228 2760 4282 καὶ
2814 4231 2928 4292 τοῖς
2982 4227 3164 4291 ἄλλοις
3192 4229 3504 4297 οἰκονόμοις
3556 4229 3653 4298 τῆς

2074 4322 2457 4391 πνευματικῆς
2488 4321 2789 4381 πολιτείας·
2817 4321 2925 4374 είσὶ
2952 4321 3011 4374 δὲ
3057 4320 3152 4374 καὶ
3185 4322 3327 4374 κατὰ
3359 4323 3456 4392 τὴν
3485 4339 3652 4374 πνευε

2075 4411 2316 4483 ματικὴν
2343 4413 2492 4483 ζωὴν
2543 4412 2685 4483 ὁμοῦ
2721 4413 2818 4467 καὶ
2868 4413 3208 4484 σωματικήν’
3242 4413 3271 4467 ὃ
3323 4416 3535 4483 γίνεται
3568 4415 3653 4467 διὸ

2072 4505 2168 4560 τοῦ
2204 4504 2534 4576 μυστηρίου,
2591 4504 2718 4560 καθ’
2763 4505 2793 4558 ὃ
2843 4507 3203 4577 συνέρχονται
3232 4506 3262 4559 δ
3311 4506 3451 4576 ἀνὴρ
3497 4508 3592 4559 καὶ
3621 4506 3653 4562 ἡ

376 4561 737 4653 religiosaque
768 4561 960 4652 pietate
989 4601 1052 4640 ac
1086 4587 1178 4640 Dei
1207 4586 1353 4640 cultu
1397 4561 1704 4640 enutriant:
1736 4561 1956 4658 Alioqui

2071 4561 2231 4667 γυνη,
2256 4561 2408 4650 ὥστε
2433 4561 2694 4667 γεννῆσαι
2720 4595 2915 4650 τέκνον
2943 4561 3049 4649 καῖ
3087 4561 3524 4666 ἀναθρέψαιηείς
3557 4595 3646 4666 τὴι

373 4675 517 4728 etaim
558 4677 745 4742 nequit
782 4676 894 4730 ﬁeri
939 4686 996 4730 ut
1045 4677 1347 4731 humanum
1381 4691 1578 4746 genus,
1613 4677 1743 4732 dum
1778 4693 1963 4734 rerum

376 4766 490 4821 hzcc
525 4769 860 4823 universitas
887 4768 952 4823 ad
991 4779 1302 4824 extremum
1361 4768 1706 4838 immutetur,
1747 4787 1964 4844 perma-

376 4872 519 4915 neat.
560 4861 714 4928 Quod
749 4863 875 4917 item
923 4865 1122 4933 nuptiae
1152 4863 1284 4916 nihil
1319 4865 1674 4933 turpitudinis
1705 4869 1960 4938 habeant;

373 4971 684 5025 quanquam
706 4956 850 5009 enim
875 4956 1158 5025 virginitas
1185 4954 1421 5009 nobilior
1443 4966 1546 5019 est,
1575 4958 1712 5013 haud
1735 4963 1965 5030 proinde

370 5047 736 5101 exsecrabiles
783 5047 985 5116 nuptiae
1025 5045 1270 5114 nihilque
1313 5045 1669 5102 honorabiles
1701 5051 1770 5105 °°.
1805 5050 1963 5108 Unde

369 5145 426 5192 et
455 5137 710 5211 Christus
751 5154 848 5193 sua
872 5153 965 5192 eas
988 5137 1275 5206 prmsentia
1309 5137 1602 5193 honoravit
1638 5142 1689 5193 in
1713 5143 1862 5199 Cana
1890 5146 1956 5200 ⁷⁸.

373 5231 450 5284 Ex
483 5230 694 5284 ratione
737 5239 914 5283 tamen
941 5243 1064 5283 cum
1091 5227 1212 5282 aliis
1243 5228 1500 5282 utendum
1531 5245 1958 5304 sacramentum,

373 5333 487 5382 tum
526 5326 652 5380 isto.
684 5326 738 5379 Si
771 5326 920 5379 enim
960 5323 1042 5377 vel
1071 5323 1124 5376 in
1165 5323 1269 5377 hoc
1300 5324 1383 5378 vel
1420 5323 1473 5377 in
1507 5326 1774 5394 reliquis.
1811 5332 1956 5401 quod

371 5419 441 5471 sit
470 5432 534 5471 ex
571 5417 781 5472 ratione
813 5415 1030 5468 deﬁciat
1057 5455 1072 5481 ,
1109 5414 1308 5468 nedum
1345 5415 1544 5469 nullam
1583 5416 1817 5476 all‘erunt
1850 5424 1956 5478 uti-

373 5506 604 5571 litatem,
638 5523 824 5562 verum
857 5508 1024 5562 etiam
1070 5509 1251 5561 alieno
1295 5523 1323 5563 a
1375 5508 1587 5564 ratione
1641 5528 1742 5569 usu
1787 5516 1956 5586 pluri—

371 5617 518 5655 mum
555 5602 714 5657 nobis
744 5603 1004 5656 damnum
1049 5612 1260 5658 creant.

444 5695 518 5749 De
551 5695 656 5748 illis
692 5695 875 5764 itaque
909 5698 1295 5763 sacramentis,
1329 5716 1448 5770 qua:
1478 5701 1634 5758 nobis
1668 5701 1791 5758 data
1828 5713 1956 5760 sunt

453 5873 499 5901 ω
543 5870 704 5926 llebr.
766 5891 886 5952 ιιιιι,
929 5877 981 5934 ί.
1059 5882 1103 5913 το
1149 5879 1307 5939 Joan.
1348 5901 1408 5946 ιι,
1446 5888 1498 5943 l.

2069 4687 2162 4741 τοῦ
2187 4687 2324 4742 Θεοῦ
2347 4689 2626 4758 λατρείαν.
2663 4687 2873 4747 ’Ἄλλως
2922 4689 3029 4756 γὰρ
3063 4687 3164 4740 οὐκ
3218 4687 3335 4742 ἔστι
3373 4687 3652 4756 διαμένειν

2067 4781 2128 4833 τὸ
2157 4780 2501 4852 ἀνθρώπινον
2534 4782 2693 4848 γένος
2739 4782 2904 4851 μέχρι
2948 4781 3048 4847 τῆς
3079 4779 3174 4833 τοῦ
3211 4781 3416 4844 παντὸς
3463 4781 3557 4833 ἐπὶ
3593 4781 3651 4833 τὸ

2068 4872 2296 4942 ἔσχατον
2318 4872 2678 4937 ἀλλοιώσεως·
2703 4874 2797 4927 καὶ
2818 4875 2902 4927 ὅτι
2921 4873 3097 4941 γάμος
3119 4871 3220 4925 οὐκ
3240 4871 3388 4924 ἔστιν
3405 4871 3649 4941 αἰσχρὸν·

2066 4963 2128 5015 οὐ
2160 4963 2270 5032 γὰρ
2319 4965 2368 5015 εί
2424 4965 2458 5035 ἡ
2488 4962 2761 5034 παρθενία
2813 4960 3170 5035 τιμιώτερον,
3225 4960 3516 5030 βδελυκτδν
3557 4961 3647 5010 καὶ

2066 5029 2267 5124 ἄτιμον
2300 5055 2360 5109 τὸ
2392 5029 2487 5109 τοῦ
2511 5029 2718 5126 γάμου.
2745 5054 2837 5107 Διὸ
2872 5029 2968 5106 καὶ
3007 5029 3312 5124 δῗΧριστὸς
3342 5051 3505 5104 αὑτὸν
3540 5051 3647 5104 ὲτί-

2069 5163 2241 5217 μησεν
2297 5149 2355 5202 ὲν
2388 5147 2546 5217 Κανᾷ
2591 5149 2658 5216 τῇ
2707 5145 2909 5199 ἑαυτοῦ
2952 5144 3251 5215 παρουσίᾳ.
3315 5144 3462 5213 Πλὴν
3507 5143 3647 5195 κατὰ

2064 5239 2226 5308 λόγον
2253 5239 2336 5293 δεῖ
2365 5239 2460 5293 καὶ
2487 5241 2603 5301 τοῖς
2633 5237 2815 5300 ἄλλοις
2842 5238 2936 5291 καὶ
2967 5237 3143 5305 τούτῳ
3170 5235 3430 5307 χρῆσθαι.
3457 5237 3517 5288 El
3543 5235 3646 5304 γὰρ

2061 5332 2124 5384 τὸ
2165 5331 2310 5384 κατὰ
2339 5332 2497 5400 λόγον
2526 5330 2724 5384 ἄπεστι
2761 5327 2858 5383 καὶ
2889 5330 2982 5382 ἐπὶ
3030 5331 3226 5382 τούτου
3260 5328 3357 5382 καὶ
3400 5327 3493 5379 ἐπὶ
3543 5326 3645 5378 τῶν

2069 5422 2246 5476 ἄλλων
2277 5422 2617 5494 μυστηρίων,
2649 5421 2710 5473 οὐ
2739 5420 2903 5490 μόνον
2927 5421 3080 5475 οὐδὲν
3104 5418 3488 5490 ὠφελούμεθα,
3513 5418 3644 5474 ἀλλὰ

2067 5516 2164 5571 καὶ
2198 5515 2552 5586 βλαπτόμεθα
2578 5513 2710 5580 παρ’
2739 5513 2920 5566 αὐτῶν
2945 5511 3034 5565 διὰ
3061 5511 3164 5582 τὴν
3211 5511 3408 5579 ἄλογον
3450 5511 3644 5581 χρῆσιν

2067 5612 2249 5686 ἡμῶν.

2139 5704 2275 5774 Περὶ
2303 5703 2403 5769 μὲν
2434 5696 2528 5756 οῦν
2544 5700 2650 5756 τῶν
2684 5695 3132 5771 παραδεδομένων
3159 5699 3291 5768 ἡμῖν
3325 5703 3639 5768 μυστηρίων
