4088 6426
390 334 492 395 ((’9

1420 338 1517 398 DE
1560 336 1982 397 PRINCIPIIS
2021 336 2232 397 FIDEI
2274 338 2736 402 CATHOLICE.

3562 347 3668 410 6'0

393 451 470 510 ei;
528 448 894 518 ἀναγέννησιν
942 450 1035 504 καὶ
1086 449 1386 521 θεραπείαν
1413 451 1515 520 τῆς
1546 449 1821 520 ἡμετέρας
1871 448 1968 518 φύ·

2077 449 2142 504 ad
2173 460 2382 505 naturae
2412 461 2616 508 nostrae
2651 453 2884 523 spiritali
2928 455 3036 510 vita
3090 455 3556 524 regenerationem
3600 477 3666 514 ac

390 557 522 603 σεως
560 541 706 596 κατά
738 542 839 613 τὴν
865 544 1246 614 πνευματικὴν
1273 543 1421 614 ζωὴν
1463 542 1618 597 ταῦτ’
1650 545 1708 596 ἐν
1738 545 1968 613 ἐπιτομῇ

2079 541 2444 606 curationem,
2474 543 2590 600 haec
2623 545 2728 600 sub
2757 547 3078 615 compendio
3104 549 3515 615 percurrimus:
3543 566 3667 617 qua:

387 631 701 703 διήλθομεν
734 633 804 687 τὰ
832 633 887 687 δὲ
921 634 1197 704 βαθύτερα
1233 635 1329 687 καὶ
1355 635 1661 706 λεπτότερα
1699 637 1757 688 ὲν
1789 635 1974 700 αὐτοῖς

388 726 508 813 τοῖς.
529 725 627 792 τὴν
655 725 811 780 θείαν
841 726 1091 796 μετιοῦσι
1118 727 1365 799 Γραφὴν,
1406 727 1502 782 καὶ
1549 730 1665 791 τοῖς
1719 727 1972 782 διδασκά-

387 815 501 878 λοις
535 819 633 886 τῆς
693 819 789 873 τοῦ
846 819 982 874 Θεοῦ
1032 821 1366 892 Ἐκκλησεας
1399 822 1728 896 τρανότερον
1764 824 1972 882 ἀνακα-

387 904 746 975 λυςρθήσεται.

454 997 761 1067 Παρέδοντο
793 1000 849 1054 δὲ
884 1002 980 1055 καὶ
1007 1003 1113 1056 ὑπὸ
1139 1002 1234 1056 τοῦ
1269 999 1522 1057 διαϐόλου
1548 1007 1829 1076 μυστήριά
1850 1025 1973 1062 τινα

385 1087 556 1158 ἐναγῆ
606 1089 730 1142 κατ’
765 1090 930 1145 αὑτὸν
954 1094 1070 1153 τοῖς
1117 1093 1178 1146 τὸ
1210 1095 1384 1162 ὄνομα
1422 1097 1515 1148 τοῦ
1547 1097 1678 1150 Υίοῦ
1708 1100 1802 1152 τοῦ
1833 1099 1970 1153 Θεοῦ

385 1180 750 1250 ἀρνουμένοις
783 1184 880 1238 καὶ
904 1184 1004 1254 τὴν
1033 1185 1454 1259 ὲνανθρὼπησιν
1491 1189 1682 1254 αὑτοῦ,
1715 1193 1810 1244 καὶ
1837 1193 1973 1245 ὑπο-

382 1275 740 1344 ταττομένοις
773 1277 926 1346 αὐτῷ
965 1277 1042 1349 τῷ
1071 1279 1327 1350 διαϐόλῳ,
1380 1282 1413 1351 ἢ
1466 1282 1561 1334 καὶ
1597 1283 1701 1335 ὑπὸ
1756 1282 1835 1352 τῷ
1873 1283 1968 1336 τοῦ

383 1366 519 1419 Θεοῦ
548 1369 778 1438 ὀνόματι
809 1371 902 1424 ὑπ’
947 1370 1161 1425 ἐκείνου
1201 1375 1259 1426 ὲν
1299 1374 1586 1439 εὐσεϐείας
1616 1377 1970 1446 προσχήματι

382 1458 792 1529 ἀπατωμένοις.
836 1462 948 1516 Καὶ
996 1463 1106 1534 γὰρ
1139 1465 1237 1518 καὶ
1287 1466 1441 1537 παρά
1469 1467 1682 1530 τούτοις
1713 1469 1820 1521 εἰσὶ
1874 1470 1970 1523 καὶ

382 1553 628 1620 νηστεῑαι
655 1553 748 1605 καὶ
773 1551 988 1607 τελεταὶ
1022 1557 1118 1608 καὶ
1156 1556 1346 1627 ἑορταὶ
1392 1558 1488 1612 καὶ
1517 1558 1844 1623 ἀπολούσεις
1874 1552 1969 1615 και

383 1642 560 1710 φῶτα,
593 1645 673 1708 είς
703 1645 934 1714 ἄγγελον
977 1649 1158 1717 φωτὸς
1193 1650 1288 1703 τοῦ
1342 1651 1585 1722 πονηροῦ
1629 1652 1822 1707 ἑαυτὸν
1873 1669 1969 1722 με·

379 1735 918 1804 τασχηματίζοντοςο
974 1741 1154 1794 καίτοι
1208 1744 1308 1796 καὶ
1367 1727 1519 1813 ἡμῖν’
1538 1745 1644 1799 εἰσι
1679 1745 1836 1814 φῶτα
1871 1745 1968 1801 καὶ

380 1826 696 1897 ἐλλάμψειςο
729 1830 846 1884 ἀλλ’
889 1831 951 1884 οὐ
999 1833 1246 1901 τοιαῦτα,
1278 1836 1440 1890 ὁποῖα
1467 1837 1520 1890 οί
1550 1836 1834 1910 μάρτυρες
1865 1839 1968 1906 τῆς

379 1916 642 1988 ἀληθείας
691 1922 749 1974 ὲν
796 1924 917 1987 ταῖς
971 1927 1245 1994 φυλακαῖς
1296 1925 1510 1996 ἑώρων,
1547 1929 1690 1999 ἅπερ
1724 1928 1837 1982 ἐσθ’
1878 1931 1968 1984 ὅτε

379 2011 470 2062 καὶ
528 2012 634 2064 ὑπδ
682 2013 791 2068 τῶν
838 2015 1087 2070 ἀπίστων
1122 2018 1434 2085 ἐϐλέποντο,
1475 2020 1556 2082 είς
1588 2021 1811 2093 ἔλεγχον
1867 2024 1970 2092 μὲν

376 2099 558 2154 αὐτῶν
599 2105 694 2158 καὶ
739 2107 1090 2176 κατάκρισιν,
1148 2110 1230 2172 είς
1266 2110 1465 2180 θάρσος
1500 2112 1557 2164 δὲ
1605 2112 1707 2181 τῆς
1741 2099 1968 2167 ἐκείνων

375 2188 575 2260 ψυχῆς,
631 2193 726 2244 καὶ
760 2195 1059 2267 ἀρραϐῶνα
1091 2200 1187 2252 καὶ
1217 2199 1411 2254 ἐλπίδα
1459 2201 1554 2254 καὶ
1593 2201 1968 2274 πληροφορίαν

374 2281 475 2352 τῆς
524 2283 826 2353 μελλούσης
881 2288 1083 2352 αὐτοὺς
1145 2291 1467 2356 ὲκδέξεσθαι
1533 2295 1965 2368 μακαριότητος,

379 2374 475 2426 καὶ
522 2375 603 2439 είς
643 2377 868 2444 ἔνδειξιν
911 2382 1005 2434 τοῦ
1038 2382 1122 2435 ὅτι
1181 2385 1249 2438 τὰ
1301 2387 1454 2456 παρά
1507 2387 1616 2441 τῶν
1668 2389 1967 2458 μαρτύρων

377 2464 513 2535 ἔργα
564 2466 839 2541 ἀποδοχῆς
876 2471 1068 2543 ἔτυχον
1114 2475 1270 2543 παρά
1307 2477 1384 2546 τῷ
1434 2477 1575 2546 Θεῷ.
1640 2479 1858 2533 Ἐκεῖνα
1908 2480 1966 2533 δὲ

378 2554 611 2626 θόρυϐον
634 2561 730 2612 καὶ
753 2562 1008 2632 ταραχὴν
1031 2564 1128 2617 καὶ
1155 2566 1360 2636 τρόμον
1383 2568 1673 2637 ἐμποιοῦσι
1702 2573 1769 2640 τῇ
1791 2570 1962 2642 ψυχῇ.

379 2649 542 2703 Ὅθεν
574 2652 830 2707 τοσοῦτον
889 2656 1245 2727 διαφέρουσιν
1291 2659 1565 2732 ἀλλήλων,
1624 2664 1800 2718 ὄτιτὰ
1866 2665 1965 2735 μὲν

376 2742 621 2813 ἡμέτερα
669 2747 950 2818 μυστήρια
981 2749 1237 2820 ἀληθιναί
1265 2752 1377 2804 είσι
1408 2753 1734 2824 καθάρσεις,
1774 2756 1967 2810 ἀναϐι-

384 2830 654 2896 ϐάζουσαι
697 2837 847 2906 ἡμᾶς
875 2838 1014 2909 πρὸς
1038 2840 1291 2912 οὐρανὸν,
1323 2843 1416 2896 καὶ
1467 2845 1832 2914 προξενοῦσαι
1863 2847 1964 2918 τὴν

379 2922 472 2975 τοῦ
503 2924 637 2978 Θεοῦ
671 2926 978 2996 βασιλείαν,
1035 2932 1132 2985 καὶ
1162 2931 1386 2987 ἐνοῦσαι
1437 2935 1588 3006 αὖτῷ
1614 2936 1693 3006 τῷ
1722 2937 1862 3008 Θεῷ,
1897 2939 1966 2994 ἂν
2007 2964 2018 2971 ·

381 3017 543 3084 μόνον
572 3016 671 3087 τὴν
722 3022 1108 3092 προσήκουσαν
1139 3023 1427 3079 εὐλάϐειαν
1455 3029 1550 3080 καὶ
1584 3027 1770 3082 πίστιν
1823 3031 1964 3101 ἐχω-

2081 645 2207 684 vero
2248 633 2300 686 in
2335 635 2416 688 eis
2447 636 2646 692 altiora
2683 645 2814 692 sunt
2848 645 2902 692 et
2936 638 3242 702 subtiliora,
3279 641 3363 694 bis
3393 641 3488 710 qui
3521 642 3664 697 divi-

2078 738 2178 778 nas
2211 725 2522 794 Scripturas
2577 730 2789 798 legent,
2823 739 2878 785 et
2907 731 2974 783 ab
3003 727 3264 786 Ecclesiae
3295 731 3388 786 Dei
3415 733 3663 787 doctori-

2079 815 2181 871 bus
2221 816 2426 872 clarius
2457 821 2744 876 manifesta
2778 821 2932 876 ﬁent.

2148 991 2290 1056 Quin
2325 993 2488 1048 etiam
2531 1011 2561 1049 a
2595 996 2811 1051 diabolo
2847 998 3079 1054 scelesta
3109 999 3379 1068 quaedam,
3414 1015 3515 1069 pro
3544 1000 3664 1070 ejus

2075 1084 2314 1147 ratione,
2371 1087 2568 1140 tradita
2625 1099 2964 1143 sacramenta
3001 1103 3128 1144 sunt
3159 1107 3221 1146 ac
3256 1093 3510 1163 mysteria
3540 1135 3552 1157 ,
3592 1094 3662 1148 iis

2074 1177 2166 1244 qui
2209 1175 2330 1230 Filii
2366 1177 2458 1231 Dei
2508 1193 2708 1233 nomen
2747 1182 3023 1250 abuegant
3071 1198 3133 1234 ac
3165 1184 3308 1251 quod
3361 1183 3452 1237 ille
3498 1185 3663 1237 homo

2075 1267 2253 1324 factus
2280 1279 2380 1332 est,
2416 1270 2630 1340 ipsique
2668 1273 2888 1328 diabolo
2919 1289 3039 1328 sese
3070 1276 3404 1343 tnaucipant,
3442 1284 3537 1329 aut
3565 1277 3661 1345 qui

2071 1364 2237 1419 etiam
2271 1364 2374 1420 sub
2397 1364 2492 1419 Dei
2523 1367 2745 1421 nomine
2774 1369 2995 1438 pietatis
3025 1369 3172 1422 larva
3205 1369 3273 1423 ab
3300 1386 3364 1423 eo
3393 1372 3660 1425 seducun-

2074 1463 2181 1510 tur.
2220 1455 2356 1510 Nam
2390 1456 2531 1527 apud
2568 1457 2669 1512 bos
2717 1475 2938 1528 quoque
2968 1458 3171 1531 jejunia
3222 1471 3350 1516 sunt
3397 1472 3450 1516 et
3491 1477 3660 1517 Caere-

2072 1549 2273 1603 monize
2301 1549 2682 1620 testarumque
2713 1551 3004 1619 solemnia,
3034 1563 3088 1607 et
3118 1555 3374 1608 lustrales
3395 1556 3662 1622 etpiatio-

2072 1653 2172 1695 nes
2203 1648 2258 1695 et
2289 1640 2526 1708 lumina;
2559 1642 2688 1696 dum
2745 1643 3038 1706 nimirum,
3081 1659 3140 1699 se
3193 1645 3563 1714 nequissimus
3606 1646 3659 1697 in

2071 1732 2326 1802 angelum
2380 1734 2521 1789 lucis
2555 1736 2908 1805 transﬁgurat
2942 1736 3010 1800 τί,
3042 1751 3356 1806 quanquam
3393 1753 3462 1792 ne
3499 1739 3664 1793 nobis

2071 1826 2292 1895 quidem
2333 1826 2537 1883 desunt
2563 1827 2770 1882 lumina
2817 1837 2872 1884 et
2920 1829 3362 1896 illustrationes;
3400 1831 3542 1886 baud
3577 1842 3662 1885 ta-

2073 1932 2199 1973 men
2232 1919 2416 1988 qualia
2450 1919 2698 1975 veritatis
2733 1929 2902 1975 testes
2936 1921 3135 1992 (sancti
3165 1922 3423 1976 nimirum
3459 1934 3663 1996 marty-

2069 2013 2183 2081 res)
2215 2011 2270 2066 in
2302 2012 2597 2082 ergastulis
2628 2013 2916 2086 constituti
2949 2015 3196 2068 viderunt
3226 2032 3242 2080 ;
3289 2029 3410 2084 quae
3441 2025 3494 2070 et
3527 2017 3664 2087 ipsis

2069 2103 2401 2173 quandoque
2442 2105 2756 2162 inﬁdelibus
2807 2117 3100 2177 conspecta
3139 2115 3300 2173 sunt,
3354 2109 3423 2163 ad
3469 2124 3660 2165 eorum

2069 2195 2457 2250 revincendam
2540 2197 2904 2266 pervicaciam
2974 2207 3062 2252 ac'
3100 2201 3657 2269 condemnationem;

2068 2296 2495 2357 sanctorumque
2530 2290 2726 2343 ﬁducia
2757 2291 3036 2359 augendos
3087 2293 3334 2355 animos,
3387 2293 3658 2358 arrhabo-

2067 2397 2303 2451 nemque
2349 2397 2414 2437 ac
2460 2397 2612 2452 spem
2649 2391 2966 2452 certamque
3001 2384 3469 2453 exspectationem
3524 2401 3662 2455 prae-

2068 2473 2348 2536 Standam,
2389 2480 2698 2544 excepturae
2741 2473 2868 2528 illos
2903 2473 3221 2539 beatitatis;
3251 2491 3315 2529 ac
3346 2476 3564 2530 demum
3599 2486 3661 2530 ut

2069 2563 2196 2620 inde
2225 2563 2576 2628 claresceret,
2615 2573 2916 2634 martyrum
2946 2577 3109 2632 opera
3143 2579 3206 2618 ac
3234 2564 3519 2632 passiones
3553 2564 3662 2618 Deo

2067 2665 2286 2725 accepta
2321 2671 2464 2711 esse.
2500 2655 2598 2709 Illa
2630 2671 2756 2710 vero
2807 2671 2872 2709 ac
2923 2655 3194 2710 diabolica
3245 2656 3487 2708 animum
3539 2664 3658 2708 tur-

2065 2747 2222 2814 bant,
2251 2757 2630 2818 terroremque
2658 2762 2723 2802 ac
2763 2747 3044 2802 horrorem
3072 2746 3350 2816 ingerunt.
3375 2747 3663 2816 'l‘antoque

2069 2841 2181 2898 haec
2222 2857 2252 2896 a
2305 2857 2365 2897 se
2415 2841 2649 2897 invicem
2692 2840 2900 2897 distant
2948 2840 3272 2896 discrimine
3299 2879 3314 2904 ,
3354 2848 3415 2894 ut
3473 2851 3660 2894 nostra

2067 2935 2326 3004 mysteria
2357 2950 2421 2990 ac
2439 2945 2787 2990 sacramenta
2843 2949 2987 2988 verte
3009 2934 3121 2989 sint
3148 2934 3500 2988 lustrationes
3541 2949 3664 3002 quae

2068 3023 2120 3078 in
2156 3025 2356 3080 caelum
2386 3025 2710 3094 provehant,
2747 3024 2954 3092 Deique
2982 3038 3210 3094 regnum
3240 3023 3569 3087 concilient,
3596 3035 3663 3076 ac

382 3124 479 3176 μεν
518 3109 654 3179 πρὸς
683 3111 780 3181 τὴν
813 3114 1214 3184 παραδοδείσαν
1244 3118 1378 3188 ἡμῖν
1425 3117 1520 3172 ὑπ’
1550 3120 1718 3174 αὐτοῦ
1752 3121 1960 3192 πίστιν,

2071 3117 2170 3187 ipsi
2214 3118 2328 3173 Deo
2375 3118 2663 3184 conniant,
2713 3117 2761 3173 si
2808 3118 2969 3172 modo
3021 3116 3194 3171 solum
3246 3114 3660 3170 convenientem

379 3200 472 3250 καὶ
497 3201 860 3271 φυλάττωμεν
887 3203 1062 3288 αὐτὴν,
1085 3204 1255 3274 ὑγιῶς
1285 3208 1378 3260 καὶ
1407 3207 1589 3279 λόγοις
1635 3214 1730 3266 καὶ
1755 3213 1961 3286 ἔργοις

383 3291 440 3341 at
462 3291 516 3344 δὲ
543 3293 650 3346 τῶν
681 3293 787 3359 ἔξω
812 3295 1139 3368 καθάρσεις,
1172 3294 1283 3353 οἷαι
1315 3303 1423 3354 εἰσι
1471 3304 1580 3357 τῶν
1605 3307 1965 3378 ἀρνουμένων

377 3381 466 3432 τὸν
498 3381 625 3435 Υίδν
651 3386 745 3436 τοῦ
776 3384 912 3438 Θεοῦ
949 3388 1044 3439 καὶ
1071 3390 1170 3458 τὴν
1202 3389 1485 3460 σάρκωσιν
1517 3395 1711 3461 αὑτοῦ,
1741 3397 1880 3468 πρὸς
1906 3399 1965 3452 τὸ

383 3477 571 3540 σκότος
619 3477 680 3531 τὸ
733 3478 1000 3550 ἐξώτερον
1031 3481 1248 3552 ἄγουσι,
1285 3486 1380 3539 καὶ
1412 3487 1509 3540 τοῦ
1539 3489 1793 3544 διαϐόλου
1829 3492 1964 3563 κλη-

385 3570 647 3640 ρονόμους
699 3573 1027 3642 ἐργάζονται
1057 3591 1073 3609 ο
1125 3578 1374 3644 ἐκείνους
1435 3581 1702 3650 δηλονότι,
1765 3585 1965 3650 οἵτινες

383 3661 737 3734 ἀπατώμενοι
767 3667 862 3718 καὶ
889 3667 1237 3739 πλανώμενοι
1270 3673 1401 3742 παρ’
1429 3674 1596 3728 αὐτοῦ
1652 3676 1702 3728 δι
1748 3678 1966 3732 εἰδωλο-

381 3749 634 3820 λατρείας
664 3757 760 3807 καὶ
787 3755 964 3810 ἄλλων
996 3759 1159 3812 τινῶν
1191 3763 1631 3834 πεπλανημένων
1651 3766 1963 3837 δογμάτων,

382 3847 472 3896 καὶ
497 3845 585 3898 διά
618 3847 728 3901 τῶν
762 3852 1030 3922 μυσαρῶν
1056 3853 1224 3907 αὐτοῦ
1250 3855 1572 3927 καθάρσεων
1603 3863 1966 3933 προσέχουσιν

386 3936 531 4006 αὑτῴ
557 3939 635 4009 οῆ
687 3944 806 4008 καὶ,
855 3942 933 4006 ὡς
981 3945 1286 4013 νομίζουσι,
1325 3947 1420 4001 τὸν
1449 3948 1582 4002 Θεὸν
1627 3952 1965 4022 ἐπισφαλῶς,

384 4031 477 4081 καὶ
507 4031 606 4100 οὔχ
644 4031 720 4093 ὡς
769 4033 872 4096 δεῖ,
932 4038 1353 4105 προσκυνοῦσιν.
1393 4040 1533 4094 Ὅσα
1590 4043 1688 4112 μὲν
1735 4039 1830 4099 οὖν
1858 4048 1968 4103 ἀπὸ

387 4119 622 4213 πίστεως
672 4125 1058 4194 ἀναμφιϐόλως
1110 4129 1487 4203 ὁμολογοῦμεν
1519 4137 1778 4207 περὶτῆς
1828 4156 1966 4213 σαρ-

379 4207 604 4274 κώσεως
631 4213 726 4266 τοῦ
771 4214 900 4269 Υἱοῦ
951 4217 1045 4270 τοῦ
1080 4220 1241 4286 Θεοῦ,
1297 4222 1452 4276 ταῦτ’
1501 4227 1622 4279 ἐστὶ
1679 4230 1750 4280 τὰ
1796 4218 1969 4301 ¹κεφα-

381 4297 708 4376 λαιωδέστερ
719 4322 769 4359 1.

991 4404 1036 4456 Κ
1048 4405 1243 4461 ΕΦΑΛ.
1285 4406 1361 4462 Z'.

2070 3212 2328 3282 pietatem
2362 3210 2638 3281 ﬁdemque
2668 3225 2797 3282 erga
2840 3211 3098 3265 traditam
3138 3207 3301 3262 nubis
3332 3207 3399 3261 ab
3435 3205 3555 3275 ipso
3601 3205 3661 3258 lic

2067 3307 2188 3361 dem
2246 3308 2569 3371 habeamus,
2616 3322 2920 3376 sanamque
2967 3322 3088 3363 eam
3122 3304 3306 3360 verbis
3353 3305 3557 3374 pariter
3610 3310 3664 3356 ct

2067 3400 2327 3470 cperibus
2359 3401 2768 3456 custodiamus.
2821 3400 3075 3455 Prolanae
3119 3413 3249 3452 vero
3297 3395 3664 3470 expiationes,

2068 3492 2256 3560 quales
2283 3501 2412 3546 sunt
2437 3507 2628 3547 eorum
2657 3490 2748 3561 qui
2785 3491 2875 3546 Dei
2909 3491 3110 3545 Filium
3147 3490 3378 3558 ejusque
3411 3489 3665 3541 incarna-

2070 3586 2273 3638 tionem
2307 3594 2533 3654 negant,
2562 3583 2631 3637 ad
2681 3582 2938 3638 tenebras
2983 3591 3284 3638 exteriores
3315 3580 3546 3644 ducunt,
3601 3591 3666 3630 ac

2068 3677 2274 3732 diaboli
2309 3676 2548 3733 limi-edes
2579 3676 2856 3742 efﬁciunt;
2891 3675 3016 3730 illos
3057 3674 3268 3730 scilicet
3317 3673 3409 3740 qui
3467 3672 3536 3725 ab
3588 3684 3661 3723 eo

2069 3769 2278 3824 seducti
2309 3786 2606 3838 erroreque
2649 3769 2826 3824 abacti
2863 3783 2956 3836 per
2988 3765 3356 3820 idololatrian]
3422 3775 3477 3817 et
3525 3761 3666 3815 alias

2072 3864 2340 3932 quasdam
2370 3862 2538 3918 falsas
2567 3863 2868 3921 doetrinas,
2897 3858 3128 3928 ejusque
3168 3855 3536 3910 exsecrandas
3579 3853 3667 3907 In.

2069 3955 2386 4014 strationes,
2443 3957 2682 4008 animum
2721 3952 2769 4006 ei
2823 3950 3150 4015 attendunt;
3207 3947 3288 4003 vel
3346 3947 3560 4013 etiam,
3600 3957 3663 4001 ut

2069 4043 2386 4114 opinantur,
2439 4043 2822 4115 superstitiose
2872 4042 3144 4112 falsoque,
3197 4055 3297 4093 nec
3352 4049 3411 4093 ut
3465 4039 3663 4100 decet,

2073 4135 2238 4188 Deum
2270 4134 2520 4189 adorant.
2565 4132 2700 4199 Quae
2732 4146 2899 4203 porro
2937 4147 3001 4187 ex
3042 4131 3146 4186 ﬁde
3183 4131 3320 4185 citra
3349 4129 3514 4184 ullam
3554 4129 3662 4184 dn-

2069 4224 2390 4280 bitationem
2425 4227 2489 4280 de
2515 4224 2635 4280 Filii
2672 4225 2766 4280 Dei
2809 4223 3190 4279 incarnatione
3219 4219 3521 4286 credimus.
3557 4219 3664 4274 ista

2071 4316 2518 4386 compendiosius
2551 4315 2748 4372 tradita
2782 4327 2932 4370 sunt.

2676 4405 2906 4462 CAPUT
2950 4404 3062 4458 Vll.

390 4503 514 4558 Ἔτι
545 4509 678 4576 περὶ
710 4507 822 4580 τῆς
859 4513 1224 4582 σαρκώσεως
1265 4519 1335 4572 ἐκ
1389 4520 1616 4588 λόγων.
1671 4521 1751 4588 ὡς
1804 4525 1968 4580 ἐνδέ-

2072 4525 2260 4579 Adhuc
2283 4523 2346 4579 de
2376 4523 2765 4587 incarnatione,
2805 4537 2869 4574 ea:
2893 4521 3161 4574 rationum
3191 4527 3466 4573 momentis
3500 4532 3660 4584 quan-

1075 4601 1270 4652 χει-αι.
1683 4653 1685 4655 ι

456 4667 574 4722 Ἵνα
603 4669 659 4724 δὲ
695 4671 791 4727 καὶ
820 4671 979 4742 λόγον
1026 4674 1245 4746 ἔχωμεν
1283 4679 1688 4750 συμφωνοῦντα
1729 4684 1860 4754 ἡμῖν
1889 4688 1969 4751 είς

381 4782 448 4818 τι
478 4768 584 4821 ἀπὸ
608 4763 707 4841 τῆς
742 4771 1002 4840 πίστεως,
1036 4775 1131 4828 καὶ
1172 4775 1258 4828 ἵνα
1289 4777 1421 4830 ὅταν
1452 4795 1535 4842 τις
1574 4779 1684 4832 τῶν
1719 4781 1968 4836 ἀπίστων

385 4857 618 4930 ὀνειδίζῃ
672 4862 806 4932 ἡμῖν
842 4862 968 4928 Πῶς
1021 4864 1256 4936 λέγομεν
1289 4867 1372 4920 ὅτι
1434 4869 1462 4920 ὁ
1520 4867 1648 4933 Υἱὸς
1692 4869 1786 4924 τοῦ
1832 4871 1968 4926 Θεοῦ

383 4951 671 5024 ὲσαρκῶθη
703 4955 801 5008 καὶ
825 4955 1086 5022 ἀπέθανε,
1125 4957 1308 5027 λέγειν
1357 4958 1594 5031 ἔχωμεν,
1635 4961 1761 5016 Ὅτι
1815 4963 1968 5018 οὐδὲν

385 5040 583 5095 ἄτοπον
611 5044 919 5112 ἀκολουθεῖ,
958 5048 1093 5102 ἀλλὰ
1145 5051 1241 5103 καὶ
1295 5051 1644 5106 δικαιότατον
1679 5054 1776 5114 καὶ
1830 5071 1972 5126 πρε-

385 5136 753 5205 πωδέστατον,
790 5141 889 5193 καὶ
922 5142 1023 5195 οὐκ
1046 5143 1221 5206 ἄλλως
1250 5142 1359 5198 ἔδει
1409 5145 1694 5214 γενέσθαι,
1732 5145 1966 5218 λέγομεν

386 5226 507 5297 ἤδη.

458 5319 701 5391 Φανερὺν
739 5323 898 5377 τοῦτο
948 5327 1114 5380 πᾶσιν
1160 5327 1492 5398 ἀνθρώποις,
1546 5330 1628 5383 ὅτι
1672 5331 1740 5382 τὰ
1772 5331 1967 5399 λογικά

390 5409 588 5476 πάντα,
617 5410 839 5480 ἄγγελοι
873 5417 964 5468 καὶ
991 5419 1294 5487 ἄνθρωποι,
1329 5419 1417 5472 διὰ
1443 5421 1601 5489 λόγου
1631 5421 1920 5490 ἐνεργοῦσι
1947 5440 1962 5455 ο

387 5502 482 5556 καὶ
521 5503 752 5572 μάλιστα
800 5511 1034 5580 φανερὸν
1076 5511 1170 5565 ἐπὶ
1219 5513 1329 5566 τῶν
1375 5513 1677 5584 οἰκοδόμων
1733 5517 1826 5566 καὶ
1857 5498 1995 5570 τῶν.

387 5592 565 5647 ἄλλων
586 5598 846 5666 τεχνιτῶν
869 5602 1108 5658 πάντων.
1127 5603 1187 5657 '0
1215 5605 1319 5676 γὰρ
1342 5605 1623 5676 οἰκοδόμος
1649 5606 1964 5678 συλλαμϐά-

457 5782 505 5815 τί
533 5785 576 5840 ιι
603 5784 734 5841 Gor.
764 5793 841 5846 x1,
876 5780 964 5835 Η.

1461 5872 1620 5914 ι’“’

2624 4602 2736 4646 tum
2771 4609 2849 4645 res
2881 4593 3106 4660 patitur.

2139 4685 2203 4742 Ut
2234 4701 2363 4740 vero
2392 4687 2558 4740 etiam
2589 4683 2859 4737 rationem
2897 4682 2950 4735 in
3001 4681 3110 4735 illis
3143 4693 3265 4750 quae
3305 4686 3432 4734 sunt
3462 4676 3528 4729 de
3555 4674 3666 4728 ﬁde

2066 4777 2228 4832 nobis
2259 4775 2690 4832 consentientem
2730 4773 3052 4836 habeamus,
3092 4780 3150 4826 et
3197 4775 3253 4824 ut
3307 4783 3429 4822 cum
3468 4766 3662 4820 inﬁde-

2067 4869 2200 4924 lium
2234 4865 2440 4938 aliquis
2477 4863 2921 4936 exprob'raverit,
2967 4860 3258 4929 Quomodo
3306 4858 3398 4913 Dei
3454 4856 3656 4911 Filium

2068 4963 2415 5020 lncarnatum
2448 4967 2613 5027 atque
2648 4965 2922 5011 mortuum
2952 4969 3076 5011 esse
3111 4954 3400 5018 dicamus;
3431 4963 3666 5019 respon-

2069 5056 2200 5110 dere
2222 5053 2498 5122 possimus
2531 5067 2546 5104 :
2573 5049 2782 5104 nullum
2814 5050 2939 5103 inde
2969 5047 3269 5104 absurdum
3299 5045 3493 5114 sequi;
3524 5045 3662 5114 quin

2081 5144 2224 5200 istud
2259 5153 2376 5200 tum
2419 5143 2789 5214 justissimum
2820 5157 2943 5198 esse
2994 5150 3108 5196 tum
3158 5140 3664 5202 decentissimum,

2071 5256 2172 5296 nec
2203 5255 2315 5294 rem
2345 5241 2500 5295 aliter
2538 5242 2654 5310 geri
2685 5239 2967 5304 debuisse,
2999 5239 3162 5293 etiam
3193 5237 3448 5291 dii-imus.
3490 5235 3519 5264 ⁵

2145 5333 2376 5388 Cunctis
2429 5332 2783 5387 manifestum
2824 5333 3148 5387 mortalibus
3194 5341 3300 5394 est,
3339 5329 3524 5386 Omnia
3569 5340 3660 5378 ra-

2081 5428 2229 5480 tione
2269 5427 2495 5495 praedila
2538 5427 2788 5497 (angelos
2822 5427 3035 5482 scilicet
3062 5438 3223 5496 atque
3253 5420 3525 5487 homines)
3565 5431 3664 5488 per

2079 5519 2348 5571 rationem
2385 5520 2642 5586 operari;
2672 5533 2735 5573 ac
2765 5520 3089 5585 cumprimis
3120 5533 3205 5571 res
3251 5516 3302 5567 in
3341 5513 3448 5567 illis
3481 5511 3661 5563 inani-

2083 5613 2214 5666 lesta
2243 5623 2345 5671 est.
2382 5610 2476 5681 qui
2521 5611 2668 5666 mdes
2697 5611 2970 5666 aediﬁcant
2993 5651 3012 5677 ,
3043 5625 3106 5664 ac
3147 5605 3377 5675 reliquis
3402 5602 3662 5657 omnibus
