4088 6432
407 323 548 394 (iii

1685 319 2082 380 MANUELIS
2113 318 2422 379 CALEC/E

3577 313 3685 378 €12

407 463 737 520 artificibus.
763 464 1116 520 Arebitectus
1143 465 1289 519 enim
1311 460 1770 518 exstruendarum
1797 458 1997 513 aedium

2107 473 2187 510 νει
2209 457 2268 512 ὲν
2296 455 2375 525 τῷ
2397 453 2597 509 ἑαυτοῦ
2622 452 2699 525 νῷ
2715 455 2777 508 τδ
2805 450 2945 518 εῑδος
2967 453 3064 510 καὶ
3081 455 3181 525 τὴν
3201 454 3350 507 θέσιν
3375 451 3476 522 τῆς
3499 451 3676 521 τυχοὺ.

405 553 642 608 formam
680 554 956 624 situmque
999 564 1182 609 mente
1233 569 1331 608 sua
1377 553 1655 622 concipit;
1708 550 1900 620 sicque
1933 563 1997 602 ac

411 647 574 699 talem
609 646 834 699 domum
869 645 1246 700 aedificandam
1277 648 1462 699 animo
1491 644 1764 714 designat,
1795 642 1997 710 illaque

410 737 712 790 instructus
743 736 954 791 ratione
980 735 1236 790 aedificat.
1273 735 1353 790 Ac
1382 749 1603 802 rursus,
1633 747 1698 787 ea
1728 746 1860 787 casu
1893 728 1997 783 ali-

405 843 517 897 quo
556 827 848 894 dissoluta,
888 839 986 898 per
1025 827 1274 882 eamdem
1305 841 1413 896 qua
1449 826 1606 896 prius
1643 822 1997 888 considerat,

407 934 472 973 ac
505 918 808 973 secundum
829 918 1079 973 eamdem
1107 917 1377 972 rationem
1417 917 1730 981 instaurat;
1761 915 1807 970 si
1835 913 1999 968 modo

408 1011 480 1062 ita
515 1012 702 1063 animo
741 1015 1096 1076 comparatus
1131 1016 1235 1073 est,
1274 1016 1335 1060 ut
1359 1007 1606 1062 eamdem
1642 1008 1694 1060 in
1742 1007 2000 1061 omnibus

407 1117 531 1155 cum
559 1104 742 1170 priore
762 1100 950 1168 illique
974 1099 1209 1154 similem
1235 1099 1462 1153 domum
1490 1100 1619 1155 velit
1644 1097 1997 1153 reaediticare.

408 1193 534 1247 Haec
569 1203 750 1246 autem
784 1194 928 1246 ratio
957 1209 1056 1247 seu
1109 1207 1295 1247 sermo
1352 1192 1586 1246 interior
1631 1191 1832 1246 dicitur
1865 1190 2001 1245 resi-

407 1283 654 1350 densque
694 1283 748 1337 in
802 1283 1025 1347 animo;
1077 1294 1140 1336 ac
1188 1296 1298 1349 prae
1349 1282 1596 1350 reliquis,
1629 1280 1706 1334 uti
1736 1279 1996 1345 diximus,

409 1373 500 1426 Dei
537 1372 824 1428 Sermonis
854 1387 950 1427 seu
982 1368 1147 1425 Verbi
1181 1371 1363 1442 imago
1391 1368 1495 1427 est.
1526 1369 1634 1425 Per
1665 1370 1810 1424 hunc
1839 1368 1990 1423 enim

409 1464 488 1518 sie
532 1465 585 1517 in
647 1464 832 1518 animo
887 1463 1217 1518 residentem
1261 1476 1570 1519 sermonem
1620 1476 1685 1516 ac
1737 1460 2000 1515 rationem

408 1557 705 1612 rationales
736 1557 994 1620 dicimur,
1044 1557 1162 1611 sive
1197 1557 1527 1618 dormimus,
1561 1554 1678 1608 sive
1707 1563 1956 1608 tacemus
1987 1569 2002 1618 ;

409 1667 519 1704 non
558 1666 654 1720 per
687 1665 812 1705 eum
847 1650 940 1718 qui
993 1665 1090 1705 ore
1123 1648 1421 1718 profertur.
1477 1648 1577 1703 llic
1622 1647 1768 1702 enim
1819 1662 2005 1702 sermo

409 1758 519 1795 non
550 1757 765 1810 semper
793 1751 897 1797 est.
932 1743 1125 1797 Sermo
1168 1743 1337 1812 igitur
1381 1741 1615 1797 interior
1645 1751 1699 1795 et
1727 1741 1781 1794 in
1817 1740 2004 1795 animo

2100 566 2202 619 σης
2220 549 2422 612 οίκίας,
2442 547 2527 601 ὅτι
2552 546 2732 600 τοιάδε
2756 563 2841 608 τις
2861 549 2958 600 καὶ
2989 547 3170 602 τοιάδε
3196 546 3466 619 προσήκει
3484 545 3689 598 οἰκοδο-

2101 641 2369 712 μηθῆναι,
2389 641 2486 694 καὶ
2514 640 2585 696 δι’
2611 640 2822 694 ἐκείνου
2855 640 2950 694 τοῦ
2977 640 3144 708 λόγου
3170 639 3378 708 ταύτην
3397 637 3690 706 οἰκοδομεῖ,

2098 727 2161 788 οὖ
2191 733 2289 786 καὶ
2322 733 2591 803 πρότερον
2625 733 2722 786 καὶ
2752 731 2895 786 κατὰ
2923 729 3016 785 τὸν
3047 731 3212 784 αὐτὸν
3242 730 3423 799 λόγον,
3467 731 3516 783 εί
3551 729 3694 782 κατὰ

2101 827 2285 881 πάντα
2306 826 2406 897 τὴν
2436 825 2608 898 αὐτὴν
2629 827 2810 880 οἰκίαν
2837 815 2904 894 τῇ
2941 823 3188 895 προτέρᾳ
3221 822 3316 876 καὶ
3344 818 3541 890 ὁμοίαν
3569 819 3695 891 βού-

2102 919 2258 972 λεται
2287 917 2789 985 ἀνοικοδομεῖν.”0
2818 915 2872 969 δὲ
2901 913 3147 978 τοιοῦτος
3183 914 3339 978 λόγος
3365 912 3587 981 λέγεται
3615 912 3673 962 ὲν

2101 1007 2373 1070 διάθετος·
2401 1007 2458 1070 6;
2489 1008 2587 1059 καὶ
2615 1005 2817 1075 μᾶλλον
2839 1003 2950 1057 τῶν
2994 1004 3172 1059 ἄλλων
3202 1002 3368 1057 εἰκών
3400 1002 3572 1066 ἐστιν,
3619 1001 3694 1064 ὡς

2103 1100 2345 1168 εἴρηται,
2381 1098 2474 1150 τοῦ
2508 1098 2686 1163 Λόγου
2718 1096 2814 1148 τοῦ
2839 1096 3000 1150 Θεοῦ.
3036 1089 3214 1149 Κατᾶ
3237 1094 3430 1148 τοῦτον
3470 1093 3577 1163 γὰρ
3605 1097 3696 1145 τὶν

2103 1191 2410 1245 ἐνδιάθετον
2438 1190 2601 1258 λόγον
2633 1190 2728 1243 καὶ
2757 1189 2970 1257 λογικοὶ
2996 1187 3290 1259 λεγόμεθα,
3332 1187 3444 1240 εἴτε
3493 1178 3699 1256 κοιμώ-

2108 1284 2280 1352 μεθα,
2320 1282 2430 1334 είτε
2484 1279 2806 1350 σιωπῶμεν,
2863 1280 2922 1332 οὐ
2978 1282 3121 1332 κατὰ
3171 1279 3264 1332 τὸν
3315 1278 3696 1349 προφορικόν·

2103 1368 2261 1438 οὗτος
2301 1375 2412 1445 γὰρ
2441 1373 2542 1427 οὐκ
2569 1373 2656 1428 ἀεί
2687 1375 2830 1427 ἐστι.
2855 1372 3047 1438 Πολλῷ
3076 1369 3171 1428 οὖν
3196 1374 3224 1426 6
3248 1372 3557 1436 ὲνδιόιθετός
3582 1374 3698 1424 ἐστι

2103 1467 2198 1519 τοῦ
2231 1463 2576 1536 προφορικοῦ
2631 1465 2988 1535 τιμιώτερος,
3042 1463 3102 1528 ὃς
3147 1463 3235 1517 διὰ
3294 1465 3558 1535 ῥημάτων
3606 1465 3701 1516 καὶ

2104 1558 2389 1628 ὀνομάτων
2415 1555 2618 1622 ἔξωθεν
2647 1556 3006 1627 προφέρεται.
3039 1549 3210 1618 Οὗτος
3243 1557 3354 1627 γὰρ
3381 1553 3450 1608 δι’
3486 1557 3697 1608 ἐκεῖνον

2107 1650 2450 1716 συνίσταται,
2486 1649 2588 1724 καὶ
2607 1649 2815 1720 τρόπον
2843 1649 2966 1702 τινὰ
2999 1647 3350 1717 συμϐεϐηκός
3374 1650 3526 1700 ἐστιν
3557 1647 3702 1702 ὲκεί-

2106 1758 2202 1811 νῳ.
2236 1740 2335 1793 Διὰ
2359 1739 2526 1793 τοῦτο
2551 1741 2613 1792 οὐ
2659 1739 2920 1793 τοσοῦτόν
2951 1742 3100 1792 ὲστιν
3137 1740 3340 1801 οὲκεῖος
3370 1739 3398 1790 6
3436 1755 3702 1810 προφορι-

408 1835 656 1888 residens
695 1834 853 1902 longe
899 1835 1136 1890 nobilior
1167 1850 1426 1892 sermone
1463 1833 1740 1905 prolatitio
1772 1842 1876 1899 est,
1906 1827 2000 1903 qui

2110 1809 2204 1894 κός
2233 1830 2395 1898 λόγος
2419 1831 2499 1894 είς
2528 1831 2886 1902 παράδειγμα
2923 1833 3019 1885 καὶ
3066 1831 3253 1884 εἰκόνα
3281 1829 3376 1884 ττῦ
3406 1809 3582 1898 Λόγου
3606 1831 3700 1883 τ’ιῦ

413 1926 623 1980 scilicet
651 1940 748 1996 per
784 1927 948 1982 verba
989 1928 1240 1997 quaedam
1277 1937 1441 1998 atque
1480 1927 1702 1982 nomina
1757 1928 2001 1982 exterius

408 2019 706 2087 profertur.
737 2018 837 2073 Hic
866 2020 1013 2074 enim
1048 2027 1271 2090 propter
1296 2019 1449 2074 illum
1476 2019 1750 2082 consistit,
1773 2033 1837 2073 ac
1865 2034 2000 2088 quo-

406 2109 700 2165 dammodo
729 2110 809 2164 illi
839 2111 1098 2166 accidens
1131 2111 1367 2166 exsistit.
1424 2109 1672 2180 liincque
1705 2110 1842 2164 adeo
1896 2110 1955 2163 fit
1983 2149 1998 2173 ,

409 2213 470 2257 ut
509 2219 616 2256 non
651 2203 736 2258 sic
777 2215 901 2271 apte
939 2195 1004 2259 ac
1053 2205 1444 2259 convenienter
1476 2204 1784 2273 prolatitius
1818 2217 2000 2257 sermo

407 2296 464 2348 in
500 2296 811 2363 exemplum
840 2306 1157 2351 assumatur
1188 2311 1252 2350 ac
1282 2296 1643 2350 simulacrum
1677 2295 1846 2349 divini
1881 2292 2004 2348 Ser-

407 2388 588 2442 monis
628 2402 722 2442 seu
761 2386 962 2453 Verbi;
1000 2390 1093 2442 sed
1124 2397 1180 2442 ut
1207 2389 1390 2455 potius
1421 2388 1516 2458 qui
1547 2387 1601 2441 in
1633 2388 1821 2440 animo
1855 2386 1998 2440 resi-

404 2481 518 2546 det,
545 2481 715 2548 utqui
757 2481 994 2534 nobilior
1024 2480 1116 2535 sit.
1147 2478 1281 2534 Nam
1311 2477 1476 2536 etiain
1512 2477 1780 2536 debemus
1814 2481 1995 2533 divina

404 2581 803 2640 repraesentare
856 2587 924 2626 ex
959 2573 1049 2637 iis,
1077 2587 1312 2642 quorum
1361 2573 1533 2642 major
1564 2571 1882 2642 praestantia
1907 2573 1998 2627 sit.

405 2662 556 2716 Nihil
593 2678 760 2731 porro
791 2664 842 2717 in
881 2663 1081 2717 creatis
1117 2673 1297 2718 mente
1327 2674 1514 2717 nostra
1540 2703 1555 2727 ,
1586 2665 1642 2717 in
1677 2677 2005 2734 eaque‘ser-

407 2767 574 2806 mone
607 2768 669 2804 ac
703 2753 870 2806 verbo
901 2768 995 2805 seu
1042 2753 1291 2814 ratione,
1328 2755 1680 2819 praestantius
1714 2749 2000 2819 occurrit;

411 2845 556 2898 unde
590 2845 754 2897 etiam
789 2844 956 2913 hujus
991 2845 1206 2900 ratione
1244 2847 1407 2900 homo
1439 2846 1641 2900 dicitur
1666 2846 1847 2918 imago
1885 2846 2000 2903 Dei.

410 2936 804 2991 Verumtamen
841 2937 928 2992 hic
955 2953 1176 3007 quoque
1209 2938 1364 2993 valde
1408 2954 1437 2992 a
1494 2938 1586 2994 Dei
1645 2939 1908 2994 Sermone
1938 2955 2003 2995 ac

409 3028 596 3084 Verbo
624 3029 828 3085 deficit.
865 3031 957 3085 Dei
993 3033 1140 3085 enim
1175 3030 1373 3086 Sermo
1405 3031 1522 3101 ipse
1551 3047 1678 3087 vere
1725 3035 2001 3088 exsistens

408 3138 472 3178 ac
522 3123 711 3177 ραις-ιιι
767 3134 887 3188 est;
935 3125 988 3204 in
1038 3125 1223 3178 animo
1256 3133 1440 3179 autem
1492 3126 1763 3189 residens,
1801 3129 2000 3183 mentis

408 3216 667 3269 accidens
717 3226 820 3271 est.
877 3216 954 3270 Ex
992 3216 1059 3272 iis
1091 3217 1237 3270 enim
1270 3232 1394 3286 quae
1426 3217 1602 3274 oculis
1638 3219 1891 3273 videntur
1927 3234 1992 3276 ac

407 3317 589 3361 mente
630 3308 1030 3376 intelliguntur,
1063 3323 1260 3364 sensus
1305 3325 1472 3379 opera
1521 3302 1688 3364 menti
1729 3311 1994 3378 advenit;

408 3397 656 3463 quandiu
711 3397 920 3452 scilicet
963 3413 1217 3453 versatur
1253 3401 1305 3453 in
1356 3414 1588 3469 corpore
1641 3401 1830 3470 illique
1869 3418 1999 3456 con-

405 3488 598 3554 junCIa
637 3500 742 3543 est.
779 3489 990 3544 Idcirco
1013 3492 1179 3544 etiam
1215 3490 1570 3560 imperfectus
1598 3503 1706 3555 est,
1742 3494 1836 3562 qui
1870 3508 2002 3563 pau-

2109 1923 2248 1978 Θεοῦ
2287 1923 2693 1993 λαμϐάνεσθαι,
2749 1924 2890 1978 ἀλλὰ
2936 1925 3141 1995 μᾶλλον
3189 1925 3218 1977 ὀ
3263 1923 3575 1987 ἐνδιάθετος
3627 1923 3703 1986 ὡς

2109 2014 2465 2087 τιμιώτερος·
2495 2016 2619 2068 ἐπεὶ
2649 2017 2747 2070 καὶ
2787 2016 2896 2072 ἀπὸ
2926 2015 3038 2068 τῶν
3088 2017 3439 2086 τιμιωτέρων
3483 2016 3701 2084 ὀφείλοο

2114 2125 2216 2179 μεν
2243 2108 2312 2161 τὰ
2337 2107 2460 2160 θεῖα
2512 2107 2826 2173 εἱκονίζειν.
2885 2108 3231 2178 Τιμιώτερον
3267 2106 3324 2161 δὲ
3355 2106 3451 2160 τοῦ
3480 2108 3539 2158 ὲν
3569 2107 3704 2176 ἡμῖν

2109 2201 2204 2254 νοῦ
2238 2201 2336 2255 καὶ
2365 2201 2526 2270 λόγου
2562 2201 2661 2254 οὐκ
2692 2201 2841 2255 ἔστιν
2872 2203 2930 2255 ἐν
2960 2204 3074 2264 τοῖς
3097 2203 3417 2271 κτίσμασιψ
3447 2200 3574 2253 ὅθεν
3605 2204 3704 2253 καί

2110 2293 2254 2345 κατὰ
2300 2291 2464 2345 τοῦτο
2512 2291 2739 2359 λέγεται
2773 2293 2802 2342 6
2840 2293 3132 2362 ἄνθρωπος
3183 2289 3352 2344 εἰκὼν
3399 2290 3494 2344 τοῦ
3540 2289 3700 2345 Θεοῦ.

2110 2386 2224 2439 Καὶ
2247 2385 2356 2454 γὰρ
2386 2385 2510 2439 κατ’
2544 2385 2734 2438 εἰκόνα
2769 2385 3042 2455 ἐπλάσθη.
3075 2385 3220 2454 Πλὴν
3253 2385 3349 2438 καὶ
3372 2379 3523 2446 οὗτος
3556 2385 3703 2438 πάνυ

2112 2477 2369 2531 λείπεται
2393 2477 2490 2530 τοῦ
2524 2477 2702 2545 Λόγου
2728 2477 2822 2530 τοῦ
2851 2478 3010 2532 Θεοῦ.
3052 2478 3112 2532 '0
3143 2480 3243 2549 μὲν
3267 2479 3375 2549 γὰρ
3402 2479 3706 2534 ὲνυπόστα-

2109 2586 2201 2632 τος
2259 2569 2356 2622 καὶ
2389 2567 2647 2636 ἐνεργής⁹
2685 2569 2712 2620 ὀ
2771 2567 2826 2620 δὲ
2859 2567 3169 2632 ἐνδιάθετος
3212 2567 3561 2638 συμϐεϐηκός
3583 2569 3704 2622 ἐστι

2109 2658 2188 2728 τῷ
2232 2657 2327 2728 νῷ.
2375 2658 2512 2711 ’Λπδ
2537 2661 2648 2726 γὰρ
2674 2657 2782 2710 τῶν
2809 2659 3107 2727 ὁρωμένων
3144 2660 3237 2711 καὶ
3265 2660 3577 2727 νοουμένων
3609 2659 3704 2715 διὰ

2107 2752 2208 2819 τῆς
2233 2750 2546 2820 αἰσθήσεως
2594 2750 2911 2817 ἐπιγίνεται
2940 2749 3020 2821 τῷ
3049 2750 3147 2821 νῷ,
3195 2751 3394 2819 ἐφόσον
3432 2751 3570 2820 μετὰ
3601 2750 3707 2803 σώο

2114 2843 2286 2912 ματός
2321 2844 2461 2896 ἐστι.
2505 2841 2599 2894 Διὸ
2647 2842 2744 2894 καὶ
2783 2843 2983 2912 ἀτελής
3032 2845 3152 2896 ἐστι
3201 2845 3322 2897 κατ’
3355 2844 3536 2910 ὀλίγον
3569 2857 3708 2912 συμο

2113 2939 2454 3008 πλεκόμενος
2489 2941 2584 2991 καὶ
2642 2939 2894 3008 ὕστερος.
2955 2939 3098 2991 Αὐτὸ
3151 2940 3258 3008 γὰρ
3311 2938 3371 2991 τὸ
3403 2938 3706 3007 δυνάμενον

2110 3034 2250 3084 νοεῖν
2282 3031 2376 3083 καὶ
2408 3033 2436 3089 ὀ
2471 3032 2636 3094 τόπος
2689 3033 2797 3084 τῶν
2827 3031 3037 3100 νοητῶν
3067 3032 3227 3086 εἰδῶν
3282 3033 3434 3085 ἔστιν
3480 3033 3507 3084 6
3554 3029 3704 3094 νοῦς,

2109 3124 2166 3187 ὃς
2200 3125 2351 3176 ἐστιν
2399 3123 2578 3178 οὐσία.
2615 3125 2694 3176 Td
2717 3124 2774 3177 δὲ
2798 3123 2875 3194 τῷ
2908 3125 2986 3197 νῷ
3013 3124 3078 3178 δι’
3106 3123 3318 3178 ἑαυτῶν
3345 3124 3707 3192 ἐπιγινόμενα

2114 3217 2222 3270 ἀπὸ
2244 3215 2354 3270 τῶν
2379 3215 2832 3288 ἐξωθενῦστερον
2858 3215 3234 3289 συνεργούσης
3265 3217 3366 3284 τῆς
3392 3216 3707 3284 αἰσθήσεως

2113 3310 2253 3380 μετὰ
2293 3310 2394 3378 τὴν
2417 3309 2702 3364 τελείωσιν
2742 3309 2839 3363 τοῦ
2870 3311 3170 3380 ὀργανικοῦ
3209 3311 3485 3379 σώματος,
3537 3307 3708 3362 ταῦτα

2111 3401 2289 3454 πάντα
2320 3404 2432 3456 εἰσὶ
2475 3401 2885 3472 συμϐεϐηκότα.
2935 3403 3028 3456 Διὸ
3059 3405 3155 3456 καὶ
3187 3407 3277 3454 τον
3319 3399 3489 3456 πολλὰ
3528 3403 3703 3455 ίόόντσ

2115 3495 2414 3565 πολυμαθῆ
2441 3495 2700 3566 λέγομεν.

408 3583 558 3636 latim
587 3591 1194 3650 contexatur,ortuqne
1221 3584 1492 3652 posterior
1516 3586 1607 3640 sit.
1658 3584 1839 3651 Ipsum
1865 3586 2009 3640 enim
2053 3601 2218 3656 penes
2259 3589 2403 3657 quod
2441 3587 2780 3660 intelligendi
2845 3587 3116 3654 facultas,
3171 3602 3234 3643 ac
3283 3588 3435 3644 locus
3497 3589 3708 3660 specie-

409 3689 530 3728 tum
555 3691 672 3742 quae
698 3677 751 3728 in
785 3675 1116 3729 intellectum
1140 3676 1367 3742 cadunt,
1396 3692 1553 3733 mens
1581 3685 1688 3743 est,
1715 3693 1835 3748 quae
1895 3680 2205 3735 substantia
2240 3689 2346 3738 est.
2385 3681 2514 3742 Quae
2575 3693 2758 3737 autem
2801 3692 2990 3752 postea
3027 3681 3194 3736 menti
3223 3697 3321 3735 sua
3384 3682 3434 3735 vi
3477 3684 3544 3738 ab
3612 3695 3710 3738 ρι’

409 3766 703 3820 terioribus
743 3779 940 3819 sensus
967 3779 1152 3834 Opera,
1188 3780 1421 3836 corpore
1464 3767 1578 3835 jam
1632 3769 1856 3838 organis
1886 3769 2153 3839 perfecto,
2218 3771 2550 3840 adveniunt,
2583 3785 2776 3830 cuncta
2807 3778 2919 3830 haec
2986 3775 3291 3831 accidentia
3346 3787 3495 3832 sunt.
3556 3777 3708 3834 Unde

404 3857 569 3910 edam
605 3872 726 3910 enm
749 3855 844 3924 qui
879 3857 1048 3909 multa
1085 3854 1255 3920 novit,
1284 3858 1452 3911 multa
1480 3859 1702 3914 doetum
1735 3861 1990 3925 dicimus,
2034 3878 2129 3920 seu
2145 3866 2264 3942 ⁸ιιιιί
2291 3869 2462 3923 tnulta
2498 3868 2776 3924 didicerit.

485 3952 623 4017 Quia
674 3950 844 4020 igitur
896 3949 1061 4004 etiam
1117 3948 1260 4004 Dens
1317 3952 1608 4006 rationalis
1658 3962 1776 4020 (seu
1835 3954 2013 4024 magis

412 4043 684 4098 Sermone
721 4040 1011 4111 Verbaque
1044 4041 1328 4114 praditus)
1383 4051 1508 4099 est:
1552 4059 1617 4100 ac
1654 4045 1746 4115 qui
1788 4045 2014 4101 difﬁtea-

2197 3959 2353 4015 Ἐπεὶ
2383 3963 2569 4016 τοίνυν
2617 3963 2714 4015 καὶ⁵
2769 3963 2796 4015 6
2843 3962 2978 4024 Θεός
3031 3965 3148 4015 ἐστι
3195 3961 3439 4032 λογικὸς,
3487 3964 3518 4018 δ
3560 3967 3706 4038 παρὰ

2103 4051 2330 4107 πάντων
2383 4054 2768 4124 ὁμολογεῖται⁹
2805 4053 2834 4107 6
2891 4054 2949 4108 δὲ
2983 4055 3158 4124 Λόγος
3203 4055 3374 4110 αὑτοῦ
3423 4059 3524 4112 οὐκ
3591 4060 3706 4111 ἔστι

410 4143 500 4189 tur
527 4135 711 4188 nullus
742 4136 860 4202 est”;
894 4126 995 4188 nec
1023 4135 1145 4202 ejus
1176 4133 1370 4190 Sermo
1400 4151 1464 4191 ac
1491 4134 1728 4192 Verbum
1756 4138 2001 4195 accident

2109 4145 2464 4217 συμϐεϐηκός
2506 4147 2589 4216 (τὸ
2616 4148 2726 4218 γὰρ
2777 4149 2834 4201 ἐν
2878 4148 2955 4220 τῷ
2986 4149 3105 4220 Θεῷ
3137 4149 3488 4221 συμϐεϐηκὸς
3525 4150 3708 4220 λέγειν

410 4235 494 4281 est
531 4223 856 4292 (absurdum
889 4227 1093 4296 quippe
1124 4236 1183 4280 ut
1215 4227 1384 4281 ullum
1427 4231 1481 4282 in
1512 4229 1622 4284 Deo
1651 4230 1869 4286 dicatur
1915 4245 2010 4286 ace

412 4317 652 4388 cidcns),
681 4317 776 4372 sed
811 4332 940 4370 vere
969 4318 1244 4374 exsistens
1270 4329 1324 4375 et
1371 4320 1560 4375 vivens
1588 4320 2006 4392 perfectumque

2106 4236 2360 4309 ἄτοπον)·
2387 4238 2507 4291 ἀλλ’
2527 4241 2676 4291 ἔστιν
2697 4239 3066 4304 ὲνυπόστατος
3097 4242 3190 4294 καὶ
3215 4242 3332 4306 ζῶν
3351 4243 3449 4296 καὶ
3471 4245 3701 4309 τέλειος·

2105 4328 2198 4381 διὰ
2225 4331 2384 4382 τοῦτο
2416 4329 2650 4400 λέγομεν
2683 4331 2768 4384 ὅτι
2801 4333 2827 4385 6
2874 4331 3009 4396 Θεὸς
3032 4333 3120 4388 διὰ
3154 4334 3250 4386 τοῦ
3301 4335 3495 4389 ἑαυτοῦ
3527 4337 3704 4405 Λόγου

410 4421 533 4473 est;
567 4407 774 4463 idcirco
805 4409 1040 4464 dicimus
1071 4408 1241 4466 Deum
1292 4427 1387 4480 per
1412 4412 1649 4468 Verbum
1679 4429 1840 4470 suum
1871 4431 2001 4470 cun-

2107 4421 2177 4498 τὸέ
2197 4422 2375 4475 πάντα
2400 4421 2678 4492 ἐποίησεν.
2713 4424 2775 4476 Ei
2798 4421 2930 4492 γοῦν
2953 4425 3021 4478 δι’
3053 4425 3220 4480 αὐτοῦ
3248 4426 3468 4494 ἐγένετο
3499 4430 3702 4495 πάντα,

411 4512 500 4554 cta
525 4500 864 4556 condidisse.
901 4503 1037 4555 Cum
1061 4517 1192 4573 ergo
1224 4518 1322 4572 per
1356 4505 1534 4572 ipsum
1571 4503 1713 4561 facta
1744 4507 1856 4561 sint
1879 4521 2001 4560 om-

2111 4491 2209 4568 κᾶι
2263 4518 2292 4567 6
2337 4491 2630 4586 ἅνθρωπος
2680 4516 2749 4570 δι’
2781 4491 2949 4572 αὑτοῦ
2987 4519 3236 4589 ἐπλάσθη
3258 4491 3378 4583 .-δι’
3413 4521 3580 4582 αὐτοῦ
3615 4491 3706 4576 καλ

412 4597 526 4659 nia,
555 4609 618 4649 ac
646 4610 738 4665 per
765 4595 894 4650 illud
933 4597 1094 4651 homo
1122 4597 1297 4652 factus
1324 4597 1488 4653 fuerit
1521 4609 1685 4670 atque
1714 4601 2001 4669 formatus,

414 4696 510 4753 per
542 4687 721 4753 ipsum
759 4674 1141 4751 nihilominus,
1181 4702 1309 4742 eum
1342 4689 1435 4759 qui
1469 4692 1743 4746 contritus
1783 4691 1959 4746 fuerat
1987 4731 2002 4757 ,

412 4777 752 4833 conwniens
779 4777 882 4832 fuit
909 4781 1150 4848 reparari
1182 4798 1193 4835 :
1220 4796 1315 4850 per
1339 4783 1484 4837 hunc
1513 4784 1727 4839 scilicet
1755 4789 2002 4840 modum.

414 4869 552 4934 Quia
587 4871 731 4923 enim
769 4871 1066 4928 humanum
1105 4890 1278 4944 genus
1309 4890 1374 4929 ex
1408 4876 1517 4932 illis
1547 4887 1659 4941 est,
1683 4894 1805 4949 quae
1833 4894 1862 4933 a
1893 4878 2006 4936 Deo

416 4963 629 5016 ratione
662 4965 867 5018 utentia
905 4968 1128 5021 condita
1171 4976 1332 5033 sunt;
1378 4969 1543 5025 homo
1587 4981 1866 5040 quatenus
1915 4987 2005 5026 ra-

417 5057 566 5108 tione
601 5055 866 5127 liberique
902 5058 1117 5113 arbitrii
1155 5060 1419 5115 facultate
1454 5063 1737 5132 praeditus,
1775 5063 2005 5134 reliquis

415 5147 736 5202 inanimatis
767 5159 818 5203 et
847 5150 1104 5206 animatis
1136 5151 1426 5222 brutisque
1458 5153 1832 5209 animantibus
1867 5169 2006 5222 pra:-

411 5236 598 5306 cellit':
647 5241 788 5309 quod
845 5243 969 5295 item
1031 5242 1136 5296 alia
1191 5252 1412 5311 propter
1455 5245 1732 5300 hominem
1786 5246 2004 5302 condita

416 5341 570 5396 sunt,
601 5341 662 5386 ut
707 5348 800 5401 per
833 5334 1101 5388 rationem
1139 5342 1196 5388 et
1235 5335 1524 5390 scientiam
1572 5336 1682 5390 illis
1715 5338 1901 5406 praesit
1932 5337 2002 5391 ".

413 5424 587 5478 Bruta
616 5440 856 5494 namque
903 5426 1202 5480 animantia
1240 5428 1388 5483 nullo
1437 5429 1672 5484 consilio
1708 5431 1890 5484 omnia
1922 5428 2002 5484 fa-

409 5521 564 5573 ('ittttt
591 5520 658 5574 ad
689 5536 810 5588 quae
847 5528 1158 5584 tnoventur,
1198 5523 1432 5576 naturali
1463 5523 1513 5577 vi
1545 5525 1598 5578 in
1633 5523 1720 5577 illa
1753 5524 2001 5592 incitata;

415 5613 564 5665 haud
603 5628 763 5666 secus
799 5628 862 5665 ac
887 5621 1034 5666 terra
1065 5625 1118 5667 et
1147 5617 1379 5670 arbores
1411 5619 1531 5670 sine
1565 5617 1777 5672 ratione
1823 5625 1877 5672 et
1909 5631 2006 5671 vo-

413 5702 623 5755 luntate
670 5719 733 5757 ac
769 5702 1001 5756 consilio
1035 5703 1388 5761 fructificant.
1427 5707 1637 5770 Idcirco
1669 5710 2003 5765 conveniens

408 5805 551 5857 erat,
588 5809 706 5847 eazn
742 5795 949 5850 homini
1000 5813 1187 5852 curam
1223 5799 1470 5855 adhiberi
1498 5845 1513 5869 ,
1571 5820 1677 5873 qua
1717 5819 2002 5876 reparare-

2110 4605 2472 4677 συντριϐέντα
2507 4608 2672 4661 πάλιν
2735 4609 2981 4680 ἔπρεπεν
3028 4611 3193 4665 αὑτὸν
3227 4613 3699 4682 ἁνακαινισθῆναι.

2115 4699 2366 4770 Ἔπρεπε
2393 4699 2448 4753 δὲ
2479 4701 2622 4755 κατὰ
2656 4701 2839 4758 τοῦτο.
2890 4700 3049 4759 Ἐπεὶ
3095 4705 3204 4776 γὰρ
3255 4706 3326 4760 τὰ
3351 4706 3548 4776 λογικὰ
3589 4709 3704 4759 κτί-
3779 4728 3794 4735 ·

2110 4805 2296 4861 σματα
2326 4793 2374 4844 οί
2393 4791 2673 4864 ἄνθρωποι
2701 4796 3030 4866 τιμιώτερόν
3060 4798 3176 4851 ἐστι
3208 4799 3318 4852 τῶν
3353 4798 3528 4852 ἄλλων
3564 4799 3704 4868 ἀξύ-

2108 4898 2220 4952 χων
2254 4884 2350 4937 καὶ
2386 4884 2650 4956 ἐμψύχων
2685 4890 2780 4941 καὶ
2807 4887 3019 4957 ἀλόγων
3051 4889 3227 4958 ζώων,
3275 4891 3469 4946 καθότι
3499 4893 3648 4946 ἐστὶν
3674 4894 3703 4946 6

2108 4975 2405 5046 ἄνθρωπος
2437 4977 2658 5046 λογικὸν
2683 4981 2780 5034 καὶ
2808 4981 3187 5052 αὐτεξούσιον,
3227 4985 3320 5038 καὶ
3348 4985 3431 5037 ὅτι
3465 4985 3533 5038 τὰ
3564 4982 3700 5038 ἄλλα

2108 5067 2197 5121 διὰ
2248 5070 2341 5122 τὸν
2378 5071 2667 5143 ἄνθρωπον
2717 5073 2984 5142 ἐγένοντο,
3044 5075 3130 5128 ἵνα
3188 5077 3330 5149 ἄρχῃ
3391 5078 3569 5133 αὐτῶν
3614 5079 3702 5132 διὰ

2108 5161 2271 5231 λόγου
2304 5164 2401 5217 καὶ
2425 5163 2706 5232 γνώσεως·
2739 5165 2807 5218 τὰ
2834 5166 2943 5236 γὰρ
2977 5167 3148 5238 ἄλογα
3200 5169 3315 5234 ζῶα
3350 5171 3472 5241 δίχα
3505 5171 3701 5242 βουλῆς

2111 5255 2323 5306 πιιιοῦσι
2352 5257 2461 5308 πᾶν
2497 5258 2576 5318 εἰς
2607 5257 2746 5323 ὅπερ
2783 5255 2849 5310 ἂν
2881 5259 3168 5330 κινηθῶσι,
3193 5264 3259 5331 τῇ
3297 5266 3504 5334 φυσικῇ
3535 5263 3698 5317 δυνά-

2113 5360 2202 5413 μει
2261 5345 2402 5414 πρὸς
2461 5345 2634 5398 ταῦτα
2696 5349 3013 5418 κινούμενα,
3075 5351 3196 5404 καθ’
3230 5351 3287 5406 ὃν
3321 5356 3525 5422 τρ-ὒπον
3557 5355 3590 5423 ἡ
3626 5353 3697 5422 γῆ

2111 5437 2302 5490 καὶτὰ
2352 5437 2547 5506 δένδρα
2599 5438 2815 5505 ἀλόγως
2848 5441 2942 5494 καὶ
2993 5443 3379 5512 ἀπροαιρέτως
3431 5447 3527 5499 καὶ
3573 5444 3698 5514 δίχα

2111 5525 2310 5596 βουλῆς
2346 5527 2784 5599 καρποφοροῦσι·
2827 5529 2914 5584 διὰ
2965 5531 3128 5585 τοῦτο
3176 5533 3417 5604 ἔπρεπεν
3473 5536 3557 5588 ἵνα
3602 5537 3698 5590 καὶ

2108 5619 2208 5688 τὴν
2240 5620 2566 5688 ἐπιμέλειαν
2594 5623 2619 5670 ὁ
2651 5621 2939 5689 ἄνθρωπος
2965 5622 3102 5696 εὕρῃ
3147 5627 3226 5687 εἰς
3275 5627 3335 5678 τὸ
3378 5629 3697 5694 ἐπανορθω-

2111 5709 2294 5779 θῆναι,
2327 5711 2423 5762 καὶ
2483 5712 2687 5780 μᾶλλον
2721 5711 2752 5781 ἢ
2788 5714 2947 5785 εἴπερ
2974 5715 3102 5769 ἄλλο
3154 5735 3208 5770 τι
3257 5716 3367 5770 τῶν
3399 5719 3695 5788 ὀρωμένωι

2113 5803 2432 5872 κτισμάτων
2470 5801 2750 5856 συνέϐαινε
2790 5809 3122 5860 καταπεσεῖν
3159 5808 3252 5861 καὶ
3287 5809 3647 5880 συντριϐῆναι
3677 5825 3692 5840 ⁶
