4088 6422
359 333 465 401 6i3

1369 332 1946 404 DﬁﬁPRINCIPHS
1975 343 2188 404 FIDE!
2223 345 2701 413 CATHOLICIE.

3519 361 3630 424 614

359 452 596 522 ἐπείπερ
625 452 656 506 ὁ
685 451 973 524 ἄνθρωπος
1005 451 1108 523 τῆς
1139 452 1406 538 ᾲληθινής
1434 453 1556 508 δδοῦ
1592 455 1688 509 καὶ⁹
1728 455 1945 520 εὐθείας

2053 461 2177 530 ιυιοζ;
2207 460 2406 532 potiori
2438 465 2704 521 nimirum
2740 466 2975 534 ratione,
3007 482 3172 540 quam
3207 471 3252 526 si
3282 471 3450 527 ullum
3482 475 3629 531 aliud

359 543 636 614 ἐξετράπη
697 543 794 598 καὶ
841 534 1250 615 ἐπλανήθηκαὶ
1281 547 1610 601 ὲκπέπτωκε
1645 549 1748 619 τῆς
1793 550 1948 620 παρὰ

359 637 452 690 τοῦ
489 637 630 690 Θεοῦ
673 637 927 708 δοθείσης
955 638 1108 710 αὐτῷ
1151 639 1344 710 τιμῆς.
1389 639 1706 713 Ἑπλανήθη
1756 642 1814 696 δὲ
1856 644 1950 697 καὶ

360 731 609 795 ἐξέπεσε,
643 729 782 784 διότι
823 732 926 786 οὐκ
957 733 1304 787 ἐπολιτεύετο
1334 733 1526 804 ὥσπερ
1568 733 1756 800 ἔταξεν
1786 736 1950 790 αὐτὸν

359 820 541 882 sese;
569 819 628 885 ἐξ
665 821 862 892 ἀρχῆς·
897 821 1012 875 ἀλλ’
1050 823 1134 876 δτι
1161 820 1266 891 τὴν
1313 822 1512 877 ἑαυτοῦ
1544 821 1790 893 θέλησιν,
1827 822 1949 894 ἣτις

359 911 560 981 (ligasti:
585 912 773 981 ζητεῖν
805 913 874 967 τὰ
900 913 1157 984 οὐράνια,
1192 914 1513 986 διέστρεφεν
1545 917 1575 970 ὁ
1614 915 1906 988 ἄνθρωπος
1931 933 1946 948 ·

360 1008 455 1058 καὶ
485 1007 608 1062 ἀντὶ
631 1005 727 1060 τυῦ
762 1008 990 1079 ἀγαπᾷν
1038 1010 1135 1064 καὶ
1166 1008 1344 1064 θέλειν
1392 1011 1567 1066 ταῦτα
1612 1015 1708 1068 καὶ
1740 1011 1946 1084 ζητεῖν,

361 1097 660 1166 ᾑρετίσατο
691 1101 759 1153 τὰ
788 1101 952 1171 γήϊνα
988 1104 1081 1156 καὶ
1114 1105 1407 1173 σωματικά
1430 1120 1448 1138 ο
1474 1105 1573 1169 τὰς
1613 1106 1827 1177 ὀρέξεις
1851 1105 1948 1161 καὶ

362 1189 665 1260 ἐπιθυμίας
699 1195 795 1246 καὶ
827 1194 1024 1264 ήδονάς
1053 1196 1156 1259 τὰς
1187 1195 1443 1266 ἀλόγους.
1478 1195 1733 1268 Ὥρμησε
1765 1198 1823 1252 δὲ
1853 1199 1949 1252 ἐπὶ
1979 1225 1986 1232 -

361 1283 542 1351 τοῦτο,
575 1284 768 1356 ἐπειδὴ
803 1288 831 1340 ὁ
857 1285 1147 1358 ἄνθρωπος
1174 1288 1525 1355 αὑτεξούσιος
1557 1290 1825 1361 ἐπλάσθη,
1852 1292 1946 1345 καὶ

362 1376 462 1446 τῆς
498 1377 700 1448 ἀρετῆς
754 1378 855 1432 οὐκ
907 1380 1207 1452 εἰσήγαγεν
1254 1383 1282 1434 ὁ
1322 1380 1458 1442 Θεὸς
1500 1381 1749 1452 ἀνάγκην
1781 1385 1838 1436 ὲν
1865 1383 1945 1455 τῷ

363 1465 659 1538 ἀνθρώπῳ,
720 1468 787 1522 ἶν’
817 1469 916 1543 ἔχῃ
976 1471 1244 1540 στέφανον
1301 1473 1397 1526 καὶ
1435 1473 1602 1544 τιμὴν
1647 1474 1746 1527 καὶ
1793 1475 1946 1540 ἄξιον

360 1557 454 1610 τὸν
487 1559 701 1627 μισθὸν,
733 1561 810 1626 ὡς
838 1562 1056 1617 οἴκοθεν
1079 1566 1142 1618 τὸ
1172 1564 1378 1633 ἀγαθὸν
1408 1566 1869 1638 προαιρούμενος.

2052 564 2363 614 creatorum
2397 560 2699 617 visibilium
2725 560 2922 617 collabi
2950 562 3270 634 contigisset
3291 579 3357 620 ac
3381 569 3632 634 conteri;

2053 648 2199 716 quod
2235 649 2325 706 ille
2368 667 2400 707 a
2428 668 2558 709 vera
2589 663 2851 724 rectaque
2879 655 2966 710 via
3001 654 3297 711 deﬂexerat
3326 666 3377 712 et
3409 673 3635 714 exerra-

2054 749 2227 803 verat,
2267 750 2433 812 atque
2460 745 2530 800 ab
2574 746 2786 801 honore
2822 745 2926 800 sibi
2953 745 3216 803 divinitus
3245 763 3514 805 concesso
3539 766 3634 807 ex-

2053 831 2287 888 ciderat.
2329 835 2628 892 Exerrarat
2660 853 2790 894 vero
2817 845 2869 892 et
2899 839 3206 907 exciderat,
3237 843 3384 912 quod
3417 859 3524 898 non
3558 845 3636 898 ita

2051 925 2222 980 vitam
2271 928 2610 996 instituerat,
2647 941 2706 986 ut
2738 946 2767 984 a
2820 932 3086 1003 principio
3123 933 3198 988 illi
3249 933 3394 992 Deus
3428 939 3637 992 consti-

2057 1023 2279 1084 tuerat;
2319 1019 2415 1074 sed
2460 1021 2605 1089 quod
2633 1011 2967 1077 voluntatem
3012 1039 3166 1080 suam
3195 1065 3208 1087 ,
3242 1041 3360 1096 quae
3389 1028 3632 1083 ctelestia

2051 1121 2297 1177 quaerere
2343 1110 2633 1177 debuerat,
2670 1122 3049 1181 perverterat;
3083 1132 3319 1186 cumque
3355 1119 3471 1174 hasc
3511 1120 3634 1174 dili-

2050 1214 2178 1269 gere
2217 1215 2282 1256 ac
2318 1203 2454 1258 velle
2484 1213 2535 1258 et
2565 1220 2811 1275 quaerere
2850 1215 3148 1276 oporteret,
3192 1217 3407 1264 terrena
3440 1222 3492 1265 et
3515 1226 3634 1265 cor-

2052 1293 2260 1360 poralia
2295 1295 2628 1363 praztulerat,
2663 1297 2984 1366 cupiditates
3015 1309 3258 1356 sectatus
3283 1311 3337 1356 et
3363 1302 3632 1358 desideria

2053 1399 2117 1439 ac
2153 1385 2411 1442 libidines
2461 1403 2490 1442 a
2533 1389 2745 1444 ratione
2776 1389 2937 1460 longe
2977 1391 3357 1449 abhorrentes.
3414 1396 3468 1448 ld
3504 1408 3632 1449 vero

2055 1477 2220 1532 homo
2261 1494 2556 1548 aggressus
2587 1491 2670 1537 est
2697 1523 2711 1548 ,
2745 1484 2890 1552 quod
2931 1481 3194 1540 facultate
3232 1487 3444 1540 arbitrii
3471 1503 3636 1540 orna.-

2055 1580 2144 1624 tus
2178 1571 2448 1628 formatus
2479 1574 2678 1643 fuerat,
2713 1591 2815 1631 nec
2841 1577 2890 1631 ei
2923 1577 3068 1633 Deus
3098 1579 3316 1634 virtutis
3337 1581 3634 1634 necessita-

361 1664 466 1710 tem
499 1656 792 1724 indiderat,
842 1668 903 1714 ut
933 1674 1194 1716 coronam
1224 1671 1278 1716 et
1310 1662 1577 1718 honorem
1607 1663 1942 1738 dignamque
1979 1668 2290 1725 mercedem
2333 1681 2783 1742 consequeretur,
2817 1683 2876 1728 ut
2909 1673 3005 1744 qui
3072 1675 3186 1744 ipse
3227 1690 3256 1728 a
3306 1689 3366 1729 se
3433 1675 3635 1728 bonum

356 1753 601 1823 eligeret.

429 1845 588 1900 Κατὰ
620 1846 720 1917 τὴν
769 1846 990 1921 θέλησιν
1017 1847 1114 1904 οὖν
1153 1849 1322 1904 αὐτοῦ
1355 1853 1384 1906 ὁ
1423 1852 1714 1924 ἄνθρωπος
1764 1855 1936 1909 ἔπλαά

2112 1853 2224 1908 Sua
2257 1853 2442 1923 itaque
2475 1851 2756 1908 voluntate
2782 1852 2947 1908 homo
2998 1865 3298 1919 erraverat,
3331 1855 3634 1912 secundum

360 1938 520 2008 νήθη,
555 1938 680 1992 καθ’
711 1939 738 1993 ὃ
760 1941 794 2010 ή
845 1941 1125 2011 τελειότης
1150 1943 1248 1997 τοῦ
1303 1944 1598 2016 ἀνθρώπου
1635 1947 1945 2018 θεωρεῖται,

2055 1961 2220 2016 quam
2271 1945 2511 2000 hominis
2545 1945 2810 2016 perfectio
2837 1948 3239 2013 consideratur,
3276 1957 3443 2019 atque
3473 1966 3502 2004 a
3539 1949 3635 2004 Dei

361 2029 458 2083 καὶ
483 2029 756 2101 ὠλίσθησε
781 2032 877 2086 καὶ
902 2032 1128 2100 ἐξέπεσε
1161 2035 1262 2106 τῆς
1278 2036 1439 2109 δόξης
1463 2039 1555 2093 τοῦ
1577 2038 1738 2101 Θεοῦ,
1762 2041 1951 2113 δηλον-

2053 2035 2228 2107 gloria
2256 2036 2577 2102 exciderat;
2609 2035 2680 2091 ob
2713 2051 3028 2107 perversam
3061 2039 3319 2094 nimirum
3346 2057 3500 2095 suatn
3538 2057 3636 2095 voc

357 2123 438 2174 ότι
500 2121 592 2174 διὰ
651 2124 751 2192 τήν
813 2122 1264 2198 διεστραμμένην
1323 2128 1548 2200 θέλησιν
1605 2131 1809 2185 αὐτοῦ’
1872 2131 1945 2185 διδ

2052 2125 2347 2182 luntatem.
2375 2127 2747 2193 Quamobrem
2781 2129 2946 2184 etiam
2977 2131 3168 2186 mortis
3201 2131 3495 2188 damnatus
3525 2143 3631 2197 est,

358 2212 452 2264 καὶ
483 2213 854 2284 κατεδικάσθη
897 2213 992 2268 τὸν
1019 2216 1274 2286 θάνατον,
1314 2221 1396 2274 ὅτι
1443 2221 1645 2294 θνητὴν
1697 2219 1813 2294 εἶχε
1844 2224 1951 2294 φύ-

362 2322 470 2372 σιν,
493 2304 806 2377 δυναμένην
839 2306 1236 2380 ἀποθνήσκειν.
1273 2311 1454 2385 Ὅπερ
1495 2313 1583 2368 διὰ
1637 2315 1950 2388 φιλανθρω-

362 2399 498 2452 πίαν
548 2397 771 2467 ἐγένετο
800 2398 892 2452 τοῦ
918 2398 1079 2466 Θεοῦ,
1115 2404 1205 2460 ἵνα
1239 2403 1316 2475 μὴ
1365 2406 1638 2461 ἀθάνατον
1743 2408 1804 2462 τὸ
1845 2427 1949 2463 κα-

367 2491 484 2555 κὸν,
534 2491 671 2551 ἆλλᾶ
702 2491 947 2562 παύηται
975 2495 1076 2564 τῆς
1099 2496 1405 2567 ἁμαρτίας,
1449 2495 1805 2573 μεμνημένος
1851 2502 1947 2556 τοῦ

366 2581 598 2636 θανάτου
618 2583 712 2636 καὶ
737 2582 1075 2653 φοϐούμενος
1103 2587 1290 2641 αὐτόν.
1341 2590 1453 2644 Καὶ
1485 2591 1600 2662 γὰρ
1651 2591 1740 2645 διὰ
1791 2591 1949 2647 τοῦτο

357 2677 457 2747 τὴν
479 2675 659 2747 ψυχὴν
705 2677 782 2749 τῷ
815 2676 996 2749 θνητῷ
1027 2679 1246 2751 σώματι
1268 2682 1620 2750 συνέπλεξεν,
1673 2682 1762 2751 ἵν’,
1815 2686 1948 2740 ὅταν

361 2771 667 2843 προαιρεθῇ
700 2774 768 2826 τὰ
800 2772 984 2842 φαῦλα
1037 2774 1128 2827 διὰ
1156 2774 1256 2846 τὴν
1290 2773 1778 2848 αύτεξουσιότητα,
1839 2798 1946 2835 πα-

361 2863 624 2932 ραχρῆμα
663 2862 1109 2933 καταδικάζηται
1144 2865 1517 2935 ἀποθνήσκων
1557 2868 1645 2922 διὰ
1679 2868 1781 2938 τὴν
1813 2867 1944 2941 θνη-

357 2958 562 3029 τότητα
605 2959 702 3012 τοῦ
747 2957 1038 3028 σώματος’
1085 2963 1226 3034 ὅπερ
1255 2961 1457 3034 ἔμελλε
1486 2963 1707 3028 πάντως
1743 2963 1946 3019 ἀθάνα-

357 3068 448 3105 τον
473 3046 633 3118 εἶναι,
670 3053 722 3105 εἰ
755 3055 1060 3126 προῃρεῖτο
1087 3054 1156 3108 τὰ
1187 3055 1396 3124 ἀγαθὰ,
1450 3057 1548 3110 καὶ
1579 3055 1723 3124 ἅπερ
1755 3057 1782 3108 ὁ
1811 3055 1947 3120 Θεὸς

357 3141 630 3198 ἐϐούλετο.
691 3143 872 3206 Μέσος
933 3143 1044 3214 γὰρ
1114 3144 1445 3215 θνητὸτητος
1497 3149 1594 3203 καὶ
1639 3147 1944 3210 ἀθανασίας

357 3233 627 3306 ἐπλάσθη.
676 3234 736 3288 ’0
765 3235 822 3288 δὲ
857 3237 1037 3292 Σατὰν
1062 3237 1123 3291 οὐ
1166 3239 1539 3311 κατεδικάσθη
1573 3239 1941 3309 ἀποθνήσκειν

359 3326 609 3380 ἐκπεσὼν
642 3328 735 3381 τοῦ
766 3329 927 3394 Θεοῦ,
950 3331 1034 3384 ὅτι
1084 3330 1289 3403 θνητὴν
1315 3332 1499 3402 φύσιν,
1541 3331 1733 3404 ὥσπερ
1754 3334 1941 3405 ἡμεῖς,

357 3421 456 3472 οὐκ
486 3415 625 3490 εἶχε,
657 3420 964 3493 δυναμένην
999 3419 1392 3494 ἀποθνήσκειν.
1419 3425 1520 3480 Διὰ
1564 3423 1744 3479 ταῦτα
1775 3427 1870 3479 καὶ
1915 3428 1944 3478 ὀ

360 3511 458 3579 μὲν
500 3509 792 3581 ἄνθρωπος
828 3517 1086 3585 μετανοεῖ
1138 3517 1492 3588 μεμνημένος
1538 3517 1632 3571 τοῦ
1685 3517 1940 3586 θανάτου,

359 3605 451 3657 καὶ
485 3605 645 3658 τοῦτο
670 3610 848 3659 ποιεῖν
875 3608 1106 3662 δύναται
1138 3609 1337 3678 ἐφόσον
1368 3609 1434 3682 ζῇ
1491 3611 1630 3681 μετὰ
1680 3610 1775 3664 τοῦ
1835 3611 1942 3665 σώ-

359 3713 529 3766 ματος
574 3698 671 3751 τοῦ
697 3699 1040 3770 μεταϐλητοῦ
1074 3703 1271 3755 τούτου
1303 3720 1318 3734 ο
1355 3705 1496 3773 μετὰ
1526 3701 1584 3756 δὲ
1639 3703 1732 3756 τὸν
1779 3703 1952 3779 θάναέ

354 3805 447 3843 τον
475 3791 534 3843 ού
563 3791 877 3861 δυνήσεται,
908 3792 1026 3847 ἀλλ’
1061 3793 1332 3863 ἄτρεπτος
1383 3793 1682 3848 διατελέσει
1710 3794 1942 3849 διαπανιο

355 3882 466 3949 τὸς,
499 3886 600 3954 τὴν
630 3885 908 3956 λαχοῦσαν
937 3885 1126 3958 χώραν
1169 3887 1322 3957 αὐτῷ
1354 3887 1602 3959 κατέχων
1631 3901 1651 3920 ⁶
1678 3890 1706 3941 ὀ
1738 3888 1795 3943 δὲ
1825 3888 1944 3942 δαί·-

358 3994 476 4046 μων
509 3977 569 4030 ού
601 3980 859 4046 μετανοεῖ
886 3979 974 4034 διὰ
1003 3979 1064 4032 τδ
1095 3979 1195 4049 τῆς
1228 3977 1430 4034 ἑαυτοῦ
1483 3980 1703 4050 φύσεως
1729 3981 1941 4053 ἀμετά-

356 4069 575 4142 ϐλητον.
632 4073 700 4126 Ὃ
755 4073 868 4144 γὰρ
951 4073 1186 4138 θάνατος
1249 4076 1309 4128 ἐν
1373 4073 1707 4146 ἀνθρώποις,
1784 4076 1942 4131 τοῦτο

356 4161 633 4227 ἔκπτωσις
667 4164 724 4217 ὲν
755 4163 1036 4233 ἀγγέλοις.

439 4345 596 4399 Ἐπεὶ
625 4343 724 4401 οῦν
763 4347 1118 4426 ὁμολογεῖται
1147 4349 1229 4404 ὄτι
1271 4351 1427 4422 παρὰ
1445 4351 1541 4406 τοῦ
1599 4353 1736 4410 Θεοῦ
1799 4357 1943 4410 κατὰ

356 4437 446 4490 τδν
481 4440 760 4508 πρέποντα
802 4439 1087 4510 κρίνονται
1118 4442 1300 4510 λόγον,
1333 4444 1542 4515 ἔπρεπε
1563 4447 1626 4498 τὸ
1663 4445 1940 4516 ἀνθρώπι-

356 4545 447 4581 νον
477 4526 974 4601 ἐπανορθώσασθαι
1010 4532 1230 4602 νόσημα
1255 4533 1346 4586 διὰ
1390 4532 1484 4586 τοῦ
1515 4533 1715 4588 ἑαυτοῦ
1738 4535 1938 4604 Λόγου,

356 4622 425 4674 δι’
456 4615 516 4674 οὗ
552 4623 645 4676 καὶ
669 4622 914 4692 ὲξαρχῆς
938 4624 971 4694 ἡ
994 4622 1108 4677 τῶν
1139 4623 1448 4695 ἀνθρώπων
1478 4625 1728 4696 ἐπλάσθη
1754 4627 1939 4696 φύσις.

370 4715 524 4768 Ἐπεὶ
557 4715 699 4769 δὲτὸ
730 4717 947 4786 νόσημα
978 4715 1090 4768 τῶν
1139 4715 1450 4785 ἀνθρώπων
1478 4717 1511 4785 ή
1539 4717 1788 4790 ἁμαρτία
1851 4713 1941 4788 ἦν,

359 4807 497 4877 ὅπερ
535 4808 842 4879 ἐνήργησεν
893 4809 926 4879 ἠ
960 4807 1108 4878 κακὴ
1147 4805 1388 4877 θέλησις,
1447 4808 1688 4879 ἔπρεπεν
1730 4810 1816 4863 ἵνα
1849 4809 1945 4863 καὶ

359 4900 800 4970 ήὲπανόρθωσις
836 4899 1013 4952 οἰκεία
1077 4900 1175 4953 καὶ
1227 4899 1547 4970 ἁρμόζουσα
1701 4904 1837 4972 πρὸς
1881 4903 1942 4956 τὸ

361 4993 578 5062 νόσημα
605 5011 618 5024 ο
675 4992 868 5064 ὥσπερ
921 4995 1017 5048 καὶ
1050 4993 1098 5046 οἱ
1140 4994 1321 5062 ἰατροὶ
1351 4992 1450 5056 τὰς
1489 4991 1786 5065 θεραπείας
1809 4981 1940 5048 ἅναξ

356 5084 551 5152 λόγους
590 5083 808 5137 ποιοῦσι
848 5085 986 5154 πρὸς
1013 5084 1072 5137 τὸ
1095 5084 1309 5153 νόσημα
1333 5085 1427 5137 καὶ
1459 5084 1550 5138 τὸν
1575 5085 1934 5140 ἀσθενοῦντα.

361 5177 470 5230 Καὶ
497 5177 606 5247 γάρ
630 5194 784 5246 φασι,
831 5198 849 5229 ι
896 5178 977 5230 Τὰ
1017 5175 1237 5230 ἐναντία
1262 5175 1374 5230 τῶν
1403 5177 1664 5230 ἐναντίων
1706 5177 1938 5247 ἰάματα.

360 5268 517 5322 Οὖτω
549 5269 593 5322 δ’
620 5270 686 5322 ἂν
712 5265 780 5341 ἦν
809 5270 988 5325 οἰκεία
1028 5270 1124 5324 καὶ
1187 5267 1506 5339 ἁρμόζουσα
1561 5273 1596 5339 ή
1644 5269 1940 5339 θεραπεία,

362 5362 496 5429 εἴγε
523 5363 550 5414 ὁ
579 5363 677 5432 μὲν
708 5362 992 5432 ἅνθρωπος
1045 5361 1184 5416 καθὸ
1233 5362 1585 5429 αὑτεξούσιος
1619 5361 1801 5431 οἰκεία
1858 5359 1944 5413 θε-

360 5454 514 5522 λήσει
543 5456 839 5526 προῃρεῖτο
868 5457 928 5506 τδ
979 5455 1190 5522 ἀγαθόν
1227 5471 1240 5486 ·
1283 5456 1407 5509 ἐπεὶ
1447 5455 1540 5507 καὶ
1571 5445 1943 5525 οίκειαθελήο

363 5563 448 5597 σει
480 5545 761 5616 προῃρέθη
786 5547 845 5597 τὸ
888 5545 1058 5599 κακόν
1083 5561 1095 5576 ·
1129 5547 1163 5616 ή
1199 5546 1254 5599 δὲ
1290 5545 1511 5616 οέλησις
1563 5546 1752 5612 αὐτοῦ,
1793 5544 1846 5597 εἰ
1879 5561 1939 5613 γε

362 5635 739 5690 κατευωδοῦτο
775 5640 868 5690 καὶ
905 5638 1271 5694 κατευθύνετο
1331 5637 1466 5709 πρὸς
1527 5637 1624 5705 τὴν
1675 5637 1791 5690 ὁδὸν
1845 5635 1939 5689 τοῦ

437 5817 482 5847 τ’
514 5814 650 5872 Gen.
701 5830 739 5881 ι,
775 5816 864 5868 ‘26.

1966 3190 2013 3253 C

2049 2217 2196 2286 quod
2231 2218 2449 2272 mortali
2483 2227 2680 2272 natura
2715 2219 2978 2288 praeditus
3007 2230 3146 2284 erat,
3181 2219 3452 2289 ejusmodi
3483 2224 3633 2278 sciti-

2049 2321 2138 2364 cet
2184 2325 2306 2379 quae
2350 2309 2494 2363 mori
2537 2319 2745 2380 posset.
2800 2309 2958 2378 Quod
3004 2312 3182 2382 ipsum
3239 2316 3484 2383 impensa
3536 2314 3632 2371 ί)ιὶ

2049 2402 2394 2468 humanitate
2427 2417 2489 2458 ac
2513 2403 2799 2458 clementia
2827 2402 3032 2460 factum
3067 2414 3174 2470 est,
3201 2423 3268 2462 ne
3295 2407 3496 2461 malum
3531 2408 3634 2460 im-

2048 2491 2284 2544 mortale
2333 2490 2496 2558 foret,
2545 2492 2641 2546 sed
2687 2481 3159 2562 peccandi‘iinem
3210 2497 3372 2550 homo
3403 2497 3628 2562 faceret,

2047 2597 2212 2651 quem
2265 2585 2459 2639 mortis
2506 2587 2771 2640 memoria
2833 2587 3066 2658 ejusque
3119 2600 3296 2644 metus
3351 2591 3406 2645 in
3451 2591 3632 2646 olIit-io

2047 2675 2374 2730 contineret.
2419 2675 2553 2729 Nam
2587 2685 2644 2731 et
2682 2676 2806 2732 ideo
2831 2680 3049 2734 mortali
3075 2682 3293 2751 corpori
3322 2683 3631 2750 conjunxc-

2047 2774 2133 2821 rat
2182 2767 2448 2833 animam,
2485 2776 2565 2833 ut,
2619 2769 2667 2825 si
2721 2785 2831 2840 qua
2883 2772 3146 2841 praeditus
3196 2782 3316 2828 erat
3369 2775 3630 2831 facultate

2049 2856 2285 2922 arbitrii,
2339 2858 2483 2913 mala
2534 2859 2779 2932 eligeret,
2831 2861 3120 2918 confestim
3172 2865 3364 2919 mortis
3410 2875 3617 2920 sentcn.

2044 2951 2201 3014 tiam,
2231 2963 2464 3021 corpore
2516 2952 2760 3019 mortali,
2819 2953 3153 3022 incurreret,
3208 2956 3352 3026 quod
3403 2960 3628 3011 omnino

2045 3037 2372 3094 immortale
2409 3037 2657 3095 futurum
2704 3051 2841 3109 erat,
2889 3044 2934 3099 si
2973 3044 3139 3110 bona,
3168 3054 3221 3099 et
3263 3061 3384 3112 quae
3424 3061 3489 3100 ex
3537 3046 3628 3099 υ‹ί

2045 3140 2232 3186 essent
2257 3130 2542 3187 voluntate
2565 3141 2911 3203 praeoptaret.
2937 3132 3146 3189 Medius
3171 3135 3316 3190 enim
3343 3137 3627 3190 mo:talem

2048 3223 2191 3279 inter
2218 3232 2273 3279 et
2307 3226 2670 3281 Immortalem
2699 3236 2920 3281 sortem"
2947 3226 3200 3283 conditus
3236 3226 3433 3283 fuerat.
3461 3227 3630 3283 Satan

2046 3333 2202 3383 vero,
2256 3335 2379 3375 cum
2409 3335 2475 3374 ex
2526 3316 2639 3375 Deo
2680 3321 2964 3382 exciderit.
3010 3324 3156 3377 haud
3208 3331 3389 3376 tamen
3431 3323 3628 3378 mortis

2044 3412 2340 3467 damnatus
2392 3421 2515 3478 est,
2567 3411 2714 3482 quod
2761 3413 2980 3468 mortali
3032 3424 3266 3480 natura,
3305 3415 3448 3470 sicut
3496 3430 3619 3480 nos,

2046 3505 2312 3573 praeditus
2341 3520 2452 3559 non
2486 3514 2628 3571 erat,
2657 3521 2766 3577 qua
2799 3506 3011 3562 scilicet
3054 3506 3190 3560 mori
3225 3519 3431 3576 posset.
3464 3505 3632 3562 [linc-

2045 3612 2153 3667 que
2188 3597 2325 3653 adeo
2357 3607 2460 3660 est,
2505 3608 2568 3654 ut
2599 3600 2787 3664 homo,
2835 3598 3028 3654 mortis
3063 3613 3296 3664 memor,
3331 3601 3627 3668 pceniteat;

2045 3689 2278 3760 ejusque
2308 3691 2388 3746 rei
2440 3691 2520 3747 illi
2552 3691 2789 3747 facultas
2833 3701 2937 3757 est,
2987 3693 3235 3762 quandiu
3269 3703 3524 3747 versatur
3573 3694 3627 3745 in

2045 3783 2297 3838 mutabili
2327 3784 2431 3840 hoc
2467 3797 2698 3854 corpore
2727 3802 2742 3839 :
2791 3794 2917 3854 post
2945 3793 3178 3838 mortem
3213 3797 3365 3848 vero,
3400 3783 3630 3836 minime

2044 3873 2230 3929 futura
2269 3883 2376 3940 est,
2411 3874 2506 3930 sed
2559 3889 2777 3945 semper
2807 3873 3167 3928 immutabilis
3203 3872 3329 3936 erit,
3361 3887 3485 3927 eum
3530 3874 3626 3942 qui

2045 3964 2124 4020 illi
2177 3965 2436 4034 obtigerit
2490 3965 2672 4020 locum
2725 3965 2995 4020 retinens.
3042 3964 3263 4020 Damon
3295 3979 3427 4019 vero
3474 3965 3624 4019 nulla

2043 4058 2371 4130 poenitentia
2402 4057 2646 4124 ducitur,
2676 4072 2784 4128 qua
2829 4057 3094 4130 praeditus
3121 4068 3317 4114 natura
3361 4057 3630 4114 immobili

2044 4159 2150 4206 est.
2183 4148 2342 4218 Quod
2389 4149 2538 4207 enim
2584 4165 2735 4206 mors
2769 4149 3090 4205 hominibus
3121 4157 3227 4216 est,
3262 4148 3316 4203 id
3353 4162 3514 4204 casus
3543 4162 3632 4204 est

2048 4244 2280 4314 angelis.
2525 4297 2527 4299 ,

2117 4337 2258 4406 Quia
2304 4337 2471 4408 igitur
2515 4336 2858 4408 exploratum
2889 4345 2994 4402 est,
3025 4337 3377 4392 convenienti
3411 4351 3506 4392 eos
3542 4352 3632 4391 ra.-

2047 4431 2196 4487 tione
2244 4447 2274 4486 a
2324 4431 2435 4486 Deo
2478 4431 2716 4500 judicari
2757 4447 2771 4486 :
2812 4430 3040 4485 decebat
3091 4445 3189 4499 per
3236 4429 3357 4498 ejus
3393 4426 3634 4482 Verbum

2046 4523 2270 4578 humani
2307 4524 2525 4593 generis
2552 4521 2750 4592 depelli
2798 4523 3052 4576 morbum
3089 4530 3256 4590 atque
3296 4520 3501 4584 sanari,
3530 4535 3627 4589 per

2050 4616 2195 4687 quod
2243 4615 2407 4670 etiam
2460 4629 2488 4668 a
2544 4614 2818 4684 principio
2871 4616 3111 4666 humana
3154 4623 3351 4666 natura
3395 4612 3640 4666 formata.

2045 4709 2246 4765 fuerat.
2281 4705 2418 4773 Quia
2455 4721 2586 4759 vero
2619 4705 2845 4759 morbus
2880 4704 2968 4758 ille
2995 4712 3279 4773 peccatum
3304 4712 3441 4767 crat,
3470 4703 3639 4772 cujus

2047 4799 2260 4858 auctori
2319 4798 2458 4852 mala
2512 4796 2768 4852 voluntas
2820 4796 3130 4859 exstiterat,
3186 4794 3417 4850 decebat
3462 4805 3522 4850 ut
3575 4807 3638 4852 et

2008 4892 2262 4948 'curatio
2302 4889 2526 4961 propria
2558 4897 2707 4944 esset
2735 4902 2800 4943 at:
2842 4902 2944 4958 pro
2989 4887 3170 4942 morbi
3220 4888 3436 4946 ratione
3463 4903 3634 4960 appoo

2044 4977 2171 5040 siia.
2203 4983 2291 5040 Uti
2324 4983 2487 5038 etiam
2535 4980 2758 5044 medici,
2794 4996 2894 5050 pro
2919 4980 3099 5036 morbi
3125 4989 3288 5052 atque
3316 4983 3507 5052 aegroti
3540 4999 3633 5038 ra-
3722 5049 3730 5056 _

2046 5081 2196 5133 tione
2230 5077 2408 5131 solent
2450 5075 2711 5130 adhibere
2754 5073 3021 5141 remedia,
3054 5088 3286 5144 quorum
3315 5074 3449 5130 illud
3481 5091 3642 5131 com-

2045 5184 2209 5225 mune
2260 5167 2479 5223 clintum
2529 5183 2542 5220 :
2581 5183 2600 5217 ι
2641 5165 2934 5222 Contraria
2983 5168 3386 5223 contrariorum
3458 5170 3641 5225 medi-—

2042 5269 2314 5317 camenta.
2352 5279 2371 5314 ι
2399 5249 2504 5314 ’510
2541 5274 2669 5314 vero
2719 5273 2944 5331 propria
2978 5271 3217 5330 aptaque
3252 5264 3440 5316 futura
3471 5278 3632 5315 cula—

2045 5355 2118 5408 tio
2146 5361 2284 5415 erat,
2309 5351 2352 5407 si
2389 5351 2574 5412 homo,
2610 5363 2718 5418 qua
2750 5349 2967 5403 ratione
3013 5348 3169 5403 liberi
3195 5349 3408 5403 arbitrii
3451 5347 3628 5400 facul-

2046 5455 2158 5502 tate
2192 5444 2458 5515 prmditus
2485 5451 2588 5507 est,
2621 5441 2842 5511 propria
2868 5441 3150 5496 voluntate
3175 5441 3376 5495 bonum
3405 5438 3636 5506 eligeret

2054 5539 2277 5609 (quippe
2311 5535 2403 5608 qui
2452 5535 2568 5604 ipse
2618 5536 2839 5605 propria
2870 5534 3060 5590 eadem
3106 5533 3382 5586 voluntate
3427 5532 3636 5584 malum

2051 5630 2310 5703 elegerat)
2341 5629 2566 5699 ejusque
2601 5628 2713 5698 ipsa
2748 5629 3002 5682 volun-tas
3048 5624 3344 5698 (siquidem
3375 5624 3464 5678 illa
3505 5640 3635 5694 pro-
