4088 6454
381 339 481 404 615

1668 324 2067 388 MANUELIS
2107 321 2414 382 CALEC/E

3555 313 3655 378 616

385 460 724 522 sporaretur,
782 461 1045 518 recteque
1099 445 1153 501 in
1207 442 1423 500 honesti
1485 441 1572 495 via
1629 438 1972 511 procederet)

2086 435 2270 502 καλοῦ,
2303 435 2400 488 καὶ
2432 432 2502 486 τὰ
2525 433 2756 504 οὑρανια
2811 430 2906 485 καὶ
2929 429 3050 483 θεῖα
3112 427 3324 498 ἠγάπα,
3381 429 3662 500 μισήσασα

383 542 626 597 coelestia
652 542 947 610 divinaque
984 538 1253 606 diligeret,
1302 535 1429 590 odio
1463 533 1668 587 habens
1699 545 1763 584 ac
1800 529 1971 600 proji-

388 635 560 700 ciens,
602 648 725 703 qua:
767 640 897 687 ante
939 630 1080 684 mala
1116 629 1385 683 voluerat.
1422 625 1579 680 Sicut
1609 623 1758 678 enim
1783 621 1974 676 volun-

385 727 513 780 tntis
547 725 824 794 perversio
849 731 954 785 est,
987 721 1171 775 odisse
1204 719 1348 774 bona
1383 735 1398 772 :
1435 717 1515 771 sic
1544 715 1665 786 ejus
1700 714 1972 770 rectitudo

383 829 488 877 est,
519 815 711 868 eadem
745 815 996 883 diligere.
1027 809 1153 864 Haec
1178 811 1322 864 enim
1373 810 1540 862 homo
1573 808 1618 863 si
1660 814 1968 876 praestaret,

385 907 606 960 omnino
643 905 864 974 propria
898 909 1086 957 essent
1121 909 1379 970 aptaque,
1413 913 1478 954 ac
1511 899 1592 955 sic
1627 897 1974 954 emendatio-

383 1012 509 1051 nem
545 995 788 1051 nancisci
822 1004 1026 1064 posset.

450 1085 714 1154 Angelum
765 1097 929 1153 porro
975 1082 1028 1136 id
1072 1089 1336 1150 praestare
1378 1094 1488 1134 non
1536 1078 1785 1144 decebat,
1823 1076 1970 1147 quod

381 1177 658 1244 pmprium
693 1175 920 1228 minime
960 1173 1204 1226 futurum
1241 1180 1378 1224 erat.
1403 1168 1514 1225 Nec
1545 1171 1690 1224 enim
1723 1185 1818 1241 per
1847 1185 1971 1223 eum

383 1270 544 1319 homo
588 1266 769 1320 fuerat
807 1264 1087 1323 conditus,
1129 1273 1188 1316 ut
1211 1277 1307 1330 per
1331 1276 1454 1317 eum
1497 1262 1774 1318 contritus
1811 1277 1972 1331 repa-

386 1365 603 1409 ial‘t‘lUI'
652 1373 666 1410 ι
721 1370 822 1409 nec
881 1356 974 1423 qui
1042 1362 1390 1423 peccaverat,
1441 1353 1785 1408 curationem
1851 1363 1971 1408 erat

383 1449 740 1515 quaesiturus,
775 1446 868 1500 sed
903 1461 1002 1515 pro
1035 1446 1144 1498 aiio
1179 1444 1358 1509 alius;
1401 1444 1546 1513 quod
1590 1459 1697 1498 non
1725 1445 1860 1499 satis
1905 1446 1972 1500 ad

381 1537 605 1606 jnstitiae
646 1544 758 1589 erat
799 1549 1047 1590 normam
1092 1543 1366 1589 exactum.
1410 1532 1479 1586 At
1514 1548 1693 1603 neque
1725 1542 1793 1588 'ut
1822 1535 1977 1604 quisa

383 1644 547 1696 quam
605 1627 892 1680 hominum
927 1639 1041 1680 rem
1074 1633 1361 1694 praestaret
1389 1625 1505 1679 fieri
1555 1633 1790 1695 poterat,
1826 1626 1972 1696 quod

382 1733 577 1771 omnes
612 1727 836 1788 peccato
870 1716 1079 1772 obnixii
1117 1725 1321 1771 essent.
1373 1714 1588 1771 Etenim
1638 1717 1818 1787 ipsum
1870 1718 1974 1774 hoc

2079 532 2174 584 καὶ
2213 527 2571 600 ἀπορρίψασα
2604 527 2673 580 τὰ
2706 524 2910 594 φαῦλα,
2945 525 3088 592 ἅπερ
3109 522 3342 592 ἠθέλησε
3374 522 3662 592 πρότερον.

2077 625 2293 693 Ὥσπερ
2329 622 2442 692 γὰρ
2477 622 2511 690 ὴ
2542 619 2847 691 διαστροφὴ
2879 617 2980 686 τῆς
3007 615 3282 684 θελήσεὼς
3314 616 3434 666 ἐστι
3464 614 3526 667 τὸ
3572 631 3664 682 μι-

2083 719 2197 769 σεῖν
2224 716 2292 768 τὰ
2317 715 2490 777 καλὰ,
2515 711 2688 774 οὑτως
2729 713 2762 782 ἡ
2797 709 3026 781 ὀρθότης
3059 708 3230 776 αὑτῆς
3285 705 3348 760 τὸ
3398 706 3468 760 τὰ
3520 707 3666 760 καλὰ

2075 809 2320 879 ἀγαπᾷν.
2357 805 2546 860 Ταῦτα
2575 804 2684 874 γὰρ
2723 803 2883 872 εἴπερ
2912 804 2942 856 ό
2989 800 3278 870 ἄνθρωπος
3305 798 3501 863 ἐποίει,
3531 800 3665 852 πάν-

2075 917 2183 964 τως
2222 895 2365 968 ἦσαν
2397 898 2575 952 οίκεϊα
2599 896 2697 950 καὶ
2731 895 3062 965 ἁρμόζοντα,
3096 893 3191 947 καὶ
3241 891 3415 953 οὑτως
3437 890 3662 945 ἐδύνατο

2074 991 2174 1062 τὴν
2203 990 2588 1061 ἐπανόρθωσιν
2617 990 2823 1059 εὑρεῖν.

2150 1083 2419 1150 ’Ἄγγελον
2459 1081 2557 1151 μὲν
2589 1075 2684 1134 οὖν
2710 1079 2871 1134 τοῦτο
2924 1079 3151 1150 ποιῆσαι
3183 1078 3286 1131 οὑκ
3339 1077 3470 1141 ἔδει,
3532 1077 3667 1130 διότι

2075 1168 2343 1222 ἀνοίκειον
2366 1164 2452 1241 ἦν.
2501 1167 2643 1222 Οὔτε
2676 1168 2787 1238 γὰρ
2810 1168 2876 1220 δι’
2924 1167 3099 1221 αὑτοῦ
3133 1166 3354 1234 ἐγένετο
3385 1169 3413 1220 ό
3447 1166 3665 1236 ἄνθρω-

2077 1278 2200 1324 πος,
2245 1261 2333 1314 ἵνα
2391 1261 2486 1314 καὶ
2531 1260 2600 1313 δι’
2655 1259 2820 1313 αὑτοῦ
2898 1257 3214 1330 συντριϐεὶς
3265 1255 3622 1328 ἔπανορθωθῇ
3652 1273 3664 1284 ·

2073 1352 2200 1406 οὔτε
2255 1351 2313 1414 ὃς
2369 1352 2588 1422 ἥμαρτε
2639 1349 2738 1420 τὴν
2792 1350 3091 1420 θεραπείαν
3141 1348 3335 1419 ἔμελλε
3383 1348 3668 1418 ζητήσειν,

2075 1443 2214 1499 ἀλλὰ
2241 1444 2403 1506 ἄλλος
2437 1445 2560 1497 ἀντὶ
2589 1442 2754 1496 ἄλλου
2778 1459 2794 1475 ⁶
2823 1443 2966 1513 ὅπερ
2996 1443 3096 1496 οὑκ
3128 1437 3198 1514 ἦν
3237 1442 3472 1496 δίκαιον.
3504 1441 3668 1494 Ἀλλὰ

2084 1538 2196 1607 μὴν
2226 1537 2350 1590 οὑδέ
2376 1553 2498 1589 τινα
2529 1535 2820 1604 ἄνθρωπον
2852 1535 3080 1588 δυνατὸν
3105 1530 3173 1605 ἦν
3220 1534 3382 1588 τοῦτο
3421 1533 3664 1605 ἐργάσα-

2079 1628 2230 1692 σθαι,
2265 1628 2401 1682 διότι
2461 1628 2663 1692 πάντες
2717 1629 2893 1698 ἔνοχοι
2943 1624 3084 1700 ἦσαν
3111 1630 3179 1699 τῇ
3233 1627 3500 1697 ἁμαρτίᾳ.
3559 1627 3670 1680 Καὶ

2076 1718 2188 1788 γὰρ
2221 1719 2353 1772 αὑτὸ
2389 1719 2608 1788 πρῶτον
2636 1719 2698 1770 τὸ
2729 1718 2789 1783 ἐξ
2839 1717 3033 1789 ἀνδρὸς
3079 1718 3168 1771 διὰ
3201 1716 3463 1785 γυναικὸς
3527 1719 3668 1786 μετᾶ

380 1813 644 1882 primum,
674 1811 819 1881 quod
861 1827 926 1866 ex
956 1813 1075 1866 viro
1103 1827 1201 1882 per
1250 1811 1534 1867 mulierem
1569 1828 1694 1866 cum
1744 1813 1971 1868 libidine

2086 1809 2285 1872 πάθους
2308 1809 2608 1878 γεννᾶσθαι
2647 1810 2712 1863 ὲκ
2772 1810 2874 1878 τῆς
2905 1807 3352 1879 ,προπατορικῆς
3391 1808 3669 1878 ἁμαρτίας

382 1913 703 1967 nasi-antur,
731 1918 795 1958 ex
830 1903 1132 1972 primorum
1159 1911 1449 1974 parentum
1477 1914 1703 1974 peccato
1731 1905 1968 1960 descen-

379 1995 494 2060 tlit;
550 2003 628 2058 ut,
673 1994 755 2047 vel
801 1993 847 2048 si
897 1995 1005 2049 alia
1047 1995 1228 2048 omnia
1277 1995 1564 2062 deessent,
1616 1997 1722 2050 hoc
1775 1995 1968 2052 saltem

383 2100 576 2140 omnes
607 2094 830 2154 peccato
878 2085 1247 2155 subjacerent.
1299 2085 1512 2143 Idcirco
1559 2087 1724 2142 etiam
1758 2089 1968 2143 daamon

381 2175 691 2230 animarum
747 2185 1064 2231 sanctorum
1126 2192 1354 2250 compos
1391 2186 1545 2244 erat,
1607 2179 1754 2250 quod
1791 2180 1974 2235 nullus

381 2266 667 2320 hominum
713 2280 742 2320 a
784 2275 1011 2336 peccato
1057 2268 1285 2323 omnino
1323 2268 1458 2324 liber
1487 2270 1825 2338 exsistebat;
1863 2287 1976 2341 pra:

381 2357 502 2427 ejus
541 2355 803 2411 nimirum
837 2358 1134 2412 insatiabili
1169 2357 1472 2429 cupiditate
1518 2360 1837 2430 injustaque
1882 2375 1970 2414 ra-

381 2449 617 2518 pacitate
647 2463 712 2504 ac
743 2451 954 2519 peccati
993 2449 1378 2517 similitudine,
1429 2468 1538 2523 qua
1591 2453 1669 2508 illi
1700 2469 1826 2510 cum
1875 2453 1977 2508 ho-

384 2541 627 2597 minibus
662 2542 808 2611 (aliis
837 2542 982 2611 plus,
1009 2543 1133 2599 aliis
1161 2546 1368 2617 minus)
1394 2546 1788 2602 commercium
1816 2553 1934 2600 erat
1959 2565 1972 2600 :

382 2647 562 2701 eoque
591 2635 920 2689 commercio
961 2637 1113 2707 regni
1143 2638 1231 2692 sui
1279 2637 1496 2707 signum
1531 2651 1596 2692 ac
1629 2637 1974 2706 signaculum

383 2725 620 2794 (peccati
661 2725 890 2798 scilicet)
940 2719 994 2781 in
1042 2729 1122 2783 eis
1155 2727 1414 2792 habebat,
1471 2736 1530 2783 ut
1561 2739 1614 2784 et
1656 2727 1802 2798 juris
1833 2745 1982 2800 qua:—

383 2817 509 2871 dam
546 2817 907 2885 hazcspecies
938 2827 1104 2872 esset.
1141 2816 1194 2872 Id
1241 2833 1369 2872 vero
1400 2818 1564 2872 etiam
1611 2821 1794 2875 avaris
1832 2820 1978 2890 inju-

389 2909 600 2976 stisque
663 2909 980 2978 raptoribus
1035 2910 1326 2978 inolitum;
1387 2926 1603 2982 semper
1657 2913 1976 2972 occasiones

388 3009 666 3068 oluerunt,
701 3009 761 3054 ut
791 3015 914 3070 quae
957 3002 1233 3056 minorum
1281 3013 1412 3058 sunt
1455 3018 1520 3058 ac
1544 3004 1878 3071 vicinorum,
1910 3007 1980 3062 ab

388 3091 468 3143 eis
497 3091 708 3156 avulsa,
756 3091 983 3149 ditionis
1025 3109 1141 3150 suac
1175 3094 1426 3165 Jurisque
1454 3095 1712 3152 efficiant.
1743 3096 1980 3154 Necesse

388 3182 607 3234 demtum
638 3191 754 3236 erat
780 3183 1072 3251 quemdam
1104 3185 1368 3240 exsistere
1405 3187 1682 3242 hominem
1715 3187 1784 3243 ab
1823 3190 1974 3244 omni

387 3286 615 3338 prorsus
653 3285 878 3341 peccato
921 3273 1245 3338 immunem,
1284 3284 1342 3330 ut
1375 3291 1484 3330 non
1515 3292 1644 3332 suos
1676 3277 1795 3348 ipse
1829 3279 1981 3334 defe-

387 3372 509 3415 ctus
535 3363 909 3417 emendandos
941 3364 1189 3431 haberet,
1233 3367 1326 3421 sed
1356 3367 1585 3422 aliorum
1615 3370 1667 3423 in
1701 3385 1762 3425 se
1792 3386 1981 3427 susce-

387 3459 497 3526 ptis
525 3456 790 3526 peccatis,
827 3472 927 3526 pro
967 3457 1048 3513 eis
1100 3459 1241 3528 apud
1277 3458 1444 3516 Deum
1488 3462 1856 3532 satisfaceret,
1891 3467 1980 3519 cui

389 3551 644 3605 homines
693 3551 901 3607 inimici
937 3551 1229 3622 hostesque
1260 3565 1458 3622 erant;
1495 3558 1640 3627 quod
1688 3558 1831 3612 mala
1868 3568 1979 3612 tum

388 3658 498 3712 quo
526 3643 842 3711 diligebant,
879 3653 992 3698 tum
1027 3655 1080 3699 et
1110 3645 1368 3712 agebant.

466 3733 534 3788 Ut
581 3737 764 3804 itaque
812 3735 864 3789 id
901 3736 1152 3792 homines
1204 3745 1554 3806 praestarent,
1608 3751 1684 3795 utt
1717 3742 1920 3797 dictum
1952 3759 1980 3798 a
2046 3810 2054 3818 ἢ

389 3826 548 3879 nobis
576 3837 679 3886 est.
709 3828 825 3881 fieri
858 3844 963 3882 non
990 3836 1230 3898 poterat,
1255 3831 1400 3900 quod
1433 3833 1669 3902 quisque
1694 3834 1981 3889 hominum

391 3926 616 3986 peccato
651 3919 924 3974 obnoxius
956 3929 1101 3975 esset
1131 3938 1144 3978 :
1192 3922 1400 3977 idcirco
1435 3939 1707 3995 propensa
1748 3925 1843 3981 Dei
1887 3923 1983 3981 Fi-

390 4008 498 4062 lius
537 4009 837 4075 voluntate,
891 4026 989 4080 per
1037 4028 1200 4082 quem
1232 4015 1418 4069 omnia
1472 4017 1699 4073 condita
1744 4016 1984 4084 fuerant,

392 4109 637 4154 nostram
675 4113 928 4156 naturam
963 4102 1032 4157 ab
1075 4105 1225 4158 omni
1271 4106 1575 4164 immunem
1623 4119 1852 4179 peccato
1896 4125 1986 4164 as-

393 4192 653 4260 sumpsit.
703 4191 861 4248 Unde
907 4194 1069 4248 etiam
1125 4197 1274 4252 nasci
1323 4213 1392 4253 ex
1433 4197 1657 4269 Virgine
1704 4200 1894 4266 voluit,
1928 4211 1989 4256 ut

395 4284 625 4336 omnino
657 4281 796 4337 liber
829 4294 975 4338 esset
1019 4299 1050 4339 a
1101 4296 1328 4356 peccato
1378 4289 1632 4360 originis,
1679 4290 1870 4362 sicque
1907 4292 1986 4346 vi-

397 4383 507 4426 tam
549 4372 860 4438 instituere,
888 4384 947 4428 ut
977 4374 1188 4432 nullum
1223 4379 1276 4432 in
1305 4394 1370 4433 eo
1401 4389 1685 4448 peccatum
1720 4391 1984 4451 exstaret,

2073 1900 2379 1969 κατάγεται
2403 1916 2417 1932 ο
2451 1895 2597 1954 ὥστε
2628 1901 2678 1953 εί
2725 1899 2802 1971 μὴ
2831 1899 2976 1954 κατά
3011 1917 3066 1953 τι
3096 1898 3248 1964 ἄλλο,
3310 1899 3454 1953 κατὰ
3503 1897 3668 1950 τοῦτο

2073 1992 2205 2061 γοῦν
2234 1991 2467 2054 ἕκαστος
2495 1991 2745 2062 ἁμαρτίᾳ
2806 1991 3117 2046 ὑπόκειται.
3157 1992 3259 2045 Διὰ
3315 1990 3478 2044 τοῦτο
3531 1990 3666 2058 γοῦν

2075 2083 2173 2136 καὶ
2198 2081 2477 2153 ιγκρατὴς
2504 2075 2572 2153 ἦν
2598 2083 2624 2134 ό
2648 2081 2862 2152 δαίμων
2914 2081 3026 2135 τῶν
3067 2080 3258 2152 ψυχῶν
3294 2080 3405 2134 τῶν
3465 2081 3662 2148 ἁγίων,

2075 2175 2157 2228 ὅτι
2203 2173 2383 2238 οὐδεὶς
2419 2173 2728 2246 ἀνθρώπων
2757 2173 3189 2244 ἀπηλλαγμένος
3221 2168 3290 2244 ἦν
3317 2174 3667 2228 παντάπασιν

2077 2265 2359 2336 ἁμαρτίας
2392 2265 2479 2318 διὰ
2508 2265 2608 2334 τὴν
2640 2264 2952 2336 ἀπληστίαν
2977 2263 3148 2318 αὑτοῦ
3178 2264 3278 2318 καὶ
3320 2263 3418 2336 τὴν
3444 2265 3670 2318 πλεονε-

2081 2353 2229 2422 ξίαν,
2259 2356 2354 2408 καὶ
2384 2354 2478 2409 διὰ
2507 2354 2607 2426 τὴν
2630 2356 2934 2426 ὁμοιότητα
2967 2356 3069 2424 τῆς
3099 2355 3402 2424 ἁμαρτίας,
3453 2354 3579 2409 καθ’
3603 2356 3670 2424 ἦν

2078 2447 2189 2508 τοῖς
2239 2445 2549 2516 ἀνθρώποις
2599 2444 2899 2511 ἐκοινώνει,
2932 2449 3045 2508 τοῖς
3093 2445 3193 2518 μὲν
3239 2445 3422 2499 πλεῖον
3459 2448 3570 2510 τοῖς
3612 2445 3672 2500 δὲ

2079 2538 2329 2606 ἔλαττον,
2357 2540 2453 2593 καὶ
2475 2541 2613 2595 καθὸ
2647 2542 2828 2604 αὐτοῖς
2847 2542 3123 2596 ἐκοινώνει
3148 2543 3372 2611 σημεῖον
3389 2541 3481 2593 καὶ
3501 2558 3676 2610 agapet—

2079 2632 2206 2700 γῖδα
2233 2634 2293 2686 ὲν
2341 2634 2528 2698 αὑτοῖς
2602 2629 2715 2706 εἶχε
2762 2635 2865 2704 τῆς
2914 2635 3110 2688 ἑαυτοῦ
3176 2634 3476 2706 βασιλείας,
3510 2651 3672 2688 τουτ-

2081 2727 2230 2780 έστιν
2252 2726 2530 2799 ἁμαρτίας
2557 2743 2572 2758 ο
2593 2726 2736 2780 ὥστε
2770 2728 2865 2781 καὶ
2895 2726 3194 2798 δικαίωμα.
3220 2725 3390 2780 Τοῦτο
3415 2725 3473 2780 δὲ
3499 2727 3594 2780 καὶ
3622 2727 3674 2780 ot

2089 2819 2415 2873 πλεονέκται
2450 2817 2719 2886 ποιοῦσιν,
2756 2817 3018 2890 ἀφορμὰς
3075 2819 3426 2889 εὑρίσκοντες
3465 2819 3554 2872 ἀεὶ
3598 2821 3674 2873 τὰ

2080 2910 2190 2964 τῶν
2221 2911 2528 2966 ἐλαττόνων
2587 2912 2684 2966 καὶ
2733 2911 3158 2978 γειτνιαζόντων
3201 2914 3528 2986 παρασπᾷν,
3580 2913 3677 2967 καὶ

2082 3003 2258 3057 ταῦτα
2319 3001 2534 3056 ἑαυτῶν
2590 3002 2961 3074 κληρονομίαν
3015 3005 3212 3059 ποιεῖν.
3281 3004 3430 3057 Ἔδει
3487 3003 3676 3058 λοιπὸν

2085 3096 2373 3167 ἄνθρωπον
2400 3097 2522 3150 τινὰ
2543 3096 2800 3165 γενέσθαι
2851 3096 3246 3167 ἀναμάρτητον
3293 3097 3495 3167 πάντη,
3527 3096 3674 3150 ὥστε

2091 3189 2166 3260 μὴ
2199 3189 2345 3260 ἔχειν
2382 3189 2575 3259 χρείαν
2606 3189 2674 3242 τὰ
2695 3185 2891 3242 ἑαυτοῦ
2922 3186 3262 3258 ἐπανορθοῦν
3288 3187 3674 3258 ἐλαττώματα,

2088 3281 2226 3337 ἀλλὰ
2254 3282 2321 3335 τὰ
2340 3281 2450 3335 τῶν
2484 3281 2664 3336 ἄλλων
2695 3279 3092 3349 ἀναδεξάμενον
3111 3281 3514 3351 ἁμαρτήματα,
3534 3279 3676 3349 ὑπὲρ

2087 3374 2314 3429 ἐκείνων
2348 3373 2485 3445 πρὸς
2518 3375 2611 3427 τὸν
2638 3373 2776 3428 Θεὸν
2809 3375 3283 3446 ἀπολογήσασθαι.
3318 3369 3362 3442 ᾧ
3425 3368 3568 3444 ἦσαν
3625 3374 3675 3425 οἱ

2086 3466 2367 3538 ἄνθρωποι
2403 3465 2657 3536 πολέμιοι
2685 3465 2781 3519 καὶ
2807 3464 3016 3536 ἐχθροὶ,
3049 3464 3118 3520 τὰ
3183 3463 3367 3534 φαῦλα
3414 3465 3510 3519 καὶ
3541 3464 3679 3532 ἀγα-

2091 3557 2306 3620 πῶντες
2330 3555 2426 3610 καὶ
2451 3557 2809 3630 πράττοντες.

2161 3739 2322 3812 Παρά
2359 3742 2458 3812 μὲν
2485 3741 2577 3796 οὖν
2608 3744 2717 3795 τῶν
2744 3741 3074 3814 ἀνθρώπιον,
3097 3743 3174 3805 ὡς
3212 3743 3445 3819 ἔφημεν,
3477 3741 3673 3795 ἀδύνα-

2088 3851 2179 3886 τον
2223 3829 2291 3904 ἦν
2326 3835 2487 3888 τοῦτο
2507 3835 2793 3903 γενέσθαι,
2829 3835 2920 3888 διὰ
2982 3839 3042 3887 τὸ
3089 3835 3322 3888 ἕκαστον
3380 3834 3680 3905 ἁμαρτίαις

2090 3922 2397 3981 ὑπεύθυνον
2431 3923 2595 3980 εἶναι.
2632 3929 2730 3980 Διά
2755 3926 2919 3980 τοῦτο
2949 3930 2976 3981 ό
3009 3927 3138 3991 Tib;
3183 3926 3277 4003 106
3315 3927 3476 3987 Θεοῦ.
3513 3928 3583 3980 δι’
3614 3922 3676 3981 οὗ

2087 4019 2156 4071 τὰ
2189 4021 2367 4074 πάντα
2429 4022 2668 4088 ἐγένετο,
2713 4020 2980 4090 εὑδόκησε
3035 4019 3133 4092 τὴν
3193 4020 3473 4091 ἡμετέραν
3518 4021 3682 4090 φύσιν

2091 4111 2503 4183 ἀναμαρτήτως
2535 4111 2852 4168 ἀναλαϐεῖν.
2903 4110 3067 4167 Ὅθεν
3123 4113 3220 4166 καὶ
3268 4115 3334 4168 ὲκ
3398 4113 3679 4182 Παρθένου

2091 4202 2314 4273 ἐτέχθη,
2362 4203 2451 4258 ἶνα
2483 4204 2662 4275 πάντη
2703 4204 2991 4275 ἐλεύθερος
3039 4203 3071 4277 ᾖ
3125 4205 3228 4276 τῆς
3267 4206 3682 4276 προπατορικῆς

2091 4295 2409 4365 ἁμαρτίας·
2462 4297 2558 4350 καὶ
2618 4294 2762 4348 οὑτω
2810 4296 3120 4363 διαϐιῶναι,
3193 4295 3336 4351 ὥστε
3405 4297 3679 4367 μηδεμίαν

2095 4386 2381 4455 ἁμαρτίαν
2406 4387 2462 4440 ὲν
2489 4386 2640 4457 αὑτῷ
2669 4387 2968 4459 εὑρεθῆναι
2996 4403 3010 4418 ·
3047 4388 3184 4444 ἀλλὰ
3212 4391 3393 4444 πᾶσαν
3448 4391 3672 4461 ἀρετὴν,

397 4465 490 4519 scd
542 4467 723 4518 omnis
782 4465 958 4523 virtus
1011 4469 1274 4535 eluceret,
1333 4471 1536 4540 quibus
1588 4481 1643 4526 et
1694 4471 1885 4528 docuit
1935 4485 1980 4530 et

2094 4477 2164 4530 δι’
2219 4473 2294 4533 ὢν
2337 4477 2544 4543 ἐδίδαξε
2577 4481 2671 4533 καὶ
2695 4480 2903 4552 ἔπραξε
2926 4485 3036 4546 τοῖς
3061 4480 3371 4552 ἀνθρώποις
3402 4483 3674 4553 προθέντα

395 4556 546 4624 egit;
599 4556 692 4624 qui
751 4571 948 4624 nempe
1005 4573 1196 4612 norma
1251 4559 1510 4614 omnibus
1560 4561 1876 4630 propositus
1922 4577 1988 4616 ac

394 4647 703 4716 exemplum
750 4647 816 4702 ad
865 4647 1100 4704 salutem
1139 4658 1305 4717 esset,
1362 4651 1694 4722 modumque
1728 4669 1793 4709 ac
1836 4653 1980 4708 viam

397 4741 654 4794 curanda:
720 4741 946 4796 humani
1015 4741 1233 4809 generis
1307 4742 1694 4812 aegritudinis,
1762 4745 1984 4800 virtutis

400 4832 548 4887 cultu
583 4844 854 4904 rectaeque
890 4835 944 4888 in
977 4836 1058 4889 eis
1089 4835 1414 4902 voluntatis,
1461 4837 1724 4893 mortales
1776 4837 1988 4908 praedo;
2023 4894 2035 4904 ,

397 4935 565 4979 ceret.
604 4926 816 4981 Etenim
855 4943 956 4982 suo
984 4928 1099 4996 ipse
1121 4929 1370 4998 exemplo
1394 4931 1602 4993 docuit,
1642 4931 1733 4999 qui
1768 4931 1858 4982 fiat
1902 4937 1983 4992 ut,

394 5035 504 5087 quo
542 5021 878 5084 laboramus,
912 5021 1164 5075 morbum
1203 5023 1586 5077 emendemus.

472 5112 710 5164 Primum
755 5113 900 5165 enim
932 5113 1185 5182 apparuit
1227 5127 1323 5180 per
1370 5114 1472 5169 hoc
1507 5113 1824 5184 mysterium
1875 5115 1992 5168 dis-

396 5205 760 5274 pensationis,
797 5221 822 5260 s
856 5206 905 5261 ic
965 5221 1065 5261 nos
1097 5208 1263 5261 Deum
1298 5206 1577 5272 dilexisse,
1609 5215 1671 5261 ut
1711 5218 1764 5262 et
1794 5207 1990 5262 Filium

398 5311 561 5348 suum
595 5293 873 5351 hominem
916 5297 1034 5352 fieri
1066 5285 1326 5364 voluerit,
1356 5298 1597 5369 hincque
1625 5298 1763 5353 adeo
1793 5309 1852 5354 ut
1887 5317 1986 5355 nos

400 5388 578 5454 ipsum
608 5387 902 5459 diligamus
934 5389 1152 5460 egregie
1187 5391 1383 5456 suasit,
1431 5391 1524 5459 qui
1567 5405 1763 5462 nempe
1809 5395 1988 5448 excel-

401 5480 602 5534 lvutcm
648 5480 772 5551 ejus
815 5496 942 5551 erga
1002 5496 1104 5536 nos
1156 5482 1503 5537 dilectionem
1556 5483 1928 5555 intelligamus
1975 5505 1988 5541 :

402 5572 568 5639 inque
618 5573 764 5628 hunc
813 5575 1036 5628 modum
1094 5575 1247 5629 illius
1306 5575 1515 5631 auxilio
1572 5585 1739 5646 atque
1785 5580 1984 5648 gratia,

403 5676 620 5718 (isti-ttsa
655 5667 815 5723 nobis
843 5677 1154 5738 prementes
1185 5669 1414 5739 vestigia
1458 5669 1752 5742 ipsumque
1779 5673 1982 5735 secuti,

398 5762 693 5822 a..t-pturos
763 5777 863 5814 nos
923 5761 1315 5818 beatitudinem
1376 5779 1660 5832 speramus
1727 5767 1818 5836 (in
1886 5767 1981 5822 Dei

2099 4572 2271 4624 τύπον
2315 4572 2413 4626 καὶ
2444 4573 2815 4644 ὑπογραμμὸν
2838 4576 2972 4628 πᾶσι
3005 4576 3293 4644 γεγονέναι
3321 4577 3458 4646 πρὸς
3500 4592 3676 4645 σωτη-

2104 4665 2252 4736 ρίαν,
2290 4665 2386 4717 καὶ
2413 4665 2505 4718 τὸν
2525 4666 2728 4737 τρόπον
2752 4667 2846 4720 καὶ
2871 4666 2972 4738 τὴν
2995 4669 3114 4722 όδέιν
3145 4669 3242 4738 τῆς
3271 4667 3567 4738 θεραπείας
3582 4667 3677 4720 τοῦ

2094 4744 2196 4808 ’ἀνθ
2208 4756 2447 4825 ρωπίνου
2476 4760 2778 4828 νοσήματος
2813 4760 2902 4812 διὰ
2925 4763 3023 4826 τῆς
3047 4761 3249 4830 ἀρετῆς
3270 4762 3363 4814 καὶ
3392 4760 3489 4830 τῆς
3512 4759 3679 4828 όρθῆς

2099 4847 2156 4898 ὲν
2188 4847 2374 4909 αὑτοῖς
2401 4845 2678 4918 θελήσεως
2712 4849 3053 4919 προδιδάξαι.
3105 4849 3207 4904 Καὶ
3247 4851 3354 4922 γὰρ
3386 4849 3556 4914 ἔδειξε
3611 4847 3682 4902 δι’

2100 4937 2323 5004 ἑαυτοῦ,
2365 4939 2471 4992 τίνι
2525 4943 2715 5012 τρόπῳ
2769 4936 3117 5013 δυνησόμεθα
3168 4944 3230 4997 τὸ
3266 4943 3484 5014 νόσημα
3522 4943 3682 5014 ἡμῶν

2102 5031 2617 5103 ἐπανορθώσασθαι.

2175 5125 2402 5194 Πρῶτον
2431 5127 2539 5196 γὰρ
2583 5126 2758 5196 ἐφάνη
2814 5126 2906 5180 διὰ
2983 5125 3080 5180 106
3133 5127 3436 5198 μυστηρίου
3491 5129 3684 5182 τούτου

2102 5212 2202 5286 τῆς
2220 5218 2534 5286 οἰκονομίας
2567 5219 2649 5272 ὅτι
2675 5222 2702 5273 ό
2737 5219 2873 5283 Θεὸς
2905 5221 3164 5278 τοσοῦτον
3202 5223 3682 5294 ἠγάπησεν-ἡμᾶς,

2101 5307 2183 5357 ὅτι
2223 5308 2318 5359 καὶ
2375 5306 2979 5377 ἄνθρωπον’γενέσθαι
3033 5310 3268 5381 ἠθέλησε
3333 5313 3424 5367 τὸν
3484 5313 3683 5367 ἑαυτοῦ

2105 5397 2256 5464 Υιὸν,
2293 5403 2385 5452 καὶ
2414 5399 2502 5453 διὰ
2523 5399 2715 5453 τούτου
2765 5403 3092 5456 κατέπεισεν
3123 5406 3270 5476 ἡμᾶς
3330 5407 3554 5479 ἀγαπᾷν
3582 5408 3684 5460 a6-

2105 5491 2219 5554 τὸν,
2277 5491 2598 5554 ἐννοοῦντας
2662 5492 2762 5563 τὴν
2813 5494 3268 5564 ὑπερϐάλλουσαν
3325 5496 3495 5551 αὑτοῦ
3555 5497 3688 5568 περὶ

2104 5584 2253 5653 ἡμᾶς
2281 5583 2527 5653 ἀγάπην.
2559 5585 2670 5637 Καὶ
2709 5584 2854 5640 οὑτω
2879 5591 2945 5659 τῇ
2976 5589 3142 5643 αὑτοῦ
3174 5590 3403 5665 βοηθείᾳ
3431 5593 3526 5645 καὶ
3583 5594 3684 5664 χά·

2105 5692 2214 5746 pm
2248 5679 2359 5736 τοῖς
2385 5673 2754 5748 ὑποδειχθεῖσι
2782 5681 3004 5751 τρόποις
3041 5683 3328 5753 ἑπόμενοι,
3379 5686 3683 5756 ἐλπίζομεν

2102 5768 2291 5837 τυχεῖν
2324 5766 2421 5836 τῆς
2458 5771 2889 5840 μακαριότητος,
2922 5774 3044 5844 ἥτις
3098 5776 3156 5830 ὲν
3192 5780 3257 5847 τῇ
3314 5777 3448 5832 Θεοῦ
3481 5778 3684 5848 θεωρία
