4088 6468
279 471 309 534 6
321 470 380 533 i7

1225 469 1329 532 DE
1372 472 1797 535 PRINCIPIIS
1838 448 2559 541 FIDEICATI-IOLlC/E.

3433 477 3540 542 618

281 587 614 639 συνίσταται·
641 585 719 645 είς
750 584 817 654 ἣν
877 581 1038 646 αὐτὸς
1086 583 1236 652 ἡμᾶς
1295 584 1536 642 εἵλκυσε.
1581 587 1695 656 Τὴν
1744 587 1852 656 γὰρ

1961 588 2171 644 scilicet
2206 592 2416 646 visione
2461 591 2720 662 positam)
2758 591 2821 647 ad
2857 604 3020 660 quam
3067 590 3183 661 ipse
3215 606 3314 648 nos
3350 594 3538 648 traxit.

277 679 560 734 ἀσθένεεαν
614 677 812 734 ἐαυτοῦ
842 675 1137 744 γινώσκων
1191 679 1218 730 6
1272 677 1581 748 ἄνθρωπος,
1629 679 1729 732 οὐκ
1775 675 1851 734 ’ἂν

279 773 493 840 ἐνόμισε
519 769 656 840 πρὸς
685 770 890 840 ταύτην
917 767 1218 839 δυνηθῖῇιαι
1249 769 1564 839 ἀφίξεσθαι,
1585 771 1633 823 εί
1661 771 1735 842 μὴ
1754 773 1853 844 τὴν

279 865 431 933 παρά
481 863 618 916 Θεοῦ
667 864 746 924 είς
792 861 988 914 ’ἑαυτὸν
1045 859 1276 914 ἓὸλεπεν
1336 860 1504 914 οὖσαν
1556 862 1849 932 τοσαύτην,

275 952 418 1004 ὥστε
445 951 538 1004 τὸν
559 951 693 1003 Θεὸν
744 951 1034 1021 ἄνθρωπον
1067 950 1346 1018 γενέσθαι,
1395 945 1489 1004 καὶ
1532 953 1582 1004 εί
1614 952 1688 1022 μὴ
1715 953 1853 1021 πρὸς

283 1045 478 1096 ἑαυτὸν
511 1043 539 1092 6
567 1043 702 1104 Θεὸς
731 1045 880 1112 ἡμᾶς
914 1043 1300 1114 προύκαλεῖτο.
1345 1045 1406 1097 Et
1440 1045 1551 1114 γὰρ
1584 1043 1659 1114 μὴ
1694 1044 1855 1102 δυνα-

281 1137 368 1188 τὸν
390 1130 458 1204 ἦν
481 1135 618 1206 πρὸς
649 1135 740 1187 τὸν
768 1135 902 1188 Θεὸν
924 1136 1073 1205 ἡμᾶς
1105 1134 1248 1188 κατὰ
1271 1135 1330 1188 τὸ
1385 1137 1670 1207 ἐγχωροῦν
1720 1138 1852 1190 ἀνα-

278 1227 573 1292 τείνεσθαι,
606 1228 708 1280 οὐκ
733 1227 798 1280 ἂν
829 1227 887 1278 τὸ
910 1226 1175 1280 ἀδύνατον
1207 1230 1286 1291 εἰς
1319 1229 1387 1281 τὰ
1418 1227 1658 1283 ἀδύνατα
1680 1229 1852 1301 προύε

281 1317 513 1371 καλεῖτε.

347 1410 510 1461 Ὥστε
535 1410 596 1460 τὸ
616 1408 948 1483 τιμιώτατον
981 1410 1076 1462 τοῦ
1095 1410 1232 1463 Θεοῦ
1273 1411 1480 1476 κτίσμα
1509 1415 1534 1465 6
1565 1413 1849 1484 ἄνθρωπος

274 1501 491 1566 ἐπέγνω
512 1500 604 1552 τὸν
632 1501 811 1570 ἀληθῆ
843 1501 979 1554 Θεὸν
1017 1501 1106 1554 διὰ
1137 1501 1232 1554 τοῦ
1268 1503 1362 1555 τὸν
1387 1502 1524 1555 Θεὸν
1557 1503 1850 1575 ἄνθρωπον

275 1591 557 1659 γενέσθαι,
593 1593 688 1644 καὶ
721 1593 820 1661 τῆς
864 1594 974 1645 τῶν
997 1593 1272 1662 δαιμόνων
1323 1594 1534 1665 ἀπέστη
1591 1595 1849 1664 λατρείας

269 1684 368 1736 καὶ
400 1685 636 1747 πλάνης,
655 1685 753 1737 καὶ
783 1684 882 1753 τῆς
913 1685 1110 1746 ίάσεως
1137 1684 1348 1756 ἔτυχεν.
1371 1686 1447 1739 0")
1478 1687 1587 1757 γὰρ
1609 1681 1678 1758 ἦν
1701 1689 1849 1752 είκὸς

267 1776 369 1828 τὸν
390 1776 546 1841 Θεὸν,
569 1775 774 1844 ἀγαθὸν
796 1776 949 1840 ὄντα,
969 1777 1029 1830 τὸ
1049 1776 1249 1830 ἑαυτοῦ
1275 1775 1502 1848 πλάσμα
1525 1780 1848 1835 καταλιπεῖν

207 1887 210 1890 ’
276 1863 602 1934 ἀϐοήθητον.

1955 677 2134 734 Homo
2181 683 2326 736 enim
2373 697 2486 738 sum
2531 684 2792 739 conscius
2841 683 3202 746 inﬁrmitatis,
3251 700 3538 754 nunquam
3591 672 3597 681 ’

1955 785 2014 824 se
2047 771 2113 824 ad
2149 787 2266 826 eam
2298 788 2586 830 evasurum
2617 775 2978 840 existimaret,
3008 777 3116 832 nisi
3147 784 3351 831 tantam
3387 778 3439 831 in
3477 793 3539 832 sc

1959 861 2051 917 Dei
2097 864 2470 932 dignationem
2504 868 2738 931 videret,
2784 877 2842 924 ut
2889 879 2940 922 ct
2977 869 3117 923 Deus
3155 869 3319 924 homo
3359 869 3534 936 ﬁeret,

1955 969 2018 1027 ac
2054 954 2158 1008 nisi
2192 955 2258 1008 ad
2311 972 2371 1010 se
2416 955 2560 1011 Deus
2594 972 2696 1012 nos
2746 959 3022 1012 invitaret.
3079 958 3192 1012 Nisi
3223 959 3366 1012 enim
3418 962 3536 1013 ﬁeri

1957 1055 2160 1113 posset,
2204 1055 2259 1100 ut
2292 1061 2390 1116 pro
2421 1055 2622 1101 nostra:
2667 1048 2941 1103 facultatis
2977 1050 3199 1104 modulo
3243 1052 3308 1104 ad
3359 1051 3531 1104 Deum

1955 1133 2058 1206 ipsi
2119 1137 2478 1202 eniteremur,
2521 1154 2801 1208 nunquam
2862 1141 2953 1195 ille
3011 1143 3076 1195 ad
3144 1143 3532 1212 impossibilia,

1954 1227 2100 1296 quod
2130 1227 2477 1298 impossibile
2511 1239 2683 1296 esset,
2724 1242 3067 1300 provocarct.

2024 1402 2233 1472 Itaque,
2276 1405 2365 1472 qui
2409 1405 2554 1460 inter
2585 1406 2678 1462 Dei
2730 1408 2983 1477 ﬁgmenta
3017 1411 3312 1481 principem
3350 1414 3530 1468 locum

1955 1495 2124 1551 tenet,
2155 1492 2339 1558 homo,
2373 1495 2496 1549 inde
2527 1511 2716 1550 verum
2746 1502 2965 1568 agnovit
2993 1500 3184 1576 Deum,
3211 1507 3354 1573 quod
3389 1505 3531 1563 Deus

1961 1581 2126 1637 homo
2163 1583 2338 1640 factus
2366 1599 2486 1656 est;
2523 1592 2939 1661 abscedensque
2969 1611 2996 1647 a
3043 1597 3350 1651 daunrmum
3382 1601 3531 1653 cultu

1953 1687 2020 1726 ac
2057 1688 2268 1735 errore,
2311 1679 2602 1734 sanitatem
2649 1681 2903 1750 indeptus
2945 1695 3048 1738 est.
3089 1686 3208 1740 Non
3242 1687 3384 1741 enim
3439 1704 3538 1757 par

1952 1773 2069 1818 erat
2139 1775 2198 1820 ttt
2269 1767 2434 1832 Deus,
2483 1772 2575 1840 qui
2629 1773 2803 1828 bonus
2842 1775 2933 1837 sit,
2999 1776 3314 1846 ﬁgmentum
3371 1797 3535 1836 suum

1949 1858 2100 1910 omni
2134 1858 2458 1915 destitutum
2486 1878 2589 1930 ope
2621 1866 2979 1936 relinqueret.

346 1957 582 2012 Ἔπειτα
604 1957 727 2010 ἐπεὶ
777 1959 1044 2029 ἐλέγομεν
1069 1961 1130 2013 τὸ
1164 1959 1509 2030 ἀνθρώπινον
1543 1961 1850 2032 ἁμάρτημα

2029 1947 2258 2013 Deinde,
2308 1952 2434 2020 quia
2482 1955 2802 2011 dicebamus
2854 1970 3139 2027 peccatum
3187 1960 3434 2019 hominis
3481 1964 3534 2020 in

274 2051 630 2105 συνίστασθαι
663 2051 728 2104 ἐκ
758 2050 854 2103 τοῦ
909 2051 980 2104 τὰ.
1030 2051 1213 2126 φαῦλα
1278 2053 1575 2122 ἐπιθυμεῖν
1641 2054 1749 2122 καὶ.
1782 2055 1849 2106 τά

276 2147 564 2212 σωματικὰ
621 2143 826 2211 ἀγαθὰ,
875 2142 944 2195 τά
994 2143 1049 2195 δὲ
1088 2143 1286 2197 αἰώνια
1339 2144 1520 2210 ἀγαθά
1563 2145 1846 2214 οὐδαμῶςο

275 2237 393 2298 πῶς
447 2230 515 2306 ἦν
558 2235 786 2287 δυνατὸν
851 2233 1012 2306 τοῦτο
1089 2234 1526 2304 θεραπευθῆναι,
1581 2234 1850 2304 καὶπρὸς

276 2328 408 2381 Θεὸν
448 2327 772 2396 ἀναχθῆναι,
806 2325 874 2378 δι’
899 2319 975 2378 ὧν
1004 2305 1221 2394 ’ἔπραξε
1247 2327 1342 2378 καὶ
1391 2327 1636 2380 πέπονθε
1672 2329 1847 2382 καθα-

278 2422 388 2490 ρῶς
410 2418 604 2482 ἔδειξε.
645 2418 748 2473 Καὶ
778 2418 883 2487 γάρ
907 2417 1150 2488 πένητας
1177 2418 1368 2485 γονέας
1413 2418 1718 2481 προείλετο.
1750 2421 1849 2488 τὴν

272 2513 325 2564 δὲ
349 2515 554 2582 ἀρετην
584 2492 854 2572 τελείους,
883 2509 974 2562 ἵνα
1004 2511 1193 2579 μηδεὶς
1218 2510 1557 2580 ἐγκαυχᾶται
1581 2514 1646 2581 τῇ
1688 2512 1847 2566 ἀσθεο

267 2603 390 2674 νείᾳ
414 2602 512 2669 τῆς
546 2599 773 2672 σαρκός.
803 2601 1024 2671 Πτωχὸν
1057 2597 1170 2670 εἶχε
1204 2599 1340 2669 βίον,
1371 2601 1457 2653 ἴνα
1486 2601 1612 2664 τοὺς
1640 2602 1850 2674 ἀνθρώ-

271 2709 408 2755 πους
441 2690 629 2761 διδάξῃ
661 2691 959 2760 χρημάτων
994 2694 1381 2761 καταφρονεῖν.
1442 2693 1849 2765 Ἐστερημένος

270 2783 578 2851 ἀξιώματος
601 2782 807 2846 διεϐίω,
839 2783 928 2836 ἵνα
958 2782 1147 2854 παύσῃ
1205 2783 1334 2847 τοὺς
1371 2782 1698 2854 ἀνθρώπους
1749 2785 1851 2856 τῆς

267 2875 508 2929 ἀτάκτου
536 2873 667 2944 περὶ
695 2872 792 2936 τὰς
841 2873 1009 2944 τιμὰς
1055 2875 1375 2945 ἐπιθυμίας.
1408 2876 1599 2944 Πόνον,
1669 2878 1848 2948 λιμὸν,

262 2965 451 3034 δίψαν,
476 2965 746 3036 μάστιγάς
770 2965 1045 3035 ὑπέμενεν
1074 2965 1133 3018 ἐν
1158 2965 1236 3035 τῷ
1265 2965 1502 3037 σώματι,
1541 2967 1627 3022 ἵνα
1665 2969 1850 3041 διδάξῃ

269 3057 398 3118 τοὺς
423 3053 743 3125 ἀνθρώπους
802 3055 876 3125 μὴ
917 3055 1081 3126 ἡδονῇ
1133 3057 1228 3108 καὶ
1285 3061 1466 3129 τρυφῇ
1522 3059 1617 3112 καὶ
1666 3059 1852 3116 ἀνέσει

275 3148 647 3216 προσέχοντας
687 3147 1022 3213 ἀφίστασθαι
1056 3147 1154 3200 τοῦ
1210 3149 1311 3219 τῆς
1361 3152 1566 3222 ἀρετῆς
1616 3151 1846 3220 ἀγαθοῦ.

277 3241 443 3302 Τέλος
481 3240 1054 3314 θάνατον-ὑπέμεινεν,
1089 3239 1176 3293 ἵνα
1204 3241 1397 3309 μηδεὶς
1421 3243 1509 3294 διὰ
1539 3241 1632 3295 τὸν
1684 3244 1851 3312 φόϐον

1955 2040 2060 2094 hoc
2095 2042 2334 2110 positum
2361 2058 2505 2110 esse,
2537 2049 2682 2115 quod
2722 2044 2863 2106 mala
2897 2051 3252 2119 concupiscat
3282 2053 3537 2125 bonaque

1948 2139 2303 2204 corporalia,
2363 2155 2711 2211 nequaquam
2776 2160 2906 2199 vero
2958 2147 3099 2201 bona
3151 2150 3531 2218 sempiterna;

1953 2239 2192 2293 quonam
2224 2229 2386 2283 modo
2416 2231 2532 2285 ﬁeri
2564 2233 2758 2302 possit,
2800 2245 2858 2289 ιιι
2893 2236 3020 2291 huic
3051 2239 3195 2292 malo
3227 2241 3530 2296 remedium
3575 2290 3587 2297 .

1954 2311 2278 2369 adhibeatur
2305 2325 2358 2369 et
2390 2317 2555 2374 homo
2581 2321 2648 2374 ad
2688 2322 2854 2376 Deum
2885 2338 3158 2395 assurgat,
3190 2329 3388 2397 quibus
3423 2331 3536 2400 egit

1953 2413 2118 2471 atque
2146 2421 2344 2474 passus
2371 2418 2458 2462 est
2491 2411 2711 2479 liquido’
2734 2416 2998 2468 ostendit.
3035 2419 3246 2472 Etenim
3276 2431 3535 2489 parentes

1955 2509 2224 2565 pauperes
2261 2499 2447 2569 elegit,
2483 2505 2573 2570 qui
2609 2511 2792 2558 tamen
2817 2507 3018 2560 virtute
3042 2510 3267 2578 pet-fecti
3302 2524 3529 2579 essent;

1959 2601 2026 2641 ne
2047 2589 2172 2656 quis
2206 2588 2466 2658 glorietur
2489 2592 2580 2660 qui
2605 2579 2788 2650 carnis
2817 2596 3131 2654 inﬁrmitate
3154 2603 3534 2664 circumdatus

1954 2676 2049 2730 sit.
2106 2677 2248 2732 Pcne
2302 2683 2542 2737 mendici
2575 2685 2740 2738 vitam
2790 2688 2932 2757 egit,
2986 2701 3046 2745 ut
3103 2700 3532 2756 contemnendas

1955 2771 2215 2836 pecunias
2267 2772 2518 2830 homines
2558 2778 2800 2836 doceret.
2851 2779 3009 2836 Nulla
3057 2785 3320 2856 dignitate
3372 2807 3538 2848 mun-

1953 2861 2100 2915 dano
2142 2863 2288 2918 cultu
2338 2866 2592 2922 sublimis
2620 2870 2782 2923 vitam
2819 2875 3081 2941 traduxit,
3123 2885 3180 2931 ut
3228 2881 3295 2934 ab
3327 2882 3537 2939 inordi-

1955 2963 2080 3009 nata
2146 2957 2416 3012 honorum
2475 2961 2775 3030 cupiditate
2825 2964 3108 3021 hominum
3165 2947 3535 3042 compesceret

1956 3052 2194 3106 anitnos.
2244 3051 2678 3117 Lassitudincm,
2732 3055 2954 3124 famem,
2993 3060 3166 3128 sitim,
3207 3065 3430 3121 verbera
3478 3069 3533 3124 in

1954 3154 2184 3209 corpore
2234 3144 2522 3209 sustinuit,
2562 3156 2621 3200 ιιι
2676 3148 2896 3202 doceret
2950 3151 3200 3209 homines
3245 3156 3534 3225 voluptati,

1957 3236 2194 3300 deliciis,
2234 3237 2469 3292 molliori
2517 3239 2641 3292 vita:
2685 3241 2932 3296 animum
2983 3243 3321 3310 addiecntes,
3355 3263 3385 3302 a
3426 3251 3537 3306 vir-

274 3330 368 3384 τοῦ
396 3331 628 3385 θανάτου
657 3332 758 3402 τὴν
791 3331 1049 3402 ἀλήθειαν
1076 3332 1551 3404 ἐγκαταλιμπάνῃ.
1576 3335 1694 3388 ’Τὸν
1719 3337 1848 3388 ἐπο-

1959 3331 2092 3384 tutis
2119 3329 2275 3384 .bono
2307 3345 2413 3384 non
2457 3331 2770 3386 abscedere.
2813 3331 3100 3390 Postremo
3143 3349 3370 3394 mortem
3415 3357 3539 3411 per-

277 3425 540 3477 νείδιστον
578 3424 665 3477 διὰ
696 3424 1252 3495 σταυροῦνπροείλετο
1275 3425 1522 3489 θάνατον,
1553 3427 1640 3479 ἵνα
1659 3427 1850 3496 μηδεὶς

275 3517 416 3588 ὑπὲρ
443 3518 542 3586 τῆς
591 3516 852 3587 ἀληθείας
870 3502 1350 3572 τὸν⁹ἐπονείδιστον
1375 3519 1712 3590 ἐκτρέπηται
1753 3520 1852 3575 θά-

274 3626 453 3663 νατον.
489 3609 650 3660 Ὥστε
695 3609 940 3679 προσῆκε
977 3610 1069 3663 τὸν
1085 3609 1217 3663 Θεὸν
1247 3611 1539 3681 ἄνθρωπον
1567 3612 1847 3680 γενέσθαι,

279 3701 364 3753 ἵνα
394 3701 471 3771 τῷ
523 3700 644 3754 καθ’
707 3701 870 3753 αὑτὸν
923 3701 1286 3771 ὑποδείγματι
1345 3703 1474 3765 τοὺς
1521 3701 1850 3773 ἀνθρώπους

276 3795 368 3846 ἐπὶ
402 3794 504 3863 τὴν
534 3788 735 3863 ἀρετὴν
783 3793 1208 3862 π’ροκαλέσηται,
1252 3793 1396 3847 καθά
1423 3811 1588 3864 φησιν
1612 3797 1638 3848 6
1663 3794 1850 3865 μακά-

278 3901 390 3954 ριος
425 3884 650 3954 Πέτρος,
681 3902 700 3934 ι
737 3884 970 3954 Χριστὸς
1012 3883 1282 3936 πέπονθεν
1314 3883 1456 3955 ὑπὲρ
1505 3885 1688 3955 ἡμῶν,
1714 3888 1851 3956 ἡμῖν

274 3977 777 4045 ἑγκαταλιμπάνων
805 3976 1200 4046 ὑπογραμμὸν,
1228 3975 1319 4030 ἵνα
1345 3979 1459 4041 τοῖς
1517 3978 1724 4048 ἴχνεσιν
1753 3979 1851 4031 αύ-
1889 3989 1922 4021 τ’

274 4069 368 4123 τοῦ
402 4069 964 4140 ἐπακολουθήσωμεν.
1007 4088 1027 4120 ι

356 4162 514 4215 Ἐπεὶ
540 4161 598 4214 δὲ
626 4162 685 4215 οὐ
725 4162 890 4232 μόνον
943 4162 1039 4216 τά.
1073 4161 1176 4231 τῆς
1235 4160 1440 4232 ἀρετῆς
1493 4160 1629 4233 ἔργα
1674 4161 1852 4216 ἱκανά

209 4251 213 4255 ’
274 4255 382 4307 εἰσι
416 4252 548 4324 πρὸς
573 4253 636 4306 τὸ
664 4255 852 4324 τυχεῖν
883 4255 984 4326 τῆς
1017 4254 1243 4308 αίωνίου
1264 4252 1688 4324 μακαριότητος,
1712 4253 1852 4307 ἀλλὰ

273 4347 370 4400 καὶ
401 4348 436 4416 ἡ
461 4345 660 4414 γνῶσις
683 4348 782 4416 τῆς
814 4348 946 4417 περὶ
981 4346 1115 4401 Θεὸν
1148 4347 1412 4418 ἀληθείας
1433 4361 1450 4379 ο
1516 4347 1615 4400 οὐκ
1671 4341 1742 4417 ἦν
1792 4347 1852 4400 δὲ

215 4452 223 4456 ’
270 4439 502 4493 δυνατὸν
538 4440 639 4509 τὴν
668 4440 796 4510 περὶ
833 4438 967 4492 Θεὸν
1019 4440 1286 4511 ἀλήθειαν
1351 4440 1644 4510 ἄνθρωπον
1695 4437 1848 4493 διδά-

275 4549 472 4586 σκοντα
496 4532 854 4602 πιστευθῆναι
879 4548 893 4564 ο
947 4531 1066 4585 ἐστι
1104 4532 1215 4600 γὰρ
1258 4533 1356 4586 καὶ
1409 4532 1698 4600 ἀπατῆσαι
1754 4529 1850 4584 καὶ

272 4621 621 4693 ἀπατηθῆναι
641 4624 732 4676 τὸν
761 4623 1050 4692 ἄνθρωπον
1073 4637 1086 4652 ·
1115 4623 1224 4676 ἔδει
1256 4625 1352 4676 καὶ
1377 4623 1521 4677 κατὰ
1559 4623 1718 4676 τοῦτο
1756 4624 1849 4677 τὸν

267 4714 409 4767 Θεὸν
434 4713 722 4784 ἄνθρωπον
747 4716 1046 4783 γενόμενον
1075 4714 1175 4785 τὴν
1193 4715 1372 4786 ἀληθῆ
1397 4720 1583 4768 πίστιν
1611 4715 1846 4781 διδάξαι,

277 4807 366 4859 ἵνα
401 4806 566 4877 μηδὲν
588 4807 890 4877 ἀμφίϐολον
922 4808 1041 4878 ἔχῃ,
1073 4807 1149 4870 ὡς
1181 4806 1288 4859 ἀπὸ
1342 4805 1482 4859 Θεοῦ
1517 4808 1612 4860 καὶ
1640 4805 1854 4878 ἀνθρώ-

279 4915 383 4950 που
414 4897 804 4968 παραδοθεῖσα.
839 4898 965 4952 "Oct
995 4897 1052 4952 δὲ
1086 4898 1219 4960 Θεὸς
1244 4893 1336 4967 ἦν,
1381 4891 1586 4963 ἐδίδαξε
1629 4899 1718 4952 διὰ
1742 4899 1852 4951 τῶν

278 4989 601 5058 θαυμάτὼν,
642 4990 679 5043 ἃ.
713 4989 966 5060 οὐδαμῶς
990 4988 1315 5061 ἀνθρωπίνῃ
1340 4989 1571 5060 δυνάμει
1627 4989 1853 5044 δύναται

277 5082 636 5154 ἐργάσασθαι.
667 5083 808 5136 Ἀλλ’
833 5083 1024 5154 ἐπειδή
1077 5085 1204 5147 τοὺς
1256 5083 1358 5152 μὲν
1387 5084 1510 5137 τότε
1573 5083 1853 5154 παρόντας

279 5177 373 5228 καὶ
396 5175 637 5245 δρῶντας
675 5176 824 5239 εἰκὸς
847 5172 915 5245 ἦν
967 5178 1089 5229 τότε
1140 5174 1445 5241 πιστεύειν,
1510 5177 1560 5228 οἱ
1603 5175 1658 5228 δὲ
1718 5177 1856 5245 μετά

275 5265 452 5319 ταῦτα
513 5263 921 5338 προύϐὀιλλοντο
971 5267 1038 5321 ἂν
1090 5269 1388 5339 πλάσματα
1447 5267 1621 5321 ταῦτα
1671 5264 1810 5321 εἶναι
1841 5282 1858 5298 ο

277 5357 372 5408 καὶ
423 5357 560 5424 πρὸς
589 5357 750 5410 τοῦτο
778 5358 1057 5429 ἐπενοήθη
1094 5359 1391 5429 θεραπεία.
1441 5359 1502 5411 Ei
1552 5357 1662 5428 γὰρ
1692 5361 1720 5410 ὁ
1755 5358 1856 5426 τὴν

277 5451 463 5503 πίστιν
497 5452 700 5523 ταύτην
725 5451 941 5516 διδάξας
995 5453 1090 5505 καὶ
1107 5452 1175 5506 τὰ
1203 5453 1462 5522 θαύματα
1511 5450 1853 5521 ἐργάσασθαι

276 5541 567 5610 λεγόμενος
601 5544 856 5608 πλούσιος
909 5540 1001 5616 ἦν,
1051 5546 1147 5597 καὶ
1219 5546 1396 5616 ἀρχὴν
1451 5545 1696 5614 μεγάλην
1754 5545 1851 5596 καὶ

279 5635 666 5704 στρατεύματα
697 5633 861 5706 εἶχεν,
897 5637 1168 5702 ἔδοξενᾶν
1205 5640 1347 5691 τισὶν
1412 5640 1494 5690 ὅτι
1551 5638 1584 5706 ἡ
1638 5636 1850 5687 ἐκείνου

276 5725 592 5781 διδασκαλία
647 5730 742 5784 καὶ
789 5731 857 5782 τά
909 5730 1165 5799 θαύματα
1229 5731 1528 5800 πλάσματά
1585 5732 1710 5793 είσι,
1759 5730 1851 5780 καὶ

355 5903 450 5957 ’³1
486 5904 630 5959 Pctr.
675 5917 739 5965 tt,
779 5903 870 5955 24.

506 6054 536 6083 ο
609 5996 878 6054 ΙἈτιιοι..
919 5991 1034 6052 Gn.
1083 5989 1246 6053 CLll.

1880 4665 1928 4721 ἰ)

1959 3420 2100 3484 tulit,
2150 3428 2210 3473 ut
2262 3435 2423 3475 nemo
2471 3421 2663 3476 mortis
2709 3430 2852 3477 metu
2908 3423 3202 3482 deterritus
3251 3425 3534 3488 veritatem

1952 3509 2191 3564 deserat.
2261 3509 2745 3576 Probrosissimam
2799 3517 2978 3572 erucis
3051 3521 3322 3589 supplicio
3371 3525 3536 3595 elegit

1954 3611 2207 3668 mortem,
2249 3615 2310 3658 ut
2356 3619 2518 3658 nemo
2552 3621 2650 3675 pro
2679 3608 2910 3664 veritate
2947 3611 3270 3677 probrosam
3299 3627 3531 3672 mortem

1953 3692 2216 3763 defugiat.
2266 3694 2454 3766 Itaque
2504 3698 2837 3754 conveniens
2888 3708 3030 3767 erat,
3082 3709 3138 3755 ιιι
3189 3703 3334 3760 Deus
3371 3708 3536 3763 homo

1953 3785 2124 3850 ﬁeret,
2160 3801 2270 3856 quo
2317 3787 2576 3841 nimirum
2627 3791 2878 3860 exemplo
2906 3806 3007 3846 suo
3041 3793 3290 3851 homines
3324 3799 3391 3852 ad
3423 3801 3536 3853 vir-

1955 3885 2127 3930 tutem
2179 3888 2524 3946 provocaret,
2572 3879 2648 3933 uti
2680 3881 2756 3935 ait
2797 3881 2994 3938 beatus
3040 3883 3234 3939 Petrus
3259 3869 3284 3941 ”;
3321 3907 3342 3940 ι
3378 3889 3539 3945 Chri-

1955 3974 2072 4021 stus
2101 3981 2298 4036 passus
2324 3978 2407 4024 est
2441 3985 2539 4039 pro
2583 3972 2760 4036 nobis,
2801 3973 2964 4030 nobis
2999 3977 3319 4048 relinquens
3349 3996 3536 4039 ειεωῆ

1953 4059 2128 4128 plum,
2160 4070 2218 4114 ut
2251 4076 2546 4130 sequamur
2571 4064 2796 4134 vestigia
2831 4066 2950 4135 ejus
2973 4069 3040 4122 ".
3080 4088 3098 4120 ι

2027 4148 2167 4216 Quia
2211 4165 2341 4206 vero
2373 4167 2482 4207 non
2532 4154 2646 4210 sola
2684 4156 2904 4213 virtutis
2943 4174 3103 4230 opera
3149 4163 3446 4234 sulliciunt,
3477 4177 3537 4223 ut

1955 4253 2216 4301 aeternam
2248 4246 2376 4316 quis
2417 4247 2816 4305 beatitudinem
2863 4264 3256 4324 consequatur,
3290 4259 3385 4312 sed
3440 4276 3534 4316 ne-

1954 4341 2192 4395 cessaria
2224 4354 2445 4409 quoque
2474 4340 2720 4398 veritatis
2750 4341 2818 4397 de
2850 4341 2961 4399 Deo
2999 4348 3241 4409 cognitio
3269 4358 3355 4404 est
3387 4367 3402 4404 :
3439 4367 3538 4407 nec

1953 4446 2087 4486 vero
2123 4430 2243 4486 ﬁeri
2286 4439 2503 4501 poterat
2529 4443 2586 4487 ut
2630 4433 2794 4493 homo
2824 4436 3110 4492 veritatem
3152 4438 3378 4504 docens,
3416 4457 3540 4512 qua:

1955 4525 2022 4580 de
2069 4521 2182 4578 Deo
2217 4535 2320 4587 est,
2355 4533 2558 4578 certam
2595 4526 2821 4579 omnino
2852 4527 3009 4581 ﬁdem
3057 4531 3317 4596 haberet;
3371 4533 3538 4588 homo

1955 4618 2099 4672 enim
2144 4624 2200 4670 et
2245 4616 2420 4684 decipi
2457 4626 2510 4670 et
2549 4615 2803 4684 decipere
2853 4629 3053 4686 potest,
3089 4635 3152 4674 ea
3184 4636 3401 4692 quoque
3450 4639 3540 4679 ra-

1957 4709 2104 4763 tione
2138 4708 2388 4772 decebat,
2437 4716 2494 4761 ιιι
2544 4707 2684 4763 Deus
2720 4708 2902 4763 fac-tus
2937 4711 3102 4764 homo
3145 4726 3328 4767 verant
3376 4714 3548 4770 ﬁdem.

1951 4801 2193 4865 doceret,
2227 4815 2338 4870 quo
2373 4800 2462 4855 illa
2514 4799 2650 4854 nihil
2695 4801 3036 4871 ambiguum,
3082 4804 3226 4864 velut
3259 4820 3288 4858 a
3330 4805 3441 4861 Deo
3483 4821 3538 4862 et

1951 4896 2180 4950 homine
2211 4896 2435 4961 tradita,
2469 4895 2716 4950 haberet.
2759 4897 2891 4952 Esse
2920 4906 3103 4951 autem
3154 4914 3211 4954 se
3245 4888 3411 4955 Deum
3443 4902 3540 4957 do-

1953 4989 2070 5044 cuit
2110 5003 2209 5058 per
2241 4988 2533 5052 miracula,
2568 5004 2690 5058 qua:
2721 4988 2866 5042 nulla
2899 4989 3140 5044 humana
3172 4991 3370 5046 virtute
3402 5009 3538 5062 pos-

1956 5091 2083 5134 sunt
2121 5081 2392 5149 przestari.
2444 5079 2580 5146 Quia
2619 5089 2800 5133 tamen
2838 5095 2937 5149 par
2968 5089 3108 5146 erat,
3143 5096 3239 5137 eos
3283 5084 3375 5153 qui
3409 5094 3540 5141 tunc

1955 5182 2256 5243 pra-sentes
2287 5181 2447 5226 erant
2476 5187 2537 5226 ac
2561 5171 2840 5240 videbant,
2877 5181 3008 5228 tunc
3041 5175 3390 5241 credituros;
3439 5195 3533 5249 po-

1955 5274 2134 5319 steros
2166 5277 2317 5324 vero,
2371 5262 2624 5332 ﬁgmenta
2679 5262 2795 5321 base
2843 5278 2988 5326 esse,
3035 5266 3154 5318 fore.
3193 5253 3544 5335 objectorosf

1956 5355 2084 5410 huic
2131 5370 2350 5424 quoque
2407 5354 2714 5424 excogitata
2751 5355 2932 5409 cautio
2963 5353 3064 5410 est.
3104 5355 3238 5412 Nam
3287 5360 3333 5426 si
3367 5359 3412 5413 is
3444 5365 3536 5429 qui

1958 5448 2100 5502 hanc
2144 5448 2327 5502 docuit
2363 5445 2549 5504 ﬁdem,
2581 5453 2635 5499 et
2673 5445 2766 5516 qui
2805 5447 3069 5502 miracula
3103 5449 3299 5504 fecisse
3342 5465 3537 5504 narra-

1963 5550 2071 5603 tur,
2101 5539 2254 5594 dives
2303 5537 2515 5604 fuisset,
2564 5539 2866 5609 ingensque
2913 5541 3205 5609 imperium
3250 5556 3313 5594 ac
3351 5541 3538 5610 copias

1960 5633 2208 5698 haberet,
2257 5633 2446 5686 venire
2494 5632 2548 5684 in
2598 5641 2834 5686 tuentem
2894 5634 3056 5688 alicui
3108 5643 3337 5704 poterat,
3391 5633 3537 5689 illius

1964 5727 2268 5781 doctrinam
2309 5740 2373 5780 ac
2415 5723 2678 5803 miracula
2713 5725 2967 5794 ﬁgmenta
3000 5741 3144 5791 esse,
3193 5727 3540 5797 humanaque

2989 5986 3142 6052 ’20
