  <div class='ocr_page' id='page_1' title='image "/cluster/home/n/w/nwhite01/storage/ocr_20150623/152/coo.31924054870575/317.png"; bbox 0 0 4088 6432; ppageno 0'>
   <div class='ocr_carea' id='block_1_1' title="bbox 541 419 651 480">
    <p class='ocr_par' dir='ltr' id='par_1_1' title="bbox 541 419 651 480">
     <span class='ocr_line' id='line_1_1' title="bbox 541 419 651 480; baseline 0.018 -2"><span class='ocrx_word' id='word_1_1' title='bbox 541 419 651 480; x_wconf 71' lang='lat'><strong>619</strong></span> 
     </span>
    </p>
   </div>
   <div class='ocr_carea' id='block_1_2' title="bbox 1807 403 2548 468">
    <p class='ocr_par' dir='ltr' id='par_1_2' title="bbox 1807 403 2548 468">
     <span class='ocr_line' id='line_1_2' title="bbox 1807 403 2548 468; baseline -0.003 0"><span class='ocrx_word' id='word_1_2' title='bbox 1807 404 2206 468; x_wconf 81' lang='lat' dir='ltr'><strong>MANUELIS</strong></span> <span class='ocrx_word' id='word_1_3' title='bbox 2245 403 2548 466; x_wconf 43' lang='lat' dir='ltr'><strong>CALECIE</strong></span> 
     </span>
    </p>
   </div>
   <div class='ocr_carea' id='block_1_3' title="bbox 3703 411 3809 472">
    <p class='ocr_par' dir='ltr' id='par_1_3' title="bbox 3703 411 3809 472">
     <span class='ocr_line' id='line_1_3' title="bbox 3703 411 3809 472; baseline -0.028 0"><span class='ocrx_word' id='word_1_4' title='bbox 3703 411 3809 472; x_wconf 70' lang='lat'><strong>620</strong></span> 
     </span>
    </p>
   </div>
   <div class='ocr_carea' id='block_1_4' title="bbox 543 488 2128 597">
    <p class='ocr_par' dir='ltr' id='par_1_4' title="bbox 543 517 2121 597">
     <span class='ocr_line' id='line_1_4' title="bbox 543 517 2121 597; baseline -0.009 -16"><span class='ocrx_word' id='word_1_5' title='bbox 543 529 782 597; x_wconf 85' lang='lat' dir='ltr'><strong>potentia</strong></span> <span class='ocrx_word' id='word_1_6' title='bbox 817 536 866 581; x_wconf 89' lang='lat' dir='ltr'><strong>et</strong></span> <span class='ocrx_word' id='word_1_7' title='bbox 900 525 1101 582; x_wconf 79' lang='lat' dir='ltr'><strong>auxilio</strong></span> <span class='ocrx_word' id='word_1_8' title='bbox 1135 530 1346 592; x_wconf 83' lang='lat' dir='ltr'><strong>recepta</strong></span> <span class='ocrx_word' id='word_1_9' title='bbox 1381 535 1519 576; x_wconf 86' lang='lat' dir='ltr'><strong>esse.</strong></span> <span class='ocrx_word' id='word_1_10' title='bbox 1571 517 1647 573; x_wconf 83' lang='lat' dir='ltr'><strong>Ne</strong></span> <span class='ocrx_word' id='word_1_11' title='bbox 1681 532 1809 572; x_wconf 89' lang='lat' dir='ltr'><strong>vero</strong></span> <span class='ocrx_word' id='word_1_12' title='bbox 1833 518 2121 588; x_wconf 81' lang='lat' dir='ltr'><strong>quisquam</strong></span> 
     </span>
    </p>
   </div>
   <div class='ocr_carea' id='block_1_5' title="bbox 2233 488 3808 597">
    <p class='ocr_par' dir='ltr' id='par_1_5' title="bbox 2233 512 3808 590">
     <span class='ocr_line' id='line_1_5' title="bbox 2233 512 3808 590; baseline 0.004 -24"><span class='ocrx_word' id='word_1_13' title='bbox 2233 512 2332 567; x_wconf 74' lang='grc' dir='ltr'>ὑπὸ</span> <span class='ocrx_word' id='word_1_14' title='bbox 2358 514 2642 584; x_wconf 79' lang='grc' dir='ltr'>δυνάμεως</span> <span class='ocrx_word' id='word_1_15' title='bbox 2693 513 2792 568; x_wconf 78' lang='grc' dir='ltr'>καὶ</span> <span class='ocrx_word' id='word_1_16' title='bbox 2859 515 3116 586; x_wconf 76' lang='grc' dir='ltr'><strong>βοηθείας</strong></span> <span class='ocrx_word' id='word_1_17' title='bbox 3167 517 3512 588; x_wconf 69' lang='grc' dir='ltr'><strong>ἀνθρωπίνης</strong></span> <span class='ocrx_word' id='word_1_18' title='bbox 3577 523 3808 590; x_wconf 58' lang='grc' dir='ltr'>παρεδέ-</span> 
     </span>
    </p>
   </div>
   <div class='ocr_carea' id='block_1_6' title="bbox 541 608 2124 686">
    <p class='ocr_par' dir='ltr' id='par_1_6' title="bbox 541 608 2124 686">
     <span class='ocr_line' id='line_1_6' title="bbox 541 608 2124 686; baseline -0.008 -12"><span class='ocrx_word' id='word_1_19' title='bbox 541 626 646 676; x_wconf 81' lang='lat' dir='ltr'><strong>hoc</strong></span> <span class='ocrx_word' id='word_1_20' title='bbox 683 621 851 682; x_wconf 89' lang='lat' dir='ltr'><strong>dicat,</strong></span> <span class='ocrx_word' id='word_1_21' title='bbox 908 617 1002 672; x_wconf 83' lang='lat' dir='ltr'><strong>sed</strong></span> <span class='ocrx_word' id='word_1_22' title='bbox 1042 617 1132 671; x_wconf 88' lang='lat' dir='ltr'><strong>Dei</strong></span> <span class='ocrx_word' id='word_1_23' title='bbox 1185 616 1363 686; x_wconf 85' lang='lat' dir='ltr'><strong>potius</strong></span> <span class='ocrx_word' id='word_1_24' title='bbox 1394 618 1530 684; x_wconf 84' lang='lat' dir='ltr'><strong>opus</strong></span> <span class='ocrx_word' id='word_1_25' title='bbox 1565 626 1686 666; x_wconf 90' lang='lat' dir='ltr'><strong>esse</strong></span> <span class='ocrx_word' id='word_1_26' title='bbox 1727 625 1920 664; x_wconf 90' lang='lat' dir='ltr'><strong>omnes</strong></span> <span class='ocrx_word' id='word_1_27' title='bbox 1950 608 2124 663; x_wconf 86' lang='lat' dir='ltr'><strong>conli-</strong></span> 
     </span>
    </p>
   </div>
   <div class='ocr_carea' id='block_1_7' title="bbox 543 702 2125 777">
    <p class='ocr_par' dir='ltr' id='par_1_7' title="bbox 543 702 2125 777">
     <span class='ocr_line' id='line_1_7' title="bbox 543 702 2125 777; baseline -0.008 -11"><span class='ocrx_word' id='word_1_28' title='bbox 543 723 781 777; x_wconf 63' lang='lat' dir='ltr'><strong>tt-antur,</strong></span> <span class='ocrx_word' id='word_1_29' title='bbox 815 724 1009 766; x_wconf 84' lang='lat' dir='ltr'><strong>cuneta</strong></span> <span class='ocrx_word' id='word_1_30' title='bbox 1048 709 1261 764; x_wconf 83' lang='lat' dir='ltr'><strong>inﬁrma</strong></span> <span class='ocrx_word' id='word_1_31' title='bbox 1288 723 1354 762; x_wconf 81' lang='lat' dir='ltr'><strong>ae</strong></span> <span class='ocrx_word' id='word_1_32' title='bbox 1383 707 1619 776; x_wconf 80' lang='lat' dir='ltr'><strong>projerta</strong></span> <span class='ocrx_word' id='word_1_33' title='bbox 1658 705 1850 775; x_wconf 59' lang='lat' dir='ltr'><strong>cingit;</strong></span> <span class='ocrx_word' id='word_1_34' title='bbox 1901 702 2125 756; x_wconf 79' lang='lat' dir='ltr'><strong>Matrem</strong></span> 
     </span>
    </p>
   </div>
   <div class='ocr_carea' id='block_1_8' title="bbox 542 793 2128 874">
    <p class='ocr_par' dir='ltr' id='par_1_8' title="bbox 542 793 2128 874">
     <span class='ocr_line' id='line_1_8' title="bbox 542 793 2128 874; baseline -0.008 -17"><span class='ocrx_word' id='word_1_35' title='bbox 542 820 855 874; x_wconf 72' lang='lat' dir='ltr'><strong>pauperem,</strong></span> <span class='ocrx_word' id='word_1_36' title='bbox 907 818 1135 872; x_wconf 87' lang='lat' dir='ltr'><strong>egenam</strong></span> <span class='ocrx_word' id='word_1_37' title='bbox 1177 801 1368 865; x_wconf 85' lang='lat' dir='ltr'><strong>vitam,</strong></span> <span class='ocrx_word' id='word_1_38' title='bbox 1405 799 1707 869; x_wconf 86' lang='lat' dir='ltr'><strong>discipulos</strong></span> <span class='ocrx_word' id='word_1_39' title='bbox 1753 810 1818 851; x_wconf 82' lang='lat' dir='ltr'><strong>ac</strong></span> <span class='ocrx_word' id='word_1_40' title='bbox 1867 793 2128 864; x_wconf 61' lang='lat' dir='ltr'><strong>praadica-</strong></span> 
     </span>
    </p>
   </div>
   <div class='ocr_carea' id='block_1_9' title="bbox 543 886 2128 960">
    <p class='ocr_par' dir='ltr' id='par_1_9' title="bbox 543 886 2128 960">
     <span class='ocr_line' id='line_1_9' title="bbox 543 886 2128 960; baseline -0.005 -12"><span class='ocrx_word' id='word_1_41' title='bbox 543 909 687 950; x_wconf 89' lang='lat' dir='ltr'><strong>tores</strong></span> <span class='ocrx_word' id='word_1_42' title='bbox 743 895 994 948; x_wconf 82' lang='lat' dir='ltr'><strong>homines</strong></span> <span class='ocrx_word' id='word_1_43' title='bbox 1041 893 1204 948; x_wconf 86' lang='lat' dir='ltr'><strong>rudes</strong></span> <span class='ocrx_word' id='word_1_44' title='bbox 1237 902 1290 947; x_wconf 92' lang='lat' dir='ltr'><strong>et</strong></span> <span class='ocrx_word' id='word_1_45' title='bbox 1339 891 1562 946; x_wconf 75' lang='lat' dir='ltr'><strong>idiotas.</strong></span> <span class='ocrx_word' id='word_1_46' title='bbox 1609 888 1907 960; x_wconf 80' lang='lat' dir='ltr'><strong>Reprobarl</strong></span> <span class='ocrx_word' id='word_1_47' title='bbox 1953 886 2128 940; x_wconf 78' lang='lat' dir='ltr'><strong>voluit</strong></span> 
     </span>
    </p>
   </div>
   <div class='ocr_carea' id='block_1_10' title="bbox 539 979 2127 1054">
    <p class='ocr_par' dir='ltr' id='par_1_10' title="bbox 539 979 2127 1054">
     <span class='ocr_line' id='line_1_10' title="bbox 539 979 2127 1054; baseline -0.006 -12"><span class='ocrx_word' id='word_1_48' title='bbox 539 999 593 1042; x_wconf 90' lang='lat' dir='ltr'><strong>et</strong></span> <span class='ocrx_word' id='word_1_49' title='bbox 623 989 688 1042; x_wconf 89' lang='lat' dir='ltr'><strong>ad</strong></span> <span class='ocrx_word' id='word_1_50' title='bbox 728 996 955 1041; x_wconf 89' lang='lat' dir='ltr'><strong>mortem</strong></span> <span class='ocrx_word' id='word_1_51' title='bbox 990 1001 1161 1054; x_wconf 85' lang='lat' dir='ltr'><strong>usque</strong></span> <span class='ocrx_word' id='word_1_52' title='bbox 1192 1000 1346 1038; x_wconf 90' lang='lat' dir='ltr'><strong>reum</strong></span> <span class='ocrx_word' id='word_1_53' title='bbox 1377 983 1587 1052; x_wconf 80' lang='lat' dir='ltr'><strong>peragi,</strong></span> <span class='ocrx_word' id='word_1_54' title='bbox 1618 990 1677 1036; x_wconf 91' lang='lat' dir='ltr'><strong>ut</strong></span> <span class='ocrx_word' id='word_1_55' title='bbox 1720 981 1921 1050; x_wconf 76' lang='lat' dir='ltr'><strong>posteri</strong></span> <span class='ocrx_word' id='word_1_56' title='bbox 1969 979 2127 1033; x_wconf 63' lang='lat' dir='ltr'><strong>intelo</strong></span> 
     </span>
    </p>
   </div>
   <div class='ocr_carea' id='block_1_11' title="bbox 541 1071 2127 1150">
    <p class='ocr_par' dir='ltr' id='par_1_11' title="bbox 541 1071 2127 1150">
     <span class='ocr_line' id='line_1_11' title="bbox 541 1071 2127 1150; baseline -0.006 -18"><span class='ocrx_word' id='word_1_57' title='bbox 541 1081 789 1150; x_wconf 79' lang='lat' dir='ltr'><strong>ligerent,</strong></span> <span class='ocrx_word' id='word_1_58' title='bbox 828 1078 949 1146; x_wconf 87' lang='lat' dir='ltr'><strong>ejus</strong></span> <span class='ocrx_word' id='word_1_59' title='bbox 982 1077 1288 1131; x_wconf 82' lang='lat' dir='ltr'><strong>doctrinam</strong></span> <span class='ocrx_word' id='word_1_60' title='bbox 1342 1084 1395 1128; x_wconf 91' lang='lat' dir='ltr'><strong>et</strong></span> <span class='ocrx_word' id='word_1_61' title='bbox 1428 1073 1692 1127; x_wconf 87' lang='lat' dir='ltr'><strong>miracula</strong></span> <span class='ocrx_word' id='word_1_62' title='bbox 1729 1087 1838 1125; x_wconf 89' lang='lat' dir='ltr'><strong>non</strong></span> <span class='ocrx_word' id='word_1_63' title='bbox 1875 1071 2127 1124; x_wconf 70' lang='lat' dir='ltr'><strong>humana:</strong></span> 
     </span>
    </p>
   </div>
   <div class='ocr_carea' id='block_1_12' title="bbox 538 1160 2128 1237">
    <p class='ocr_par' dir='ltr' id='par_1_12' title="bbox 538 1160 2128 1237">
     <span class='ocr_line' id='line_1_12' title="bbox 538 1160 2128 1237; baseline -0.004 -14"><span class='ocrx_word' id='word_1_64' title='bbox 538 1170 777 1233; x_wconf 80' lang='lat' dir='ltr'><strong>virtutis,</strong></span> <span class='ocrx_word' id='word_1_65' title='bbox 813 1170 906 1224; x_wconf 86' lang='lat' dir='ltr'><strong>sed</strong></span> <span class='ocrx_word' id='word_1_66' title='bbox 957 1165 1052 1222; x_wconf 88' lang='lat' dir='ltr'><strong>Dei</strong></span> <span class='ocrx_word' id='word_1_67' title='bbox 1099 1167 1357 1237; x_wconf 69' lang='lat' dir='ltr'><strong>potentiae</strong></span> <span class='ocrx_word' id='word_1_68' title='bbox 1399 1164 1764 1220; x_wconf 84' lang='lat' dir='ltr'><strong>existimanda</strong></span> <span class='ocrx_word' id='word_1_69' title='bbox 1795 1177 1938 1218; x_wconf 90' lang='lat' dir='ltr'><strong>esse.</strong></span> <span class='ocrx_word' id='word_1_70' title='bbox 1972 1160 2128 1216; x_wconf 89' lang='lat' dir='ltr'><strong>Unde</strong></span> 
     </span>
    </p>
   </div>
   <div class='ocr_carea' id='block_1_13' title="bbox 538 1254 2126 1331">
    <p class='ocr_par' dir='ltr' id='par_1_13' title="bbox 538 1254 2126 1331">
     <span class='ocr_line' id='line_1_13' title="bbox 538 1254 2126 1331; baseline -0.008 -14"><span class='ocrx_word' id='word_1_71' title='bbox 538 1268 703 1317; x_wconf 79' lang='lat' dir='ltr'><strong>etiam</strong></span> <span class='ocrx_word' id='word_1_72' title='bbox 734 1260 994 1331; x_wconf 79' lang='lat' dir='ltr'><strong>quidquid</strong></span> <span class='ocrx_word' id='word_1_73' title='bbox 1029 1267 1214 1329; x_wconf 86' lang='lat' dir='ltr'><strong>ageret</strong></span> <span class='ocrx_word' id='word_1_74' title='bbox 1255 1273 1317 1312; x_wconf 90' lang='lat' dir='ltr'><strong>ac</strong></span> <span class='ocrx_word' id='word_1_75' title='bbox 1357 1265 1658 1326; x_wconf 85' lang='lat' dir='ltr'><strong>pateretur,</strong></span> <span class='ocrx_word' id='word_1_76' title='bbox 1693 1257 1931 1310; x_wconf 85' lang='lat' dir='ltr'><strong>humana</strong></span> <span class='ocrx_word' id='word_1_77' title='bbox 1968 1254 2126 1308; x_wconf 84' lang='lat' dir='ltr'><strong>inlir-</strong></span> 
     </span>
    </p>
   </div>
   <div class='ocr_carea' id='block_1_14' title="bbox 538 1345 2129 1432">
    <p class='ocr_par' dir='ltr' id='par_1_14' title="bbox 538 1345 2129 1432">
     <span class='ocr_line' id='line_1_14' title="bbox 538 1345 2129 1432; baseline -0.008 -22"><span class='ocrx_word' id='word_1_78' title='bbox 538 1354 934 1432; x_wconf 36' lang='lat' dir='ltr'><strong>mitasodivina:</strong></span> <span class='ocrx_word' id='word_1_79' title='bbox 972 1350 1161 1406; x_wconf 77' lang='lat' dir='ltr'><strong>virtuti</strong></span> <span class='ocrx_word' id='word_1_80' title='bbox 1193 1364 1413 1418; x_wconf 82' lang='lat' dir='ltr'><strong>semper</strong></span> <span class='ocrx_word' id='word_1_81' title='bbox 1442 1363 1626 1403; x_wconf 88' lang='lat' dir='ltr'><strong>comes</strong></span> <span class='ocrx_word' id='word_1_82' title='bbox 1663 1357 1800 1402; x_wconf 92' lang='lat' dir='ltr'><strong>erat.</strong></span> <span class='ocrx_word' id='word_1_83' title='bbox 1832 1346 1885 1400; x_wconf 91' lang='lat' dir='ltr'><strong>ln</strong></span> <span class='ocrx_word' id='word_1_84' title='bbox 1919 1345 2129 1400; x_wconf 81' lang='lat' dir='ltr'><strong>Nativi-</strong></span> 
     </span>
    </p>
   </div>
   <div class='ocr_carea' id='block_1_15' title="bbox 540 1439 2124 1511">
    <p class='ocr_par' dir='ltr' id='par_1_15' title="bbox 540 1439 2124 1511">
     <span class='ocr_line' id='line_1_15' title="bbox 540 1439 2124 1511; baseline -0.004 -13"><span class='ocrx_word' id='word_1_85' title='bbox 540 1456 652 1500; x_wconf 89' lang='lat' dir='ltr'><strong>tate</strong></span> <span class='ocrx_word' id='word_1_86' title='bbox 686 1445 833 1500; x_wconf 90' lang='lat' dir='ltr'><strong>enim</strong></span> <span class='ocrx_word' id='word_1_87' title='bbox 861 1442 1192 1511; x_wconf 74' lang='lat' dir='ltr'><strong>paupercula</strong></span> <span class='ocrx_word' id='word_1_88' title='bbox 1219 1442 1467 1510; x_wconf 71' lang='lat' dir='ltr'><strong>quzedam</strong></span> <span class='ocrx_word' id='word_1_89' title='bbox 1497 1439 1883 1502; x_wconf 85' lang='lat' dir='ltr'><strong>cernebantur,</strong></span> <span class='ocrx_word' id='word_1_90' title='bbox 1907 1454 2124 1507; x_wconf 79' lang='lat' dir='ltr'><strong>specus,</strong></span> 
     </span>
    </p>
   </div>
   <div class='ocr_carea' id='block_1_16' title="bbox 540 1527 2128 1602">
    <p class='ocr_par' dir='ltr' id='par_1_16' title="bbox 540 1527 2128 1602">
     <span class='ocr_line' id='line_1_16' title="bbox 540 1527 2128 1602; baseline -0.004 -12"><span class='ocrx_word' id='word_1_91' title='bbox 540 1537 750 1596; x_wconf 72' lang='lat' dir='ltr'><strong>l&#39;ascim,</strong></span> <span class='ocrx_word' id='word_1_92' title='bbox 787 1543 839 1588; x_wconf 90' lang='lat' dir='ltr'><strong>et</strong></span> <span class='ocrx_word' id='word_1_93' title='bbox 863 1549 983 1602; x_wconf 71' lang='lat' dir='ltr'><strong>quae</strong></span> <span class='ocrx_word' id='word_1_94' title='bbox 1007 1534 1125 1600; x_wconf 82' lang='lat' dir='ltr'><strong>cjus</strong></span> <span class='ocrx_word' id='word_1_95' title='bbox 1161 1532 1374 1601; x_wconf 78' lang='lat' dir='ltr'><strong>generis</strong></span> <span class='ocrx_word' id='word_1_96' title='bbox 1399 1541 1568 1597; x_wconf 88' lang='lat' dir='ltr'><strong>sunt;</strong></span> <span class='ocrx_word' id='word_1_97' title='bbox 1605 1544 1792 1584; x_wconf 81' lang='lat' dir='ltr'><strong>verum</strong></span> <span class='ocrx_word' id='word_1_98' title='bbox 1823 1529 1891 1583; x_wconf 91' lang='lat' dir='ltr'><strong>ab</strong></span> <span class='ocrx_word' id='word_1_99' title='bbox 1917 1527 2128 1599; x_wconf 78' lang='lat' dir='ltr'><strong>angelis</strong></span> 
     </span>
    </p>
   </div>
   <div class='ocr_carea' id='block_1_17' title="bbox 539 1620 2124 1691">
    <p class='ocr_par' dir='ltr' id='par_1_17' title="bbox 539 1620 2124 1691">
     <span class='ocr_line' id='line_1_17' title="bbox 539 1620 2124 1691; baseline -0.004 -8"><span class='ocrx_word' id='word_1_100' title='bbox 539 1631 889 1690; x_wconf 67' lang='lat' dir='ltr'><strong>laudabatur,</strong></span> <span class='ocrx_word' id='word_1_101' title='bbox 950 1642 1013 1680; x_wconf 92' lang='lat' dir='ltr'><strong>ae</strong></span> <span class='ocrx_word' id='word_1_102' title='bbox 1069 1625 1226 1680; x_wconf 69' lang='lat' dir='ltr'><strong>stella</strong></span> <span class='ocrx_word' id='word_1_103' title='bbox 1272 1623 1411 1678; x_wconf 90' lang='lat' dir='ltr'><strong>duce</strong></span> <span class='ocrx_word' id='word_1_104' title='bbox 1460 1638 1488 1674; x_wconf 91' lang='lat' dir='ltr'><strong>a</strong></span> <span class='ocrx_word' id='word_1_105' title='bbox 1544 1622 1712 1691; x_wconf 80' lang='lat' dir='ltr'><strong>Magis</strong></span> <span class='ocrx_word' id='word_1_106' title='bbox 1765 1620 2124 1676; x_wconf 86' lang='lat' dir='ltr'><strong>adorabatur.</strong></span> 
     </span>
    </p>
   </div>
   <div class='ocr_carea' id='block_1_18' title="bbox 541 1711 2128 1784">
    <p class='ocr_par' dir='ltr' id='par_1_18' title="bbox 541 1711 2128 1784">
     <span class='ocr_line' id='line_1_18' title="bbox 541 1711 2128 1784; baseline -0.007 -9"><span class='ocrx_word' id='word_1_107' title='bbox 541 1723 812 1776; x_wconf 84' lang='lat' dir='ltr'><strong>&#39;l‘entatur</strong></span> <span class='ocrx_word' id='word_1_108' title='bbox 846 1735 873 1771; x_wconf 91' lang='lat' dir='ltr'><strong>a</strong></span> <span class='ocrx_word' id='word_1_109' title='bbox 910 1718 1152 1780; x_wconf 80' lang='lat' dir='ltr'><strong>diabolo,</strong></span> <span class='ocrx_word' id='word_1_110' title='bbox 1185 1716 1276 1770; x_wconf 90' lang='lat' dir='ltr'><strong>sed</strong></span> <span class='ocrx_word' id='word_1_111' title='bbox 1321 1713 1498 1784; x_wconf 80' lang='lat' dir='ltr'><strong>angeli</strong></span> <span class='ocrx_word' id='word_1_112' title='bbox 1529 1714 1577 1768; x_wconf 90' lang='lat' dir='ltr'><strong>ei</strong></span> <span class='ocrx_word' id='word_1_113' title='bbox 1608 1713 1945 1767; x_wconf 86' lang='lat' dir='ltr'><strong>ministrant.</strong></span> <span class='ocrx_word' id='word_1_114' title='bbox 1975 1711 2128 1765; x_wconf 80' lang='lat' dir='ltr'><strong>Men-</strong></span> 
     </span>
    </p>
   </div>
   <div class='ocr_carea' id='block_1_19' title="bbox 539 1805 2128 1880">
    <p class='ocr_par' dir='ltr' id='par_1_19' title="bbox 539 1805 2128 1880">
     <span class='ocr_line' id='line_1_19' title="bbox 539 1805 2128 1880; baseline -0.008 -12"><span class='ocrx_word' id='word_1_115' title='bbox 539 1815 645 1868; x_wconf 81' lang='lat' dir='ltr'><strong>dici</strong></span> <span class='ocrx_word' id='word_1_116' title='bbox 682 1816 846 1867; x_wconf 84' lang='lat' dir='ltr'><strong>vitam</strong></span> <span class='ocrx_word' id='word_1_117' title='bbox 882 1827 945 1866; x_wconf 92' lang='lat' dir='ltr'><strong>ac</strong></span> <span class='ocrx_word' id='word_1_118' title='bbox 991 1823 1282 1880; x_wconf 83' lang='lat' dir='ltr'><strong>pauperem</strong></span> <span class='ocrx_word' id='word_1_119' title='bbox 1314 1807 1456 1878; x_wconf 89' lang='lat' dir='ltr'><strong>egit;</strong></span> <span class='ocrx_word' id='word_1_120' title='bbox 1500 1821 1690 1860; x_wconf 84' lang='lat' dir='ltr'><strong>verum</strong></span> <span class='ocrx_word' id='word_1_121' title='bbox 1720 1805 1955 1860; x_wconf 86' lang='lat' dir='ltr'><strong>suscitat</strong></span> <span class='ocrx_word' id='word_1_122' title='bbox 1980 1819 2128 1857; x_wconf 88' lang='lat' dir='ltr'><strong>mor-</strong></span> 
     </span>
    </p>
   </div>
   <div class='ocr_carea' id='block_1_20' title="bbox 540 1896 2123 1960">
    <p class='ocr_par' dir='ltr' id='par_1_20' title="bbox 540 1896 2123 1960">
     <span class='ocr_line' id='line_1_20' title="bbox 540 1896 2123 1960; baseline -0.006 -2"><span class='ocrx_word' id='word_1_123' title='bbox 540 1917 666 1960; x_wconf 89' lang='lat' dir='ltr'><strong>tuos</strong></span> <span class='ocrx_word' id='word_1_124' title='bbox 699 1918 752 1959; x_wconf 88' lang='lat' dir='ltr'><strong>et</strong></span> <span class='ocrx_word' id='word_1_125' title='bbox 783 1905 942 1958; x_wconf 76' lang='lat' dir='ltr'><strong>czecis</strong></span> <span class='ocrx_word' id='word_1_126' title='bbox 973 1903 1149 1955; x_wconf 86' lang='lat' dir='ltr'><strong>visum</strong></span> <span class='ocrx_word' id='word_1_127' title='bbox 1183 1899 1437 1954; x_wconf 89' lang='lat' dir='ltr'><strong>restituit.</strong></span> <span class='ocrx_word' id='word_1_128' title='bbox 1473 1897 1635 1952; x_wconf 80' lang='lat' dir='ltr'><strong>Cruci</strong></span> <span class='ocrx_word' id='word_1_129' title='bbox 1673 1896 1866 1951; x_wconf 78' lang='lat' dir='ltr'><strong>alIixus</strong></span> <span class='ocrx_word' id='word_1_130' title='bbox 1891 1905 2123 1950; x_wconf 86' lang='lat' dir='ltr'><strong>mortem</strong></span> 
     </span>
    </p>
   </div>
   <div class='ocr_carea' id='block_1_21' title="bbox 539 1987 2126 2060">
    <p class='ocr_par' dir='ltr' id='par_1_21' title="bbox 539 1987 2126 2060">
     <span class='ocr_line' id='line_1_21' title="bbox 539 1987 2126 2060; baseline -0.006 -9"><span class='ocrx_word' id='word_1_131' title='bbox 539 1999 676 2060; x_wconf 88' lang='lat' dir='ltr'><strong>obit,</strong></span> <span class='ocrx_word' id='word_1_132' title='bbox 717 2005 772 2050; x_wconf 89' lang='lat' dir='ltr'><strong>et</strong></span> <span class='ocrx_word' id='word_1_133' title='bbox 818 1995 1126 2049; x_wconf 89' lang='lat' dir='ltr'><strong>latronibus</strong></span> <span class='ocrx_word' id='word_1_134' title='bbox 1156 2000 1514 2054; x_wconf 88' lang='lat' dir='ltr'><strong>accensetur;</strong></span> <span class='ocrx_word' id='word_1_135' title='bbox 1555 2003 1746 2043; x_wconf 84' lang='lat' dir='ltr'><strong>verum</strong></span> <span class='ocrx_word' id='word_1_136' title='bbox 1796 1989 1876 2042; x_wconf 88' lang='lat' dir='ltr'><strong>sol</strong></span> <span class='ocrx_word' id='word_1_137' title='bbox 1912 1989 1963 2040; x_wconf 92' lang='lat' dir='ltr'><strong>in</strong></span> <span class='ocrx_word' id='word_1_138' title='bbox 2008 1987 2126 2056; x_wconf 84' lang='lat' dir='ltr'><strong>ejus</strong></span> 
     </span>
    </p>
   </div>
   <div class='ocr_carea' id='block_1_22' title="bbox 541 2081 2124 2150">
    <p class='ocr_par' dir='ltr' id='par_1_22' title="bbox 541 2081 2124 2150">
     <span class='ocr_line' id='line_1_22' title="bbox 541 2081 2124 2150; baseline -0.007 -8"><span class='ocrx_word' id='word_1_139' title='bbox 541 2101 716 2144; x_wconf 88' lang='lat' dir='ltr'><strong>morte</strong></span> <span class='ocrx_word' id='word_1_140' title='bbox 757 2088 1107 2146; x_wconf 84' lang='lat' dir='ltr'><strong>obscuratur,</strong></span> <span class='ocrx_word' id='word_1_141' title='bbox 1134 2093 1276 2138; x_wconf 90' lang='lat' dir='ltr'><strong>terra</strong></span> <span class='ocrx_word' id='word_1_142' title='bbox 1305 2081 1512 2144; x_wconf 87' lang='lat' dir='ltr'><strong>tremit,</strong></span> <span class='ocrx_word' id='word_1_143' title='bbox 1537 2089 1704 2150; x_wconf 65' lang='lat' dir='ltr'><strong>petra:</strong></span> <span class='ocrx_word' id='word_1_144' title='bbox 1737 2089 2124 2142; x_wconf 89' lang='lat' dir='ltr'><strong>conteruntur,</strong></span> 
     </span>
    </p>
   </div>
   <div class='ocr_carea' id='block_1_23' title="bbox 537 2181 2126 2251">
    <p class='ocr_par' dir='ltr' id='par_1_23' title="bbox 537 2181 2126 2251">
     <span class='ocr_line' id='line_1_23' title="bbox 537 2181 2126 2251; baseline -0.008 -15"><span class='ocrx_word' id='word_1_145' title='bbox 537 2181 858 2251; x_wconf 85' lang='lat' dir='ltr'><strong>aperiuntur</strong></span> <span class='ocrx_word' id='word_1_146' title='bbox 886 2185 1265 2240; x_wconf 89' lang='lat' dir='ltr'><strong>monumenta,</strong></span> <span class='ocrx_word' id='word_1_147' title='bbox 1292 2185 1634 2228; x_wconf 86' lang='lat' dir='ltr'><strong>mortuorum</strong></span> <span class='ocrx_word' id='word_1_148' title='bbox 1677 2186 1906 2241; x_wconf 90' lang='lat' dir='ltr'><strong>corpora</strong></span> <span class='ocrx_word' id='word_1_149' title='bbox 1940 2186 2126 2227; x_wconf 89' lang='lat' dir='ltr'><strong>resur—</strong></span> 
     </span>
    </p>
   </div>
   <div class='ocr_carea' id='block_1_24' title="bbox 537 2286 692 2346">
    <p class='ocr_par' dir='ltr' id='par_1_24' title="bbox 537 2286 692 2346">
     <span class='ocr_line' id='line_1_24' title="bbox 537 2286 692 2346; baseline 0.013 -19"><span class='ocrx_word' id='word_1_150' title='bbox 537 2286 692 2346; x_wconf 83' lang='lat' dir='ltr'><strong>gunt.</strong></span> 
     </span>
    </p>
   </div>
   <div class='ocr_carea' id='block_1_25' title="bbox 613 2446 2125 2523">
    <p class='ocr_par' dir='ltr' id='par_1_25' title="bbox 613 2446 2125 2523">
     <span class='ocr_line' id='line_1_25' title="bbox 613 2446 2125 2523; baseline -0.007 -15"><span class='ocrx_word' id='word_1_151' title='bbox 613 2455 670 2508; x_wconf 89' lang='lat' dir='ltr'><strong>Si</strong></span> <span class='ocrx_word' id='word_1_152' title='bbox 705 2453 869 2523; x_wconf 79' lang='lat' dir='ltr'><strong>igitur</strong></span> <span class='ocrx_word' id='word_1_153' title='bbox 899 2453 982 2507; x_wconf 88' lang='lat' dir='ltr'><strong>his</strong></span> <span class='ocrx_word' id='word_1_154' title='bbox 1017 2453 1087 2505; x_wconf 81' lang='lat' dir='ltr'><strong>ita</strong></span> <span class='ocrx_word' id='word_1_155' title='bbox 1133 2451 1300 2522; x_wconf 84' lang='lat' dir='ltr'><strong>gestis</strong></span> <span class='ocrx_word' id='word_1_156' title='bbox 1328 2449 1433 2504; x_wconf 90' lang='lat' dir='ltr'><strong>alia</strong></span> <span class='ocrx_word' id='word_1_157' title='bbox 1476 2451 1600 2518; x_wconf 88' lang='lat' dir='ltr'><strong>quis</strong></span> <span class='ocrx_word' id='word_1_158' title='bbox 1645 2457 1929 2517; x_wconf 64' lang='lat' dir='ltr'><strong>prazterea,</strong></span> <span class='ocrx_word' id='word_1_159' title='bbox 1966 2456 2025 2500; x_wconf 86' lang='lat' dir='ltr'><strong>ut</strong></span> <span class='ocrx_word' id='word_1_160' title='bbox 2061 2446 2125 2498; x_wconf 84' lang='lat' dir='ltr'><strong>ad</strong></span> 
     </span>
    </p>
   </div>
   <div class='ocr_carea' id='block_1_26' title="bbox 540 2538 2129 2611">
    <p class='ocr_par' dir='ltr' id='par_1_26' title="bbox 540 2538 2129 2611">
     <span class='ocr_line' id='line_1_26' title="bbox 540 2538 2129 2611; baseline -0.008 -9"><span class='ocrx_word' id='word_1_161' title='bbox 540 2549 700 2602; x_wconf 84' lang='lat' dir='ltr'><strong>Iidem</strong></span> <span class='ocrx_word' id='word_1_162' title='bbox 744 2546 1071 2608; x_wconf 89' lang='lat' dir='ltr'><strong>inducatur,</strong></span> <span class='ocrx_word' id='word_1_163' title='bbox 1115 2543 1309 2611; x_wconf 63' lang='lat' dir='ltr'><strong>quaerit</strong></span> <span class='ocrx_word' id='word_1_164' title='bbox 1352 2543 1508 2611; x_wconf 87' lang='lat' dir='ltr'><strong>signa</strong></span> <span class='ocrx_word' id='word_1_165' title='bbox 1536 2581 1550 2604; x_wconf 96' lang='lat'><strong>,</strong></span> <span class='ocrx_word' id='word_1_166' title='bbox 1604 2541 1687 2595; x_wconf 85' lang='lat' dir='ltr'><strong>vel</strong></span> <span class='ocrx_word' id='word_1_167' title='bbox 1735 2541 1884 2595; x_wconf 83' lang='lat' dir='ltr'><strong>saxis</strong></span> <span class='ocrx_word' id='word_1_168' title='bbox 1935 2538 2129 2592; x_wconf 90' lang='lat' dir='ltr'><strong>durior</strong></span> 
     </span>
    </p>
   </div>
   <div class='ocr_carea' id='block_1_27' title="bbox 540 2630 2121 2707">
    <p class='ocr_par' dir='ltr' id='par_1_27' title="bbox 540 2630 2121 2707">
     <span class='ocr_line' id='line_1_27' title="bbox 540 2630 2121 2707; baseline -0.007 -14"><span class='ocrx_word' id='word_1_169' title='bbox 540 2641 646 2694; x_wconf 87' lang='lat' dir='ltr'><strong>erit</strong></span> <span class='ocrx_word' id='word_1_170' title='bbox 673 2655 687 2692; x_wconf 90' lang='lat'><strong>:</strong></span> <span class='ocrx_word' id='word_1_171' title='bbox 720 2638 919 2707; x_wconf 90' lang='lat' dir='ltr'><strong>quippe</strong></span> <span class='ocrx_word' id='word_1_172' title='bbox 945 2652 1068 2691; x_wconf 90' lang='lat' dir='ltr'><strong>cum</strong></span> <span class='ocrx_word' id='word_1_173' title='bbox 1103 2635 1265 2689; x_wconf 88' lang='lat' dir='ltr'><strong>illain</strong></span> <span class='ocrx_word' id='word_1_174' title='bbox 1297 2633 1498 2689; x_wconf 89' lang='lat' dir='ltr'><strong>Christi</strong></span> <span class='ocrx_word' id='word_1_175' title='bbox 1531 2642 1703 2686; x_wconf 85' lang='lat' dir='ltr'><strong>morte</strong></span> <span class='ocrx_word' id='word_1_176' title='bbox 1722 2632 1892 2688; x_wconf 87' lang='lat' dir='ltr'><strong>scissa</strong></span> <span class='ocrx_word' id='word_1_177' title='bbox 1920 2630 2032 2684; x_wconf 92' lang='lat' dir='ltr'><strong>sint</strong></span> <span class='ocrx_word' id='word_1_178' title='bbox 2054 2630 2121 2682; x_wconf 72' lang='grc' dir='ltr'><strong>τ’δ.</strong></span> 
     </span>
    </p>
   </div>
   <div class='ocr_carea' id='block_1_28' title="bbox 543 2723 2129 2796">
    <p class='ocr_par' dir='ltr' id='par_1_28' title="bbox 543 2723 2129 2796">
     <span class='ocr_line' id='line_1_28' title="bbox 543 2723 2129 2796; baseline -0.006 -12"><span class='ocrx_word' id='word_1_179' title='bbox 543 2733 624 2785; x_wconf 80' lang='lat' dir='ltr'><strong>Ad</strong></span> <span class='ocrx_word' id='word_1_180' title='bbox 649 2728 904 2796; x_wconf 87' lang='lat' dir='ltr'><strong>eumdem</strong></span> <span class='ocrx_word' id='word_1_181' title='bbox 935 2742 1062 2783; x_wconf 85' lang='lat' dir='ltr'><strong>vero</strong></span> <span class='ocrx_word' id='word_1_182' title='bbox 1098 2726 1317 2781; x_wconf 89' lang='lat' dir='ltr'><strong>modum</strong></span> <span class='ocrx_word' id='word_1_183' title='bbox 1351 2726 1516 2780; x_wconf 88' lang='lat' dir='ltr'><strong>etiam</strong></span> <span class='ocrx_word' id='word_1_184' title='bbox 1543 2724 1846 2792; x_wconf 83' lang='lat' dir='ltr'><strong>discipulos</strong></span> <span class='ocrx_word' id='word_1_185' title='bbox 1873 2723 2034 2792; x_wconf 84' lang='lat' dir='ltr'><strong>elegit</strong></span> <span class='ocrx_word' id='word_1_186' title='bbox 2073 2732 2129 2775; x_wconf 89' lang='lat' dir='ltr'><strong>et</strong></span> 
     </span>
    </p>
   </div>
   <div class='ocr_carea' id='block_1_29' title="bbox 544 2813 2128 2891">
    <p class='ocr_par' dir='ltr' id='par_1_29' title="bbox 544 2813 2128 2891">
     <span class='ocr_line' id='line_1_29' title="bbox 544 2813 2128 2891; baseline -0.007 -15"><span class='ocrx_word' id='word_1_187' title='bbox 544 2824 611 2876; x_wconf 88' lang='lat' dir='ltr'><strong>ad</strong></span> <span class='ocrx_word' id='word_1_188' title='bbox 641 2819 1257 2891; x_wconf 73' lang='lat' dir='ltr'><strong>prmdicamlutntnisit,</strong></span> <span class='ocrx_word' id='word_1_189' title='bbox 1288 2817 1622 2881; x_wconf 90' lang='lat' dir='ltr'><strong>illitteratos,</strong></span> <span class='ocrx_word' id='word_1_190' title='bbox 1659 2813 1952 2883; x_wconf 86' lang='lat' dir='ltr'><strong>ignobiles,</strong></span> <span class='ocrx_word' id='word_1_191' title='bbox 1990 2829 2128 2882; x_wconf 85' lang='lat' dir='ltr'><strong>pau-</strong></span> 
     </span>
    </p>
   </div>
   <div class='ocr_carea' id='block_1_30' title="bbox 541 2906 2126 2984">
    <p class='ocr_par' dir='ltr' id='par_1_30' title="bbox 541 2906 2126 2984">
     <span class='ocr_line' id='line_1_30' title="bbox 541 2906 2126 2984; baseline -0.006 -17"><span class='ocrx_word' id='word_1_192' title='bbox 541 2929 725 2984; x_wconf 85' lang='lat' dir='ltr'><strong>peres.</strong></span> <span class='ocrx_word' id='word_1_193' title='bbox 776 2913 1120 2980; x_wconf 72' lang='lat' dir='ltr'><strong>piscatores;</strong></span> <span class='ocrx_word' id='word_1_194' title='bbox 1179 2923 1318 2979; x_wconf 89' lang='lat' dir='ltr'><strong>quos</strong></span> <span class='ocrx_word' id='word_1_195' title='bbox 1372 2907 1627 2977; x_wconf 74' lang='lat' dir='ltr'><strong>praecepit</strong></span> <span class='ocrx_word' id='word_1_196' title='bbox 1683 2906 1925 2974; x_wconf 84' lang='lat' dir='ltr'><strong>abjectos</strong></span> <span class='ocrx_word' id='word_1_197' title='bbox 1985 2920 2126 2969; x_wconf 82' lang='lat' dir='ltr'><strong>esse,</strong></span> 
     </span>
    </p>
   </div>
   <div class='ocr_carea' id='block_1_31' title="bbox 547 2997 2129 3073">
    <p class='ocr_par' dir='ltr' id='par_1_31' title="bbox 547 2997 2129 3073">
     <span class='ocr_line' id='line_1_31' title="bbox 547 2997 2129 3073; baseline -0.006 -13"><span class='ocrx_word' id='word_1_198' title='bbox 547 3015 918 3073; x_wconf 76' lang='lat' dir='ltr'><strong>C(llllClllplUlll</strong></span> <span class='ocrx_word' id='word_1_199' title='bbox 966 3002 1127 3068; x_wconf 71' lang='lat' dir='ltr'><strong>ferre,</strong></span> <span class='ocrx_word' id='word_1_200' title='bbox 1162 3017 1268 3054; x_wconf 90' lang='lat' dir='ltr'><strong>non</strong></span> <span class='ocrx_word' id='word_1_201' title='bbox 1299 3014 1637 3069; x_wconf 78' lang='lat' dir='ltr'><strong>congregare</strong></span> <span class='ocrx_word' id='word_1_202' title='bbox 1681 2999 1923 3061; x_wconf 78' lang='lat' dir='ltr'><strong>divitias,</strong></span> <span class='ocrx_word' id='word_1_203' title='bbox 1957 2997 2129 3052; x_wconf 86' lang='lat' dir='ltr'><strong>hono-</strong></span> 
     </span>
    </p>
   </div>
   <div class='ocr_carea' id='block_1_32' title="bbox 547 3092 2127 3165">
    <p class='ocr_par' dir='ltr' id='par_1_32' title="bbox 547 3092 2127 3165">
     <span class='ocr_line' id='line_1_32' title="bbox 547 3092 2127 3165; baseline -0.003 -17"><span class='ocrx_word' id='word_1_204' title='bbox 547 3111 656 3161; x_wconf 88' lang='lat' dir='ltr'><strong>res,</strong></span> <span class='ocrx_word' id='word_1_205' title='bbox 705 3096 958 3165; x_wconf 81' lang='lat' dir='ltr'><strong>gloriam.</strong></span> <span class='ocrx_word' id='word_1_206' title='bbox 1015 3093 1076 3148; x_wconf 90' lang='lat' dir='ltr'><strong>lli</strong></span> <span class='ocrx_word' id='word_1_207' title='bbox 1126 3095 1406 3147; x_wconf 82' lang='lat' dir='ltr'><strong>enimvero</strong></span> <span class='ocrx_word' id='word_1_208' title='bbox 1439 3107 1564 3146; x_wconf 90' lang='lat' dir='ltr'><strong>cum</strong></span> <span class='ocrx_word' id='word_1_209' title='bbox 1599 3107 1660 3148; x_wconf 83' lang='lat' dir='ltr'><strong>se</strong></span> <span class='ocrx_word' id='word_1_210' title='bbox 1709 3092 1790 3147; x_wconf 82' lang='lat' dir='ltr'><strong>sic</strong></span> <span class='ocrx_word' id='word_1_211' title='bbox 1846 3093 2127 3155; x_wconf 88' lang='lat' dir='ltr'><strong>haberent,</strong></span> 
     </span>
    </p>
   </div>
   <div class='ocr_carea' id='block_1_33' title="bbox 549 3183 2154 3246">
    <p class='ocr_par' dir='ltr' id='par_1_33' title="bbox 549 3183 2154 3246">
     <span class='ocr_line' id='line_1_33' title="bbox 549 3183 2154 3246; baseline -0.002 -5"><span class='ocrx_word' id='word_1_212' title='bbox 549 3188 811 3242; x_wconf 72' lang='lat' dir='ltr'><strong>miracula</strong></span> <span class='ocrx_word' id='word_1_213' title='bbox 843 3187 1098 3246; x_wconf 84' lang='lat' dir='ltr'><strong>edebant,</strong></span> <span class='ocrx_word' id='word_1_214' title='bbox 1145 3194 1202 3237; x_wconf 94' lang='lat' dir='ltr'><strong>ut</strong></span> <span class='ocrx_word' id='word_1_215' title='bbox 1232 3194 1285 3238; x_wconf 88' lang='lat' dir='ltr'><strong>et</strong></span> <span class='ocrx_word' id='word_1_216' title='bbox 1313 3199 1506 3238; x_wconf 91' lang='lat' dir='ltr'><strong>eorum</strong></span> <span class='ocrx_word' id='word_1_217' title='bbox 1553 3183 1805 3239; x_wconf 87' lang='lat' dir='ltr'><strong>doctrina</strong></span> <span class='ocrx_word' id='word_1_218' title='bbox 1837 3185 2019 3239; x_wconf 88' lang='lat' dir='ltr'><strong>divina</strong></span> <span class='ocrx_word' id='word_1_219' title='bbox 2051 3185 2154 3238; x_wconf 57' lang='lat' dir='ltr'><strong>vim</strong></span> 
     </span>
    </p>
   </div>
   <div class='ocr_carea' id='block_1_34' title="bbox 547 3275 2125 3344">
    <p class='ocr_par' dir='ltr' id='par_1_34' title="bbox 547 3275 2125 3344">
     <span class='ocr_line' id='line_1_34' title="bbox 547 3275 2125 3344; baseline -0.002 -13"><span class='ocrx_word' id='word_1_220' title='bbox 547 3281 790 3340; x_wconf 88' lang='lat' dir='ltr'><strong>deretur,</strong></span> <span class='ocrx_word' id='word_1_221' title='bbox 828 3292 932 3330; x_wconf 90' lang='lat' dir='ltr'><strong>non</strong></span> <span class='ocrx_word' id='word_1_222' title='bbox 968 3290 1032 3329; x_wconf 74' lang='lat' dir='ltr'><strong>ex</strong></span> <span class='ocrx_word' id='word_1_223' title='bbox 1069 3277 1306 3329; x_wconf 78' lang='lat' dir='ltr'><strong>humana</strong></span> <span class='ocrx_word' id='word_1_224' title='bbox 1338 3275 1601 3344; x_wconf 87' lang='lat' dir='ltr'><strong>sapientia</strong></span> <span class='ocrx_word' id='word_1_225' title='bbox 1648 3289 1712 3328; x_wconf 87' lang='lat' dir='ltr'><strong>ac</strong></span> <span class='ocrx_word' id='word_1_226' title='bbox 1735 3275 1959 3342; x_wconf 80' lang='lat' dir='ltr'><strong>virtute,</strong></span> <span class='ocrx_word' id='word_1_227' title='bbox 1995 3289 2125 3342; x_wconf 90' lang='lat' dir='ltr'><strong>pro-</strong></span> 
     </span>
    </p>
   </div>
   <div class='ocr_carea' id='block_1_35' title="bbox 553 3363 2118 3434">
    <p class='ocr_par' dir='ltr' id='par_1_35' title="bbox 553 3363 2118 3434">
     <span class='ocr_line' id='line_1_35' title="bbox 553 3363 2118 3434; baseline -0.006 -12"><span class='ocrx_word' id='word_1_228' title='bbox 553 3370 718 3422; x_wconf 82' lang='lat' dir='ltr'><strong>fecta.</strong></span> <span class='ocrx_word' id='word_1_229' title='bbox 749 3366 948 3421; x_wconf 85' lang='lat' dir='ltr'><strong>Eadem</strong></span> <span class='ocrx_word' id='word_1_230' title='bbox 980 3367 1268 3434; x_wconf 90' lang='lat' dir='ltr'><strong>patrabant</strong></span> <span class='ocrx_word' id='word_1_231' title='bbox 1300 3363 1561 3417; x_wconf 85' lang='lat' dir='ltr'><strong>miracula</strong></span> <span class='ocrx_word' id='word_1_232' title='bbox 1590 3373 1753 3432; x_wconf 89' lang='lat' dir='ltr'><strong>atque</strong></span> <span class='ocrx_word' id='word_1_233' title='bbox 1787 3363 1870 3416; x_wconf 85' lang='lat' dir='ltr'><strong>ltis</strong></span> <span class='ocrx_word' id='word_1_234' title='bbox 1896 3365 2118 3432; x_wconf 82' lang='lat' dir='ltr'><strong>majora.</strong></span> 
     </span>
    </p>
   </div>
   <div class='ocr_carea' id='block_1_36' title="bbox 549 3454 2128 3524">
    <p class='ocr_par' dir='ltr' id='par_1_36' title="bbox 549 3454 2128 3524">
     <span class='ocr_line' id='line_1_36' title="bbox 549 3454 2128 3524; baseline -0.003 -10"><span class='ocrx_word' id='word_1_235' title='bbox 549 3461 681 3516; x_wconf 65' lang='lat' dir='ltr'><strong>ham</strong></span> <span class='ocrx_word' id='word_1_236' title='bbox 737 3476 930 3515; x_wconf 91' lang='lat' dir='ltr'><strong>eorum</strong></span> <span class='ocrx_word' id='word_1_237' title='bbox 989 3459 1182 3512; x_wconf 90' lang='lat' dir='ltr'><strong>umbra</strong></span> <span class='ocrx_word' id='word_1_238' title='bbox 1239 3471 1486 3511; x_wconf 89' lang='lat' dir='ltr'><strong>mortuos</strong></span> <span class='ocrx_word' id='word_1_239' title='bbox 1542 3455 1846 3512; x_wconf 82' lang='lat' dir='ltr'><strong>suscitabat</strong></span> <span class='ocrx_word' id='word_1_240' title='bbox 1890 3455 1958 3508; x_wconf 79' lang='grc'><strong>⁷⁵.</strong></span> <span class='ocrx_word' id='word_1_241' title='bbox 2011 3454 2128 3524; x_wconf 81' lang='lat' dir='ltr'><strong>Ipse</strong></span> 
     </span>
    </p>
   </div>
   <div class='ocr_carea' id='block_1_37' title="bbox 547 3549 2130 3618">
    <p class='ocr_par' dir='ltr' id='par_1_37' title="bbox 547 3549 2130 3618">
     <span class='ocr_line' id='line_1_37' title="bbox 547 3549 2130 3618; baseline -0.006 -9"><span class='ocrx_word' id='word_1_242' title='bbox 547 3557 694 3609; x_wconf 87' lang='lat' dir='ltr'><strong>enim</strong></span> <span class='ocrx_word' id='word_1_243' title='bbox 740 3554 878 3608; x_wconf 77' lang='lat' dir='ltr'><strong>dixit</strong></span> <span class='ocrx_word' id='word_1_244' title='bbox 918 3569 929 3604; x_wconf 88' lang='lat'><strong>:</strong></span> <span class='ocrx_word' id='word_1_245' title='bbox 966 3571 983 3604; x_wconf 79' lang='grc' dir='ltr'><strong>ι</strong></span> <span class='ocrx_word' id='word_1_246' title='bbox 1036 3551 1138 3616; x_wconf 82' lang='lat' dir='ltr'><strong>Qui</strong></span> <span class='ocrx_word' id='word_1_247' title='bbox 1185 3551 1360 3604; x_wconf 88' lang='lat' dir='ltr'><strong>credit</strong></span> <span class='ocrx_word' id='word_1_248' title='bbox 1409 3549 1461 3603; x_wconf 91' lang='lat' dir='ltr'><strong>in</strong></span> <span class='ocrx_word' id='word_1_249' title='bbox 1501 3564 1608 3612; x_wconf 83' lang='lat' dir='ltr'><strong>me,</strong></span> <span class='ocrx_word' id='word_1_250' title='bbox 1654 3563 1821 3618; x_wconf 83' lang='lat' dir='ltr'><strong>opera</strong></span> <span class='ocrx_word' id='word_1_251' title='bbox 1867 3563 1986 3616; x_wconf 78' lang='lat' dir='ltr'><strong>quze</strong></span> <span class='ocrx_word' id='word_1_252' title='bbox 2029 3563 2130 3616; x_wconf 81' lang='lat' dir='ltr'><strong>ego</strong></span> 
     </span>
    </p>
   </div>
   <div class='ocr_carea' id='block_1_38' title="bbox 545 3637 2121 3713">
    <p class='ocr_par' dir='ltr' id='par_1_38' title="bbox 545 3637 2121 3713">
     <span class='ocr_line' id='line_1_38' title="bbox 545 3637 2121 3713; baseline -0.006 -15"><span class='ocrx_word' id='word_1_253' title='bbox 545 3646 711 3708; x_wconf 79' lang='lat' dir='ltr'><strong>iacio,</strong></span> <span class='ocrx_word' id='word_1_254' title='bbox 759 3656 812 3698; x_wconf 93' lang='lat' dir='ltr'><strong>et</strong></span> <span class='ocrx_word' id='word_1_255' title='bbox 863 3645 979 3713; x_wconf 81' lang='lat' dir='ltr'><strong>ipse</strong></span> <span class='ocrx_word' id='word_1_256' title='bbox 1026 3643 1208 3706; x_wconf 82' lang='lat' dir='ltr'><strong>faciet,</strong></span> <span class='ocrx_word' id='word_1_257' title='bbox 1258 3652 1313 3695; x_wconf 89' lang='lat' dir='ltr'><strong>et</strong></span> <span class='ocrx_word' id='word_1_258' title='bbox 1363 3639 1572 3709; x_wconf 84' lang='lat' dir='ltr'><strong>majora</strong></span> <span class='ocrx_word' id='word_1_259' title='bbox 1627 3638 1739 3694; x_wconf 88' lang='lat' dir='ltr'><strong>illis</strong></span> <span class='ocrx_word' id='word_1_260' title='bbox 1787 3637 1946 3694; x_wconf 83' lang='lat' dir='ltr'><strong>faciet</strong></span> <span class='ocrx_word' id='word_1_261' title='bbox 1991 3638 2057 3692; x_wconf 79' lang='grc'><strong>⁷⁸.</strong></span> <span class='ocrx_word' id='word_1_262' title='bbox 2104 3657 2121 3688; x_wconf 80' lang='grc' dir='ltr'><strong>ι</strong></span> 
     </span>
    </p>
   </div>
   <div class='ocr_carea' id='block_1_39' title="bbox 544 3730 2129 3802">
    <p class='ocr_par' dir='ltr' id='par_1_39' title="bbox 544 3730 2129 3802">
     <span class='ocr_line' id='line_1_39' title="bbox 544 3730 2129 3802; baseline -0.004 -12"><span class='ocrx_word' id='word_1_263' title='bbox 544 3738 740 3790; x_wconf 74' lang='lat' dir='ltr'><strong>Omnia</strong></span> <span class='ocrx_word' id='word_1_264' title='bbox 783 3751 909 3790; x_wconf 80' lang='lat' dir='ltr'><strong>vero</strong></span> <span class='ocrx_word' id='word_1_265' title='bbox 940 3734 1307 3797; x_wconf 86' lang='lat' dir='ltr'><strong>sustinebant,</strong></span> <span class='ocrx_word' id='word_1_266' title='bbox 1363 3732 1458 3802; x_wconf 87' lang='lat' dir='ltr'><strong>qui</strong></span> <span class='ocrx_word' id='word_1_267' title='bbox 1510 3731 1772 3785; x_wconf 88' lang='lat' dir='ltr'><strong>nimirum</strong></span> <span class='ocrx_word' id='word_1_268' title='bbox 1822 3730 1876 3784; x_wconf 93' lang='lat' dir='ltr'><strong>in</strong></span> <span class='ocrx_word' id='word_1_269' title='bbox 1924 3730 2129 3787; x_wconf 68' lang='lat' dir='ltr'><strong>Clit-isti</strong></span> 
     </span>
    </p>
   </div>
   <div class='ocr_carea' id='block_1_40' title="bbox 545 3823 2130 3898">
    <p class='ocr_par' dir='ltr' id='par_1_40' title="bbox 545 3823 2130 3898">
     <span class='ocr_line' id='line_1_40' title="bbox 545 3823 2130 3898; baseline -0.003 -16"><span class='ocrx_word' id='word_1_270' title='bbox 545 3829 857 3898; x_wconf 79' lang='lat' dir='ltr'><strong>passionem</strong></span> <span class='ocrx_word' id='word_1_271' title='bbox 902 3843 965 3881; x_wconf 90' lang='lat' dir='ltr'><strong>ac</strong></span> <span class='ocrx_word' id='word_1_272' title='bbox 1006 3834 1236 3880; x_wconf 88' lang='lat' dir='ltr'><strong>mortem</strong></span> <span class='ocrx_word' id='word_1_273' title='bbox 1282 3825 1616 3894; x_wconf 86' lang='lat' dir='ltr'><strong>aspicerent,</strong></span> <span class='ocrx_word' id='word_1_274' title='bbox 1659 3824 1753 3892; x_wconf 81' lang='lat' dir='ltr'><strong>qui</strong></span> <span class='ocrx_word' id='word_1_275' title='bbox 1788 3823 1867 3878; x_wconf 85' lang='lat' dir='ltr'><strong>eis</strong></span> <span class='ocrx_word' id='word_1_276' title='bbox 1914 3825 2130 3878; x_wconf 80' lang='lat' dir='ltr'><strong>loeutus</strong></span> 
     </span>
    </p>
   </div>
   <div class='ocr_carea' id='block_1_41' title="bbox 544 3918 2133 3988">
    <p class='ocr_par' dir='ltr' id='par_1_41' title="bbox 544 3918 2133 3988">
     <span class='ocr_line' id='line_1_41' title="bbox 544 3918 2133 3988; baseline -0.007 -10"><span class='ocrx_word' id='word_1_277' title='bbox 544 3931 667 3978; x_wconf 89' lang='lat' dir='ltr'><strong>erat</strong></span> <span class='ocrx_word' id='word_1_278' title='bbox 711 3939 725 3974; x_wconf 88' lang='lat'>:</span> <span class='ocrx_word' id='word_1_279' title='bbox 767 3939 782 3971; x_wconf 88' lang='grc' dir='ltr'><strong>ι</strong></span> <span class='ocrx_word' id='word_1_280' title='bbox 828 3919 886 3974; x_wconf 87' lang='lat' dir='ltr'><strong>Si</strong></span> <span class='ocrx_word' id='word_1_281' title='bbox 937 3934 1024 3973; x_wconf 90' lang='lat' dir='ltr'><strong>tne</strong></span> <span class='ocrx_word' id='word_1_282' title='bbox 1073 3918 1347 3988; x_wconf 86' lang='lat' dir='ltr'><strong>persecuti</strong></span> <span class='ocrx_word' id='word_1_283' title='bbox 1392 3927 1543 3980; x_wconf 82' lang='lat' dir='ltr'><strong>sunt,</strong></span> <span class='ocrx_word' id='word_1_284' title='bbox 1577 3931 1630 3972; x_wconf 89' lang='lat' dir='ltr'><strong>et</strong></span> <span class='ocrx_word' id='word_1_285' title='bbox 1669 3931 1764 3972; x_wconf 86' lang='lat' dir='ltr'><strong>vos</strong></span> <span class='ocrx_word' id='word_1_286' title='bbox 1800 3931 2133 3986; x_wconf 76' lang='lat' dir='ltr'><strong>persequen-</strong></span> 
     </span>
    </p>
   </div>
   <div class='ocr_carea' id='block_1_42' title="bbox 548 3998 783 4068">
    <p class='ocr_par' dir='ltr' id='par_1_42' title="bbox 548 3998 783 4068">
     <span class='ocr_line' id='line_1_42' title="bbox 548 3998 783 4068; baseline -0.017 0"><span class='ocrx_word' id='word_1_287' title='bbox 548 4026 637 4068; x_wconf 86' lang='lat' dir='ltr'><strong>tur</strong></span> <span class='ocrx_word' id='word_1_288' title='bbox 664 3998 730 4066; x_wconf 56' lang='grc' dir='ltr'><strong>θ’.</strong></span> <span class='ocrx_word' id='word_1_289' title='bbox 765 4032 783 4064; x_wconf 69' lang='grc' dir='ltr'><strong>υ</strong></span> 
     </span>
    </p>
   </div>
   <div class='ocr_carea' id='block_1_43' title="bbox 619 4103 2133 4172">
    <p class='ocr_par' dir='ltr' id='par_1_43' title="bbox 619 4103 2133 4172">
     <span class='ocr_line' id='line_1_43' title="bbox 619 4103 2133 4172; baseline -0.001 -14"><span class='ocrx_word' id='word_1_290' title='bbox 619 4105 760 4172; x_wconf 84' lang='lat' dir='ltr'><strong>Quia</strong></span> <span class='ocrx_word' id='word_1_291' title='bbox 793 4120 921 4158; x_wconf 92' lang='lat' dir='ltr'><strong>vero</strong></span> <span class='ocrx_word' id='word_1_292' title='bbox 957 4104 1123 4158; x_wconf 86' lang='lat' dir='ltr'><strong>homo</strong></span> <span class='ocrx_word' id='word_1_293' title='bbox 1155 4103 1428 4158; x_wconf 77' lang='lat' dir='ltr'><strong>voluntati</strong></span> <span class='ocrx_word' id='word_1_294' title='bbox 1461 4120 1570 4158; x_wconf 70' lang='lat' dir='ltr'><strong>sum</strong></span> <span class='ocrx_word' id='word_1_295' title='bbox 1602 4105 1924 4168; x_wconf 82' lang='lat' dir='ltr'><strong>indulserat,</strong></span> <span class='ocrx_word' id='word_1_296' title='bbox 1955 4115 2133 4158; x_wconf 90' lang='lat' dir='ltr'><strong>trans-</strong></span> 
     </span>
    </p>
   </div>
   <div class='ocr_carea' id='block_1_44' title="bbox 549 4192 2129 4266">
    <p class='ocr_par' dir='ltr' id='par_1_44' title="bbox 549 4192 2129 4266">
     <span class='ocr_line' id='line_1_44' title="bbox 549 4192 2129 4266; baseline -0.001 -16"><span class='ocrx_word' id='word_1_297' title='bbox 549 4192 884 4266; x_wconf 84' lang='lat' dir='ltr'><strong>gressusque</strong></span> <span class='ocrx_word' id='word_1_298' title='bbox 928 4201 1067 4258; x_wconf 85' lang='lat' dir='ltr'><strong>erat,</strong></span> <span class='ocrx_word' id='word_1_299' title='bbox 1103 4208 1167 4248; x_wconf 92' lang='lat' dir='ltr'><strong>ac</strong></span> <span class='ocrx_word' id='word_1_300' title='bbox 1199 4209 1263 4248; x_wconf 89' lang='lat' dir='ltr'><strong>ea</strong></span> <span class='ocrx_word' id='word_1_301' title='bbox 1300 4194 1510 4249; x_wconf 86' lang='lat' dir='ltr'><strong>ratione</strong></span> <span class='ocrx_word' id='word_1_302' title='bbox 1550 4194 1660 4249; x_wconf 87' lang='lat' dir='ltr'><strong>Deo</strong></span> <span class='ocrx_word' id='word_1_303' title='bbox 1695 4195 1951 4263; x_wconf 87' lang='lat' dir='ltr'><strong>injuriam</strong></span> <span class='ocrx_word' id='word_1_304' title='bbox 1985 4195 2129 4248; x_wconf 79' lang='lat' dir='ltr'><strong>fece-</strong></span> 
     </span>
    </p>
   </div>
   <div class='ocr_carea' id='block_1_45' title="bbox 553 4286 2130 4356">
    <p class='ocr_par' dir='ltr' id='par_1_45' title="bbox 553 4286 2130 4356">
     <span class='ocr_line' id='line_1_45' title="bbox 553 4286 2130 4356; baseline 0.001 -16"><span class='ocrx_word' id='word_1_305' title='bbox 553 4296 658 4351; x_wconf 87' lang='lat' dir='ltr'><strong>rat,</strong></span> <span class='ocrx_word' id='word_1_306' title='bbox 693 4289 834 4356; x_wconf 89' lang='lat' dir='ltr'><strong>quod</strong></span> <span class='ocrx_word' id='word_1_307' title='bbox 889 4295 1200 4341; x_wconf 88' lang='lat' dir='ltr'><strong>creatornm</strong></span> <span class='ocrx_word' id='word_1_308' title='bbox 1237 4287 1304 4341; x_wconf 87' lang='lat' dir='ltr'><strong>ab</strong></span> <span class='ocrx_word' id='word_1_309' title='bbox 1359 4287 1476 4354; x_wconf 91' lang='lat' dir='ltr'><strong>ipso</strong></span> <span class='ocrx_word' id='word_1_310' title='bbox 1526 4287 1934 4340; x_wconf 88' lang='lat' dir='ltr'><strong>nobilissimum</strong></span> <span class='ocrx_word' id='word_1_311' title='bbox 1991 4286 2130 4356; x_wconf 79' lang='lat' dir='ltr'><strong>(ejus</strong></span> 
     </span>
    </p>
   </div>
   <div class='ocr_carea' id='block_1_46' title="bbox 550 4378 2132 4450">
    <p class='ocr_par' dir='ltr' id='par_1_46' title="bbox 550 4378 2132 4450">
     <span class='ocr_line' id='line_1_46' title="bbox 550 4378 2132 4450; baseline 0 -16"><span class='ocrx_word' id='word_1_312' title='bbox 550 4381 753 4450; x_wconf 83' lang='lat' dir='ltr'><strong>quippe</strong></span> <span class='ocrx_word' id='word_1_313' title='bbox 801 4378 1002 4433; x_wconf 82' lang='lat' dir='ltr'><strong>factum</strong></span> <span class='ocrx_word' id='word_1_314' title='bbox 1052 4378 1450 4450; x_wconf 73' lang='lat' dir='ltr'><strong>luereditatem)</strong></span> <span class='ocrx_word' id='word_1_315' title='bbox 1490 4379 1648 4434; x_wconf 88' lang='lat' dir='ltr'><strong>malis</strong></span> <span class='ocrx_word' id='word_1_316' title='bbox 1697 4379 1958 4447; x_wconf 86' lang='lat' dir='ltr'><strong>Operibus</strong></span> <span class='ocrx_word' id='word_1_317' title='bbox 2006 4379 2132 4435; x_wconf 83' lang='lat' dir='ltr'><strong>sub-</strong></span> 
     </span>
    </p>
   </div>
   <div class='ocr_carea' id='block_1_47' title="bbox 550 4469 2130 4542">
    <p class='ocr_par' dir='ltr' id='par_1_47' title="bbox 550 4469 2130 4542">
     <span class='ocr_line' id='line_1_47' title="bbox 550 4469 2130 4542; baseline 0.001 -18"><span class='ocrx_word' id='word_1_318' title='bbox 550 4476 817 4536; x_wconf 79' lang='lat' dir='ltr'><strong>duxerat;</strong></span> <span class='ocrx_word' id='word_1_319' title='bbox 855 4485 919 4524; x_wconf 90' lang='lat' dir='ltr'><strong>ac</strong></span> <span class='ocrx_word' id='word_1_320' title='bbox 951 4469 1154 4525; x_wconf 84' lang='lat' dir='ltr'><strong>ideirco</strong></span> <span class='ocrx_word' id='word_1_321' title='bbox 1188 4485 1361 4540; x_wconf 75' lang='lat' dir='ltr'><strong>pmnze</strong></span> <span class='ocrx_word' id='word_1_322' title='bbox 1407 4472 1662 4524; x_wconf 75' lang='lat' dir='ltr'><strong>maxima:</strong></span> <span class='ocrx_word' id='word_1_323' title='bbox 1693 4488 1818 4526; x_wconf 87' lang='lat' dir='ltr'><strong>reus</strong></span> <span class='ocrx_word' id='word_1_324' title='bbox 1849 4480 1988 4535; x_wconf 89' lang='lat' dir='ltr'><strong>erat,</strong></span> <span class='ocrx_word' id='word_1_325' title='bbox 2020 4485 2130 4542; x_wconf 89' lang='lat' dir='ltr'><strong>quo</strong></span> 
     </span>
    </p>
   </div>
   <div class='ocr_carea' id='block_1_48' title="bbox 549 4562 2128 4641">
    <p class='ocr_par' dir='ltr' id='par_1_48' title="bbox 549 4562 2127 4634">
     <span class='ocr_line' id='line_1_48' title="bbox 549 4562 2127 4634; baseline 0 -16"><span class='ocrx_word' id='word_1_326' title='bbox 549 4574 605 4618; x_wconf 87' lang='lat' dir='ltr'><strong>et</strong></span> <span class='ocrx_word' id='word_1_327' title='bbox 653 4563 794 4618; x_wconf 86' lang='lat' dir='ltr'><strong>Deus</strong></span> <span class='ocrx_word' id='word_1_328' title='bbox 841 4563 1040 4633; x_wconf 86' lang='lat' dir='ltr'><strong>injuria</strong></span> <span class='ocrx_word' id='word_1_329' title='bbox 1069 4562 1296 4618; x_wconf 72' lang='lat' dir='ltr'><strong>allectus</strong></span> <span class='ocrx_word' id='word_1_330' title='bbox 1341 4565 1476 4618; x_wconf 88' lang='lat' dir='ltr'><strong>citra</strong></span> <span class='ocrx_word' id='word_1_331' title='bbox 1504 4580 1722 4619; x_wconf 90' lang='lat' dir='ltr'><strong>omnem</strong></span> <span class='ocrx_word' id='word_1_332' title='bbox 1756 4562 2127 4634; x_wconf 87' lang='lat' dir='ltr'><strong>comparatio-</strong></span> 
     </span>
    </p>
   </div>
   <div class='ocr_carea' id='block_1_49' title="bbox 2233 4562 3858 4641">
    <p class='ocr_par' dir='ltr' id='par_1_49' title="bbox 2237 4565 3858 4641">
     <span class='ocr_line' id='line_1_49' title="bbox 2237 4565 3858 4641; baseline -0.004 -19"><span class='ocrx_word' id='word_1_333' title='bbox 2237 4568 2479 4641; x_wconf 85' lang='grc' dir='ltr'>τιμωρία</span> <span class='ocrx_word' id='word_1_334' title='bbox 2511 4569 2766 4639; x_wconf 77' lang='grc' dir='ltr'><strong>μεγίστη,</strong></span> <span class='ocrx_word' id='word_1_335' title='bbox 2826 4572 2936 4635; x_wconf 82' lang='grc' dir='ltr'><strong>ὅσῳ</strong></span> <span class='ocrx_word' id='word_1_336' title='bbox 2973 4569 3124 4620; x_wconf 76' lang='grc' dir='ltr'><strong>καὶὸ</strong></span> <span class='ocrx_word' id='word_1_337' title='bbox 3167 4567 3454 4634; x_wconf 73' lang='grc' dir='ltr'>ἀδικηθεὶς</span> <span class='ocrx_word' id='word_1_338' title='bbox 3507 4565 3640 4628; x_wconf 83' lang='grc' dir='ltr'>Θεὸς</span> <span class='ocrx_word' id='word_1_339' title='bbox 3686 4567 3809 4634; x_wconf 80' lang='grc' dir='ltr'>μεί-</span> <span class='ocrx_word' id='word_1_340' title='bbox 3853 4595 3858 4598; x_wconf 97' lang='grc'><strong><em>-</em></strong></span> 
     </span>
    </p>
   </div>
   <div class='ocr_carea' id='block_1_50' title="bbox 549 4656 2130 4726">
    <p class='ocr_par' dir='ltr' id='par_1_50' title="bbox 549 4656 2130 4726">
     <span class='ocr_line' id='line_1_50' title="bbox 549 4656 2130 4726; baseline 0 -16"><span class='ocrx_word' id='word_1_341' title='bbox 549 4671 675 4710; x_wconf 91' lang='lat' dir='ltr'><strong>nem</strong></span> <span class='ocrx_word' id='word_1_342' title='bbox 725 4656 942 4710; x_wconf 90' lang='lat' dir='ltr'><strong>cunctis</strong></span> <span class='ocrx_word' id='word_1_343' title='bbox 990 4657 1164 4724; x_wconf 90' lang='lat' dir='ltr'><strong>major</strong></span> <span class='ocrx_word' id='word_1_344' title='bbox 1199 4671 1262 4711; x_wconf 87' lang='lat' dir='ltr'><strong>ac</strong></span> <span class='ocrx_word' id='word_1_345' title='bbox 1311 4658 1659 4726; x_wconf 66' lang='lat' dir='ltr'><strong>prmstantior</strong></span> <span class='ocrx_word' id='word_1_346' title='bbox 1709 4670 1810 4721; x_wconf 91' lang='lat' dir='ltr'><strong>est,</strong></span> <span class='ocrx_word' id='word_1_347' title='bbox 1853 4673 1954 4711; x_wconf 86' lang='lat' dir='ltr'><strong>tne</strong></span> <span class='ocrx_word' id='word_1_348' title='bbox 1986 4657 2130 4710; x_wconf 89' lang='lat' dir='ltr'><strong>nllus</strong></span> 
     </span>
    </p>
   </div>
   <div class='ocr_carea' id='block_1_51' title="bbox 548 4747 2131 4818">
    <p class='ocr_par' dir='ltr' id='par_1_51' title="bbox 548 4747 2131 4818">
     <span class='ocr_line' id='line_1_51' title="bbox 548 4747 2131 4818; baseline -0.001 -17"><span class='ocrx_word' id='word_1_349' title='bbox 548 4756 669 4801; x_wconf 84' lang='lat' dir='ltr'><strong>erat</strong></span> <span class='ocrx_word' id='word_1_350' title='bbox 702 4750 794 4817; x_wconf 89' lang='lat' dir='ltr'><strong>qui</strong></span> <span class='ocrx_word' id='word_1_351' title='bbox 831 4757 996 4802; x_wconf 70' lang='lat' dir='ltr'><strong>tanta:</strong></span> <span class='ocrx_word' id='word_1_352' title='bbox 1031 4748 1245 4817; x_wconf 67' lang='lat' dir='ltr'><strong>injuriae</strong></span> <span class='ocrx_word' id='word_1_353' title='bbox 1289 4763 1506 4818; x_wconf 73' lang='lat' dir='ltr'><strong>pmnam</strong></span> <span class='ocrx_word' id='word_1_354' title='bbox 1555 4750 1609 4803; x_wconf 90' lang='lat' dir='ltr'><strong>in</strong></span> <span class='ocrx_word' id='word_1_355' title='bbox 1663 4764 1721 4803; x_wconf 89' lang='lat' dir='ltr'><strong>se</strong></span> <span class='ocrx_word' id='word_1_356' title='bbox 1757 4761 1944 4817; x_wconf 84' lang='lat' dir='ltr'><strong>posset</strong></span> <span class='ocrx_word' id='word_1_357' title='bbox 1986 4747 2131 4802; x_wconf 74' lang='lat' dir='ltr'><strong>rcci-</strong></span> 
     </span>
    </p>
   </div>
   <div class='ocr_carea' id='block_1_52' title="bbox 549 4840 2130 4911">
    <p class='ocr_par' dir='ltr' id='par_1_52' title="bbox 549 4840 2130 4911">
     <span class='ocr_line' id='line_1_52' title="bbox 549 4840 2130 4911; baseline 0.001 -18"><span class='ocrx_word' id='word_1_358' title='bbox 549 4856 698 4911; x_wconf 89' lang='lat' dir='ltr'><strong>pere,</strong></span> <span class='ocrx_word' id='word_1_359' title='bbox 735 4841 809 4893; x_wconf 90' lang='lat' dir='ltr'><strong>uti</strong></span> <span class='ocrx_word' id='word_1_360' title='bbox 844 4841 1050 4895; x_wconf 77' lang='lat' dir='ltr'><strong>dictum</strong></span> <span class='ocrx_word' id='word_1_361' title='bbox 1095 4857 1123 4893; x_wconf 92' lang='lat' dir='ltr'><strong>a</strong></span> <span class='ocrx_word' id='word_1_362' title='bbox 1174 4842 1330 4894; x_wconf 78' lang='lat' dir='ltr'><strong>nobis</strong></span> <span class='ocrx_word' id='word_1_363' title='bbox 1369 4850 1486 4905; x_wconf 88' lang='lat' dir='ltr'><strong>est;</strong></span> <span class='ocrx_word' id='word_1_364' title='bbox 1525 4842 1664 4895; x_wconf 87' lang='lat' dir='ltr'><strong>hanc</strong></span> <span class='ocrx_word' id='word_1_365' title='bbox 1709 4840 1800 4895; x_wconf 90' lang='lat' dir='ltr'><strong>Dei</strong></span> <span class='ocrx_word' id='word_1_366' title='bbox 1845 4840 2018 4895; x_wconf 79' lang='lat' dir='ltr'><strong>Filius</strong></span> <span class='ocrx_word' id='word_1_367' title='bbox 2047 4841 2130 4894; x_wconf 81' lang='lat' dir='ltr'><strong>fa-</strong></span> 
     </span>
    </p>
   </div>
   <div class='ocr_carea' id='block_1_53' title="bbox 550 4932 2132 5002">
    <p class='ocr_par' dir='ltr' id='par_1_53' title="bbox 550 4932 2132 5002">
     <span class='ocr_line' id='line_1_53' title="bbox 550 4932 2132 5002; baseline 0.001 -17"><span class='ocrx_word' id='word_1_368' title='bbox 550 4943 675 4986; x_wconf 86' lang='lat' dir='ltr'><strong>ctus</strong></span> <span class='ocrx_word' id='word_1_369' title='bbox 707 4932 873 4986; x_wconf 90' lang='lat' dir='ltr'><strong>homo</strong></span> <span class='ocrx_word' id='word_1_370' title='bbox 917 4932 1143 5001; x_wconf 84' lang='lat' dir='ltr'><strong>recepit,</strong></span> <span class='ocrx_word' id='word_1_371' title='bbox 1177 4945 1483 5002; x_wconf 88' lang='lat' dir='ltr'><strong>cunctaque</strong></span> <span class='ocrx_word' id='word_1_372' title='bbox 1517 4947 1811 5002; x_wconf 79' lang='lat' dir='ltr'><strong>perpessus</strong></span> <span class='ocrx_word' id='word_1_373' title='bbox 1842 4942 1946 4998; x_wconf 82' lang='lat' dir='ltr'><strong>est,</strong></span> <span class='ocrx_word' id='word_1_374' title='bbox 1992 4947 2132 5002; x_wconf 87' lang='lat' dir='ltr'><strong>quo-</strong></span> 
     </span>
    </p>
   </div>
   <div class='ocr_carea' id='block_1_54' title="bbox 553 5025 2134 5094">
    <p class='ocr_par' dir='ltr' id='par_1_54' title="bbox 553 5025 2134 5094">
     <span class='ocr_line' id='line_1_54' title="bbox 553 5025 2134 5094; baseline 0.002 -18"><span class='ocrx_word' id='word_1_375' title='bbox 553 5040 673 5078; x_wconf 91' lang='lat' dir='ltr'><strong>rum</strong></span> <span class='ocrx_word' id='word_1_376' title='bbox 710 5040 809 5080; x_wconf 90' lang='lat' dir='ltr'><strong>nos</strong></span> <span class='ocrx_word' id='word_1_377' title='bbox 843 5039 1066 5078; x_wconf 89' lang='lat' dir='ltr'><strong>eramus</strong></span> <span class='ocrx_word' id='word_1_378' title='bbox 1116 5025 1217 5088; x_wconf 88' lang='lat' dir='ltr'><strong>rei,</strong></span> <span class='ocrx_word' id='word_1_379' title='bbox 1266 5039 1475 5094; x_wconf 83' lang='lat' dir='ltr'><strong>nosque</strong></span> <span class='ocrx_word' id='word_1_380' title='bbox 1523 5025 1752 5078; x_wconf 84' lang='lat' dir='ltr'><strong>redemit</strong></span> <span class='ocrx_word' id='word_1_381' title='bbox 1784 5039 1848 5076; x_wconf 78' lang='lat' dir='ltr'><strong>ex</strong></span> <span class='ocrx_word' id='word_1_382' title='bbox 1893 5025 2134 5079; x_wconf 89' lang='lat' dir='ltr'><strong>inimicis</strong></span> 
     </span>
    </p>
   </div>
   <div class='ocr_carea' id='block_1_55' title="bbox 555 5103 2136 5183">
    <p class='ocr_par' dir='ltr' id='par_1_55' title="bbox 555 5103 2136 5183">
     <span class='ocr_line' id='line_1_55' title="bbox 555 5103 2136 5183; baseline 0 -17"><span class='ocrx_word' id='word_1_383' title='bbox 555 5114 782 5177; x_wconf 89' lang='lat' dir='ltr'><strong>nostris,</strong></span> <span class='ocrx_word' id='word_1_384' title='bbox 821 5114 914 5182; x_wconf 90' lang='lat' dir='ltr'><strong>qui</strong></span> <span class='ocrx_word' id='word_1_385' title='bbox 953 5112 1101 5168; x_wconf 79' lang='lat' dir='ltr'><strong>velut</strong></span> <span class='ocrx_word' id='word_1_386' title='bbox 1136 5103 1352 5182; x_wconf 87' lang='lat' dir='ltr'><strong>propria</strong></span> <span class='ocrx_word' id='word_1_387' title='bbox 1389 5115 1582 5183; x_wconf 80' lang='lat' dir='ltr'><strong>Spolia,</strong></span> <span class='ocrx_word' id='word_1_388' title='bbox 1611 5116 1816 5182; x_wconf 89' lang='lat' dir='ltr'><strong>peccati</strong></span> <span class='ocrx_word' id='word_1_389' title='bbox 1847 5124 1997 5169; x_wconf 89' lang='lat' dir='ltr'><strong>reatu</strong></span> <span class='ocrx_word' id='word_1_390' title='bbox 2034 5117 2136 5168; x_wconf 68' lang='lat' dir='ltr'><strong>atl-</strong></span> 
     </span>
    </p>
   </div>
   <div class='ocr_carea' id='block_1_56' title="bbox 510 5205 2136 5276">
    <p class='ocr_par' dir='ltr' id='par_1_56' title="bbox 510 5205 2136 5276">
     <span class='ocr_line' id='line_1_56' title="bbox 510 5205 2136 5276; baseline 0.004 -20"><span class='ocrx_word' id='word_1_391' title='bbox 510 5206 757 5269; x_wconf 72' lang='lat' dir='ltr'><strong>‘dictos,</strong></span> <span class='ocrx_word' id='word_1_392' title='bbox 792 5205 1132 5260; x_wconf 86' lang='lat' dir='ltr'><strong>detinebant.</strong></span> <span class='ocrx_word' id='word_1_393' title='bbox 1189 5207 1384 5274; x_wconf 80' lang='lat' dir='ltr'><strong>Sicque</strong></span> <span class='ocrx_word' id='word_1_394' title='bbox 1437 5209 1488 5258; x_wconf 91' lang='lat' dir='ltr'><strong>in</strong></span> <span class='ocrx_word' id='word_1_395' title='bbox 1543 5222 1608 5260; x_wconf 93' lang='lat' dir='ltr'><strong>eo</strong></span> <span class='ocrx_word' id='word_1_396' title='bbox 1660 5207 1875 5276; x_wconf 86' lang='lat' dir='ltr'><strong>impleta</strong></span> <span class='ocrx_word' id='word_1_397' title='bbox 1923 5209 2136 5276; x_wconf 79' lang='lat' dir='ltr'><strong>juStitia</strong></span> 
     </span>
    </p>
   </div>
   <div class='ocr_carea' id='block_1_57' title="bbox 551 5295 2134 5369">
    <p class='ocr_par' dir='ltr' id='par_1_57' title="bbox 551 5295 2134 5369">
     <span class='ocr_line' id='line_1_57' title="bbox 551 5295 2134 5369; baseline 0.003 -21"><span class='ocrx_word' id='word_1_398' title='bbox 551 5305 658 5348; x_wconf 78' lang='lat' dir='ltr'><strong>est.</strong></span> <span class='ocrx_word' id='word_1_399' title='bbox 694 5296 950 5349; x_wconf 78' lang='lat' dir='ltr'><strong>Pccealor</strong></span> <span class='ocrx_word' id='word_1_400' title='bbox 985 5296 1134 5349; x_wconf 87' lang='lat' dir='ltr'><strong>enim</strong></span> <span class='ocrx_word' id='word_1_401' title='bbox 1190 5311 1244 5350; x_wconf 83' lang='lat' dir='ltr'><strong>et</strong></span> <span class='ocrx_word' id='word_1_402' title='bbox 1279 5300 1371 5365; x_wconf 88' lang='lat' dir='ltr'><strong>qui</strong></span> <span class='ocrx_word' id='word_1_403' title='bbox 1423 5295 1650 5352; x_wconf 75' lang='lat' dir='ltr'><strong>olIendit</strong></span> <span class='ocrx_word' id='word_1_404' title='bbox 1703 5297 1942 5369; x_wconf 79' lang='lat' dir='ltr'><strong>facitque</strong></span> <span class='ocrx_word' id='word_1_405' title='bbox 1991 5300 2134 5369; x_wconf 73' lang='lat' dir='ltr'><strong>inju-</strong></span> 
     </span>
    </p>
   </div>
   <div class='ocr_carea' id='block_1_58' title="bbox 554 5381 2135 5457">
    <p class='ocr_par' dir='ltr' id='par_1_58' title="bbox 554 5381 2135 5457">
     <span class='ocr_line' id='line_1_58' title="bbox 554 5381 2135 5457; baseline 0.003 -15"><span class='ocrx_word' id='word_1_406' title='bbox 554 5389 714 5444; x_wconf 88' lang='lat' dir='ltr'><strong>riam.</strong></span> <span class='ocrx_word' id='word_1_407' title='bbox 758 5381 921 5456; x_wconf 32' lang='lat' dir='ltr'><strong>‘pmna</strong></span> <span class='ocrx_word' id='word_1_408' title='bbox 970 5388 1107 5442; x_wconf 68' lang='lat' dir='ltr'><strong>allici</strong></span> <span class='ocrx_word' id='word_1_409' title='bbox 1151 5389 1328 5444; x_wconf 81' lang='lat' dir='ltr'><strong>debet.</strong></span> <span class='ocrx_word' id='word_1_410' title='bbox 1362 5387 1542 5444; x_wconf 83' lang='lat' dir='ltr'><strong>Nostri</strong></span> <span class='ocrx_word' id='word_1_411' title='bbox 1576 5408 1702 5446; x_wconf 81' lang='lat' dir='ltr'><strong>vero</strong></span> <span class='ocrx_word' id='word_1_412' title='bbox 1738 5393 1876 5457; x_wconf 90' lang='lat' dir='ltr'><strong>loco,</strong></span> <span class='ocrx_word' id='word_1_413' title='bbox 1912 5393 2003 5448; x_wconf 81' lang='lat' dir='ltr'><strong>Dei</strong></span> <span class='ocrx_word' id='word_1_414' title='bbox 2049 5392 2135 5446; x_wconf 85' lang='lat' dir='ltr'><strong>Fi-</strong></span> 
     </span>
    </p>
   </div>
   <div class='ocr_carea' id='block_1_59' title="bbox 556 5483 2133 5555">
    <p class='ocr_par' dir='ltr' id='par_1_59' title="bbox 556 5483 2133 5555">
     <span class='ocr_line' id='line_1_59' title="bbox 556 5483 2133 5555; baseline 0.004 -21"><span class='ocrx_word' id='word_1_415' title='bbox 556 5485 659 5536; x_wconf 65' lang='lat' dir='ltr'><strong>lius</strong></span> <span class='ocrx_word' id='word_1_416' title='bbox 691 5483 867 5536; x_wconf 77' lang='lat' dir='ltr'><strong>laetus</strong></span> <span class='ocrx_word' id='word_1_417' title='bbox 919 5483 1082 5536; x_wconf 84' lang='lat' dir='ltr'><strong>homo</strong></span> <span class='ocrx_word' id='word_1_418' title='bbox 1129 5497 1344 5550; x_wconf 75' lang='lat' dir='ltr'><strong>pmnam</strong></span> <span class='ocrx_word' id='word_1_419' title='bbox 1387 5483 1628 5550; x_wconf 86' lang='lat' dir='ltr'><strong>sustulit,</strong></span> <span class='ocrx_word' id='word_1_420' title='bbox 1655 5485 1818 5555; x_wconf 90' lang='lat' dir='ltr'><strong>inque</strong></span> <span class='ocrx_word' id='word_1_421' title='bbox 1846 5503 1968 5540; x_wconf 88' lang='lat' dir='ltr'><strong>eum</strong></span> <span class='ocrx_word' id='word_1_422' title='bbox 2013 5502 2133 5540; x_wconf 87' lang='lat' dir='ltr'><strong>mo-</strong></span> 
     </span>
    </p>
   </div>
   <div class='ocr_carea' id='block_1_60' title="bbox 552 5574 2130 5646">
    <p class='ocr_par' dir='ltr' id='par_1_60' title="bbox 552 5574 2130 5646">
     <span class='ocr_line' id='line_1_60' title="bbox 552 5574 2130 5646; baseline 0.003 -20"><span class='ocrx_word' id='word_1_423' title='bbox 552 5574 683 5626; x_wconf 78' lang='lat' dir='ltr'><strong>dum</strong></span> <span class='ocrx_word' id='word_1_424' title='bbox 712 5574 857 5641; x_wconf 54' lang='lat' dir='ltr'><strong>jus-ta</strong></span> <span class='ocrx_word' id='word_1_425' title='bbox 905 5575 1113 5627; x_wconf 87' lang='lat' dir='ltr'><strong>ratione</strong></span> <span class='ocrx_word' id='word_1_426' title='bbox 1142 5574 1384 5628; x_wconf 83' lang='lat' dir='ltr'><strong>nancisci</strong></span> <span class='ocrx_word' id='word_1_427' title='bbox 1425 5591 1522 5630; x_wconf 90' lang='lat' dir='ltr'><strong>nos</strong></span> <span class='ocrx_word' id='word_1_428' title='bbox 1540 5576 1861 5631; x_wconf 79' lang='lat' dir='ltr'><strong>libertatem</strong></span> <span class='ocrx_word' id='word_1_429' title='bbox 1914 5579 2130 5646; x_wconf 84' lang='lat' dir='ltr'><strong>obtigit.</strong></span> 
     </span>
    </p>
   </div>
   <div class='ocr_carea' id='block_1_61' title="bbox 555 5668 2128 5735">
    <p class='ocr_par' dir='ltr' id='par_1_61' title="bbox 555 5668 2128 5735">
     <span class='ocr_line' id='line_1_61' title="bbox 555 5668 2128 5735; baseline 0.004 -17"><span class='ocrx_word' id='word_1_430' title='bbox 555 5668 612 5719; x_wconf 80' lang='lat' dir='ltr'><strong>Si</strong></span> <span class='ocrx_word' id='word_1_431' title='bbox 645 5669 791 5722; x_wconf 87' lang='lat' dir='ltr'><strong>enim</strong></span> <span class='ocrx_word' id='word_1_432' title='bbox 839 5669 948 5721; x_wconf 90' lang='lat' dir='ltr'><strong>alio</strong></span> <span class='ocrx_word' id='word_1_433' title='bbox 997 5669 1156 5720; x_wconf 87' lang='lat' dir='ltr'><strong>modo</strong></span> <span class='ocrx_word' id='word_1_434' title='bbox 1201 5683 1320 5722; x_wconf 88' lang='lat' dir='ltr'><strong>eam</strong></span> <span class='ocrx_word' id='word_1_435' title='bbox 1358 5683 1608 5724; x_wconf 87' lang='lat' dir='ltr'><strong>essemus</strong></span> <span class='ocrx_word' id='word_1_436' title='bbox 1657 5669 1964 5735; x_wconf 87' lang='lat' dir='ltr'><strong>consecuti,</strong></span> <span class='ocrx_word' id='word_1_437' title='bbox 2013 5671 2128 5724; x_wconf 81' lang='lat' dir='ltr'><strong>sive</strong></span> 
     </span>
    </p>
   </div>
   <div class='ocr_carea' id='block_1_62' title="bbox 2244 607 3808 681">
    <p class='ocr_par' dir='ltr' id='par_1_62' title="bbox 2244 607 3808 681">
     <span class='ocr_line' id='line_1_62' title="bbox 2244 607 3808 681; baseline 0.001 -21"><span class='ocrx_word' id='word_1_438' title='bbox 2244 607 2475 678; x_wconf 80' lang='grc' dir='ltr'>χθησαν.</span> <span class='ocrx_word' id='word_1_439' title='bbox 2505 607 2624 662; x_wconf 83' lang='grc' dir='ltr'>Ἵνα</span> <span class='ocrx_word' id='word_1_440' title='bbox 2647 607 2704 660; x_wconf 76' lang='grc' dir='ltr'>δὲ</span> <span class='ocrx_word' id='word_1_441' title='bbox 2747 607 2931 677; x_wconf 78' lang='grc' dir='ltr'>μηδεὶς</span> <span class='ocrx_word' id='word_1_442' title='bbox 2956 609 3118 662; x_wconf 85' lang='grc' dir='ltr'>τοῦτο</span> <span class='ocrx_word' id='word_1_443' title='bbox 3154 609 3305 679; x_wconf 78' lang='grc' dir='ltr'>εἴπῃ,</span> <span class='ocrx_word' id='word_1_444' title='bbox 3365 610 3500 662; x_wconf 85' lang='grc' dir='ltr'>Θεοῦ</span> <span class='ocrx_word' id='word_1_445' title='bbox 3561 611 3616 663; x_wconf 83' lang='grc' dir='ltr'>δὲ</span> <span class='ocrx_word' id='word_1_446' title='bbox 3649 611 3808 681; x_wconf 69' lang='grc' dir='ltr'>ἔργον</span> 
     </span>
    </p>
   </div>
   <div class='ocr_carea' id='block_1_63' title="bbox 2230 692 3809 770">
    <p class='ocr_par' dir='ltr' id='par_1_63' title="bbox 2230 692 3809 770">
     <span class='ocr_line' id='line_1_63' title="bbox 2230 692 3809 770; baseline 0.002 -20"><span class='ocrx_word' id='word_1_447' title='bbox 2230 692 2374 750; x_wconf 78' lang='grc' dir='ltr'>εἶναι</span> <span class='ocrx_word' id='word_1_448' title='bbox 2409 698 2519 759; x_wconf 83' lang='grc' dir='ltr'>πᾶς</span> <span class='ocrx_word' id='word_1_449' title='bbox 2571 713 2655 760; x_wconf 90' lang='grc' dir='ltr'><strong>τις</strong></span> <span class='ocrx_word' id='word_1_450' title='bbox 2707 698 3038 768; x_wconf 72' lang='grc' dir='ltr'>ὁμολογήσῃ,</span> <span class='ocrx_word' id='word_1_451' title='bbox 3094 697 3270 750; x_wconf 83' lang='grc' dir='ltr'>πάντα</span> <span class='ocrx_word' id='word_1_452' title='bbox 3320 699 3387 752; x_wconf 69' lang='grc' dir='ltr'>τὰ</span> <span class='ocrx_word' id='word_1_453' title='bbox 3451 699 3651 770; x_wconf 84' lang='grc' dir='ltr'>ἀσθενῆ</span> <span class='ocrx_word' id='word_1_454' title='bbox 3710 701 3809 753; x_wconf 66' lang='grc' dir='ltr'>καὶ</span> 
     </span>
    </p>
   </div>
   <div class='ocr_carea' id='block_1_64' title="bbox 2229 789 3806 861">
    <p class='ocr_par' dir='ltr' id='par_1_64' title="bbox 2229 789 3806 861">
     <span class='ocr_line' id='line_1_64' title="bbox 2229 789 3806 861; baseline 0 -17"><span class='ocrx_word' id='word_1_455' title='bbox 2229 789 2578 860; x_wconf 81' lang='grc' dir='ltr'>ἁπεῤῥιμένα</span> <span class='ocrx_word' id='word_1_456' title='bbox 2607 789 2916 861; x_wconf 83' lang='grc' dir='ltr'>προείλετο,</span> <span class='ocrx_word' id='word_1_457' title='bbox 2950 791 3161 858; x_wconf 77' lang='grc' dir='ltr'>πένητα</span> <span class='ocrx_word' id='word_1_458' title='bbox 3197 791 3434 860; x_wconf 85' lang='grc' dir='ltr'>μητέρα,</span> <span class='ocrx_word' id='word_1_459' title='bbox 3466 790 3624 845; x_wconf 81' lang='grc' dir='ltr'>ἐνδεᾶ</span> <span class='ocrx_word' id='word_1_460' title='bbox 3670 793 3806 861; x_wconf 85' lang='grc' dir='ltr'>βίον,</span> 
     </span>
    </p>
   </div>
   <div class='ocr_carea' id='block_1_65' title="bbox 2231 881 3808 954">
    <p class='ocr_par' dir='ltr' id='par_1_65' title="bbox 2231 881 3808 954">
     <span class='ocr_line' id='line_1_65' title="bbox 2231 881 3808 954; baseline 0 -18"><span class='ocrx_word' id='word_1_461' title='bbox 2231 883 2482 954; x_wconf 81' lang='grc' dir='ltr'>μαθητὰς</span> <span class='ocrx_word' id='word_1_462' title='bbox 2517 885 2612 936; x_wconf 76' lang='grc' dir='ltr'><strong>καὶ</strong></span> <span class='ocrx_word' id='word_1_463' title='bbox 2641 883 2892 952; x_wconf 82' lang='grc' dir='ltr'>κήρυκας</span> <span class='ocrx_word' id='word_1_464' title='bbox 2920 881 3156 944; x_wconf 77' lang='grc' dir='ltr'><strong>ἰδιώτας.</strong></span> <span class='ocrx_word' id='word_1_465' title='bbox 3226 881 3517 950; x_wconf 82' lang='grc' dir='ltr'>Ἦθέλησεν</span> <span class='ocrx_word' id='word_1_466' title='bbox 3549 883 3808 937; x_wconf 78' lang='grc' dir='ltr'>ἀποδοκι-</span> 
     </span>
    </p>
   </div>
   <div class='ocr_carea' id='block_1_66' title="bbox 2234 973 3811 1048">
    <p class='ocr_par' dir='ltr' id='par_1_66' title="bbox 2234 973 3811 1048">
     <span class='ocr_line' id='line_1_66' title="bbox 2234 973 3811 1048; baseline -0.003 -17"><span class='ocrx_word' id='word_1_467' title='bbox 2234 977 2512 1048; x_wconf 74' lang='grc' dir='ltr'><strong>μασθῆναι</strong></span> <span class='ocrx_word' id='word_1_468' title='bbox 2564 976 2658 1045; x_wconf 78' lang='grc' dir='ltr'><strong>κᾳὶ</strong></span> <span class='ocrx_word' id='word_1_469' title='bbox 2688 973 3160 1041; x_wconf 62' lang='grc' dir='ltr'><strong>καταδικασθῆναι</strong></span> <span class='ocrx_word' id='word_1_470' title='bbox 3195 977 3355 1044; x_wconf 80' lang='grc' dir='ltr'>μέχρι</span> <span class='ocrx_word' id='word_1_471' title='bbox 3415 975 3674 1038; x_wconf 82' lang='grc' dir='ltr'>θανάτου,</span> <span class='ocrx_word' id='word_1_472' title='bbox 3721 978 3811 1034; x_wconf 78' lang='grc' dir='ltr'>ἵνα</span> 
     </span>
    </p>
   </div>
   <div class='ocr_carea' id='block_1_67' title="bbox 2229 1067 3810 1138">
    <p class='ocr_par' dir='ltr' id='par_1_67' title="bbox 2229 1067 3810 1138">
     <span class='ocr_line' id='line_1_67' title="bbox 2229 1067 3810 1138; baseline -0.001 -16"><span class='ocrx_word' id='word_1_473' title='bbox 2229 1071 2341 1132; x_wconf 83' lang='grc' dir='ltr'>τοῖς</span> <span class='ocrx_word' id='word_1_474' title='bbox 2372 1067 2604 1138; x_wconf 74' lang='grc' dir='ltr'>ὕστερον</span> <span class='ocrx_word' id='word_1_475' title='bbox 2636 1069 2669 1136; x_wconf 84' lang='grc' dir='ltr'>ἠ</span> <span class='ocrx_word' id='word_1_476' title='bbox 2697 1067 2910 1120; x_wconf 78' lang='grc' dir='ltr'>ἐκείνου</span> <span class='ocrx_word' id='word_1_477' title='bbox 2937 1067 3260 1120; x_wconf 88' lang='grc' dir='ltr'>διδασκαλία</span> <span class='ocrx_word' id='word_1_478' title='bbox 3314 1069 3407 1120; x_wconf 71' lang='grc' dir='ltr'><strong>καὶ</strong></span> <span class='ocrx_word' id='word_1_479' title='bbox 3443 1070 3508 1121; x_wconf 88' lang='grc' dir='ltr'><strong>τά</strong></span> <span class='ocrx_word' id='word_1_480' title='bbox 3542 1068 3810 1138; x_wconf 78' lang='grc' dir='ltr'>θαύματα</span> 
     </span>
    </p>
   </div>
   <div class='ocr_carea' id='block_1_68' title="bbox 2231 1159 3806 1231">
    <p class='ocr_par' dir='ltr' id='par_1_68' title="bbox 2231 1159 3806 1231">
     <span class='ocr_line' id='line_1_68' title="bbox 2231 1159 3806 1231; baseline 0 -17"><span class='ocrx_word' id='word_1_481' title='bbox 2231 1161 2506 1231; x_wconf 76' lang='grc' dir='ltr'>φανῇ,ὂτι</span> <span class='ocrx_word' id='word_1_482' title='bbox 2551 1161 2651 1213; x_wconf 82' lang='grc' dir='ltr'><strong>οὐκ</strong></span> <span class='ocrx_word' id='word_1_483' title='bbox 2709 1160 3059 1230; x_wconf 78' lang='grc' dir='ltr'><strong>ἀνθρωπίνης</strong></span> <span class='ocrx_word' id='word_1_484' title='bbox 3125 1159 3431 1230; x_wconf 80' lang='grc' dir='ltr'>δυνάμεως,</span> <span class='ocrx_word' id='word_1_485' title='bbox 3484 1161 3620 1214; x_wconf 87' lang='grc' dir='ltr'><strong>ἀλλά</strong></span> <span class='ocrx_word' id='word_1_486' title='bbox 3667 1162 3806 1216; x_wconf 84' lang='grc' dir='ltr'>Θεοῦ</span> 
     </span>
    </p>
   </div>
   <div class='ocr_carea' id='block_1_69' title="bbox 2227 1241 3808 1321">
    <p class='ocr_par' dir='ltr' id='par_1_69' title="bbox 2227 1241 3808 1321">
     <span class='ocr_line' id='line_1_69' title="bbox 2227 1241 3808 1321; baseline -0.001 -18"><span class='ocrx_word' id='word_1_487' title='bbox 2227 1245 2392 1321; x_wconf 81' lang='grc' dir='ltr'>ἦσαν.</span> <span class='ocrx_word' id='word_1_488' title='bbox 2427 1249 2592 1302; x_wconf 83' lang='grc' dir='ltr'><strong>Ὅθεν</strong></span> <span class='ocrx_word' id='word_1_489' title='bbox 2623 1251 2718 1304; x_wconf 75' lang='grc' dir='ltr'><strong>καὶ</strong></span> <span class='ocrx_word' id='word_1_490' title='bbox 2769 1251 2828 1303; x_wconf 73' lang='grc' dir='ltr'>ὲν</span> <span class='ocrx_word' id='word_1_491' title='bbox 2867 1241 2948 1310; x_wconf 74' lang='grc' dir='ltr'><strong>οἷς</strong></span> <span class='ocrx_word' id='word_1_492' title='bbox 2979 1247 3156 1300; x_wconf 74' lang='grc' dir='ltr'>ἐποίει</span> <span class='ocrx_word' id='word_1_493' title='bbox 3208 1248 3303 1302; x_wconf 74' lang='grc' dir='ltr'><strong>καῖ</strong></span> <span class='ocrx_word' id='word_1_494' title='bbox 3353 1248 3614 1319; x_wconf 75' lang='grc' dir='ltr'>ἔπασχεν.</span> <span class='ocrx_word' id='word_1_495' title='bbox 3646 1251 3678 1320; x_wconf 83' lang='grc' dir='ltr'>ἠ</span> <span class='ocrx_word' id='word_1_496' title='bbox 3713 1251 3808 1301; x_wconf 83' lang='grc' dir='ltr'>ἁν-</span> 
     </span>
    </p>
   </div>
   <div class='ocr_carea' id='block_1_70' title="bbox 2233 1337 3804 1412">
    <p class='ocr_par' dir='ltr' id='par_1_70' title="bbox 2233 1337 3804 1412">
     <span class='ocr_line' id='line_1_70' title="bbox 2233 1337 3804 1412; baseline -0.001 -18"><span class='ocrx_word' id='word_1_497' title='bbox 2233 1341 2483 1412; x_wconf 86' lang='grc' dir='ltr'>Θρωπίνη</span> <span class='ocrx_word' id='word_1_498' title='bbox 2517 1341 2774 1394; x_wconf 84' lang='grc' dir='ltr'>ἀσθένεια</span> <span class='ocrx_word' id='word_1_499' title='bbox 2809 1341 2899 1392; x_wconf 72' lang='grc' dir='ltr'><strong>ἀεὶ</strong></span> <span class='ocrx_word' id='word_1_500' title='bbox 2941 1342 3009 1410; x_wconf 81' lang='grc' dir='ltr'>τῇ</span> <span class='ocrx_word' id='word_1_501' title='bbox 3041 1337 3163 1408; x_wconf 75' lang='grc' dir='ltr'>θείᾳ</span> <span class='ocrx_word' id='word_1_502' title='bbox 3193 1339 3422 1409; x_wconf 84' lang='grc' dir='ltr'><strong>δυνάμει</strong></span> <span class='ocrx_word' id='word_1_503' title='bbox 3479 1342 3804 1410; x_wconf 81' lang='grc' dir='ltr'>συνήπτετο,</span> 
     </span>
    </p>
   </div>
   <div class='ocr_carea' id='block_1_71' title="bbox 2242 1413 3808 1502">
    <p class='ocr_par' dir='ltr' id='par_1_71' title="bbox 2242 1413 3808 1502">
     <span class='ocr_line' id='line_1_71' title="bbox 2242 1413 3808 1502; baseline -0.001 -16"><span class='ocrx_word' id='word_1_504' title='bbox 2242 1433 2333 1486; x_wconf 85' lang='grc' dir='ltr'>Ἐν</span> <span class='ocrx_word' id='word_1_505' title='bbox 2371 1432 2480 1502; x_wconf 78' lang='grc' dir='ltr'>γὰρ</span> <span class='ocrx_word' id='word_1_506' title='bbox 2513 1434 2581 1502; x_wconf 81' lang='grc' dir='ltr'>τῇ</span> <span class='ocrx_word' id='word_1_507' title='bbox 2613 1432 2868 1501; x_wconf 74' lang='grc' dir='ltr'>γεννήσει</span> <span class='ocrx_word' id='word_1_508' title='bbox 2908 1430 3144 1501; x_wconf 75' lang='grc' dir='ltr'>πενιχρά</span> <span class='ocrx_word' id='word_1_509' title='bbox 3184 1448 3308 1486; x_wconf 82' lang='grc' dir='ltr'>τινα</span> <span class='ocrx_word' id='word_1_510' title='bbox 3336 1413 3645 1499; x_wconf 75' lang='grc' dir='ltr'>ἐφαίνοντο,</span> <span class='ocrx_word' id='word_1_511' title='bbox 3669 1434 3808 1502; x_wconf 80' lang='grc' dir='ltr'>σπή‹</span> 
     </span>
    </p>
   </div>
   <div class='ocr_carea' id='block_1_72' title="bbox 2230 1523 3809 1593">
    <p class='ocr_par' dir='ltr' id='par_1_72' title="bbox 2230 1523 3809 1593">
     <span class='ocr_line' id='line_1_72' title="bbox 2230 1523 3809 1593; baseline 0.001 -16"><span class='ocrx_word' id='word_1_512' title='bbox 2230 1527 2382 1577; x_wconf 87' lang='grc' dir='ltr'>λαιον</span> <span class='ocrx_word' id='word_1_513' title='bbox 2437 1525 2534 1577; x_wconf 77' lang='grc' dir='ltr'><strong>καὶ</strong></span> <span class='ocrx_word' id='word_1_514' title='bbox 2566 1524 2880 1593; x_wconf 82' lang='grc' dir='ltr'>σπάργανα,</span> <span class='ocrx_word' id='word_1_515' title='bbox 2915 1525 3010 1577; x_wconf 71' lang='grc' dir='ltr'>καὶ</span> <span class='ocrx_word' id='word_1_516' title='bbox 3059 1523 3288 1578; x_wconf 88' lang='grc' dir='ltr'>τοιαῦτα</span> <span class='ocrx_word' id='word_1_517' title='bbox 3314 1540 3328 1554; x_wconf 72' lang='grc' dir='ltr'><strong>ο</strong></span> <span class='ocrx_word' id='word_1_518' title='bbox 3381 1525 3495 1577; x_wconf 84' lang='grc' dir='ltr'>ἀλλ’</span> <span class='ocrx_word' id='word_1_519' title='bbox 3531 1526 3635 1581; x_wconf 80' lang='grc' dir='ltr'>ὑπὸ</span> <span class='ocrx_word' id='word_1_520' title='bbox 3700 1527 3809 1578; x_wconf 73' lang='grc' dir='ltr'>τιῖν</span> 
     </span>
    </p>
   </div>
   <div class='ocr_carea' id='block_1_73' title="bbox 2229 1616 3806 1688">
    <p class='ocr_par' dir='ltr' id='par_1_73' title="bbox 2229 1616 3806 1688">
     <span class='ocr_line' id='line_1_73' title="bbox 2229 1616 3806 1688; baseline -0.002 -17"><span class='ocrx_word' id='word_1_521' title='bbox 2229 1616 2483 1685; x_wconf 84' lang='grc' dir='ltr'>ἀγγέλων</span> <span class='ocrx_word' id='word_1_522' title='bbox 2507 1616 2781 1684; x_wconf 77' lang='grc' dir='ltr'>ὑμνεῖται,</span> <span class='ocrx_word' id='word_1_523' title='bbox 2814 1617 2910 1669; x_wconf 73' lang='grc' dir='ltr'><strong>καὶ</strong></span> <span class='ocrx_word' id='word_1_524' title='bbox 2932 1617 3164 1688; x_wconf 83' lang='grc' dir='ltr'>ἀστέρος</span> <span class='ocrx_word' id='word_1_525' title='bbox 3181 1617 3504 1686; x_wconf 79' lang='grc' dir='ltr'>ὁδηγοῦντος</span> <span class='ocrx_word' id='word_1_526' title='bbox 3561 1633 3772 1688; x_wconf 85' lang='grc' dir='ltr'>προσκυ</span> <span class='ocrx_word' id='word_1_527' title='bbox 3789 1647 3806 1658; x_wconf 83' lang='lat'><strong><em>-</em></strong></span> 
     </span>
    </p>
   </div>
   <div class='ocr_carea' id='block_1_74' title="bbox 2231 1707 3806 1776">
    <p class='ocr_par' dir='ltr' id='par_1_74' title="bbox 2231 1707 3806 1776">
     <span class='ocr_line' id='line_1_74' title="bbox 2231 1707 3806 1776; baseline 0.001 -16"><span class='ocrx_word' id='word_1_528' title='bbox 2231 1711 2404 1763; x_wconf 82' lang='grc' dir='ltr'>νεῖται</span> <span class='ocrx_word' id='word_1_529' title='bbox 2443 1709 2548 1761; x_wconf 78' lang='grc' dir='ltr'>ὑπὸ</span> <span class='ocrx_word' id='word_1_530' title='bbox 2569 1709 2676 1761; x_wconf 85' lang='grc' dir='ltr'><strong>τῶν</strong></span> <span class='ocrx_word' id='word_1_531' title='bbox 2700 1708 2927 1776; x_wconf 79' lang='grc' dir='ltr'>Μάγων.</span> <span class='ocrx_word' id='word_1_532' title='bbox 2995 1710 3133 1761; x_wconf 82' lang='grc' dir='ltr'>Ὑπὸ</span> <span class='ocrx_word' id='word_1_533' title='bbox 3171 1707 3267 1762; x_wconf 90' lang='grc' dir='ltr'>τοῦ</span> <span class='ocrx_word' id='word_1_534' title='bbox 3319 1709 3567 1762; x_wconf 82' lang='grc' dir='ltr'>διαϐόλου</span> <span class='ocrx_word' id='word_1_535' title='bbox 3609 1709 3806 1776; x_wconf 78' lang='grc' dir='ltr'>πειρά-</span> 
     </span>
    </p>
   </div>
   <div class='ocr_carea' id='block_1_75' title="bbox 2232 1799 3808 1872">
    <p class='ocr_par' dir='ltr' id='par_1_75' title="bbox 2232 1799 3808 1872">
     <span class='ocr_line' id='line_1_75' title="bbox 2232 1799 3808 1872; baseline 0.001 -19"><span class='ocrx_word' id='word_1_536' title='bbox 2232 1803 2422 1866; x_wconf 74' lang='grc' dir='ltr'><strong>ζεται⁸</strong></span> <span class='ocrx_word' id='word_1_537' title='bbox 2455 1801 2569 1853; x_wconf 84' lang='grc' dir='ltr'>ἀλλ’</span> <span class='ocrx_word' id='word_1_538' title='bbox 2611 1799 2835 1869; x_wconf 81' lang='grc' dir='ltr'>ἄγγελοι</span> <span class='ocrx_word' id='word_1_539' title='bbox 2873 1800 3214 1854; x_wconf 74' lang='grc' dir='ltr'>διακονοῦσιν</span> <span class='ocrx_word' id='word_1_540' title='bbox 3274 1800 3444 1872; x_wconf 84' lang='grc' dir='ltr'>αὐτῷ.</span> <span class='ocrx_word' id='word_1_541' title='bbox 3497 1803 3808 1872; x_wconf 80' lang='grc' dir='ltr'>Προσαίτης</span> 
     </span>
    </p>
   </div>
   <div class='ocr_carea' id='block_1_76' title="bbox 2229 1892 3812 1964">
    <p class='ocr_par' dir='ltr' id='par_1_76' title="bbox 2229 1892 3812 1964">
     <span class='ocr_line' id='line_1_76' title="bbox 2229 1892 3812 1964; baseline 0.003 -19"><span class='ocrx_word' id='word_1_542' title='bbox 2229 1892 2415 1946; x_wconf 89' lang='grc' dir='ltr'>διεϐίω</span> <span class='ocrx_word' id='word_1_543' title='bbox 2444 1893 2537 1945; x_wconf 76' lang='grc' dir='ltr'><strong>καὶ</strong></span> <span class='ocrx_word' id='word_1_544' title='bbox 2565 1893 2734 1962; x_wconf 81' lang='grc' dir='ltr'>πένης</span> <span class='ocrx_word' id='word_1_545' title='bbox 2762 1909 2776 1924; x_wconf 72' lang='grc' dir='ltr'>σ</span> <span class='ocrx_word' id='word_1_546' title='bbox 2821 1893 2936 1945; x_wconf 84' lang='grc' dir='ltr'>ἀλλ’</span> <span class='ocrx_word' id='word_1_547' title='bbox 2961 1892 3211 1964; x_wconf 84' lang='grc' dir='ltr'>ἀνίστησι</span> <span class='ocrx_word' id='word_1_548' title='bbox 3248 1894 3374 1957; x_wconf 85' lang='grc' dir='ltr'>τοὺς</span> <span class='ocrx_word' id='word_1_549' title='bbox 3431 1897 3662 1964; x_wconf 63' lang='grc' dir='ltr'>νεκροὺς</span> <span class='ocrx_word' id='word_1_550' title='bbox 3712 1896 3812 1949; x_wconf 74' lang='grc' dir='ltr'>καὶ</span> 
     </span>
    </p>
   </div>
   <div class='ocr_carea' id='block_1_77' title="bbox 2230 1983 3812 2057">
    <p class='ocr_par' dir='ltr' id='par_1_77' title="bbox 2230 1983 3812 2057">
     <span class='ocr_line' id='line_1_77' title="bbox 2230 1983 3812 2057; baseline 0.002 -21"><span class='ocrx_word' id='word_1_551' title='bbox 2230 1987 2357 2048; x_wconf 79' lang='grc' dir='ltr'>τοὺς</span> <span class='ocrx_word' id='word_1_552' title='bbox 2411 1983 2648 2052; x_wconf 70' lang='grc' dir='ltr'>τυφλοὺς</span> <span class='ocrx_word' id='word_1_553' title='bbox 2714 1985 2962 2053; x_wconf 72' lang='grc' dir='ltr'>φωτίζει.</span> <span class='ocrx_word' id='word_1_554' title='bbox 3017 1985 3254 2054; x_wconf 81' lang='grc' dir='ltr'>Θνήσκει</span> <span class='ocrx_word' id='word_1_555' title='bbox 3307 1988 3528 2056; x_wconf 78' lang='grc' dir='ltr'>σταυρῴ</span> <span class='ocrx_word' id='word_1_556' title='bbox 3562 2004 3812 2057; x_wconf 79' lang='grc' dir='ltr'>προσπα-</span> 
     </span>
    </p>
   </div>
   <div class='ocr_carea' id='block_1_78' title="bbox 2232 2075 3812 2150">
    <p class='ocr_par' dir='ltr' id='par_1_78' title="bbox 2232 2075 3812 2150">
     <span class='ocr_line' id='line_1_78' title="bbox 2232 2075 3812 2150; baseline 0.002 -22"><span class='ocrx_word' id='word_1_557' title='bbox 2232 2077 2380 2144; x_wconf 77' lang='grc' dir='ltr'>γεὶς,</span> <span class='ocrx_word' id='word_1_558' title='bbox 2442 2075 2858 2145; x_wconf 83' lang='grc' dir='ltr'>συναριθμεῖται</span> <span class='ocrx_word' id='word_1_559' title='bbox 2900 2076 3154 2148; x_wconf 77' lang='grc' dir='ltr'>λῃσταῖς·</span> <span class='ocrx_word' id='word_1_560' title='bbox 3187 2078 3305 2133; x_wconf 79' lang='grc' dir='ltr'>ἀλλ’</span> <span class='ocrx_word' id='word_1_561' title='bbox 3362 2082 3390 2132; x_wconf 79' lang='grc' dir='ltr'>ὁ</span> <span class='ocrx_word' id='word_1_562' title='bbox 3432 2081 3582 2150; x_wconf 76' lang='grc' dir='ltr'>ἥλιος</span> <span class='ocrx_word' id='word_1_563' title='bbox 3625 2081 3684 2131; x_wconf 83' lang='grc' dir='ltr'>ἐν</span> <span class='ocrx_word' id='word_1_564' title='bbox 3733 2079 3812 2148; x_wconf 78' lang='grc' dir='ltr'>τῷ</span> 
     </span>
    </p>
   </div>
   <div class='ocr_carea' id='block_1_79' title="bbox 2231 2164 3810 2240">
    <p class='ocr_par' dir='ltr' id='par_1_79' title="bbox 2231 2164 3810 2240">
     <span class='ocr_line' id='line_1_79' title="bbox 2231 2164 3810 2240; baseline 0.001 -20"><span class='ocrx_word' id='word_1_565' title='bbox 2231 2167 2450 2237; x_wconf 82' lang='grc' dir='ltr'>θανάτῳ</span> <span class='ocrx_word' id='word_1_566' title='bbox 2474 2166 2668 2220; x_wconf 87' lang='grc' dir='ltr'>τούτου</span> <span class='ocrx_word' id='word_1_567' title='bbox 2694 2164 3029 2233; x_wconf 78' lang='grc' dir='ltr'>σκοτίζεται,</span> <span class='ocrx_word' id='word_1_568' title='bbox 3061 2171 3092 2238; x_wconf 80' lang='grc' dir='ltr'>ἡ</span> <span class='ocrx_word' id='word_1_569' title='bbox 3116 2167 3189 2236; x_wconf 82' lang='grc' dir='ltr'>γῆ</span> <span class='ocrx_word' id='word_1_570' title='bbox 3239 2169 3454 2238; x_wconf 80' lang='grc' dir='ltr'><strong>τρέμει,</strong></span> <span class='ocrx_word' id='word_1_571' title='bbox 3494 2169 3810 2240; x_wconf 79' lang='grc' dir='ltr'>συντρίϐον-</span> 
     </span>
    </p>
   </div>
   <div class='ocr_carea' id='block_1_80' title="bbox 2230 2259 3806 2332">
    <p class='ocr_par' dir='ltr' id='par_1_80' title="bbox 2230 2259 3806 2332">
     <span class='ocr_line' id='line_1_80' title="bbox 2230 2259 3806 2332; baseline 0.001 -20"><span class='ocrx_word' id='word_1_572' title='bbox 2230 2277 2318 2313; x_wconf 89' lang='grc' dir='ltr'><strong>ται</strong></span> <span class='ocrx_word' id='word_1_573' title='bbox 2352 2262 2568 2329; x_wconf 83' lang='grc' dir='ltr'>πέτραι,</span> <span class='ocrx_word' id='word_1_574' title='bbox 2615 2262 2863 2328; x_wconf 87' lang='grc' dir='ltr'>μνημεῖα</span> <span class='ocrx_word' id='word_1_575' title='bbox 2927 2259 3259 2328; x_wconf 85' lang='grc' dir='ltr'>ἀνοίγονται,</span> <span class='ocrx_word' id='word_1_576' title='bbox 3321 2264 3390 2315; x_wconf 79' lang='grc' dir='ltr'>τὰ</span> <span class='ocrx_word' id='word_1_577' title='bbox 3438 2262 3547 2316; x_wconf 85' lang='grc' dir='ltr'>τῶν</span> <span class='ocrx_word' id='word_1_578' title='bbox 3595 2263 3806 2332; x_wconf 82' lang='grc' dir='ltr'>νεκρῶν</span> 
     </span>
    </p>
   </div>
   <div class='ocr_carea' id='block_1_81' title="bbox 2231 2353 2825 2424">
    <p class='ocr_par' dir='ltr' id='par_1_81' title="bbox 2231 2353 2825 2424">
     <span class='ocr_line' id='line_1_81' title="bbox 2231 2353 2825 2424; baseline 0.002 -17"><span class='ocrx_word' id='word_1_579' title='bbox 2231 2354 2547 2407; x_wconf 79' lang='grc' dir='ltr'>ἀνίστανται</span> <span class='ocrx_word' id='word_1_580' title='bbox 2575 2353 2825 2424; x_wconf 85' lang='grc' dir='ltr'>σώματα.</span> 
     </span>
    </p>
   </div>
   <div class='ocr_carea' id='block_1_82' title="bbox 2304 2446 3810 2523">
    <p class='ocr_par' dir='ltr' id='par_1_82' title="bbox 2304 2446 3810 2523">
     <span class='ocr_line' id='line_1_82' title="bbox 2304 2446 3810 2523; baseline 0.005 -26"><span class='ocrx_word' id='word_1_581' title='bbox 2304 2447 2365 2497; x_wconf 72' lang='lat' dir='ltr'><strong>Et</strong></span> <span class='ocrx_word' id='word_1_582' title='bbox 2391 2446 2573 2498; x_wconf 82' lang='grc' dir='ltr'>τοίνυν</span> <span class='ocrx_word' id='word_1_583' title='bbox 2603 2446 2813 2498; x_wconf 82' lang='grc' dir='ltr'>τούτων</span> <span class='ocrx_word' id='word_1_584' title='bbox 2847 2448 3162 2518; x_wconf 77' lang='grc' dir='ltr'>γενομένων</span> <span class='ocrx_word' id='word_1_585' title='bbox 3203 2450 3366 2520; x_wconf 75' lang='grc' dir='ltr'>ἕτερα</span> <span class='ocrx_word' id='word_1_586' title='bbox 3395 2453 3598 2520; x_wconf 87' lang='grc' dir='ltr'>σημεῖα</span> <span class='ocrx_word' id='word_1_587' title='bbox 3632 2452 3810 2523; x_wconf 70' lang='grc' dir='ltr'>ζητή-</span> 
     </span>
    </p>
   </div>
   <div class='ocr_carea' id='block_1_83' title="bbox 2235 2539 3810 2615">
    <p class='ocr_par' dir='ltr' id='par_1_83' title="bbox 2235 2539 3810 2615">
     <span class='ocr_line' id='line_1_83' title="bbox 2235 2539 3810 2615; baseline 0.006 -26"><span class='ocrx_word' id='word_1_588' title='bbox 2235 2556 2318 2590; x_wconf 86' lang='grc' dir='ltr'><strong>σει</strong></span> <span class='ocrx_word' id='word_1_589' title='bbox 2341 2555 2446 2602; x_wconf 89' lang='grc' dir='ltr'>τις,</span> <span class='ocrx_word' id='word_1_590' title='bbox 2479 2540 2615 2608; x_wconf 73' lang='grc' dir='ltr'>πρὸς</span> <span class='ocrx_word' id='word_1_591' title='bbox 2641 2539 2700 2590; x_wconf 80' lang='grc' dir='ltr'>τὺ</span> <span class='ocrx_word' id='word_1_592' title='bbox 2736 2540 3054 2605; x_wconf 76' lang='grc' dir='ltr'>πιστεῦσαι,</span> <span class='ocrx_word' id='word_1_593' title='bbox 3091 2543 3188 2594; x_wconf 77' lang='grc' dir='ltr'><strong>καὶ</strong></span> <span class='ocrx_word' id='word_1_594' title='bbox 3223 2543 3387 2596; x_wconf 87' lang='grc' dir='ltr'>λίθων</span> <span class='ocrx_word' id='word_1_595' title='bbox 3443 2546 3810 2615; x_wconf 67' lang='grc' dir='ltr'>σκληρότερος</span> 
     </span>
    </p>
   </div>
   <div class='ocr_carea' id='block_1_84' title="bbox 2218 2603 3814 2703">
    <p class='ocr_par' dir='ltr' id='par_1_84' title="bbox 2218 2603 3814 2703">
     <span class='ocr_line' id='line_1_84' title="bbox 2218 2603 3814 2703; baseline 0.003 -23"><span class='ocrx_word' id='word_1_596' title='bbox 2218 2603 2408 2696; x_wconf 64' lang='grc' dir='ltr'><strong>⁸ἔσται,</strong></span> <span class='ocrx_word' id='word_1_597' title='bbox 2437 2632 2512 2692; x_wconf 83' lang='grc' dir='ltr'>ὡς</span> <span class='ocrx_word' id='word_1_598' title='bbox 2538 2629 2745 2682; x_wconf 76' lang='grc' dir='ltr'>τούτων</span> <span class='ocrx_word' id='word_1_599' title='bbox 2788 2630 2848 2680; x_wconf 75' lang='grc' dir='ltr'>ὲν</span> <span class='ocrx_word' id='word_1_600' title='bbox 2879 2632 2958 2698; x_wconf 85' lang='grc' dir='ltr'>τῷ</span> <span class='ocrx_word' id='word_1_601' title='bbox 3000 2631 3096 2684; x_wconf 93' lang='grc' dir='ltr'><strong>τοῦ</strong></span> <span class='ocrx_word' id='word_1_602' title='bbox 3133 2631 3372 2703; x_wconf 79' lang='grc' dir='ltr'>Χριστοῦ</span> <span class='ocrx_word' id='word_1_603' title='bbox 3429 2616 3644 2702; x_wconf 73' lang='grc' dir='ltr'>θανάτῴ</span> <span class='ocrx_word' id='word_1_604' title='bbox 3696 2649 3814 2703; x_wconf 72' lang='grc' dir='ltr'>σχι-</span> 
     </span>
    </p>
   </div>
   <div class='ocr_carea' id='block_1_85' title="bbox 2235 2719 3813 2791">
    <p class='ocr_par' dir='ltr' id='par_1_85' title="bbox 2235 2719 3813 2791">
     <span class='ocr_line' id='line_1_85' title="bbox 2235 2719 3813 2791; baseline 0.003 -19"><span class='ocrx_word' id='word_1_605' title='bbox 2235 2719 2492 2774; x_wconf 84' lang='grc' dir='ltr'>σθέντων.</span> <span class='ocrx_word' id='word_1_606' title='bbox 2521 2720 2674 2773; x_wconf 82' lang='grc' dir='ltr'>Κατὰ</span> <span class='ocrx_word' id='word_1_607' title='bbox 2698 2722 2788 2777; x_wconf 80' lang='grc' dir='ltr'><strong>τὸν</strong></span> <span class='ocrx_word' id='word_1_608' title='bbox 2817 2721 2981 2775; x_wconf 81' lang='grc' dir='ltr'>αὐτὸν</span> <span class='ocrx_word' id='word_1_609' title='bbox 3032 2721 3095 2791; x_wconf 82' lang='grc' dir='ltr'>δὴ</span> <span class='ocrx_word' id='word_1_610' title='bbox 3127 2722 3326 2791; x_wconf 85' lang='grc' dir='ltr'>τρόπον</span> <span class='ocrx_word' id='word_1_611' title='bbox 3379 2722 3472 2774; x_wconf 78' lang='grc' dir='ltr'><strong>καὶ</strong></span> <span class='ocrx_word' id='word_1_612' title='bbox 3507 2723 3628 2784; x_wconf 77' lang='grc' dir='ltr'>τοὺς</span> <span class='ocrx_word' id='word_1_613' title='bbox 3687 2740 3813 2791; x_wconf 50' lang='grc' dir='ltr'><strong>μαι</strong></span> 
     </span>
    </p>
   </div>
   <div class='ocr_carea' id='block_1_86' title="bbox 2233 2811 3800 2883">
    <p class='ocr_par' dir='ltr' id='par_1_86' title="bbox 2233 2811 3800 2883">
     <span class='ocr_line' id='line_1_86' title="bbox 2233 2811 3800 2883; baseline -0.001 -15"><span class='ocrx_word' id='word_1_614' title='bbox 2233 2813 2402 2881; x_wconf 85' lang='grc' dir='ltr'>θητάς</span> <span class='ocrx_word' id='word_1_615' title='bbox 2429 2811 2711 2883; x_wconf 85' lang='grc' dir='ltr'>προείλετο</span> <span class='ocrx_word' id='word_1_616' title='bbox 2754 2815 2848 2866; x_wconf 72' lang='grc' dir='ltr'><strong>καὶ</strong></span> <span class='ocrx_word' id='word_1_617' title='bbox 2872 2813 2952 2876; x_wconf 82' lang='grc' dir='ltr'><strong>είς</strong></span> <span class='ocrx_word' id='word_1_618' title='bbox 2995 2813 3057 2864; x_wconf 81' lang='grc' dir='ltr'><strong>τὸ</strong></span> <span class='ocrx_word' id='word_1_619' title='bbox 3096 2815 3362 2882; x_wconf 79' lang='grc' dir='ltr'>κήρυγμα</span> <span class='ocrx_word' id='word_1_620' title='bbox 3398 2813 3800 2880; x_wconf 66' lang='grc' dir='ltr'>ἐξαπέστειλεν,</span> 
     </span>
    </p>
   </div>
   <div class='ocr_carea' id='block_1_87' title="bbox 2232 2905 3891 2978">
    <p class='ocr_par' dir='ltr' id='par_1_87' title="bbox 2232 2905 3891 2978">
     <span class='ocr_line' id='line_1_87' title="bbox 2232 2905 3891 2978; baseline -0.001 -20"><span class='ocrx_word' id='word_1_621' title='bbox 2232 2907 2659 2974; x_wconf 75' lang='grc' dir='ltr'>ἀγραμμάτους,</span> <span class='ocrx_word' id='word_1_622' title='bbox 2703 2907 2970 2972; x_wconf 80' lang='grc' dir='ltr'>ἀγεννεῖς,</span> <span class='ocrx_word' id='word_1_623' title='bbox 3002 2905 3266 2976; x_wconf 80' lang='grc' dir='ltr'>πένητας,</span> <span class='ocrx_word' id='word_1_624' title='bbox 3297 2907 3488 2969; x_wconf 77' lang='grc' dir='ltr'>ἁλιεῖς,</span> <span class='ocrx_word' id='word_1_625' title='bbox 3517 2907 3609 2969; x_wconf 78' lang='grc' dir='ltr'>οὓς</span> <span class='ocrx_word' id='word_1_626' title='bbox 3633 2909 3812 2978; x_wconf 83' lang='grc' dir='ltr'>ἀπεῤ-</span> <span class='ocrx_word' id='word_1_627' title='bbox 3883 2950 3891 2956; x_wconf 91' lang='grc'>.</span> 
     </span>
    </p>
   </div>
   <div class='ocr_carea' id='block_1_88' title="bbox 2234 2993 3813 3068">
    <p class='ocr_par' dir='ltr' id='par_1_88' title="bbox 2234 2993 3813 3068">
     <span class='ocr_line' id='line_1_88' title="bbox 2234 2993 3813 3068; baseline 0.002 -19"><span class='ocrx_word' id='word_1_628' title='bbox 2234 2997 2542 3066; x_wconf 77' lang='grc' dir='ltr'>ριμμένους</span> <span class='ocrx_word' id='word_1_629' title='bbox 2569 2995 2905 3065; x_wconf 78' lang='grc' dir='ltr'>προσέταξεν</span> <span class='ocrx_word' id='word_1_630' title='bbox 2948 2993 3112 3062; x_wconf 81' lang='grc' dir='ltr'>εἶναι,</span> <span class='ocrx_word' id='word_1_631' title='bbox 3173 2999 3626 3068; x_wconf 83' lang='grc' dir='ltr'>καταφρονεῖσθαι</span> <span class='ocrx_word' id='word_1_632' title='bbox 3679 3001 3813 3052; x_wconf 82' lang='grc' dir='ltr'>ὑπο-</span> 
     </span>
    </p>
   </div>
   <div class='ocr_carea' id='block_1_89' title="bbox 2234 3089 3813 3160">
    <p class='ocr_par' dir='ltr' id='par_1_89' title="bbox 2234 3089 3813 3160">
     <span class='ocr_line' id='line_1_89' title="bbox 2234 3089 3813 3160; baseline 0.002 -18"><span class='ocrx_word' id='word_1_633' title='bbox 2234 3091 2442 3158; x_wconf 85' lang='grc' dir='ltr'>μένειν,</span> <span class='ocrx_word' id='word_1_634' title='bbox 2487 3093 2562 3159; x_wconf 83' lang='grc' dir='ltr'>μὴ</span> <span class='ocrx_word' id='word_1_635' title='bbox 2597 3090 2853 3157; x_wconf 77' lang='grc' dir='ltr'>συνάγειν</span> <span class='ocrx_word' id='word_1_636' title='bbox 2906 3089 3163 3156; x_wconf 77' lang='grc' dir='ltr'>πλοῦτον,</span> <span class='ocrx_word' id='word_1_637' title='bbox 3227 3092 3410 3160; x_wconf 74' lang='grc' dir='ltr'>τιμὰς,</span> <span class='ocrx_word' id='word_1_638' title='bbox 3467 3090 3647 3154; x_wconf 75' lang='grc' dir='ltr'>δόξαν.</span> <span class='ocrx_word' id='word_1_639' title='bbox 3700 3093 3813 3145; x_wconf 77' lang='grc' dir='ltr'><strong>Καὶ</strong></span> 
     </span>
    </p>
   </div>
   <div class='ocr_carea' id='block_1_90' title="bbox 2233 3181 3809 3253">
    <p class='ocr_par' dir='ltr' id='par_1_90' title="bbox 2233 3181 3809 3253">
     <span class='ocr_line' id='line_1_90' title="bbox 2233 3181 3809 3253; baseline 0 -17"><span class='ocrx_word' id='word_1_640' title='bbox 2233 3183 2388 3236; x_wconf 74' lang='grc' dir='ltr'>αὐτοὶ</span> <span class='ocrx_word' id='word_1_641' title='bbox 2414 3183 2471 3235; x_wconf 79' lang='grc' dir='ltr'>δὲ</span> <span class='ocrx_word' id='word_1_642' title='bbox 2504 3181 2675 3245; x_wconf 71' lang='grc' dir='ltr'>οὕτως</span> <span class='ocrx_word' id='word_1_643' title='bbox 2709 3182 2945 3252; x_wconf 77' lang='grc' dir='ltr'>ἔχοντες,</span> <span class='ocrx_word' id='word_1_644' title='bbox 2987 3183 3247 3253; x_wconf 84' lang='grc' dir='ltr'>θαύματα</span> <span class='ocrx_word' id='word_1_645' title='bbox 3291 3183 3533 3249; x_wconf 79' lang='grc' dir='ltr'>ἐποίουν,</span> <span class='ocrx_word' id='word_1_646' title='bbox 3569 3185 3655 3237; x_wconf 87' lang='grc' dir='ltr'><strong>ῖνα</strong></span> <span class='ocrx_word' id='word_1_647' title='bbox 3711 3185 3809 3236; x_wconf 79' lang='grc' dir='ltr'>καὶ</span> 
     </span>
    </p>
   </div>
   <div class='ocr_carea' id='block_1_91' title="bbox 2234 3273 3813 3350">
    <p class='ocr_par' dir='ltr' id='par_1_91' title="bbox 2234 3273 3813 3350">
     <span class='ocr_line' id='line_1_91' title="bbox 2234 3273 3813 3350; baseline 0 -22"><span class='ocrx_word' id='word_1_648' title='bbox 2234 3277 2266 3346; x_wconf 79' lang='grc' dir='ltr'>ἡ</span> <span class='ocrx_word' id='word_1_649' title='bbox 2299 3275 2503 3328; x_wconf 79' lang='grc' dir='ltr'>τούτων</span> <span class='ocrx_word' id='word_1_650' title='bbox 2535 3273 2856 3350; x_wconf 70' lang='grc' dir='ltr'>διδασκαλία</span> <span class='ocrx_word' id='word_1_651' title='bbox 2886 3274 3009 3326; x_wconf 87' lang='grc' dir='ltr'>θεία</span> <span class='ocrx_word' id='word_1_652' title='bbox 3038 3275 3322 3343; x_wconf 76' lang='grc' dir='ltr'>φαίνηται,</span> <span class='ocrx_word' id='word_1_653' title='bbox 3367 3277 3469 3337; x_wconf 40' lang='grc' dir='ltr'>καὶ,</span> <span class='ocrx_word' id='word_1_654' title='bbox 3491 3275 3591 3327; x_wconf 82' lang='grc' dir='ltr'>οὐκ</span> <span class='ocrx_word' id='word_1_655' title='bbox 3617 3274 3676 3338; x_wconf 76' lang='grc' dir='ltr'><strong>ἐξ</strong></span> <span class='ocrx_word' id='word_1_656' title='bbox 3714 3277 3813 3329; x_wconf 85' lang='grc' dir='ltr'>ἁν-</span> 
     </span>
    </p>
   </div>
   <div class='ocr_carea' id='block_1_92' title="bbox 2235 3367 3814 3443">
    <p class='ocr_par' dir='ltr' id='par_1_92' title="bbox 2235 3367 3814 3443">
     <span class='ocr_line' id='line_1_92' title="bbox 2235 3367 3814 3443; baseline -0.001 -19"><span class='ocrx_word' id='word_1_657' title='bbox 2235 3370 2519 3443; x_wconf 81' lang='grc' dir='ltr'>θρωπίνης</span> <span class='ocrx_word' id='word_1_658' title='bbox 2565 3370 2761 3438; x_wconf 71' lang='grc' dir='ltr'>σοφίας</span> <span class='ocrx_word' id='word_1_659' title='bbox 2793 3367 3216 3435; x_wconf 72' lang='grc' dir='ltr'>καὶδυνάμεως.</span> <span class='ocrx_word' id='word_1_660' title='bbox 3275 3367 3544 3437; x_wconf 81' lang='grc' dir='ltr'>Θαύματα</span> <span class='ocrx_word' id='word_1_661' title='bbox 3594 3369 3814 3422; x_wconf 78' lang='grc' dir='ltr'>ἐποίουν</span> 
     </span>
    </p>
   </div>
   <div class='ocr_carea' id='block_1_93' title="bbox 2232 3459 3812 3530">
    <p class='ocr_par' dir='ltr' id='par_1_93' title="bbox 2232 3459 3812 3530">
     <span class='ocr_line' id='line_1_93' title="bbox 2232 3459 3812 3530; baseline -0.001 -13"><span class='ocrx_word' id='word_1_662' title='bbox 2232 3464 2300 3518; x_wconf 82' lang='grc' dir='ltr'>τὰ</span> <span class='ocrx_word' id='word_1_663' title='bbox 2329 3463 2490 3526; x_wconf 79' lang='grc' dir='ltr'>αὐτὰ,</span> <span class='ocrx_word' id='word_1_664' title='bbox 2526 3463 2623 3516; x_wconf 74' lang='grc' dir='ltr'>καὶ</span> <span class='ocrx_word' id='word_1_665' title='bbox 2649 3461 2844 3530; x_wconf 77' lang='grc' dir='ltr'>μείζω.</span> <span class='ocrx_word' id='word_1_666' title='bbox 2887 3459 2954 3514; x_wconf 85' lang='lat' dir='ltr'><strong>&#39;ll</strong></span> <span class='ocrx_word' id='word_1_667' title='bbox 2981 3459 3089 3528; x_wconf 77' lang='grc' dir='ltr'>γὰρ</span> <span class='ocrx_word' id='word_1_668' title='bbox 3145 3459 3274 3512; x_wconf 88' lang='grc' dir='ltr'><strong>σκιά</strong></span> <span class='ocrx_word' id='word_1_669' title='bbox 3326 3460 3535 3513; x_wconf 86' lang='grc' dir='ltr'>τούτων</span> <span class='ocrx_word' id='word_1_670' title='bbox 3582 3463 3812 3530; x_wconf 78' lang='grc' dir='ltr'>νεκροὺς</span> 
     </span>
    </p>
   </div>
   <div class='ocr_carea' id='block_1_94' title="bbox 2233 3545 3813 3621">
    <p class='ocr_par' dir='ltr' id='par_1_94' title="bbox 2233 3545 3813 3621">
     <span class='ocr_line' id='line_1_94' title="bbox 2233 3545 3813 3621; baseline -0.002 -15"><span class='ocrx_word' id='word_1_671' title='bbox 2233 3554 2450 3621; x_wconf 83' lang='grc' dir='ltr'>ἀνίστη.</span> <span class='ocrx_word' id='word_1_672' title='bbox 2481 3551 2658 3613; x_wconf 84' lang='grc' dir='ltr'>Αὐτὸς</span> <span class='ocrx_word' id='word_1_673' title='bbox 2685 3551 2795 3620; x_wconf 87' lang='grc' dir='ltr'><strong>γὰρ</strong></span> <span class='ocrx_word' id='word_1_674' title='bbox 2827 3545 3003 3612; x_wconf 73' lang='grc' dir='ltr'>εἶπεν,</span> <span class='ocrx_word' id='word_1_675' title='bbox 3043 3566 3060 3598; x_wconf 84' lang='grc' dir='ltr'><strong>ι</strong></span> <span class='ocrx_word' id='word_1_676' title='bbox 3106 3547 3165 3600; x_wconf 81' lang='grc' dir='ltr'>ὐ</span> <span class='ocrx_word' id='word_1_677' title='bbox 3199 3549 3474 3602; x_wconf 79' lang='grc' dir='ltr'>πιστεύων</span> <span class='ocrx_word' id='word_1_678' title='bbox 3513 3552 3592 3612; x_wconf 85' lang='grc' dir='ltr'><strong>είς</strong></span> <span class='ocrx_word' id='word_1_679' title='bbox 3616 3551 3714 3620; x_wconf 77' lang='grc' dir='ltr'><strong>ἐμὲ</strong></span> <span class='ocrx_word' id='word_1_680' title='bbox 3744 3552 3813 3604; x_wconf 80' lang='grc' dir='ltr'>τὰ</span> 
     </span>
    </p>
   </div>
   <div class='ocr_carea' id='block_1_95' title="bbox 2235 3640 3813 3716">
    <p class='ocr_par' dir='ltr' id='par_1_95' title="bbox 2235 3640 3813 3716">
     <span class='ocr_line' id='line_1_95' title="bbox 2235 3640 3813 3716; baseline -0.002 -19"><span class='ocrx_word' id='word_1_681' title='bbox 2235 3643 2432 3714; x_wconf 81' lang='grc' dir='ltr'>ἕργαᾶ</span> <span class='ocrx_word' id='word_1_682' title='bbox 2483 3641 2596 3710; x_wconf 79' lang='grc' dir='ltr'>ἐγὼ</span> <span class='ocrx_word' id='word_1_683' title='bbox 2637 3640 2796 3706; x_wconf 84' lang='grc' dir='ltr'>ποιῶ,</span> <span class='ocrx_word' id='word_1_684' title='bbox 2851 3642 3107 3703; x_wconf 87' lang='grc' dir='ltr'>κάκεῖνος</span> <span class='ocrx_word' id='word_1_685' title='bbox 3143 3643 3382 3716; x_wconf 70' lang='grc' dir='ltr'>ποιήσει,</span> <span class='ocrx_word' id='word_1_686' title='bbox 3444 3643 3535 3694; x_wconf 73' lang='grc' dir='ltr'>καὶ</span> <span class='ocrx_word' id='word_1_687' title='bbox 3589 3644 3813 3712; x_wconf 77' lang='grc' dir='ltr'>μείζονα</span> 
     </span>
    </p>
   </div>
   <div class='ocr_carea' id='block_1_96' title="bbox 2235 3734 3815 3806">
    <p class='ocr_par' dir='ltr' id='par_1_96' title="bbox 2235 3734 3815 3806">
     <span class='ocr_line' id='line_1_96' title="bbox 2235 3734 3815 3806; baseline -0.003 -15"><span class='ocrx_word' id='word_1_688' title='bbox 2235 3737 2442 3791; x_wconf 84' lang='grc' dir='ltr'>τούτων</span> <span class='ocrx_word' id='word_1_689' title='bbox 2470 3737 2715 3806; x_wconf 80' lang='grc' dir='ltr'>ποιήσει.</span> <span class='ocrx_word' id='word_1_690' title='bbox 2757 3753 2774 3786; x_wconf 76' lang='grc' dir='ltr'><strong>ι</strong></span> <span class='ocrx_word' id='word_1_691' title='bbox 2809 3734 2994 3789; x_wconf 83' lang='grc' dir='ltr'>Πάντα</span> <span class='ocrx_word' id='word_1_692' title='bbox 3037 3735 3093 3787; x_wconf 84' lang='grc' dir='ltr'>δὲ</span> <span class='ocrx_word' id='word_1_693' title='bbox 3127 3734 3423 3804; x_wconf 80' lang='grc' dir='ltr'>ὑπέμενον,</span> <span class='ocrx_word' id='word_1_694' title='bbox 3454 3734 3590 3805; x_wconf 82' lang='grc' dir='ltr'>πρὸς</span> <span class='ocrx_word' id='word_1_695' title='bbox 3629 3735 3689 3786; x_wconf 80' lang='grc' dir='ltr'><strong>τὸ</strong></span> <span class='ocrx_word' id='word_1_696' title='bbox 3709 3737 3815 3787; x_wconf 80' lang='grc' dir='ltr'>πά-</span> 
     </span>
    </p>
   </div>
   <div class='ocr_carea' id='block_1_97' title="bbox 2233 3826 3812 3896">
    <p class='ocr_par' dir='ltr' id='par_1_97' title="bbox 2233 3826 3812 3896">
     <span class='ocr_line' id='line_1_97' title="bbox 2233 3826 3812 3896; baseline 0 -18"><span class='ocrx_word' id='word_1_697' title='bbox 2233 3830 2326 3893; x_wconf 85' lang='grc' dir='ltr'><strong>θος</strong></span> <span class='ocrx_word' id='word_1_698' title='bbox 2356 3828 2761 3890; x_wconf 80' lang='grc' dir='ltr'>ἀποϐλέποντες</span> <span class='ocrx_word' id='word_1_699' title='bbox 2805 3827 2902 3890; x_wconf 69' lang='grc' dir='ltr'>καὶ</span> <span class='ocrx_word' id='word_1_700' title='bbox 2961 3826 3053 3879; x_wconf 80' lang='grc' dir='ltr'>τὸν</span> <span class='ocrx_word' id='word_1_701' title='bbox 3114 3826 3352 3880; x_wconf 85' lang='grc' dir='ltr'>θάνατον</span> <span class='ocrx_word' id='word_1_702' title='bbox 3398 3826 3494 3878; x_wconf 80' lang='grc' dir='ltr'><strong>τοῦ</strong></span> <span class='ocrx_word' id='word_1_703' title='bbox 3547 3827 3812 3896; x_wconf 82' lang='grc' dir='ltr'>Χριστοῦ,</span> 
     </span>
    </p>
   </div>
   <div class='ocr_carea' id='block_1_98' title="bbox 2231 3916 3813 3988">
    <p class='ocr_par' dir='ltr' id='par_1_98' title="bbox 2231 3916 3813 3988">
     <span class='ocr_line' id='line_1_98' title="bbox 2231 3916 3813 3988; baseline -0.003 -12"><span class='ocrx_word' id='word_1_704' title='bbox 2231 3923 2289 3986; x_wconf 77' lang='grc' dir='ltr'>ὃς</span> <span class='ocrx_word' id='word_1_705' title='bbox 2321 3923 2507 3987; x_wconf 80' lang='grc' dir='ltr'>αὐτοῖς</span> <span class='ocrx_word' id='word_1_706' title='bbox 2534 3916 2710 3987; x_wconf 78' lang='grc' dir='ltr'>εἶπεν,</span> <span class='ocrx_word' id='word_1_707' title='bbox 2746 3937 2764 3971; x_wconf 79' lang='grc' dir='ltr'><strong>ι</strong></span> <span class='ocrx_word' id='word_1_708' title='bbox 2806 3919 2866 3972; x_wconf 78' lang='lat' dir='ltr'><strong>Ei</strong></span> <span class='ocrx_word' id='word_1_709' title='bbox 2906 3918 3008 3988; x_wconf 80' lang='grc' dir='ltr'><strong>ἐμὲ</strong></span> <span class='ocrx_word' id='word_1_710' title='bbox 3053 3919 3307 3983; x_wconf 71' lang='grc' dir='ltr'>ἐδίωξαν,</span> <span class='ocrx_word' id='word_1_711' title='bbox 3341 3917 3437 3972; x_wconf 79' lang='grc' dir='ltr'><strong>καὶ</strong></span> <span class='ocrx_word' id='word_1_712' title='bbox 3486 3919 3628 3988; x_wconf 64' lang='grc' dir='ltr'>ὑμᾶς</span> <span class='ocrx_word' id='word_1_713' title='bbox 3681 3918 3813 3971; x_wconf 74' lang='grc' dir='ltr'>διώ-</span> 
     </span>
    </p>
   </div>
   <div class='ocr_carea' id='block_1_99' title="bbox 2237 4019 2497 4083">
    <p class='ocr_par' dir='ltr' id='par_1_99' title="bbox 2237 4019 2497 4083">
     <span class='ocr_line' id='line_1_99' title="bbox 2237 4019 2497 4083; baseline -0.015 -13"><span class='ocrx_word' id='word_1_714' title='bbox 2237 4019 2440 4083; x_wconf 79' lang='grc' dir='ltr'>ξουσιν.</span> <span class='ocrx_word' id='word_1_715' title='bbox 2479 4036 2497 4066; x_wconf 70' lang='grc' dir='ltr'><strong>ι</strong></span> 
     </span>
    </p>
   </div>
   <div class='ocr_carea' id='block_1_100' title="bbox 2307 4103 3815 4179">
    <p class='ocr_par' dir='ltr' id='par_1_100' title="bbox 2307 4103 3815 4179">
     <span class='ocr_line' id='line_1_100' title="bbox 2307 4103 3815 4179; baseline -0.004 -16"><span class='ocrx_word' id='word_1_716' title='bbox 2307 4111 2463 4163; x_wconf 81' lang='grc' dir='ltr'>Ἐπεὶ</span> <span class='ocrx_word' id='word_1_717' title='bbox 2488 4108 2545 4161; x_wconf 78' lang='grc' dir='ltr'>δὲ</span> <span class='ocrx_word' id='word_1_718' title='bbox 2583 4108 2612 4161; x_wconf 82' lang='grc' dir='ltr'><strong>ὁ</strong></span> <span class='ocrx_word' id='word_1_719' title='bbox 2651 4107 2942 4176; x_wconf 69' lang='grc' dir='ltr'>ἄνθρωπος</span> <span class='ocrx_word' id='word_1_720' title='bbox 2989 4103 3336 4179; x_wconf 84' lang='grc' dir='ltr'>συνεχώρησε</span> <span class='ocrx_word' id='word_1_721' title='bbox 3378 4107 3444 4176; x_wconf 79' lang='grc' dir='ltr'>τῇ</span> <span class='ocrx_word' id='word_1_722' title='bbox 3491 4105 3687 4158; x_wconf 76' lang='grc' dir='ltr'>ἑαυτοῦ</span> <span class='ocrx_word' id='word_1_723' title='bbox 3727 4103 3815 4157; x_wconf 87' lang='grc' dir='ltr'>θε-</span> 
     </span>
    </p>
   </div>
   <div class='ocr_carea' id='block_1_101' title="bbox 2232 4197 3813 4273">
    <p class='ocr_par' dir='ltr' id='par_1_101' title="bbox 2232 4197 3813 4273">
     <span class='ocr_line' id='line_1_101' title="bbox 2232 4197 3813 4273; baseline -0.003 -19"><span class='ocrx_word' id='word_1_724' title='bbox 2232 4203 2411 4273; x_wconf 80' lang='grc' dir='ltr'>λήσει,</span> <span class='ocrx_word' id='word_1_725' title='bbox 2445 4203 2539 4253; x_wconf 77' lang='grc' dir='ltr'>καὶ</span> <span class='ocrx_word' id='word_1_726' title='bbox 2600 4199 2813 4269; x_wconf 81' lang='grc' dir='ltr'>παρέϐη</span> <span class='ocrx_word' id='word_1_727' title='bbox 2869 4199 2965 4252; x_wconf 71' lang='grc' dir='ltr'><strong>καὶ</strong></span> <span class='ocrx_word' id='word_1_728' title='bbox 3011 4198 3239 4269; x_wconf 72' lang='grc' dir='ltr'>ἠδίκησε</span> <span class='ocrx_word' id='word_1_729' title='bbox 3288 4198 3430 4252; x_wconf 75' lang='grc' dir='ltr'>κατὰ</span> <span class='ocrx_word' id='word_1_730' title='bbox 3511 4197 3671 4250; x_wconf 88' lang='grc' dir='ltr'>τοῦτο</span> <span class='ocrx_word' id='word_1_731' title='bbox 3721 4198 3813 4250; x_wconf 70' lang='grc' dir='ltr'><strong>τὸν</strong></span> 
     </span>
    </p>
   </div>
   <div class='ocr_carea' id='block_1_102' title="bbox 2235 4287 3814 4359">
    <p class='ocr_par' dir='ltr' id='par_1_102' title="bbox 2235 4287 3814 4359">
     <span class='ocr_line' id='line_1_102' title="bbox 2235 4287 3814 4359; baseline -0.006 -12"><span class='ocrx_word' id='word_1_732' title='bbox 2235 4293 2390 4356; x_wconf 80' lang='grc' dir='ltr'>Θεὸν,</span> <span class='ocrx_word' id='word_1_733' title='bbox 2447 4291 2508 4343; x_wconf 85' lang='grc' dir='ltr'><strong>τδ</strong></span> <span class='ocrx_word' id='word_1_734' title='bbox 2564 4290 2774 4359; x_wconf 87' lang='grc' dir='ltr'>κτίσμα</span> <span class='ocrx_word' id='word_1_735' title='bbox 2809 4287 2979 4341; x_wconf 83' lang='grc' dir='ltr'>αὑτοῦ</span> <span class='ocrx_word' id='word_1_736' title='bbox 3037 4289 3098 4341; x_wconf 83' lang='grc' dir='ltr'><strong>τὸ</strong></span> <span class='ocrx_word' id='word_1_737' title='bbox 3147 4288 3476 4359; x_wconf 84' lang='grc' dir='ltr'>τιμιώτερον</span> <span class='ocrx_word' id='word_1_738' title='bbox 3526 4287 3814 4356; x_wconf 77' lang='grc' dir='ltr'>ζημιώσας</span> 
     </span>
    </p>
   </div>
   <div class='ocr_carea' id='block_1_103' title="bbox 2235 4379 3814 4452">
    <p class='ocr_par' dir='ltr' id='par_1_103' title="bbox 2235 4379 3814 4452">
     <span class='ocr_line' id='line_1_103' title="bbox 2235 4379 3814 4452; baseline -0.006 -12"><span class='ocrx_word' id='word_1_739' title='bbox 2235 4386 2426 4448; x_wconf 81' lang='grc' dir='ltr'>αὐτὸν,</span> <span class='ocrx_word' id='word_1_740' title='bbox 2471 4384 2592 4452; x_wconf 62' lang='grc' dir='ltr'>(καὶ</span> <span class='ocrx_word' id='word_1_741' title='bbox 2662 4383 2770 4451; x_wconf 75' lang='grc' dir='ltr'>γὰρ</span> <span class='ocrx_word' id='word_1_742' title='bbox 2830 4381 3166 4452; x_wconf 80' lang='grc' dir='ltr'>κληρονομία</span> <span class='ocrx_word' id='word_1_743' title='bbox 3213 4380 3378 4433; x_wconf 83' lang='grc' dir='ltr'>αὐτοῦ</span> <span class='ocrx_word' id='word_1_744' title='bbox 3425 4379 3665 4449; x_wconf 71' lang='grc' dir='ltr'>ἐγένετο)</span> <span class='ocrx_word' id='word_1_745' title='bbox 3723 4380 3814 4432; x_wconf 79' lang='grc' dir='ltr'>διὰ</span> 
     </span>
    </p>
   </div>
   <div class='ocr_carea' id='block_1_104' title="bbox 2235 4473 3812 4548">
    <p class='ocr_par' dir='ltr' id='par_1_104' title="bbox 2235 4473 3812 4548">
     <span class='ocr_line' id='line_1_104' title="bbox 2235 4473 3812 4548; baseline -0.003 -17"><span class='ocrx_word' id='word_1_746' title='bbox 2235 4480 2342 4531; x_wconf 77' lang='grc' dir='ltr'>τῶν</span> <span class='ocrx_word' id='word_1_747' title='bbox 2372 4475 2629 4548; x_wconf 84' lang='grc' dir='ltr'>πονηρῶν</span> <span class='ocrx_word' id='word_1_748' title='bbox 2657 4477 2860 4546; x_wconf 79' lang='grc' dir='ltr'>ἔργων,</span> <span class='ocrx_word' id='word_1_749' title='bbox 2899 4477 2996 4529; x_wconf 78' lang='grc' dir='ltr'>καὶ</span> <span class='ocrx_word' id='word_1_750' title='bbox 3022 4475 3113 4528; x_wconf 74' lang='grc' dir='ltr'>διὰ</span> <span class='ocrx_word' id='word_1_751' title='bbox 3150 4473 3310 4527; x_wconf 84' lang='grc' dir='ltr'>τοῦτο</span> <span class='ocrx_word' id='word_1_752' title='bbox 3337 4473 3606 4544; x_wconf 80' lang='grc' dir='ltr'>ὠφείλετο</span> <span class='ocrx_word' id='word_1_753' title='bbox 3661 4474 3812 4544; x_wconf 82' lang='grc' dir='ltr'>αὐτῷ</span> 
     </span>
    </p>
   </div>
   <div class='ocr_carea' id='block_1_105' title="bbox 2235 4655 3814 4728">
    <p class='ocr_par' dir='ltr' id='par_1_105' title="bbox 2235 4655 3814 4728">
     <span class='ocr_line' id='line_1_105' title="bbox 2235 4655 3814 4728; baseline -0.003 -14"><span class='ocrx_word' id='word_1_754' title='bbox 2235 4662 2345 4724; x_wconf 80' lang='grc' dir='ltr'>ζων</span> <span class='ocrx_word' id='word_1_755' title='bbox 2379 4660 2596 4713; x_wconf 89' lang='grc' dir='ltr'>πάντων</span> <span class='ocrx_word' id='word_1_756' title='bbox 2627 4661 2978 4727; x_wconf 79' lang='grc' dir='ltr'>ἀσυγκρίτως</span> <span class='ocrx_word' id='word_1_757' title='bbox 3025 4659 3197 4712; x_wconf 78' lang='grc' dir='ltr'>ἐστίν·</span> <span class='ocrx_word' id='word_1_758' title='bbox 3237 4660 3416 4721; x_wconf 81' lang='grc' dir='ltr'>οὐδεὶς</span> <span class='ocrx_word' id='word_1_759' title='bbox 3441 4659 3496 4712; x_wconf 83' lang='grc' dir='ltr'>δὲ</span> <span class='ocrx_word' id='word_1_760' title='bbox 3521 4655 3589 4728; x_wconf 81' lang='grc' dir='ltr'>ἦν</span> <span class='ocrx_word' id='word_1_761' title='bbox 3624 4661 3814 4723; x_wconf 81' lang='grc' dir='ltr'>ἱκανὸς</span> 
     </span>
    </p>
   </div>
   <div class='ocr_carea' id='block_1_106' title="bbox 2231 4751 3812 4821">
    <p class='ocr_par' dir='ltr' id='par_1_106' title="bbox 2231 4751 3812 4821">
     <span class='ocr_line' id='line_1_106' title="bbox 2231 4751 3812 4821; baseline -0.001 -15"><span class='ocrx_word' id='word_1_762' title='bbox 2231 4756 2312 4816; x_wconf 83' lang='grc' dir='ltr'>εἰς</span> <span class='ocrx_word' id='word_1_763' title='bbox 2363 4753 2558 4806; x_wconf 70' lang='grc' dir='ltr'>ἑαυτὸν</span> <span class='ocrx_word' id='word_1_764' title='bbox 2592 4751 2956 4817; x_wconf 81' lang='grc' dir='ltr'>ἀναδέξασθαι</span> <span class='ocrx_word' id='word_1_765' title='bbox 3021 4751 3123 4819; x_wconf 80' lang='grc' dir='ltr'>τὴν</span> <span class='ocrx_word' id='word_1_766' title='bbox 3158 4755 3430 4821; x_wconf 88' lang='grc' dir='ltr'>τιμωρίαν</span> <span class='ocrx_word' id='word_1_767' title='bbox 3481 4754 3579 4821; x_wconf 75' lang='grc' dir='ltr'><strong>τῆς</strong></span> <span class='ocrx_word' id='word_1_768' title='bbox 3609 4755 3812 4805; x_wconf 71' lang='grc' dir='ltr'>τοσαύ-</span> 
     </span>
    </p>
   </div>
   <div class='ocr_carea' id='block_1_107' title="bbox 2231 4839 3818 4916">
    <p class='ocr_par' dir='ltr' id='par_1_107' title="bbox 2231 4839 3818 4916">
     <span class='ocr_line' id='line_1_107' title="bbox 2231 4839 3818 4916; baseline -0.003 -16"><span class='ocrx_word' id='word_1_769' title='bbox 2231 4863 2330 4916; x_wconf 70' lang='grc' dir='ltr'><strong>της</strong></span> <span class='ocrx_word' id='word_1_770' title='bbox 2358 4839 2595 4910; x_wconf 69' lang='grc' dir='ltr'>ἀδικίας,</span> <span class='ocrx_word' id='word_1_771' title='bbox 2630 4845 2703 4907; x_wconf 85' lang='grc' dir='ltr'><strong>ώς</strong></span> <span class='ocrx_word' id='word_1_772' title='bbox 2731 4845 2964 4913; x_wconf 80' lang='grc' dir='ltr'>εἴπομεν</span> <span class='ocrx_word' id='word_1_773' title='bbox 2985 4859 2997 4873; x_wconf 78' lang='grc'><em>’</em></span> <span class='ocrx_word' id='word_1_774' title='bbox 3030 4843 3260 4898; x_wconf 85' lang='grc' dir='ltr'>ἀνέλαϐε</span> <span class='ocrx_word' id='word_1_775' title='bbox 3309 4843 3516 4913; x_wconf 77' lang='grc' dir='ltr'>ταύτην</span> <span class='ocrx_word' id='word_1_776' title='bbox 3569 4845 3669 4914; x_wconf 79' lang='grc' dir='ltr'><strong>τὴν</strong></span> <span class='ocrx_word' id='word_1_777' title='bbox 3733 4863 3818 4906; x_wconf 53' lang='grc' dir='ltr'>τιο,</span> 
     </span>
    </p>
   </div>
   <div class='ocr_carea' id='block_1_108' title="bbox 2237 4935 3813 5008">
    <p class='ocr_par' dir='ltr' id='par_1_108' title="bbox 2237 4935 3813 5008">
     <span class='ocr_line' id='line_1_108' title="bbox 2237 4935 3813 5008; baseline -0.001 -18"><span class='ocrx_word' id='word_1_778' title='bbox 2237 4937 2450 5008; x_wconf 83' lang='grc' dir='ltr'>μωρίαν</span> <span class='ocrx_word' id='word_1_779' title='bbox 2471 4940 2498 4991; x_wconf 85' lang='grc' dir='ltr'>ὁ</span> <span class='ocrx_word' id='word_1_780' title='bbox 2527 4937 2625 4991; x_wconf 87' lang='grc' dir='ltr'><strong>τοῦ</strong></span> <span class='ocrx_word' id='word_1_781' title='bbox 2675 4935 2813 4990; x_wconf 85' lang='grc' dir='ltr'>Θεοῦ</span> <span class='ocrx_word' id='word_1_782' title='bbox 2847 4936 2974 4998; x_wconf 81' lang='grc' dir='ltr'>Υἱὸς</span> <span class='ocrx_word' id='word_1_783' title='bbox 3008 4939 3299 5006; x_wconf 78' lang='grc' dir='ltr'>γενόμενος</span> <span class='ocrx_word' id='word_1_784' title='bbox 3355 4937 3664 5006; x_wconf 80' lang='grc' dir='ltr'>ἄνθρωπος,</span> <span class='ocrx_word' id='word_1_785' title='bbox 3719 4939 3813 4989; x_wconf 73' lang='grc' dir='ltr'><strong>καὶ</strong></span> 
     </span>
    </p>
   </div>
   <div class='ocr_carea' id='block_1_109' title="bbox 2233 5028 3812 5100">
    <p class='ocr_par' dir='ltr' id='par_1_109' title="bbox 2233 5028 3812 5100">
     <span class='ocr_line' id='line_1_109' title="bbox 2233 5028 3812 5100; baseline -0.001 -17"><span class='ocrx_word' id='word_1_786' title='bbox 2233 5030 2554 5094; x_wconf 69' lang='grc' dir='ltr'>έπαθενὸσα</span> <span class='ocrx_word' id='word_1_787' title='bbox 2586 5031 2744 5100; x_wconf 81' lang='grc' dir='ltr'>ἡμεῖς</span> <span class='ocrx_word' id='word_1_788' title='bbox 2775 5028 3064 5096; x_wconf 79' lang='grc' dir='ltr'>ὀφείλομεν</span> <span class='ocrx_word' id='word_1_789' title='bbox 3090 5028 3308 5094; x_wconf 85' lang='grc' dir='ltr'>παθεῖν,</span> <span class='ocrx_word' id='word_1_790' title='bbox 3341 5030 3437 5082; x_wconf 77' lang='grc' dir='ltr'><strong>καὶ</strong></span> <span class='ocrx_word' id='word_1_791' title='bbox 3461 5029 3812 5099; x_wconf 82' lang='grc' dir='ltr'>ὲλυτρώσατο</span> 
     </span>
    </p>
   </div>
   <div class='ocr_carea' id='block_1_110' title="bbox 2235 5121 3812 5192">
    <p class='ocr_par' dir='ltr' id='par_1_110' title="bbox 2235 5121 3812 5192">
     <span class='ocr_line' id='line_1_110' title="bbox 2235 5121 3812 5192; baseline -0.001 -17"><span class='ocrx_word' id='word_1_792' title='bbox 2235 5125 2383 5192; x_wconf 72' lang='grc' dir='ltr'>ἡμᾶς</span> <span class='ocrx_word' id='word_1_793' title='bbox 2412 5124 2478 5174; x_wconf 76' lang='grc' dir='ltr'>ἐκ</span> <span class='ocrx_word' id='word_1_794' title='bbox 2507 5122 2618 5174; x_wconf 83' lang='grc' dir='ltr'><strong>τῶν</strong></span> <span class='ocrx_word' id='word_1_795' title='bbox 2661 5122 2874 5191; x_wconf 76' lang='grc' dir='ltr'>ἐχθρῶν</span> <span class='ocrx_word' id='word_1_796' title='bbox 2906 5121 3086 5190; x_wconf 77' lang='grc' dir='ltr'>ἡμῶν,</span> <span class='ocrx_word' id='word_1_797' title='bbox 3123 5121 3172 5173; x_wconf 84' lang='grc' dir='ltr'><strong>οἳ</strong></span> <span class='ocrx_word' id='word_1_798' title='bbox 3233 5123 3488 5191; x_wconf 83' lang='grc' dir='ltr'>κατεῖχον</span> <span class='ocrx_word' id='word_1_799' title='bbox 3533 5123 3686 5190; x_wconf 81' lang='grc' dir='ltr'>ἡμᾶς</span> <span class='ocrx_word' id='word_1_800' title='bbox 3737 5122 3812 5184; x_wconf 85' lang='grc' dir='ltr'>ὡς</span> 
     </span>
    </p>
   </div>
   <div class='ocr_carea' id='block_1_111' title="bbox 2237 5207 3812 5280">
    <p class='ocr_par' dir='ltr' id='par_1_111' title="bbox 2237 5207 3812 5280">
     <span class='ocr_line' id='line_1_111' title="bbox 2237 5207 3812 5280; baseline -0.004 -15"><span class='ocrx_word' id='word_1_801' title='bbox 2237 5213 2343 5265; x_wconf 75' lang='grc' dir='ltr'>[δια</span> <span class='ocrx_word' id='word_1_802' title='bbox 2367 5212 2607 5280; x_wconf 74' lang='grc' dir='ltr'>λάφυρα.</span> <span class='ocrx_word' id='word_1_803' title='bbox 2643 5209 3013 5272; x_wconf 80' lang='grc' dir='ltr'>δουλωθέντας</span> <span class='ocrx_word' id='word_1_804' title='bbox 3043 5207 3132 5261; x_wconf 75' lang='grc' dir='ltr'>διὰ</span> <span class='ocrx_word' id='word_1_805' title='bbox 3179 5207 3279 5279; x_wconf 81' lang='grc' dir='ltr'><strong>τὴν</strong></span> <span class='ocrx_word' id='word_1_806' title='bbox 3333 5207 3612 5278; x_wconf 82' lang='grc' dir='ltr'>ἁμαρτίαν</span> <span class='ocrx_word' id='word_1_807' title='bbox 3651 5223 3665 5237; x_wconf 74' lang='grc' dir='ltr'><strong>ο</strong></span> <span class='ocrx_word' id='word_1_808' title='bbox 3719 5207 3812 5259; x_wconf 69' lang='grc' dir='ltr'><strong>καὶ</strong></span> 
     </span>
    </p>
   </div>
   <div class='ocr_carea' id='block_1_112' title="bbox 2235 5282 3812 5370">
    <p class='ocr_par' dir='ltr' id='par_1_112' title="bbox 2235 5282 3812 5370">
     <span class='ocr_line' id='line_1_112' title="bbox 2235 5282 3812 5370; baseline -0.003 -16"><span class='ocrx_word' id='word_1_809' title='bbox 2235 5300 2408 5366; x_wconf 74' lang='grc' dir='ltr'>οὕτως</span> <span class='ocrx_word' id='word_1_810' title='bbox 2444 5299 2739 5370; x_wconf 83' lang='grc' dir='ltr'>ἐπληρώθη</span> <span class='ocrx_word' id='word_1_811' title='bbox 2789 5301 2848 5352; x_wconf 79' lang='grc' dir='ltr'>ἐν</span> <span class='ocrx_word' id='word_1_812' title='bbox 2909 5299 3059 5369; x_wconf 86' lang='grc' dir='ltr'>αὐτῷ</span> <span class='ocrx_word' id='word_1_813' title='bbox 3113 5300 3146 5367; x_wconf 85' lang='grc' dir='ltr'>ἠ</span> <span class='ocrx_word' id='word_1_814' title='bbox 3197 5282 3533 5368; x_wconf 82' lang='grc' dir='ltr'>δικαιοσύνη.</span> <span class='ocrx_word' id='word_1_815' title='bbox 3588 5298 3645 5351; x_wconf 90' lang='lat'><strong>&#39;0</strong></span> <span class='ocrx_word' id='word_1_816' title='bbox 3703 5298 3812 5365; x_wconf 84' lang='grc' dir='ltr'>γὰρ</span> 
     </span>
    </p>
   </div>
   <div class='ocr_carea' id='block_1_113' title="bbox 2238 5391 3812 5465">
    <p class='ocr_par' dir='ltr' id='par_1_113' title="bbox 2238 5391 3812 5465">
     <span class='ocr_line' id='line_1_113' title="bbox 2238 5391 3812 5465; baseline -0.004 -17"><span class='ocrx_word' id='word_1_817' title='bbox 2238 5395 2570 5465; x_wconf 83' lang='grc' dir='ltr'>ἁμαρτάνων</span> <span class='ocrx_word' id='word_1_818' title='bbox 2627 5394 2724 5447; x_wconf 78' lang='grc' dir='ltr'><strong>καὶ</strong></span> <span class='ocrx_word' id='word_1_819' title='bbox 2792 5392 2998 5446; x_wconf 76' lang='grc' dir='ltr'>πταίων</span> <span class='ocrx_word' id='word_1_820' title='bbox 3043 5393 3140 5446; x_wconf 69' lang='grc' dir='ltr'><strong>καὶ</strong></span> <span class='ocrx_word' id='word_1_821' title='bbox 3185 5391 3386 5445; x_wconf 83' lang='grc' dir='ltr'>ἀδικῶν</span> <span class='ocrx_word' id='word_1_822' title='bbox 3448 5391 3812 5462; x_wconf 74' lang='grc' dir='ltr'>τιμωρεῖσθαι</span> 
     </span>
    </p>
   </div>
   <div class='ocr_carea' id='block_1_114' title="bbox 2235 5480 3809 5555">
    <p class='ocr_par' dir='ltr' id='par_1_114' title="bbox 2235 5480 3809 5555">
     <span class='ocr_line' id='line_1_114' title="bbox 2235 5480 3809 5555; baseline -0.004 -16"><span class='ocrx_word' id='word_1_823' title='bbox 2235 5486 2462 5555; x_wconf 71' lang='grc' dir='ltr'>ὀφείλει.</span> <span class='ocrx_word' id='word_1_824' title='bbox 2519 5483 2874 5554; x_wconf 67' lang='grc' dir='ltr'>Ἐτιμωρῄθη</span> <span class='ocrx_word' id='word_1_825' title='bbox 2924 5482 3020 5536; x_wconf 75' lang='grc' dir='ltr'><strong>οῦν</strong></span> <span class='ocrx_word' id='word_1_826' title='bbox 3077 5482 3198 5535; x_wconf 83' lang='grc' dir='ltr'>ἀνθ’</span> <span class='ocrx_word' id='word_1_827' title='bbox 3233 5482 3392 5552; x_wconf 82' lang='grc' dir='ltr'>ἡμῶν</span> <span class='ocrx_word' id='word_1_828' title='bbox 3455 5484 3484 5535; x_wconf 85' lang='grc' dir='ltr'>ὁ</span> <span class='ocrx_word' id='word_1_829' title='bbox 3531 5481 3657 5544; x_wconf 72' lang='grc' dir='ltr'><strong>Υἱὸς</strong></span> <span class='ocrx_word' id='word_1_830' title='bbox 3713 5480 3809 5534; x_wconf 84' lang='grc' dir='ltr'><strong>τοῦ</strong></span> 
     </span>
    </p>
   </div>
   <div class='ocr_carea' id='block_1_115' title="bbox 2234 5572 3812 5645">
    <p class='ocr_par' dir='ltr' id='par_1_115' title="bbox 2234 5572 3812 5645">
     <span class='ocr_line' id='line_1_115' title="bbox 2234 5572 3812 5645; baseline -0.004 -13"><span class='ocrx_word' id='word_1_831' title='bbox 2234 5579 2372 5632; x_wconf 88' lang='grc' dir='ltr'>Θεοῦ</span> <span class='ocrx_word' id='word_1_832' title='bbox 2405 5578 2698 5645; x_wconf 84' lang='grc' dir='ltr'>γενόμενος</span> <span class='ocrx_word' id='word_1_833' title='bbox 2725 5575 3036 5644; x_wconf 83' lang='grc' dir='ltr'>ἄνθρωπος,</span> <span class='ocrx_word' id='word_1_834' title='bbox 3093 5572 3190 5629; x_wconf 71' lang='grc' dir='ltr'>καὶ</span> <span class='ocrx_word' id='word_1_835' title='bbox 3239 5575 3330 5629; x_wconf 74' lang='grc' dir='ltr'><strong>τὸν</strong></span> <span class='ocrx_word' id='word_1_836' title='bbox 3363 5575 3566 5644; x_wconf 82' lang='grc' dir='ltr'>τρόπον</span> <span class='ocrx_word' id='word_1_837' title='bbox 3620 5575 3812 5627; x_wconf 75' lang='grc' dir='ltr'>τοῦτον</span> 
     </span>
    </p>
   </div>
   <div class='ocr_carea' id='block_1_116' title="bbox 2241 5666 3813 5739">
    <p class='ocr_par' dir='ltr' id='par_1_116' title="bbox 2241 5666 3813 5739">
     <span class='ocr_line' id='line_1_116' title="bbox 2241 5666 3813 5739; baseline -0.003 -17"><span class='ocrx_word' id='word_1_838' title='bbox 2241 5668 2608 5739; x_wconf 59' lang='grc' dir='ltr'>ἠκολούθησεν</span> <span class='ocrx_word' id='word_1_839' title='bbox 2660 5669 2792 5737; x_wconf 74' lang='grc' dir='ltr'>ἡμῖν</span> <span class='ocrx_word' id='word_1_840' title='bbox 2843 5670 2875 5737; x_wconf 85' lang='grc' dir='ltr'>ή</span> <span class='ocrx_word' id='word_1_841' title='bbox 2937 5667 3222 5738; x_wconf 71' lang='grc' dir='ltr'>ἐλευθερία</span> <span class='ocrx_word' id='word_1_842' title='bbox 3271 5668 3412 5722; x_wconf 85' lang='grc' dir='ltr'><strong>κατά</strong></span> <span class='ocrx_word' id='word_1_843' title='bbox 3469 5668 3560 5722; x_wconf 80' lang='grc' dir='ltr'><strong>τὸν</strong></span> <span class='ocrx_word' id='word_1_844' title='bbox 3601 5666 3813 5720; x_wconf 84' lang='grc' dir='ltr'>δίκαιον</span> 
     </span>
    </p>
   </div>
   <div class='ocr_carea' id='block_1_117' title="bbox 625 5841 2128 5915">
    <p class='ocr_par' dir='ltr' id='par_1_117' title="bbox 625 5841 2128 5915">
     <span class='ocr_line' id='line_1_117' title="bbox 625 5841 2128 5915; baseline 0.003 -21"><span class='ocrx_word' id='word_1_845' title='bbox 625 5841 666 5870; x_wconf 67' lang='grc'><strong>³⁵</strong></span> <span class='ocrx_word' id='word_1_846' title='bbox 699 5841 884 5896; x_wconf 72' lang='lat' dir='ltr'><strong>Matth.</strong></span> <span class='ocrx_word' id='word_1_847' title='bbox 922 5858 1111 5909; x_wconf 64' lang='lat' dir='ltr'><strong>xxvnt,</strong></span> <span class='ocrx_word' id='word_1_848' title='bbox 1150 5843 1234 5897; x_wconf 72' lang='grc'><strong>52.</strong></span> <span class='ocrx_word' id='word_1_849' title='bbox 1319 5846 1360 5877; x_wconf 84' lang='grc'>⁷⁵</span> <span class='ocrx_word' id='word_1_850' title='bbox 1389 5847 1507 5903; x_wconf 84' lang='lat' dir='ltr'><strong>Act.</strong></span> <span class='ocrx_word' id='word_1_851' title='bbox 1541 5863 1592 5915; x_wconf 80' lang='grc' dir='ltr'>γ,</span> <span class='ocrx_word' id='word_1_852' title='bbox 1629 5845 1713 5914; x_wconf 77' lang='grc'>15,</span> <span class='ocrx_word' id='word_1_853' title='bbox 1793 5847 1837 5879; x_wconf 78' lang='grc'><strong>⁷⁵</strong></span> <span class='ocrx_word' id='word_1_854' title='bbox 1861 5845 2017 5902; x_wconf 88' lang='lat' dir='ltr'><strong>Joan.</strong></span> <span class='ocrx_word' id='word_1_855' title='bbox 2050 5861 2128 5899; x_wconf 69' lang='lat' dir='ltr'><strong>vn</strong></span> 
     </span>
    </p>
   </div>
   <div class='ocr_carea' id='block_1_118' title="bbox 2233 5841 2849 5915">
    <p class='ocr_par' dir='ltr' id='par_1_118' title="bbox 2235 5845 2849 5913">
     <span class='ocr_line' id='line_1_118' title="bbox 2235 5845 2849 5913; baseline -0.003 -13"><span class='ocrx_word' id='word_1_856' title='bbox 2235 5848 2288 5900; x_wconf 71' lang='grc'><strong>2.</strong></span> <span class='ocrx_word' id='word_1_857' title='bbox 2369 5847 2414 5878; x_wconf 83' lang='grc'><strong>⁷⁷</strong></span> <span class='ocrx_word' id='word_1_858' title='bbox 2440 5845 2600 5900; x_wconf 82' lang='lat' dir='ltr'><strong>.loan.</strong></span> <span class='ocrx_word' id='word_1_859' title='bbox 2635 5861 2724 5913; x_wconf 82' lang='lat' dir='ltr'><strong>xv,</strong></span> <span class='ocrx_word' id='word_1_860' title='bbox 2761 5846 2849 5900; x_wconf 78' lang='lat'><strong>‘20.</strong></span> 
     </span>
    </p>
   </div>
   <div class='ocr_carea' id='block_1_119' title="bbox 3840 5841 3846 5885">
    <p class='ocr_par' dir='ltr' id='par_1_119' title="bbox 3840 5841 3846 5885">
     <span class='ocr_line' id='line_1_119' title="bbox 3840 5841 3846 5885; baseline 0 0"><span class='ocrx_word' id='word_1_861' title='bbox 3840 5841 3846 5885; x_wconf 79' lang='grc' dir='ltr'><strong>ἰ</strong></span> 
     </span>
    </p>
   </div>
  </div>
