  <div class='ocr_page' id='page_1' title='image "/cluster/home/n/w/nwhite01/storage/ocr_20150623/152/coo.31924054870575/318.png"; bbox 0 0 4088 6418; ppageno 0'>
   <div class='ocr_carea' id='block_1_1' title="bbox 276 407 377 474">
    <p class='ocr_par' dir='ltr' id='par_1_1' title="bbox 276 407 377 474">
     <span class='ocr_line' id='line_1_1' title="bbox 276 407 377 474; baseline 0.02 -2"><span class='ocrx_word' id='word_1_1' title='bbox 276 407 377 474; x_wconf 71' lang='lat'><strong>631</strong></span> 
     </span>
    </p>
   </div>
   <div class='ocr_carea' id='block_1_2' title="bbox 1244 340 2585 464">
    <p class='ocr_par' dir='ltr' id='par_1_2' title="bbox 1244 340 2585 464">
     <span class='ocr_line' id='line_1_2' title="bbox 1244 340 2585 464; baseline -0.008 0"><span class='ocrx_word' id='word_1_2' title='bbox 1244 403 1344 464; x_wconf 89' lang='lat' dir='ltr'><strong>DE</strong></span> <span class='ocrx_word' id='word_1_3' title='bbox 1385 396 1815 464; x_wconf 77' lang='lat' dir='ltr'><strong>PRINCIPIIS</strong></span> <span class='ocrx_word' id='word_1_4' title='bbox 1855 395 2065 456; x_wconf 86' lang='lat' dir='ltr'><strong>FIDEl</strong></span> <span class='ocrx_word' id='word_1_5' title='bbox 2107 340 2585 455; x_wconf 40' lang='lat' dir='ltr'><strong>CATrHOLICE.</strong></span> 
     </span>
    </p>
   </div>
   <div class='ocr_carea' id='block_1_3' title="bbox 3446 378 3557 444">
    <p class='ocr_par' dir='ltr' id='par_1_3' title="bbox 3446 378 3557 444">
     <span class='ocr_line' id='line_1_3' title="bbox 3446 378 3557 444; baseline 0 0"><span class='ocrx_word' id='word_1_6' title='bbox 3446 378 3557 444; x_wconf 61' lang='lat'><strong>(322</strong></span> 
     </span>
    </p>
   </div>
   <div class='ocr_carea' id='block_1_4' title="bbox 272 495 1886 591">
    <p class='ocr_par' dir='ltr' id='par_1_4' title="bbox 272 498 1864 591">
     <span class='ocr_line' id='line_1_4' title="bbox 272 498 1864 591; baseline -0.01 -13"><span class='ocrx_word' id='word_1_7' title='bbox 272 525 457 590; x_wconf 59' lang='grc' dir='ltr'><strong>λόγον.</strong></span> <span class='ocrx_word' id='word_1_8' title='bbox 496 522 557 576; x_wconf 82' lang='lat' dir='ltr'><strong>El</strong></span> <span class='ocrx_word' id='word_1_9' title='bbox 594 521 703 591; x_wconf 78' lang='grc' dir='ltr'><strong>γὰρ</strong></span> <span class='ocrx_word' id='word_1_10' title='bbox 721 519 1074 591; x_wconf 52' lang='lat' dir='ltr'><strong>atumem,</strong></span> <span class='ocrx_word' id='word_1_11' title='bbox 1087 498 1560 589; x_wconf 63' lang='grc' dir='ltr'><strong>ἠλευθερούμεθα,</strong></span> <span class='ocrx_word' id='word_1_12' title='bbox 1584 513 1621 585; x_wconf 69' lang='grc' dir='ltr'>ἢ</span> <span class='ocrx_word' id='word_1_13' title='bbox 1650 509 1864 583; x_wconf 79' lang='grc' dir='ltr'>ὁρισμῷ</span> 
     </span>
    </p>
   </div>
   <div class='ocr_carea' id='block_1_5' title="bbox 1989 495 3644 591">
    <p class='ocr_par' dir='ltr' id='par_1_5' title="bbox 1989 495 3644 583">
     <span class='ocr_line' id='line_1_5' title="bbox 1989 495 3644 583; baseline -0.005 -23"><span class='ocrx_word' id='word_1_14' title='bbox 1989 508 2066 561; x_wconf 76' lang='lat' dir='ltr'><strong>)ei</strong></span> <span class='ocrx_word' id='word_1_15' title='bbox 2115 508 2337 563; x_wconf 88' lang='lat' dir='ltr'><strong>decreto</strong></span> <span class='ocrx_word' id='word_1_16' title='bbox 2376 516 2429 563; x_wconf 88' lang='lat' dir='ltr'><strong>et</strong></span> <span class='ocrx_word' id='word_1_17' title='bbox 2466 503 2733 576; x_wconf 77' lang='lat' dir='ltr'><strong>potentia,</strong></span> <span class='ocrx_word' id='word_1_18' title='bbox 2786 502 2901 558; x_wconf 85' lang='lat' dir='ltr'><strong>sive</strong></span> <span class='ocrx_word' id='word_1_19' title='bbox 2931 514 3030 571; x_wconf 85' lang='lat' dir='ltr'><strong>per</strong></span> <span class='ocrx_word' id='word_1_20' title='bbox 3079 495 3359 569; x_wconf 81' lang='lat' dir='ltr'><strong>angelum,</strong></span> <span class='ocrx_word' id='word_1_21' title='bbox 3412 497 3559 552; x_wconf 83' lang='lat' dir='ltr'><strong>haud</strong></span> <span class='ocrx_word' id='word_1_22' title='bbox 3637 572 3644 583; x_wconf 41' lang='grc' dir='ltr'><strong>Ι</strong></span> 
     </span>
    </p>
   </div>
   <div class='ocr_carea' id='block_1_6' title="bbox 232 606 1865 682">
    <p class='ocr_par' dir='ltr' id='par_1_6' title="bbox 232 606 1865 682">
     <span class='ocr_line' id='line_1_6' title="bbox 232 606 1865 682; baseline -0.008 -12"><span class='ocrx_word' id='word_1_23' title='bbox 232 612 241 621; x_wconf 83' lang='grc'><em>’</em></span> <span class='ocrx_word' id='word_1_24' title='bbox 276 615 372 671; x_wconf 85' lang='grc' dir='ltr'><strong>τοῦ</strong></span> <span class='ocrx_word' id='word_1_25' title='bbox 397 614 536 669; x_wconf 83' lang='grc' dir='ltr'><strong>Θεοῦ</strong></span> <span class='ocrx_word' id='word_1_26' title='bbox 563 616 660 667; x_wconf 76' lang='grc' dir='ltr'><strong>καὶ</strong></span> <span class='ocrx_word' id='word_1_27' title='bbox 685 613 932 682; x_wconf 82' lang='grc' dir='ltr'><strong>δυνάμει,</strong></span> <span class='ocrx_word' id='word_1_28' title='bbox 969 613 1003 682; x_wconf 82' lang='grc' dir='ltr'>ἥ</span> <span class='ocrx_word' id='word_1_29' title='bbox 1034 611 1104 665; x_wconf 90' lang='grc' dir='ltr'><strong>δι’</strong></span> <span class='ocrx_word' id='word_1_30' title='bbox 1152 610 1415 679; x_wconf 80' lang='grc' dir='ltr'><strong>ἀγγέλου,</strong></span> <span class='ocrx_word' id='word_1_31' title='bbox 1470 608 1573 661; x_wconf 84' lang='grc' dir='ltr'><strong>οὐκ</strong></span> <span class='ocrx_word' id='word_1_32' title='bbox 1607 606 1673 660; x_wconf 86' lang='grc' dir='ltr'><strong>ἂν</strong></span> <span class='ocrx_word' id='word_1_33' title='bbox 1727 608 1865 674; x_wconf 73' lang='grc' dir='ltr'><strong>ἡκο-</strong></span> 
     </span>
    </p>
   </div>
   <div class='ocr_carea' id='block_1_7' title="bbox 277 698 1867 778">
    <p class='ocr_par' dir='ltr' id='par_1_7' title="bbox 277 698 1867 778">
     <span class='ocr_line' id='line_1_7' title="bbox 277 698 1867 778; baseline -0.006 -17"><span class='ocrx_word' id='word_1_34' title='bbox 277 707 461 761; x_wconf 85' lang='grc' dir='ltr'><strong>λούθει</strong></span> <span class='ocrx_word' id='word_1_35' title='bbox 485 708 549 760; x_wconf 87' lang='grc' dir='ltr'><strong>τὸ</strong></span> <span class='ocrx_word' id='word_1_36' title='bbox 586 708 726 778; x_wconf 87' lang='grc' dir='ltr'><strong>μετά</strong></span> <span class='ocrx_word' id='word_1_37' title='bbox 751 706 1128 773; x_wconf 76' lang='grc' dir='ltr'><strong>δικαιοσύνης.</strong></span> <span class='ocrx_word' id='word_1_38' title='bbox 1163 703 1332 758; x_wconf 83' lang='grc' dir='ltr'><strong>Ἀλλά</strong></span> <span class='ocrx_word' id='word_1_39' title='bbox 1375 701 1540 772; x_wconf 77' lang='grc' dir='ltr'><strong>μὴνὸ</strong></span> <span class='ocrx_word' id='word_1_40' title='bbox 1598 698 1733 762; x_wconf 89' lang='grc' dir='ltr'><strong>Θεὸς</strong></span> <span class='ocrx_word' id='word_1_41' title='bbox 1786 698 1867 752; x_wconf 82' lang='grc' dir='ltr'><strong>δί-</strong></span> 
     </span>
    </p>
   </div>
   <div class='ocr_carea' id='block_1_8' title="bbox 279 789 1871 865">
    <p class='ocr_par' dir='ltr' id='par_1_8' title="bbox 279 789 1871 865">
     <span class='ocr_line' id='line_1_8' title="bbox 279 789 1871 865; baseline -0.015 -1"><span class='ocrx_word' id='word_1_42' title='bbox 279 798 439 862; x_wconf 80' lang='grc' dir='ltr'><strong>καιός</strong></span> <span class='ocrx_word' id='word_1_43' title='bbox 463 798 642 853; x_wconf 73' lang='grc' dir='ltr'><strong>ἐστιν.</strong></span> <span class='ocrx_word' id='word_1_44' title='bbox 683 798 772 860; x_wconf 78' lang='grc' dir='ltr'><strong>Ὠς</strong></span> <span class='ocrx_word' id='word_1_45' title='bbox 797 792 894 852; x_wconf 85' lang='grc' dir='ltr'><strong>οῦν</strong></span> <span class='ocrx_word' id='word_1_46' title='bbox 924 800 952 851; x_wconf 87' lang='grc' dir='ltr'><strong>ὁ</strong></span> <span class='ocrx_word' id='word_1_47' title='bbox 984 796 1145 865; x_wconf 82' lang='grc' dir='ltr'><strong>λόγος</strong></span> <span class='ocrx_word' id='word_1_48' title='bbox 1199 795 1299 864; x_wconf 83' lang='grc' dir='ltr'><strong>τῆς</strong></span> <span class='ocrx_word' id='word_1_49' title='bbox 1349 790 1703 861; x_wconf 80' lang='grc' dir='ltr'><strong>δικαιοσύνης</strong></span> <span class='ocrx_word' id='word_1_50' title='bbox 1730 789 1871 860; x_wconf 74' lang='grc' dir='ltr'><strong>ἀπῄο</strong></span> 
     </span>
    </p>
   </div>
   <div class='ocr_carea' id='block_1_9' title="bbox 278 883 1870 959">
    <p class='ocr_par' dir='ltr' id='par_1_9' title="bbox 278 883 1870 959">
     <span class='ocr_line' id='line_1_9' title="bbox 278 883 1870 959; baseline -0.005 -16"><span class='ocrx_word' id='word_1_51' title='bbox 278 906 384 949; x_wconf 82' lang='grc' dir='ltr'><strong>τει.</strong></span> <span class='ocrx_word' id='word_1_52' title='bbox 419 889 597 953; x_wconf 77' lang='grc' dir='ltr'><strong>οὕτως</strong></span> <span class='ocrx_word' id='word_1_53' title='bbox 629 891 870 959; x_wconf 71' lang='grc' dir='ltr'><strong>ἐγένετο.</strong></span> <span class='ocrx_word' id='word_1_54' title='bbox 907 889 1096 959; x_wconf 81' lang='grc' dir='ltr'><strong>Ὶκανὴ</strong></span> <span class='ocrx_word' id='word_1_55' title='bbox 1135 889 1194 949; x_wconf 77' lang='grc' dir='ltr'><strong>δὲ</strong></span> <span class='ocrx_word' id='word_1_56' title='bbox 1232 888 1409 958; x_wconf 75' lang='grc' dir='ltr'><strong>ὲφάνη</strong></span> <span class='ocrx_word' id='word_1_57' title='bbox 1428 886 1526 941; x_wconf 68' lang='grc' dir='ltr'><strong>καὶ</strong></span> <span class='ocrx_word' id='word_1_58' title='bbox 1555 887 1589 955; x_wconf 73' lang='grc' dir='ltr'><strong>ἡ</strong></span> <span class='ocrx_word' id='word_1_59' title='bbox 1622 883 1870 946; x_wconf 76' lang='grc' dir='ltr'><strong>διάλυσις</strong></span> 
     </span>
    </p>
   </div>
   <div class='ocr_carea' id='block_1_10' title="bbox 278 976 1868 1051">
    <p class='ocr_par' dir='ltr' id='par_1_10' title="bbox 278 976 1868 1051">
     <span class='ocr_line' id='line_1_10' title="bbox 278 976 1868 1051; baseline -0.002 -20"><span class='ocrx_word' id='word_1_60' title='bbox 278 979 375 1032; x_wconf 87' lang='grc' dir='ltr'><strong>τοῦ</strong></span> <span class='ocrx_word' id='word_1_61' title='bbox 399 978 749 1048; x_wconf 78' lang='grc' dir='ltr'><strong>πταίσματος</strong></span> <span class='ocrx_word' id='word_1_62' title='bbox 806 979 904 1033; x_wconf 88' lang='grc' dir='ltr'><strong>τοῦ</strong></span> <span class='ocrx_word' id='word_1_63' title='bbox 945 978 1298 1051; x_wconf 70' lang='grc' dir='ltr'><strong>ἀνθρωπίνου</strong></span> <span class='ocrx_word' id='word_1_64' title='bbox 1367 977 1522 1048; x_wconf 84' lang='grc' dir='ltr'><strong>παρὰ</strong></span> <span class='ocrx_word' id='word_1_65' title='bbox 1570 978 1675 1031; x_wconf 80' lang='grc' dir='ltr'><strong>τοῦ</strong></span> <span class='ocrx_word' id='word_1_66' title='bbox 1735 976 1868 1030; x_wconf 87' lang='grc' dir='ltr'>Υίοῦ</span> 
     </span>
    </p>
   </div>
   <div class='ocr_carea' id='block_1_11' title="bbox 279 1068 1868 1142">
    <p class='ocr_par' dir='ltr' id='par_1_11' title="bbox 279 1068 1868 1142">
     <span class='ocr_line' id='line_1_11' title="bbox 279 1068 1868 1142; baseline 0 -20"><span class='ocrx_word' id='word_1_67' title='bbox 279 1069 376 1123; x_wconf 89' lang='grc' dir='ltr'><strong>τοῦ</strong></span> <span class='ocrx_word' id='word_1_68' title='bbox 402 1068 543 1124; x_wconf 86' lang='grc' dir='ltr'><strong>Θεοῦ</strong></span> <span class='ocrx_word' id='word_1_69' title='bbox 578 1071 875 1141; x_wconf 79' lang='grc' dir='ltr'><strong>γενομένη,</strong></span> <span class='ocrx_word' id='word_1_70' title='bbox 899 1070 960 1135; x_wconf 81' lang='grc' dir='ltr'><strong>ὃς</strong></span> <span class='ocrx_word' id='word_1_71' title='bbox 986 1071 1443 1142; x_wconf 74' lang='grc' dir='ltr'><strong>προσλσ66μενος</strong></span> <span class='ocrx_word' id='word_1_72' title='bbox 1489 1071 1696 1139; x_wconf 85' lang='grc' dir='ltr'><strong>σάρκα,</strong></span> <span class='ocrx_word' id='word_1_73' title='bbox 1728 1070 1868 1123; x_wconf 82' lang='grc' dir='ltr'><strong>πάν-</strong></span> 
     </span>
    </p>
   </div>
   <div class='ocr_carea' id='block_1_12' title="bbox 281 1160 1871 1236">
    <p class='ocr_par' dir='ltr' id='par_1_12' title="bbox 281 1160 1871 1236">
     <span class='ocr_line' id='line_1_12' title="bbox 281 1160 1871 1236; baseline 0.001 -22"><span class='ocrx_word' id='word_1_74' title='bbox 281 1178 393 1225; x_wconf 85' lang='grc' dir='ltr'><strong>τως</strong></span> <span class='ocrx_word' id='word_1_75' title='bbox 416 1163 646 1232; x_wconf 81' lang='grc' dir='ltr'><strong>ἄπειρον</strong></span> <span class='ocrx_word' id='word_1_76' title='bbox 679 1163 780 1232; x_wconf 84' lang='grc' dir='ltr'><strong>τὴν</strong></span> <span class='ocrx_word' id='word_1_77' title='bbox 812 1163 972 1230; x_wconf 82' lang='grc' dir='ltr'>ἀξίαν</span> <span class='ocrx_word' id='word_1_78' title='bbox 1000 1160 1137 1236; x_wconf 74' lang='grc' dir='ltr'><strong>εἶχε,</strong></span> <span class='ocrx_word' id='word_1_79' title='bbox 1182 1165 1282 1217; x_wconf 73' lang='grc' dir='ltr'><strong>καὶ</strong></span> <span class='ocrx_word' id='word_1_80' title='bbox 1322 1162 1398 1226; x_wconf 83' lang='grc' dir='ltr'><strong>ὡς</strong></span> <span class='ocrx_word' id='word_1_81' title='bbox 1449 1163 1584 1225; x_wconf 82' lang='grc' dir='ltr'>Θεὸς</span> <span class='ocrx_word' id='word_1_82' title='bbox 1649 1164 1746 1215; x_wconf 59' lang='grc' dir='ltr'><strong>καλ⁸</strong></span> <span class='ocrx_word' id='word_1_83' title='bbox 1794 1161 1871 1224; x_wconf 84' lang='grc' dir='ltr'><strong>ὼς</strong></span> 
     </span>
    </p>
   </div>
   <div class='ocr_carea' id='block_1_13' title="bbox 283 1252 1870 1326">
    <p class='ocr_par' dir='ltr' id='par_1_13' title="bbox 283 1252 1870 1326">
     <span class='ocr_line' id='line_1_13' title="bbox 283 1252 1870 1326; baseline -0.001 -19"><span class='ocrx_word' id='word_1_84' title='bbox 283 1252 573 1323; x_wconf 74' lang='grc' dir='ltr'><strong>ἄνθρωπος</strong></span> <span class='ocrx_word' id='word_1_85' title='bbox 601 1255 1014 1326; x_wconf 83' lang='grc' dir='ltr'><strong>ἀναμάρτητος.</strong></span> <span class='ocrx_word' id='word_1_86' title='bbox 1070 1255 1238 1309; x_wconf 86' lang='grc' dir='ltr'><strong>Ὅσον</strong></span> <span class='ocrx_word' id='word_1_87' title='bbox 1275 1254 1371 1309; x_wconf 86' lang='grc' dir='ltr'><strong>οῦν</strong></span> <span class='ocrx_word' id='word_1_88' title='bbox 1408 1257 1442 1325; x_wconf 82' lang='grc' dir='ltr'><strong>ἡ</strong></span> <span class='ocrx_word' id='word_1_89' title='bbox 1493 1252 1632 1319; x_wconf 83' lang='grc' dir='ltr'><strong>ἀξία</strong></span> <span class='ocrx_word' id='word_1_90' title='bbox 1674 1253 1870 1308; x_wconf 69' lang='grc' dir='ltr'><strong>τούτου</strong></span> 
     </span>
    </p>
   </div>
   <div class='ocr_carea' id='block_1_14' title="bbox 285 1341 1874 1432">
    <p class='ocr_par' dir='ltr' id='par_1_14' title="bbox 285 1341 1874 1432">
     <span class='ocr_line' id='line_1_14' title="bbox 285 1341 1874 1432; baseline 0.003 -37"><span class='ocrx_word' id='word_1_91' title='bbox 285 1341 571 1414; x_wconf 76' lang='grc' dir='ltr'><strong>ὑπερεῖχε,</strong></span> <span class='ocrx_word' id='word_1_92' title='bbox 600 1344 859 1400; x_wconf 86' lang='grc' dir='ltr'><strong>τοσοῦτον</strong></span> <span class='ocrx_word' id='word_1_93' title='bbox 903 1345 1150 1417; x_wconf 77' lang='grc' dir='ltr'><strong>ἠδυνήθη</strong></span> <span class='ocrx_word' id='word_1_94' title='bbox 1207 1345 1411 1417; x_wconf 75' lang='grc' dir='ltr'><strong>ῥᾳδίως</strong></span> <span class='ocrx_word' id='word_1_95' title='bbox 1462 1349 1563 1401; x_wconf 77' lang='grc' dir='ltr'><strong>καὶ</strong></span> <span class='ocrx_word' id='word_1_96' title='bbox 1615 1346 1716 1416; x_wconf 78' lang='grc' dir='ltr'><strong>τὴν</strong></span> <span class='ocrx_word' id='word_1_97' title='bbox 1762 1347 1874 1432; x_wconf 70' lang='grc' dir='ltr'><strong>τῶν</strong></span> 
     </span>
    </p>
   </div>
   <div class='ocr_carea' id='block_1_15' title="bbox 186 1433 1875 1509">
    <p class='ocr_par' dir='ltr' id='par_1_15' title="bbox 186 1433 1875 1509">
     <span class='ocr_line' id='line_1_15' title="bbox 186 1433 1875 1509; baseline 0.001 -19"><span class='ocrx_word' id='word_1_98' title='bbox 186 1440 191 1443; x_wconf 38' lang='grc' dir='ltr'><strong>λ</strong></span> <span class='ocrx_word' id='word_1_99' title='bbox 284 1433 593 1505; x_wconf 83' lang='grc' dir='ltr'><strong>ἀνθρώπων</strong></span> <span class='ocrx_word' id='word_1_100' title='bbox 639 1438 780 1509; x_wconf 89' lang='grc' dir='ltr'><strong>πρὸς</strong></span> <span class='ocrx_word' id='word_1_101' title='bbox 807 1438 901 1492; x_wconf 84' lang='grc' dir='ltr'><strong>τὸν</strong></span> <span class='ocrx_word' id='word_1_102' title='bbox 929 1438 1065 1492; x_wconf 89' lang='grc' dir='ltr'><strong>Θεὸν</strong></span> <span class='ocrx_word' id='word_1_103' title='bbox 1092 1438 1300 1508; x_wconf 71' lang='grc' dir='ltr'><strong>ἔχθραν</strong></span> <span class='ocrx_word' id='word_1_104' title='bbox 1342 1437 1725 1494; x_wconf 79' lang='grc' dir='ltr'><strong>διαλύσασθαι.</strong></span> <span class='ocrx_word' id='word_1_105' title='bbox 1763 1433 1875 1492; x_wconf 70' lang='grc' dir='ltr'><strong>Καὶ</strong></span> 
     </span>
    </p>
   </div>
   <div class='ocr_carea' id='block_1_16' title="bbox 287 1524 1877 1602">
    <p class='ocr_par' dir='ltr' id='par_1_16' title="bbox 287 1524 1877 1602">
     <span class='ocr_line' id='line_1_16' title="bbox 287 1524 1877 1602; baseline 0.001 -22"><span class='ocrx_word' id='word_1_106' title='bbox 287 1528 399 1597; x_wconf 81' lang='grc' dir='ltr'><strong>γὰρ</strong></span> <span class='ocrx_word' id='word_1_107' title='bbox 429 1529 596 1598; x_wconf 80' lang='grc' dir='ltr'>ἴσμεν</span> <span class='ocrx_word' id='word_1_108' title='bbox 638 1530 727 1585; x_wconf 83' lang='grc' dir='ltr'><strong>ὅτι</strong></span> <span class='ocrx_word' id='word_1_109' title='bbox 774 1532 803 1584; x_wconf 86' lang='grc' dir='ltr'><strong>ό</strong></span> <span class='ocrx_word' id='word_1_110' title='bbox 839 1531 1071 1601; x_wconf 80' lang='grc' dir='ltr'><strong>μείζονα</strong></span> <span class='ocrx_word' id='word_1_111' title='bbox 1089 1531 1232 1602; x_wconf 74' lang='grc' dir='ltr'><strong>ἔχων</strong></span> <span class='ocrx_word' id='word_1_112' title='bbox 1289 1530 1476 1598; x_wconf 80' lang='grc' dir='ltr'><strong>ἀξίαν,</strong></span> <span class='ocrx_word' id='word_1_113' title='bbox 1515 1524 1686 1600; x_wconf 72' lang='grc' dir='ltr'><strong>οἷονῆ</strong></span> <span class='ocrx_word' id='word_1_114' title='bbox 1722 1529 1877 1601; x_wconf 80' lang='grc' dir='ltr'><strong>βασι-</strong></span> 
     </span>
    </p>
   </div>
   <div class='ocr_carea' id='block_1_17' title="bbox 286 1610 1877 1693">
    <p class='ocr_par' dir='ltr' id='par_1_17' title="bbox 286 1610 1877 1693">
     <span class='ocr_line' id='line_1_17' title="bbox 286 1610 1877 1693; baseline 0.001 -23"><span class='ocrx_word' id='word_1_115' title='bbox 286 1617 465 1688; x_wconf 70' lang='grc' dir='ltr'><strong>λεὺςῆ</strong></span> <span class='ocrx_word' id='word_1_116' title='bbox 489 1618 650 1683; x_wconf 77' lang='grc' dir='ltr'><strong>ἄλλος</strong></span> <span class='ocrx_word' id='word_1_117' title='bbox 706 1637 792 1683; x_wconf 85' lang='grc' dir='ltr'><strong>τις</strong></span> <span class='ocrx_word' id='word_1_118' title='bbox 850 1621 1164 1692; x_wconf 79' lang='grc' dir='ltr'><strong>ὑπερέχων,</strong></span> <span class='ocrx_word' id='word_1_119' title='bbox 1200 1610 1542 1693; x_wconf 71' lang='grc' dir='ltr'><strong>παρακαλῶν</strong></span> <span class='ocrx_word' id='word_1_120' title='bbox 1564 1680 1569 1687; x_wconf 50' lang='grc'><strong>,</strong></span> <span class='ocrx_word' id='word_1_121' title='bbox 1592 1619 1734 1691; x_wconf 79' lang='grc' dir='ltr'><strong>ὑπὲρ</strong></span> <span class='ocrx_word' id='word_1_122' title='bbox 1761 1620 1877 1674; x_wconf 80' lang='grc' dir='ltr'><strong>δια-</strong></span> 
     </span>
    </p>
   </div>
   <div class='ocr_carea' id='block_1_18' title="bbox 1970 588 3560 666">
    <p class='ocr_par' dir='ltr' id='par_1_18' title="bbox 1970 588 3560 666">
     <span class='ocr_line' id='line_1_18' title="bbox 1970 588 3560 666; baseline -0.007 -14"><span class='ocrx_word' id='word_1_123' title='bbox 1970 597 2059 652; x_wconf 89' lang='lat' dir='ltr'><strong>illa</strong></span> <span class='ocrx_word' id='word_1_124' title='bbox 2102 599 2280 663; x_wconf 91' lang='lat' dir='ltr'><strong>nobis,</strong></span> <span class='ocrx_word' id='word_1_125' title='bbox 2333 597 2546 666; x_wconf 86' lang='lat' dir='ltr'><strong>justitia</strong></span> <span class='ocrx_word' id='word_1_126' title='bbox 2599 594 2821 655; x_wconf 80' lang='lat' dir='ltr'><strong>comite,</strong></span> <span class='ocrx_word' id='word_1_127' title='bbox 2875 601 3027 663; x_wconf 68' lang='lat' dir='ltr'><strong>parta</strong></span> <span class='ocrx_word' id='word_1_128' title='bbox 3083 601 3250 646; x_wconf 89' lang='lat' dir='ltr'><strong>esset.</strong></span> <span class='ocrx_word' id='word_1_129' title='bbox 3286 588 3360 643; x_wconf 86' lang='lat' dir='ltr'><strong>At</strong></span> <span class='ocrx_word' id='word_1_130' title='bbox 3411 588 3560 641; x_wconf 80' lang='lat' dir='ltr'><strong>enim</strong></span> 
     </span>
    </p>
   </div>
   <div class='ocr_carea' id='block_1_19' title="bbox 1971 678 3564 759">
    <p class='ocr_par' dir='ltr' id='par_1_19' title="bbox 1971 678 3564 759">
     <span class='ocr_line' id='line_1_19' title="bbox 1971 678 3564 759; baseline -0.007 -17"><span class='ocrx_word' id='word_1_131' title='bbox 1971 688 2117 745; x_wconf 85' lang='lat' dir='ltr'><strong>Deus</strong></span> <span class='ocrx_word' id='word_1_132' title='bbox 2153 689 2340 759; x_wconf 88' lang='lat' dir='ltr'><strong>justus</strong></span> <span class='ocrx_word' id='word_1_133' title='bbox 2378 698 2483 744; x_wconf 86' lang='lat' dir='ltr'><strong>est.</strong></span> <span class='ocrx_word' id='word_1_134' title='bbox 2517 687 3001 754; x_wconf 61' lang='lat' dir='ltr'><strong>Quamndmoaum&#39;</strong></span> <span class='ocrx_word' id='word_1_135' title='bbox 3027 682 3197 753; x_wconf 77' lang='lat' dir='ltr'><strong>igitur</strong></span> <span class='ocrx_word' id='word_1_136' title='bbox 3226 678 3564 751; x_wconf 82' lang='lat' dir='ltr'><strong>exposcebat</strong></span> 
     </span>
    </p>
   </div>
   <div class='ocr_carea' id='block_1_20' title="bbox 1965 772 3562 853">
    <p class='ocr_par' dir='ltr' id='par_1_20' title="bbox 1965 772 3562 853">
     <span class='ocr_line' id='line_1_20' title="bbox 1965 772 3562 853; baseline -0.008 -17"><span class='ocrx_word' id='word_1_137' title='bbox 1965 781 2194 853; x_wconf 72' lang='lat' dir='ltr'><strong>iustitiae</strong></span> <span class='ocrx_word' id='word_1_138' title='bbox 2235 782 2397 847; x_wconf 82' lang='lat' dir='ltr'><strong>ratio,</strong></span> <span class='ocrx_word' id='word_1_139' title='bbox 2432 781 2510 835; x_wconf 86' lang='lat' dir='ltr'><strong>ita</strong></span> <span class='ocrx_word' id='word_1_140' title='bbox 2556 781 2763 835; x_wconf 77' lang='lat' dir='ltr'><strong>factum</strong></span> <span class='ocrx_word' id='word_1_141' title='bbox 2806 785 2910 834; x_wconf 86' lang='lat' dir='ltr'><strong>est.</strong></span> <span class='ocrx_word' id='word_1_142' title='bbox 2946 774 3239 831; x_wconf 85' lang='lat' dir='ltr'><strong>Suiliciens</strong></span> <span class='ocrx_word' id='word_1_143' title='bbox 3289 786 3421 826; x_wconf 89' lang='lat' dir='ltr'><strong>vero</strong></span> <span class='ocrx_word' id='word_1_144' title='bbox 3462 772 3562 824; x_wconf 92' lang='lat' dir='ltr'><strong>hu-</strong></span> 
     </span>
    </p>
   </div>
   <div class='ocr_carea' id='block_1_21' title="bbox 1972 865 3562 945">
    <p class='ocr_par' dir='ltr' id='par_1_21' title="bbox 1972 865 3562 945">
     <span class='ocr_line' id='line_1_21' title="bbox 1972 865 3562 945; baseline -0.009 -15"><span class='ocrx_word' id='word_1_145' title='bbox 1972 874 2119 930; x_wconf 87' lang='lat' dir='ltr'><strong>mani</strong></span> <span class='ocrx_word' id='word_1_146' title='bbox 2153 876 2371 945; x_wconf 84' lang='lat' dir='ltr'><strong>generis</strong></span> <span class='ocrx_word' id='word_1_147' title='bbox 2401 866 2627 929; x_wconf 74' lang='lat' dir='ltr'><strong>oll‘ensae</strong></span> <span class='ocrx_word' id='word_1_148' title='bbox 2658 871 2861 928; x_wconf 90' lang='lat' dir='ltr'><strong>solutio</strong></span> <span class='ocrx_word' id='word_1_149' title='bbox 2894 886 2920 924; x_wconf 85' lang='lat' dir='ltr'><strong>a</strong></span> <span class='ocrx_word' id='word_1_150' title='bbox 2957 869 3050 924; x_wconf 84' lang='lat' dir='ltr'><strong>Dei</strong></span> <span class='ocrx_word' id='word_1_151' title='bbox 3089 867 3231 923; x_wconf 80' lang='lat' dir='ltr'><strong>Filio</strong></span> <span class='ocrx_word' id='word_1_152' title='bbox 3271 865 3417 921; x_wconf 84' lang='lat' dir='ltr'><strong>facta</strong></span> <span class='ocrx_word' id='word_1_153' title='bbox 3445 865 3562 920; x_wconf 82' lang='lat' dir='ltr'><strong>visa</strong></span> 
     </span>
    </p>
   </div>
   <div class='ocr_carea' id='block_1_22' title="bbox 1970 956 3564 1039">
    <p class='ocr_par' dir='ltr' id='par_1_22' title="bbox 1970 956 3564 1039">
     <span class='ocr_line' id='line_1_22' title="bbox 1970 956 3564 1039; baseline -0.008 -14"><span class='ocrx_word' id='word_1_154' title='bbox 1970 980 2077 1035; x_wconf 86' lang='lat' dir='ltr'><strong>est,</strong></span> <span class='ocrx_word' id='word_1_155' title='bbox 2101 970 2195 1039; x_wconf 89' lang='lat' dir='ltr'><strong>qui</strong></span> <span class='ocrx_word' id='word_1_156' title='bbox 2224 969 2486 1024; x_wconf 84' lang='lat' dir='ltr'><strong>nimirum</strong></span> <span class='ocrx_word' id='word_1_157' title='bbox 2525 974 2809 1035; x_wconf 86' lang='lat' dir='ltr'><strong>assumpta</strong></span> <span class='ocrx_word' id='word_1_158' title='bbox 2849 980 3037 1027; x_wconf 87' lang='lat' dir='ltr'><strong>carne,</strong></span> <span class='ocrx_word' id='word_1_159' title='bbox 3066 956 3295 1018; x_wconf 80' lang='lat' dir='ltr'><strong>omnino</strong></span> <span class='ocrx_word' id='word_1_160' title='bbox 3334 959 3564 1015; x_wconf 72' lang='lat' dir='ltr'><strong>inﬁnita:</strong></span> 
     </span>
    </p>
   </div>
   <div class='ocr_carea' id='block_1_23' title="bbox 1972 1050 3561 1128">
    <p class='ocr_par' dir='ltr' id='par_1_23' title="bbox 1972 1050 3561 1128">
     <span class='ocr_line' id='line_1_23' title="bbox 1972 1050 3561 1128; baseline -0.007 -14"><span class='ocrx_word' id='word_1_161' title='bbox 1972 1058 2281 1128; x_wconf 80' lang='lat' dir='ltr'><strong>dignitatis,</strong></span> <span class='ocrx_word' id='word_1_162' title='bbox 2328 1056 2600 1124; x_wconf 77' lang='lat' dir='ltr'><strong>nullique,</strong></span> <span class='ocrx_word' id='word_1_163' title='bbox 2646 1065 2760 1110; x_wconf 89' lang='lat' dir='ltr'><strong>tum</strong></span> <span class='ocrx_word' id='word_1_164' title='bbox 2808 1065 2868 1110; x_wconf 87' lang='lat' dir='ltr'><strong>ut</strong></span> <span class='ocrx_word' id='word_1_165' title='bbox 2916 1054 3083 1120; x_wconf 87' lang='lat' dir='ltr'><strong>Deus,</strong></span> <span class='ocrx_word' id='word_1_166' title='bbox 3131 1060 3245 1107; x_wconf 89' lang='lat' dir='ltr'><strong>tum</strong></span> <span class='ocrx_word' id='word_1_167' title='bbox 3288 1059 3351 1106; x_wconf 88' lang='lat' dir='ltr'><strong>ut</strong></span> <span class='ocrx_word' id='word_1_168' title='bbox 3394 1050 3561 1105; x_wconf 90' lang='lat' dir='ltr'><strong>homo</strong></span> 
     </span>
    </p>
   </div>
   <div class='ocr_carea' id='block_1_24' title="bbox 1973 1142 3560 1220">
    <p class='ocr_par' dir='ltr' id='par_1_24' title="bbox 1973 1142 3560 1220">
     <span class='ocr_line' id='line_1_24' title="bbox 1973 1142 3560 1220; baseline -0.008 -12"><span class='ocrx_word' id='word_1_169' title='bbox 1973 1150 2254 1208; x_wconf 80' lang='lat' dir='ltr'><strong>obnoxius</strong></span> <span class='ocrx_word' id='word_1_170' title='bbox 2305 1160 2533 1220; x_wconf 89' lang='lat' dir='ltr'><strong>peccato</strong></span> <span class='ocrx_word' id='word_1_171' title='bbox 2584 1158 2751 1205; x_wconf 80' lang='lat' dir='ltr'><strong>esset.</strong></span> <span class='ocrx_word' id='word_1_172' title='bbox 2785 1147 3063 1216; x_wconf 84' lang='lat' dir='ltr'><strong>Quantum</strong></span> <span class='ocrx_word' id='word_1_173' title='bbox 3102 1145 3268 1217; x_wconf 83' lang='lat' dir='ltr'><strong>igitur</strong></span> <span class='ocrx_word' id='word_1_174' title='bbox 3306 1144 3428 1213; x_wconf 85' lang='lat' dir='ltr'><strong>ejus</strong></span> <span class='ocrx_word' id='word_1_175' title='bbox 3473 1142 3560 1197; x_wconf 89' lang='lat' dir='ltr'><strong>di-</strong></span> 
     </span>
    </p>
   </div>
   <div class='ocr_carea' id='block_1_25' title="bbox 1974 1236 3559 1313">
    <p class='ocr_par' dir='ltr' id='par_1_25' title="bbox 1974 1236 3559 1313">
     <span class='ocr_line' id='line_1_25' title="bbox 1974 1236 3559 1313; baseline -0.005 -18"><span class='ocrx_word' id='word_1_176' title='bbox 1974 1241 2156 1313; x_wconf 88' lang='lat' dir='ltr'><strong>gnitas</strong></span> <span class='ocrx_word' id='word_1_177' title='bbox 2186 1242 2504 1313; x_wconf 67' lang='lat' dir='ltr'><strong>praestabat,</strong></span> <span class='ocrx_word' id='word_1_178' title='bbox 2551 1248 2702 1295; x_wconf 87' lang='lat' dir='ltr'><strong>tanto</strong></span> <span class='ocrx_word' id='word_1_179' title='bbox 2746 1250 2801 1294; x_wconf 91' lang='lat' dir='ltr'><strong>et</strong></span> <span class='ocrx_word' id='word_1_180' title='bbox 2848 1238 3064 1293; x_wconf 79' lang='lat' dir='ltr'><strong>facilius</strong></span> <span class='ocrx_word' id='word_1_181' title='bbox 3111 1236 3398 1299; x_wconf 85' lang='lat' dir='ltr'><strong>hominum</strong></span> <span class='ocrx_word' id='word_1_182' title='bbox 3431 1249 3559 1290; x_wconf 90' lang='lat' dir='ltr'><strong>cum</strong></span> 
     </span>
    </p>
   </div>
   <div class='ocr_carea' id='block_1_26' title="bbox 1975 1326 3560 1405">
    <p class='ocr_par' dir='ltr' id='par_1_26' title="bbox 1975 1326 3560 1405">
     <span class='ocr_line' id='line_1_26' title="bbox 1975 1326 3560 1405; baseline -0.008 -14"><span class='ocrx_word' id='word_1_183' title='bbox 1975 1336 2087 1391; x_wconf 89' lang='lat' dir='ltr'><strong>Deo</strong></span> <span class='ocrx_word' id='word_1_184' title='bbox 2118 1333 2466 1388; x_wconf 83' lang='lat' dir='ltr'><strong>inimicitiam</strong></span> <span class='ocrx_word' id='word_1_185' title='bbox 2513 1331 2815 1387; x_wconf 84' lang='lat' dir='ltr'><strong>dissolvere</strong></span> <span class='ocrx_word' id='word_1_186' title='bbox 2849 1330 3047 1399; x_wconf 88' lang='lat' dir='ltr'><strong>potuit.</strong></span> <span class='ocrx_word' id='word_1_187' title='bbox 3080 1327 3193 1384; x_wconf 87' lang='lat' dir='ltr'><strong>Nec</strong></span> <span class='ocrx_word' id='word_1_188' title='bbox 3233 1328 3381 1405; x_wconf 66' lang='lat' dir='ltr'><strong>enim</strong></span> <span class='ocrx_word' id='word_1_189' title='bbox 3407 1326 3560 1392; x_wconf 85' lang='lat' dir='ltr'><strong>latet,</strong></span> 
     </span>
    </p>
   </div>
   <div class='ocr_carea' id='block_1_27' title="bbox 1974 1417 3597 1495">
    <p class='ocr_par' dir='ltr' id='par_1_27' title="bbox 1974 1417 3597 1495">
     <span class='ocr_line' id='line_1_27' title="bbox 1974 1417 3597 1495; baseline -0.005 -17"><span class='ocrx_word' id='word_1_190' title='bbox 1974 1427 2065 1495; x_wconf 81' lang='lat' dir='ltr'><strong>qui</strong></span> <span class='ocrx_word' id='word_1_191' title='bbox 2116 1425 2309 1494; x_wconf 81' lang='lat' dir='ltr'><strong>majori</strong></span> <span class='ocrx_word' id='word_1_192' title='bbox 2362 1425 2528 1495; x_wconf 87' lang='lat' dir='ltr'><strong>pollet</strong></span> <span class='ocrx_word' id='word_1_193' title='bbox 2578 1423 2867 1493; x_wconf 72' lang='lat' dir='ltr'><strong>dignitate,</strong></span> <span class='ocrx_word' id='word_1_194' title='bbox 2921 1432 3050 1490; x_wconf 87' lang='lat' dir='ltr'><strong>puta</strong></span> <span class='ocrx_word' id='word_1_195' title='bbox 3103 1435 3221 1485; x_wconf 79' lang='lat' dir='ltr'><strong>rex,</strong></span> <span class='ocrx_word' id='word_1_196' title='bbox 3272 1418 3386 1473; x_wconf 83' lang='lat' dir='ltr'><strong>sive</strong></span> <span class='ocrx_word' id='word_1_197' title='bbox 3420 1417 3597 1493; x_wconf 16' lang='lat' dir='ltr'><strong>alius.</strong></span> 
     </span>
    </p>
   </div>
   <div class='ocr_carea' id='block_1_28' title="bbox 1977 1511 3568 1589">
    <p class='ocr_par' dir='ltr' id='par_1_28' title="bbox 1977 1511 3568 1589">
     <span class='ocr_line' id='line_1_28' title="bbox 1977 1511 3568 1589; baseline -0.006 -16"><span class='ocrx_word' id='word_1_198' title='bbox 1977 1518 2248 1589; x_wconf 83' lang='lat' dir='ltr'><strong>quispiam</strong></span> <span class='ocrx_word' id='word_1_199' title='bbox 2282 1533 2600 1587; x_wconf 81' lang='lat' dir='ltr'><strong>procerum,</strong></span> <span class='ocrx_word' id='word_1_200' title='bbox 2633 1517 2760 1571; x_wconf 87' lang='lat' dir='ltr'><strong>dum</strong></span> <span class='ocrx_word' id='word_1_201' title='bbox 2796 1530 2986 1584; x_wconf 83' lang='lat' dir='ltr'><strong>preces</strong></span> <span class='ocrx_word' id='word_1_202' title='bbox 3006 1513 3171 1568; x_wconf 81' lang='lat' dir='ltr'><strong>oﬂ&#39;ert</strong></span> <span class='ocrx_word' id='word_1_203' title='bbox 3206 1511 3275 1567; x_wconf 88' lang='lat' dir='ltr'><strong>ad</strong></span> <span class='ocrx_word' id='word_1_204' title='bbox 3307 1511 3568 1581; x_wconf 87' lang='lat' dir='ltr'><strong>injuriam</strong></span> 
     </span>
    </p>
   </div>
   <div class='ocr_carea' id='block_1_29' title="bbox 1977 1604 3572 1679">
    <p class='ocr_par' dir='ltr' id='par_1_29' title="bbox 1977 1604 3572 1679">
     <span class='ocr_line' id='line_1_29' title="bbox 1977 1604 3572 1679; baseline -0.004 -13"><span class='ocrx_word' id='word_1_205' title='bbox 1977 1612 2221 1678; x_wconf 84' lang='lat' dir='ltr'><strong>aliquam</strong></span> <span class='ocrx_word' id='word_1_206' title='bbox 2257 1609 2598 1673; x_wconf 78' lang='lat' dir='ltr'><strong>diluendam,</strong></span> <span class='ocrx_word' id='word_1_207' title='bbox 2632 1610 2815 1679; x_wconf 85' lang='lat' dir='ltr'><strong>potius</strong></span> <span class='ocrx_word' id='word_1_208' title='bbox 2860 1606 3136 1677; x_wconf 55' lang='lat' dir='ltr'><strong>exaudiri,</strong></span> <span class='ocrx_word' id='word_1_209' title='bbox 3163 1620 3326 1677; x_wconf 87' lang='lat' dir='ltr'><strong>quam</strong></span> <span class='ocrx_word' id='word_1_210' title='bbox 3355 1606 3402 1661; x_wconf 92' lang='lat' dir='ltr'><strong>si</strong></span> <span class='ocrx_word' id='word_1_211' title='bbox 3445 1604 3572 1675; x_wconf 83' lang='lat' dir='ltr'><strong>quis</strong></span> 
     </span>
    </p>
   </div>
   <div class='ocr_carea' id='block_1_30' title="bbox 289 1698 1886 1793">
    <p class='ocr_par' dir='ltr' id='par_1_30' title="bbox 289 1707 1870 1793">
     <span class='ocr_line' id='line_1_30' title="bbox 289 1707 1870 1793; baseline 0.004 -35"><span class='ocrx_word' id='word_1_212' title='bbox 289 1707 493 1769; x_wconf 80' lang='grc' dir='ltr'><strong>λύσεως</strong></span> <span class='ocrx_word' id='word_1_213' title='bbox 524 1708 671 1770; x_wconf 91' lang='grc' dir='ltr'><strong>τινὸς</strong></span> <span class='ocrx_word' id='word_1_214' title='bbox 696 1709 1079 1793; x_wconf 62' lang='grc' dir='ltr'><strong>ἀδικήματος,</strong></span> <span class='ocrx_word' id='word_1_215' title='bbox 1152 1711 1358 1780; x_wconf 81' lang='grc' dir='ltr'><strong>μᾶλλον</strong></span> <span class='ocrx_word' id='word_1_216' title='bbox 1407 1710 1787 1775; x_wconf 75' lang='grc' dir='ltr'><strong>εἰσακούεται,</strong></span> <span class='ocrx_word' id='word_1_217' title='bbox 1837 1711 1870 1782; x_wconf 80' lang='grc' dir='ltr'>ἢ</span> 
     </span>
    </p>
   </div>
   <div class='ocr_carea' id='block_1_31' title="bbox 1989 1698 3573 1793">
    <p class='ocr_par' dir='ltr' id='par_1_31' title="bbox 1989 1698 3573 1793">
     <span class='ocr_line' id='line_1_31' title="bbox 1989 1698 3573 1793; baseline -0.003 -34"><span class='ocrx_word' id='word_1_218' title='bbox 1989 1722 2082 1776; x_wconf 89' lang='lat' dir='ltr'><strong>pro</strong></span> <span class='ocrx_word' id='word_1_219' title='bbox 2114 1706 2305 1793; x_wconf 71' lang='lat' dir='ltr'><strong>eadem</strong></span> <span class='ocrx_word' id='word_1_220' title='bbox 2336 1703 2538 1774; x_wconf 76' lang='lat' dir='ltr'><strong>injuria</strong></span> <span class='ocrx_word' id='word_1_221' title='bbox 2569 1703 2867 1773; x_wconf 78' lang='lat' dir='ltr'><strong>supplicet,</strong></span> <span class='ocrx_word' id='word_1_222' title='bbox 2896 1709 3024 1771; x_wconf 88' lang='lat' dir='ltr'><strong>puta</strong></span> <span class='ocrx_word' id='word_1_223' title='bbox 3054 1701 3235 1766; x_wconf 89' lang='lat' dir='ltr'><strong>miles,</strong></span> <span class='ocrx_word' id='word_1_224' title='bbox 3271 1699 3387 1754; x_wconf 85' lang='lat' dir='ltr'><strong>sive</strong></span> <span class='ocrx_word' id='word_1_225' title='bbox 3414 1698 3573 1770; x_wconf 82' lang='lat' dir='ltr'><strong>quis-</strong></span> 
     </span>
    </p>
   </div>
   <div class='ocr_carea' id='block_1_32' title="bbox 288 1785 1886 1873">
    <p class='ocr_par' dir='ltr' id='par_1_32' title="bbox 288 1785 1877 1873">
     <span class='ocr_line' id='line_1_32' title="bbox 288 1785 1877 1873; baseline 0.004 -24"><span class='ocrx_word' id='word_1_226' title='bbox 288 1798 343 1850; x_wconf 73' lang='grc' dir='ltr'>εί</span> <span class='ocrx_word' id='word_1_227' title='bbox 384 1815 470 1859; x_wconf 87' lang='grc' dir='ltr'><strong>τις</strong></span> <span class='ocrx_word' id='word_1_228' title='bbox 504 1799 645 1871; x_wconf 83' lang='grc' dir='ltr'><strong>ὑπὲρ</strong></span> <span class='ocrx_word' id='word_1_229' title='bbox 675 1785 840 1854; x_wconf 76' lang='grc' dir='ltr'><strong>αὐτοῦ</strong></span> <span class='ocrx_word' id='word_1_230' title='bbox 866 1801 1057 1855; x_wconf 88' lang='grc' dir='ltr'><strong>τούτου</strong></span> <span class='ocrx_word' id='word_1_231' title='bbox 1078 1801 1174 1856; x_wconf 89' lang='grc' dir='ltr'><strong>τοῦ</strong></span> <span class='ocrx_word' id='word_1_232' title='bbox 1202 1802 1546 1873; x_wconf 78' lang='grc' dir='ltr'><strong>ἀδικήματος</strong></span> <span class='ocrx_word' id='word_1_233' title='bbox 1589 1804 1877 1873; x_wconf 76' lang='grc' dir='ltr'><strong>ἱκετηρίαν</strong></span> 
     </span>
    </p>
   </div>
   <div class='ocr_carea' id='block_1_33' title="bbox 1989 1785 3574 1873">
    <p class='ocr_par' dir='ltr' id='par_1_33' title="bbox 1989 1785 3574 1869">
     <span class='ocr_line' id='line_1_33' title="bbox 1989 1785 3574 1869; baseline -0.006 -15"><span class='ocrx_word' id='word_1_234' title='bbox 1989 1800 2108 1869; x_wconf 92' lang='lat' dir='ltr'><strong>quis</strong></span> <span class='ocrx_word' id='word_1_235' title='bbox 2135 1785 2576 1866; x_wconf 51' lang='lat' dir='ltr'><strong>alius-dignitate</strong></span> <span class='ocrx_word' id='word_1_236' title='bbox 2609 1795 2836 1850; x_wconf 82' lang='lat' dir='ltr'><strong>inferior</strong></span> <span class='ocrx_word' id='word_1_237' title='bbox 2865 1803 2970 1848; x_wconf 88' lang='lat' dir='ltr'><strong>est.</strong></span> <span class='ocrx_word' id='word_1_238' title='bbox 3005 1792 3217 1848; x_wconf 90' lang='lat' dir='ltr'><strong>Idcirco</strong></span> <span class='ocrx_word' id='word_1_239' title='bbox 3249 1790 3483 1847; x_wconf 87' lang='lat' dir='ltr'><strong>decebat</strong></span> <span class='ocrx_word' id='word_1_240' title='bbox 3513 1801 3574 1847; x_wconf 91' lang='lat' dir='ltr'><strong>ut</strong></span> 
     </span>
    </p>
   </div>
   <div class='ocr_carea' id='block_1_34' title="bbox 293 1876 1886 1967">
    <p class='ocr_par' dir='ltr' id='par_1_34' title="bbox 293 1876 1877 1967">
     <span class='ocr_line' id='line_1_34' title="bbox 293 1876 1877 1967; baseline 0.003 -24"><span class='ocrx_word' id='word_1_241' title='bbox 293 1892 596 1958; x_wconf 75' lang='grc' dir='ltr'><strong>προτείνω,</strong></span> <span class='ocrx_word' id='word_1_242' title='bbox 639 1876 986 1963; x_wconf 79' lang='grc' dir='ltr'><strong>στρατιώτης</strong></span> <span class='ocrx_word' id='word_1_243' title='bbox 1028 1895 1258 1967; x_wconf 82' lang='grc' dir='ltr'><strong>τυχὸνῆ</strong></span> <span class='ocrx_word' id='word_1_244' title='bbox 1312 1895 1502 1966; x_wconf 70' lang='grc' dir='ltr'><strong>ἕτερός</strong></span> <span class='ocrx_word' id='word_1_245' title='bbox 1544 1912 1629 1960; x_wconf 86' lang='grc' dir='ltr'><strong>τις</strong></span> <span class='ocrx_word' id='word_1_246' title='bbox 1678 1895 1877 1950; x_wconf 75' lang='grc' dir='ltr'><strong>ὑποδε-</strong></span> 
     </span>
    </p>
   </div>
   <div class='ocr_carea' id='block_1_35' title="bbox 1989 1876 3574 1967">
    <p class='ocr_par' dir='ltr' id='par_1_35' title="bbox 1989 1883 3574 1960">
     <span class='ocr_line' id='line_1_35' title="bbox 1989 1883 3574 1960; baseline -0.005 -16"><span class='ocrx_word' id='word_1_247' title='bbox 1989 1891 2127 1946; x_wconf 87' lang='lat' dir='ltr'><strong>Dcus</strong></span> <span class='ocrx_word' id='word_1_248' title='bbox 2162 1904 2262 1960; x_wconf 85' lang='lat' dir='ltr'><strong>per</strong></span> <span class='ocrx_word' id='word_1_249' title='bbox 2292 1889 2441 1943; x_wconf 85' lang='lat' dir='ltr'><strong>hunc</strong></span> <span class='ocrx_word' id='word_1_250' title='bbox 2473 1888 2694 1942; x_wconf 85' lang='lat' dir='ltr'><strong>modum</strong></span> <span class='ocrx_word' id='word_1_251' title='bbox 2732 1887 2894 1941; x_wconf 91' lang='lat' dir='ltr'><strong>homo</strong></span> <span class='ocrx_word' id='word_1_252' title='bbox 2934 1885 3109 1951; x_wconf 82' lang='lat' dir='ltr'><strong>ﬁeret,</strong></span> <span class='ocrx_word' id='word_1_253' title='bbox 3145 1894 3204 1938; x_wconf 92' lang='lat' dir='ltr'><strong>ut</strong></span> <span class='ocrx_word' id='word_1_254' title='bbox 3236 1883 3328 1954; x_wconf 88' lang='lat' dir='ltr'><strong>qui</strong></span> <span class='ocrx_word' id='word_1_255' title='bbox 3362 1883 3574 1936; x_wconf 72' lang='lat' dir='ltr'><strong>inﬁnita</strong></span> 
     </span>
    </p>
   </div>
   <div class='ocr_carea' id='block_1_36' title="bbox 288 1973 1886 2057">
    <p class='ocr_par' dir='ltr' id='par_1_36' title="bbox 288 1978 1880 2057">
     <span class='ocr_line' id='line_1_36' title="bbox 288 1978 1880 2057; baseline 0.006 -27"><span class='ocrx_word' id='word_1_256' title='bbox 288 1978 501 2049; x_wconf 77' lang='grc' dir='ltr'><strong>σηκώς.</strong></span> <span class='ocrx_word' id='word_1_257' title='bbox 532 1981 701 2036; x_wconf 82' lang='grc' dir='ltr'><strong>Ὅθεν</strong></span> <span class='ocrx_word' id='word_1_258' title='bbox 734 1982 832 2036; x_wconf 80' lang='grc' dir='ltr'><strong>καὶ</strong></span> <span class='ocrx_word' id='word_1_259' title='bbox 859 1983 1007 2036; x_wconf 81' lang='grc' dir='ltr'><strong>κατὰ</strong></span> <span class='ocrx_word' id='word_1_260' title='bbox 1032 1984 1192 2038; x_wconf 85' lang='grc' dir='ltr'><strong>τοῦτο</strong></span> <span class='ocrx_word' id='word_1_261' title='bbox 1214 1985 1328 2038; x_wconf 77' lang='grc' dir='ltr'><strong>ἔδει</strong></span> <span class='ocrx_word' id='word_1_262' title='bbox 1362 1986 1456 2039; x_wconf 90' lang='grc' dir='ltr'><strong>τὸν</strong></span> <span class='ocrx_word' id='word_1_263' title='bbox 1484 1984 1623 2039; x_wconf 90' lang='grc' dir='ltr'><strong>Θεὸν</strong></span> <span class='ocrx_word' id='word_1_264' title='bbox 1668 1984 1880 2057; x_wconf 84' lang='grc' dir='ltr'><strong>ἀνθρω-</strong></span> 
     </span>
    </p>
   </div>
   <div class='ocr_carea' id='block_1_37' title="bbox 1989 1973 3577 2057">
    <p class='ocr_par' dir='ltr' id='par_1_37' title="bbox 1989 1973 3577 2052">
     <span class='ocr_line' id='line_1_37' title="bbox 1989 1973 3577 2052; baseline -0.005 -16"><span class='ocrx_word' id='word_1_265' title='bbox 1989 1981 2248 2052; x_wconf 80' lang='lat' dir='ltr'><strong>dignitate</strong></span> <span class='ocrx_word' id='word_1_266' title='bbox 2306 1980 2582 2050; x_wconf 86' lang='lat' dir='ltr'><strong>pollebat,</strong></span> <span class='ocrx_word' id='word_1_267' title='bbox 2645 1980 2929 2033; x_wconf 77' lang='lat' dir='ltr'><strong>hominum</strong></span> <span class='ocrx_word' id='word_1_268' title='bbox 2987 1987 3210 2047; x_wconf 88' lang='lat' dir='ltr'><strong>peccata</strong></span> <span class='ocrx_word' id='word_1_269' title='bbox 3265 1973 3577 2030; x_wconf 85' lang='lat' dir='ltr'><strong>dissolvere</strong></span> 
     </span>
    </p>
   </div>
   <div class='ocr_carea' id='block_1_38' title="bbox 294 2067 1886 2155">
    <p class='ocr_par' dir='ltr' id='par_1_38' title="bbox 294 2072 1875 2150">
     <span class='ocr_line' id='line_1_38' title="bbox 294 2072 1875 2150; baseline 0.006 -26"><span class='ocrx_word' id='word_1_270' title='bbox 294 2089 396 2125; x_wconf 87' lang='grc' dir='ltr'><strong>πον</strong></span> <span class='ocrx_word' id='word_1_271' title='bbox 425 2072 706 2139; x_wconf 80' lang='grc' dir='ltr'><strong>γενέσθαι,</strong></span> <span class='ocrx_word' id='word_1_272' title='bbox 736 2075 824 2128; x_wconf 77' lang='grc' dir='ltr'><strong>ἵνα</strong></span> <span class='ocrx_word' id='word_1_273' title='bbox 851 2075 1085 2147; x_wconf 85' lang='grc' dir='ltr'><strong>ἄπειρον</strong></span> <span class='ocrx_word' id='word_1_274' title='bbox 1131 2079 1234 2147; x_wconf 77' lang='grc' dir='ltr'><strong>τὴν</strong></span> <span class='ocrx_word' id='word_1_275' title='bbox 1265 2078 1426 2146; x_wconf 79' lang='grc' dir='ltr'><strong>ἀξίαν</strong></span> <span class='ocrx_word' id='word_1_276' title='bbox 1468 2078 1607 2150; x_wconf 76' lang='grc' dir='ltr'><strong>ἔχων</strong></span> <span class='ocrx_word' id='word_1_277' title='bbox 1668 2079 1875 2150; x_wconf 80' lang='grc' dir='ltr'>δυνηθῇ</span> 
     </span>
    </p>
   </div>
   <div class='ocr_carea' id='block_1_39' title="bbox 1989 2067 3607 2155">
    <p class='ocr_par' dir='ltr' id='par_1_39' title="bbox 1989 2067 3607 2155">
     <span class='ocr_line' id='line_1_39' title="bbox 1989 2067 3607 2155; baseline -0.007 -26"><span class='ocrx_word' id='word_1_278' title='bbox 1989 2084 2192 2147; x_wconf 86' lang='lat' dir='ltr'><strong>posset,</strong></span> <span class='ocrx_word' id='word_1_279' title='bbox 2241 2074 2389 2145; x_wconf 85' lang='lat' dir='ltr'><strong>quod</strong></span> <span class='ocrx_word' id='word_1_280' title='bbox 2441 2087 2608 2128; x_wconf 86' lang='lat' dir='ltr'><strong>nemo</strong></span> <span class='ocrx_word' id='word_1_281' title='bbox 2656 2086 2898 2141; x_wconf 86' lang='lat' dir='ltr'><strong>unquam</strong></span> <span class='ocrx_word' id='word_1_282' title='bbox 2953 2070 3097 2125; x_wconf 87' lang='lat' dir='ltr'><strong>alius</strong></span> <span class='ocrx_word' id='word_1_283' title='bbox 3144 2067 3435 2139; x_wconf 87' lang='lat' dir='ltr'><strong>potuisset,</strong></span> <span class='ocrx_word' id='word_1_284' title='bbox 3466 2080 3607 2155; x_wconf 46' lang='lat' dir='ltr'><strong>non,</strong></span> 
     </span>
    </p>
   </div>
   <div class='ocr_carea' id='block_1_40' title="bbox 288 2160 1886 2257">
    <p class='ocr_par' dir='ltr' id='par_1_40' title="bbox 288 2163 1882 2242">
     <span class='ocr_line' id='line_1_40' title="bbox 288 2163 1882 2242; baseline 0.003 -25"><span class='ocrx_word' id='word_1_285' title='bbox 288 2163 360 2217; x_wconf 85' lang='grc' dir='ltr'><strong>τὰ</strong></span> <span class='ocrx_word' id='word_1_286' title='bbox 383 2164 766 2235; x_wconf 81' lang='grc' dir='ltr'><strong>ἁμαρτήματα</strong></span> <span class='ocrx_word' id='word_1_287' title='bbox 816 2165 1181 2222; x_wconf 81' lang='grc' dir='ltr'><strong>διαλύσασθαι</strong></span> <span class='ocrx_word' id='word_1_288' title='bbox 1210 2169 1333 2227; x_wconf 79' lang='grc' dir='ltr'><strong>,τῶν</strong></span> <span class='ocrx_word' id='word_1_289' title='bbox 1380 2170 1710 2242; x_wconf 79' lang='grc' dir='ltr'><strong>ἀνθρώπων·</strong></span> <span class='ocrx_word' id='word_1_290' title='bbox 1742 2173 1882 2242; x_wconf 79' lang='grc' dir='ltr'><strong>ὅπερ</strong></span> 
     </span>
    </p>
   </div>
   <div class='ocr_carea' id='block_1_41' title="bbox 1989 2160 3576 2257">
    <p class='ocr_par' dir='ltr' id='par_1_41' title="bbox 1989 2160 3576 2257">
     <span class='ocr_line' id='line_1_41' title="bbox 1989 2160 3576 2257; baseline -0.007 -35"><span class='ocrx_word' id='word_1_291' title='bbox 1989 2167 2230 2236; x_wconf 75' lang='lat' dir='ltr'><strong>angelus,</strong></span> <span class='ocrx_word' id='word_1_292' title='bbox 2261 2181 2368 2219; x_wconf 91' lang='lat' dir='ltr'><strong>non</strong></span> <span class='ocrx_word' id='word_1_293' title='bbox 2403 2166 2605 2230; x_wconf 89' lang='lat' dir='ltr'><strong>homo;</strong></span> <span class='ocrx_word' id='word_1_294' title='bbox 2632 2164 2814 2221; x_wconf 88' lang='lat' dir='ltr'><strong>nullus</strong></span> <span class='ocrx_word' id='word_1_295' title='bbox 2835 2164 2981 2219; x_wconf 89' lang='lat' dir='ltr'><strong>enim</strong></span> <span class='ocrx_word' id='word_1_296' title='bbox 3007 2163 3124 2257; x_wconf 83' lang='lat' dir='ltr'><strong>pari</strong></span> <span class='ocrx_word' id='word_1_297' title='bbox 3157 2160 3426 2233; x_wconf 79' lang='lat' dir='ltr'><strong>dignitate</strong></span> <span class='ocrx_word' id='word_1_298' title='bbox 3449 2172 3576 2219; x_wconf 89' lang='lat' dir='ltr'><strong>cum</strong></span> 
     </span>
    </p>
   </div>
   <div class='ocr_carea' id='block_1_42' title="bbox 269 2252 1884 2331">
    <p class='ocr_par' dir='ltr' id='par_1_42' title="bbox 269 2252 1884 2331">
     <span class='ocr_line' id='line_1_42' title="bbox 269 2252 1884 2331; baseline 0.003 -23"><span class='ocrx_word' id='word_1_299' title='bbox 269 2252 450 2321; x_wconf 52' lang='lat' dir='ltr'><strong>ﬁlim;</strong></span> <span class='ocrx_word' id='word_1_300' title='bbox 478 2252 725 2307; x_wconf 75' lang='grc' dir='ltr'><strong>οὐδέποτ’</strong></span> <span class='ocrx_word' id='word_1_301' title='bbox 760 2254 826 2308; x_wconf 83' lang='grc' dir='ltr'><strong>ἂν</strong></span> <span class='ocrx_word' id='word_1_302' title='bbox 843 2255 1100 2327; x_wconf 70' lang='grc' dir='ltr'><strong>ἐδυνήθη,</strong></span> <span class='ocrx_word' id='word_1_303' title='bbox 1130 2259 1232 2311; x_wconf 84' lang='grc' dir='ltr'><strong>οὐκ</strong></span> <span class='ocrx_word' id='word_1_304' title='bbox 1252 2259 1506 2327; x_wconf 84' lang='grc' dir='ltr'><strong>ἄγγελος,</strong></span> <span class='ocrx_word' id='word_1_305' title='bbox 1539 2260 1640 2313; x_wconf 84' lang='grc' dir='ltr'><strong>ούκ</strong></span> <span class='ocrx_word' id='word_1_306' title='bbox 1669 2260 1884 2331; x_wconf 78' lang='grc' dir='ltr'><strong>ἄνθρω-</strong></span> 
     </span>
    </p>
   </div>
   <div class='ocr_carea' id='block_1_43' title="bbox 295 2336 1882 2424">
    <p class='ocr_par' dir='ltr' id='par_1_43' title="bbox 295 2336 1882 2424">
     <span class='ocr_line' id='line_1_43' title="bbox 295 2336 1882 2424; baseline 0.006 -28"><span class='ocrx_word' id='word_1_307' title='bbox 295 2362 436 2413; x_wconf 43' lang='grc' dir='ltr'><strong>ποςε</strong></span> <span class='ocrx_word' id='word_1_308' title='bbox 457 2344 646 2410; x_wconf 76' lang='grc' dir='ltr'><strong>Οὐδεὶς</strong></span> <span class='ocrx_word' id='word_1_309' title='bbox 683 2345 794 2415; x_wconf 84' lang='grc' dir='ltr'><strong>γὰρ</strong></span> <span class='ocrx_word' id='word_1_310' title='bbox 818 2346 886 2400; x_wconf 86' lang='grc' dir='ltr'><strong>ἂν</strong></span> <span class='ocrx_word' id='word_1_311' title='bbox 915 2347 1151 2420; x_wconf 78' lang='grc' dir='ltr'><strong>ὲξισώθη</strong></span> <span class='ocrx_word' id='word_1_312' title='bbox 1187 2354 1250 2421; x_wconf 77' lang='grc' dir='ltr'><strong>τῇ</strong></span> <span class='ocrx_word' id='word_1_313' title='bbox 1297 2350 1427 2421; x_wconf 80' lang='grc' dir='ltr'>ἀξίᾳ</span> <span class='ocrx_word' id='word_1_314' title='bbox 1455 2337 1559 2405; x_wconf 82' lang='grc' dir='ltr'><strong>τοῦ</strong></span> <span class='ocrx_word' id='word_1_315' title='bbox 1591 2336 1882 2424; x_wconf 77' lang='grc' dir='ltr'><strong>Θεανθρώ-</strong></span> 
     </span>
    </p>
   </div>
   <div class='ocr_carea' id='block_1_44' title="bbox 299 2435 644 2504">
    <p class='ocr_par' dir='ltr' id='par_1_44' title="bbox 299 2435 644 2504">
     <span class='ocr_line' id='line_1_44' title="bbox 299 2435 644 2504; baseline 0.014 -18"><span class='ocrx_word' id='word_1_316' title='bbox 299 2450 404 2487; x_wconf 87' lang='grc' dir='ltr'><strong>που</strong></span> <span class='ocrx_word' id='word_1_317' title='bbox 442 2435 644 2504; x_wconf 85' lang='grc' dir='ltr'><strong>Λόγου.</strong></span> 
     </span>
    </p>
   </div>
   <div class='ocr_carea' id='block_1_45' title="bbox 366 2528 1885 2603">
    <p class='ocr_par' dir='ltr' id='par_1_45' title="bbox 366 2528 1885 2603">
     <span class='ocr_line' id='line_1_45' title="bbox 366 2528 1885 2603; baseline 0.009 -25"><span class='ocrx_word' id='word_1_318' title='bbox 366 2528 466 2580; x_wconf 78' lang='grc' dir='ltr'><strong>Διά</strong></span> <span class='ocrx_word' id='word_1_319' title='bbox 494 2528 666 2583; x_wconf 73' lang='grc' dir='ltr'><strong>ταῦτα</strong></span> <span class='ocrx_word' id='word_1_320' title='bbox 697 2531 881 2586; x_wconf 79' lang='grc' dir='ltr'>τοίνυν</span> <span class='ocrx_word' id='word_1_321' title='bbox 913 2533 977 2587; x_wconf 88' lang='grc' dir='ltr'><strong>ού</strong></span> <span class='ocrx_word' id='word_1_322' title='bbox 999 2533 1083 2587; x_wconf 88' lang='grc' dir='ltr'><strong>δεῖ</strong></span> <span class='ocrx_word' id='word_1_323' title='bbox 1113 2533 1302 2603; x_wconf 76' lang='grc' dir='ltr'><strong>λέγειν</strong></span> <span class='ocrx_word' id='word_1_324' title='bbox 1324 2536 1407 2589; x_wconf 86' lang='grc' dir='ltr'><strong>ὅτι</strong></span> <span class='ocrx_word' id='word_1_325' title='bbox 1438 2536 1667 2591; x_wconf 76' lang='grc' dir='ltr'><strong>ἐδύνατο</strong></span> <span class='ocrx_word' id='word_1_326' title='bbox 1696 2539 1724 2590; x_wconf 91' lang='grc' dir='ltr'><strong>ό</strong></span> <span class='ocrx_word' id='word_1_327' title='bbox 1751 2536 1885 2600; x_wconf 92' lang='grc' dir='ltr'><strong>Θεὸς</strong></span> 
     </span>
    </p>
   </div>
   <div class='ocr_carea' id='block_1_46' title="bbox 302 2613 1886 2699">
    <p class='ocr_par' dir='ltr' id='par_1_46' title="bbox 302 2613 1886 2699">
     <span class='ocr_line' id='line_1_46' title="bbox 302 2613 1886 2699; baseline 0.011 -32"><span class='ocrx_word' id='word_1_328' title='bbox 302 2613 394 2668; x_wconf 83' lang='grc' dir='ltr'><strong>τὸν</strong></span> <span class='ocrx_word' id='word_1_329' title='bbox 419 2616 706 2690; x_wconf 78' lang='grc' dir='ltr'><strong>ἄνθρωπον</strong></span> <span class='ocrx_word' id='word_1_330' title='bbox 737 2622 814 2693; x_wconf 78' lang='grc' dir='ltr'><strong>μὴ</strong></span> <span class='ocrx_word' id='word_1_331' title='bbox 833 2624 1136 2694; x_wconf 76' lang='grc' dir='ltr'><strong>συγχωρεῖν</strong></span> <span class='ocrx_word' id='word_1_332' title='bbox 1164 2630 1347 2678; x_wconf 78' lang='grc' dir='ltr'><strong>πεσεῖν</strong></span> <span class='ocrx_word' id='word_1_333' title='bbox 1372 2627 1451 2689; x_wconf 83' lang='grc' dir='ltr'><strong>είς</strong></span> <span class='ocrx_word' id='word_1_334' title='bbox 1472 2626 1572 2697; x_wconf 82' lang='grc' dir='ltr'><strong>τὴν</strong></span> <span class='ocrx_word' id='word_1_335' title='bbox 1590 2628 1886 2699; x_wconf 85' lang='grc' dir='ltr'><strong>ἁμαρτίαν.</strong></span> 
     </span>
    </p>
   </div>
   <div class='ocr_carea' id='block_1_47' title="bbox 303 2705 1889 2788">
    <p class='ocr_par' dir='ltr' id='par_1_47' title="bbox 303 2705 1889 2788">
     <span class='ocr_line' id='line_1_47' title="bbox 303 2705 1889 2788; baseline 0.011 -31"><span class='ocrx_word' id='word_1_336' title='bbox 303 2705 474 2759; x_wconf 87' lang='grc' dir='ltr'><strong>Τοῦτο</strong></span> <span class='ocrx_word' id='word_1_337' title='bbox 502 2708 612 2779; x_wconf 77' lang='grc' dir='ltr'><strong>γὰρ</strong></span> <span class='ocrx_word' id='word_1_338' title='bbox 634 2708 725 2764; x_wconf 89' lang='grc' dir='ltr'><strong>τὸν</strong></span> <span class='ocrx_word' id='word_1_339' title='bbox 753 2711 914 2780; x_wconf 89' lang='grc' dir='ltr'><strong>λόγον</strong></span> <span class='ocrx_word' id='word_1_340' title='bbox 945 2713 1039 2767; x_wconf 91' lang='grc' dir='ltr'><strong>τοῦ</strong></span> <span class='ocrx_word' id='word_1_341' title='bbox 1074 2713 1426 2779; x_wconf 84' lang='grc' dir='ltr'><strong>αύτεξουσίου</strong></span> <span class='ocrx_word' id='word_1_342' title='bbox 1466 2718 1699 2788; x_wconf 85' lang='grc' dir='ltr'><strong>ἀναιρεῖ.</strong></span> <span class='ocrx_word' id='word_1_343' title='bbox 1743 2720 1803 2774; x_wconf 85' lang='lat'><strong>&#39;0</strong></span> <span class='ocrx_word' id='word_1_344' title='bbox 1832 2722 1889 2774; x_wconf 87' lang='grc' dir='ltr'><strong>δὲ</strong></span> 
     </span>
    </p>
   </div>
   <div class='ocr_carea' id='block_1_48' title="bbox 303 2795 1892 2880">
    <p class='ocr_par' dir='ltr' id='par_1_48' title="bbox 303 2795 1892 2880">
     <span class='ocr_line' id='line_1_48' title="bbox 303 2795 1892 2880; baseline 0.01 -31"><span class='ocrx_word' id='word_1_345' title='bbox 303 2795 435 2861; x_wconf 81' lang='grc' dir='ltr'><strong>Θεὸς</strong></span> <span class='ocrx_word' id='word_1_346' title='bbox 456 2797 554 2869; x_wconf 76' lang='grc' dir='ltr'><strong>τὴν</strong></span> <span class='ocrx_word' id='word_1_347' title='bbox 582 2800 733 2866; x_wconf 84' lang='grc' dir='ltr'><strong>τάξιν</strong></span> <span class='ocrx_word' id='word_1_348' title='bbox 753 2803 863 2856; x_wconf 80' lang='grc' dir='ltr'><strong>τῶν</strong></span> <span class='ocrx_word' id='word_1_349' title='bbox 885 2806 1229 2875; x_wconf 83' lang='grc' dir='ltr'><strong>πραγμάτων</strong></span> <span class='ocrx_word' id='word_1_350' title='bbox 1251 2808 1352 2861; x_wconf 83' lang='grc' dir='ltr'><strong>οὐκ</strong></span> <span class='ocrx_word' id='word_1_351' title='bbox 1373 2811 1609 2880; x_wconf 83' lang='grc' dir='ltr'><strong>ἀναιρεῖ,</strong></span> <span class='ocrx_word' id='word_1_352' title='bbox 1633 2810 1770 2865; x_wconf 85' lang='grc' dir='ltr'><strong>ἀλλά</strong></span> <span class='ocrx_word' id='word_1_353' title='bbox 1786 2813 1892 2864; x_wconf 87' lang='grc' dir='ltr'><strong>σώ-</strong></span> 
     </span>
    </p>
   </div>
   <div class='ocr_carea' id='block_1_49' title="bbox 302 2887 1891 2969">
    <p class='ocr_par' dir='ltr' id='par_1_49' title="bbox 302 2887 1891 2969">
     <span class='ocr_line' id='line_1_49' title="bbox 302 2887 1891 2969; baseline 0.011 -29"><span class='ocrx_word' id='word_1_354' title='bbox 302 2887 405 2952; x_wconf 80' lang='grc' dir='ltr'><strong>ζει.</strong></span> <span class='ocrx_word' id='word_1_355' title='bbox 424 2888 562 2943; x_wconf 75' lang='grc' dir='ltr'><strong>Οὔτε</strong></span> <span class='ocrx_word' id='word_1_356' title='bbox 597 2891 892 2962; x_wconf 72' lang='grc' dir='ltr'><strong>μὴνλὲγειν</strong></span> <span class='ocrx_word' id='word_1_357' title='bbox 914 2894 1061 2960; x_wconf 87' lang='grc' dir='ltr'><strong>είκὸς</strong></span> <span class='ocrx_word' id='word_1_358' title='bbox 1086 2898 1169 2952; x_wconf 83' lang='grc' dir='ltr'><strong>ὅτι</strong></span> <span class='ocrx_word' id='word_1_359' title='bbox 1192 2897 1417 2953; x_wconf 76' lang='grc' dir='ltr'><strong>ἐδύνατο</strong></span> <span class='ocrx_word' id='word_1_360' title='bbox 1436 2901 1566 2955; x_wconf 83' lang='grc' dir='ltr'><strong>ἄνευ</strong></span> <span class='ocrx_word' id='word_1_361' title='bbox 1594 2902 1891 2969; x_wconf 88' lang='grc' dir='ltr'><strong>διαλύσεως</strong></span> 
     </span>
    </p>
   </div>
   <div class='ocr_carea' id='block_1_50' title="bbox 309 2980 1893 3066">
    <p class='ocr_par' dir='ltr' id='par_1_50' title="bbox 309 2980 1893 3066">
     <span class='ocr_line' id='line_1_50' title="bbox 309 2980 1893 3066; baseline 0.009 -33"><span class='ocrx_word' id='word_1_362' title='bbox 309 2980 411 3052; x_wconf 83' lang='grc' dir='ltr'><strong>τῆς</strong></span> <span class='ocrx_word' id='word_1_363' title='bbox 441 2984 721 3054; x_wconf 83' lang='grc' dir='ltr'><strong>ἁμαρτίας</strong></span> <span class='ocrx_word' id='word_1_364' title='bbox 769 2986 862 3041; x_wconf 89' lang='grc' dir='ltr'><strong>τὸν</strong></span> <span class='ocrx_word' id='word_1_365' title='bbox 908 2985 1201 3060; x_wconf 78' lang='grc' dir='ltr'><strong>ἄνθρωπον</strong></span> <span class='ocrx_word' id='word_1_366' title='bbox 1252 2990 1517 3062; x_wconf 80' lang='grc' dir='ltr'><strong>καθᾶραι.</strong></span> <span class='ocrx_word' id='word_1_367' title='bbox 1566 2994 1740 3048; x_wconf 82' lang='grc' dir='ltr'><strong>Τοῦτο</strong></span> <span class='ocrx_word' id='word_1_368' title='bbox 1784 2997 1893 3066; x_wconf 70' lang='grc' dir='ltr'><strong>γὰρ</strong></span> 
     </span>
    </p>
   </div>
   <div class='ocr_carea' id='block_1_51' title="bbox 306 3073 1894 3152">
    <p class='ocr_par' dir='ltr' id='par_1_51' title="bbox 306 3073 1894 3152">
     <span class='ocr_line' id='line_1_51' title="bbox 306 3073 1894 3152; baseline 0.009 -27"><span class='ocrx_word' id='word_1_369' title='bbox 306 3073 407 3144; x_wconf 85' lang='grc' dir='ltr'><strong>τὴν</strong></span> <span class='ocrx_word' id='word_1_370' title='bbox 430 3075 587 3143; x_wconf 77' lang='grc' dir='ltr'><strong>τάξιν</strong></span> <span class='ocrx_word' id='word_1_371' title='bbox 617 3077 713 3148; x_wconf 81' lang='grc' dir='ltr'><strong>τῆς</strong></span> <span class='ocrx_word' id='word_1_372' title='bbox 732 3078 1085 3148; x_wconf 76' lang='grc' dir='ltr'><strong>δικαιοσύνης</strong></span> <span class='ocrx_word' id='word_1_373' title='bbox 1106 3082 1344 3152; x_wconf 86' lang='grc' dir='ltr'><strong>ἀναιρεῖ.</strong></span> <span class='ocrx_word' id='word_1_374' title='bbox 1377 3084 1630 3138; x_wconf 77' lang='grc' dir='ltr'><strong>Φαίνεται</strong></span> <span class='ocrx_word' id='word_1_375' title='bbox 1657 3087 1837 3140; x_wconf 78' lang='grc' dir='ltr'>τοίνυν</span> <span class='ocrx_word' id='word_1_376' title='bbox 1866 3089 1894 3139; x_wconf 86' lang='grc' dir='ltr'>ὁ</span> 
     </span>
    </p>
   </div>
   <div class='ocr_carea' id='block_1_52' title="bbox 1989 2256 2704 2313">
    <p class='ocr_par' dir='ltr' id='par_1_52' title="bbox 1989 2256 2704 2313">
     <span class='ocr_line' id='line_1_52' title="bbox 1989 2256 2704 2313; baseline -0.003 0"><span class='ocrx_word' id='word_1_377' title='bbox 1989 2258 2166 2313; x_wconf 77' lang='lat' dir='ltr'><strong>\‘ctbo</strong></span> <span class='ocrx_word' id='word_1_378' title='bbox 2200 2256 2307 2311; x_wconf 87' lang='lat' dir='ltr'><strong>Deo</strong></span> <span class='ocrx_word' id='word_1_379' title='bbox 2348 2257 2571 2312; x_wconf 89' lang='lat' dir='ltr'><strong>homine</strong></span> <span class='ocrx_word' id='word_1_380' title='bbox 2600 2265 2704 2311; x_wconf 87' lang='lat' dir='ltr'><strong>est.</strong></span> 
     </span>
    </p>
   </div>
   <div class='ocr_carea' id='block_1_53' title="bbox 2062 2515 3582 2598">
    <p class='ocr_par' dir='ltr' id='par_1_53' title="bbox 2062 2515 3582 2598">
     <span class='ocr_line' id='line_1_53' title="bbox 2062 2515 3582 2598; baseline -0.005 -17"><span class='ocrx_word' id='word_1_381' title='bbox 2062 2527 2195 2583; x_wconf 85' lang='lat' dir='ltr'><strong>Eam</strong></span> <span class='ocrx_word' id='word_1_382' title='bbox 2229 2528 2393 2598; x_wconf 77' lang='lat' dir='ltr'><strong>igitur</strong></span> <span class='ocrx_word' id='word_1_383' title='bbox 2437 2526 2507 2579; x_wconf 90' lang='lat' dir='ltr'><strong>ob</strong></span> <span class='ocrx_word' id='word_1_384' title='bbox 2542 2539 2763 2579; x_wconf 83' lang='lat' dir='ltr'><strong>causam</strong></span> <span class='ocrx_word' id='word_1_385' title='bbox 2801 2522 2944 2577; x_wconf 82' lang='lat' dir='ltr'><strong>haud</strong></span> <span class='ocrx_word' id='word_1_386' title='bbox 2995 2522 3288 2578; x_wconf 90' lang='lat' dir='ltr'><strong>dicendum</strong></span> <span class='ocrx_word' id='word_1_387' title='bbox 3319 2529 3405 2577; x_wconf 88' lang='lat' dir='ltr'><strong>est</strong></span> <span class='ocrx_word' id='word_1_388' title='bbox 3430 2558 3449 2587; x_wconf 87' lang='lat'><strong>,</strong></span> <span class='ocrx_word' id='word_1_389' title='bbox 3481 2515 3582 2593; x_wconf 69' lang='lat' dir='ltr'><strong>poi</strong></span> 
     </span>
    </p>
   </div>
   <div class='ocr_carea' id='block_1_54' title="bbox 1947 2615 3577 2699">
    <p class='ocr_par' dir='ltr' id='par_1_54' title="bbox 1947 2615 3577 2699">
     <span class='ocr_line' id='line_1_54' title="bbox 1947 2615 3577 2699; baseline -0.005 -23"><span class='ocrx_word' id='word_1_390' title='bbox 1947 2615 1956 2623; x_wconf 79' lang='grc'><strong>’</strong></span> <span class='ocrx_word' id='word_1_391' title='bbox 1991 2621 2166 2676; x_wconf 87' lang='lat' dir='ltr'><strong>tuisse</strong></span> <span class='ocrx_word' id='word_1_392' title='bbox 2211 2618 2379 2674; x_wconf 86' lang='lat' dir='ltr'><strong>Deum</strong></span> <span class='ocrx_word' id='word_1_393' title='bbox 2421 2633 2541 2683; x_wconf 78' lang='lat' dir='ltr'><strong>non</strong></span> <span class='ocrx_word' id='word_1_394' title='bbox 2565 2618 2879 2699; x_wconf 80' lang='lat' dir='ltr'><strong>permittere</strong></span> <span class='ocrx_word' id='word_1_395' title='bbox 2910 2626 2969 2669; x_wconf 92' lang='lat' dir='ltr'><strong>ut</strong></span> <span class='ocrx_word' id='word_1_396' title='bbox 3010 2618 3172 2671; x_wconf 88' lang='lat' dir='ltr'><strong>homo</strong></span> <span class='ocrx_word' id='word_1_397' title='bbox 3204 2616 3258 2669; x_wconf 88' lang='lat' dir='ltr'><strong>in</strong></span> <span class='ocrx_word' id='word_1_398' title='bbox 3288 2624 3577 2686; x_wconf 87' lang='lat' dir='ltr'><strong>peccatum</strong></span> 
     </span>
    </p>
   </div>
   <div class='ocr_carea' id='block_1_55' title="bbox 1992 2708 3578 2774">
    <p class='ocr_par' dir='ltr' id='par_1_55' title="bbox 1992 2708 3578 2774">
     <span class='ocr_line' id='line_1_55' title="bbox 1992 2708 3578 2774; baseline -0.003 -8"><span class='ocrx_word' id='word_1_399' title='bbox 1992 2712 2237 2767; x_wconf 89' lang='lat' dir='ltr'><strong>caderet.</strong></span> <span class='ocrx_word' id='word_1_400' title='bbox 2277 2710 2389 2766; x_wconf 88' lang='lat' dir='ltr'><strong>lloc</strong></span> <span class='ocrx_word' id='word_1_401' title='bbox 2436 2712 2582 2765; x_wconf 87' lang='lat' dir='ltr'><strong>enim</strong></span> <span class='ocrx_word' id='word_1_402' title='bbox 2638 2710 2795 2767; x_wconf 84' lang='lat' dir='ltr'><strong>liberi</strong></span> <span class='ocrx_word' id='word_1_403' title='bbox 2844 2709 3050 2763; x_wconf 76' lang='lat' dir='ltr'><strong>arbitrii</strong></span> <span class='ocrx_word' id='word_1_404' title='bbox 3094 2708 3358 2763; x_wconf 82' lang='lat' dir='ltr'><strong>rationem</strong></span> <span class='ocrx_word' id='word_1_405' title='bbox 3396 2708 3578 2774; x_wconf 89' lang='lat' dir='ltr'><strong>tollit;</strong></span> 
     </span>
    </p>
   </div>
   <div class='ocr_carea' id='block_1_56' title="bbox 1994 2800 3584 2877">
    <p class='ocr_par' dir='ltr' id='par_1_56' title="bbox 1994 2800 3584 2877">
     <span class='ocr_line' id='line_1_56' title="bbox 1994 2800 3584 2877; baseline -0.001 -20"><span class='ocrx_word' id='word_1_406' title='bbox 1994 2803 2140 2859; x_wconf 89' lang='lat' dir='ltr'><strong>Deus</strong></span> <span class='ocrx_word' id='word_1_407' title='bbox 2169 2800 2353 2858; x_wconf 86' lang='lat' dir='ltr'><strong>autem</strong></span> <span class='ocrx_word' id='word_1_408' title='bbox 2391 2816 2573 2858; x_wconf 88' lang='lat' dir='ltr'><strong>rerum</strong></span> <span class='ocrx_word' id='word_1_409' title='bbox 2605 2803 2851 2858; x_wconf 87' lang='lat' dir='ltr'><strong>ordinem</strong></span> <span class='ocrx_word' id='word_1_410' title='bbox 2898 2816 3005 2877; x_wconf 70' lang='lat' dir='ltr'><strong>non</strong></span> <span class='ocrx_word' id='word_1_411' title='bbox 3032 2824 3037 2827; x_wconf 80' lang='grc'><strong><em>-</em></strong></span> <span class='ocrx_word' id='word_1_412' title='bbox 3060 2802 3220 2866; x_wconf 87' lang='lat' dir='ltr'><strong>tollit.</strong></span> <span class='ocrx_word' id='word_1_413' title='bbox 3267 2802 3364 2857; x_wconf 91' lang='lat' dir='ltr'><strong>sed</strong></span> <span class='ocrx_word' id='word_1_414' title='bbox 3397 2813 3584 2857; x_wconf 71' lang='lat' dir='ltr'><strong>servat</strong></span> 
     </span>
    </p>
   </div>
   <div class='ocr_carea' id='block_1_57' title="bbox 1994 2893 3587 2965">
    <p class='ocr_par' dir='ltr' id='par_1_57' title="bbox 1994 2893 3587 2965">
     <span class='ocr_line' id='line_1_57' title="bbox 1994 2893 3587 2965; baseline -0.001 -15"><span class='ocrx_word' id='word_1_415' title='bbox 1994 2894 2351 2950; x_wconf 87' lang='lat' dir='ltr'><strong>incolumem.</strong></span> <span class='ocrx_word' id='word_1_416' title='bbox 2385 2893 2456 2949; x_wconf 88' lang='lat' dir='ltr'><strong>At</strong></span> <span class='ocrx_word' id='word_1_417' title='bbox 2490 2908 2670 2965; x_wconf 89' lang='lat' dir='ltr'><strong>neque</strong></span> <span class='ocrx_word' id='word_1_418' title='bbox 2696 2910 2795 2964; x_wconf 86' lang='lat' dir='ltr'><strong>par</strong></span> <span class='ocrx_word' id='word_1_419' title='bbox 2823 2903 2994 2950; x_wconf 85' lang='lat' dir='ltr'><strong>est-ut</strong></span> <span class='ocrx_word' id='word_1_420' title='bbox 3031 2893 3303 2958; x_wconf 88' lang='lat' dir='ltr'><strong>dicamus,</strong></span> <span class='ocrx_word' id='word_1_421' title='bbox 3338 2894 3587 2965; x_wconf 87' lang='lat' dir='ltr'><strong>potuisse</strong></span> 
     </span>
    </p>
   </div>
   <div class='ocr_carea' id='block_1_58' title="bbox 1996 2984 3581 3057">
    <p class='ocr_par' dir='ltr' id='par_1_58' title="bbox 1996 2984 3581 3057">
     <span class='ocr_line' id='line_1_58' title="bbox 1996 2984 3581 3057; baseline 0.001 -16"><span class='ocrx_word' id='word_1_422' title='bbox 1996 2987 2206 3057; x_wconf 81' lang='lat' dir='ltr'><strong>absque</strong></span> <span class='ocrx_word' id='word_1_423' title='bbox 2263 2986 2475 3055; x_wconf 88' lang='lat' dir='ltr'><strong>peccati</strong></span> <span class='ocrx_word' id='word_1_424' title='bbox 2519 2985 2889 3049; x_wconf 85' lang='lat' dir='ltr'><strong>dissolutione</strong></span> <span class='ocrx_word' id='word_1_425' title='bbox 2920 2985 3207 3041; x_wconf 84' lang='lat' dir='ltr'><strong>hominem</strong></span> <span class='ocrx_word' id='word_1_426' title='bbox 3250 2984 3581 3043; x_wconf 86' lang='lat' dir='ltr'><strong>emundare.</strong></span> 
     </span>
    </p>
   </div>
   <div class='ocr_carea' id='block_1_59' title="bbox 1998 3076 3585 3148">
    <p class='ocr_par' dir='ltr' id='par_1_59' title="bbox 1998 3076 3585 3148">
     <span class='ocr_line' id='line_1_59' title="bbox 1998 3076 3585 3148; baseline 0 -16"><span class='ocrx_word' id='word_1_427' title='bbox 1998 3077 2114 3134; x_wconf 89' lang='lat' dir='ltr'><strong>lloc</strong></span> <span class='ocrx_word' id='word_1_428' title='bbox 2161 3080 2308 3133; x_wconf 86' lang='lat' dir='ltr'><strong>enim</strong></span> <span class='ocrx_word' id='word_1_429' title='bbox 2346 3076 2576 3147; x_wconf 73' lang='lat' dir='ltr'><strong>iustitiae</strong></span> <span class='ocrx_word' id='word_1_430' title='bbox 2615 3078 2756 3133; x_wconf 82' lang='lat' dir='ltr'><strong>tollit</strong></span> <span class='ocrx_word' id='word_1_431' title='bbox 2807 3077 3078 3134; x_wconf 86' lang='lat' dir='ltr'><strong>ordinem.</strong></span> <span class='ocrx_word' id='word_1_432' title='bbox 3152 3076 3351 3148; x_wconf 78' lang='lat' dir='ltr'><strong>Liquet</strong></span> <span class='ocrx_word' id='word_1_433' title='bbox 3415 3078 3585 3148; x_wconf 85' lang='lat' dir='ltr'><strong>igitur</strong></span> 
     </span>
    </p>
   </div>
   <div class='ocr_carea' id='block_1_60' title="bbox 302 3165 1886 3248">
    <p class='ocr_par' dir='ltr' id='par_1_60' title="bbox 302 3165 1886 3248">
     <span class='ocr_line' id='line_1_60' title="bbox 302 3165 1886 3248; baseline 0.009 -31"><span class='ocrx_word' id='word_1_434' title='bbox 302 3165 435 3229; x_wconf 81' lang='grc' dir='ltr'><strong>Θεὸς</strong></span> <span class='ocrx_word' id='word_1_435' title='bbox 450 3167 532 3220; x_wconf 81' lang='grc' dir='ltr'><strong>ὅτι</strong></span> <span class='ocrx_word' id='word_1_436' title='bbox 548 3167 635 3221; x_wconf 84' lang='grc' dir='ltr'><strong>διὰ</strong></span> <span class='ocrx_word' id='word_1_437' title='bbox 651 3166 745 3223; x_wconf 79' lang='grc' dir='ltr'><strong>τοῦ</strong></span> <span class='ocrx_word' id='word_1_438' title='bbox 768 3171 1001 3225; x_wconf 81' lang='grc' dir='ltr'><strong>θανάτου</strong></span> <span class='ocrx_word' id='word_1_439' title='bbox 1019 3171 1114 3227; x_wconf 88' lang='grc' dir='ltr'><strong>τοῦ</strong></span> <span class='ocrx_word' id='word_1_440' title='bbox 1142 3173 1270 3228; x_wconf 84' lang='grc' dir='ltr'><strong>Υἱοῦ</strong></span> <span class='ocrx_word' id='word_1_441' title='bbox 1293 3177 1458 3230; x_wconf 85' lang='grc' dir='ltr'><strong>αὐτοῦ</strong></span> <span class='ocrx_word' id='word_1_442' title='bbox 1476 3176 1574 3248; x_wconf 85' lang='grc' dir='ltr'><strong>τὴν</strong></span> <span class='ocrx_word' id='word_1_443' title='bbox 1595 3182 1703 3230; x_wconf 84' lang='grc' dir='ltr'><strong>τῶν</strong></span> <span class='ocrx_word' id='word_1_444' title='bbox 1722 3174 1886 3247; x_wconf 77' lang='grc' dir='ltr'><strong>τερατ-</strong></span> 
     </span>
    </p>
   </div>
   <div class='ocr_carea' id='block_1_61' title="bbox 1989 3165 3586 3248">
    <p class='ocr_par' dir='ltr' id='par_1_61' title="bbox 2004 3170 3586 3242">
     <span class='ocr_line' id='line_1_61' title="bbox 2004 3170 3586 3242; baseline 0.001 -17"><span class='ocrx_word' id='word_1_445' title='bbox 2004 3172 2171 3227; x_wconf 90' lang='lat' dir='ltr'><strong>Deum</strong></span> <span class='ocrx_word' id='word_1_446' title='bbox 2204 3187 2301 3242; x_wconf 88' lang='lat' dir='ltr'><strong>per</strong></span> <span class='ocrx_word' id='word_1_447' title='bbox 2326 3181 2555 3227; x_wconf 86' lang='lat' dir='ltr'><strong>mortem</strong></span> <span class='ocrx_word' id='word_1_448' title='bbox 2581 3170 2718 3228; x_wconf 64' lang='lat' dir='ltr'><strong>Filio</strong></span> <span class='ocrx_word' id='word_1_449' title='bbox 2744 3171 2827 3227; x_wconf 90' lang='lat' dir='ltr'><strong>sui</strong></span> <span class='ocrx_word' id='word_1_450' title='bbox 2853 3186 3033 3227; x_wconf 86' lang='lat' dir='ltr'><strong>rerum</strong></span> <span class='ocrx_word' id='word_1_451' title='bbox 3060 3171 3308 3228; x_wconf 91' lang='lat' dir='ltr'><strong>ordinem</strong></span> <span class='ocrx_word' id='word_1_452' title='bbox 3333 3187 3586 3228; x_wconf 89' lang='lat' dir='ltr'><strong>servasse</strong></span> 
     </span>
    </p>
   </div>
   <div class='ocr_carea' id='block_1_62' title="bbox 302 3259 1893 3338">
    <p class='ocr_par' dir='ltr' id='par_1_62' title="bbox 302 3259 1893 3338">
     <span class='ocr_line' id='line_1_62' title="bbox 302 3259 1893 3338; baseline 0.008 -28"><span class='ocrx_word' id='word_1_453' title='bbox 302 3259 491 3328; x_wconf 77' lang='grc' dir='ltr'><strong>μάτων</strong></span> <span class='ocrx_word' id='word_1_454' title='bbox 549 3262 792 3332; x_wconf 77' lang='grc' dir='ltr'><strong>ἐτήρησε</strong></span> <span class='ocrx_word' id='word_1_455' title='bbox 834 3263 990 3331; x_wconf 78' lang='grc' dir='ltr'><strong>τάξιν</strong></span> <span class='ocrx_word' id='word_1_456' title='bbox 1011 3267 1108 3319; x_wconf 79' lang='grc' dir='ltr'><strong>καὶ</strong></span> <span class='ocrx_word' id='word_1_457' title='bbox 1146 3267 1290 3320; x_wconf 85' lang='grc' dir='ltr'><strong>κατά</strong></span> <span class='ocrx_word' id='word_1_458' title='bbox 1314 3269 1413 3338; x_wconf 83' lang='grc' dir='ltr'><strong>τὴν</strong></span> <span class='ocrx_word' id='word_1_459' title='bbox 1438 3269 1598 3337; x_wconf 76' lang='grc' dir='ltr'><strong>φύσιν</strong></span> <span class='ocrx_word' id='word_1_460' title='bbox 1626 3271 1720 3325; x_wconf 78' lang='grc' dir='ltr'><strong>καὶ</strong></span> <span class='ocrx_word' id='word_1_461' title='bbox 1751 3273 1893 3323; x_wconf 76' lang='grc' dir='ltr'><strong>κατὰ</strong></span> 
     </span>
    </p>
   </div>
   <div class='ocr_carea' id='block_1_63' title="bbox 304 3349 1890 3428">
    <p class='ocr_par' dir='ltr' id='par_1_63' title="bbox 304 3349 1890 3428">
     <span class='ocr_line' id='line_1_63' title="bbox 304 3349 1890 3428; baseline 0.009 -27"><span class='ocrx_word' id='word_1_462' title='bbox 304 3349 402 3420; x_wconf 74' lang='grc' dir='ltr'><strong>τὴν</strong></span> <span class='ocrx_word' id='word_1_463' title='bbox 440 3350 817 3423; x_wconf 85' lang='grc' dir='ltr'><strong>δικαιοσύνην.</strong></span> <span class='ocrx_word' id='word_1_464' title='bbox 852 3356 968 3410; x_wconf 76' lang='grc' dir='ltr'><strong>Καὶ</strong></span> <span class='ocrx_word' id='word_1_465' title='bbox 1005 3358 1140 3428; x_wconf 81' lang='grc' dir='ltr'><strong>ἡμῖν</strong></span> <span class='ocrx_word' id='word_1_466' title='bbox 1170 3359 1325 3413; x_wconf 79' lang='grc' dir='ltr'><strong>οὐδὲν</strong></span> <span class='ocrx_word' id='word_1_467' title='bbox 1350 3360 1554 3414; x_wconf 79' lang='grc' dir='ltr'><strong>ἄτοπον</strong></span> <span class='ocrx_word' id='word_1_468' title='bbox 1580 3362 1890 3427; x_wconf 81' lang='grc' dir='ltr'><strong>ἀκολουθεῖ,</strong></span> 
     </span>
    </p>
   </div>
   <div class='ocr_carea' id='block_1_64' title="bbox 306 3441 1893 3521">
    <p class='ocr_par' dir='ltr' id='par_1_64' title="bbox 306 3441 1893 3521">
     <span class='ocr_line' id='line_1_64' title="bbox 306 3441 1893 3521; baseline 0.008 -28"><span class='ocrx_word' id='word_1_469' title='bbox 306 3441 524 3510; x_wconf 80' lang='grc' dir='ltr'><strong>λέγουσι</strong></span> <span class='ocrx_word' id='word_1_470' title='bbox 568 3443 661 3496; x_wconf 90' lang='grc' dir='ltr'><strong>τὸν</strong></span> <span class='ocrx_word' id='word_1_471' title='bbox 699 3446 823 3499; x_wconf 84' lang='grc' dir='ltr'><strong>Υίὸν</strong></span> <span class='ocrx_word' id='word_1_472' title='bbox 856 3448 952 3500; x_wconf 91' lang='grc' dir='ltr'><strong>τοῦ</strong></span> <span class='ocrx_word' id='word_1_473' title='bbox 988 3448 1126 3503; x_wconf 80' lang='grc' dir='ltr'><strong>Θεοῦ</strong></span> <span class='ocrx_word' id='word_1_474' title='bbox 1161 3449 1456 3520; x_wconf 77' lang='grc' dir='ltr'><strong>ἄνθρωπον</strong></span> <span class='ocrx_word' id='word_1_475' title='bbox 1500 3453 1763 3521; x_wconf 76' lang='grc' dir='ltr'><strong>γενέσθαι</strong></span> <span class='ocrx_word' id='word_1_476' title='bbox 1798 3457 1893 3508; x_wconf 70' lang='grc' dir='ltr'><strong>καὶ</strong></span> 
     </span>
    </p>
   </div>
   <div class='ocr_carea' id='block_1_65' title="bbox 304 3532 1895 3615">
    <p class='ocr_par' dir='ltr' id='par_1_65' title="bbox 304 3532 1895 3615">
     <span class='ocr_line' id='line_1_65' title="bbox 304 3532 1895 3615; baseline 0.007 -28"><span class='ocrx_word' id='word_1_477' title='bbox 304 3532 622 3589; x_wconf 76' lang='grc' dir='ltr'><strong>ἀποθανεῖν.</strong></span> <span class='ocrx_word' id='word_1_478' title='bbox 665 3536 873 3601; x_wconf 71' lang='grc' dir='ltr'><strong>Ἄλλως</strong></span> <span class='ocrx_word' id='word_1_479' title='bbox 921 3556 983 3592; x_wconf 90' lang='grc' dir='ltr'><strong>τε</strong></span> <span class='ocrx_word' id='word_1_480' title='bbox 1017 3544 1076 3594; x_wconf 82' lang='grc' dir='ltr'><strong>ὲν</strong></span> <span class='ocrx_word' id='word_1_481' title='bbox 1126 3543 1239 3615; x_wconf 87' lang='grc' dir='ltr'><strong>τοῖς</strong></span> <span class='ocrx_word' id='word_1_482' title='bbox 1274 3541 1373 3599; x_wconf 86' lang='grc' dir='ltr'><strong>τοῦ</strong></span> <span class='ocrx_word' id='word_1_483' title='bbox 1420 3542 1558 3596; x_wconf 83' lang='grc' dir='ltr'><strong>Θεοῦ</strong></span> <span class='ocrx_word' id='word_1_484' title='bbox 1598 3544 1784 3615; x_wconf 69' lang='grc' dir='ltr'><strong>ἔργοις</strong></span> <span class='ocrx_word' id='word_1_485' title='bbox 1829 3545 1895 3598; x_wconf 80' lang='grc' dir='ltr'><strong>ού</strong></span> 
     </span>
    </p>
   </div>
   <div class='ocr_carea' id='block_1_66' title="bbox 264 3614 1891 3708">
    <p class='ocr_par' dir='ltr' id='par_1_66' title="bbox 264 3614 1891 3708">
     <span class='ocr_line' id='line_1_66' title="bbox 264 3614 1891 3708; baseline 0.01 -34"><span class='ocrx_word' id='word_1_486' title='bbox 264 3622 460 3677; x_wconf 45' lang='grc' dir='ltr'><strong>’τοῦτο</strong></span> <span class='ocrx_word' id='word_1_487' title='bbox 485 3628 712 3679; x_wconf 82' lang='grc' dir='ltr'><strong>σκοπεῖν</strong></span> <span class='ocrx_word' id='word_1_488' title='bbox 744 3627 848 3692; x_wconf 80' lang='grc' dir='ltr'><strong>δεῖ,</strong></span> <span class='ocrx_word' id='word_1_489' title='bbox 884 3629 969 3683; x_wconf 83' lang='grc' dir='ltr'><strong>ὅτι</strong></span> <span class='ocrx_word' id='word_1_490' title='bbox 1000 3629 1122 3684; x_wconf 87' lang='grc' dir='ltr'><strong>τόδε</strong></span> <span class='ocrx_word' id='word_1_491' title='bbox 1140 3614 1205 3684; x_wconf 55' lang='grc' dir='ltr'><strong>’τι</strong></span> <span class='ocrx_word' id='word_1_492' title='bbox 1236 3633 1332 3686; x_wconf 78' lang='grc' dir='ltr'><strong>καὶ</strong></span> <span class='ocrx_word' id='word_1_493' title='bbox 1364 3633 1435 3689; x_wconf 80' lang='grc' dir='ltr'><strong>δι’</strong></span> <span class='ocrx_word' id='word_1_494' title='bbox 1464 3635 1655 3708; x_wconf 77' lang='grc' dir='ltr'><strong>ἑτέρου</strong></span> <span class='ocrx_word' id='word_1_495' title='bbox 1685 3636 1891 3708; x_wconf 87' lang='grc' dir='ltr'><strong>τρόπου</strong></span> 
     </span>
    </p>
   </div>
   <div class='ocr_carea' id='block_1_67' title="bbox 304 3715 1888 3799">
    <p class='ocr_par' dir='ltr' id='par_1_67' title="bbox 304 3715 1888 3799">
     <span class='ocr_line' id='line_1_67' title="bbox 304 3715 1888 3799; baseline 0.01 -31"><span class='ocrx_word' id='word_1_496' title='bbox 304 3715 525 3770; x_wconf 72' lang='grc' dir='ltr'><strong>ἐδύνατο</strong></span> <span class='ocrx_word' id='word_1_497' title='bbox 552 3719 834 3787; x_wconf 84' lang='grc' dir='ltr'><strong>γενέσθαι,</strong></span> <span class='ocrx_word' id='word_1_498' title='bbox 870 3722 1005 3777; x_wconf 83' lang='grc' dir='ltr'><strong>ἀλλά</strong></span> <span class='ocrx_word' id='word_1_499' title='bbox 1029 3722 1145 3789; x_wconf 86' lang='grc' dir='ltr'><strong>πῶς</strong></span> <span class='ocrx_word' id='word_1_500' title='bbox 1178 3722 1248 3779; x_wconf 81' lang='grc' dir='ltr'><strong>ἂν</strong></span> <span class='ocrx_word' id='word_1_501' title='bbox 1270 3727 1622 3799; x_wconf 71' lang='grc' dir='ltr'><strong>οἰκειοτέρως</strong></span> <span class='ocrx_word' id='word_1_502' title='bbox 1648 3728 1888 3798; x_wconf 78' lang='grc' dir='ltr'><strong>ἐγένετο,</strong></span> 
     </span>
    </p>
   </div>
   <div class='ocr_carea' id='block_1_68' title="bbox 306 3810 1599 3891">
    <p class='ocr_par' dir='ltr' id='par_1_68' title="bbox 306 3810 1599 3891">
     <span class='ocr_line' id='line_1_68' title="bbox 306 3810 1599 3891; baseline 0.009 -27"><span class='ocrx_word' id='word_1_503' title='bbox 306 3811 401 3864; x_wconf 79' lang='grc' dir='ltr'><strong>καὶ</strong></span> <span class='ocrx_word' id='word_1_504' title='bbox 435 3811 485 3863; x_wconf 79' lang='lat' dir='ltr'><strong>sl</strong></span> <span class='ocrx_word' id='word_1_505' title='bbox 513 3810 590 3882; x_wconf 81' lang='grc' dir='ltr'><strong>μὴ</strong></span> <span class='ocrx_word' id='word_1_506' title='bbox 622 3811 682 3865; x_wconf 88' lang='grc' dir='ltr'><strong>τὸ</strong></span> <span class='ocrx_word' id='word_1_507' title='bbox 717 3811 942 3883; x_wconf 81' lang='grc' dir='ltr'><strong>ἄριστόν</strong></span> <span class='ocrx_word' id='word_1_508' title='bbox 970 3818 1121 3872; x_wconf 75' lang='grc' dir='ltr'><strong>ἐστιν</strong></span> <span class='ocrx_word' id='word_1_509' title='bbox 1148 3816 1329 3883; x_wconf 76' lang='grc' dir='ltr'><strong>οὓτως</strong></span> <span class='ocrx_word' id='word_1_510' title='bbox 1352 3817 1428 3883; x_wconf 79' lang='grc' dir='ltr'><strong>ὡς</strong></span> <span class='ocrx_word' id='word_1_511' title='bbox 1462 3819 1599 3891; x_wconf 73' lang='grc' dir='ltr'><strong>ἔχει.</strong></span> 
     </span>
    </p>
   </div>
   <div class='ocr_carea' id='block_1_69' title="bbox 377 3982 1892 4059">
    <p class='ocr_par' dir='ltr' id='par_1_69' title="bbox 377 3982 1892 4059">
     <span class='ocr_line' id='line_1_69' title="bbox 377 3982 1892 4059; baseline 0.011 -23"><span class='ocrx_word' id='word_1_512' title='bbox 377 3982 441 4036; x_wconf 82' lang='lat' dir='ltr'><strong>El</strong></span> <span class='ocrx_word' id='word_1_513' title='bbox 472 3983 518 4037; x_wconf 79' lang='grc' dir='ltr'><strong>δ’</strong></span> <span class='ocrx_word' id='word_1_514' title='bbox 545 3984 629 4038; x_wconf 76' lang='grc' dir='ltr'><strong>ὅτι</strong></span> <span class='ocrx_word' id='word_1_515' title='bbox 652 3985 913 4059; x_wconf 81' lang='grc' dir='ltr'><strong>λέγομεν,</strong></span> <span class='ocrx_word' id='word_1_516' title='bbox 953 3990 1012 4044; x_wconf 89' lang='lat'><strong>&#39;0</strong></span> <span class='ocrx_word' id='word_1_517' title='bbox 1046 3990 1178 4055; x_wconf 74' lang='grc' dir='ltr'><strong>Θεὸς</strong></span> <span class='ocrx_word' id='word_1_518' title='bbox 1205 3992 1471 4058; x_wconf 64' lang='grc' dir='ltr'><strong>ἀπέθανε,</strong></span> <span class='ocrx_word' id='word_1_519' title='bbox 1505 3995 1612 4051; x_wconf 85' lang='grc' dir='ltr'><strong>τῶν</strong></span> <span class='ocrx_word' id='word_1_520' title='bbox 1640 3996 1892 4052; x_wconf 82' lang='grc' dir='ltr'><strong>ἀπίστων</strong></span> 
     </span>
    </p>
   </div>
   <div class='ocr_carea' id='block_1_70' title="bbox 307 4073 1887 4155">
    <p class='ocr_par' dir='ltr' id='par_1_70' title="bbox 307 4073 1887 4155">
     <span class='ocr_line' id='line_1_70' title="bbox 307 4073 1887 4155; baseline 0.012 -31"><span class='ocrx_word' id='word_1_521' title='bbox 307 4089 389 4137; x_wconf 85' lang='grc' dir='ltr'><strong>τις</strong></span> <span class='ocrx_word' id='word_1_522' title='bbox 418 4073 538 4153; x_wconf 67' lang='grc' dir='ltr'><strong>πῶς</strong></span> <span class='ocrx_word' id='word_1_523' title='bbox 565 4074 792 4132; x_wconf 87' lang='grc' dir='ltr'><strong>δύναται</strong></span> <span class='ocrx_word' id='word_1_524' title='bbox 825 4079 1089 4148; x_wconf 72' lang='grc' dir='ltr'><strong>γενέσθαι</strong></span> <span class='ocrx_word' id='word_1_525' title='bbox 1117 4080 1279 4136; x_wconf 89' lang='grc' dir='ltr'><strong>τοῦτο</strong></span> <span class='ocrx_word' id='word_1_526' title='bbox 1306 4082 1582 4155; x_wconf 82' lang='grc' dir='ltr'><strong>διαπορεῖ,</strong></span> <span class='ocrx_word' id='word_1_527' title='bbox 1614 4084 1757 4141; x_wconf 81' lang='grc' dir='ltr'><strong>ὥστε</strong></span> <span class='ocrx_word' id='word_1_528' title='bbox 1798 4107 1887 4144; x_wconf 92' lang='grc' dir='ltr'><strong>νο-</strong></span> 
     </span>
    </p>
   </div>
   <div class='ocr_carea' id='block_1_71' title="bbox 304 4166 1890 4252">
    <p class='ocr_par' dir='ltr' id='par_1_71' title="bbox 304 4166 1890 4252">
     <span class='ocr_line' id='line_1_71' title="bbox 304 4166 1890 4252; baseline 0.011 -33"><span class='ocrx_word' id='word_1_529' title='bbox 304 4166 488 4236; x_wconf 73' lang='grc' dir='ltr'><strong>μίζειν</strong></span> <span class='ocrx_word' id='word_1_530' title='bbox 538 4168 623 4222; x_wconf 80' lang='grc' dir='ltr'><strong>ὅτι</strong></span> <span class='ocrx_word' id='word_1_531' title='bbox 676 4170 706 4223; x_wconf 83' lang='grc' dir='ltr'><strong>ό</strong></span> <span class='ocrx_word' id='word_1_532' title='bbox 759 4169 891 4236; x_wconf 88' lang='grc' dir='ltr'><strong>Θεὸς</strong></span> <span class='ocrx_word' id='word_1_533' title='bbox 936 4173 1019 4245; x_wconf 80' lang='grc' dir='ltr'><strong>εἰς</strong></span> <span class='ocrx_word' id='word_1_534' title='bbox 1071 4175 1478 4245; x_wconf 76' lang='grc' dir='ltr'><strong>ἀνθρωπότητα</strong></span> <span class='ocrx_word' id='word_1_535' title='bbox 1538 4180 1890 4252; x_wconf 76' lang='grc' dir='ltr'><strong>μετεϐλήθηο</strong></span> 
     </span>
    </p>
   </div>
   <div class='ocr_carea' id='block_1_72' title="bbox 307 4259 1895 4344">
    <p class='ocr_par' dir='ltr' id='par_1_72' title="bbox 307 4259 1895 4344">
     <span class='ocr_line' id='line_1_72' title="bbox 307 4259 1895 4344; baseline 0.011 -33"><span class='ocrx_word' id='word_1_536' title='bbox 307 4259 422 4312; x_wconf 85' lang='grc' dir='ltr'><strong>ἀλλ’</strong></span> <span class='ocrx_word' id='word_1_537' title='bbox 451 4262 617 4333; x_wconf 77' lang='grc' dir='ltr'><strong>ἡμεῖς</strong></span> <span class='ocrx_word' id='word_1_538' title='bbox 649 4263 809 4318; x_wconf 87' lang='grc' dir='ltr'><strong>τοῦτο</strong></span> <span class='ocrx_word' id='word_1_539' title='bbox 831 4266 933 4337; x_wconf 82' lang='grc' dir='ltr'><strong>οὐχ</strong></span> <span class='ocrx_word' id='word_1_540' title='bbox 965 4265 1111 4320; x_wconf 72' lang='grc' dir='ltr'><strong>οὓτω</strong></span> <span class='ocrx_word' id='word_1_541' title='bbox 1133 4267 1395 4339; x_wconf 80' lang='grc' dir='ltr'><strong>λέγομεν.</strong></span> <span class='ocrx_word' id='word_1_542' title='bbox 1423 4269 1506 4324; x_wconf 81' lang='grc' dir='ltr'><strong>Τὰ</strong></span> <span class='ocrx_word' id='word_1_543' title='bbox 1527 4272 1636 4344; x_wconf 83' lang='grc' dir='ltr'><strong>γὰρ</strong></span> <span class='ocrx_word' id='word_1_544' title='bbox 1661 4271 1895 4344; x_wconf 84' lang='grc' dir='ltr'><strong>σώματά</strong></span> 
     </span>
    </p>
   </div>
   <div class='ocr_carea' id='block_1_73' title="bbox 307 4354 1895 4437">
    <p class='ocr_par' dir='ltr' id='par_1_73' title="bbox 307 4354 1895 4437">
     <span class='ocr_line' id='line_1_73' title="bbox 307 4354 1895 4437; baseline 0.01 -32"><span class='ocrx_word' id='word_1_545' title='bbox 307 4355 417 4407; x_wconf 75' lang='grc' dir='ltr'><strong>εἰσι</strong></span> <span class='ocrx_word' id='word_1_546' title='bbox 444 4354 514 4429; x_wconf 76' lang='grc' dir='ltr'><strong>τὰ</strong></span> <span class='ocrx_word' id='word_1_547' title='bbox 568 4355 984 4426; x_wconf 71' lang='grc' dir='ltr'><strong>μεταϐάλλοντα</strong></span> <span class='ocrx_word' id='word_1_548' title='bbox 1007 4359 1089 4425; x_wconf 79' lang='grc' dir='ltr'><strong>εἰς</strong></span> <span class='ocrx_word' id='word_1_549' title='bbox 1121 4360 1357 4431; x_wconf 82' lang='grc' dir='ltr'><strong>ἄλληλα,</strong></span> <span class='ocrx_word' id='word_1_550' title='bbox 1408 4363 1486 4427; x_wconf 85' lang='grc' dir='ltr'><strong>ὡς</strong></span> <span class='ocrx_word' id='word_1_551' title='bbox 1515 4364 1622 4436; x_wconf 83' lang='grc' dir='ltr'><strong>ἀὴρ</strong></span> <span class='ocrx_word' id='word_1_552' title='bbox 1669 4365 1780 4437; x_wconf 89' lang='grc' dir='ltr'><strong>πῦρ</strong></span> <span class='ocrx_word' id='word_1_553' title='bbox 1809 4368 1895 4436; x_wconf 80' lang='grc' dir='ltr'><strong>γί-</strong></span> 
     </span>
    </p>
   </div>
   <div class='ocr_carea' id='block_1_74' title="bbox 307 4448 1894 4531">
    <p class='ocr_par' dir='ltr' id='par_1_74' title="bbox 307 4448 1894 4531">
     <span class='ocr_line' id='line_1_74' title="bbox 307 4448 1894 4531; baseline 0.009 -32"><span class='ocrx_word' id='word_1_554' title='bbox 307 4462 478 4510; x_wconf 82' lang='grc' dir='ltr'><strong>νεται,</strong></span> <span class='ocrx_word' id='word_1_555' title='bbox 506 4449 586 4511; x_wconf 86' lang='grc' dir='ltr'><strong>εἰς</strong></span> <span class='ocrx_word' id='word_1_556' title='bbox 611 4448 725 4521; x_wconf 85' lang='grc' dir='ltr'><strong>πῦρ</strong></span> <span class='ocrx_word' id='word_1_557' title='bbox 758 4450 998 4521; x_wconf 77' lang='grc' dir='ltr'><strong>μετασάὶ</strong></span> <span class='ocrx_word' id='word_1_558' title='bbox 1010 4453 1103 4506; x_wconf 87' lang='grc' dir='ltr'><strong>λον</strong></span> <span class='ocrx_word' id='word_1_559' title='bbox 1124 4469 1141 4487; x_wconf 81' lang='grc' dir='ltr'><strong>ο</strong></span> <span class='ocrx_word' id='word_1_560' title='bbox 1171 4455 1240 4509; x_wconf 74' lang='grc' dir='ltr'><strong>τὰ</strong></span> <span class='ocrx_word' id='word_1_561' title='bbox 1267 4455 1325 4511; x_wconf 80' lang='grc' dir='ltr'><strong>δὲ</strong></span> <span class='ocrx_word' id='word_1_562' title='bbox 1355 4456 1631 4527; x_wconf 81' lang='grc' dir='ltr'><strong>ἀσώματα</strong></span> <span class='ocrx_word' id='word_1_563' title='bbox 1655 4457 1734 4529; x_wconf 82' lang='grc' dir='ltr'><strong>τῷ</strong></span> <span class='ocrx_word' id='word_1_564' title='bbox 1763 4458 1894 4531; x_wconf 89' lang='grc' dir='ltr'><strong>δρα-</strong></span> 
     </span>
    </p>
   </div>
   <div class='ocr_carea' id='block_1_75' title="bbox 1996 3251 3669 3336">
    <p class='ocr_par' dir='ltr' id='par_1_75' title="bbox 1996 3251 3669 3336">
     <span class='ocr_line' id='line_1_75' title="bbox 1996 3251 3669 3336; baseline 0.003 -20"><span class='ocrx_word' id='word_1_565' title='bbox 1996 3251 2354 3329; x_wconf 85' lang='lat' dir='ltr'><strong>incolumem,</strong></span> <span class='ocrx_word' id='word_1_566' title='bbox 2392 3264 2507 3319; x_wconf 79' lang='lat' dir='ltr'><strong>sive</strong></span> <span class='ocrx_word' id='word_1_567' title='bbox 2539 3266 2664 3334; x_wconf 91' lang='lat' dir='ltr'><strong>quis</strong></span> <span class='ocrx_word' id='word_1_568' title='bbox 2714 3277 2965 3320; x_wconf 84' lang='lat' dir='ltr'><strong>naturam</strong></span> <span class='ocrx_word' id='word_1_569' title='bbox 3001 3273 3232 3336; x_wconf 82' lang='lat' dir='ltr'><strong>spectet,</strong></span> <span class='ocrx_word' id='word_1_570' title='bbox 3281 3265 3395 3320; x_wconf 84' lang='lat' dir='ltr'><strong>sive</strong></span> <span class='ocrx_word' id='word_1_571' title='bbox 3423 3265 3589 3335; x_wconf 79' lang='lat' dir='ltr'><strong>justi-</strong></span> <span class='ocrx_word' id='word_1_572' title='bbox 3648 3288 3669 3299; x_wconf 67' lang='grc' dir='ltr'>ι</span> 
     </span>
    </p>
   </div>
   <div class='ocr_carea' id='block_1_76' title="bbox 1997 3353 3589 3428">
    <p class='ocr_par' dir='ltr' id='par_1_76' title="bbox 1997 3353 3589 3428">
     <span class='ocr_line' id='line_1_76' title="bbox 1997 3353 3589 3428; baseline 0.004 -20"><span class='ocrx_word' id='word_1_573' title='bbox 1997 3354 2151 3409; x_wconf 80' lang='lat' dir='ltr'><strong>tiam.</strong></span> <span class='ocrx_word' id='word_1_574' title='bbox 2187 3353 2299 3409; x_wconf 81' lang='lat' dir='ltr'><strong>Nec</strong></span> <span class='ocrx_word' id='word_1_575' title='bbox 2334 3355 2560 3411; x_wconf 89' lang='lat' dir='ltr'><strong>absurdi</strong></span> <span class='ocrx_word' id='word_1_576' title='bbox 2601 3357 2809 3425; x_wconf 87' lang='lat' dir='ltr'><strong>aliquid</strong></span> <span class='ocrx_word' id='word_1_577' title='bbox 2844 3357 3112 3428; x_wconf 87' lang='lat' dir='ltr'><strong>sequitur,</strong></span> <span class='ocrx_word' id='word_1_578' title='bbox 3145 3374 3210 3412; x_wconf 89' lang='lat' dir='ltr'><strong>eo</strong></span> <span class='ocrx_word' id='word_1_579' title='bbox 3245 3358 3389 3428; x_wconf 92' lang='lat' dir='ltr'><strong>quod</strong></span> <span class='ocrx_word' id='word_1_580' title='bbox 3431 3360 3589 3414; x_wconf 82' lang='lat' dir='ltr'><strong>dica-</strong></span> 
     </span>
    </p>
   </div>
   <div class='ocr_carea' id='block_1_77' title="bbox 1996 3440 3586 3506">
    <p class='ocr_par' dir='ltr' id='par_1_77' title="bbox 1996 3440 3586 3506">
     <span class='ocr_line' id='line_1_77' title="bbox 1996 3440 3586 3506; baseline 0.004 -6"><span class='ocrx_word' id='word_1_581' title='bbox 1996 3462 2121 3500; x_wconf 87' lang='lat' dir='ltr'><strong>mus</strong></span> <span class='ocrx_word' id='word_1_582' title='bbox 2155 3447 2245 3501; x_wconf 91' lang='lat' dir='ltr'><strong>Dei</strong></span> <span class='ocrx_word' id='word_1_583' title='bbox 2282 3445 2481 3502; x_wconf 87' lang='lat' dir='ltr'><strong>Filium</strong></span> <span class='ocrx_word' id='word_1_584' title='bbox 2513 3447 2717 3503; x_wconf 80' lang='lat' dir='ltr'><strong>factum</strong></span> <span class='ocrx_word' id='word_1_585' title='bbox 2746 3464 2871 3505; x_wconf 89' lang='lat' dir='ltr'><strong>esse</strong></span> <span class='ocrx_word' id='word_1_586' title='bbox 2906 3450 3183 3505; x_wconf 82' lang='lat' dir='ltr'><strong>hominem</strong></span> <span class='ocrx_word' id='word_1_587' title='bbox 3213 3465 3277 3505; x_wconf 86' lang='lat' dir='ltr'><strong>ac</strong></span> <span class='ocrx_word' id='word_1_588' title='bbox 3309 3440 3586 3506; x_wconf 86' lang='lat' dir='ltr'><strong>mortuum</strong></span> 
     </span>
    </p>
   </div>
   <div class='ocr_carea' id='block_1_78' title="bbox 1995 3535 3588 3619">
    <p class='ocr_par' dir='ltr' id='par_1_78' title="bbox 1995 3535 3588 3619">
     <span class='ocr_line' id='line_1_78' title="bbox 1995 3535 3588 3619; baseline 0.003 -29"><span class='ocrx_word' id='word_1_589' title='bbox 1995 3550 2143 3591; x_wconf 88' lang='lat' dir='ltr'><strong>esse.</strong></span> <span class='ocrx_word' id='word_1_590' title='bbox 2180 3535 2450 3607; x_wconf 77' lang='lat' dir='ltr'><strong>Accedit,</strong></span> <span class='ocrx_word' id='word_1_591' title='bbox 2484 3551 2594 3592; x_wconf 90' lang='lat' dir='ltr'><strong>non</strong></span> <span class='ocrx_word' id='word_1_592' title='bbox 2614 3539 2741 3619; x_wconf 43' lang='lat' dir='ltr'><strong>“hoc</strong></span> <span class='ocrx_word' id='word_1_593' title='bbox 2777 3539 3138 3608; x_wconf 84' lang='lat' dir='ltr'><strong>spectandum</strong></span> <span class='ocrx_word' id='word_1_594' title='bbox 3171 3540 3227 3595; x_wconf 88' lang='lat' dir='ltr'><strong>in</strong></span> <span class='ocrx_word' id='word_1_595' title='bbox 3271 3540 3369 3596; x_wconf 90' lang='lat' dir='ltr'><strong>Dei</strong></span> <span class='ocrx_word' id='word_1_596' title='bbox 3400 3543 3588 3610; x_wconf 66' lang='lat' dir='ltr'><strong>operi-</strong></span> 
     </span>
    </p>
   </div>
   <div class='ocr_carea' id='block_1_79' title="bbox 1998 3628 3582 3699">
    <p class='ocr_par' dir='ltr' id='par_1_79' title="bbox 1998 3628 3582 3699">
     <span class='ocr_line' id='line_1_79' title="bbox 1998 3628 3582 3699; baseline 0.003 -16"><span class='ocrx_word' id='word_1_597' title='bbox 1998 3628 2123 3694; x_wconf 88' lang='lat' dir='ltr'><strong>bus,</strong></span> <span class='ocrx_word' id='word_1_598' title='bbox 2156 3629 2405 3699; x_wconf 84' lang='lat' dir='ltr'><strong>potuisse</strong></span> <span class='ocrx_word' id='word_1_599' title='bbox 2442 3629 2548 3684; x_wconf 89' lang='lat' dir='ltr'><strong>hoc</strong></span> <span class='ocrx_word' id='word_1_600' title='bbox 2577 3639 2671 3684; x_wconf 84' lang='lat' dir='ltr'><strong>aut</strong></span> <span class='ocrx_word' id='word_1_601' title='bbox 2708 3630 2839 3685; x_wconf 88' lang='lat' dir='ltr'><strong>illud</strong></span> <span class='ocrx_word' id='word_1_602' title='bbox 2871 3631 2965 3688; x_wconf 86' lang='lat' dir='ltr'><strong>tali</strong></span> <span class='ocrx_word' id='word_1_603' title='bbox 2996 3631 3078 3687; x_wconf 85' lang='lat' dir='ltr'><strong>vel</strong></span> <span class='ocrx_word' id='word_1_604' title='bbox 3114 3632 3208 3686; x_wconf 82' lang='lat' dir='ltr'><strong>tali</strong></span> <span class='ocrx_word' id='word_1_605' title='bbox 3246 3632 3410 3688; x_wconf 91' lang='lat' dir='ltr'><strong>modo</strong></span> <span class='ocrx_word' id='word_1_606' title='bbox 3437 3633 3582 3697; x_wconf 81' lang='lat' dir='ltr'><strong>ﬁeri,</strong></span> 
     </span>
    </p>
   </div>
   <div class='ocr_carea' id='block_1_80' title="bbox 1994 3721 3582 3798">
    <p class='ocr_par' dir='ltr' id='par_1_80' title="bbox 1994 3721 3582 3798">
     <span class='ocr_line' id='line_1_80' title="bbox 1994 3721 3582 3798; baseline 0.003 -21"><span class='ocrx_word' id='word_1_607' title='bbox 1994 3721 2090 3777; x_wconf 85' lang='lat' dir='ltr'><strong>sed</strong></span> <span class='ocrx_word' id='word_1_608' title='bbox 2137 3721 2417 3791; x_wconf 87' lang='lat' dir='ltr'><strong>quomodo</strong></span> <span class='ocrx_word' id='word_1_609' title='bbox 2486 3724 2905 3780; x_wconf 83' lang='lat' dir='ltr'><strong>convenientius</strong></span> <span class='ocrx_word' id='word_1_610' title='bbox 2934 3725 3192 3794; x_wconf 86' lang='lat' dir='ltr'><strong>quodque</strong></span> <span class='ocrx_word' id='word_1_611' title='bbox 3224 3723 3430 3798; x_wconf 79' lang='lat' dir='ltr'><strong>factum</strong></span> <span class='ocrx_word' id='word_1_612' title='bbox 3471 3726 3582 3789; x_wconf 88' lang='lat' dir='ltr'><strong>sit;</strong></span> 
     </span>
    </p>
   </div>
   <div class='ocr_carea' id='block_1_81' title="bbox 1995 3813 3586 3893">
    <p class='ocr_par' dir='ltr' id='par_1_81' title="bbox 1995 3813 3586 3893">
     <span class='ocr_line' id='line_1_81' title="bbox 1995 3813 3586 3893; baseline 0.003 -26"><span class='ocrx_word' id='word_1_613' title='bbox 1995 3828 2060 3868; x_wconf 89' lang='lat' dir='ltr'><strong>ac</strong></span> <span class='ocrx_word' id='word_1_614' title='bbox 2089 3829 2220 3867; x_wconf 90' lang='lat' dir='ltr'><strong>num</strong></span> <span class='ocrx_word' id='word_1_615' title='bbox 2258 3813 2526 3893; x_wconf 79' lang='lat' dir='ltr'><strong>optimum</strong></span> <span class='ocrx_word' id='word_1_616' title='bbox 2555 3815 2627 3868; x_wconf 85' lang='lat' dir='ltr'><strong>sit</strong></span> <span class='ocrx_word' id='word_1_617' title='bbox 2656 3816 2801 3884; x_wconf 84' lang='lat' dir='ltr'><strong>quod</strong></span> <span class='ocrx_word' id='word_1_618' title='bbox 2834 3816 2916 3872; x_wconf 91' lang='lat' dir='ltr'><strong>sic</strong></span> <span class='ocrx_word' id='word_1_619' title='bbox 2941 3831 3000 3873; x_wconf 90' lang='lat' dir='ltr'><strong>se</strong></span> <span class='ocrx_word' id='word_1_620' title='bbox 3027 3831 3116 3872; x_wconf 89' lang='lat' dir='ltr'><strong>res</strong></span> <span class='ocrx_word' id='word_1_621' title='bbox 3146 3815 3406 3881; x_wconf 85' lang='lat' dir='ltr'><strong>habeant,</strong></span> <span class='ocrx_word' id='word_1_622' title='bbox 3434 3832 3500 3873; x_wconf 89' lang='lat' dir='ltr'><strong>ac</strong></span> <span class='ocrx_word' id='word_1_623' title='bbox 3524 3834 3586 3875; x_wconf 90' lang='lat' dir='ltr'><strong>se</strong></span> 
     </span>
    </p>
   </div>
   <div class='ocr_carea' id='block_1_82' title="bbox 1994 3905 3353 3963">
    <p class='ocr_par' dir='ltr' id='par_1_82' title="bbox 1994 3905 3353 3963">
     <span class='ocr_line' id='line_1_82' title="bbox 1994 3905 3353 3963; baseline 0.004 -4"><span class='ocrx_word' id='word_1_624' title='bbox 1994 3905 2216 3963; x_wconf 75' lang='lat' dir='ltr'><strong>habent.</strong></span> <span class='ocrx_word' id='word_1_625' title='bbox 2808 3940 2809 3943; x_wconf 58' lang='grc' dir='ltr'><strong>π</strong></span> <span class='ocrx_word' id='word_1_626' title='bbox 3346 3916 3353 3923; x_wconf 81' lang='grc'><em>’</em></span> 
     </span>
    </p>
   </div>
   <div class='ocr_carea' id='block_1_83' title="bbox 2065 3997 3584 4072">
    <p class='ocr_par' dir='ltr' id='par_1_83' title="bbox 2065 3997 3584 4072">
     <span class='ocr_line' id='line_1_83' title="bbox 2065 3997 3584 4072; baseline 0.007 -18"><span class='ocrx_word' id='word_1_627' title='bbox 2065 3997 2162 4054; x_wconf 85' lang='lat' dir='ltr'><strong>Siu</strong></span> <span class='ocrx_word' id='word_1_628' title='bbox 2192 4008 2374 4054; x_wconf 87' lang='lat' dir='ltr'><strong>autem</strong></span> <span class='ocrx_word' id='word_1_629' title='bbox 2410 3999 2618 4056; x_wconf 89' lang='lat' dir='ltr'><strong>idcirco</strong></span> <span class='ocrx_word' id='word_1_630' title='bbox 2649 4002 2796 4072; x_wconf 84' lang='lat' dir='ltr'><strong>quod</strong></span> <span class='ocrx_word' id='word_1_631' title='bbox 2836 4002 3075 4060; x_wconf 88' lang='lat' dir='ltr'><strong>dicimus</strong></span> <span class='ocrx_word' id='word_1_632' title='bbox 3101 4002 3274 4060; x_wconf 87' lang='lat' dir='ltr'><strong>Deum</strong></span> <span class='ocrx_word' id='word_1_633' title='bbox 3306 4014 3584 4063; x_wconf 88' lang='lat' dir='ltr'><strong>mortuum</strong></span> 
     </span>
    </p>
   </div>
   <div class='ocr_carea' id='block_1_84' title="bbox 1994 4089 3588 4174">
    <p class='ocr_par' dir='ltr' id='par_1_84' title="bbox 1994 4089 3588 4174">
     <span class='ocr_line' id='line_1_84' title="bbox 1994 4089 3588 4174; baseline 0.005 -29"><span class='ocrx_word' id='word_1_634' title='bbox 1994 4103 2138 4157; x_wconf 86' lang='lat' dir='ltr'><strong>esse,</strong></span> <span class='ocrx_word' id='word_1_635' title='bbox 2192 4089 2493 4146; x_wconf 76' lang='lat' dir='ltr'><strong>inﬁdelium</strong></span> <span class='ocrx_word' id='word_1_636' title='bbox 2530 4093 2742 4174; x_wconf 3' lang='lat' dir='ltr'><strong>aliquis,</strong></span> <span class='ocrx_word' id='word_1_637' title='bbox 2778 4093 3010 4160; x_wconf 84' lang='lat' dir='ltr'><strong>dubitet,</strong></span> <span class='ocrx_word' id='word_1_638' title='bbox 3060 4111 3298 4167; x_wconf 88' lang='lat' dir='ltr'><strong>quonam</strong></span> <span class='ocrx_word' id='word_1_639' title='bbox 3331 4096 3387 4153; x_wconf 91' lang='lat' dir='ltr'><strong>id</strong></span> <span class='ocrx_word' id='word_1_640' title='bbox 3425 4100 3588 4154; x_wconf 92' lang='lat' dir='ltr'><strong>modo</strong></span> 
     </span>
    </p>
   </div>
   <div class='ocr_carea' id='block_1_85' title="bbox 1998 4181 3581 4254">
    <p class='ocr_par' dir='ltr' id='par_1_85' title="bbox 1998 4181 3581 4254">
     <span class='ocr_line' id='line_1_85' title="bbox 1998 4181 3581 4254; baseline 0.006 -16"><span class='ocrx_word' id='word_1_641' title='bbox 1998 4181 2113 4238; x_wconf 84' lang='lat' dir='ltr'><strong>ﬁeri</strong></span> <span class='ocrx_word' id='word_1_642' title='bbox 2143 4183 2341 4254; x_wconf 86' lang='lat' dir='ltr'><strong>possit,</strong></span> <span class='ocrx_word' id='word_1_643' title='bbox 2374 4192 2434 4239; x_wconf 89' lang='lat' dir='ltr'><strong>ut</strong></span> <span class='ocrx_word' id='word_1_644' title='bbox 2458 4186 2838 4244; x_wconf 76' lang='lat' dir='ltr'><strong>existimemus</strong></span> <span class='ocrx_word' id='word_1_645' title='bbox 2876 4187 3046 4244; x_wconf 86' lang='lat' dir='ltr'><strong>Deum</strong></span> <span class='ocrx_word' id='word_1_646' title='bbox 3095 4189 3151 4245; x_wconf 92' lang='lat' dir='ltr'><strong>in</strong></span> <span class='ocrx_word' id='word_1_647' title='bbox 3195 4199 3446 4247; x_wconf 86' lang='lat' dir='ltr'><strong>naturam</strong></span> <span class='ocrx_word' id='word_1_648' title='bbox 3486 4194 3581 4247; x_wconf 90' lang='lat' dir='ltr'><strong>hu-</strong></span> 
     </span>
    </p>
   </div>
   <div class='ocr_carea' id='block_1_86' title="bbox 1996 4279 3588 4354">
    <p class='ocr_par' dir='ltr' id='par_1_86' title="bbox 1996 4279 3588 4354">
     <span class='ocr_line' id='line_1_86' title="bbox 1996 4279 3588 4354; baseline 0.004 -23"><span class='ocrx_word' id='word_1_649' title='bbox 1996 4291 2217 4332; x_wconf 89' lang='lat' dir='ltr'><strong>manam</strong></span> <span class='ocrx_word' id='word_1_650' title='bbox 2252 4284 2525 4332; x_wconf 84' lang='lat' dir='ltr'><strong>mutatum</strong></span> <span class='ocrx_word' id='word_1_651' title='bbox 2584 4279 2751 4354; x_wconf 79' lang='lat' dir='ltr'><strong>esse?</strong></span> <span class='ocrx_word' id='word_1_652' title='bbox 2799 4282 3197 4351; x_wconf 86' lang='lat' dir='ltr'><strong>respondemus</strong></span> <span class='ocrx_word' id='word_1_653' title='bbox 3243 4283 3297 4338; x_wconf 87' lang='lat' dir='ltr'><strong>id</strong></span> <span class='ocrx_word' id='word_1_654' title='bbox 3333 4299 3433 4341; x_wconf 89' lang='lat' dir='ltr'><strong>nos</strong></span> <span class='ocrx_word' id='word_1_655' title='bbox 3474 4300 3588 4341; x_wconf 85' lang='lat' dir='ltr'><strong>non</strong></span> 
     </span>
    </p>
   </div>
   <div class='ocr_carea' id='block_1_87' title="bbox 1995 4366 3582 4445">
    <p class='ocr_par' dir='ltr' id='par_1_87' title="bbox 1995 4366 3582 4445">
     <span class='ocr_line' id='line_1_87' title="bbox 1995 4366 3582 4445; baseline 0.006 -22"><span class='ocrx_word' id='word_1_656' title='bbox 1995 4368 2200 4424; x_wconf 88' lang='lat' dir='ltr'><strong>dicere.</strong></span> <span class='ocrx_word' id='word_1_657' title='bbox 2242 4366 2449 4439; x_wconf 85' lang='lat' dir='ltr'><strong>Nempe</strong></span> <span class='ocrx_word' id='word_1_658' title='bbox 2491 4383 2723 4440; x_wconf 83' lang='lat' dir='ltr'><strong>corpora</strong></span> <span class='ocrx_word' id='word_1_659' title='bbox 2762 4382 2912 4439; x_wconf 86' lang='lat' dir='ltr'><strong>sunt,</strong></span> <span class='ocrx_word' id='word_1_660' title='bbox 2947 4389 3070 4445; x_wconf 69' lang='lat' dir='ltr'><strong>quae</strong></span> <span class='ocrx_word' id='word_1_661' title='bbox 3098 4375 3202 4431; x_wconf 84' lang='lat' dir='ltr'><strong>alia</strong></span> <span class='ocrx_word' id='word_1_662' title='bbox 3228 4375 3287 4431; x_wconf 85' lang='lat' dir='ltr'><strong>in</strong></span> <span class='ocrx_word' id='word_1_663' title='bbox 3312 4377 3422 4433; x_wconf 88' lang='lat' dir='ltr'><strong>alia</strong></span> <span class='ocrx_word' id='word_1_664' title='bbox 3457 4393 3582 4432; x_wconf 86' lang='lat' dir='ltr'><strong>mu-</strong></span> 
     </span>
    </p>
   </div>
   <div class='ocr_carea' id='block_1_88' title="bbox 1997 4464 3592 4542">
    <p class='ocr_par' dir='ltr' id='par_1_88' title="bbox 1997 4464 3592 4542">
     <span class='ocr_line' id='line_1_88' title="bbox 1997 4464 3592 4542; baseline 0.008 -26"><span class='ocrx_word' id='word_1_665' title='bbox 1997 4470 2203 4542; x_wconf 66' lang='lat' dir='ltr'><strong>tantur,</strong></span> <span class='ocrx_word' id='word_1_666' title='bbox 2240 4470 2368 4532; x_wconf 87' lang='lat' dir='ltr'><strong>puta</strong></span> <span class='ocrx_word' id='word_1_667' title='bbox 2401 4477 2495 4519; x_wconf 84' lang='lat' dir='ltr'><strong>aer</strong></span> <span class='ocrx_word' id='word_1_668' title='bbox 2534 4464 2677 4535; x_wconf 86' lang='lat' dir='ltr'><strong>ignis</strong></span> <span class='ocrx_word' id='word_1_669' title='bbox 2705 4464 2958 4534; x_wconf 78' lang='lat' dir='ltr'><strong>eﬂieitur,</strong></span> <span class='ocrx_word' id='word_1_670' title='bbox 2993 4469 3138 4539; x_wconf 87' lang='lat' dir='ltr'><strong>quod</strong></span> <span class='ocrx_word' id='word_1_671' title='bbox 3166 4470 3220 4525; x_wconf 90' lang='lat' dir='ltr'><strong>in</strong></span> <span class='ocrx_word' id='word_1_672' title='bbox 3258 4471 3437 4542; x_wconf 84' lang='lat' dir='ltr'><strong>ignem</strong></span> <span class='ocrx_word' id='word_1_673' title='bbox 3470 4488 3592 4529; x_wconf 85' lang='lat' dir='ltr'><strong>mu-</strong></span> 
     </span>
    </p>
   </div>
   <div class='ocr_carea' id='block_1_89' title="bbox 306 4538 1886 4633">
    <p class='ocr_par' dir='ltr' id='par_1_89' title="bbox 306 4538 1886 4621">
     <span class='ocr_line' id='line_1_89' title="bbox 306 4538 1886 4621; baseline 0.009 -31"><span class='ocrx_word' id='word_1_674' title='bbox 306 4538 480 4610; x_wconf 84' lang='grc' dir='ltr'><strong>στικῷ</strong></span> <span class='ocrx_word' id='word_1_675' title='bbox 506 4540 608 4610; x_wconf 74' lang='grc' dir='ltr'><strong>τῆς</strong></span> <span class='ocrx_word' id='word_1_676' title='bbox 642 4541 826 4596; x_wconf 82' lang='grc' dir='ltr'><strong>αὐτῶν</strong></span> <span class='ocrx_word' id='word_1_677' title='bbox 865 4542 1155 4615; x_wconf 84' lang='grc' dir='ltr'><strong>δυνάμεως</strong></span> <span class='ocrx_word' id='word_1_678' title='bbox 1204 4546 1451 4602; x_wconf 79' lang='grc' dir='ltr'><strong>ἑνοῦνται</strong></span> <span class='ocrx_word' id='word_1_679' title='bbox 1489 4550 1601 4611; x_wconf 81' lang='grc' dir='ltr'><strong>τοῖς</strong></span> <span class='ocrx_word' id='word_1_680' title='bbox 1649 4567 1886 4621; x_wconf 82' lang='grc' dir='ltr'><strong>σωματι-</strong></span> 
     </span>
    </p>
   </div>
   <div class='ocr_carea' id='block_1_90' title="bbox 1989 4538 3590 4633">
    <p class='ocr_par' dir='ltr' id='par_1_90' title="bbox 1992 4538 3590 4633">
     <span class='ocr_line' id='line_1_90' title="bbox 1992 4538 3590 4633; baseline 0.004 -24"><span class='ocrx_word' id='word_1_681' title='bbox 1992 4562 2163 4633; x_wconf 84' lang='lat' dir='ltr'><strong>tetur.</strong></span> <span class='ocrx_word' id='word_1_682' title='bbox 2186 4538 2523 4624; x_wconf 72' lang='lat' dir='ltr'><strong>incorporea</strong></span> <span class='ocrx_word' id='word_1_683' title='bbox 2559 4570 2697 4610; x_wconf 88' lang='lat' dir='ltr'><strong>vero</strong></span> <span class='ocrx_word' id='word_1_684' title='bbox 2746 4557 2969 4633; x_wconf 15' lang='lat' dir='ltr'><strong>suae‘vis</strong></span> <span class='ocrx_word' id='word_1_685' title='bbox 2999 4538 3236 4614; x_wconf 72' lang='lat' dir='ltr'><strong>emcacia</strong></span> <span class='ocrx_word' id='word_1_686' title='bbox 3264 4538 3590 4630; x_wconf 73' lang='lat' dir='ltr'><strong>corporibus</strong></span> 
     </span>
    </p>
   </div>
   <div class='ocr_carea' id='block_1_91' title="bbox 304 4629 1898 4715">
    <p class='ocr_par' dir='ltr' id='par_1_91' title="bbox 304 4629 1898 4715">
     <span class='ocr_line' id='line_1_91' title="bbox 304 4629 1898 4715; baseline 0.01 -35"><span class='ocrx_word' id='word_1_687' title='bbox 304 4629 444 4695; x_wconf 87' lang='grc' dir='ltr'><strong>κοῖς,</strong></span> <span class='ocrx_word' id='word_1_688' title='bbox 479 4631 676 4707; x_wconf 15' lang='grc' dir='ltr'><strong>καὶκδι³</strong></span> <span class='ocrx_word' id='word_1_689' title='bbox 718 4632 901 4689; x_wconf 84' lang='grc' dir='ltr'><strong>αὐτῶν</strong></span> <span class='ocrx_word' id='word_1_690' title='bbox 943 4635 1227 4707; x_wconf 83' lang='grc' dir='ltr'><strong>διήκουσιν</strong></span> <span class='ocrx_word' id='word_1_691' title='bbox 1255 4654 1270 4671; x_wconf 81' lang='grc' dir='ltr'><strong>ο</strong></span> <span class='ocrx_word' id='word_1_692' title='bbox 1321 4638 1513 4711; x_wconf 84' lang='grc' dir='ltr'><strong>ὥσπερ</strong></span> <span class='ocrx_word' id='word_1_693' title='bbox 1543 4643 1576 4711; x_wconf 85' lang='grc' dir='ltr'><strong>ή</strong></span> <span class='ocrx_word' id='word_1_694' title='bbox 1626 4641 1773 4713; x_wconf 80' lang='grc' dir='ltr'>ψυχὴ</span> <span class='ocrx_word' id='word_1_695' title='bbox 1819 4651 1898 4715; x_wconf 80' lang='grc' dir='ltr'><strong>τῷ</strong></span> 
     </span>
    </p>
   </div>
   <div class='ocr_carea' id='block_1_92' title="bbox 307 4720 1894 4805">
    <p class='ocr_par' dir='ltr' id='par_1_92' title="bbox 307 4720 1894 4805">
     <span class='ocr_line' id='line_1_92' title="bbox 307 4720 1894 4805; baseline 0.01 -31"><span class='ocrx_word' id='word_1_696' title='bbox 307 4720 522 4791; x_wconf 84' lang='grc' dir='ltr'><strong>σώματι</strong></span> <span class='ocrx_word' id='word_1_697' title='bbox 553 4724 791 4781; x_wconf 77' lang='grc' dir='ltr'><strong>ἑνοῦται.</strong></span> <span class='ocrx_word' id='word_1_698' title='bbox 830 4725 893 4780; x_wconf 80' lang='lat' dir='ltr'><strong>El</strong></span> <span class='ocrx_word' id='word_1_699' title='bbox 923 4727 1038 4801; x_wconf 83' lang='grc' dir='ltr'><strong>δὲή</strong></span> <span class='ocrx_word' id='word_1_700' title='bbox 1068 4727 1218 4800; x_wconf 81' lang='grc' dir='ltr'><strong>ψυχὴ</strong></span> <span class='ocrx_word' id='word_1_701' title='bbox 1247 4730 1326 4799; x_wconf 83' lang='grc' dir='ltr'><strong>τῷ</strong></span> <span class='ocrx_word' id='word_1_702' title='bbox 1370 4730 1584 4802; x_wconf 88' lang='grc' dir='ltr'><strong>σώματι</strong></span> <span class='ocrx_word' id='word_1_703' title='bbox 1629 4735 1894 4805; x_wconf 80' lang='grc' dir='ltr'><strong>ἐνουμένη</strong></span> 
     </span>
    </p>
   </div>
   <div class='ocr_carea' id='block_1_93' title="bbox 304 4811 1895 4901">
    <p class='ocr_par' dir='ltr' id='par_1_93' title="bbox 304 4811 1895 4901">
     <span class='ocr_line' id='line_1_93' title="bbox 304 4811 1895 4901; baseline 0.012 -36"><span class='ocrx_word' id='word_1_704' title='bbox 304 4811 385 4901; x_wconf 39' lang='grc' dir='ltr'><strong>οὐ.</strong></span> <span class='ocrx_word' id='word_1_705' title='bbox 425 4814 826 4883; x_wconf 76' lang='grc' dir='ltr'><strong>μεταϐάλλεται</strong></span> <span class='ocrx_word' id='word_1_706' title='bbox 878 4821 1001 4875; x_wconf 83' lang='grc' dir='ltr'><strong>κατ’</strong></span> <span class='ocrx_word' id='word_1_707' title='bbox 1053 4822 1281 4878; x_wconf 83' lang='grc' dir='ltr'><strong>οὐσίαν·</strong></span> <span class='ocrx_word' id='word_1_708' title='bbox 1353 4825 1538 4896; x_wconf 79' lang='grc' dir='ltr'><strong>πολλῷ</strong></span> <span class='ocrx_word' id='word_1_709' title='bbox 1603 4827 1807 4896; x_wconf 78' lang='grc' dir='ltr'><strong>μὀίλλον</strong></span> <span class='ocrx_word' id='word_1_710' title='bbox 1866 4830 1895 4883; x_wconf 85' lang='grc' dir='ltr'><strong>ὁ</strong></span> 
     </span>
    </p>
   </div>
   <div class='ocr_carea' id='block_1_94' title="bbox 305 4905 1892 4987">
    <p class='ocr_par' dir='ltr' id='par_1_94' title="bbox 305 4905 1892 4987">
     <span class='ocr_line' id='line_1_94' title="bbox 305 4905 1892 4987; baseline 0.011 -28"><span class='ocrx_word' id='word_1_711' title='bbox 305 4905 649 4974; x_wconf 84' lang='grc' dir='ltr'><strong>ἀπλούσατος</strong></span> <span class='ocrx_word' id='word_1_712' title='bbox 685 4911 820 4976; x_wconf 83' lang='grc' dir='ltr'><strong>Θεὸς</strong></span> <span class='ocrx_word' id='word_1_713' title='bbox 851 4913 1013 4969; x_wconf 85' lang='grc' dir='ltr'><strong>πλέον</strong></span> <span class='ocrx_word' id='word_1_714' title='bbox 1041 4914 1075 4987; x_wconf 80' lang='grc' dir='ltr'>ἢ</span> <span class='ocrx_word' id='word_1_715' title='bbox 1108 4916 1176 4970; x_wconf 82' lang='grc' dir='ltr'><strong>ἂν</strong></span> <span class='ocrx_word' id='word_1_716' title='bbox 1202 4914 1348 4972; x_wconf 73' lang='grc' dir='ltr'><strong>εἴποι</strong></span> <span class='ocrx_word' id='word_1_717' title='bbox 1377 4936 1460 4979; x_wconf 89' lang='grc' dir='ltr'><strong>τις</strong></span> <span class='ocrx_word' id='word_1_718' title='bbox 1480 4919 1706 4975; x_wconf 87' lang='grc' dir='ltr'><strong>δύναται</strong></span> <span class='ocrx_word' id='word_1_719' title='bbox 1737 4921 1892 4977; x_wconf 79' lang='grc' dir='ltr'><strong>ἑνοῦ-</strong></span> 
     </span>
    </p>
   </div>
   <div class='ocr_carea' id='block_1_95' title="bbox 305 4999 1891 5086">
    <p class='ocr_par' dir='ltr' id='par_1_95' title="bbox 305 4999 1891 5086">
     <span class='ocr_line' id='line_1_95' title="bbox 305 4999 1891 5086; baseline 0.013 -34"><span class='ocrx_word' id='word_1_720' title='bbox 305 4999 432 5053; x_wconf 89' lang='grc' dir='ltr'><strong>σθαι</strong></span> <span class='ocrx_word' id='word_1_721' title='bbox 462 5003 572 5064; x_wconf 78' lang='grc' dir='ltr'><strong>τοῖς</strong></span> <span class='ocrx_word' id='word_1_722' title='bbox 622 5002 867 5072; x_wconf 85' lang='grc' dir='ltr'><strong>σώμασι,</strong></span> <span class='ocrx_word' id='word_1_723' title='bbox 904 5007 981 5078; x_wconf 79' lang='grc' dir='ltr'><strong>μὴ</strong></span> <span class='ocrx_word' id='word_1_724' title='bbox 1037 5008 1536 5086; x_wconf 58' lang='grc' dir='ltr'><strong>μεταξαλλόμενος.</strong></span> <span class='ocrx_word' id='word_1_725' title='bbox 1585 5014 1749 5086; x_wconf 55' lang='lat' dir='ltr'><strong>una</strong></span> <span class='ocrx_word' id='word_1_726' title='bbox 1795 5017 1891 5071; x_wconf 74' lang='grc' dir='ltr'><strong>καὶ</strong></span> 
     </span>
    </p>
   </div>
   <div class='ocr_carea' id='block_1_96' title="bbox 246 5080 1886 5173">
    <p class='ocr_par' dir='ltr' id='par_1_96' title="bbox 246 5080 1886 5173">
     <span class='ocr_line' id='line_1_96' title="bbox 246 5080 1886 5173; baseline 0.009 -29"><span class='ocrx_word' id='word_1_727' title='bbox 246 5082 251 5087; x_wconf 60' lang='grc'><em>’</em></span> <span class='ocrx_word' id='word_1_728' title='bbox 303 5092 366 5145; x_wconf 89' lang='grc' dir='ltr'><strong>τὸ</strong></span> <span class='ocrx_word' id='word_1_729' title='bbox 395 5093 509 5164; x_wconf 88' lang='grc' dir='ltr'><strong>πῦρ</strong></span> <span class='ocrx_word' id='word_1_730' title='bbox 531 5094 625 5148; x_wconf 89' lang='grc' dir='ltr'><strong>τὸν</strong></span> <span class='ocrx_word' id='word_1_731' title='bbox 655 5097 876 5168; x_wconf 77' lang='grc' dir='ltr'><strong>σίδηρον</strong></span> <span class='ocrx_word' id='word_1_732' title='bbox 908 5098 1135 5170; x_wconf 73' lang='grc' dir='ltr'><strong>πύρινον</strong></span> <span class='ocrx_word' id='word_1_733' title='bbox 1163 5080 1355 5168; x_wconf 73' lang='grc' dir='ltr'><strong>ποιῶν,</strong></span> <span class='ocrx_word' id='word_1_734' title='bbox 1386 5102 1445 5155; x_wconf 87' lang='grc' dir='ltr'><strong>ού</strong></span> <span class='ocrx_word' id='word_1_735' title='bbox 1480 5104 1886 5173; x_wconf 79' lang='grc' dir='ltr'><strong>μεταϐάλλεται</strong></span> 
     </span>
    </p>
   </div>
   <div class='ocr_carea' id='block_1_97' title="bbox 310 5186 1897 5266">
    <p class='ocr_par' dir='ltr' id='par_1_97' title="bbox 310 5186 1897 5266">
     <span class='ocr_line' id='line_1_97' title="bbox 310 5186 1897 5266; baseline 0.009 -27"><span class='ocrx_word' id='word_1_736' title='bbox 310 5186 392 5250; x_wconf 86' lang='grc' dir='ltr'><strong>είς</strong></span> <span class='ocrx_word' id='word_1_737' title='bbox 433 5189 534 5258; x_wconf 79' lang='grc' dir='ltr'><strong>τὴν</strong></span> <span class='ocrx_word' id='word_1_738' title='bbox 585 5190 682 5243; x_wconf 80' lang='grc' dir='ltr'><strong>τοῦ</strong></span> <span class='ocrx_word' id='word_1_739' title='bbox 715 5192 886 5264; x_wconf 73' lang='grc' dir='ltr'><strong>πυρὸς</strong></span> <span class='ocrx_word' id='word_1_740' title='bbox 939 5193 1149 5250; x_wconf 85' lang='grc' dir='ltr'><strong>οὐσίαν.</strong></span> <span class='ocrx_word' id='word_1_741' title='bbox 1198 5194 1340 5250; x_wconf 81' lang='grc' dir='ltr'><strong>Ἀλλ’</strong></span> <span class='ocrx_word' id='word_1_742' title='bbox 1369 5197 1428 5249; x_wconf 77' lang='grc' dir='ltr'><strong>ἐν</strong></span> <span class='ocrx_word' id='word_1_743' title='bbox 1481 5195 1580 5266; x_wconf 79' lang='grc' dir='ltr'><strong>μὲν</strong></span> <span class='ocrx_word' id='word_1_744' title='bbox 1613 5200 1726 5262; x_wconf 85' lang='grc' dir='ltr'><strong>τοῖς</strong></span> <span class='ocrx_word' id='word_1_745' title='bbox 1779 5201 1897 5253; x_wconf 83' lang='grc' dir='ltr'><strong>κτί-</strong></span> 
     </span>
    </p>
   </div>
   <div class='ocr_carea' id='block_1_98' title="bbox 310 5281 1896 5355">
    <p class='ocr_par' dir='ltr' id='par_1_98' title="bbox 310 5281 1896 5355">
     <span class='ocr_line' id='line_1_98' title="bbox 310 5281 1896 5355; baseline 0.008 -24"><span class='ocrx_word' id='word_1_746' title='bbox 310 5295 480 5347; x_wconf 85' lang='grc' dir='ltr'><strong>σμασι</strong></span> <span class='ocrx_word' id='word_1_747' title='bbox 514 5281 638 5335; x_wconf 79' lang='grc' dir='ltr'><strong>κατ⁹</strong></span> <span class='ocrx_word' id='word_1_748' title='bbox 689 5281 848 5337; x_wconf 81' lang='grc' dir='ltr'><strong>ἄλλον</strong></span> <span class='ocrx_word' id='word_1_749' title='bbox 887 5285 1089 5355; x_wconf 84' lang='grc' dir='ltr'><strong>τρόπον</strong></span> <span class='ocrx_word' id='word_1_750' title='bbox 1113 5288 1141 5339; x_wconf 85' lang='grc' dir='ltr'>ὀ</span> <span class='ocrx_word' id='word_1_751' title='bbox 1170 5285 1303 5350; x_wconf 84' lang='grc' dir='ltr'><strong>Θεὸς</strong></span> <span class='ocrx_word' id='word_1_752' title='bbox 1348 5288 1508 5339; x_wconf 80' lang='grc' dir='ltr'><strong>οἰκεῖ·</strong></span> <span class='ocrx_word' id='word_1_753' title='bbox 1561 5290 1653 5340; x_wconf 74' lang='grc' dir='ltr'><strong>καὶ</strong></span> <span class='ocrx_word' id='word_1_754' title='bbox 1685 5288 1896 5355; x_wconf 83' lang='grc' dir='ltr'><strong>τούτοις</strong></span> 
     </span>
    </p>
   </div>
   <div class='ocr_carea' id='block_1_99' title="bbox 308 5371 1898 5450">
    <p class='ocr_par' dir='ltr' id='par_1_99' title="bbox 308 5371 1898 5450">
     <span class='ocr_line' id='line_1_99' title="bbox 308 5371 1898 5450; baseline 0.004 -23"><span class='ocrx_word' id='word_1_755' title='bbox 308 5371 550 5438; x_wconf 60' lang='grc' dir='ltr'><strong>ἑνοῦται,</strong></span> <span class='ocrx_word' id='word_1_756' title='bbox 578 5377 691 5449; x_wconf 82' lang='grc' dir='ltr'><strong>τοῖς</strong></span> <span class='ocrx_word' id='word_1_757' title='bbox 726 5376 827 5446; x_wconf 86' lang='grc' dir='ltr'><strong>μὲν</strong></span> <span class='ocrx_word' id='word_1_758' title='bbox 856 5376 1066 5442; x_wconf 81' lang='grc' dir='ltr'><strong>πλεῖον,</strong></span> <span class='ocrx_word' id='word_1_759' title='bbox 1090 5380 1205 5442; x_wconf 87' lang='grc' dir='ltr'><strong>τοῖς</strong></span> <span class='ocrx_word' id='word_1_760' title='bbox 1236 5377 1295 5433; x_wconf 82' lang='grc' dir='ltr'><strong>δὲ</strong></span> <span class='ocrx_word' id='word_1_761' title='bbox 1340 5378 1584 5442; x_wconf 79' lang='grc' dir='ltr'><strong>ἔλαττον,</strong></span> <span class='ocrx_word' id='word_1_762' title='bbox 1620 5380 1764 5433; x_wconf 77' lang='grc' dir='ltr'><strong>κατὰ</strong></span> <span class='ocrx_word' id='word_1_763' title='bbox 1796 5384 1898 5450; x_wconf 76' lang='grc' dir='ltr'><strong>τὴν</strong></span> 
     </span>
    </p>
   </div>
   <div class='ocr_carea' id='block_1_100' title="bbox 307 5461 1893 5540">
    <p class='ocr_par' dir='ltr' id='par_1_100' title="bbox 307 5461 1893 5540">
     <span class='ocr_line' id='line_1_100' title="bbox 307 5461 1893 5540; baseline 0.005 -22"><span class='ocrx_word' id='word_1_764' title='bbox 307 5461 600 5533; x_wconf 73' lang='grc' dir='ltr'><strong>ἀναλογίαν</strong></span> <span class='ocrx_word' id='word_1_765' title='bbox 627 5467 726 5538; x_wconf 82' lang='grc' dir='ltr'><strong>τῆς</strong></span> <span class='ocrx_word' id='word_1_766' title='bbox 764 5467 947 5522; x_wconf 78' lang='grc' dir='ltr'><strong>αὐτῶν</strong></span> <span class='ocrx_word' id='word_1_767' title='bbox 982 5469 1200 5537; x_wconf 82' lang='grc' dir='ltr'><strong>φύσεως</strong></span> <span class='ocrx_word' id='word_1_768' title='bbox 1224 5469 1319 5523; x_wconf 78' lang='grc' dir='ltr'><strong>καὶ</strong></span> <span class='ocrx_word' id='word_1_769' title='bbox 1351 5468 1696 5539; x_wconf 77' lang='grc' dir='ltr'><strong>τελειότητος</strong></span> <span class='ocrx_word' id='word_1_770' title='bbox 1731 5471 1893 5540; x_wconf 77' lang='grc' dir='ltr'><strong>μετέο</strong></span> 
     </span>
    </p>
   </div>
   <div class='ocr_carea' id='block_1_101' title="bbox 309 5555 1898 5634">
    <p class='ocr_par' dir='ltr' id='par_1_101' title="bbox 309 5555 1898 5634">
     <span class='ocr_line' id='line_1_101' title="bbox 309 5555 1898 5634; baseline 0.004 -26"><span class='ocrx_word' id='word_1_771' title='bbox 309 5555 505 5626; x_wconf 87' lang='grc' dir='ltr'><strong>χεσθαι</strong></span> <span class='ocrx_word' id='word_1_772' title='bbox 545 5559 840 5630; x_wconf 85' lang='grc' dir='ltr'><strong>λεγόμενος</strong></span> <span class='ocrx_word' id='word_1_773' title='bbox 887 5560 1212 5631; x_wconf 79' lang='grc' dir='ltr'><strong>ἀμεθέκτως</strong></span> <span class='ocrx_word' id='word_1_774' title='bbox 1237 5578 1251 5593; x_wconf 88' lang='grc'><strong>·</strong></span> <span class='ocrx_word' id='word_1_775' title='bbox 1300 5564 1358 5615; x_wconf 72' lang='grc' dir='ltr'><strong>ἐν</strong></span> <span class='ocrx_word' id='word_1_776' title='bbox 1386 5561 1445 5616; x_wconf 75' lang='grc' dir='ltr'><strong>δὲ</strong></span> <span class='ocrx_word' id='word_1_777' title='bbox 1476 5564 1542 5634; x_wconf 76' lang='grc' dir='ltr'><strong>τῇ</strong></span> <span class='ocrx_word' id='word_1_778' title='bbox 1588 5563 1898 5634; x_wconf 64' lang='grc' dir='ltr'><strong>προσλήψει</strong></span> 
     </span>
    </p>
   </div>
   <div class='ocr_carea' id='block_1_102' title="bbox 308 5647 1893 5730">
    <p class='ocr_par' dir='ltr' id='par_1_102' title="bbox 308 5647 1893 5730">
     <span class='ocr_line' id='line_1_102' title="bbox 308 5647 1893 5730; baseline 0.007 -30"><span class='ocrx_word' id='word_1_779' title='bbox 308 5647 486 5721; x_wconf 79' lang='grc' dir='ltr'><strong>ταύτῃ</strong></span> <span class='ocrx_word' id='word_1_780' title='bbox 509 5650 613 5720; x_wconf 81' lang='grc' dir='ltr'><strong>τῆς</strong></span> <span class='ocrx_word' id='word_1_781' title='bbox 658 5652 884 5722; x_wconf 86' lang='grc' dir='ltr'><strong>σαρκὸς,</strong></span> <span class='ocrx_word' id='word_1_782' title='bbox 918 5651 986 5725; x_wconf 74' lang='grc' dir='ltr'><strong>ἣν</strong></span> <span class='ocrx_word' id='word_1_783' title='bbox 1022 5656 1069 5730; x_wconf 38' lang='grc' dir='ltr'><strong>,ὁ</strong></span> <span class='ocrx_word' id='word_1_784' title='bbox 1098 5654 1236 5719; x_wconf 85' lang='grc' dir='ltr'><strong>Θεὸς</strong></span> <span class='ocrx_word' id='word_1_785' title='bbox 1281 5654 1464 5727; x_wconf 82' lang='grc' dir='ltr'><strong>ἐαυτῷ</strong></span> <span class='ocrx_word' id='word_1_786' title='bbox 1515 5657 1893 5728; x_wconf 76' lang='grc' dir='ltr'><strong>ὑπεστήσατο,</strong></span> 
     </span>
    </p>
   </div>
   <div class='ocr_carea' id='block_1_103' title="bbox 308 5740 1894 5822">
    <p class='ocr_par' dir='ltr' id='par_1_103' title="bbox 308 5740 1894 5822">
     <span class='ocr_line' id='line_1_103' title="bbox 308 5740 1894 5822; baseline 0.008 -28"><span class='ocrx_word' id='word_1_787' title='bbox 308 5740 645 5817; x_wconf 81' lang='grc' dir='ltr'><strong>ὑψηλότερον</strong></span> <span class='ocrx_word' id='word_1_788' title='bbox 672 5748 877 5818; x_wconf 83' lang='grc' dir='ltr'><strong>τρόπον</strong></span> <span class='ocrx_word' id='word_1_789' title='bbox 904 5748 999 5802; x_wconf 70' lang='grc' dir='ltr'><strong>καὶ</strong></span> <span class='ocrx_word' id='word_1_790' title='bbox 1034 5749 1121 5802; x_wconf 79' lang='grc' dir='ltr'><strong>ἐπ’</strong></span> <span class='ocrx_word' id='word_1_791' title='bbox 1149 5748 1363 5803; x_wconf 72' lang='grc' dir='ltr'><strong>ἐκείνου</strong></span> <span class='ocrx_word' id='word_1_792' title='bbox 1406 5749 1571 5820; x_wconf 67' lang='grc' dir='ltr'><strong>μόνον</strong></span> <span class='ocrx_word' id='word_1_793' title='bbox 1607 5752 1894 5822; x_wconf 74' lang='grc' dir='ltr'><strong>συμϐάντα</strong></span> 
     </span>
    </p>
   </div>
   <div class='ocr_carea' id='block_1_104' title="bbox 310 5835 1891 5915">
    <p class='ocr_par' dir='ltr' id='par_1_104' title="bbox 310 5835 1891 5915">
     <span class='ocr_line' id='line_1_104' title="bbox 310 5835 1891 5915; baseline 0.005 -24"><span class='ocrx_word' id='word_1_794' title='bbox 310 5835 407 5891; x_wconf 79' lang='grc' dir='ltr'><strong>καὶ</strong></span> <span class='ocrx_word' id='word_1_795' title='bbox 443 5837 908 5913; x_wconf 75' lang='grc' dir='ltr'><strong>ἀπορρησότερον,</strong></span> <span class='ocrx_word' id='word_1_796' title='bbox 934 5841 1028 5895; x_wconf 69' lang='grc' dir='ltr'><strong>καὶ</strong></span> <span class='ocrx_word' id='word_1_797' title='bbox 1069 5840 1257 5913; x_wconf 76' lang='grc' dir='ltr'><strong>μεῖζον</strong></span> <span class='ocrx_word' id='word_1_798' title='bbox 1291 5841 1323 5915; x_wconf 79' lang='grc' dir='ltr'>ἢ</span> <span class='ocrx_word' id='word_1_799' title='bbox 1351 5843 1381 5896; x_wconf 85' lang='grc' dir='ltr'><strong>ό</strong></span> <span class='ocrx_word' id='word_1_800' title='bbox 1407 5843 1531 5907; x_wconf 87' lang='grc' dir='ltr'><strong>νοῦς</strong></span> <span class='ocrx_word' id='word_1_801' title='bbox 1559 5843 1891 5900; x_wconf 79' lang='grc' dir='ltr'><strong>καταλαϐεῖν</strong></span> 
     </span>
    </p>
   </div>
   <div class='ocr_carea' id='block_1_105' title="bbox 1986 4630 3589 4719">
    <p class='ocr_par' dir='ltr' id='par_1_105' title="bbox 1986 4630 3589 4719">
     <span class='ocr_line' id='line_1_105' title="bbox 1986 4630 3589 4719; baseline 0.006 -22"><span class='ocrx_word' id='word_1_802' title='bbox 1986 4630 2291 4715; x_wconf 70' lang='lat' dir='ltr'><strong>&#39;uniuntur,</strong></span> <span class='ocrx_word' id='word_1_803' title='bbox 2332 4658 2509 4712; x_wconf 86' lang='lat' dir='ltr'><strong>eaque</strong></span> <span class='ocrx_word' id='word_1_804' title='bbox 2539 4644 2846 4713; x_wconf 83' lang='lat' dir='ltr'><strong>pervadunt</strong></span> <span class='ocrx_word' id='word_1_805' title='bbox 2874 4630 2941 4700; x_wconf 83' lang='lat' dir='ltr'><strong>ac</strong></span> <span class='ocrx_word' id='word_1_806' title='bbox 2968 4654 3291 4715; x_wconf 87' lang='lat' dir='ltr'><strong>penetrant;</strong></span> <span class='ocrx_word' id='word_1_807' title='bbox 3314 4656 3589 4719; x_wconf 77' lang='lat' dir='ltr'><strong>quemad-</strong></span> 
     </span>
    </p>
   </div>
   <div class='ocr_carea' id='block_1_106' title="bbox 1999 4735 3665 4820">
    <p class='ocr_par' dir='ltr' id='par_1_106' title="bbox 1999 4735 3665 4820">
     <span class='ocr_line' id='line_1_106' title="bbox 1999 4735 3665 4820; baseline 0.008 -32"><span class='ocrx_word' id='word_1_808' title='bbox 1999 4735 2222 4789; x_wconf 91' lang='lat' dir='ltr'><strong>modum</strong></span> <span class='ocrx_word' id='word_1_809' title='bbox 2254 4736 2438 4791; x_wconf 88' lang='lat' dir='ltr'><strong>auima</strong></span> <span class='ocrx_word' id='word_1_810' title='bbox 2471 4737 2686 4806; x_wconf 87' lang='lat' dir='ltr'><strong>corpori</strong></span> <span class='ocrx_word' id='word_1_811' title='bbox 2721 4736 2932 4793; x_wconf 86' lang='lat' dir='ltr'><strong>unitur.</strong></span> <span class='ocrx_word' id='word_1_812' title='bbox 2965 4740 3120 4806; x_wconf 80' lang='lat' dir='ltr'><strong>Quod</strong></span> <span class='ocrx_word' id='word_1_813' title='bbox 3152 4741 3198 4795; x_wconf 89' lang='lat' dir='ltr'><strong>si</strong></span> <span class='ocrx_word' id='word_1_814' title='bbox 3233 4743 3417 4797; x_wconf 88' lang='lat' dir='ltr'><strong>anima</strong></span> <span class='ocrx_word' id='word_1_815' title='bbox 3462 4759 3591 4801; x_wconf 84' lang='lat' dir='ltr'><strong>cor-</strong></span> <span class='ocrx_word' id='word_1_816' title='bbox 3630 4754 3665 4820; x_wconf 56' lang='grc' dir='ltr'><strong>-ς</strong></span> 
     </span>
    </p>
   </div>
   <div class='ocr_carea' id='block_1_107' title="bbox 1996 4826 3642 4904">
    <p class='ocr_par' dir='ltr' id='par_1_107' title="bbox 1996 4826 3642 4904">
     <span class='ocr_line' id='line_1_107' title="bbox 1996 4826 3642 4904; baseline 0.008 -23"><span class='ocrx_word' id='word_1_817' title='bbox 1996 4829 2114 4897; x_wconf 85' lang='lat' dir='ltr'><strong>pori</strong></span> <span class='ocrx_word' id='word_1_818' title='bbox 2165 4826 2319 4881; x_wconf 87' lang='lat' dir='ltr'><strong>unita</strong></span> <span class='ocrx_word' id='word_1_819' title='bbox 2367 4842 2475 4882; x_wconf 93' lang='lat' dir='ltr'><strong>non</strong></span> <span class='ocrx_word' id='word_1_820' title='bbox 2534 4834 2778 4883; x_wconf 84' lang='lat' dir='ltr'><strong>mutatur</strong></span> <span class='ocrx_word' id='word_1_821' title='bbox 2823 4832 3127 4889; x_wconf 89' lang='lat' dir='ltr'><strong>secundum</strong></span> <span class='ocrx_word' id='word_1_822' title='bbox 3181 4835 3590 4904; x_wconf 83' lang='lat' dir='ltr'><strong>substantiam;</strong></span> <span class='ocrx_word' id='word_1_823' title='bbox 3636 4826 3642 4853; x_wconf 40' lang='grc' dir='ltr'>ξ</span> 
     </span>
    </p>
   </div>
   <div class='ocr_carea' id='block_1_108' title="bbox 1994 4918 3590 5000">
    <p class='ocr_par' dir='ltr' id='par_1_108' title="bbox 1994 4918 3590 5000">
     <span class='ocr_line' id='line_1_108' title="bbox 1994 4918 3590 5000; baseline 0.008 -26"><span class='ocrx_word' id='word_1_824' title='bbox 1994 4918 2195 5000; x_wconf 75' lang='lat' dir='ltr'><strong>potiori</strong></span> <span class='ocrx_word' id='word_1_825' title='bbox 2219 4920 2380 4990; x_wconf 87' lang='lat' dir='ltr'><strong>longe</strong></span> <span class='ocrx_word' id='word_1_826' title='bbox 2405 4919 2620 4976; x_wconf 87' lang='lat' dir='ltr'><strong>ratione</strong></span> <span class='ocrx_word' id='word_1_827' title='bbox 2643 4922 2801 4991; x_wconf 74' lang='lat' dir='ltr'><strong>cuius</strong></span> <span class='ocrx_word' id='word_1_828' title='bbox 2826 4938 3042 4980; x_wconf 85' lang='lat' dir='ltr'><strong>summa</strong></span> <span class='ocrx_word' id='word_1_829' title='bbox 3063 4925 3416 4998; x_wconf 84' lang='lat' dir='ltr'><strong>simplicitas,</strong></span> <span class='ocrx_word' id='word_1_830' title='bbox 3443 4928 3590 4987; x_wconf 90' lang='lat' dir='ltr'><strong>Deus</strong></span> 
     </span>
    </p>
   </div>
   <div class='ocr_carea' id='block_1_109' title="bbox 1994 5015 3670 5096">
    <p class='ocr_par' dir='ltr' id='par_1_109' title="bbox 1994 5015 3670 5096">
     <span class='ocr_line' id='line_1_109' title="bbox 1994 5015 3670 5096; baseline 0.009 -29"><span class='ocrx_word' id='word_1_831' title='bbox 1994 5027 2057 5068; x_wconf 82' lang='lat' dir='ltr'><strong>ac</strong></span> <span class='ocrx_word' id='word_1_832' title='bbox 2095 5015 2269 5084; x_wconf 83' lang='lat' dir='ltr'><strong>magis</strong></span> <span class='ocrx_word' id='word_1_833' title='bbox 2297 5029 2463 5084; x_wconf 88' lang='lat' dir='ltr'><strong>quam</strong></span> <span class='ocrx_word' id='word_1_834' title='bbox 2503 5015 2651 5070; x_wconf 90' lang='lat' dir='ltr'><strong>ullus</strong></span> <span class='ocrx_word' id='word_1_835' title='bbox 2676 5017 2861 5073; x_wconf 81' lang='lat' dir='ltr'><strong>verbis</strong></span> <span class='ocrx_word' id='word_1_836' title='bbox 2904 5029 3255 5090; x_wconf 90' lang='lat' dir='ltr'><strong>assequatur,</strong></span> <span class='ocrx_word' id='word_1_837' title='bbox 3306 5024 3457 5096; x_wconf 86' lang='lat' dir='ltr'><strong>nulla</strong></span> <span class='ocrx_word' id='word_1_838' title='bbox 3504 5028 3594 5081; x_wconf 86' lang='lat' dir='ltr'><strong>sui</strong></span> <span class='ocrx_word' id='word_1_839' title='bbox 3636 5016 3670 5040; x_wconf 71' lang='grc'><strong>’⁵</strong></span> 
     </span>
    </p>
   </div>
   <div class='ocr_carea' id='block_1_110' title="bbox 1994 5107 3589 5189">
    <p class='ocr_par' dir='ltr' id='par_1_110' title="bbox 1994 5107 3589 5189">
     <span class='ocr_line' id='line_1_110' title="bbox 1994 5107 3589 5189; baseline 0.011 -30"><span class='ocrx_word' id='word_1_840' title='bbox 1994 5107 2300 5161; x_wconf 79' lang='lat' dir='ltr'><strong>mutatione</strong></span> <span class='ocrx_word' id='word_1_841' title='bbox 2334 5107 2659 5177; x_wconf 82' lang='lat' dir='ltr'><strong>corporibus</strong></span> <span class='ocrx_word' id='word_1_842' title='bbox 2711 5110 2857 5164; x_wconf 86' lang='lat' dir='ltr'><strong>unirl</strong></span> <span class='ocrx_word' id='word_1_843' title='bbox 2895 5121 3095 5181; x_wconf 86' lang='lat' dir='ltr'><strong>potest.</strong></span> <span class='ocrx_word' id='word_1_844' title='bbox 3142 5113 3288 5180; x_wconf 87' lang='lat' dir='ltr'><strong>Quin</strong></span> <span class='ocrx_word' id='word_1_845' title='bbox 3320 5125 3376 5171; x_wconf 81' lang='lat' dir='ltr'><strong>et</strong></span> <span class='ocrx_word' id='word_1_846' title='bbox 3406 5118 3552 5189; x_wconf 85' lang='lat' dir='ltr'><strong>ignis</strong></span> <span class='ocrx_word' id='word_1_847' title='bbox 3573 5160 3589 5185; x_wconf 93' lang='lat'><strong>,</strong></span> 
     </span>
    </p>
   </div>
   <div class='ocr_carea' id='block_1_111' title="bbox 2002 5197 3591 5267">
    <p class='ocr_par' dir='ltr' id='par_1_111' title="bbox 2002 5197 3591 5267">
     <span class='ocr_line' id='line_1_111' title="bbox 2002 5197 3591 5267; baseline 0.009 -15"><span class='ocrx_word' id='word_1_848' title='bbox 2002 5197 2233 5267; x_wconf 87' lang='lat' dir='ltr'><strong>ignitum</strong></span> <span class='ocrx_word' id='word_1_849' title='bbox 2264 5197 2513 5254; x_wconf 80' lang='lat' dir='ltr'><strong>faciendo</strong></span> <span class='ocrx_word' id='word_1_850' title='bbox 2548 5199 2775 5266; x_wconf 80' lang='lat' dir='ltr'><strong>ferrum,</strong></span> <span class='ocrx_word' id='word_1_851' title='bbox 2806 5219 2917 5257; x_wconf 89' lang='lat' dir='ltr'><strong>non</strong></span> <span class='ocrx_word' id='word_1_852' title='bbox 2948 5214 3192 5262; x_wconf 88' lang='lat' dir='ltr'><strong>mutatur</strong></span> <span class='ocrx_word' id='word_1_853' title='bbox 3223 5208 3277 5263; x_wconf 92' lang='lat' dir='ltr'><strong>in</strong></span> <span class='ocrx_word' id='word_1_854' title='bbox 3324 5209 3454 5267; x_wconf 82' lang='lat' dir='ltr'><strong>ferri</strong></span> <span class='ocrx_word' id='word_1_855' title='bbox 3491 5229 3591 5266; x_wconf 84' lang='lat' dir='ltr'><strong>na-</strong></span> 
     </span>
    </p>
   </div>
   <div class='ocr_carea' id='block_1_112' title="bbox 2004 5286 3586 5369">
    <p class='ocr_par' dir='ltr' id='par_1_112' title="bbox 2004 5286 3586 5369">
     <span class='ocr_line' id='line_1_112' title="bbox 2004 5286 3586 5369; baseline 0.01 -28"><span class='ocrx_word' id='word_1_856' title='bbox 2004 5295 2204 5342; x_wconf 87' lang='lat' dir='ltr'><strong>turam.</strong></span> <span class='ocrx_word' id='word_1_857' title='bbox 2239 5286 2442 5344; x_wconf 78' lang='lat' dir='ltr'><strong>Verum</strong></span> <span class='ocrx_word' id='word_1_858' title='bbox 2485 5289 2594 5345; x_wconf 90' lang='lat' dir='ltr'><strong>alio</strong></span> <span class='ocrx_word' id='word_1_859' title='bbox 2628 5294 2791 5348; x_wconf 81' lang='lat' dir='ltr'><strong>modo</strong></span> <span class='ocrx_word' id='word_1_860' title='bbox 2836 5293 2982 5352; x_wconf 90' lang='lat' dir='ltr'><strong>Deus</strong></span> <span class='ocrx_word' id='word_1_861' title='bbox 3016 5296 3071 5352; x_wconf 91' lang='lat' dir='ltr'><strong>in</strong></span> <span class='ocrx_word' id='word_1_862' title='bbox 3103 5295 3304 5356; x_wconf 75' lang='lat' dir='ltr'><strong>creatis</strong></span> <span class='ocrx_word' id='word_1_863' title='bbox 3340 5303 3586 5369; x_wconf 85' lang='lat' dir='ltr'><strong>habitat;</strong></span> 
     </span>
    </p>
   </div>
   <div class='ocr_carea' id='block_1_113' title="bbox 2000 5381 3588 5467">
    <p class='ocr_par' dir='ltr' id='par_1_113' title="bbox 2000 5381 3588 5467">
     <span class='ocr_line' id='line_1_113' title="bbox 2000 5381 3588 5467; baseline 0.009 -32"><span class='ocrx_word' id='word_1_864' title='bbox 2000 5381 2220 5451; x_wconf 82' lang='lat' dir='ltr'><strong>illisque</strong></span> <span class='ocrx_word' id='word_1_865' title='bbox 2251 5382 2471 5447; x_wconf 89' lang='lat' dir='ltr'><strong>unitur,</strong></span> <span class='ocrx_word' id='word_1_866' title='bbox 2503 5384 2626 5439; x_wconf 86' lang='lat' dir='ltr'><strong>aliis</strong></span> <span class='ocrx_word' id='word_1_867' title='bbox 2667 5386 2812 5455; x_wconf 82' lang='lat' dir='ltr'><strong>plus,</strong></span> <span class='ocrx_word' id='word_1_868' title='bbox 2842 5388 2969 5445; x_wconf 85' lang='lat' dir='ltr'><strong>aliis</strong></span> <span class='ocrx_word' id='word_1_869' title='bbox 3000 5390 3217 5459; x_wconf 89' lang='lat' dir='ltr'><strong>minus;</strong></span> <span class='ocrx_word' id='word_1_870' title='bbox 3263 5393 3355 5462; x_wconf 91' lang='lat' dir='ltr'><strong>qui</strong></span> <span class='ocrx_word' id='word_1_871' title='bbox 3392 5411 3588 5467; x_wconf 88' lang='lat' dir='ltr'><strong>nempe</strong></span> 
     </span>
    </p>
   </div>
   <div class='ocr_carea' id='block_1_114' title="bbox 2006 5479 3590 5554">
    <p class='ocr_par' dir='ltr' id='par_1_114' title="bbox 2006 5479 3590 5554">
     <span class='ocr_line' id='line_1_114' title="bbox 2006 5479 3590 5554; baseline 0.008 -26"><span class='ocrx_word' id='word_1_872' title='bbox 2006 5489 2105 5543; x_wconf 92' lang='lat' dir='ltr'><strong>pro</strong></span> <span class='ocrx_word' id='word_1_873' title='bbox 2143 5489 2335 5530; x_wconf 88' lang='lat' dir='ltr'><strong>eorum</strong></span> <span class='ocrx_word' id='word_1_874' title='bbox 2384 5485 2595 5532; x_wconf 86' lang='lat' dir='ltr'><strong>naturae</strong></span> <span class='ocrx_word' id='word_1_875' title='bbox 2643 5479 2866 5536; x_wconf 92' lang='lat' dir='ltr'><strong>modulo</strong></span> <span class='ocrx_word' id='word_1_876' title='bbox 2916 5496 2982 5538; x_wconf 88' lang='lat' dir='ltr'><strong>ac</strong></span> <span class='ocrx_word' id='word_1_877' title='bbox 3030 5484 3389 5554; x_wconf 79' lang='lat' dir='ltr'><strong>perfectionis</strong></span> <span class='ocrx_word' id='word_1_878' title='bbox 3436 5497 3590 5541; x_wconf 84' lang='lat' dir='ltr'><strong>extra</strong></span> 
     </span>
    </p>
   </div>
   <div class='ocr_carea' id='block_1_115' title="bbox 2005 5568 3591 5646">
    <p class='ocr_par' dir='ltr' id='par_1_115' title="bbox 2005 5568 3591 5646">
     <span class='ocr_line' id='line_1_115' title="bbox 2005 5568 3591 5646; baseline 0.009 -27"><span class='ocrx_word' id='word_1_879' title='bbox 2005 5581 2223 5621; x_wconf 85' lang='lat' dir='ltr'><strong>omnem</strong></span> <span class='ocrx_word' id='word_1_880' title='bbox 2274 5568 2758 5638; x_wconf 69' lang='lat' dir='ltr'><strong>participationem.</strong></span> <span class='ocrx_word' id='word_1_881' title='bbox 2781 5573 3102 5646; x_wconf 80' lang='lat' dir='ltr'><strong>participari</strong></span> <span class='ocrx_word' id='word_1_882' title='bbox 3132 5576 3366 5632; x_wconf 84' lang='lat' dir='ltr'><strong>dicatur.</strong></span> <span class='ocrx_word' id='word_1_883' title='bbox 3399 5576 3457 5632; x_wconf 85' lang='lat' dir='ltr'><strong>In</strong></span> <span class='ocrx_word' id='word_1_884' title='bbox 3486 5580 3591 5633; x_wconf 84' lang='lat' dir='ltr'><strong>hac</strong></span> 
     </span>
    </p>
   </div>
   <div class='ocr_carea' id='block_1_116' title="bbox 2005 5660 3591 5739">
    <p class='ocr_par' dir='ltr' id='par_1_116' title="bbox 2005 5660 3591 5739">
     <span class='ocr_line' id='line_1_116' title="bbox 2005 5660 3591 5739; baseline 0.008 -27"><span class='ocrx_word' id='word_1_885' title='bbox 2005 5667 2189 5717; x_wconf 84' lang='lat' dir='ltr'><strong>autem</strong></span> <span class='ocrx_word' id='word_1_886' title='bbox 2241 5660 2426 5716; x_wconf 86' lang='lat' dir='ltr'><strong>carnis</strong></span> <span class='ocrx_word' id='word_1_887' title='bbox 2475 5664 2895 5735; x_wconf 81' lang='lat' dir='ltr'><strong>assumptione,</strong></span> <span class='ocrx_word' id='word_1_888' title='bbox 2946 5683 3109 5738; x_wconf 86' lang='lat' dir='ltr'><strong>quam</strong></span> <span class='ocrx_word' id='word_1_889' title='bbox 3161 5668 3263 5723; x_wconf 84' lang='lat' dir='ltr'><strong>sibi</strong></span> <span class='ocrx_word' id='word_1_890' title='bbox 3299 5668 3416 5739; x_wconf 87' lang='lat' dir='ltr'><strong>ipse</strong></span> <span class='ocrx_word' id='word_1_891' title='bbox 3445 5671 3591 5726; x_wconf 88' lang='lat' dir='ltr'><strong>Deus</strong></span> 
     </span>
    </p>
   </div>
   <div class='ocr_carea' id='block_1_117' title="bbox 2006 5751 3594 5829">
    <p class='ocr_par' dir='ltr' id='par_1_117' title="bbox 2006 5751 3594 5829">
     <span class='ocr_line' id='line_1_117' title="bbox 2006 5751 3594 5829; baseline 0.007 -23"><span class='ocrx_word' id='word_1_892' title='bbox 2006 5751 2272 5821; x_wconf 88' lang='lat' dir='ltr'><strong>condidit,</strong></span> <span class='ocrx_word' id='word_1_893' title='bbox 2304 5753 2487 5809; x_wconf 86' lang='lat' dir='ltr'><strong>altiori</strong></span> <span class='ocrx_word' id='word_1_894' title='bbox 2520 5758 2703 5823; x_wconf 87' lang='lat' dir='ltr'><strong>modo,</strong></span> <span class='ocrx_word' id='word_1_895' title='bbox 2733 5772 2796 5813; x_wconf 87' lang='lat' dir='ltr'><strong>ac</strong></span> <span class='ocrx_word' id='word_1_896' title='bbox 2842 5760 2937 5829; x_wconf 91' lang='lat' dir='ltr'><strong>qui</strong></span> <span class='ocrx_word' id='word_1_897' title='bbox 2970 5775 3037 5815; x_wconf 90' lang='lat' dir='ltr'><strong>eo</strong></span> <span class='ocrx_word' id='word_1_898' title='bbox 3078 5760 3429 5817; x_wconf 84' lang='lat' dir='ltr'><strong>solummodo</strong></span> <span class='ocrx_word' id='word_1_899' title='bbox 3459 5779 3594 5819; x_wconf 86' lang='lat' dir='ltr'><strong>Con-</strong></span> 
     </span>
    </p>
   </div>
   <div class='ocr_carea' id='block_1_118' title="bbox 2005 5846 3593 5922">
    <p class='ocr_par' dir='ltr' id='par_1_118' title="bbox 2005 5846 3593 5922">
     <span class='ocr_line' id='line_1_118' title="bbox 2005 5846 3593 5922; baseline 0.004 -22"><span class='ocrx_word' id='word_1_900' title='bbox 2005 5846 2215 5918; x_wconf 88' lang='lat' dir='ltr'><strong>tingat,</strong></span> <span class='ocrx_word' id='word_1_901' title='bbox 2266 5846 2682 5920; x_wconf 80' lang='lat' dir='ltr'><strong>abstrusiusque</strong></span> <span class='ocrx_word' id='word_1_902' title='bbox 2732 5864 2796 5908; x_wconf 82' lang='lat' dir='ltr'><strong>ac</strong></span> <span class='ocrx_word' id='word_1_903' title='bbox 2838 5851 3013 5922; x_wconf 86' lang='lat' dir='ltr'><strong>magis</strong></span> <span class='ocrx_word' id='word_1_904' title='bbox 3059 5867 3225 5922; x_wconf 84' lang='lat' dir='ltr'><strong>quam</strong></span> <span class='ocrx_word' id='word_1_905' title='bbox 3277 5868 3431 5912; x_wconf 85' lang='lat' dir='ltr'><strong>urens</strong></span> <span class='ocrx_word' id='word_1_906' title='bbox 3484 5855 3593 5910; x_wconf 90' lang='lat' dir='ltr'><strong>ulla</strong></span> 
     </span>
    </p>
   </div>
  </div>
