4088 6416
319 387 444 453 625·

1282 405 1379 466 DE
1410 408 1832 472 PRINCIPIIS
1873 415 2086 478 FIDEI
2129 417 2600 480 CATHOLICE.

3465 423 3572 482 622“)

320 501 354 570 ή
387 500 744 601 ἀνθρωπότης
781 509 878 580 τὴν
914 513 1169 582 θεότητα,
1205 515 1280 580 ὡς
1310 529 1405 573 καὶ
1452 524 1543 573 ἐπὶ
1577 521 1669 575 τοῦ
1705 522 1891 594 σώμα-

2002 529 2240 588 sisteret.
2275 539 2331 584 ut
2363 546 2429 584 ex
2471 532 2655 585 anima
2708 539 2760 585 et
2791 545 3023 601 corpore
3056 531 3323 587 C(tuﬂulllr
3369 534 3580 599 homo),

317 609 407 687 τος
438 593 550 687 ἔχει
583 599 677 651 καὶ
698 601 795 670 τῆς
826 603 1022 674 ψυχῆς.
1055 610 1163 662 Καὶ
1183 614 1315 682 γὰρ,
1356 617 1418 666 'H
1442 616 1614 687 ψυχὴ,
1640 593 1900 687 λέγομεν,

317 679 430 751 ἔχει
462 684 645 755 σῶμα,
675 689 793 754 καὶ,
832 693 904 745 Τὸ
937 693 1097 764 σῶμα
1136 679 1484 773 ἔχεινψυχήν.
1522 679 1549 684 η
1575 679 1590 687 ’
1713 679 1724 685 ⁷
1751 717 1766 746 ί

2002 618 2334 684 diceremus,
2388 629 2500 674 tttm
2545 620 2709 674 Deum
2748 621 2950 677 habere
3005 622 3312 688 hominem,
3365 635 3478 678 tum
3529 634 3585 678 et

2007 706 2400 764 humanitatem
2444 710 2649 766 habere
2691 712 2990 776 Deitatem;
3027 714 3104 767 uti
3155 715 3322 768 etiam
3377 730 3436 769 se
3491 731 3581 769 res

319 776 483 882 habet
595 785 780 840 anima
809 795 863 842 et
885 805 1134 861 corpore.
1165 795 1408 854 Dicimus
1437 801 1585 856 enim
1611 817 1628 856 :
1689 777 1884 857 Anima
1923 816 2123 872 corpus
2165 804 2329 860 habet.
2364 824 2376 859 :
2416 823 2479 862 ae
2513 826 2528 862 :
2559 809 2770 882 Corpus
2796 811 3036 864 animam
3074 811 3256 866 habet.

403 874 560 930 Ἐπεὶ
575 879 761 933 τοίνυν
783 884 810 934 ὁ
835 889 1132 958 μονογενὴς
1162 890 1288 954 Υἱὸς
1313 894 1407 947 τοῦ
1439 895 1598 963 Θεοῦ,
1616 899 1900 955 τουτέστιν

313 965 470 1062 0-105
500 968 643 1062 Θεοῦ.
664 971 857 1062 Λόγος,
889 975 1053 1045 φύσιν
1079 981 1433 1055 ἀνθρωπίνην
1465 987 1553 1042 διὰ
1581 989 1683 1056 τῆς
1721 1008 1894 1062 προσ·

317 1052 536 1151 λήψεως
569 1056 704 1126 ἔχει,
733 1060 1024 1118 ἀκολουθεί
1055 1068 1245 1124 τοῦτον
1295 1052 1834 1149 εἶναι’ὑποκε-ίμενον
1860 1081 1898 1151 ἢ

317 1145 616 1202 ὑπόστασιν
651 1152 684 1224 ἢ
721 1153 1017 1222 πρόσωπον
1045 1159 1145 1228 τῆς
1174 1161 1525 1235 ἀνθρωπίνης
1558 1145 1794 1237 φύσεως.
1823 1145 1899 1226 Τό

318 1237 430 1330 γὰρ
461 1242 585 1292 τινὰ
621 1241 782 1309 φύσιν
817 1244 942 1312 ἔχον
970 1249 1268 1316 ὑπόστασις
1299 1255 1521 1324 λέγεται
1547 1262 1641 1328 τῆς
1679 1261 1899 1330 φύσεως

317 1327 556 1425 ξκείνης·
587 1332 775 1403 ὥσπερ
803 1337 865 1390 τὸ
913 1339 1077 1406 φύσιν
1123 1343 1290 1398 ἵππου
1341 1347 1464 1418 ἔχον
1536 1327 1896 1425 ὑπόστασιςῆ

2071 901 2209 966 Quia
2263 902 2426 969 igitur
2477 905 2794 970 unigenitus
2824 906 2942 962 «Dei
2994 905 3164 970 Filius
3217 907 3331 974 (Dei
3368 908 3582 964 scilicet

2001 995 2261 1064 Verbum)
2295 999 2896 1069 naturamhnmanam,
2928 1000 3073 1066 quod
3104 1014 3224 1053 eam
3258 1015 3575 1070 assumpse-

1983 1088 2096 1152 .rit,
2146 1089 2334 1151 habet,
2388 1090 2448 1142 tit
2502 1104 2848 1158 consequens
2889 1105 3013 1144 esse
3048 1106 3171 1144 eum
3230 1092 3578 1161 suppositum

1999 1197 2096 1236 seu
2131 1181 2443 1253 hypostasin
2475 1191 2571 1237 aut
2605 1197 2890 1250 personam
2926 1193 3136 1238 naturai
3160 1184 3435 1248 humanm.
3473 1185 3580 1238 lia—

1999 1273 2134 1328 hens
2177 1273 2324 1327 enim
2376 1273 2620 1338 aliquam
2665 1282 2939 1337 naturam,
2995 1273 3121 1341 eius
3162 1283 3372 1329 murrae
3407 1274 3578 1344 hypo.

1997 1363 2163 1419 stasis
2188 1363 2412 1418 dicitur.
2452 1361 2524 1418 Ut
2559 1365 2704 1430 quod
2733 1364 2861 1433 equi
2894 1373 3142 1418 naturam
3179 1364 3362 1426 habet,
3409 1365 3580 1435 hypo-

317 1419 682 1520 ὑποκείμενον
731 1427 826 1481 τοῦ
879 1430 1048 1486 ἵππου
1075 1433 1291 1503 λέγεται
1319 1435 1482 1496 εῖναι.
1531 1444 1642 1496 Καὶ
1673 1446 1830 1516 εἰπερ

1993 1452 2160 1506 st-asis
2216 1467 2314 1507 seu
2380 1451 2725 1520 suppositum
2808 1451 2934 1519 equi
2999 1466 3120 1503 esse
3205 1450 3424 1504 dicitur.
3501 1450 3579 1503 Ac
3651 1444 3663 1461 '

319 1511 538 1613 ρύσιςὴ
571 1516 1003 1613 Ἶομὲνηνοερὰ
1031 1525 1168 1592 ἐστι,
1203 1529 1326 1582 τότε
1359 1533 1564 1600 μᾶλλον
1597 1511 1891 1604 πρόσωπον

1995 1543 2266 1613 siquidem
2322 1511 2518 1597 natura
2562 1558 2682 1613 quae
2718 1543 2949 1597 habetur
2989 1542 3298 1611 intelligens
3326 1542 3418 1605 sit,
3447 1549 3578 1594 tunc

315 1601 555 1705 λέγεται.
584 1608 752 1705 licier
783 1612 842 1679 ἐξ
873 1613 1048 1668 ἀῖδίου
1083 1616 1208 1689 ἔχον
1262 1622 1362 1694 τὴν
1409 1625 1562 1681 θείαν
1597 1601 1782 1698 φύσιν,
1831 1633 1891 1686 ού

1995 1610 2230 1704 persona
2283 1636 2466 1705 potius
2521 1644 2889 1703 nuncupatur.
2948 1637 3025 1690 Ac
3075 1654 3287 1701 rursus,
3343 1635 3485 1688 (ιιιοά
3513 1635 3580 1689 ab

317 1694 458 1805 κατά
500 1698 702 1766 τρόπον
759 1704 1086 1772 συνθέσεως,
1145 1711 1262 1764 ἀλλ’
1311 1713 1493 1784 ἁπλῆς
1540 1694 1891 1792 ταυτότητος,

1993 1739 2199 1785 aeterno
2244 1727 2413 1783 habet
2453 1727 2694 1805 divinam
2737 1738 2988 1783 naturam
3059 1745 3166 1784 non
3203 1745 3267 1786 ex
3302 1712 3580 1802 composi-

318 1782 537 1853 λέγεται
686 1793 788 1861 τῆς
821 1796 977 1861 θείας
1009 1799 1226 1868 φύσεως
1262 1782 1559 1872 ὑπόστασις,
1603 1810 1639 1883 ἢ
1671 1782 1891 1884 πρόσωἐ

1998 1821 2168 1886 tione,
2203 1821 2298 1877 sed
2327 1803 2561 1891 simplici
2595 1824 2678 1894 (ut
2709 1822 2784 1876 ita
2818 1823 3035 1892 loquar)
3086 1823 3391 1892 irlentitate,
3413 1827 3578 1880 etiam

317 1893 447 1987 πρνὲ
492 1881 726 1962 καθόσον
757 1885 1003 1952 δηλονότι
1050 1891 1304 1949 δυνατόνν
1329 1899 1480 1952 ἐστιν
1538 1881 1891 1970 ἐκφαίνεσθαι

2001 1915 2199 1972 divina
2250 1925 2460 1970 natura:
2509 1915 2822 1986 hypostasis
2867 1915 3090 1983 dicitur,
3157 1931 3253 1972 seu
3317 1933 3576 1987 persona,

314 1971 380 2023 τὰ
410 1971 528 2026 θἐῖα
577 1980 692 2040 τοῖς
721 1982 1087 2050 ἀνθρωπίνοις
1117 1988 1404 2055 ὀνόμασιν.
1451 1992 1514 2048 ’0
1554 1995 1736 2050 τοίνυν
1764 1997 1913 2061 Tib;

313 2064 408 2116 τοῦ
432 2066 566 2120 Θεοῦ
603 2069 962 2148 ὑπόστασιςῆ
999 2078 1296 2148 πρόσωπόν
1327 2084 1447 2137 ἐστι
1496 2086 1606 2139 τῶν
1652 2087 1748 2142 δύο
1791 2090 1892 2160 φύ-

315 2170 474 2250 σεων,
524 2157 631 2250 ’τῆς
669 2160 822 2226 θείας
872 2164 1074 2240 δηλαδὴ
1107 2170 1200 2224 καὶ
1251 2172 1354 2240 τῆς
1408 2157 1891 2250 ἀνθρωπίνηςί-ἐν

310 2244 435 2301 δυσὶ
465 2247 700 2316 φύσεσιν
733 2253 1008 2322 ὑςρεστὼς.

383 2338 447 2392 EI
482 2339 540 2392 δὲ
569 2341 719 2406 λέγει
746 2363 850 2412 τις,
888 2349 1009 2404 Ὅτι
1045 2352 1168 2409 ἐπεὶ
1190 2355 1232 2425 ἠ·
1255 2357 1572 2433 ἀνθρωπίνη
1606 2363 1768 2432 φύσις
1789 2367 1891 2423 οὐκ

314 2431 428 2525 ἔστι
463 2435 813 2525 συμϐεϐηκὸς
844 2442 902 2495 ὲν
951 2443 1113 2515 αὑτῇ,
1163 2447 1303 2501 ἀλλὰ
1355 2431 1590 2523 πρᾶγμα
1619 2431 1890 2525 ὑφεστὼς

317 2521 409 2614 καλ
440 2522 598 2614 οὐσία
660 2530 863 2600 μερικὴ
913 2532 1233 2608 ἀνθρωπίνη
1265 2542 1416 2610 παρὰ
1459 2521 1560 2614 τὴν
1589 2521 1889 2606 ὑπόστασιν

311 2612 406 2707 τοῦ
429 2613 565 2669 Θεοῦ
592 2618 768 2687 Λόγου
801 2623 985 2678 δοκεῖ·
1019 2628 1108 2682 διὰ
1154 2632 1207 2684 τί
1240 2634 1400 2688 τοῦτο
1431 2612 1527 2691 δύο
1558 2641 1889 2707 ὑποστάσεις

311 2702 452 2760 εἶναι
485 2710 546 2762 ὲν
595 2712 674 2780 τῷ
723 2714 943 2786 Χριστῷ
974 2721 1035 2771 οὐ
1070 2720 1154 2774 δεῖ
1184 2728 1506 2794 κατανοεῖν;
1551 2731 1676 2786 Ὅτι
1711 2702 1890 2789 ἐκεῖνο

311 2799 641 2869 ὀνομάζεται
699 2805 996 2870 ὑπόστασις
1048 2809 1075 2862 ὃ
1124 2812 1186 2864 οὐ
1234 2817 1546 2887 περιέχεται
1583 2820 1675 2875 ὑπ’
1727 2824 1886 2878 ἄλλου

313 2894 756 2963 ἁρχοειδεστέρου
793 2899 890 2950 καὶ
922 2903 1274 2971 τιμιωτέρου.
1313 2908 1380 2961 Ἦ
1409 2909 1517 2981 γὰρ
1548 2913 1644 2966 τοῦ
1672 2914 1887 2986 ἀνθρώ-

313 3000 419 3036 που
461 2987 582 3056 χεὶρ
615 2987 770 3040 οὐσία
805 2987 908 3046 μέν
940 2989 1023 3053 τίς
1074 3001 1222 3051 ἐστιν
1255 3041 1269 3065 ,
1324 3003 1386 3054 οὑ
1447 3003 1554 3075 μὴν
1589 3007 1888 3075 ὑπόστασις

311 3077 548 3147 λέγεται·
586 3079 698 3152 ἔχει
729 3087 838 3158 γὰρ
869 3091 1036 3162 αὐτὴν
1058 3093 1186 3147 ἄλλο
1222 3113 1275 3148 τι
1318 3098 1761 3170 ἀρχωιδέστερον
1795 3105 1888 3159 καὶ

310 3175 635 3291 ergo???
686 3178 767 3243 ὃν,
824 3183 1185 3291 όᾶνθρωπος.
1237 3190 1301 3244 Εί
1353 3193 1459 3263 γὰρ
1475 3195 1572 3266 ’μὴ
1605 3196 1765 3252 τοῦτο
1795 3194 1884 3268 ἦν,
1920 3233 1962 3291 c

313 3265 462 3320 οὐδὲν
496 3267 703 3352 ἐκώλυε
740 3272 1009 3342 πρόσωπα
1057 3277 1230 3334 πολλὰ
1265 3282 1360 3335 καὶ
1407 3265 1610 3348 πολλὰς
1644 3265 1889 3343 ὑποστό-

314 3373 426 3420 σεις
456 3360 513 3412 ἐν
543 3361 621 3429 τῷ
652 3363 927 3435 ἀνθρώπῳ
947 3368 1256 3438 ὁμολογεῖν.
1292 3375 1464 3446 Καλή
1514 3377 1677 3445 φύσις
1708 3381 1892 3435 τοίνυν

311 3449 692 3542 ⁴ίιᾲνθρωπίντι
746 3455 931 3530 ἐνεδτῷ
979 3459 1204 3531 Χριστῷ
1251 3463 1358 3517 ὑπὸ
1408 3471 1738 3541 τιμιωτέρου
1790 3474 1889 3542 τῆς

497 3543 715 3612 φύσεως
743 3549 1144 3620 προσείληπται
1171 3571 1186 3586 ο
1216 3556 1313 3609 καὶ
1341 3557 1430 3613 διὰ
1462 3560 1622 3614 τοῦτο
1646 3539 1886 3635 ἔχομένῆ

307 3631 403 3722 ὑπ’
427 3633 666 3704 ἐκείνης,
721 3638 931 3694 οὐκέτι⁹
962 3643 1057 3696 καὶ
1095 3645 1244 3709 ἰδίως
1297 3649 1604 3715 ὑπόστασις
1637 3631 1884 3722 λέγεται.

309 3717 404 3786 Εἷς
430 3725 487 3778 δέ
521 3728 641 3780 ἐστι
671 3728 762 3784 διὰ
801 3732 901 3803 τὴν
929 3734 1027 3799 τῆς
1067 3735 1425 3806 ὑποστάσεως
1476 3717 1730 3813 ἐνότηταί
1772 3745 1890 3799 ἀλλ’

307 3815 368 3866 οὑ
402 3815 498 3870 δύο
530 3819 738 3889 κυρίως
767 3814 988 3878 δύναται
1021 3825 1302 3895 λέγεσθαι.
1334 3831 1440 3884 Δύο
1469 3833 1656 3902 μέντοι
1692 3832 1891 3904 τρύσεις

308 3905 456 4000 ἔχειν
485 3911 513 3962 ὁ
541 3912 776 3981 Χριστὸς
805 3913 1026 3977 οἰκείως
1058 3917 1380 3990 ῥηθήσεται.
1413 3924 1524 4000 Καὶ
1553 3926 1663 3997 γὰρ
1696 3927 1754 3979 ὲν
1787 3929 1890 4000 μιᾷ

311 3999 609 4056 ὑποστάσει
635 4006 662 4057 ὁ
685 4007 849 4071 αὑτός
877 4011 997 4064 ἐστι
1025 4011 1160 4076 Θεὸς
1182 4015 1278 4066 καὶ
1300 3995 1610 4086 ἄνθρωπος,
1632 3995 1886 4092 καθάπερ

313 4092 573 4158 πολλάκις
607 4097 848 4168 εἴρηται.

378 4279 468 4330 Δεῖ
495 4278 676 4332 τοίνυν
702 4280 763 4334 τὸ
797 4285 930 4351 περὶ
963 4286 1059 4355 τῆς
1094 4287 1429 4356 σαρκώσεως
1477 4291 1573 4345 τοῦ
1605 4291 1736 4347 Υἱοῦ
1790 4294 1886 4349 τοῦ

308 4367 446 4420 Θεοῦ
496 4372 800 4441 μυστήριον
857 4377 1250 4446 ἀναμφιϐόλως
1276 4381 1582 4451 ὁμολογεῖν.
1632 4386 1744 4439 Καὶ
1775 4385 1885 4457 γὰρ

308 4460 340 4526 ἡ
368 4460 730 4534 Χριστιανικὴ
753 4465 937 4531 πίστις
969 4469 1218 4540 ἀρχικῶς
1253 4471 1352 4541 μὲν
1388 4476 1447 4527 ἐν
1487 4477 1554 4545 τῇ
1588 4476 1685 4546 τῆς
1721 4477 1884 4545 ἁγίας

1999 2017 2273 2078 quatenus
2303 2008 2510 2063 scilicet
2544 2007 2802 2062 humanis
2834 2008 3062 2063 vocibus
3097 2008 3280 2064 divina
3321 2012 3579 2079 exsplen-

1997 2101 2224 2156 deseere
2258 2109 2510 2168 possunt.
2541 2099 2732 2169 Itaque
2794 2100 2886 2154 Dei
2930 2100 3104 2156 Filius
3141 2103 3451 2172 hypostasis
3495 2112 3579 2158 est

1998 2207 2096 2248 seu
2129 2177 2361 2262 persona
2401 2193 2637 2262 duplicis
2669 2203 2914 2258 naturae;
2943 2193 3141 2249 divinae
3164 2193 3380 2251 scilicet
3412 2204 3579 2266 atque

1999 2282 2272 2348 humanae,
2303 2282 2355 2338 in
2389 2291 2623 2358 utraque
2654 2298 2781 2338 vere
2802 2284 3098 2338 exsistens.

2071 2372 2167 2427 Sin
2213 2383 2394 2428 autem
2445 2373 2645 2444 aliquis
2681 2375 3031 2430 dicat:Cum
3081 2386 3274 2432 natura
3333 2379 3574 2432 humana

1997 2480 2103 2519 non
2156 2465 2554 2531 sit-accidens,
2603 2467 2698 2522 sed
2734 2481 2824 2521 res
2869 2455 2994 2524 vere
3036 2469 3327 2531 cxsistrns,
3362 2481 3417 2524 et
3447 2471 3578 2524 sub—
3648 2531 3654 2536 ,

1997 2559 2196 2632 stantia
2235 2558 2542 2628 singularis
2577 2558 2810 2613 humana
2842 2568 3037 2629 praeter
3069 2559 3159 2614 Dei
3197 2559 3359 2614 Verbi
3403 2561 3578 2630 hypo-

1997 2650 2174 2704 stasin
2213 2664 2338 2705 esse
2380 2648 2653 2712 videatur,
2707 2649 2902 2720 quidni
2945 2651 3067 2706 dum
3093 2651 3419 2722 hypostases
3473 2667 3570 2706 seu

1997 2733 2246 2812 personae
2306 2742 2670 2813 intelligendas
2737 2753 2867 2798 sunt
2936 2743 2994 2797 in
3068 2738 3331 2799 Clu-isto?
3413 2744 3574 2809 Quod

1995 2839 2258 2892 nimirum
2311 2837 2440 2891 illud
2490 2846 2722 2891 vocatur
2743 2837 3104 2906 ’hypnstasis,
3153 2836 3300 2906 quod
3355 2853 3460 2891 non
3505 2839 3575 2889 ab

1998 2929 2106 2982 alio
2160 2926 2536 2997 principaliori
2585 2942 2649 2982 ac
2719 2927 2974 2982 nobiliori
3037 2927 3377 2982 continetur.
3442 2926 3577 2982 Nam

1999 3034 2194 3073 manus
2231 3017 2473 3072 hominis
2514 3018 2821 3072 substantia
2883 3017 3133 3084 quautam
3201 3026 3307 3082 est,
3343 3031 3445 3072 nec
3491 3026 3578 3069 ta-

1997 3121 2119 3160 men
2153 3107 2468 3177 hyposlasis
2517 3106 2758 3171 dicitur;
2809 3107 2956 3175 quod
3003 3121 3123 3161 eam
3173 3108 3336 3160 homo
3391 3107 3577 3172 habet,

1997 3214 2083 3254 res
2115 3199 2322 3255 scilicet
2353 3199 2710 3268 principaliur
2757 3199 3122 3268 nobiliorque.
3182 3198 3313 3252 Nam
3349 3199 3449 3252 nisi
3496 3181 3576 3254 sic

1993 3300 2158 3356 esset,
2220 3297 2429 3345 vetaret
2506 3291 2641 3344 nihil
2709 3291 2896 3360 plures
2949 3287 3214 3358 personas
3280 3291 3578 3360 pluresque

1995 3382 2316 3451 hypostases
2370 3382 2424 3434 in
2475 3380 2723 3435 homine.
2758 3381 2992 3435 coliteri.
3058 3382 3244 3449 Itaque
3275 3382 3441 3435 etiam
3479 3383 3578 3435 hu-

1994 3485 2156 3526 mana
2201 3472 2254 3525 in
2301 3471 2524 3528 Christo
2573 3482 2768 3526 natura
2837 3487 2866 3526 a
2936 3473 3315 3541 prmslantiore
3364 3472 3574 3540 (divina

1993 3563 2200 3620 scilicet
2226 3566 2441 3633 natura)
2492 3570 2774 3632 assitmpta
2818 3574 2902 3618 est
2962 3581 2977 3617 :
3028 3578 3091 3617 ac
3138 3564 3280 3629 ideo,
3326 3580 3451 3619 cum
3508 3567 3577 3620 ab

1994 3650 2084 3705 illa
2132 3651 2423 3715 habeatur,
2454 3665 2560 3704 non
2612 3651 2725 3718 jam
2774 3651 2990 3720 proprie
3012 3667 3077 3707 ac
3107 3667 3201 3721 per
3229 3669 3287 3708 se
3311 3654 3574 3724 hyposta-

1993 3742 2070 3804 sis
2125 3741 2349 3796 dicitur.
2407 3741 2664 3797 Christus
2689 3743 2859 3807 enim,
2907 3743 2977 3796 ob
3027 3759 3277 3810 persona:
3307 3760 3371 3800 ac
3401 3746 3577 3815 hypo-

1992 3833 2157 3890 stasis
2191 3833 2478 3898 unitatem,
2507 3849 2649 3886 unus
2678 3842 2798 3898 est;
2829 3849 2927 3888 nec
2957 3833 3068 3888 duo
3111 3834 3329 3903 proprie
3391 3839 3573 3891 vocari

1991 3932 2192 3996 potest.
2221 3925 2364 3978 Duas
2396 3933 2576 3978 tamen
2607 3932 2837 3979 naturas
2870 3924 3074 3978 habere
3114 3924 3334 3994 preprie
3384 3927 3575 3980 dicen-

1989 4017 2093 4072 dus
2121 4024 2226 4071 est.
2297 4013 2508 4068 Etenim
2558 4015 2612 4069 in
2667 4030 2775 4069 una
2831 4015 3113 4086 hypostasi
3174 4031 3270 4071 seu
3336 4021 3579 4087 persona.

1990 4087 2135 4162 idem
2211 4115 2295 4161 est
2359 4104 2504 4160 Deus
2573 4115 2627 4160 et
2697 4105 2881 4170 homo,
2944 4105 3022 4159 uti
3087 4106 3290 4176 saepius
3359 4107 3576 4162 dictum

1987 4207 2095 4254 est.
2277 4201 2280 4205 ’

2061 4289 2250 4359 Itaque
2299 4287 2524 4344 necesse
2561 4298 2644 4344 est
2679 4298 2737 4342 ut
2786 4289 2923 4344 citra
2967 4265 3133 4345 ullam
3171 4291 3574 4347 dubitationem

1988 4384 2308 4454 mysterium
2341 4382 2729 4438 incarnationis
2760 4381 2878 4436 Filii
2914 4381 3006 4436 Dei
3036 4384 3417 4440 conﬁteantur.
3487 4384 3579 4439 Et-

1986 4476 2136 4530 enim
2183 4472 2494 4530 Christlaua
2551 4475 2683 4527 fides
2751 4475 2931 4542 primo
2977 4474 3206 4543 quidem
3266 4479 3320 4530 in
3354 4477 3574 4533 confes-

309 4551 538 4620 Τριάδος
569 4556 834 4629 ὁμολογίᾳ
864 4561 1208 4617 συνίσταται·
1252 4565 1400 4628 ίδίως
1430 4566 1487 4620 δὲ
1518 4569 1576 4620 ἐν
1605 4567 1683 4635 τῷ
1709 4586 1872 4622 σταυ-

1992 4567 2147 4624 sione
2179 4575 2383 4624 sancta:
2415 4563 2704 4620 Trinitatis
2724 4566 3013 4626 consistit;
3039 4566 3389 4636 singulariter
3416 4587 3567 4630 vero.

311 4643 386 4712 ρῷ
419 4649 692 4716 καυχᾶται
756 4651 849 4703 τοῦ
904 4654 1113 4723 Κυρίου
1170 4656 1332 4724 ἡμῶν
1378 4652 1879 4732 ἸησοῦΧριστοῦ,

304 4738 398 4788 καὶ
429 4739 486 4791 ἐν
515 4740 666 4810 αὑτῷ
695 4742 796 4811 τὴν
831 4747 1111 4816 σωτηρίαν
1138 4748 1586 4819 ἀπεκδεχόμεθα.
1625 4770 1645 4804 ι
1685 4754 1746 4806 '0
1773 4755 1884 4826 γὰρ

304 4830 398 4883 τοῦ
460 4834 696 4911 σταυροῦ
753 4835 932 4904 λόγος,
977 4858 998 4891 ι
1035 4839 1111 4901 ὥς
1168 4857 1304 4908 φησι
1367 4841 1599 4907 Παῦλος,
1650 4863 1670 4896 ι
1706 4848 1754 4899 εἰ
1790 4848 1884 4901 καὶ

304 4926 417 4986 τοῖς
467 4924 864 4997 ἀπολλυμένοις
918 4931 1102 5000 μωρία
1161 4932 1340 4996 ἐστὶν,
1381 4933 1520 4989 ἀλλὰ
1552 4936 1664 4998 τοῖς
1716 4937 1884 5002 σωζο-

308 5013 491 5082 μένοις
525 5017 656 5085 ήμίν
685 5016 914 5085 δύναμις
948 5020 1084 5072 Θεοῦ
1128 5021 1268 5076 ἐστι.
1307 5021 1418 5076 Καὶ
1445 5024 1500 5076 εἴ
1545 5041 1628 5088 τις
1660 5027 1722 5079 τὸ
1744 5028 1882 5096 πρέ-

307 5123 410 5158 πον
437 5107 536 5159 καὶ
565 5108 712 5170 εἰκὸς
747 5110 963 5164 εὐσεϐεῖ
1007 5112 1217 5183 διανοίᾳ
1262 5114 1357 5168 ἐπὶ
1405 5114 1501 5168 τοῦ
1549 5118 1756 5181 πάθους
1789 5122 1883 5175 καὶ¹

301 5197 395 5250 τοῦ
425 5199 659 5252 θανάτου
688 5200 783 5254 τοῦ
825 5203 1068 5273 Χριστοῦ
1119 5205 1338 5276 θεωροῖ,
1394 5208 1650 5264 τοσοῦτον
1685 5214 1880 5280 σοφίας

304 5288 466 5358 βάθος
498 5292 746 5361 εὑρήσει,
782 5293 857 5359 ὠς
891 5297 978 5370 risi
1007 5297 1075 5350 τὰ
1121 5299 1249 5368 περὶ
1278 5299 1484 5353 τούτων
1541 5301 1880 5375 λογιζομένῳ

306 5381 477 5449 μείζω
506 5383 602 5435 καὶ
630 5383 800 5438 πλείω
826 5386 1158 5457 θεωρήματα
1185 5395 1474 5464 συναντᾷν,
1504 5394 1598 5447 καὶ
1616 5398 1682 5466 τῇ
1717 5397 1884 5470 πείρα
1909 5411 1911 5414 ‘

304 5472 607 5540 λαμῢάνειν
639 5475 839 5546 ἀληθὲς
869 5473 1034 5544 εἶναι,
1085 5480 1114 5533 ὅ
1144 5498 1311 5551 φησιν
1353 5484 1380 5535 ὁ
1421 5485 1586 5545 αὐτὸς
1621 5486 1886 5540 Ἀπὸστσ-

304 5563 411 5626 λος⁶
451 5583 472 5616 ι
507 5565 703 5636 Ἣμιείς
741 5568 1089 5640 κηρύττομεν
1121 5573 1360 5643 Χριστὸν
1409 5577 1832 5650 ἐσταυρωμένον
1861 5595 1878 5611 ο

314 5652 588 5719 Ἰουδαίοις
631 5659 732 5725 μὲν
763 5661 1079 5729 σκάνδαλον,
1126 5665 1353 5737 Ἕλλησι
1383 5667 1441 5720 δὲ
1471 5669 1716 5740 μωρίαν’
1749 5672 1883 5742 ἡμῖν

379 5839 424 5871 ⁷³
452 5839 626 5918 Calat.
659 5857 728 5906 vr,
774 5841 860 5897 M.
937 5843 1023 5897 ⁷⁵1
1058 5844 1182 5901 Cor.
1224 5863 1261 5917 ι,
1315 5850 1395 5902 l8.

1988 4662 2042 4716 in
2061 4675 2126 4716 eo
2155 4659 2526 4730 utgloriemur
2552 4658 2604 4711 in
2622 4671 2789 4712 cruce
2821 4659 3032 4713 Domini
3055 4662 3228 4714 nostri
3257 4660 3389 4717 Jesu
3414 4663 3575 4719 Chri-

1987 4752 2055 4808 sti
2086 4752 2156 4816 ⁷⁸,
2191 4749 2440 4819 atquein
2472 4764 2534 4803 ea
2577 4748 2809 4802 salutem
2857 4761 3244 4819 exspectemus
3299 4770 3314 4806 :
3376 4774 3395 4805 ‹
3443 4753 3572 4809 Ver-

1988 4844 2114 4900 bum
2136 4843 2278 4898 enim
2303 4840 2507 4905 crucis,
2533 4841 2714 4910 inquit
2743 4840 2970 4907 Paulus,
2995 4844 3098 4900 etsi
3127 4845 3192 4897 iis
3221 4846 3314 4913 qui
3340 4859 3570 4915 pereunt

1985 4936 2215 4992 stultitia
2239 4921 2350 5000 est,
2381 4935 2541 4991 nobis
2565 4945 2743 4991 tamen
2771 4937 2862 5008 qui
2883 4937 3115 4993 salutem
3143 4940 3565 5009 consequimur,

1991 5028 2086 5082 Dei
2134 5029 2308 5082 virtus
2342 5028 2542 5084 est"’.:
2583 5027 2659 5084 Ac
2688 5029 2731 5084 si
2766 5030 2891 5100 quis
2934 5031 3080 5100 quod
3110 5031 3264 5086 decet
3288 5049 3352 5088 ac
3407 5035 3566 5089 ollicii

1985 5129 2069 5175 cst
2091 5119 2343 5189 religiosa
2371 5129 2550 5176 mente
2584 5121 2637 5175 in
2657 5123 2913 5191 passione
2927 5138 2991 5177 ac
3019 5123 3223 5180 Christi
3243 5135 3566 5180 morteeon-

1986 5211 2325 5277 sideraverit,
2368 5221 2572 5267 tantam
2617 5214 2853 5270 oifcrtrlet
2880 5216 3165 5286 sapientiae
3199 5219 3566 5274 altitudinem.

1984 5316 2041 5360 ut
2074 5320 2290 5374 semper
2316 5305 2383 5360 de
2408 5306 2514 5360 illis
2536 5307 2719 5362 animo
2745 5309 3028 5379 cogitanti,
3062 5312 3265 5381 majora
3303 5316 3570 5381 pluraque

1982 5397 2314 5451 theoremata
2364 5412 2673 5466 sensusque
2703 5411 2997 5462 occurrant
3018 5441 3034 5468 ,
3068 5403 3298 5473 ipsoque
3321 5403 3395 5455 rei
3418 5387 3566 5471 pet-i4

1981 5488 2106 5552 culo
2130 5503 2320 5550 verum
2352 5503 2475 5544 esse
2499 5500 2784 5560 agnoscat,
2819 5496 2967 5563 quod
3003 5499 3077 5550 ait
3140 5495 3279 5548 idem
3332 5497 3564 5562 Aposto-

1981 5579 2068 5634 lus
2103 5598 2118 5635 :
2159 5598 2177 5630 ι
2206 5578 2316 5634 Nos
2338 5581 2696 5648 praedicamus
2735 5585 3014 5641 Christum
3049 5586 3412 5648 cruciﬁxum;
3468 5581 3564 5637 Ju-

1982 5669 2114 5726 dazis
2146 5669 2366 5740 quidem
2441 5672 2782 5743 scandalum,
2816 5676 3020 5734 Graecis
3045 5687 3218 5734 autem
3251 5675 3559 5740 stultitiam,
