4088 6442
495 410 604 473 627

1763 427 2163 489 MANUELIS
2201 431 2507 493 CALECRE

3638 423 3755 494 ’628

490 528 653 583 nobis
683 539 858 584 autezn
889 533 1090 588 vocatis
1109 532 1312 590 Iudaeis
1341 546 1502 606 atque
1526 537 1733 593 Grtecis
1765 539 2050 596 .Christun

2174 545 2230 598 δὲ
2265 549 2378 609 τοῖς
2413 547 2644 617 κλητοῖς.
2671 546 2953 611 Ἰουδαίοις
2983 545 3078 600 καὶ
3105 545 3345 617 Ἕλλησι.
3363 507 3596 616 Χριστὸν
3615 546 3753 600 Θεοῦ

492 614 589 668 Dei
636 619 890 673 virtutem
917 632 968 675 et
1000 624 1092 678 Dei
1129 625 1449 693 sapientiam
1476 625 1543 680 ⁸ο.
1613 645 1631 678 ι
1703 630 1777 682 Ac
1805 645 1997 684 rursus
2049 647 2064 685 :

497 722 518 755 ⁸
564 707 716 769 Quod
765 709 991 766 stultum
1039 721 1124 768 est
1179 714 1294 780 Dei,
1342 717 1647 786 sapientius
1693 727 1778 773 est
1824 719 2068 774 homini-

493 795 594 852 bus
623 798 722 852 ⁸¹.ι
780 804 886 857 Ροι·
922 803 1081 858 tidem
1118 804 1305 876 itaque
1330 806 1620 862 Trinitatis
1655 817 1708 862 et
1741 810 2072 864 incarnatio-

490 888 580 943 nis
606 887 722 943 Filii
759 891 849 946 Dei
873 893 1276 950 confessionem
1338 913 1628 966 Speramus
1657 914 1720 970 ex
1775 902 1864 955 Dei
1915 903 2070 956 auxi-

488 977 586 1043 lio,
611 981 754 1048 quod
786 983 943 1038 nobis
961 985 1014 1038 in
1037 987 1141 1041 hac
1165 987 1271 1041 vita
1288 1003 1381 1056 per
1395 997 1736 1052 Sacramenta
1758 996 2066 1059 praestatur,

488 1072 825 1139 atqueliberi
855 1075 1072 1130 arbitrii
1101 1092 1264 1147 opera
1341 1078 1585 1150 futuram
1623 1094 1720 1133 nos
1769 1081 2068 1136 beatitudi-

485 1176 608 1215 nem
657 1177 780 1232 p08l.
848 1177 1080 1223 mortem
1132 1177 1561 1235 consecuturos;
1625 1180 1755 1226 tunc
1831 1173 2062 1236 scilicet,

485 1266 608 1306 cum
667 1253 832 1310 fuerit
885 1268 1230 1314 mortuorum
1280 1259 1615 1316 resurrectio
1664 1275 1728 1316 ac
1789 1261 2059 1332 judicium

484 1352 817 1401 extremum.

1156 1553 1388 1609 CAPUT
1418 1552 1548 1608 Vlll.

681 1638 750 1695 De
813 1643 995 1711 futura
1060 1656 1384 1699 mortuorum
1452 1645 1850 1700 resurrectione.

553 1731 766 1787 Etenim
789 1751 908 1788 cum
937 1737 1004 1788 iis
1023 1751 1142 1805 qua:
1167 1746 1290 1790 sunt
1323 1737 1444 1790 fidei
1473 1737 1672 1805 capita,
1703 1737 2063 1792 resurrectio-

2172 637 2408 706 δύναμιν
2440 639 2535 692 καὶ
2586 638 2722 691 Θεοῦ
2773 639 2986 706 σοφίαν.
3028 657 3045 691 ι
3085 638 3195 692 Καὶ
3231 637 3415 703 πάλιν,
3459 656 3479 689 ι
3521 637 3595 689 Τὸ
3639 655 3755 716 μω-

2173 727 2396 796 ρότερον
2423 729 2518 782 τοῦ
2551 729 2690 782 Θεοῦ
2729 728 3037 800 σοφώτερον
3061 729 3171 782 τῶν
3201 729 3509 796 ἀνθρώπων
3533 729 3744 782 ἐστίν.»

2173 820 2335 871 Ὥστε
2367 819 2454 874 διὰ
2501 820 2600 888 τῆς
2635 821 2766 887 περὶ
2823 822 2924 887 τὴν
2981 819 3188 890 Τριάδα
3245 819 3486 882 πίστεως
3523 820 3754 886 καὶτῆς

2171 911 2313 963 κατά
2346 912 2445 980 τὴν
2498 910 2911 981 ἑνανθρώπησιν
2942 911 3037 962 τοῦ
3088 910 3217 964 Υίοῦ
3249 910 3347 963 τοῦ
3386 911 3521 965 Θεοῦ
3553 913 3752 979 ὁμολο⁶

2172 1005 2296 1071 γίας
2325 1003 2614 1072 ἐλπίζομεν
2650 1003 2756 1056 ἀπὸ
2793 1003 2893 1070 τῆς
2914 1003 3008 1055 τοῦ
3037 1001 3176 1055 Θεοῦ
3212 1001 3484 1072 βοηθείας,
3518 1003 3583 1071 ἢν
3616 1004 3753 1072 ἡμῖν

2169 1097 2227 1148 ὲν
2255 1099 2332 1165 τῷ
2368 1097 2594 1164 παρόντι
2621 1094 2707 1147 διὰ
2736 1093 2848 1146 τῶν
2883 1093 3202 1165 μυστηρίων
3247 1092 3456 1156 δίδωσι,
3509 1093 3604 1146 καὶ
3635 1093 3751 1147 τῶν

2167 1187 2259 1240 τοῦ
2308 1185 2655 1250 αὑτεξουσίου
2691 1185 2906 1255 ἔργων,
2968 1185 3105 1254 μετά
3160 1183 3396 1237 θάνατον
3440 1183 3744 1252 ἀξιωθῆναι

2165 1279 2266 1342 τῆς
2302 1276 2598 1346 μελλούσης
2628 1276 3056 1346 μακαριότητος,
3107 1275 3233 1346 ἦτις
3287 1275 3438 1328 ἔσται
3491 1275 3594 1344 τῆς
3635 1275 3750 1328 τῶν

2167 1371 2379 1440 νεκρῶν
2433 1369 2783 1432 ἀναστάσεως
2829 1369 2924 1423 καὶ
2975 1369 3073 1438 τῆς
3133 1367 3452 1431 τελευταίας
3503 1367 3749 1438 κρίσεως

2167 1463 2492 1533 γενομένης.

2765 1551 3016 1607 ΚΕΦΔᾹ.
3055 1551 3139 1603 II'.

2169 1645 2304 1712 Περὶ
2348 1643 2459 1713 τῆς
2483 1643 2841 1713 μελλούσης
2886 1642 3005 1696 τῶν
3045 1640 3278 1710 νεκρῶν
3319 1639 3744 1707 ἀναστάσεως.

2237 1737 2348 1790 Καὶ
2385 1735 2493 1805 γὰρ
2523 1735 2663 1805 μετά
2697 1734 2805 1786 τῶν
2851 1733 2948 1802 τῆς
2998 1731 3234 1795 πίστεως
3274 1731 3602 1800 κεφαλαίων
3647 1732 3744 1786 καὶ

483 1841 607 1879 nem
667 1837 1007 1882 mortuorum
1062 1839 1281 1897 oportet
1331 1844 1431 1883 nos
1503 1829 1748 1884 credere.
1820 1828 2053 1903 Primum

2167 1827 2463 1880 ἀνάστασιν
2531 1825 2743 1894 νεκρῶν
2799 1823 3092 1892 ὀφείλομεν
3147 1821 3452 1876 πιστεύειν.
3516 1821 3746 1892 Πρῶτον

481 1917 722 1986 quidem,
750 1919 876 1988 quia
903 1935 1025 1974 cum
1062 1921 1203 1975 Deus
1231 1920 1418 1989 justus
1451 1922 1545 1986 sit,
1598 1937 1822 1977 necesse
1879 1899 1967 1976 est
2002 1933 2053 1977 ut

2167 1917 2289 1986 μὲν,
2315 1917 2396 1970 ὅτι
2451 1917 2573 1969 ἐπεὶ
2606 1893 2816 1979 δίκαιός
2865 1916 3013 1968 ἐστιν
3051 1915 3080 1968 ὁ
3112 1914 3265 1977 Θεὸς,
3307 1915 3522 1986 ἀνάγκη
3577 1915 3744 1969 αὐτὸν

477 2008 624 2075 justa
674 2009 936 2079 rependat
981 2011 1234 2080 prmmia;
1270 2019 1329 2066 ut
1379 2011 1589 2067 scilicet
1640 2011 1778 2066 mala
1857 2012 2057 2085 malis‘,

478 2099 620 2155 bona
687 2100 1156 2158 bonis‘retribuat.
1204 2102 1302 2158 Sin
1335 2111 1520 2158 autem
1576 2105 1677 2157 hoc
1727 2104 2058 2172 dederimus,

481 2200 594 2244 tum
623 2191 810 2247 fruitio
832 2193 956 2258 erit,
992 2203 1103 2248 tum
1129 2195 1365 2264 punitio.
1400 2195 1495 2249 Siu
1523 2204 1703 2249 autem
1736 2197 1850 2250 lucc
1873 2203 2056 2260 erunt,

478 2282 641 2336 etiam
695 2285 800 2338 erit
833 2284 1136 2354 judicium;
1194 2285 1280 2342 sin
1335 2295 1515 2340 autem
1563 2286 1846 2352 iudicium,
1894 2287 2055 2340 etiam

479 2373 768 2429 retributio
819 2390 884 2428 ac
940 2391 1150 2431 merces
1208 2391 1471 2447 operum.
1529 2357 1674 2448 Ergo
1722 2380 1852 2447 quia
1915 2379 2058 2434 Deus

469 2461 653 2529 justus
686 2473 788 2529 est,
837 2465 1018 2520 futura
1055 2469 1395 2522 rcsurrecﬁo
1427 2478 1530 2522 est.
1567 2469 1922 2525 Resurrectio
1957 2485 2057 2522 au-

477 2553 595 2609 tem
643 2572 965 2629 corporum,
1011 2573 1132 2611 nam
1167 2559 1349 2612 anima
1402 2559 1730 2614 immortalis
1765 2569 1869 2614 est.
1915 2560 2055 2614 Cor-

476 2662 579 2715 pus
599 2649 744 2703 enim
781 2647 946 2719 (quod
980 2649 1051 2702 sit
1082 2649 1368 2719 organum)
1399 2665 1521 2704 eum
1556 2651 1734 2704 anima
1784 2665 2056 2705 commer-

474 2739 620 2792 cium
679 2727 862 2804 habet,
896 2738 950 2792 in
1007 2739 1209 2808 quibus
1271 2741 1361 2794 illa
1407 2741 1651 2810 appetitu
1713 2741 1933 2796 ducitur
1991 2756 2056 2796 ac

474 2831 752 2895 incitatur,
783 2832 899 2886 sive
963 2833 1281 2896 contrariis,
1344 2833 1461 2886 sive
1533 2849 1663 2886 non.
1717 2833 1925 2888 Idcirco
1973 2833 2052 2887 illi

475 2919 727 2984 debetur,
789 2930 848 2976 ut
907 2923 1093 2977 eadem
1157 2937 1218 2978 ac
1269 2925 1474 2987 anima,
1538 2925 1621 2978 vel
1676 2925 1900 2993 gloriam
1965 2925 2048 2980 ve!

477 3013 717 3069 dedecus
751 3029 814 3069 ac
841 3015 1100 3084 probrum
1161 3024 1556 3084 consequatur.
1611 3017 1667 3071 Si
1716 3017 1838 3085 quis
1889 3032 2050 3085 porro

475 3114 634 3167 tidem
695 3113 780 3168 his
838 3127 946 3166 non
1005 3112 1407 3178 accommodat,
1476 3113 1622 3182 quod
1679 3113 1757 3168 sic
1819 3128 2046 3182 corpora

2159 2007 2504 2079 ἀμείψασθαι
2535 2007 2660 2070 τοὺς
2690 2006 2788 2075 μὲν
2820 2007 3094 2076 πονηροὺς
3123 2009 3333 2072 κακοῖς,
3360 2009 3486 2070 τοὺς
3515 2008 3571 2062 δὲ
3603 2009 3749 2076 ἀγα·

2163 2101 2291 2164 θοῦς
2327 2099 2576 2168 ἀγαθοῖς.
2616 2101 2680 2152 Et
2710 2099 2959 2152 ὁὲτοῦτό
2995 2102 3166 2166 ἐστιν,
3198 2100 3352 2154 ἔσται
3381 2103 3477 2154 καὶ
3502 2101 3747 2160 ἀπόλαυ-

2163 2210 2249 2254 σις
2284 2191 2378 2245 καί
2412 2190 2656 2254 κόλασις.
2697 2191 2758 2242 Et
2785 2191 2840 2244 δὲ
2874 2190 3044 2244 ταῦτα
3097 2191 3296 2261 κρίσις.
3334 2193 3394 2244 Et
3433 2192 3490 2244 δὲ
3533 2192 3739 2262 κρίσις,

2161 2284 2255 2337 καὶ
2281 2283 2664 2344 ἀνταπόδοσις.
2699 2281 2864 2334 Ὥστε
2901 2283 3024 2336 ἐπεὶ
3064 2283 3276 2345 δίκαιός
3331 2283 3478 2335 ἐστιν
3515 2284 3543 2336 ὁ
3581 2284 3742 2351 Θεὸς,

2163 2371 2319 2426 ἔσται
2355 2371 2671 2434 ἀνάστασις.
2739 2371 3064 2431 Ἀνάστασις
3119 2372 3175 2425 δὲ
3213 2373 3525 2441 σωμάτων·
3566 2375 3598 2444 ἡ
3630 2375 3745 2443 γὰρ

2158 2464 2306 2533 ψυχὴ
2335 2463 2604 2525 ἀθάνατός
2630 2464 2765 2517 ἐστι.
2801 2464 2910 2516 Καὶ
2941 2465 3050 2534 γὰρ
3073 2464 3133 2516 τὸ
3177 2465 3336 2535 σῶμα
3369 2467 3600 2535 ὄργανον
3628 2486 3748 2524 xor.

2159 2557 2321 2609 νωνεῖ
2349 2558 2415 2627 τῇ
2463 2556 2608 2626 ψυχῇ
2663 2557 2724 2607 ἐν
2781 2551 2862 2618 οἷς
2901 2555 2967 2609 ἂν
3000 2557 3140 2626 αῦτη
3189 2559 3428 2630 ὁρμήσῃ,
3460 2563 3617 2616 ,κατά
3671 2563 3746 2625 τὰ

2157 2649 2394 2712 ἐναντία,
2426 2649 2519 2700 καὶ
2551 2649 2646 2716 μή.
2671 2647 2874 2716 Διόπερ
2898 2648 3270 2718 ὀφειλόμενον,
3298 2651 3386 2704 ἵνα
3415 2653 3523 2704 τῶν
3556 2655 3745 2707 αὐτῶν

2159 2740 2545 2811 κληρονομήσῃ
2591 2738 2732 2807 μετά
2761 2741 2862 2810 τῆς
2885 2739 3065 2809 ψυχῆς
3118 2741 3214 2794 καὶ
3251 2744 3312 2795 τὺ
3349 2744 3531 2812 σῶμα,
3579 2747 3743 2816 δόξης

2161 2831 2193 2901 ἥ
2226 2831 2475 2900 ἀτιμίας.
2508 2827 2603 2894 Οἷς
2643 2831 2693 2883 εί
2726 2831 2800 2901 μὴ
2834 2832 3082 2886 πιστεύει
3120 2850 3201 2896 τις
3231 2834 3321 2888 διὰ
3353 2835 3450 2898 τὰς
3499 2853 3747 2905 σωματι-

2156 2924 2256 2986 κὰς
2285 2921 2490 2992 φθορὰς
2523 2921 2636 2975 τῶν
2683 2922 2958 2992 σωμάτων
2989 2924 3083 2976 καὶ
3123 2925 3476 2991 παντοδαπὰς
3506 2929 3743 2982 ἀλλοιώ-

2157 3031 2293 3079 σεις,
2334 3013 2471 3085 ἀλλά
2520 3014 2656 3085 πρὸς
2706 3013 2766 3067 τὺ
2821 3015 2915 3066 τοῦ
2965 3016 3102 3068 Θεοῦ
3140 3018 3555 3088 παντοδύναμον
3587 3022 3742 3076 οὐδὲν

2155 3104 2430 3158 ἀδύνατον
2453 3104 2608 3158 ἔσται
2634 3121 2646 3134 ·
2676 3105 2736 3167 ὃς
2777 3106 3113 3175 πιστεύομεν
3140 3108 3223 3160 ὅτι
3255 3110 3435 3164 πάντα
3464 3107 3572 3164 οἶδε
3607 3115 3744 3183 πρὶν

473 3208 770 3268 intereant,
823 3204 1252 3275 innumerasque
1278 3203 1683 3269 vicissitudines
1713 3203 1942 3291 aliorpm
1989 3204 2043 3258 in

2159 3198 2422 3266 γενέσεως
2476 3195 2682 3262 αὐτῶν,
2743 3197 2838 3249 καὶ
2867 3197 2950 3250 ὅτι
2980 3198 3041 3250 τὸ
3091 3200 3200 3254 πᾶν
3249 3200 3438 3271 ὥσπερ
3487 3205 3542 3255 ἐν
3579 3204 3744 3273 δρακὶ

471 3295 578 3349 alia
636 3297 1095 3349 transmutatione
1155 3296 1424 3357 subeant;
1507 3303 1563 3348 at
1633 3275 1876 3364 spectata
1947 3296 2044 3349 Dei

471 3387 888 3456 omnipotentia,
923 3385 1057 3439 nihil
1095 3377 1596 3456 erit’impossibile,
1652 3388 1856 3458 quippe
1886 3403 2049 3457 quem

469 3479 756 3534 credamus
788 3479 931 3535 scire
954 3479 1170 3542 omnia,
1209 3485 1504 3548 antequam
1554 3481 1686 3534 tiant
1715 3480 1782 3543 δ’,
1840 3496 2053 3534 rerum-

469 3585 578 3638 que
617 3571 757 3626 hanc
794 3571 1203 3626 universitatem
1235 3571 1393 3639 quasi
1431 3572 1640 3641 pugillo
1670 3571 1953 3626 continere
1981 3571 2052 3628 ⁸³.

470 3661 752 3730 Siquidem
825 3661 990 3730 igitur
1057 3661 1128 3714 ita
1189 3661 1534 3727 exploratum
1591 3669 1699 3725 est,
1762 3675 1894 3715 sane
1950 3673 2050 3712 nec

471 3754 770 3807 humanum
835 3765 1059 3820 corpus,
1123 3766 1439 3823 quanquam
1482 3751 1830 3805 winnumeras
1883 3750 2055 3804 subiit

426 3859 434 3880 ι
469 3844 819 3905 mutationes,
851 3857 973 3896 cum
1025 3842 1212 3895 mundi
1243 3842 1453 3895 ambitu
1485 3841 1854 3904 contineatur,
1884 3841 2050 3894 Deum

469 3936 668 4006 ubique
700 3942 1017 4004 praesentem
1045 3941 1209 4004 atque
1233 3933 1417 4010 omnia
1447 3933 1824 3987 continentem
1856 3930 1994 4001 fugit
2028 3949 2040 3986 :

467 4025 594 4096 quin
627 4026 748 4096 ejus
779 4025 1074 4091 voluntati,
1098 4041 1202 4094 qua
1248 4025 1415 4094 pollet
1447 4025 1868 4095 omnipotentia,
1911 4040 2051 4094 opus

465 4130 652 4171 comes
680 4117 806 4170 erit.
841 4113 975 4170 Cum
1025 4115 1173 4169 enim
1204 4117 1386 4169 omnia
1438 4130 1500 4170 ex
1541 4115 1813 4170 nihilo-in
1859 4131 2044 4170 rerum

466 4216 720 4263 naturam
769 4205 1108 4275 produxerit,
1153 4207 1245 4276 qui
1299 4207 1389 4260 fiat
1436 4214 1495 4260 ut
1532 4207 1586 4285 id
1624 4215 1884 4275 prmstare
1934 4220 2040 4262 non

466 4297 677 4368 possit?
701 4312 824 4351 cum
850 4298 1150 4368 praesertim
1178 4298 1420 4368 subjecta
1465 4312 1573 4352 non
1617 4295 2044 4368 desit_materia,

466 4404 780 4462 quanquam
822 4390 891 4445 ob
937 4391 1137 4445 multas
1169 4391 1460 4460 variasque
1506 4389 1836 4444 mutationes
1862 4389 1916 4442 in
1943 4389 2062 4442 mi-‘

465 4489 674 4542 nimum
738 4487 869 4559 quid
919 4487 1008 4543 illa
1053 4489 1276 4543 redacta
1327 4489 1422 4542 sit.
1473 4487 1591 4542 Non
1640 4487 1784 4542 enim
1816 4488 2046 4542 materia
2082 4503 2316 4558 prorsus
2350 4487 2582 4552 interiit,
2645 4489 2741 4543 sed
2770 4489 3176 4557 quodammodo
3248 4498 3452 4553 manet,

2151 3290 2383 3358 συνέχει.
2435 3287 2497 3340 Et
2533 3288 2665 3355 γοῦν
2695 3288 2854 3341 τοῦτο
2881 3289 3250 3358 ὁμολογεῖται,
3292 3291 3414 3345 οὐδὲ
3443 3293 3503 3345 τὸ
3529 3295 3745 3365 ἀνθρώ-

2151 3397 2305 3433 πινον
2353 3379 2517 3448 σῶμα
2563 3379 2644 3442 είς
2692 3379 3233 3449 μυρίας.μετα6ολάς
3267 3384 3599 3451 μεταϐαλὸν,
3647 3387 3744 3440 τὸν

2151 3471 2428 3542 πανταχοῦ
2479 3471 2725 3539 παρόντα
2753 3472 2846 3524 καὶ
2875 3471 3054 3525 πάντα
3088 3473 3382 3543 συνέχοντα
3415 3461 3738 3545 διδράσκεὶ,

2150 3565 2298 3627 ἐντος
2331 3564 2389 3617 ὃν
2421 3566 2516 3616 τοῦ
2549 3566 2788 3632 κόσμου·
2831 3565 2966 3616 ἀλλά
3014 3565 3092 3635 τῷ
3137 3565 3332 3619 τούτου
3384 3567 3652 3637 θελήματι
3679 3572 3741 3624 τὸ

2150 3654 2314 3724 ἔργον
2363 3654 2723 3723 ἀκολουθήσει
2766 3654 2855 3708 διὰ
2886 3655 2942 3708 τὸ
2973 3655 3384 3724 παντοδύναμον
3415 3658 3511 3711 τοῦ
3571 3659 3736 3718 Θεοῦ.

2156 3747 2220 3800 Εἰ
2255 3749 2361 3815 γὰρ
2391 3740 2454 3800 ἐκ
2479 3747 2573 3800 τοῦ
2605 3747 2682 3818 μὴ
2708 3746 2864 3810 ὄντος
2893 3749 2972 3810 εἰς
3000 3747 3060 3800 τὸ
3082 3743 3219 3802 είναι
3253 3749 3320 3803 τὰ
3355 3751 3531 3804 πάντα
3562 3755 3740 3823 παρή.

2155 3836 2464 3904 γαγε,’πῶς
2517 3839 2599 3900 είς
2643 3838 2807 3891 τοῦτο
2854 3837 3218 3908 άδυνατήσει;
3284 3842 3379 3894 καὶ
3419 3840 3592 3895 ταῦτα
3637 3844 3742 3913 τῆς

2153 3926 2286 3996 ὕλης
2311 3927 2702 3995 ὑποκειμένης,
2741 3928 2792 3980 εἰ
2825 3928 2920 3981 καὶ
2959 3930 3038 3990 είς
3071 3927 3131 3982 τὸ
3159 3929 3445 4000 ἐλάχιστον
3471 3933 3558 3985 διὰ
3605 3935 3740 3988 πολο

2152 4019 2260 4071 λῶν
2289 4020 2380 4072 καὶ
2414 4019 2678 4072 ποικίλων
2710 4019 2822 4072 τῶν
2875 4020 3190 4089 μεταϐολῶν
3247 4025 3635 4095 προελήλυθεν.
3662 4029 3740 4081 Οὐ

2153 4111 2261 4180 γὰρ
2294 4111 2697 4179 παντάπασινή
2741 4110 2842 4179 ὕλη
2879 4112 3094 4182 ἐφθάρη
3123 4131 3136 4142 θ
3191 4114 3345 4183 μένει
3378 4116 3434 4168 δὲ
3459 4119 3743 4187 ὁπωσοῦν,

2153 4203 2202 4257 εξ
2234 4205 2328 4257 καὶ
2359 4205 2493 4272 ἡμῖν
2529 4203 2747 4272 ἄδηλος.
2795 4205 2858 4257 Et
2891 4205 2949 4258 δὲ
2985 4208 3016 4275 ἡ
3049 4207 3187 4275 αὑτὴ
3246 4207 3344 4278 ὕλη
3406 4210 3621 4275 πολλοῖς
3650 4215 3734 4276 είς

2153 4295 2368 4362 γένεσιν
2397 4294 2733 4359 συνετέλεσε,
2757 4294 2818 4348 τὸ
2844 4294 2942 4364 μὲν
2965 4297 3167 4365 ἀνῆκον
3197 4298 3412 4368 ἑκάστῳ
3435 4301 3746 4374 ἀναληφθῆ-

2157 4402 2342 4439 σεταιο
2381 4386 2442 4438 τὸ
2471 4385 2527 4438 δὲ
2553 4385 2801 4440 ἐλλεῖπον
2825 4387 2860 4456 ή
2889 4385 3012 4440 θεία
3043 4387 3211 4456 φύσις
3238 4389 3654 4460 ἀναπληρώσει.

3525 4492 3736 4544 tametsi

464 4601 554 4640 res
580 4585 738 4640 nobis
782 4586 1014 4641 obscura
1066 4585 1162 4641 sit.
1213 4585 1307 4640 Sin
1357 4592 1538 4638 autem
1583 4585 1772 4640 eadem
1811 4585 2039 4639 materia
2118 4587 2417 4640 multormn
2462 4587 2799 4656 generationi
2869 4587 3136 4652 inserviit,
3173 4587 3317 4658 quod
3386 4588 3585 4658 cuique
3618 4589 3744 4641 atti-

463 4689 579 4745 net,
617 4679 669 4734 id
695 4696 823 4734 vero
845 4690 1190 4751 assumatur:
1247 4680 1628 4750 supplebitque
1656 4681 1839 4736 divina
1866 4682 2042 4754 virtus
2082 4680 2228 4750 quod
2301 4680 2365 4734 ad
2422 4681 2637 4750 plenam
2689 4682 2939 4750 corporis
2989 4683 3187 4736 molem
3230 4681 3470 4736 deficiet.

535 4769 686 4825 Licet
727 4785 859 4824 vero
912 4775 1075 4825 etiam
1101 4786 1161 4823 ex
1210 4771 1376 4825 rebus
1398 4774 1696 4840 corporeis,
1719 4773 1838 4840 ejus
1867 4772 1946 4828 rei
1973 4771 2053 4827 si-

2233 4773 2345 4826 Καὶ
2369 4772 2476 4825 ἀπὸ
2503 4772 2612 4827 τῶν
2645 4773 2973 4853 σωματικῶν
3001 4774 3059 4827 δὲ
3088 4773 3237 4827 ἔστιν
3276 4772 3462 4827 είκὸνα
3490 4774 3614 4828 τινὰ
3642 4772 3742 4827 καὶ

463 4861 768 4916 mulaerum
785 4861 1056 4930 quoddam
1079 4860 1447 4930 indiciumque
1469 4877 1767 4941 assumere.
1788 4861 2054 4917 Triticum

461 4950 607 5006 enim
628 4967 680 5005 tn
700 4961 770 5006 ter
783 4967 840 5006 ra
856 4960 1192 5020 putrescens,
1211 4966 1403 5006 rursus
1420 4967 1451 5020 ς
1484 4953 1705 5016 rminat,
1726 4953 1892 5022 inque
1908 4969 2057 5008 eam-

467 5044 591 5098 dem
627 5045 790 5097 tritici
816 5044 1051 5112 speciem
1080 5040 1368 5112 reparatur
1397 5059 1462 5097 ac
1502 5045 1676 5114 surgit
1709 5046 2051 5115 :cumqueid

465 5133 761 5204 quotannis
816 5134 930 5186 fieri
976 5134 1288 5200 videamus,
1341 5149 1450 5201 pra:
1473 5137 1872 5191 consuetudine
1919 5138 2052 5192 nihil

469 5226 719 5279 mirabile
748 5241 868 5280 esse
894 5225 1299 5280 existimamus.
1335 5226 1431 5279 Sin
1465 5242 1594 5281 vero
1626 5228 1750 5296 quis
1786 5245 1850 5283 ea
1891 5232 1958 5284 de
1993 5247 2050 5284 re

467 5334 591 5373 cum
623 5316 731 5372 illis
773 5333 1082 5372 sermonem
1113 5317 1357 5381 haberet,
1386 5321 1583 5384 quibus
1607 5336 1883 5390 nunquam
1907 5325 2048 5392 qttod

469 5410 551 5463 sic
584 5420 777 5462 natura
809 5408 1015 5478 geritur
1063 5407 1408 5475 exploratum
1443 5419 1610 5477 esset,
1644 5427 1743 5466 nec
1773 5415 2046 5469 seminum

467 5499 575 5552 vim
608 5507 772 5568 atque
810 5498 1045 5553 indolem
1085 5509 1493 5567 pernoscerent,
1525 5501 1569 5555 is
1602 5503 1742 5571 apud
1788 5503 1910 5561 illos
1943 5521 2056 5573 nec

469 5588 627 5644 tidem
649 5591 942 5646 obtineret.
971 5591 1137 5644 Aiunt
1163 5605 1289 5644 vero
1328 5591 1492 5644 etiam
1528 5594 1804 5662 quoddam
1841 5598 2042 5651 animal

471 5680 615 5734 circa
645 5683 881 5737 Orientis
910 5683 1096 5752 plagas
1133 5683 1260 5737 vitae
1307 5685 1567 5756 longioris
1611 5699 1769 5752 esse;
1821 5700 2046 5760 tumque

541 5856 636 5916 ⁸⁸1
681 5862 808 5917 (iur.
874 5878 914 5931 ι,
955 5863 1046 5919 23.
1125 5865 1165 5894 ”
1205 5863 1333 5918 ibil.
1362 5863 1451 5917 εει.
1529 5866 1572 5896 ⁸¹
1613 5866 1742 5920 Dan.
1788 5881 1902 5936 χιιι,
1932 5868 2021 5925 45.

2163 4864 2361 4932 δεῖγμα
2387 4863 2594 4917 λαϐεῖν.
2627 4865 2695 4918 Ὀ
2721 4866 2831 4933 γὰρ
2879 4867 3024 4928 σῖτος
3054 4867 3112 4917 ἐν
3155 4868 3224 4936 γῇ
3257 4866 3569 4936 σηπόμενος
3606 4869 3741 4920 ἀναα

2162 4956 2458 5011 ϐλαστάνει
2513 4957 2702 5022 πάλιν,
2753 4957 2849 5009 καὶ
2884 4959 2964 5018 είς
2997 4956 3059 5008 τὸ
3089 4957 3222 5009 αὐτὸ
3275 4952 3415 5020 εἶδος
3446 4956 3539 5010 τοῦ
3587 4959 3738 5010 σίτου

2162 5046 2637 5100 ἀποκαθίσταται·
2694 5047 2831 5118 ὅπερ
2885 5047 3009 5099 κατ’
3050 5046 3168 5108 ἔτος
3200 5047 3461 5116 ὁρῶντες,
3496 5048 3603 5100 ἀπὺ
3641 5050 3743 5119 τῆς

2164 5137 2455 5208 συνηθείας
2488 5138 2642 5191 οὐδὲν
2677 5139 2998 5208 θαυμαστὸν
3036 5134 3178 5193 εἶναι
3209 5141 3525 5209 νομίζομεν.
3564 5142 3629 5194 Et
3654 5159 3743 5204 τις

2155 5229 2213 5280 δὲ
2242 5229 2554 5299 ἀνθρώποις
2584 5229 2859 5297 διελέγετο
2886 5233 3015 5301 περὶ
3045 5232 3239 5285 τούτου
3284 5234 3554 5303 μηδέποτε
3579 5233 3740 5285 τοῦτο

2157 5322 2347 5388 ΰοῦσι,
2378 5323 2518 5391 μηδὲ
2529 5325 2629 5392 τὴν
2649 5323 2760 5376 τῶν
2783 5324 3118 5393 σπερμάτων
3140 5325 3302 5390 φύσιν
3325 5326 3736 5390 ἐπισταμένοις,

2151 5415 2251 5468 οὐκ
2280 5416 2344 5469 ἂν
2378 5415 2699 5488 ἐπιστεύθη.
2729 5417 2868 5468 Φασὶ
2909 5416 2964 5467 δὲ
2999 5415 3092 5468 καί
3121 5433 3171 5468 τι
3206 5416 3345 5478 ζῶον
3388 5417 3514 5486 περὶ
3542 5417 3609 5467 τὰ
3637 5416 3736 5483 τῆς

2151 5505 2424 5576 ἀνατολῆς
2481 5508 2622 5575 μέρη
2660 5507 2829 5560 πολλά
2871 5507 2965 5576 ἔτη
3014 5505 3114 5576 ζῇν
3138 5522 3153 5536 ·
3191 5503 3309 5558 εἶτα
3337 5506 3605 5560 τελευτῶν
3627 5507 3739 5559 duo

2154 5599 2253 5667 τῆς
2295 5598 2458 5650 αὑτοῦ
2518 5598 2737 5668 σήψεως
2790 5603 2958 5672 χωρὶς
2991 5600 3276 5662 συνουσίας
3326 5595 3438 5652 οἷον
3473 5599 3737 5669 σκώληκα

2155 5689 2516 5760 γεννώμενον,
2550 5691 2610 5744 τὺ
2637 5693 2770 5744 αὺτδ
2799 5693 2938 5757 ζῶον
2972 5695 3029 5747 ιν
3055 5692 3134 5764 τῷ
3168 5693 3317 5764 αὐτῷ
3357 5692 3488 5746 εῖδει
3514 5693 3730 5747 ἀποκαο

2099 5867 2274 5922 1“isti.
2321 5869 2527 5935 χιρίὲ.
