4088 6452
369 344 476 414 6'29
1320 350 1420 411 DE
1460 350 1899 414 PRINCIPIIS
1938 352 2151 414 FIDEI
2186 353 2654 416 CATHOLlC/E.
3515 350 3620 413 sae
3679 323 3690 336 ’

372 463 685 529 θίστασθαι,
730 464 824 518 καὶ
875 462 1039 517 πάλιν
1092 462 1181 517 ἐπ’
1229 464 1398 520 αὐτοῦ
1432 465 1495 519 τὸ
1525 466 1658 519 αὐτὸ
1688 466 1936 535 γίνεσθαι

2069 481 2222 536 psum
2253 467 2450 532 emori,
2481 482 2656 536 exque
2688 464 2859 536 ipsius
2893 462 3033 532 pul'ri
3068 463 3292 519 materia
3322 462 3439 516 sine
3467 463 3616 521 coitu

370 556 512 611 κατὰ
546 555 647 623 τὴν
675 552 787 629 άιτδ
814 551 950 606 Θεοῦ
978 552 1324 624 τεταγμένην
1361 554 1773 626 τῶνδοσοὺτων
1804 557 1936 626 χρό-

2069 560 2191 617 elut
2231 574 2469 615 vermem
2506 559 2716 621 enasci,
2770 572 2882 628 quo
2915 557 3056 611 idem
3106 557 3307 611 animal
3344 556 3398 609 in
3427 557 3617 611 eadem

372 662 479 699 νων
511 642 780 715 περίοδον.
810 644 924 698 Καὶ
950 642 1087 697 ἀλλα
1115 644 1231 709 ζῶα
1260 646 1321 711 ἐξ
1345 645 1509 717 ἄλλης
1541 646 1674 716 ὕλης
1703 647 1941 716 γεννῶν-

2074 651 2226 720 pecie
2291 657 2605 719 reparetur;
2662 649 2715 703 in
2769 663 2881 718 quo
2932 658 3120 703 rursus
3175 647 3319 702 idem
3380 647 3615 709 accidat,

370 744 483 802 τάι,
511 733 573 788 οὐ
616 733 759 788 κατὰ
782 732 1015 802 δύναμιν
1063 733 1413 805 ἀνθρωπίνην
1438 752 1455 770 ο
1488 739 1582 791 καὶ
1616 720 1678 791 οὗ
1703 737 1770 791 τὰ
1800 738 1942 792 αὐτά

2069 749 2193 795 uxta
2229 754 2294 794 ac
2323 740 2572 810 evposcit
2627 748 2706 792 tot
2738 753 3006 792 annorum
3057 752 3087 790 a
3142 736 3252 792 Deo
3313 736 3614 793 constituta

374 829 439 880 ἐκ
467 825 579 879 τῶν
610 825 792 879 αὐτῶν
821 825 910 878 ἀεί
930 841 945 858 ο
979 825 1168 895 ὥσπερ
1193 828 1405 898 σφῆκες
1465 829 1566 899 μὲν
1597 832 1663 883 ὲκ
1712 831 1814 900 τῆς
1844 829 1940 884 τοῦ

2069 832 2322 888 »οι-ἰθύνει.
2358 832 2476 887 Alia
2508 833 2729 902 quoque
2756 831 3013 886 animalia
3064 847 3130 885 ex
3163 832 3268 886 alia
3317 833 3616 904 gignuntur

374 918 541 970 ῐππου
573 916 836 988 κεφαλῆς,
865 919 930 971 ἑκ
951 917 1008 971 δὲ
1035 918 1130 973 τοῦ
1153 919 1273 990 βοὸς
1303 921 1575 989 μέλιτται,
1606 924 1701 975 καὶ
1723 922 1858 976 ἄλλα
1882 921 1943 986 ἐξ

2069 923 2297 987 nateria,
2353 924 2669 992 quanquam
2715 919 2769 976 id
2806 920 3101 975 humanam
3144 922 3360 977 excedit
3394 922 3622 977 faculta-

372 1008 549 1063 ἀλλων
571 1024 586 1040 σ
620 1007 716 1061 τοῦ
752 1007 890 1062 Θεοῦ
915 1008 1005 1062 διὰ
1024 1008 1233 1063 τούτων
1255 1011 1669 1079 ὑποδεικνύντος
1703 1015 1836 1083 ἡμῖν
1864 1013 1943 1083 μὴ

2070 1029 2179 1079 em,
2204 1027 2306 1069 nec
2330 1027 2545 1083 semper
2565 1012 2753 1068 eadem
2792 1026 2857 1066 ex
2911 1013 3128 1078 iisdem,
3168 1022 3299 1083 puta
3349 1029 3526 1084 vespa:
3554 1031 3621 1090 ex

375 1097 601 1166 ἀπορεῖν
620 1098 715 1150 ἐπὶ
741 1097 852 1151 τῶν
877 1099 1350 1188 παραδοξοτέρων,
1372 1116 1449 1156 ων
1475 1105 1504 1157 6
1532 1105 1664 1169 Θεὸς
1689 1106 1944 1161 διδάσκα-

2069 1107 2248 1177 equino
2286 1105 2484 1175 capite,
2511 1119 2690 1173 exque
2713 1104 2913 1159 bovino
2951 1120 3101 1174 apes,
3127 1116 3181 1159 et
3225 1121 3286 1160 et
3326 1105 3447 1160 aliis
3494 1105 3619 1161 alia.

376 1186 466 1248 λος
487 1185 762 1255 ἐγεγόνει·
798 1190 894 1242 καὶ
930 1189 1094 1254 αὐτὸς
1143 1185 1322 1260 μόνος,
1355 1193 1432 1258 ὡς
1468 1194 1536 1248 τὰ
1576 1196 1752 1250 πάντα
1783 1196 1945 1252 δυνέι⁸

2069 1198 2260 1266 ὶιιίιιυε
2299 1195 2541 1251 ostendit
2583 1194 2746 1261 Deus,
2790 1195 2940 1250 haud
2971 1196 3024 1249 in
3064 1196 3206 1263 aliis,
3242 1211 3364 1266 qua:
3397 1195 3621 1267 majoris

379 1293 560 1347 μενος,
588 1277 832 1332 τελειοῦν
859 1280 1107 1338 δύναται.

2069 1288 2255 1360 ιιίιιυίι]
2276 1286 2527 1343 miraculi
2553 1287 2787 1342 babeant
2814 1287 2916 1341 [ide
2966 1296 3180 1352 nutare,
3217 1303 3453 1357 quorum
3506 1288 3623 1357 ipse

966 1364 971 1368 ’
1138 1394 1167 1409 "
2049 1382 2249 1436 doctor
2267 1379 2561 1445 exstiterit,
2587 1393 2652 1433 ac
2684 1393 2806 1448 qua:
2844 1378 3018 1446 solus,
3056 1379 3205 1433 velut
3248 1380 3621 1449 omnipotens,

2052 1474 2199 1530 exitu
2234 1479 2495 1542 praestare
2526 1471 2723 1542 possit.

444 1543 559 1613 Τῆς
615 1546 967 1615 ἀναστάσεως
1017 1554 1198 1608 τοίνυν
1239 1557 1337 1611 καὶ
1384 1559 1485 1627 τῆς
1531 1558 1949 1624 ἀνταποδόσειος

375 1633 804 1705 ἀναιρουμένων,
829 1640 1012 1714 πλήθη
1031 1645 1249 1698 ἀτόπων
1269 1648 1612 1719 συμϐήσεται
1637 1651 1948 1720 ὁμολογεῖν.

2069 1652 2297 1713 iutione.
2321 1664 2664 1720 consequens
2692 1650 2751 1705 ﬁt
2784 1660 2845 1705 ut
2895 1650 3183 1704 innumera
3240 1649 3476 1703 absurda
3529 1648 3627 1701 ad-

2123 1560 2350 1616 Snblala
2381 1561 2566 1629 itaque
2590 1556 2989 1613 resurrectione
3013 1568 3173 1628 atque
3203 1572 3429 1626 operum
3465 1565 3626 1611 retri—
3730 1580 3747 1597 ε

378 1724 500 1777 Ὀτι
549 1727 619 1780 τά
677 1727 848 1796 ἄλογα
908 1733 1024 1796 ζῶα
1078 1736 1367 1804 κρείττονα
1397 1741 1553 1810 ἡμῶν
1578 1742 1722 1795 είσίο
1758 1742 1950 1796 καθότι

2069 1745 2320 1800 mittenda
2350 1744 2484 1797 sint.
2516 1739 2722 1811 Nempe
2756 1753 2909 1797 muta
2937 1741 3196 1797 animalia
3229 1740 3438 1794 meliori
3469 1740 3627 1793 nubis
3739 1739 3742 1742 ’

375 1815 561 1870 ἐκεῖνα
595 1819 695 1888 μιν
725 1818 872 1891 ζωὴν
908 1822 1118 1879 ἄλυπον
1143 1825 1362 1897 ἔχουσιν
1382 1846 1398 1861 ο
1451 1831 1617 1902 ἡμεῖς
1644 1832 1700 1885 δὲ
1738 1834 1831 1887 καὶ
1858 1833 1950 1886 λυ-

2069 1849 2198 1892 ιοτιυ
2229 1836 2410 1891 futura
2443 1849 2604 1901 sunt;
2639 1845 2912 1904 quatenus
2943 1836 3034 1891 illa
3062 1834 3227 1891 vitam
3274 1835 3464 1890 vivunt
3517 1850 3633 1887 mo-

375 1910 624 1998 τιούμεθα
656 1913 753 1965 καὶ
779 1915 1186 1988 κινδυνεύομεν,
1214 1920 1525 1995 ἐξαιρέτως
1557 1923 1647 1978 διὰ
1672 1926 1771 1997 τὴν
1819 1928 1950 1998 περὶ

2071 1926 2224 1982 estiis
2277 1925 2548 1992 solutam;
2600 1940 2701 1981 nos
2731 1941 2862 1980 vero
2910 1926 3056 1980 etiis
3114 1924 3403 1988 allicinmr,
3472 1932 3526 1976 et
3574 1921 3628 1975 in

373 1996 510 2051 Θεοῦ
549 2000 1012 2072 ἀλήθειανξτίνος
1037 2010 1146 2081 γὰρ
1173 2012 1338 2068 ἕνεκα
1366 2016 1554 2070 πολλοι
1587 2019 1696 2072 τῶν
1737 1996 1950 2092 ἀνθρώ-

2069 2017 2313 2087 periculis
2351 2033 2655 2082 versamur,
2695 2017 2766 2071 ob
2797 2018 3039 2072 divinam
3080 2017 3383 2087 praesertim
3424 2000 3629 2069 verita-

374 2107 493 2143 πων
519 2093 723 2164 ἀρετὴν
739 2099 835 2149 καὶ
862 2102 1222 2172 σωφροσύνην
1247 2105 1475 2171 εἵλοντο,
1497 2109 1606 2162 τῶν
1624 2109 1718 2163 τοῦ
1741 2103 1949 2182 κόσμου

2069 2124 2185 2165 em.
2216 2109 2288 2165 Ut
2320 2108 2624 2175 quidlenim
2650 2107 2819 2162 multa
2852 2107 3136 2162 hominum
3171 2106 3329 2159 turba
3360 2105 3621 2159 virtutem

375 2186 891 2275 καταφρονήσαντες
921 2191 1115 2259 ἡδέων,
1169 2197 1263 2249 καὶ
1306 2197 1446 2268 ὑπὲρ
1487 2199 1749 2272 ἀληθείας
1786 2204 1950 2275 μέχρι

2069 2217 2116 2255 ιο
2141 2201 2450 2256 castitatem
2471 2199 2699 2269 delegit,
2739 2198 2944 2267 spretis
2985 2197 3173 2252 mundi
3199 2197 3433 2260 deliciis,
3473 2206 3632 2250 tuen-

374 2271 608 2326 θανάτου
638 2275 1015 2349 ἀντέστησανς
1057 2284 1222 2339 ’Δλλά
1259 2287 1368 2358 μὴν
1391 2290 1549 2360 δῆλον
1585 2293 1668 2346 ὅτι
1697 2271 1950 2365 τιμιώτε-

2069 2291 2235 2361 l_aque
2279 2291 2506 2345 veritate
2545 2290 2611 2344 ad
2660 2300 2890 2343 mortem
2925 2303 3097 2358 usque
3131 2296 3407 2343 certamen
3461 2289 3631 2341 desu-

375 2379 458 2433 ροι
492 2365 710 2419 πάντων
760 2370 926 2438 ἐσμὲν
963 2374 1013 2425 oi
1050 2373 1367 2446 ἄνθρωπον
1435 2381 1532 2447 καὶ
1561 2382 1772 2445 δίκαιος
1815 2384 1893 2437 ὢν
1925 2387 1950 2439 ό

2069 2382 2238 2436 lavit?
2286 2381 2447 2450 Atqui
2507 2381 2679 2449 liquet
2729 2395 2829 2437 nos
2901 2380 3152 2436 homines
3199 2381 3319 2435 aliis
3373 2379 3647 2433 omnibus

372 2453 531 2521 Θεὸς,
584 2457 686 2510 οὐκ
721 2458 788 2512 ἂν
823 2462 1176 2535 συνεχώρησε
1215 2469 1461 2535 ματαίως
1505 2472 1649 2528 οὕτω
1676 2464 1950 2529 ταλαιπω-

2069 2472 2343 2542 praestare;
2368 2485 2601 2541 cumque
2636 2471 2776 2527 Deus
2799 2472 2984 2541 justus
3013 2472 3106 2538 sit,
3145 2488 3251 2526 non
3294 2472 3374 2527 sic
3404 2471 3632 2533 frustra,
3702 2476 3705 2479 ‘

378 2547 590 2614 ρεῖσθαι
632 2550 693 2602 τὸ
722 2552 1051 2623 τιμιώτερον
1104 2558 1258 2628 ἡμᾶς
1287 2561 1517 2633 κτίσμα,
1544 2565 1571 2617 ὃ
1611 2567 1734 2619 κατ’
1766 2546 1950 2623 εἰκόνα

2069 2579 2239 2617 rerum
2314 2562 2382 2617 ah
2446 2561 2567 2631 ipso
2616 2562 2973 2631 conditarum
3033 2562 3435 2617 nobilissimam
3505 2563 3632 2631 (nos

374 2635 571 2729 ἑαυτοῦ
600 2640 827 2711 ἐποίησε
856 2647 952 2698 καὶ
980 2647 1117 2718 πρὸς
1150 2650 1348 2705 ἑαυτὸν
1382 2652 1556 2720 ἕλκει,
1606 2661 1684 2728 μὴ
1739 2659 1950 2729 μέλλων

2069 2655 2267 2712 scilicet
2321 2670 2462 2725 quos
2498 2654 2564 2708 ad
2605 2668 2762 2708 suam
2806 2653 2938 2709 fecit
3002 2653 3296 2723 imaginem
3344 2657 3411 2708 ad
3465 2668 3636 2724 seque

375 2728 685 2786 ἀποδιδόναι
714 2733 843 2797 τοὺς
873 2738 1104 2803 μισθοὺς
1134 2740 1350 2814 ἑκάστῳ
1377 2746 1595 2801 κατὰτὸ
1623 2728 1834 2805 δίκαιον
1858 2754 1950 2806 καὶ

2069 2742 2248 2814 trahit)
2294 2736 2553 2801 aerumnis
2591 2743 2786 2798 conlici
2839 2746 3066 2810 sineret,
3128 2745 3235 2801 nisi
3287 2746 3487 2815 cuique
3538 2759 3636 2816 pro

376 2819 477 2914 την
498 2820 788 2914 ἀναλογίαν
806 2826 916 2880 τῶν
943 2831 1211 2900 καμάτων
1248 2835 1451 2891 αὐτῶν.
1504 2837 1950 2914 ’ᾼναιρεθήσεται

2069 2852 2124 2892 eo
2156 2852 2220 2892 ac
2248 2851 2465 2906 aequum
2494 2837 2816 2905 jnstumque
2850 2845 2954 2903 est,
2993 2851 3059 2892 ac
3091 2850 3197 2906 pro
3233 2836 3483 2891 laborum
3533 2850 3635 2891 cu-

376 2907 436 3003 δε
458 2911 553 2964 καὶ
581 2913 614 2982 ἡ
638 2913 774 2984 πρὸς
796 2915 887 2970 τδν
915 2918 1050 2974 Θεὸν
1078 2921 1328 2993 λατρεία,
1361 2930 1457 2981 καὶ
1483 2931 1515 3000 ἡ
1544 2907 1683 3001 sepe;
1706 2907 1836 2996 τοῦς
1862 2952 1950 3003 γο-

2069 2929 2255 2999 iusque
2289 2929 2506 2983 ratione
2539 2927 2847 2983 mercedem
2906 2943 2972 2983 ac
3030 2928 3252 2997 praemia
3318 2929 3634 2983 redditurus

338 3020 347 3025 -
379 3000 507 3065 νέας
534 3003 692 3074 τιμὴ,
724 3006 869 3079 καὶὴ
896 3009 1035 3083 πρὸς
1062 3011 1334 3086 ἀλλήλους
1354 3018 1520 3083 αἰδὼς
1550 3000 1646 3073 καὶ
1670 3000 1950 3087 εὐλάϐεια.

2069 3028 2222 3078 esset.
2255 3019 2515 3077 Sublatus
2551 3021 2660 3076 erit
2691 3027 2749 3076 et
2809 3019 2903 3074 Dei
2976 3020 3181 3083 cultus.
3233 3027 3294 3074 et
3347 3027 3637 3088 parentum

356 3094 475 3210 ,κῗὶ
508 3095 662 3210 φιλία
692 3101 788 3153 καὶ
814 3100 1045 3173 ὀρθότης
1079 3105 1175 3159 καὶ
1203 3109 1463 3163 κοινωνία
1493 3110 1719 3167 πάντων
1737 3130 1751 3145 ·
1781 3116 1879 3168 καὶ
1903 3115 1950 3168 oi

2069 3115 2258 3176 honos,
2310 3127 2534 3182 quaque
2596 3110 2690 3166 alii
2738 3110 2876 3166 alios
2914 3110 3322 3192 prdsequimur,
3356 3110 3640 3163 veneratio

292 3218 297 3222 ι
379 3186 536 3276 νόμοι
563 3189 659 3241 καὶ
683 3191 751 3245 τὰ
775 3194 1056 3264 κριτήρια,
1092 3198 1188 3252 καὶ
1212 3201 1391 3262 πάντα
1418 3202 1490 3255 τὰ
1523 3203 1772 3259 τοιαῦτα.
1801 3208 1950 3261 Διατί

2069 3214 2117 3263 et
2163 3204 2363 3276 pudor,
2423 3202 2777 3274 amicitiaque
2830 3210 2886 3259 et
2944 3203 3215 3259 rectitudo
3277 3186 3637 3271 eniniumque

371 3271 487 3367 ’γὰρ
512 3272 727 3367 ἔσονται
773 3278 985 3348 ταῦτα;
1017 3285 1164 3348 τίνος
1190 3286 1392 3357 ἓνεκα;
1447 3290 1574 3345 ἐπεὶ
1612 3293 1752 3363 πρὸς
1800 3295 1950 3349 οὐδὲν

2069 3271 2305 3354 societas
2348 3312 2364 3350 :
2409 3294 2559 3367 leges
2614 3271 2837 3366 quoque
2867 3302 2923 3349 et
2966 3294 3202 3367 judicia,
3260 3304 3315 3350 et
3345 3308 3466 3361 qua:
3519 3294 3641 3362 ejus

378 3363 644 3460 ἀφορῶσι.
679 3370 793 3424 Καὶ
833 3371 1027 3427 τούτου
1061 3376 1158 3429 τοῦ
1206 3377 1369 3446 λόγου
1397 3383 1751 3451 κρατοῦντος,
1786 3385 1950 3457 away;

2069 3388 2277 3460 generis
2330 3363 2487 3443 suntv
2515 3363 2724 3457 omnia.
2746 3363 2852 3446 iUt
2883 3363 3012 3456 quid
3073 3390 3217 3443 enim
3250 3387 3368 3442 haec
3420 3386 3642 3449 futura!

381 3457 773 3530 manodjtsOa
798 3463 872 3528 ὡς
896 3466 1109 3538 θηρίοις
1131 3471 1368 3542 χρῆσθαι
1393 3473 1670 3544 ἀλλήλοις,
1697 3479 1797 3531 καὶ
1816 3482 1950 3549 μήτε

2069 3480 2222 3550 cujus
2261 3493 2389 3535 vero
2422 3478 2635 3550 gratia?
2662 3495 2788 3535 eum
2834 3480 2984 3536 omni
3023 3481 3130 3537 ﬁne
3167 3490 3407 3537 careant.
3445 3483 3525 3535 Ac
3592 3481 3641 3535 si

382 3550 580 3620 μέτρον
599 3550 959 3629 βρωμάτωνῆ
996 3563 1335 3635 πομάτων,ἢ
1361 3564 1511 3629 τινὸς
1548 3566 1660 3619 τῶν
1689 3568 1950 3621 τοιούτων

2069 3569 2279 3638 quidem
2316 3585 2443 3625 vera
2467 3579 2553 3625 est
2583 3571 2700 3625 haec
2730 3570 3004 3637 doctrina,
3044 3585 3268 3627 necesse
3294 3572 3401 3625 erit
3452 3583 3510 3627 ut
3539 3571 3631 3624 alii

274 3730 281 3733 Γ
378 3642 616 3733 ειδέναι·
671 3642 809 3700 ἀλλὰ
839 3650 1026 3703 πᾶσαν
1087 3652 1284 3724 ἡδονὴν
1339 3657 1674 3728 ζητήσομεν,
1732 3659 1950 3713 καὶτὸν

2069 3662 2179 3717 aliis
2213 3660 2372 3730 quasi
2406 3660 2595 3716 bestiis
2629 3669 2868 3727 utamur,
2907 3664 2970 3717 a‘c
3002 3677 3184 3733 neque
3232 3662 3341 3716 cibi
3391 3672 3486 3718 aut
3533 3678 3635 3731 po-

361 3732 547 3823 ,ὑγρὸν
576 3736 670 3802 καὶ
713 3737 1098 3810 διαλελυμένον
1140 3742 1378 3813 ζήσομεν
1409 3746 1547 3816 βίον.
1572 3750 1653 3809 ’,Δ
1684 3749 1749 3817 δὴ
1776 3749 1950 3804 πάντα

2069 3761 2149 3806 ius
2183 3752 2405 3806 modum
2443 3751 2610 3806 ullum
2677 3759 2979 3819 teneamus,
3014 3732 3114 3809 nec
3151 3754 3385 3809 aliorum
3448 3753 3633 3822 cujus-

382 3826 557 3924 ἀτοπα
586 3829 682 3883 καὶ
723 3830 1042 3901 ἀνάρμοστα
1109 3837 1207 3888 καὶ
1241 3835 1321 3906 τῷ
1381 3837 1705 3909 δημιουργῷ
1736 3840 1950 3893 πάντων

2069 3857 2220 3912 quam
2262 3841 2382 3911 ejus
2422 3842 2661 3912 generis,
2698 3843 2789 3897 sed
2838 3846 3054 3899 omnem
3096 3844 3429 3924 voluptatem
3483 3859 3639 3912 qua:-

378 3920 493 3989 Θεῷ
515 3922 612 3975 καὶ
635 3921 713 3993 τῷ
743 3923 1018 3996 ἀξιώματι
1052 3925 1147 3980 τοῦ
1178 3929 1497 4001 ἀνθρώπου.

2069 3949 2265 3993 ramus.
2306 3933 2583 4005 vitamque
2623 3934 2842 3990 mollem
2883 3950 2949 3989 ac
2979 3935 3307 4015 dissolutam
3357 3920 3646 4015 vivamus..

379 4020 511 4086 Quae
601 4021 783 4075 omnia
839 4023 1078 4080 absurda
1135 4032 1282 4091 sunt,
1359 4041 1425 4080 ac
1492 4036 1607 4081 tum
1683 4027 1794 4085 Deo
1865 4027 2109 4084 omnium
2165 4025 2470 4092 Cunditori,
2562 4037 2679 4083 tum
2777 4008 3055 4084 humanae.
3108 4028 3454 4086 dissentanea
3508 4008 3636 4084 ’ἀί-

379 4114 594 4183 guitati.

354 4278 357 4279 ν
451 4208 590 4279 Πρὸς
619 4206 854 4273 τούτοις,
890 4210 1015 4264 επεὶ
1048 4210 1277 4280 φυσικόν
1315 4213 1434 4266 ἐστι
1471 4212 1530 4266 τδ
1567 4208 1708 4267 εἶναι
1746 4230 1950 4284 συνημ-

2136 4206 2404 4261 Praeterea
2466 4221 2587 4261 cum
2639 4206 2890 4278 corporis
2933 4220 3059 4261 eum
3099 4206 3280 4262 anima
3316 4210 3448 4264 unio
3478 4218 3641 4265 natu-

384 4303 542 4378 μένον
570 4303 637 4372 τῇ
675 4300 825 4373 ψυχῇ
858 4302 920 4356 τὸ
951 4302 1134 4373 σῶμα,
1172 4304 1323 4375 παρὰ
1347 4305 1511 4374 φύσιν
1533 4305 1590 4359 δέ
1613 4308 1731 4359 ἐστι
1756 4306 1819 4369 τὸ
1841 4297 1950 4378 χω-

2069 4300 2185 4355 εεΙίε
2243 4299 2316 4354 sit
2381 4296 2610 4374 ejusque
2663 4298 2733 4354 ab
2794 4298 2884 4352 illa
2930 4301 3205 4368 separatio
3285 4302 3639 4368 innaturalis,

385 4375 630 4463 ρίξεσθαι
682 4397 782 4465 τῆς
811 4395 992 4469 ψυχῆς
1025 4398 1195 4453 αὐτόν
1244 4399 1441 4455 ἕπεται
1469 4401 1805 4469 ἀναγκαίως,
1842 4375 1950 4454 *τοῦ

2069 4390 2370 4447 ιεοεεεενίο
2425 4391 2697 4459 sequitur,
2749 4391 2832 4445 sic
2915 4392 3175 4447 nimirum
3244 4394 3634 4449 innatmaliter

381 4486 631 4552 σώματος
663 4487 765 4556 τῆς
797 4485 977 4559 ψυχῆς
1010 4490 1163 4561 παρὰ
1219 4490 1385 4560 φύσιν
1416 4490 1818 4562 χωριζομένου,
1871 4491 1949 4561 μὴ

2069 4497 2290 4555 corpore
2349 4484 2420 4538 ab
2474 4485 2654 4536 anima
2722 4491 3000 4552 separato,
3061 4500 3170 4539 non
3218 4484 3271 4539 in
3310 4495 3635 4562 perpetuum

378 4579 652 4648 διαμένειν
685 4582 767 4644 είς
824 4581 886 4635 τὸ
919 4560 1147 4652 ἄπειρον
1178 4583 1324 4637 οὕτω
1376 4560 1805 4654 κεχωρισμένον.
1842 4560 1950 4636 Καί

2069 4589 2389 4631 mansurum
2440 4574 2515 4628 ita
2571 4582 2903 4644 separatum.
2958 4572 3092 4628 Nam
3135 4560 3645 4644 corpus’naturali-'

380 4669 489 4739 γὰρ
517 4672 659 4724 κατὰ
692 4669 856 4740 φύσιν
878 4670 941 4725 τὸ
969 4671 1129 4742 σῶμα
1156 4675 1223 4743 τῇ
1256 4673 1403 4743 ψυχῇ
1431 4673 1641 4745 ἥνωται
1675 4672 1827 4744 παρὰ
1857 4672 1950 4727 τοῦ

2069 4676 2148 4722 ter
2179 4665 2378 4721 animae
2408 4681 2438 4719 a
2471 4664 2580 4720 Deo
2626 4665 2838 4719 unitum
2863 4673 2976 4730 est;
3021 4665 3088 4718 ad
3123 4681 3247 4720 eum
3279 4668 3497 4723 modum
3529 4684 3641 4737 quo

379 4760 536 4824 Θεοῦ,
566 4762 755 4836 ὥσπερ
786 4765 821 4834 ἡ
861 4763 962 4835 ῦλη
988 4763 1102 4835 ἔχει
1130 4764 1269 4835 πρὸς
1305 4766 1376 4820 τὸ
1405 4763 1567 4830 εἶδος.
1608 4766 1670 4821 '0
1691 4766 1747 4819 δὲ
1785 4767 1950 4821 θάνα-

2069 4772 2125 4812 se
2171 4755 2403 4810 materia
2450 4755 2517 4810 ad
2547 4756 2778 4810 formam
2823 4755 3007 4811 habet.
3033 4755 3181 4812 Mors
3211 4768 3392 4813 autem
3428 4763 3637 4827 peccati

377 4870 470 4918 τος
495 4850 584 4909 διὰ
611 4856 713 4924 τὴν
743 4856 1023 4925 ἁμαρτίαν
1053 4854 1322 4924 ἐπελθὼν,
1371 4856 1471 4925 τὴν
1514 4857 1802 4912 διάστασιν
1852 4861 1954 4929 τῆς

377 4947 555 5018 ψυχῆς
590 4949 698 5003 ἀπὸ
721 4948 813 5002 τοῦ
848 4946 1098 5019 σώματος
1152 4948 1432 5019 ἐποίησεν.
1467 4950 1627 5019 Παρὰ
1651 4949 1815 5019 φύσιν
1860 4949 1956 5003 οὖν

376 5042 411 5107 ἡ
440 5040 716 5102 διάστασις
744 5040 938 5094 τούτου
970 5041 1209 5108 ἐγένετο.
1267 5041 1340 5094 T6
1370 5040 1429 5094 δὲ
1457 5043 1607 5111 παρὰ
1638 5042 1802 5110 φύσιν
1849 5042 1953 5095 οὐκ

380 5130 612 5185 ἐπιπολὺ
638 5131 906 5200 διαμένει.
945 5125 1096 5197 οἷον,
1129 5132 1274 5185 κατὰ
1307 5130 1468 5200 φύσιν
1495 5132 1720 5201 φέρεται
1753 5133 1780 5185 6
1802 5130 1951 5196 λίθος

380 5223 470 5275 ἀεὶ
499 5224 580 5286 είς
600 5223 661 5277 τὺ
716 5222 870 5277 κάτω
885 5237 915 5293 ’χ
947 5222 1102 5292 παρὰ
1138 5222 1301 5291 φύσιν
1344 5221 1403 5276 δὲ
1446 5222 1528 5285 είς
1559 5221 1621 5293 τὸ
1652 5222 1785 5287 ἄνω,
1819 5222 1951 5275 ὅταν

380 5330 464 5375 τις
490 5312 653 5372 αὑτὸν
683 5312 776 5384 βίᾳ
790 5311 1006 5385 eam.
1028 5313 1201 5366 Τοῦτο
1226 5311 1357 5381 γοῦν
1384 5314 1444 5366 τὸ
1463 5312 1655 5382 βιαίως
1678 5314 1774 5366 καὶ
1798 5313 1951 5383 παρὰ

379 5405 478 5475 τὴν
502 5404 665 5474 φύσιν
696 5404 792 5458 τοῦ
825 5403 974 5457 λίθου
996 5405 1058 5457 οὐ
1086 5404 1334 5474 διαμένει
1366 5402 1622 5457 ὲπιπολύ.
1659 5402 1958 5474 Συντόμως

380 5496 490 5564 γὰρ
512 5495 672 5548 πάλιν
692 5493 918 5564 ἔρχεται
945 5495 1027 5559 είς
1052 5494 1113 5547 τὸ
1133 5495 1277 5549 κατὰ
1299 5492 1461 5563 φύσιν
1493 5491 1659 5547 αὐτοῦ
1691 5493 1752 5545 τὺ
1774 5493 1947 5548 κάτω.

380 5588 485 5641 Καὶ
518 5585 697 5640 τοίνυν
730 5589 765 5656 ἡ
805 5587 954 5656 ψυχὴ
987 5586 1084 5639 τοῦ
1121 5586 1374 5654 σώματος
1408 5585 1780 5657 χωριζομένη,
1811 5586 1948 5656 ὅπερ

372 5679 501 5733 ἐστὶ
532 5679 686 5747 παρὰ
711 5679 899 5747 φύσιν,
933 5680 1034 5734 οὐκ
1064 5678 1125 5731 ἐν
1145 5678 1322 5751 τούτῳ
1341 5679 1587 5749 διαμενεῖ
1616 5678 1697 5742 είς
1717 5677 1777 5731 τὸ
1793 5677 1936 5732 ἄπει-

386 5788 499 5839 ρον.
548 5769 634 5825 ’Τὸ
666 5768 776 5842 γὰρ
817 5771 968 5841 παρὰ
1022 5753 1205 5839 φύσιν,
1239 5769 1314 5834 ὡς
1356 5758 1623 5841 -είπομέν,
1669 5771 1948 5840 συντόμως

2064 4855 2218 4903 reatu
2274 4846 2666 4916 superveniens
2718 4847 2959 4902 animam
3008 4862 3039 4900 a
3079 4864 3312 4919 corpore
3346 4850 3638 4922 disjunxit.

2067 4939 2202 5008 Ejus
2239 4939 2422 5006 itaque
2452 4937 2543 4992 illa
2578 4937 2880 5008 disjunetio
2918 4939 3245 4997 innaturalis
3298 4945 3419 4999 fuit.
3478 4945 3638 5014 Quod

2066 5039 2248 5085 autem
2301 5038 2387 5085 est
2433 5029 2741 5084 innaturale
2784 5030 2929 5085 haud
2980 5031 3075 5086 diu
3119 5033 3322 5089 durare
3345 5036 3637 5109 contingit.

2066 5121 2139 5177 Ut
2185 5123 2289 5178 sub
2332 5122 2584 5192 exemplo
2626 5122 2839 5192 loquar,
2893 5123 3058 5193 lapidi
3098 5127 3352 5182 naturale
3391 5137 3477 5184 est
3502 5128 3636 5184 ferri

2061 5215 2323 5272 deorsum
2349 5232 2363 5268 :
2392 5209 2701 5271 innaturale
2725 5230 2858 5281 vero
2887 5226 2945 5270 ut
2967 5232 3187 5274 sursum
3232 5219 3461 5288 feratur,
3509 5239 3632 5279 cum

2066 5306 2192 5376 quis
2225 5306 2273 5360 vi
2302 5309 2480 5376 ipsum
2514 5307 2814 5377 impulerit.
2851 5306 3006 5373 Quod
3035 5310 3117 5366 sic
3151 5311 3318 5381 igitur
3365 5315 3639 5395 violenter

2067 5395 2276 5450 feratur
2309 5410 2373 5450 ac
2411 5396 2684 5451 renitente
2715 5403 2932 5461 natura,
2967 5412 3074 5451 non
3104 5399 3196 5455 diu
3243 5402 3422 5456 durat.
3474 5402 3632 5457 Brevi

2063 5487 2210 5541 enim
2249 5501 2438 5542 rursus
2484 5485 2629 5541 redit
2682 5487 2749 5541 ad
2781 5486 2836 5541 id
2866 5491 3010 5559 quod
3056 5499 3145 5545 est
3199 5505 3265 5544 ex
3316 5501 3532 5552 natura,
3572 5500 3655 5543 ιιι-

2066 5599 2261 5653 nempe
2300 5583 2557 5639 deorsum
2624 5582 2850 5638 feratur.
2897 5583 3088 5655 Itaque
3132 5568 3307 5639 etiam
3363 5585 3545 5638 anima
3601 5600 3639 5638 ε

2066 5688 2300 5743 corpore
2319 5674 2565 5743 seiuncta
2610 5676 2778 5746 (quod
2830 5675 2907 5729 illi
2961 5675 3271 5730 iunaturale
3301 5679 3408 5743 est)
3444 5675 3633 5734 non_in

2062 5780 2130 5823 eo
2162 5767 2216 5822 in
2238 5766 2628 5837 sempiternum
2654 5767 2925 5825 manebit.
2947 5766 3102 5834 Quod
3129 5769 3273 5824 enim
3325 5767 3637 5823 innaturatc
