4088 6426
454 357 564 421 635
1378 337 1379 341 ‘
1713 351 2068 430 MANUE‘LI:

2085 351 2105 410 ς
2143 353 2444 414 camera
2719 330 2742 350 ⁸
3595 353 3699 417 636

458 469 550 537 qui
601 466 744 521 bona
799 465 1042 522 fecerunt
1096 461 1152 518 in
1206 462 1664 520 resurrectionem
1718 465 1869 529 vitae;
1933 460 2072 532 quil

2084 464 2104 514 ι
2131 460 2316 529 φωνῆς
2349 459 2513 515 αὐτοῦ
2542 475 2554 490 ⁸
2587 460 2683 514 καὶ
2713 459 3139 531 ἐκπορεύσονται
3164 461 3212 514 oi
3241 460 3311 514 τά
3338 460 3518 530 ἀγαθὰ
3540 466 3698 532 ποιή-

447 575 593 614 -vero
619 560 758 613 mala
783 566 1030 627 egerunt,
1059 556 1111 610 in
1139 556 1597 612 resurrectionem
1637 554 1830 625 iudicii
1869 554 1937 609 ον.
2003 574 2022 608 ι

2134 569 2324 616 σαντες
2356 555 2434 616 είς
2483 553 2780 608 ἀνάστασιν
2833 552 2979 616 (cui;
3002 570 3016 585 ο
3057 553 3106 605 οἱ
3139 551 3194 605 δὲ
3231 552 3298 605 τά
3332 551 3510 620 φαῦλα
3563 555 3702 619 πρά-

461 647 552 701 Αἰι
592 661 720 700 vero
763 647 924 699 etiam
956 643 1095 697 Job:
1137 661 1156 694 ι
1193 643 1524 712 Redemptor
1577 657 1731 697 meus
1783 643 1936 706 vivit,
1977 652 2032 696 et

2133 646 2320 711 ξαντες
2344 647 2423 709 είς
2451 646 2752 699 ἀνάστασιν
2781 645 3034 716 κρίσεως.
3076 662 3093 695 ι
3130 645 3268 714 Φησὶ
3289 643 3346 695 δὲ
3375 643 3468 696 καὶ
3498 645 3526 695 6
3555 644 3701 709 Ἰὼϐ,

463 739 516 790 in
553 737 846 792 novissimo
874 737 938 792 de
965 744 1108 791 terra
1145 744 1496 791 surrecturus
1535 749 1676 797 sum,
1711 745 1768 790 et
1812 749 2030 788 rursum

2141 755 2158 787 ι
2205 737 2330 791 Ὀτι
2359 737 2389 789 6
2417 738 2702 808 λυτρωτής
2727 753 2828 808 μου
2860 735 2948 806 ζῇ,
2992 735 3084 788 καὶ
3109 736 3164 787 ἐν
3192 737 3258 805 τῇ
3293 735 3495 804 ἐσχάτῃ
3522 736 3705 805 ἡμέρᾳ

461 827 846 882 circumdabor
891 827 1030 896 pelle
1075 842 1218 892 mea,
1256 835 1312 881 et
1340 829 1393 881 in
1447 841 1612 881 carne
1659 840 1778 879 mea
1835 824 2032 880 videbo

2133 828 2505 898 ἀναστήσομαι
2533 830 2600 881 ἐτι
2630 828 2728 897 τῆς
2753 826 2880 896 γῆς.
2916 827 3011 878 καὶ
3037 826 3200 878 πάλιν
3237 825 3602 895 περικαλύψει
3636 842 3703 892 με

464 921 631 976 Deum
667 921 732 972 ".
773 939 792 972 ι
832 918 1132 975 Etdivinus
1183 919 1353 974 David
1388 935 1402 973 :
1432 937 1450 970 ι
1490 918 1724 974 Auferes
1772 919 2028 988 spiritum

2133 921 2194 972 τὸ
2210 921 2388 989 δέρμα
2411 937 2534 991 μου,
2563 921 2659 973 καὶ
2679 922 2736 972 ἐν
2753 922 2818 990 τῇ
2846 918 3008 990 σαρκί
3035 934 3136 987 μου
3155 917 3360 987 ὄψομαι
3388 918 3479 969 τὸν
3509 916 3701 972 Θεόν.»

463 1027 676 1072 eorum,
733 1021 787 1067 et
837 1011 1110 1073 deficient,
1164 1019 1218 1067 et
1263 1011 1316 1064 in
1367 1011 1640 1080 pulverem
1666 1024 1823 1065 suum
1845 1026 2032 1066 rever-

2136 1013 2251 1065 Καὶ·
2277 1015 2304 1065 6
2330 1012 2472 1076 θεῖος
2495 1011 2684 1076 Δσόὶδ,
2724 1031 2742 1063 ι
2786 1010 3126 1073 Ἀντανελεϊς
3163 1011 3225 1063 τὸ
3251 1008 3470 1077 πνεῦμα
3502 1007 3705 1073 αὐτῶν,

470 1100 743 1155 tentur”.
811 1119 831 1152 ι
889 1101 992 1164 Ειι,
1039 1100 1105 1155 de
1149 1103 1216 1154 de
1256 1099 1570 1169 corporibus
1601 1099 1859 1168 loquitur.
1894 1099 2032 1175 Tum

2137 1105 2233 1157 καὶ
2260 1104 2598 1174 ἐκλείψουσι,
2625 1103 2720 1157 καὶ
2753 1105 2832 1166 είς
2863 1103 2956 1156 τὸν
2984 1101 3112 1172 χοῦν
3142 1100 3320 1154 αὐτῶν
3347 1099 3710 1170 ἐπιστρέψου-

471 1191 655 1244 subdit
689 1209 704 1246 :
741 1210 759 1242 ι
801 1191 1026 1248 Emittes
1062 1192 1326 1262 Spiritum
1373 1202 1548 1256 tuum,
1585 1201 1638 1246 et
1682 1193 2030 1260 creabuntur,

2140 1212 2243 1249 σιν.
2288 1213 2306 1245 ι
2353 1194 2487 1248 Ἰδοὺ
2536 1194 2667 1264 περὶ
2703 1193 2973 1263 σωμάτων
3023 1192 3052 1244 6
3100 1192 3281 1261 λόγος.
3320 1187 3452 1244 Εἶτα
3486 1192 3705 1259 ἐπάγει,

469 1291 524 1334 et
554 1283 839 1337 reuovabis
870 1282 1060 1338 faciem
1095 1290 1252 1337 terra:
1283 1284 1323 1336 ί.
1363 1301 1382 1334 ι
1417 1283 1586 1337 isaias
1612 1297 1860 1352 quoque:
1887 1302 1906 1335 ι
1932 1283 2038 1338 Re-

2145 1306 2162 1337 ι
2220 1286 2628 1350 Ἐξαποστελεῐς
2656 1286 2718 1338 τὸ
2752 1285 2976 1354 Πνεῦμά
3009 1303 3124 1349 σου,
3168 1285 3262 1336 καὶ
3299 1283 3707 1354 κτισθήσονται.

472 1379 695 1442 surgent
726 1373 949 1435 mortui,
980 1383 1034 1427 et
1063 1373 1468 1428 suscitabuntur
1495 1373 1589 1444 qui
1627 1382 1756 1430 sunt
1805 1376 1858 1429 in
1915 1392 2037 1431 mo-

2140 1375 2232 1427 καὶ
2287 1377 2601 1439 ἀνακαινεῖς
2650 1375 2711 1430 τὸ
2765 1375 3059 1445 πρόσωπον
3111 1375 3213 1444 τῆς
3266 1376 3395 1443 γῆς.
3449 1395 3468 1426 ι
3527 1375 3639 1428 Καὶ
3683 1376 3711 1427 6

474 1465 751 1518 numentis
783 1465 824 1518 ¹.
864 1482 882 1515 ι
913 1463 1111 1519 Beatus
1141 1480 1359 1534 quoque
1399 1466 1648 1521 Ezechiel
1687 1484 1700 1519 :
1737 1485 1755 1518 ι
1810 1467 2038 1523 Factum

2142 1468 2392 1531 Ἡσαΐας,
2429 1487 2450 1520 ι
2507 1469 2932 1540 Ἀναστήσονται
2957 1469 3006 1520 oi
3038 1468 3242 1538 νεκροὶ,
3269 1471 3363 1521 καὶ
3389 1467 3737 1537 ἐγερθήσον-⁴

471 1564 574 1616 est,
611 1553 805 1622 inquit,
833 1552 962 1608 dum
1008 1553 1432 1623 prophetarem;
1487 1565 1543 1610 et
1570 1571 1698 1612 ecce
1716 1558 2037 1622 commotio,

2113 1571 2231 1612 ’ται
2249 1561 2298 1612 οἱ
2326 1561 2383 1612 ἐν
2404 1560 2520 1623 τοῖς
2550 1557 2857 1630 μνημείοις.
2896 1577 2915 1609 ι
2945 1559 3058 1612 Καὶ
3092 1557 3120 1610 6
3147 1557 3413 1628 μακάριος
3429 1557 3715 1627 Ἰεζεκιὴλ,

475 1655 530 1699 οι
565 1643 803 1699 admovit
853 1660 1000 1710 ossa,
1028 1660 1090 1700 os
1118 1645 1184 1700 ad
1241 1660 1324 1710 os,
1352 1646 1782 1716 unumquodque
1811 1648 1875 1702 ad
1907 1647 2037 1718 jun-

2149 1673 2166 1703 ι
2228 1648 2497 1718 Ἐγένετο.
2547 1669 2566 1702 ι
2607 1649 2764 1719 φησὶ,
2797 1667 2814 1700 ι
2862 1651 2921 1702 ἐν
2961 1648 3042 1718 τῷ
3087 1666 3154 1719 με
3187 1648 3588 1718 προφητεῦσαι,
3618 1649 3717 1701 καῖ¹

473 1738 699 1790 οιιιιιιιιι
732 1750 907 1791 suam.
967 1735 1030 1791 Et
1071 1736 1201 1803 vidi,
1257 1745 1456 1792 etecce
1496 1751 1657 1806 super
1688 1753 1750 1793 ea
1799 1738 1948 1793 nervi
1981 1748 2036 1793 et
2077 1789 2087 1812 ι

2101 1788 2118 1812 ,
2149 1742 2256 1796 ἰδοὺ
2302 1732 2541 1812 σεισμὸς,
2575 1740 2668 1794 καὶ
2704 1741 3022 1809 προσήγαγε
3054 1739 3123 1792 τά
3151 1739 3286 1792 ὀστᾶ
3325 1737 3514 1792 ὀστέον
3575 1738 3715 1807 πρὸς

472 1841 664 1881 carnes
716 1825 1054 1890 oriebantur,
1103 1835 1156 1882 et
1212 1827 1580 1882 ascendebant
1619 1843 1782 1898 super
1843 1845 1935 1894 ea;
1993 1789 2086 1885 etl

2147 1834 2354 1898 ὀστέον,
2379 1787 2616 1886 ἒὲαάτον
2651 1787 2786 1902 πρὸέ
2817 1787 2917 1901 τήῦ
2970 1787 3240 1900 ἀρμονίαν
3283 1829 3471 1884 αὑτοῦ.
3507 1787 3739 1900 Kurd;

474 1917 639 1985 pelles
681 1925 912 1972 extentae
965 1930 1092 1972 sunt
1151 1931 1319 1986 super
1375 1917 1481 1972 illis
1509 1917 1744 1988 desuper
1771 1921 1812 1975 ’.
1850 1939 1867 1970 ι
1904 1919 2042 1973 Τιιιη

2145 1923 2256 1988 δον,
2290 1923 2385 1976 καὶ
2435 1922 2545 1977 ἰξοῦ
2608 1921 2901 1988 ἐπεγένετο
2937 1920 3132 1985 αὐτοῖς,
3151 1919 3317 1990 νεῦρα
3367 1919 3461 1973 καὶ
3516 1919 3720 1988 σάρκες

474 2013 632 2067 docet
678 2028 912 2084 quonam
961 2013 1183 2083 spiritus
1233 2013 1374 2082 jussi
1423 2015 1630 2070 reversi
1691 2016 1836 2069 sint:
1872 2017 1964 2070 sed
1992 2025 2046 2070 et

2146 2013 2464 2082 ἀνεφύοντο,
2501 2014 2597 2067 καὶ
2645 2012 2930 2065 ἀνέϐαινον
2961 2012 3050 2064 ἐπ’
3080 2010 3222 2064 αὐτά
3247 2026 3264 2042 ο
3297 2010 3390 2062 καὶ
3421 2010 3715 2079 περιετάθη

475 2105 579 2158 alia
612 2104 764 2173 plura
784 2103 901 2172 ejus
935 2104 1146 2173 generis
1171 2106 1237 2158 de
1279 2103 1456 2158 futura
1492 2108 1890 2161 resurrectione
1948 2123 2047 2161 no-

2147 2109 2232 2159 ἐπ’
2263 2109 2446 2170 αὐτοῖς
2481 2106 2732 2176 δέρματα
2768 2105 3070 2158 ἐπάνωθεν.
3115 2122 3134 2154 ι
3169 2099 3304 2156 Εἶτα
3331 2102 3574 2156 διδάσκει
3608 2099 3717 2153 ποῦ

481 2197 562 2251 bis
593 2199 755 2251 tradit
783 2197 964 2252 divina
997 2196 1313 2267 Scriptura,
1337 2196 1409 2250 Ex
1443 2197 1644 2266 quibus
1695 2199 2042 2252 tramites-tum

2147 2195 2787 2266 κελευσθένταξέπανῆλθε
2805 2197 2870 2250 τά
2890 2196 3197 2264 πνεύματαο
3217 2197 3312 2250 καὶ
3329 2194 3461 2248 ἄλλα
3479 2193 3533 2246 δὲ
3551 2193 3723 2246 πολλά

477 2299 560 2348 est
585 2292 897 2346 suscitanda
929 2294 1219 2357 cadavera,
1251 2305 1352 2345 nec
1380 2291 1606 2346 inﬁnitae
1641 2291 1733 2346 Dei
1789 2293 2045 2360 potentiae

2146 2289 2374 2343 τοιαῦτα
2399 2291 2432 2358 ἡ
2470 2289 2590 2342 θεία
2618 2287 2810 2358 Γραφὴ
2855 2289 2985 2357 περὶ
3015 2286 3114 2355 τῆς
3145 2284 3445 2355 μελλούσης
3484 2283 3726 2337 ἀναστάο

473 2378 764 2447 quidquam
795 2383 1129 2446 [mnossibile
1164 2383 1300 2439 (ore.

2150 2399 2288 2445 σεως
2316 2383 2445 2450 ἡμῖν
2472 2381 2864 2448 παραδίδωσιν.
2899 2377 2997 2443 ’Ἐξ
3024 2372 3099 2431 ὧν
3145 2377 3304 2446 δῆλον
3342 2378 3422 2430 ὃτι
3453 2377 3519 2429 τά
3549 2377 3722 2445 νεκρά

525 2463 528 2466 ’
2147 2473 2534 2543 ἐγερθήσονται
2566 2473 2822 2542 σώματα,
2879 2473 2975 2526 καὶ
3020 2473 3087 2542 τῇ
3108 2471 3335 2540 ’ἀπείρῳ
3363 2470 3594 2538 δυνάμει
3621 2467 3722 2521 τοῦ

2148 2564 2284 2618 Θεοῦ
2317 2564 2473 2618 οὐδὲν
2497 2565 2761 2619 ἀδύνατον
2787 2565 2962 2618 ἔσται.

546 2645 681 2712 Quia
732 2649 894 2716 igitur
940 2651 1134 2703 nedum
1191 2650 1457 2720 ejusmodi
1482 2652 1828 2709 sermonibus
1858 2669 2048 2709 resnr-

2231 2646 2390 2714 Ἐπεὶ⁵
2419 2661 2600 2728 τοίνυν
2621 2658 2682 2711 οὐ
2715 2658 2875 2728 μόνον
2900 2657 3012 2719 τοῖς
3041 2655 3303 2718 τοιούτοις
3328 2654 3506 2722 λόγοις
3529 2655 3560 2722 ἠ
3586 2653 3722 2706 ἀνά-

479 2739 649 2794 rectio
687 2739 1024 2806 colirmatur,
1076 2743 1168 2797 sed
1214 2750 1268 2796 et
1311 2743 1428 2810 ipse
1463 2741 1715 2800 Christus
1754 2761 1784 2800 a
1817 2748 2047 2803 mortuis

2150 2763 2338 2810 στασις
2382 2727 2725 2816 βεϐαιοῦται,
2770 2745 2907 2798 ἀλλά
2953 2744 3049 2798 καὶ
3097 2743 3258 2805 αὐτὸς
3297 2744 3326 2796 6
3376 2742 3608 2812 Χριστὸς
3655 2744 3722 2794 ἐκ

477 2830 745 2896 surrexit,
779 2832 850 2886 ita
888 2833 1144 2888 nimirum
1181 2845 1240 2889 ut
1285 2835 1434 2891 visus
1462 2835 1535 2890 sit
1562 2846 1617 2892 et
1651 2847 2044 2904 contrectatus,

2148 2836 2355 2906 νεκρῶν
2381 2835 2602 2902 ἀνέστη,
2636 2833 2777 2885 ὥστε
2825 2834 2917 2885 καὶ
2965 2830 3224 2900 θεαθῆναι
3259 2834 3356 2882 καὶ
3388 2827 3723 2898 ψηλαφηθῆ-

477 2922 904 2991 romederitque.
937 2924 1082 2994 quod
1107 2923 1281 2994 ipsum
1306 2941 1412 2980 non
1450 2936 1569 2980 erat
1616 2943 1680 2982 ex
1714 2939 1925 2984 naturae
1959 2947 2048 2985 ra-

2149 2946 2237 2981 ναι
2266 2927 2360 2981 καὶ
2390 2929 2606 2996 φαγεῖν,
2635 2927 2772 2996 ὅπερ
2819 2925 2921 2977 οὐκ
2966 2919 3035 2994 ἦν
3087 2922 3231 2976 κατά
3261 2920 3489 2998 φυσικὸν
3519 2920 3677 2988 λόγον
3701 2935 3722 2955 ο

389 3036 393 3039 -
477 3011 746 3079 tionibus,
784 3021 959 3083 neque
1001 3017 1148 3070 enim
1209 3031 1331 3071 cum
1377 3019 1674 3074 suscitatus
1718 3031 1882 3086 esset,
1922 3022 2003 3076 cib

2148 3021 2266 3074 ούδέ
2316 3019 2424 3089 γὰρ
2472 3018 2609 3089 μετά
2654 3019 2756 3086 τὴν
2791 3017 3090 3071 ἀνάστασιν
3124 3017 3332 3085 τροφῆς
3364 3014 3556 3081 ἐδεῖτο,
3587 3013 3742 3096 ἀλλἀῖ

477 3104 768 3174 indigebat,
803 3105 900 3160 sed
929 3107 994 3161 ad
1038 3108 1394 3163 aStt-uendam
1430 3113 1908 3177 resurrectionem,
1937 3117 2048 3169 s‘c-
2077 3108 2091 3162 ί

2112 3107 2119 3161 ζ
2153 3111 2241 3163 διά
2270 3110 2369 3180 τὴν
2385 3110 2482 3179 τῆς
2505 3108 2856 3171 ἀναστάσεως
2881 3108 3148 3161 πίστωσιν
3171 3123 3186 3138 ·
3213 3105 3364 3158 ὥσπε
3373 3123 3404 3175 ρ
3426 3105 3536 3158 οὐδ’
3561 3107 3726 3176 ἡμεῖς

477 3205 532 3243 ut
571 3210 744 3262 neque
769 3210 866 3250 nos
899 3197 1248 3253 comeJeurts
1281 3208 1377 3252 aut
1426 3199 1676 3258 bibemus
1699 3213 1822 3271 post
1857 3219 2047 3259 resur-

2155 3204 2291 3272 μετά
2322 3201 2422 3271 τὴν
2457 3201 2754 3254 ἀνάστασιν
2790 3198 3076 3270 φαγόμεθα
3111 3197 3143 3266 ἢ
3180 3197 3438 3266 πιόμεθα·
3470 3197 3642 3250 λεπτά
3671 3197 3729 3250 δὲ

478 3283 798 3348 rectionem,
849 3285 940 3341 sed
985 3287 1206 3341 subtilia
1255 3288 1501 3359 nullique
1552 3289 1762 3345 ltesioni
1812 3286 2048 3348 obnoxia

2154 3295 2248 3346 καὶ
2280 3291 2468 3360 ἀπαθῆ
2497 3291 2566 3344 τά
2597 3290 3037 3360 σώματα.ήμιῖ›ν
3079 3287 3465 3359 ἀναληψόμεθα
3525 3287 3619 3341 καὶ
3663 3288 3729 3342 ἀ-

477 3385 529 3427 ιιι
579 3375 1010 3445 iuem-ruptihilia
1059 3392 1290 3446 corpora
1345 3388 1528 3434 nostra
1557 3381 1914 3449 recipiemus:
1952 3399 2052 3437 cu-

2153 3382 2388 3453 φθαρτα,
2417 3381 2666 3452 καθάπερ
2687 3376 2754 3450 ἦν
2768 3382 2829 3434 τδ
2848 3381 2941 3434 τοῦ
2961 3381 3166 3450 Κυρίου
3194 3381 3373 3448 σῶμα.
3402 3380 3729 3449 κεκλεισμέ-

473 3466 714 3535 jusmodi
765 3477 880 3522 erat
915 3470 1129 3524 Domini
1170 3487 1369 3542 corpus
1404 3473 1587 3541 januis
1616 3475 1816 3529 clausis
1847 3476 2056 3546 ingres-

2155 3495 2261 3531 νων
2292 3477 2400 3530 τῶν
2446 3476 2629 3546 Θυρῶν
2669 3475 2930 3530 εισελοόν.
2975 3457 3050 3530 οι
3083 3475 3191 3545 μὴν
3220 3475 3354 3528 ἀλλά
3390 3475 3598 3528 καὶτὸν
3623 3474 3734 3529 Λάο

477 3573 601 3612 sum
630 3559 671 3612 ³.
711 3557 816 3615 Sed
848 3567 900 3614 et
952 3559 1216 3616 Lazarum
1269 3563 1691 3631 quatriduauum
1737 3565 1850 3633 jam
1909 3580 2056 3620 mor-

2155 3568 2318 3635 ζαρον
2357 3567 2552 3636 νεκρόν
2586 3567 2963 3636 τετραήμερον
3013 3567 3282 3634 γεγονότα
3335 3565 3618 3635 ἐξήγειρεν
3651 3568 3731 3628 εἰς

481 3660 629 3704 tuum
659 3651 1013 3715 suscitavit‘,
1046 3661 1104 3708 ιιι
1131 3670 1241 3708 sua:
1280 3655 1559 3722 specimen
1601 3655 1820 3710 deitatis
1844 3657 2052 3720 ederet,

2159 3658 2386 3722 ἔνδειξιν
2415 3657 2513 3726 τῆς
2544 3656 2755 3718 οἰκείας
2784 3655 3037 3726 θεότητος
3075 3657 3170 3708 καὶ
3207 3656 3472 3708 πίστωσιν
3502 3656 3601 3721 τῆς
3629 3657 3731 3708 αὑ-

477 3759 698 3814 ειισαξίιιιε
739 3760 802 3801 ac
853 3756 1054 3800 nostrae
1105 3747 1262 3800 fidem
1315 3761 1345 3800 a
1384 3756 1589 3801 trueret
1638 3750 2050 3806 resurrectioni.

2157 3749 2252 3803 τοῦ
2284 3752 2379 3804 καὶ
2410 3750 2569 3819 ἡμῶν
2620 3748 2971 3810 ἀναστάσεως
2994 3761 3010 3779 ο
3065 3746 3254 3809 ὅςκαὶ
3287 3746 3550 3808 πολλάκις
3581 3747 3733 3812 παρὰ

481 3839 797 3908 Srepiusque
837 3855 866 3893 a
901 3840 1224 3896 necessariis
1277 3840 1535 3910 notiSque
1568 3842 1824 3897 omnibus
1879 3843 2051 3908 visus,

2161 3842 2382 3896 πάντων
2431 3842 2540 3895 τῶν
2589 3839 2805 3894 οἰκείων
2835 3857 2894 3892 τε
2941 3839 3037 3890 καὶ
3088 3839 3392 3907 γνωρίμων
3424 3838 3733 3908 ἐγνωρίσθη

480 3932 700 3999 agnitus
729 3941 814 3988 est
846 3941 1006 4002 atque
1029 3931 1314 3988 creditus:
1345 3933 1492 4000 quod
1515 3947 1646 3986 sane
1677 3948 1784 3986 non
1837 3933 2054 3997 fuisset,

2161 3935 2258 3986 καὶ
2283 3931 2605 4001 ἐπιστεύθη,
2633 3933 2769 4000 ὅπερ
2800 3931 2899 3984 οὐκ
2938 3930 3002 3984 ἂν
3024 3926 3112 4000 ἦν,
3145 3930 3218 3998 μὴ
3254 3929 3366 3982 τῶν
3394 3949 3739 4000 χαρακτηρι-

481 4026 583 4078 nisi
620 4024 980 4093 proprietates
1007 4024 1125 4094 ejus
1179 4023 1536 4095 insignientcs
1576 4039 1868 4094 personam
1904 4027 1956 4080 in
1988 4041 2054 4080 eo

2164 4025 2367 4078 στικῶν
2389 4024 2696 4094 ἰδιωμάτων
2715 4024 2813 4094 τῆς
2836 4025 3188 4084 ὑποστάσεως
3214 4023 3418 4091 ταύτην
3443 4022 3738 4077 συνιστὼν-

480 4113 706 4168 fuissent
741 4113 1060 4168 incolumes.

935 4129 1060 4168 mes.
2161 4136 2294 4172 των.
2543 4167 2549 4173 .

552 4206 682 4262 Cum
717 4207 832 4262 bzec
863 4222 992 4277 ergo
1015 4207 1069 4260 in
1104 4207 1248 4261 hunc
1269 4207 1484 4261 modum
1513 4223 1570 4262 se
1598 4207 1850 4273 habeant,
1883 4224 2061 4279 operte

2249 4212 2403 4266 Ἐπεὶ
2446 4211 2624 4283 ταῦτα
2653 4210 2826 4272 οὕτως
2865 4208 3000 4280 ἔχει,
3031 4206 3319 4276 ὀφείλομεν
3363 4206 3591 4274 βεϐαίως
3644 4225 3742 4260 πι-

481 4299 716 4368 pretium
765 4308 849 4352 est
901 4308 959 4352 ut
1007 4298 1237 4354 firmiter
1305 4298 1592 4354 credamus
1646 4301 2064 4355 resurrectionis

2169 4302 2386 4356 στεύειν
2419 4302 2482 4355 τὸ
2503 4301 2600 4371 τῆς
2629 4299 2978 4362 ἀναστάσεως
3014 4301 3312 4367 μυστήριον
3337 4297 3441 4350 ὑπὸ
3460 4298 3559 4366 τῆς
3590 4296 3743 4360 Θείας

482 4391 831 4460 mysterium,
901 4391 1096 4446 divinis
1125 4391 1283 4446 nobis
1359 4391 1640 4446 miraculis
1713 4393 1986 4461 proditum
2041 4411 2096 4464 τ,

2127 4393 2392 4464 ,Γραφῆς
2427 4391 2853 4462 κηρυττόμενον,
2887 4393 2986 4460 τῆς
3019 4391 3084 4442 ὲκ
3129 4389 3264 4442 Θεοῦ
3310 4389 3442 4457 ἡμῖν
3491 4387 3741 4457 δοθείσης

483 4495 646 4542 quam
676 4497 705 4536 a
723 4482 850 4548 Deo,
877 4483 1072 4553 agnita:
1098 4483 1338 4537 veritatis
1362 4482 1603 4552 pnemio,
1631 4467 2056 4552 censequemur.
2085 4467 2097 4500 ³

2129 4467 2137 4489 ’
2163 4486 2251 4539 διὰ
2279 4487 2378 4556 τὴν
2410 4483 2509 4552 τῆς
2536 4483 2796 4551 ἀληθείας
2827 4484 3143 4548 ἐπίγνωσιν.
3175 4482 3250 4536 Οὐ
3281 4480 3388 4552 γάρ
3419 4480 3484 4534 ἂν
3513 4498 3530 4530 ι
3580 4480 3743 4547 Πρω-

483 4575 616 4628 I\'am
678 4591 854 4644 neque
921 4575 1174 4631 Christus
1233 4575 1622 4645 Primogem’tus
1678 4578 2057 4630 mortuorumll

2163 4577 2385 4638 τότοκος
2413 4575 2522 4628 τῶν
2551 4575 2762 4644 νεκρῶν
2812 4592 2830 4624 ι
2865 4575 2892 4626 6
2920 4574 3151 4644 Χριστὸς
3181 4573 3398 4640 ἐλέγετο
3432 4569 3741 4639 γεγονέναι,

484 4666 716 4731 ιιιιιίιρι,
755 4668 860 4721 nisi
895 4668 1054 4722 etilli
1086 4667 1315 4722 comites
1347 4675 1734 4736 sequerentur.
1800 4667 1916 4722 Erit
1949 4668 2057 4722 ita-

2169 4666 2244 4737 μὴ
2287 4665 2580 4718 κάκείνων.
2619 4664 3026 4731 συνεπομένων.
3082 4665 3275 4718 Ἔσται
3326 4664 3508 4715 τοίνυν
3558 4662 3745 4730 ἡμέρα

485 4775 593 4829 que
653 4760 768 4816 dies
827 4776 1021 4831 magna
1057 4769 1110 4814 et
1148 4760 1404 4823 illustris,
1436 4761 1490 4815 in
1523 4775 1630 4830 qua
1657 4761 1776 4816 Filii
1817 4763 2056 4817 hominis

2170 4759 2380 4830 μεγάλη
2412 4759 2509 4814 καὶ
2538 4757 2828 4828 ἐπιφανὴς,
2859 4757 2981 4810 καθ’
3014 4755 3084 4826 ἢν
3115 4758 3252 4825 μετά
3283 4753 3440 4822 δόξης
3469 4753 3743 4824 παρουσία

486 4853 757 4907 adventus
807 4853 912 4907 erit
957 4869 1082 4907 cum
1119 4853 1419 4923 majestate,
1461 4853 1528 4907 de
1561 4868 1669 4922 quo
1705 4851 1891 4907 Daniel
1937 4870 2060 4924 pro-

2166 4850 2261 4902 τοῦ
2294 4850 2424 4902 Υἱοῦ
2463 4848 2558 4902 τοῦ
2586 4849 2873 4918 ἀνθρώπου
2915 4851 3224 4918 γενήσεται,
3258 4847 3383 4915 περὶ
3425 4834 3492 4916 ἧς
3543 4843 3744 4912 Δανιὴλ

487 4946 649 5015 pheta
683 4945 926 5000 scribit:
977 4963 994 4996 ι
1042 4946 1390 5014 Aspiciebam
1424 4946 1476 4998 in
1533 4944 1742 5000 visione
1778 4946 1974 5010 noctis,
2012 4955 2065 4998 et

2161 4944 2190 4994 ὁ
2237 4943 2524 5013 προφήτης
2556 4941 2780 5012 γράφει’
2823 4958 2842 4991 ι
2901 4939 3205 5010 Ἐθεώρουν
3254 4940 3312 4991 ἐν
3361 4938 3607 5007 ὁράματι
3643 4934 3744 5003 τῆς

489 5056 618 5095 ecce
657 5056 779 5094 cum
813 5039 1054 5094 nubibus
1083 5039 1206 5094 ραιιί
1251 5042 1406 5109 quasi
1462 5037 1634 5093 Filius
1681 5039 1923 5095 hominis
1973 5055 2066 5094 ve-

2163 5035 2378 5099 νυκτὸς,
2411 5035 2506 5086 καὶ
2535 5033 2642 5086 ἰδοὺ
2669 5032 2806 5102 μετὰ
2837 5031 2945 5084 τῶν
2987 5030 3228 5097 νεφελῶν
3263 5029 3356 5082 τοῦ
3391 5027 3642 5098 ούρανοῦ,
3666 5027 3745 5087 ὡς

494 5134 692 5198 uiens;
724 5142 775 5186 et
811 5148 981 5202 usque
1003 5131 1069 5185 ad
1114 5132 1410 5200 Antiquum
1453 5131 1663 5186 dierum
1714 5133 1980 5198 pervenit,
2013 5141 2068 5187 et

2165 5128 2294 5190 Υἱὸς
2319 5125 2608 5197 ἀνθρώπου
2640 5125 2960 5195 ἐρχόμενος,
2991 5124 3085 5176 καὶ
3110 5122 3216 5186 ἕως
3243 5122 3337 5174 τοῦ
3368 5119 3603 5173 Παλαιοῦ
3633 5116 3746 5170 τῶν

493 5225 710 5278 oblatus
735 5231 819 5276 est
850 5224 930 5276 ei:
955 5233 1010 5277 et
1040 5221 1199 5276 datus
1231 5230 1314 5275 est
1371 5221 1473 5289 ipsi
1517 5220 1858 5290 principatus
1888 5232 1940 5276 et
1970 5224 2068 5277 ho-

2167 5219 2390 5290 ἡμερῶν
2445 5218 2672 5287 ἔφθασε,
2728 5218 2824 5269 καὶ
2877 5213 3224 5286 προσηνέχθη
3281 5213 3429 5283 αὐτῷ
3461 5212 3618 5280 (80)°
3649 5211 3746 5263 καὶ

563 5391 606 5422 91
637 5389 791 5444 10a",
821 5402 871 5443 γ,
913 5385 1003 5440 28,
1079 5384 1125 5418 οε
1155 5383 1255 5438 Job
1282 5384 1504 5447 xrx,25.
1581 5384 1625 5415 ⁹⁹
1648 5382 1788 5437 Psal.
1824 5384 2040 5450 011,29.
2119 5383 2175 5438 ⁸1

2131 5383 2263 5442 llsa.
2293 5399 2442 5446 nm,
2484 5381 2566 5438 19.
2645 5381 2664 5410 ⁹
2695 5378 2887 5434 Ezecb.
2928 5392 3121 5442 χχχιιι,
3160 5375 3210 5429 7.
3290 5375 3310 5406 ³
3339 5371 3498 5428 Joan.
3527 5387 3621 5436 xx,
3656 5370 3745 5426 10.

491 5457 512 5488 ’⁵
542 5457 725 5523 Joan.,
769 5473 844 5521 xu,
870 5456 955 5510 ll.
1032 5456 1053 5487 ⁸
1089 5455 1496 5521 Coloss.t,18;
1532 5455 1704 5523 Apoc.
1742 5469 1778 5519 ι,
1812 5454 1866 5509 5.

567 5625 681 5694 (80)
716 5623 822 5678 Kal
868 5623 1254 5694 προσηκέχθη
1295 5622 1475 5688 αὐτῷ.
1511 5623 1736 5680 Oblatas
1767 5634 1843 5680 est
1874 5626 1944 5691 ei,
1973 5641 2068 5680 seu
2176 5641 2181 5678 1

2233 5623 2416 5677 ibilius
2459 5625 2534 5694 ad
2587 5620 2808 5694 Scholia
2859 5615 3317 5694 Romana‘istud.
3375 5611 3682 5694 adiunxerit
3731 5631 3746 5667 :
3842 5641 3847 5648 -

499 5683 779 5759 adoratus;
817 5683 959 5762 quod
989 5683 1324 5764 et‘Gra‘ucam
1352 5683 1536 5749 vocem
1567 5699 1772 5762 optime
1814 5683 2071 5764 exprimit
2177 5692 2563 5764 Corrigenda":
2602 5692 2874 5764 in_tt_osl_r_a
2917 5686 3221 5764 προᾳήχοηο
3275 5683 3390 5764 Nm!
3416 5683 3577 5764 ,c".i.m
3621 5696 3750 5762 .cm'

501 5752 773 5829 manu”;
823 5752 1242 5834 άληηοορξηφιαιτξ
1297 5763 1547 5834 fecerunt.
1602 5752 1712 5822 Nec
1765 5752 1922 5822 video
1970 5781 2070 5822 cur
2175 5752 2384 5834 ﬁgendi
2421 5763 2594 5826 locus,
2624 5761 2728 5815 uisi
2763 5760 2851 5813 ubi
2887 5752 3300 5827 incn_duiu,nuu
3340 5754 3432 5809 ubi
3460 5752 3586 5818 alia,
3619 5752 3741 5823 ipsa
