4088 6420
291 397 394 464 637

1288 407 1386 468 DE
1427 407 1857 494 PRINCIPIIS
1899 408 2109 471 FIDEl
2150 411 2612 476 CATHOLIC/E.

3443 415 3551 478 638

295 515 451 584 ἐδόθη
489 515 638 585 αὐτῷ
681 517 714 586 ή
750 515 1013 586 ἀρχὴκαὶ
1042 516 1232 589 ήτιμὴ
1267 523 1362 572 καὶ
1390 522 1423 590 ή
1455 520 1701 589 βασιλεία
1726 536 1740 550 ⁶
1775 519 1866 572 καὶ

1990 538 2069 577 ιοι·
2097 533 2152 578 οι
2177 539 2426 593 regnum,
2468 532 2523 579 et
2548 535 2739 576 omnes
2769 521 2975 590 populi,
3018 520 3194 578 tribus
3245 528 3301 575 et
3352 521 3552 591 lingua:

299 609 497 670 πάντες
555 608 605 660 οἱ
661 609 807 671 λαοὶ,
858 610 1024 676 φυλαὶ
1058 611 1153 663 καὶ
1188 609 1432 678 γλῶσσαι
1483 611 1866 664 δουλεύσουσιν

1990 615 2214 669 servient
2264 614 2336 669 ei.
2374 613 2622 669 Potestas
2668 613 2788 682 ejus
2853 621 3093 681 poteStas
3147 621 3369 676 aeterna,
3430 629 3551 682 qua:

297 699 466 768 αὐτῷ.
503 700 568 753 Ἠ
623 699 840 764 ἐξουσία
894 702 1060 755 αὐτοῦ
1114 702 1335 769 ἐξουσία
1371 703 1608 767 αἰώνιος,
1644 695 1765 774 ἥτις
1803 703 1865 755 ού

301 791 716 861 παρελεύσεται,
750 794 857 846 καὶ·
884 797 917 863 ὴ
944 793 1191 863 βασιλεία
1222 795 1388 848 αὐτοῦ
1412 796 1472 848 οὐ
1503 795 1870 866 διαφθαρήσε-

297 899 424 934 ται·
477 885 601 936 »καὶ
639 884 720 964 ἐτι
775 887 959 953 φησὶν,
1021 905 1040 936 ι
1099 887 1403 954 Ἐθεώρουν
1441 887 1544 950 ἕως
1583 881 1643 942 οὗ
1689 887 1867 958 θρόνοι

298 972 564 1042 ἐτέθησαν
586 989 600 1004 ·
635 975 731 1027 καὶ
773 976 802 1026 6
833 976 1064 1039 Παλαιὸς
1104 978 1328 1048 ἡμερῶν
1360 979 1581 1032 ἐκάθισε
1600 994 1615 1009 ο
1644 978 1740 1030 καὶ
1771 993 1869 1029 πο-

265 1136 276 1140 _
299 1069 470 1133 ταμὸς
523 1065 693 1135 πυρὸς
743 1061 923 1121 εἷλκεν
959 1068 1272 1137 ἔμπροσθεν
1316 1069 1483 1122 αὑτοῦ
1513 1086 1529 1102 ·
1561 1069 1656 1122 καὶ
1698 1068 1872 1138 χίλιαι

299 1156 540 1225 χιλιάδες
578 1157 956 1228 ἐλειτούργουν
986 1160 1174 1230 αὐτῷ’
1219 1163 1315 1216 καὶ
1367 1160 1560 1232 μύριαι
1611 1159 1874 1232 μυριάδες

302 1247 770 1318 παρειστήκεισαν
802 1250 970 1318 αὐτῷ.
997 1252 1292 1321 Κριτήριον
1314 1251 1555 1317 ἐκάθισε,
1577 1251 1673 1305 καὶ
1698 1249 1873 1321 βίϐλοι

302 1339 678 1408 ἀνεῴχθησαν,
727 1359 746 1392 ι
780 1343 872 1394 καὶ⁴
901 1342 970 1394 τά
999 1343 1180 1396 λοιπά.

387 1430 697 1483 Ἐλεύσεται
724 1433 906 1484 τοίνυν
929 1435 956 1484 ό
977 1431 1107 1493 Υἱὸς
1133 1432 1226 1484 τοῦ
1256 1433 1544 1501 ἀνθρώπου
1576 1435 1632 1487 ἐν
1655 1436 1719 1503 τῇ
1747 1433 1874 1506 δόξῃ

305 1518 469 1574 αὐτοῦ
502 1518 639 1588 μετά
667 1520 777 1572 τῶν
805 1521 1051 1588 ἀγγέλων
1082 1521 1246 1574 αὐτοῦ
1273 1540 1286 1553 ’
1321 1525 1415 1576 καὶ
1452 1524 1652 1587 πάντες
1681 1527 1743 1578 οἱ·
1763 1526 1876 1578 ἀπὸ

306 1614 407 1680 τῆς
443 1611 675 1676 κτίσεως
711 1614 918 1682 κόσμου
950 1617 1016 1666 ἐκ
1039 1615 1149 1667 τῶν
1194 1616 1405 1685 νεκρῶν
1435 1616 1832 1684 ἀναστήσονται
1857 1632 1871 1647 ο

315 1722 334 1754 ι
368 1705 476 1757 Καὶ
507 1706 667 1774 ἡμεῖς
699 1706 749 1758 oi
795 1704 998 1768 ζῶντες
1046 1706 1096 1760 οἱ
1148 1707 1594 1778 περιλειπόμενοι
1625 1708 1741 1776 ἅμα
1781 1697 1876 1762 δὺν

307 1794 490 1855 αὐτοῖς
540 1795 982 1864 ἁρπαγησόμεθα
1035 1796 1092 1848 ἐν
1142 1796 1398 1865 νεφέλαις
1444 1799 1524 1861 είς
1570 1798 1876 1865 ἀπάντησιν

307 1882 400 1937 τοῦ
450 1883 657 1954 Κυρίου
709 1884 789 1946 είς
839 1885 1014 1964 ἀέρα·
1051 1903 1068 1935 ι
1129 1887 1224 1939 καὶ
1270 1888 1688 1954 παραστήσεται
1727 1889 1878 1941 πᾶσα

311 1978 473 2046 φύσις
501 1975 824 2047 ἀνθρώπων,
854 1977 998 2030 ὥστε
1023 1980 1208 2047 κρίναι
1250 1980 1456 2041 ζῶντας
1508 1980 1603 2032 καὶ
1628 1979 1878 2048 νεκρούς.

201 2140 209 2146 _
311 2069 508 2137 Κρινεῖ
528 2066 586 2120 δὲ
621 2068 722 2136 οὐχ
753 2070 828 2131 ὡς
851 2069 1139 2140 ἄνθρωπος
1171 2069 1382 2134 ἁπλῶς,
1416 2073 1477 2122 ἐν
1512 2072 1578 2139 τῇ
1615 2072 1881 2122 ταπεινώ-

311 2175 395 2210 σει
433 2156 535 2226 τῆς
576 2158 776 2228 σαρκὸς
810 2158 1074 2228 δηλονότι,
1110 2159 1246 2213 ἁλλά
1295 2161 1434 2229 μετά
1464 2162 1564 2230 τῆς
1588 2160 1743 2229 δόξης
1786 2161 1884 2230 τῆς

312 2246 566 2316 θεότητος
592 2246 864 2312 ἐξουσίας.
899 2248 1110 2319 Ὥσπερ
1137 2249 1246 2319 γὰρ
1279 2251 1534 2320 λέγομεν,
1573 2251 1694 2302 ’Ὁτι
1719 2253 1744 2302 6
1777 2251 1887 2302 Κύ-

313 2357 428 2410 ριος
453 2340 553 2408 τῆς
586 2340 746 2410 δόξης
766 2342 1088 2410 ἐσταυρώθη
1118 2343 1214 2394 καὶ
1239 2342 1478 2394 ἀπέθανε
1507 2342 1644 2396 καθὸ
1670 2343 1884 2411 ἀνθρω-

312 2451 433 2498 πος,
466 2432 608 2487 οὕτω
665 2436 760 2486 καὶ
806 2435 984 2505 κρινεῖ
1020 2433 1118 2504 μὲν
1164 2435 1240 2496 ὡς
1298 2434 1606 2506 ἄνθρωπος,
1649 2433 1762 2487 ἀλλ’
1810 2433 1885 2496 ὠς

317 2526 520 2596 Κύριος
548 2527 644 2595 τῆς
673 2526 852 2596 δόξης.
902 2525 1037 2580 Τότε
1075 2519 1093 2577 ι
1137 2512 1257 2579 Πᾶν
1295 2527 1423 2594 γόνυ
1481 2526 1690 2594 κάμψει
1723 2527 1884 2578 ἐπου-

319 2614 512 2686 ρανίων
557 2616 653 2668 καὶ
706 2615 967 2681 ἐπιγεῗων
1014 2617 1108 2669 καὶ
1151 2616 1546 2684 καταχθονίων,
1589 2617 1685 2669 καὶ
1734 2617 1888 2668 πᾶσα

315 2705 539 2775 γλῶσσα
566 2704 1025 2775 ἐξομολογήσεται
1060 2706 1140 2757 ὅτι
1177 2705 1382 2774 Κύριος
1416 2705 1623 2774 Ἰησοῦς
1652 2705 1890 2774 Χριστὸς

317 2802 393 2862 εἱς
425 2799 582 2864 δόξαν
613 2798 749 2851 Θεοῦ
787 2789 1021 2868 Πατρός.
1066 2818 1082 2850 ι
1116 2798 1227 2850 Καὶ
1261 2799 1288 2850 6
1321 2799 1420 2866 μὲν
1446 2799 1628 2867 ἄρχων
1650 2797 1741 2850 τοῦ
1768 2798 1892 2850 σκό-

317 2908 441 2954 τους
489 2889 932 2959 παραδοθήσεται
996 2889 1076 2950 ei;
1136 2887 1335 2940 καῦσιν
1392 2887 1564 2956 πυρὸς
1607 2889 1748 2956 μετὰ
1781 2887 1890 2939 τῶν

317 2981 564 3050 ἀγγέλων
610 2981 796 3044 αὑτοῦ,
838 2980 977 3034 καθό
1028 2998 1161 3051 φησι
1249 2978 1450 3051 Δανιὴλ
1498 2982 1525 3032 6
1579 2979 1888 3049 προφήτης.

310 3074 517 3131 Τοῦτον
545 3072 653 3142 γάρ
693 3091 712 3124 ι
753 3072 936 3125 ἀνελεῖ
971 3070 1048 3139 τῷ
1084 3071 1360 3138 πνεύματι
1382 3069 1475 3122 τοῦ
1507 3070 1774 3139 στόματος
1797 3069 1893 3122 αύ-

1931 769 1937 775 .
1976 719 2081 758 non
2115 703 2470 758 rertransibit
2511 721 2523 757 :
2562 710 2616 757 et
2649 716 2898 774 regnum.
2924 700 3044 770 ejus
3076 715 3184 754 non
3219 714 3552 768 corrumpe-

1977 805 2065 851 tur
2086 797 2160 851 ’τι
2219 796 2417 863 Aitque
2465 794 2644 848 adlmc
2676 811 2692 849 :
2727 792 3104 860 «Aspiciebam
3153 790 3330 845 donec
3363 788 3549 844 throni

1976 889 2136 960 positi
2171 896 2322 951 sunt,
2370 896 2424 941 et
2462 886 2738 955 Antiqnus
2771 885 2984 940 dierum
3018 883 3194 948 sedit;
3244 893 3296 937 et
3350 882 3552 936 ﬂumen

1976 980 2118 1050 ignis
2150 978 2399 1038 trahebat
2428 973 2483 1030 in
2516 984 2810 1050 eouspectu
2837 975 2983 1042 ejus.
3016 974 3160 1028 Mille
3185 973 3355 1026 millia
3391 972 3556 1024 mini-

1978 1071 2230 1127 strabant
2262 1069 2334 1132 ei,
2364 1077 2418 1123 et
2447 1068 2626 1123 decies
2671 1066 2872 1120 millies
2935 1075 3163 1120 centena
3214 1063 3381 1117 millia
3413 1059 3558 1116 assi-

1978 1164 2196 1220 stebaut
2223 1161 2296 1216 ei.
2335 1161 2608 1216 Judicium
2644 1159 2806 1224 sedit,
2838 1167 2892 1214 et
2924 1157 3049 1212 libri
3081 1157 3253 1228 aperti
3289 1164 3416 1210 sunt
3461 1172 3478 1204 ι
3502 1162 3558 1208 et

1979 1273 2101 1328 qua:
2127 1263 2434 1326 sequuntur
2465 1254 2510 1308 ".
3164 1250 3168 1254 ’

2054 1441 2247 1510 Itaque
2286 1445 2552 1493 venturus
2574 1443 2655 1490 est
2683 1432 2852 1487 Filius
2877 1429 3117 1485 hominis
3168 1428 3222 1481 in
3277 1425 3563 1495 majestate

1984 1547 2082 1588 sua
2129 1546 2253 1585 cum
2285 1528 2492 1600 angelis
2525 1526 2709 1583 suis“:
2752 1536 3050 1590 omnesque
3086 1536 3115 1574 a
3165 1516 3352 1572 mundi
3401 1528 3562 1569 crea-

1983 1624 2133 1678 tione
2162 1638 2192 1676 a
2218 1619 2450 1676 mortuis
2485 1626 2772 1686 resurgent
2799 1632 2822 1680 :_
2843 1634 2860 1665 ι
2894 1613 3113 1682 Nosque
3140 1611 3233 1678 qui
3259 1609 3491 1664 vivimus
3509 1611 3568 1658 et

1983 1714 2187 1771 rcsidnl
2226 1727 2442 1777 sumus,
2482 1709 2644 1764 simul
2677 1723 2800 1763 cum
2839 1705 2946 1760 illis
2985 1691 3262 1772 rapicniur
3300 1701 3356 1754 in
3385 1697 3565 1752 nubi-

1984 1805 2088 1860 bus
2115 1803 2331 1859 obviam
2377 1801 2608 1856 Domino
2657 1799 2712 1852 in
2742 1811 2868 1852 aera
2899 1797 2941 1861 ’,
2982 1814 3001 1848 ›
3048 1793 3359 1861 astabitque
3388 1785 3570 1844 omnis

1985 1909 2148 1952 sexus
2172 1894 2480 1957 hominum,
2515 1901 2572 1946 ut
2599 1890 2808 1962 judicet
2859 1889 3016 1944 vivos
3045 1895 3098 1941 et
3149 1892 3417 1939 mortuos.
3468 1879 3569 1934 Ju-

1985 1987 2193 2044 dicabit
2238 1994 2442 2044 autem.
2486 1997 2594 2037 non
2629 1991 2688 2036 ut
2728 1979 3052 2050 simpliciter
3077 1978 3242 2033 homo
3277 1975 3354 2044 (in
3383 1971 3567 2028 carnis

1987 2082 2197 2136 scilicet
2230 2077 2590 2142 humilitate),
2649 2075 2747 2131 sed
2785 2089 2906 2131 cum
2968 2075 3248 2142 majestate
3307 2067 3568 2138 potentiae

1986 2165 2235 2227 Deitatis.
2263 2169 2578 2225 Sieutenim
2623 2167 2879 2228 dicimus,
2909 2163 3202 2221 Dominum
3233 2159 3564 2229 majestatis,

1986 2278 2092 2332 qua
2119 2263 2284 2316 homo
2308 2270 2443 2326 erat,
2473 2258 2798 2316 cruciﬁxum
2823 2272 2944 2313 esse
2971 2265 3027 2312 et
3072 2264 3349 2325 mortuum
3368 2252 3413 2285 ¹⁶
3444 2271 3456 2305 :
3487 2251 3590 2314 sic’

1983 2355 2254 2425 judicabit
2281 2354 2500 2424 quidem
2526 2361 2586 2406 ut
2613 2353 2799 2412 homo,
2853 2349 2946 2404 sed
2977 2357 3038 2403 ut
3081 2347 3343 2402 Dominus
3398 2343 3568 2422 maje-

1990 2448 2170 2503 statis.
2198 2444 2354 2500 Tunc
2389 2463 2406 2496 ι
2440 2438 2623 2499 Omne
2644 2458 2784 2513 genu
2808 2441 3076 2504 ﬂectetur,
3101 2437 3431 2502 emlestium,
3464 2446 3573 2490 ter-

1990 2540 2247 2594 restrium
2297 2545 2353 2592 et
2402 2533 2766 2596 infernorum,’
2796 2541 2850 2588 et
2878 2533 3060 2587 omnis
3102 2532 3287 2599 lingua
3351 2528 3576 2584 confite-

1990 2633 2162 2690 bitur,
2188 2630 2316 2699 quia
2349 2628 2618 2683 Dominus
2667 2625 2830 2681 Jesus
2876 2625 3136 2688 Christus
3186 2631 3269 2678 est
3297 2623 3348 2676 in
3395 2621 3574 2691 gloria

1991 2721 2086 2776 Dei
2123 2719 2300 2775 Patris
2338 2719 2402 2772 ”.
2445 2736 2463 2770 ι
2507 2717 2586 2772 Ac
2630 2717 2850 2784 quidem
2908 2716 3164 2786 princeps
3221 2713 3575 2768 tenebrarum

1992 2811 2239 2866 tradetur
2276 2827 2296 2862 ι
2331 2809 2386 2863 in
2419 2808 2731 2863 incendium
2764 2807 2904 2878 ignis
2927 2807 2971 2838 ¹¹
3003 2825 3020 2859 ›
3049 2822 3174 2882 cum
3209 2805 3417 2875 angelis
3438 2804 3575 2868 suis,

1993 2901 2448 2974 quemadmodum
2494 2900 2580 2960 ait.
2608 2899 2793 2954 Daniel
2843 2899 3139 2968 propheta.
3210 2896 3368 2951 llunc
3429 2896 3575 2952 enim

2001 3012 2021 3044 ι
2063 2991 2354 3071 interﬁciet
2408 2990 2600 3058 Spiritu
2665 2989 2777 3046 oris
2835 2990 2918 3044 sui
2955 2989 3065 3054 “,n
3132 2989 3579 3060 quandoquidem

2003 3103 2020 3137 ι
2053 3084 2233 3138 omnia
2266 3090 2446 3154 portat
2484 3082 2652 3137 verbo
2668 3083 2884 3136 virtutis
2905 3099 3018 3137 suae
3040 3082 3104 3144 "’,
3141 3099 3159 3132 ι
3189 3092 3246 3136 ιιι
3276 3090 3466 3136 auctor
3489 3091 3575 3136 est

311 3164 432 3229 τοῦ,
483 3181 501 3214 ι
533 3163 721 3233 ἐπειδὴ
759 3182 778 3215 ι
824 3163 892 3215 τὰ
921 3164 1100 3246 πάντα
1133 3162 1289 3231 φέρει
1320 3161 1396 3232 τῷ
1430 3162 1640 3232 ῥήματι
1668 3160 1768 3229 τῆς
1796 3161 1890 3212 δυ-

1998 3179 2218 3233 divinus
2258 3176 2572 3244 Apostolus.
2623 3174 2907 3232 Reddetur
2935 3191 3065 3230 vero
3092 3175 3322 3246 singulis
3353 3176 3584 3243 quibus-

311 3261 536 3323 νάμεως
569 3256 759 3321 αὐτοῦ,
799 3274 816 3308 ι
862 3245 1128 3330 κατά’τδν
1165 3254 1308 3307 θεῖον
1345 3253 1693 3306 Ἀπόσιολον.
1739 3255 1896 3305 Ἀπο-

311 3353 607 3421 δοθήσεται
641 3350 699 3404 δέ
727 3349 838 3402 τῶν
868 3347 1176 3418 ἀνθρώπων
1219 3348 1437 3417 ἑκάστῳ
1485 3351 1626 3400 κατὰ
1659 3347 1727 3398 τὰ
1760 3346 1897 3416 ἔργα

311 3444 517 3502 αὐτῶν.
551 3443 660 3495 Καὶ
691 3441 744 3493 οἱ
773 3441 868 3511 μὲν
891 3440 1090 3494 δίκαιοι
1113 3438 1379 3506 ἀνάλογον
1411 3438 1777 3508 λαμπρότητα
1804 3438 1897 3490 καὶ

312 3535 598 3607 φωτισμὸν
645 3533 740 3588 καὶ
777 3533 892 3595 τοῖς
935 3530 1156 3600 σώμασι
1207 3531 1303 3583 καὶ
1359 3532 1476 3593 ταῖς
1521 3529 1724 3599 ψυχαῖς
1757 3529 1898 3580 κατά

313 3632 419 3701 τὴν
467 3626 762 3692 ἀναλογίαν
810 3625 908 3694 τῆς
961 3623 1164 3692 ἀρετῆς
1200 3623 1457 3688 ἑκάστου,
1491 3623 1588 3675 καὶ
1619 3622 1718 3690 τῆς
1755 3621 1898 3690 ὑπὲρ

313 3721 414 3777 τοῦ
440 3719 575 3774 Θεοῦ
606 3717 828 3787 καὶτῆς
859 3715 1096 3777 πίστεως
1126 3713 1522 3775 κακοπαθείας·
1556 3713 1606 3765 oi
1640 3713 1697 3764 δὲ
1729 3728 1900 3780 πονη-

315 3816 406 3887 ροὶ
449 3813 588 3866 κατά
620 3812 710 3865 τδν
742 3810 904 3863 αὐτὸν
936 3809 1139 3879 τρόπον
1169 3806 1542 3876 ἀπολήψονται
1565 3806 1755 3867 σκότος
1780 3806 1900 3867 ταῖς

311 3909 520 3980 ψυχαῖς
549 3905 732 3960 αὐτῶν
782 3903 877 3956 καὶ
907 3904 1022 3964 τοῖς
1077 3900 1318 3970 σώμασι,
1359 3900 1506 3953 κατά
1537 3899 1597 3952 τὸ
1632 3897 1920 3983 ἀνάλογον,

313 4005 421 4073 τῆς
457 4001 689 4054 ἑκάστου
741 3995 941 4057 κακίας
992 3994 1087 4046 καὶ
1134 3993 1422 4061 πονηρίας.
1460 3991 1568 4044 Καὶ
1607 3988 1717 4058 γὰρ
1752 3989 1901 4056 λέγει

318 4098 424 4162 μὲν
450 4090 612 4149 αὐτὸς
643 4091 670 4140 6
704 4087 930 4155 Κύριος,
979 4103 997 4135 ι
1036 4085 1160 4136 Ὅτι
1189 4083 1239 4134 οἱ
1273 4082 1471 4134 δίκαιοι
1502 4079 1810 4149 λάμψουσιν
1828 4079 1903 4141 ὡς

312 4190 342 4240 6
367 4184 547 4255 ἥλιος·
577 4199 595 4232 ι
627 4179 778 4248 λέγει
809 4177 866 4229 δὲ
904 4177 932 4228 ό
969 4175 1237 4245 μακάριος
1287 4171 1520 4236 Παῦλος,
1559 4189 1577 4223 ι
1613 4172 1902 4239 Σπείρεται

316 4279 487 4347 σῶμα
514 4272 766 4344 ψυχικὸν,
798 4268 1072 4339 ἐγείρεται
1105 4267 1266 4335 σῶμα
1301 4263 1697 4334 πνευματικόν·
1751 4282 1768 4315 ι
1808 4262 1905 4316 καὶ

313 4371 422 4430 τὰς
473 4365 739 4432 διαφορὰς
791 4361 1006 4421 δεικνὺς
1069 4358 1168 4426 τῆς
1216 4358 1628 4428 λαμπρότητος,
1682 4356 1902 4424 ἐπάγει,

1997 3285 2103 3339 que
2121 3267 2436 3322 hominibus
2487 3265 2644 3335 juxta
2672 3281 2837 3334 opera
2861 3280 3078 3322 eorum.
3115 3265 3192 3318 Ac
3221 3265 3440 3332 quidem
3489 3263 3584 3333 ju-
3635 3313 3638 3316 .

2004 3362 2096 3428 Sti,
2149 3375 2249 3429 pro
2293 3358 2562 3428 cujusque
2613 3356 2853 3421 virtutis,
2910 3357 3116 3426 Deique
3158 3371 3224 3410 ac
3250 3356 3372 3410 ﬁdei
3415 3370 3584 3411 causa

1997 3453 2398 3507 exantlatorum
2429 3450 2679 3504 laborum
2708 3451 2940 3511 ratione,
2989 3451 3407 3506 convenientem
3458 3463 3584 3502 cor-

2001 3545 2225 3615 poribus
2253 3558 2316 3598 ac
2339 3542 2630 3596 animabus
2656 3540 3002 3610 splendorem
3036 3540 3307 3610 recipient
3335 3555 3400 3594 ac
3462 3529 3618 3595 illc--

2001 3635 2324 3690 srratioaem
2357 3651 2371 3687 :
2410 3632 2537 3686 mali
2561 3646 2713 3697 vero,
2764 3630 2954 3685 eodem
2998 3632 3160 3683 modo
3187 3644 3288 3700 pro
3321 3630 3587 3698 cujusque

2002 3727 2223 3782 malitiae
2265 3740 2330 3779 ac
2380 3723 2675 3794 pravitatis
2708 3722 2942 3784 ratione,
2987 3720 3242 3776 tenebras
3271 3721 3422 3790 justo
3447 3737 3585 3790 prae-

2001 3816 2110 3870 mio
2155 3814 2574 3884 respondentes,
2629 3811 2920 3867 animabus
2973 3811 3091 3865 suis
3143 3811 3582 3881 corporibusque

2001 3908 2292 3979 recipient.
2333 3904 2550 3960 Etenim
2608 3899 2684 3958 ait
2717 3907 2833 3974 ipse
2868 3904 3138 3958 Dominus
3173 3921 3186 3958 :
3226 3923 3244 3956 ι
3275 3903 3588 3973 Fulgebuut

1998 4001 2133 4073 justi
2165 4000 2307 4055 sicut
2343 3999 2422 4054 sol
2454 3999 2521 4052 ι’.
2561 4015 2579 4049 ι
2620 3997 2821 4051 Beatus
2845 4005 3025 4050 autem
3053 3989 3294 4052 Paulus:
3332 4016 3352 4049 ‹
3404 3996 3586 4052 Semi-

2005 4101 2165 4148 nntur
2195 4105 2397 4162 corpus
2440 4088 2698 4150 animale,
2732 4096 2922 4158 surget
2944 4102 3147 4157 corpus
3176 4089 3422 4158 spiritale
3449 4091 3516 4144 ¹⁶.
3559 4107 3581 4143 ι

2006 4183 2430 4252 Splendorisque
2467 4182 2834 4236 diversitatem
2885 4181 3204 4245 ostendens,
3249 4182 3584 4251 subjungit:

2011 4295 2030 4328 ι
2059 4275 2174 4330 Alia
2207 4281 2290 4330 est
2324 4273 2546 4328 claritas
2581 4273 2736 4336 solis,
2769 4279 2822 4326 et
2855 4271 2958 4326 alia
2974 4272 3380 4333 claritaslunaz.
3422 4271 3590 4326 Stella

2006 4363 2190 4419 differt
2226 4378 2256 4417 a
2296 4361 2450 4418 stella
2500 4361 2553 4415 in
2601 4361 2850 4417 claritate
2900 4361 2966 4416 ⁸⁷.
3009 4380 3028 4414 ι
3081 4359 3436 4430 Rursumque
3489 4363 3591 4425 ait,

258 4452 274 4457 ’
321 4483 344 4514 ε
392 4458 566 4526 ’Δλλη
599 4455 726 4519 δόξα
755 4452 932 4522 ἡλίου,
959 4450 1053 4504 καὶ
1086 4449 1219 4519 ἄλλη
1250 4449 1377 4516 δόξα
1409 4449 1661 4520 σελήνης.
1703 4447 1892 4517 Ἀστὴρ

2010 4454 2144 4519 fore,
2175 4461 2254 4507 .ut
2296 4460 2353 4507 et
2398 4453 2577 4521 ipsum
2608 4465 2811 4520 corpus
2840 4462 3092 4506 nostrum
3130 4451 3590 4511 trausl‘ormetnr,

313 4555 554 4623 ἀστέρος
584 4549 830 4618 διαφέρει
860 4547 917 4600 ὲν
941 4544 1091 4615 δόξῃ.
1135 4562 1154 4594 ›
1189 4544 1302 4596 Καὶ
1326 4543 1490 4597 πάλιν
1519 4543 1666 4611 λέγει
1695 4543 1779 4595 ὅτι
1809 4543 1892 4595 καλ

2012 4554 2072 4600 ut
2101 4544 2172 4600 sit
2195 4542 2474 4598 conforme
2503 4541 2718 4611 corpori
2749 4542 3016 4598 claritatis
3055 4542 3174 4596 Filii
3193 4543 3334 4612 ejus.
3358 4543 3594 4597 Prmtcr-

317 4648 464 4704 αὐτὸ
493 4645 556 4698 τδ
604 4642 765 4710 σῶμα
804 4638 963 4710 ἡμῶν
1007 4636 1656 4707 μετασχηματισθήσεται
1713 4637 1792 4698 είς
1847 4634 1892 4687 τὶ

2013 4652 2076 4691 ca
2135 4636 2235 4700 ait,
2300 4634 2478 4703 ipsam
2539 4642 2793 4689 naturam
2844 4634 3135 4688 liberatum
3162 4633 3228 4686 iri
3272 4635 3594 4688 aservitute

315 4739 585 4813 γενέσθαι
620 4734 945 4804 σύμμορφον
977 4729 1056 4801 τῷ
1083 4729 1295 4797 σώματι
1327 4727 1428 4799 τῆς
1458 4728 1616 4799 δόξης
1648 4729 1743 4782 τοῦ
1774 4727 1892 4781 rio;

2015 4726 2402 4796 corruptionis,
2440 4727 2494 4780 in
2527 4726 2830 4781 claritatem
2863 4725 3132 4781 libertatis
3163 4727 3398 4781 ﬁliorum
3422 4723 3590 4781 Dei“:

384 4933 428 4962 -σ
481 4927 613 4980 Dan.
673 4941 774 4980 vn.
839 4924 926 4989 ιδ,
978 4923 1064 4977 tt.
1189 4919 1211 4951 τ
1261 4918 1391 4973 ibid.
1453 4918 1656 4989 9-12,
1691 4986 1730 4989 _
1768 4919 1788 4950 ε
1841 4916 2032 4971 Matth.
2099 4917 2367 4989 κκννηδι.

318 5003 363 5037 ιι
405 4998 653 5065 Philipp.
696 5011 759 5058 ιι,
812 4993 880 5065 ιο
915 4986 936 5065 ξ
988 4994 1032 5065 ιε
1071 4992 1203 5045 Dan.
1241 4988 1578 5065 rugitu":
1615 4988 1655 5041 ll
1691 4986 1858 5043 Thes.
1893 4989 2038 5065 tt,_8.

313 5088 416 5138 xv,
472 5055 754 5132 41,”4ό.’
828 5064 872 5095 ⁸⁷
912 5064 1148 5133 Philipp.
1184 5076 1266 5127 ιιι,
1297 5059 1388 5114 20.
1469 5059 1509 5090 ⁸⁸
1538 5055 1699 5112 Rom.
1733 5073 1851 5123 vut,
1915 5058 2008 5113 Ἦ.

2479 4919 2498 4951 ⁹
2555 4916 2801 4971 l'l‘ltess.
2838 4931 2912 4976 tv,
2973 4915 3060 4969 16.

2140 4988 2184 5020 ¹⁸
2235 4987 2401 5097 lle.br.
2462 5004 2502 5054 ι,
2532 4989 2586 5043 5.

3170 4912 3259 4966 ¹⁰Ι
3296 4911 3424 4967 Cor.
3456 4930 3514 4971 ιι,
3539 4914 3592 4967 8.

2697 4987 2738 5017 ³³
2758 4985 2951 5041 Matth.
2978 5001 3099 5052 xm,
3143 4985 3233 5040 63.
3352 4983 3394 5014 ¹⁹
3424 4983 3596 5039 lCor.

318 5258 584 5324 probata,
630 5253 815 5324 lectio.
866 5251 1035 5324 Adde.
1074 5249 1584 5324 neminem‘ipsum
1625 5249 1903 5324 habuisse,
1966 5297 1970 5302 .

317 5318 423 5395 qui
483 5318 768 5394 προσήχθη
820 5321 1135 5395 reddiderit,
1165 5321 1248 5374 vel
1289 5322 1349 5372 ὲκ
1383 5321 1510 5395 *τῷν
1560 5319 1902 5395 6__retule_rit.
2010 5318 2138 5395 inus
2163 5322 2349 5395 Maith.
2389 5337 2581 5383 xxvm,
2612 5323 2755 5390 quod
2804 5321 2880 5372 ita
2915 5319 3003 5395 ibi
3043 5319 3274 5395 habetur
3305 5335 3317 5372 :
3354 5318 3488 5395 Data
3517 5325 3592 5393 est

318 5385 437 5454 Alii
473 5385 615 5448 enim
648 5385 889 5444 ’ἐνώπιον
928 5391 1098 5443 αὐτοῦ
1153 5390 1528 5458 προσηνέχθη.
1591 5388 1698 5444 Nec
1747 5391 1892 5443 aliter

2011 5391 2140 5444 mihi
2194 5392 2365 5445 omnis
2423 5385 2678 5459 potestas,
2731 5399 2840 5445 etc.
2898 5390 3054 5442 Alex.
3103 5388 3369 5442 Ἐνώπιον
3398 5385 3590 5459 μαὺτοῦ

318 5467 632 5522 videantur
677 5461 1029 5531 Septuaginta
1065 5455 1367 5531 reddidisse
1404 5455 1432 5512 ’Ξ
1475 5455 1797 5526 νὶίιεῑιιιηιιε
1839 5475 1899 5512 ea
2010 5463 2362 5531 προσήγαγον
2394 5455 2577 5531 αὐτόν.
2628 5459 2898 5531 Justinus,
2949 5463 3020 5531 iu;
3054 5459 3195 5531 Dial.
3239 5474 3354 5510 cum
3396 5455 3591 5531 Tigph.

318 5552 467 5596 vox,
497 5541 550 5587 et
587 5534 729 5599 quod
754 5525 849 5603 'ita
881 5525 1004 5600 quis
1027 5544 1232 5603 coram
1264 5529 1490 5603 sistatur
1519 5545 1583 5584 ac
1612 5525 1892 5603 praesente-

2008 5525 2120 5584 Καὶ
2174 5525 2362 5603 παρῆν
2411 5529 2671 5603 ἐνώπιον
2701 5528 2888 5603 αὑτοῦ,
2939 5529 3033 5603 καί
3087 5525 3592 5603 οίμπαρεστηὲότες

321 5617 449 5669 tur,
496 5595 922 5670 vim'quamdam
956 5599 1328 5670 subjectionis,
1374 5599 1426 5652 in
1451 5614 1517 5654 co
1539 5601 1632 5669 qui
1663 5613 1892 5670 praesen.

2017 5595 2369 5670 προσήγαγον
2404 5601 2587 5670 αὐτόν.
2629 5599 2736 5664 Nec
2771 5601 2931 5669 longe
2960 5597 3122 5670 aliter
3147 5598 3308 5668 Cypr.
3348 5611 3384 5648 ll
3416 5595 3590 5670 Teati-

321 5661 509 5736 tattir,
547 5661 777 5726 innuere
808 5689 821 5725 :
853 5685 916 5724 ac
943 5661 1144 5737 Optime
1174 5669 1237 5739 in
1264 5668 1458 5724 Filium
1498 5661 1734 5724 hominis
1763 5684 1900 5723 eon-
2015 5661 2312 5724 m'onio'run't
2348 5687 2365 5725 :
2400 5669 2468 5723 Et
2506 5671 2651 5724 stetit
2681 5661 2734 5724 in
2766 5661 3043 5739 conspectu
3073 5661 3301 5737 ejusfet
3334 5667 3424 5735 qui
3457 5661 3594 5717 assi-

322 5744 513 5802 veuit.
561 5741 661 5796 sub
710 5741 829 5809 ipso
874 5747 1139 5808 conceptu
1196 5736 1323 5792 Filii
1373 5739 1630 5801 hominis,
1681 5740 1902 5794 Christo
2011 5740 2218 5797 alebant
2247 5741 2314 5808 ei,
2352 5741 2653 5796 obtulerunt
2683 5757 2826 5796 eum.

330 5813 558 5870 scilicet
604 5821 662 5866 ut
713 5809 938 5876 homini,
982 5809 1069 5866 cui
1118 5811 1196 5866 sic
1236 5810 1358 5866 data
1404 5809 1694 5880 ju‘diciaria
1723 5810 1902 5864 omnis

2010 5260 2291 5321 potestas,
2320 5251 2396 5305 uti
2425 5243 2612 5305 uoster
2638 5250 2865 5305 Calecas
2891 5247 3134 5321 exponit,
3165 5257 3225 5301 ut
3255 5256 3308 5301 et
3339 5245 3596 5321 llic-rony-
