4088 6454
406 371 466 436 6-⁷
485 372 522 435 9

1671 372 2068 434 MANUELIS
2104 374 2411 438 CALECIE

3559 379 3672 441 610

412 499 607 554 nempe
664 487 768 544 hoc
809 490 992 546 volens
1045 489 1185 558 fore,
1245 498 1306 548 ut
1358 499 1414 547 et
1463 491 1672 562 reliqua
1733 499 1978 546 creatura

2089 488 2278 543 αὑτοῦ.
2312 491 2434 544 Ἔτι
2473 489 2530 542 δὲ
2554 489 2648 545 καὶ
2683 489 2856 561 αὐτὴν
2887 489 2986 561 τὴν
3028 491 3189 559 φύσιν
3232 489 3666 561 ἐλευθερωθήσε-

410 576 747 646 splendidior
803 582 892 636 sit.
940 581 1153 638 Etenim
1213 593 1273 638 ut
1338 592 1656 642 sanctorum
1709 583 1984 652 quispiam

410 666 528 720 ait:
573 685 593 720 ι
625 667 1096 736 Quemadmodum
1133 674 1192 728 in
1241 676 1417 730 nostri
1465 675 1700 746 gratian't
1742 678 1985 745 subjecta

407 755 513 811 fuit
553 763 912 830 corruptioni,
980 767 1060 822 sic
1104 782 1209 824 una
1265 767 1388 824 festi
1452 769 1726 837 particeps
1782 770 1886 824 erit
1923 785 1986 826 ac

411 847 670 918 triumphi
715 867 814 920 pro
864 853 1098 912 victoria
1144 858 1452 922 hominum,
1519 859 1751 930 ejusque
1780 860 1988 916 laboris

409 941 713 996 mercedem
759 946 1005 1014 recipiet,
1046 961 1157 1017 quo
1189 949 1438 1014 servivit,
1465 950 1519 1005 in
1553 951 1654 1007 hoc
1691 951 1986 1010 Conferens

410 1038 469 1082 ιιι
495 1029 649 1086 electi
677 1049 1148 1102 procrearentur.¢
1196 1057 1214 1090 ι
1243 1041 1456 1097 Idcirco
1485 1043 1650 1098 etiam
1687 1044 1761 1098 ait
1793 1045 1981 1110 Isaias,

409 1120 544 1175 solis
607 1126 782 1178 lucem
835 1132 1246 1200 septemplieius
1297 1132 1412 1188 lore
1447 1151 1463 1188 :
1505 1134 1800 1204 lunamque
1836 1137 1986 1203 quali

408 1226 555 1266 nunc
621 1216 706 1269 sol
774 1217 985 1289 fulgore
1070 1226 1394 1280 ntieaturam
1451 1244 1475 1302 ,ε
1543 1226 1661 1282 fore
1746 1228 1985 1299 denique

406 1320 602 1362 nevam
637 1318 836 1366 terram
866 1328 930 1368 ac
965 1315 1166 1371 coalum
1205 1320 1480 1372 novum".

481 1618 1055 1692 'l‘um.apostolicum
1113 1629 1246 1687 illud
1313 1634 1668 1705 implebitur;
1743 1658 1762 1692 ι
1844 1641 1981 1698 Cum

407 1708 696 1765 tradiderit
735 1729 959 1784 regnum
1017 1718 1128 1774 Deo
1151 1730 1206 1776 et
1238 1721 1405 1790 Patri,
1459 1736 1590 1783 tunc
1618 1739 1672 1783 et
1701 1729 1813 1799 ipse
1851 1733 1982 1788 sub-
2027 1715 2034 1726 ’

2092 580 2218 634 σθαι
2269 598 2438 652 φησιν.
2493 582 2602 635 ἀπὸ
2659 583 2754 652 τῆς
2789 583 3038 646 δουλείας
3067 584 3166 652 τῆς
3211 583 3420 651 φθορᾶς
3445 587 3524 646 εἰς
3560 586 3670 642 τὴν

2089 669 2250 734 δόξαν
2283 671 2384 740 τῆς
2416 673 2733 744 ἐλευθερίας
2751 676 2876 749 ⁸τῶν
2919 677 3124 730 τέκνων
3159 675 3252 728 τοῦ
3279 676 3416 728 Θεοῦ
3442 692 3458 709 ο
3485 677 3661 746 δηλῶν

2087 760 2168 813 ὅτι
2202 764 2296 818 καὶ
2328 766 2364 834 ἡ
2394 765 2532 833 άλλη
2571 766 2750 829 κτίσις
2785 767 3150 838 λαμπροτέρα
3177 768 3352 822 ἔσται.
3389 769 3500 822 Καὶ
3529 769 3663 837 γὰρ,

2089 852 2235 911 καθά
2272 855 2406 924 φησί
2427 855 2524 917 ’τις
2554 857 2668 912 τῶν
2721 858 2914 926 ἁγίων,
2967 876 2985 910 ι
3030 859 3246 927 Ὠσπερ
3300 859 3549 926 ὑπετάγη
3593 863 3663 927 τῇ

2089 944 2262 1016 φθορᾷ
2285 945 2351 999 δι’
2374 948 2544 1018 ἡμᾶς,
2572 947 2716 1003 οὕτω
2739 951 3219 1020 συμπανηγυρίσει
3243 951 3340 1004 καὶ
3367 949 3669 1018 συνθριαμ-

2087 1038 2276 1091 εεύσει
2307 1041 2400 1092 ἐπὶ
2423 1043 2491 1111 τῇ
2521 1041 2632 1094 τῶν
2676 1041 2982 1113 ἀνθρώπων
3005 1045 3154 1123 vim,
3189 1044 3288 1098 καὶ
3321 1043 3662 1112 ἀπολήψεται

2089 1132 2179 1184 τὸν
2211 1133 2403 1200 μισθὸν
2438 1132 2534 1187 τοῦ
2567 1138 2812 1204 καμάτου
2860 1136 2956 1204 τῆς
3008 1137 3310 1200 διακονίας,
3355 1136 3422 1206 ἢν
3450 1138 3666 1190 συνετέ-

2085 1216 2278 1272 λευσεν
2316 1221 2398 1284 είς
2433 1221 2534 1292 τὴν
2560 1223 2777 1292 γένεσιν
2817 1224 2927 1278 τῶν
2959 1224 3254 1280 δκλεκτῶν.
3305 1243 3324 1277 ι
3377 1225 3469 1278 Διὸ
3514 1227 3608 1280 καὶ
3634 1227 3665 1280 6

2098 1310 2329 1375 Ἡσαΐας
2366 1312 2517 1380 λέγει
2551 1313 2648 1366 τοῦ
2683 1313 2837 1383 ἡλίου
2876 1313 2938 1366 τὸ
2976 1314 3094 1383 φῶς
3131 1315 3506 1370 ὲπταπλάσιον
3539 1316 3664 1370 ἔσσ-

2088 1400 2233 1470 σθαι,
2261 1403 2360 1456 καὶ
2385 1402 2482 1470 τὴν
2517 1403 2749 1474 σελήνην
2777 1404 3016 1474 λάμψειν
3047 1407 3124 1469 ὠς
3159 1405 3254 1458 νῦν
3281 1408 3308 1459 ὁ
3335 1406 3485 1477 ἥλιος
3511 1422 3525 1437 ο
3569 1407 3665 1460 καὶ

2087 1491 2282 1562 καινὴν
2311 1491 2536 1547 ἔσεσθαι
2577 1494 2700 1564 γῆν,
2731 1495 2826 1548 καὶ
2855 1497 3044 1550 καινὸν
3079 1496 3331 1567 οὐρανόν.

2157 1627 2291 1682 Τότε
2309 1628 2370 1682 τὺ
2392 1630 2750 1684 ἅποστολικὸν
2769 1633 2945 1684 ἐκεῖνο
2965 1631 3408 1726 πληρωθήσεται,
3442 1649 3475 1726 ιζ
3491 1633 3660 1687 Ὅταν

2087 1721 2314 1790 παραδῷ
2343 1723 2442 1793 τὴν
2477 1722 2754 1792 βασιλείαν
2792 1723 2869 1792 τῷ
2894 1723 3013 1794 Θεῷ
3054 1721 3148 1780 κᾶι
3187 1727 3384 1796 Πατρὶ,
3417 1724 3539 1777 τότε
3568 1726 3664 1778 καὶ

373 1802 626 1870 .jicietur
651 1806 722 1870 ei,
763 1809 852 1876 qui
879 1811 1109 1882 subjecit
1139 1814 1214 1869 illi
1247 1818 1431 1874 omnia
1464 1821 1532 1876 ”.
1563 1840 1582 1874 ›
1619 1820 1699 1877 Pii
1734 1825 1879 1878 enim
1915 1841 1978 1882 ac

2087 1813 2248 1876 αὐτὸς
2261 1814 2669 1884 ὑποταγήσεται
2690 1815 2767 1884 τῷ
2781 1817 3108 1884 ὑποτάξαντι
3128 1817 3277 1888 αὑτῷ
3297 1818 3364 1872 τὰ
3385 1819 3584 1872 πάντα.
3634 1835 3654 1868 ι

401 1895 560 1962 justi,
619 1902 872 1966 praesenti
945 1920 1059 1959 aevo
1091 1909 1158 1961 ad
1241 1907 1520 1966 Christum
1614 1903 1980 1985 attendentes,

407 2001 618 2056 proque
649 2004 712 2044 eo
739 2007 802 2046 ac
825 1993 913 2049 ille
947 1995 998 2048 in
1041 2000 1318 2057 mandatis
1368 2003 1539 2067 dedit,
1593 2003 1849 2061 virtutem
1885 2024 1982 2063 co-

405 2076 601 2145 lentes,
659 2096 752 2149 per
804 2084 981 2153 ipsum
1030 2089 1332 2158 spiritalem
1395 2107 1548 2146 suam
1596 2095 1983 2164 administrant

406 2169 592 2231 vitam,
641 2188 760 2243 quae
806 2177 1026 2245 quidem
1083 2197 1226 2236 nunc
1287 2182 1341 2236 in
1393 2183 1612 2240 Christo
1660 2188 1981 2246 abscondita

403 2270 487 2315 est
517 2263 581 2328 ²¹,
618 2276 803 2334 postea
833 2284 961 2324 vero
989 2287 1093 2325 una
1119 2289 1242 2328 eum
1293 2276 1413 2343 ipso
1445 2287 1528 2333 est
1558 2280 1973 2339 manifestanda.

402 2349 611 2410 Idcirco
677 2359 840 2414 etiam
909 2362 987 2416 illi
1022 2364 1136 2433 ejus
1205 2368 1499 2426 hasreditas
1568 2381 1841 2428 vocantur
1918 2391 1983 2431 ac

401 2458 654 2513 regnum,
723 2464 860 2516 quos
906 2446 1163 2510 nimirum
1234 2466 1292 2512 ut
1338 2461 1528 2526 homo,
1603 2478 1698 2531 per
1752 2473 1980 2522 mortem

374 2545 556 2587 "suam
603 2551 666 2591 ae
716 2541 1039 2620 sanguinem
1071 2542 1182 2604 Deo
1224 2563 1288 2602 ac
1332 2550 1479 2604 Patri
1527 2553 1837 2611 adducit".
1882 2561 1981 2612 Per

400 2621 579 2690 ipsum
615 2627 762 2680 enim
809 2645 1093 2688 accessum
1144 2637 1436 2695 habuimus
1485 2645 1550 2696 ad
1603 2645 1768 2700 Deum
1803 2657 1856 2702 et
1884 2647 1984 2702 Pa-

403 2722 565 2779 trem,
617 2719 704 2772 eui
735 2723 916 2776 omnia
959 2726 1191 2794 subjecit
1227 2745 1240 2793 ;
1275 2731 1340 2784 ad
1373 2732 1596 2801 hincque
1627 2738 1888 2806 seipsum,
1923 2749 1982 2793 ut

408 2825 428 2858 ι
469 2805 890 2880 primogenitum
923 2814 974 2868 in
1011 2818 1195 2873 multis
1218 2819 1480 2878 fratribus
1505 2826 1550 2856 ⁸³
1591 2844 1607 2875 ι
1639 2805 1755 2880 ﬁeri
1788 2829 1982 2898 digna-

405 2909 540 2966 tum,
592 2911 794 2958 nostra:
857 2907 1053 2964 salutis
1100 2911 1411 2978 pontiﬁcem
1467 2917 1976 2988 etdispensatorem

401 2992 674 3060 ell‘eetum,
719 3007 775 3052 ut
809 3000 1088 3056 hominem
1130 3004 1367 3062 adducet
1405 3007 1663 3080 Patrique
1691 3014 1977 3083 subjiciet;

401 3098 460 3142 ut
482 3099 660 3145 autem
690 3091 854 3162 Deus,
882 3096 974 3165 qui
1001 3113 1126 3152 cum
1147 3097 1306 3156 Patre
1329 3111 1382 3157 et
1415 3102 1618 3174 Spiritu
1645 3106 1734 3174 sit,
1759 3109 1977 3166 minime

400 3182 775 3253 subjiciendus
803 3202 904 3244 eat.

472 3405 617 3462 Idem
666 3413 872 3482 itaque,
923 3423 984 3470 ut
1023 3417 1242 3488 quidem
1273 3419 1460 3486 homo,
1493 3421 1869 3492 subjiciendus
1897 3436 1980 3482 est

400 3501 550 3567 quod
573 3517 791 3558 carnem
822 3519 1060 3562 creatam
1093 3512 1489 3583 assumpserit;
1519 3523 1579 3569 ut
1599 3526 1778 3570 autem
1813 3516 1976 3586 Deus,

400 3591 624 3659 perinde
661 3597 764 3652 sibi
811 3599 1092 3668 subjectos
1135 3603 1408 3671 subjiciet,
1448 3614 1506 3660 ut
1550 3607 1640 3677 qui
1674 3625 1817 3666 unus
1851 3627 1975 3666 cum

403 3681 562 3738 Patre
603 3702 667 3740 ac
713 3687 914 3757 Spiritu
964 3691 1106 3748 Deus
1156 3695 1246 3748 sit.
1277 3695 1490 3751 Idcirco
1516 3699 1678 3753 etiam
1714 3711 1776 3756 ut
1808 3702 1976 3772 Deus,

397 3795 520 3838 eum
552 3779 710 3837 Patre
747 3793 802 3839 ct
851 3785 1086 3856 Spiritu,
1137 3790 1283 3845 velut
1322 3807 1463 3847 unus
1484 3794 1672 3862 judex.
1697 3797 1975 3864 judicatu-

399 3888 493 3927 rus
520 3882 604 3929 est
645 3893 658 3930 :
703 3886 910 3933 utvrro
963 3880 1144 3945 homo,
1201 3883 1354 3938 solus
1390 3885 1508 3954 ipse
1545 3887 1714 3954 juch
1744 3893 1974 3948 sedebit.

399 3965 612 4022 Etenim
645 3985 768 4025 cum
799 3971 906 4026 illis
939 3989 1064 4040 quae
1102 3989 1306 4044 corpus
1357 3979 1684 4051 tnsigniunt,
1747 3983 1978 4055 ejusque

395 4062 636 4131 propriis
683 4065 825 4120 notis
877 4077 1142 4122 venturus
1188 4079 1289 4136 est,
1343 4080 1400 4126 ut
1446 4083 1501 4128 et
1550 4071 1727 4130 Judaei
1774 4077 1976 4134 intelli-

398 4163 547 4222 gant,
585 4156 834 4212 eumdem
888 4159 1066 4228 ipsum
1124 4179 1265 4231 esse,
1316 4166 1406 4235 qui
1441 4167 1509 4222 ab
1541 4169 1650 4225 illis
1676 4171 1728 4224 in
1755 4185 1975 4226 crucem

397 4253 555 4302 artus
592 4257 708 4316 cst;
757 4250 1006 4325 indeque,
1039 4266 1364 4326 arguantur,
1405 4262 1702 4332 cunctique
1760 4265 1980 4321 videant

397 4339 643 4396 inﬁdeles
664 4356 726 4398 ac
751 4359 1227 4416 compungantur;
1262 4361 1532 4422 quotquot
1562 4356 1826 4411 nimirum
1851 4374 1969 4414 aevo

397 4431 504 4486 hoc
535 4435 882 4500 pra-dicatum
911 4439 1065 4493 illum
1095 4457 1203 4496 non
1232 4454 1575 4514 receperunt,
1606 4463 1704 4503 nec
1726 4449 1846 4518 ejus
1875 4451 1974 4505 do-

395 4518 571 4578 ctrina
603 4528 855 4582 conversi
892 4537 1053 4597 sunt;
1089 4531 1186 4587 sed
1214 4535 1268 4587 in
1300 4549 1405 4588 suo
1431 4549 1620 4590 errore
1657 4553 1974 4607 permanse-

394 4623 542 4667 runt.
571 4613 781 4670 Etenim
815 4619 883 4673 de
935 4620 1024 4674 illo
1054 4636 1116 4673 ex
1153 4637 1218 4676 eo
1266 4625 1410 4692 quod
1440 4625 1601 4679 homo
1635 4628 1836 4682 dictum
1873 4629 1975 4684 Da-

398 4705 525 4761 nicli
565 4718 648 4765 est
689 4729 702 4764 :
755 4731 772 4763 ι
823 4712 1062 4769 Etdatus
1107 4724 1194 4772 est
1232 4717 1280 4770 ei
1336 4717 1675 4788 principatus
1707 4729 1762 4774 et
1799 4721 1974 4778 honor

394 4809 450 4853 et
492 4816 718 4871 regnum
775 4805 841 4860 ".
909 4823 928 4857 ι
987 4807 1064 4860 Ac
1095 4822 1304 4873 rursus,
1335 4809 1500 4878 -quod
1536 4811 1649 4879 ipse
1709 4813 1971 4868 Dominus

394 4890 514 4944 ait:
555 4913 573 4944 ι
611 4892 772 4949 Pater
836 4912 944 4950 non
987 4898 1196 4967 judieat
1236 4915 1604 4971 qnemquam,
1661 4904 1756 4960 sed
1811 4920 1973 4960 omne

388 4983 657 5054 judicium
693 4987 837 5042 dedit
870 4989 1006 5044 Filio
1040 4991 1104 5044 ’⁵.
1162 5010 1181 5044 ι
1219 4993 1375 5059 Quod
1407 4997 1582 5064 ipsum
1602 4997 1794 5084 deﬁillo
1822 4999 1973 5054 acci-

394 5080 564 5148 pitur,
617 5091 888 5148 quatenus
931 5083 1097 5137 homo
1145 5095 1247 5149 est,
1283 5087 1619 5144 utidicimus
1657 5080 1864 5146 :Wdivus
1894 5101 1976 5147 ta-

394 5186 518 5224 men
548 5171 975 5242 Chrysostomus
1006 5157 1056 5228 in
1095 5193 1193 5230 sua
1230 5178 1279 5231 in
1305 5177 1573 5233 Joannem
1601 5181 1967 5251 expositione,

394 5264 558 5316 etiam
588 5263 655 5316 de
691 5263 871 5317 divina
896 5268 1250 5332 generatione
1276 5271 1684 5337 interpretatur,
1720 5273 1910 5330 dicens
1953 5291 1968 5328 :

400 5373 420 5406 ι
462 5355 526 5408 Ει
551 5365 608 5408 ut
632 5355 900 5425 intelligas
940 5357 1076 5412 hanc
1100 5361 1427 5429 particulam
1456 5362 1618 5428 dedit,
1647 5363 1789 5419 idem
1823 5366 1968 5434 quod

397 5446 950 5517 genuit,signiﬁcare,
996 5451 1122 5503 audi
1167 5468 1232 5506 ex
1266 5453 1376 5506 alio
1424 5449 1543 5510 loco
1579 5456 1818 5526 idipsum
1878 5458 1972 5512 de-

398 5540 661 5594 claratum
703 5559 714 5594 :
749 5539 897 5594 Sicut
924 5543 1060 5594 enim
1094 5543 1256 5598 Pater
1291 5546 1452 5600 vitam
1485 5549 1636 5602 habet
1682 5566 1734 5603 ιη
1789 5561 1976 5604 semct—

473 5753 514 5829 ’,θ
571 5749 670 5804 lsa.
729 5750 1225 5829 xxxnﬁﬁ‘qetmv.
1277 5759 1357 5810 l7.
1439 5761 1478 5790 ²⁰
1516 5761 1676 5816 Hier.
1718 5777 1806 5829 xv,
1841 5761 1930 5814 2i.

406 5820 448 5850 “
481 5821 611 5874 Dan.
669 5837 762 5887 \‘ll,
814 5821 897 5876 l4.
977 5824 1019 5855 "
1056 5823 1208 5880 Joan.
1244 5845 1290 5897 ν,
1322 5829 1408 5882 2‘3.

2012 5759 2073 5806 ‘-".
2114 5758 2326 5814 Coloss.
2386 5772 2465 5822 ιιι,
2493 5744 2544 5808 ’6.

2086 1905 2147 1958 Οἱ
2175 1905 2284 1976 γὰρ
2321 1906 2564 1970 εὐσεϐεῖς
2592 1910 2686 1961 καὶ
2709 1909 2906 1963 δίκαιοι.
2939 1911 3080 1962 κατὰ
3109 1909 3168 1962 τὸ
3200 1909 3372 1980 παρδν
3403 1909 3539 1979 πρὸς
3567 1909 3660 1960 τὸν

2083 1998 2318 2066 Χριστὸν
2369 1999 2802 2067 ἀποϐλέποντες,
2860 2001 2956 2054 καὶ
2999 2003 3101 2075 τὴν
3132 2001 3334 2071 ἀρετὴν
3382 2001 3524 2066 κατ-,ἁ
3557 2000 3660 2063 τὰς

2083 2087 2306 2150 ἐντολὰς
2333 2088 2500 2142 αὑτοῦ
2552 2092 2971 2159 μετερχόμενοι,
2998 2090 3069 2143 δι’
3123 2091 3290 2144 αὑτοῦ
3321 2091 3421 2161 τὴν
3451 2089 3663 2144 ἑαυτῶν

2083 2183 2427 2253 οίκονομοῦσι.
2452 2185 2836 2256 πνευματικὴν
2861 2184 3028 2255 ζωήν·
3057 2185 3156 2254 τὴν
3179 2184 3273 2236 νῦν
3304 2183 3402 2254 μὲν
3433 2186 3490 2237 ἐν
3510 2183 3661 2254 αὑτῷ

2083 2277 2161 2348 τῷ
2194 2278 2419 2348 Χριστῷ
2452 2277 2864 2348 κρυπτομένην,
2910 2276 3142 2345 ὕστερον
3173 2277 3228 2330 δὲ
3262 2275 3408 2347 αὑτῷ
3447 2294 3662 2346 συμφα-

2084 2370 2439 2439 νερουμένην.
2478 2370 2578 2424 Διὰ
2610 2369 2772 2423 τοῦτο
2804 2370 2900 2422 καὶ
2929 2370 3142 2422 ἐκείνου
3195 2367 3533 2439 κληρονομία
3565 2371 3661 2421 καὶ

2084 2458 2330 2528 βασιλεία
2361 2458 2612 2526 λέγονται
2642 2451 2789 2512 οὗτοι
2815 2475 2827 2488 ο
2863 2458 2958 2523 οὒς
3007 2459 3083 2522 ὡς
3131 2457 3418 2530 ἄνθρωπος
3443 2459 3532 2512 διὰ
3563 2459 3658 2512 τοῦ

2083 2551 2276 2604 ἑαυτοῦ
2311 2550 2545 2604 Θανάτου
2575 2552 2672 2604 καὶ
2701 2551 2936 2618 αἵματος
2978 2552 3246 2619 προσάγει
3287 2551 3364 2620 τῷ
3393 2551 3512 2622 Θεῷ
3561 2555 3659 2606 καὶ

2083 2642 2278 2711 Πατρί.
2316 2642 2396 2694 Δι’
2426 2643 2593 2697 αὑτοῦ
2623 2643 2731 2714 γὰρ
2757 2644 2894 2711 προς
2917 2642 3010 2696 τὸν
3031 2644 3166 2698 Θεὸν
3193 2642 3289 2696 καὶ
3318 2644 3536 2714 Πατέρα
3557 2646 3659 2712 τὴν
3728 2675 3750 2698 ι

2083 2733 2455 2803 προσαγωγὴν
2481 2735 2819 2804 ὲσχὴκαμενσ
2841 2731 2900 2797 8;
2925 2735 3074 2801 αὐτῷ
3099 2734 3168 2788 τὰ
3194 2735 3373 2790 πάντα
3395 2736 3656 2800 ὑπέταξεο

2083 2831 2176 2883 καὶ
2208 2829 2288 2881 ἔτι
2337 2830 2555 2894 ἑαυτὸν,
2583 2830 2658 2892 ὡς
2718 2848 2738 2881 ι
2786 2831 3135 2900 πρωτότοκον
3165 2831 3222 2882 ὲν
3257 2830 3473 2894 πολλοῖς
3505 2831 3658 2884 ἁδελ-

2082 2923 2202 2986 φοῐς
2250 2938 2268 2970 ι
2301 2920 2564 2988 γενέσθαι
2615 2920 3056 2989 καταξιώσαντσ,
3103 2925 3197 2976 καὶ
3247 2924 3508 2995 ἀρχιερέα
3562 2926 3658 2976 καὶ

2081 3010 2364 3080 οἰκονόμον
2395 3013 2491 3079 τῆς
2516 3013 2672 3083 ἡμῶν
2691 3014 2964 3084 σωτηρίας
2987 3014 3311 3084 γενόμενον,
3343 3015 3417 3078 ὡς
3446 3017 3658 3084 ἅνθρωτ

2085 3119 2185 3154 πον
2221 3103 2505 3173 προσάξει,
2537 3105 2632 3158 καὶ
2661 3105 3065 3176 ὑποταγήσεται
3119 3106 3211 3178 τῷ
3252 3107 3426 3176 Πατρί
3452 3122 3466 3136 ·
3499 3106 3570 3168 ὡς
3599 3108 3656 3160 δὲ

2083 3194 2214 3258 Θεὸς
2243 3196 2318 3249 ῶν
2362 3197 2500 3265 μετὰ
2539 3197 2632 3250 τοῦ
2668 3198 2882 3268 Πατρδς
2916 3196 3124 3252 καὶτοῦ
3178 3199 3518 3268 Πνεύματος,
3558 3201 3657 3271 οὑχ

2083 3289 2515 3359 ὑποταγήσεται.

2149 3425 2355 3479 Ὠστεὸ
2383 3426 2562 3491 αὐτὸς,
2591 3425 2725 3480 καθὸ
2753 3426 2854 3496 μὲν
2876 3427 3189 3497 ἄνθρωπος,
3217 3427 3653 3498 ὑποταγήσεται,

2077 3519 2203 3572 ἐπεὶ
2237 3517 2464 3588 κτιστὴν
2530 3519 2868 3589 προσείληφε
2921 3521 3136 3589 σάρκα·
3192 3521 3328 3574 καθὸ
3387 3521 3444 3574 δὲ
3496 3521 3653 3582 Θεὸς,

2077 3611 2274 3682 ἐπίσης
2327 3612 2428 3681 τὴν
2477 3612 2760 3684 ὑποταγὴν
2786 3613 2966 3684 ἑαυτῷ
3005 3613 3281 3680 ὑποτάξει,
3307 3613 3382 3677 ὡς
3408 3609 3486 3676 εἷς
3523 3614 3657 3676 Θεὸς

2080 3702 2220 3771 μετὰ
2263 3701 2358 3755 τοῦ
2411 3701 2627 3772 Πατρδς
2677 3704 2776 3757 καὶ
2813 3703 2910 3756 τοῦ
2952 3703 3295 3772 Πνεύματος.
3347 3705 3446 3757 Διὰ
3493 3704 3654 3758 τοῦτο

2076 3796 2172 3848 καὶ
2200 3793 2276 3856 ὡς
2327 3794 2426 3864 μὲν
2470 3793 2606 3858 Θεὸς
2648 3795 2787 3864 μετὰ
2840 3794 2934 3848 τοῦ
2976 3795 3199 3866 Πατρδς
3227 3798 3408 3866 κρινεί
3431 3796 3522 3849 καὶ
3552 3797 3651 3849 τοῦ

2077 3883 2418 3954 Πνεῦματος,
2449 3885 2528 3949 ὡς
2564 3881 2645 3948 εἷς
2679 3886 2878 3957 κριτής
2903 3902 2918 3918 ’
2953 3887 3026 3949 ὡς
3054 3887 3111 3940 δὲ
3151 3885 3461 3957 ἄνθρωπος,
3488 3887 3652 3952 αὑτὸς

2080 3977 2267 4048 μόνος.
2321 3978 2435 4032 Καὶ
2484 3977 2594 4047 γὰρ
2652 3978 2794 4048 μετὰ
2831 3977 2940 4031 τῶν
2990 3978 3324 4048 σωματικῶν
3369 3978 3650 4032 ἐλεύσεται

2075 4070 2466 4140 χαρακτήρων,
2499 4070 2588 4124 ἵνα
2623 4071 2718 4125 καὶ
2741 4073 2790 4124 ot
2831 4071 3076 4124 Ἰουδαῖοι
3115 4072 3527 4141 κατανοήσωσιν
3549 4071 3654 4122 αὐ-

2075 4162 2166 4214 τὸν
2207 4163 2426 4216 ἐκεῖνον
2459 4155 2624 4226 εἶναι,
2651 4161 2744 4215 τὸν
2781 4161 2876 4215 ὑπ’
2908 4163 3093 4217 αὐτῶν
3149 4161 3533 4232 σταυρωθέντα
3573 4163 3654 4222 είς

2075 4253 2297 4324 ἔλεγχον
2333 4253 2537 4313 αὐτῶν.
2567 4256 2662 4307 καὶ
2715 4253 2918 4318 πάντες
2977 4255 3029 4307 oi
3069 4252 3292 4307 ἄπιστοι
3338 4249 3650 4306 θεάσωνται

2075 4345 2172 4400 καὶ
2205 4343 2702 4414 καταισχυνθῶσιν,
2736 4345 2788 4397 οἰ
2827 4361 2891 4414 γε
2925 4346 2983 4398 ὲν
3000 4342 3082 4412 τῷ
3106 4344 3337 4410 παρόντι
3363 4341 3520 4395 αἰῶνι
3556 4358 3657 4409 κη·-

2078 4434 2404 4506 ρυττόμενον
2451 4435 2575 4489 οὑκ·
2609 4435 2880 4502 ἃδέξαντο,
2932 4435 3054 4488 οὐδὲ
3087 4434 3177 4487 διὰ
3230 4434 3329 4504 τῆς
3389 4433 3652 4485 διδασκα-

2079 4528 2200 4592 λίας
2232 4527 2401 4582 αὑτοῦ
2437 4529 2891 4599 ἐπεστράφησαν,
2919 4527 3057 4581 ἀλλὰ
3089 4530 3154 4598 τῇ
3193 4525 3404 4602 ἑαυτῶν
3442 4525 3652 4594 ἐνέμει-

2080 4638 2180 4674 ναν
2208 4620 2406 4692 πλάνῃ.
2448 4620 2553 4674 Καὶ
2576 4620 2684 4692 γὰρ
2732 4619 2876 4674 κατὰ
2911 4619 2974 4673 τὸ
3011 4617 3356 4689 ἀνθρώπινον
3389 4615 3468 4684 τῷ
3517 4632 3653 4683 προ-

2079 4714 2224 4782 φήτῃ
2279 4711 2477 4784 Δανιὴλ
2534 4712 2774 4784 εἴρηται,
2823 4731 2844 4764 ι
2890 4711 3004 4764 Καὶ
3054 4709 3212 4779 ἐδόθη
3263 4709 3410 4778 αὐτῷ
3440 4709 3474 4777 ἡ
3506 4705 3654 4776 ἁρχὴ

2079 4803 2234 4874 καὶὴ
2273 4803 2407 4875 τιμὴ
2447 4807 2543 4858 καὶ
2575 4807 2608 4875 ἡ
2647 4803 2917 4872 βασιλεία.
2965 4821 2983 4855 ι
3014 4803 3127 4857 Καὶ
3168 4802 3350 4867 πάλιν,
3379 4803 3516 4870 ὅπερ
3555 4797 3657 4851 αὑ-

2078 4898 2169 4961 τὸς
2205 4899 2233 4950 ὁ
2271 4899 2475 4968 Κύριος
2503 4893 2679 4960 εἶπεν,
2717 4915 2736 4949 ι
2757 4895 2815 4948 ’Θ
2850 4893 3036 4965 Πατὴρ
3068 4894 3246 4964 κρίνει
3273 4894 3485 4961 οὐδένα,
3515 4894 3654 4948 ἀλλὰ

2082 4992 2262 5044 πᾶσαν
2296 4990 2395 5061 τὴν
2429 4990 2611 5060 κρίσιν
2654 4989 2852 5042 δέδωκε
2883 4989 2957 5058 τῷ
2985 4989 3119 5058 Υἱῴ.
3169 4991 3271 5040 »Ὃ
3311 4987 3652 5058 λαμϐάνεται

2085 5083 2183 5152 μὲν
2221 5085 2312 5137 καὶ
2342 5083 2482 5137 κατὰ
2511 5085 2569 5140 τὸ
2594 5079 2922 5150 ἀθρὼπινον,
2952 5081 3027 5144 ὡς
3084 5081 3337 5149 λέγομεν·
3368 5083 3394 5133 ὁ
3425 5080 3480 5132 δὲ
3509 5080 3654 5142 Οεῐος

2076 5172 2465 5247 Χρυσὸστομος
2499 5176 2592 5228 καὶ
2616 5175 2724 5258 ἔπι.
2765 5175 2864 5244 τῆς
2911 5166 3062 5236 θείας
3096 5175 3401 5243 γεννήσεως
3436 5173 3656 5239 ἐξηγεῖ-

2075 5287 2164 5322 ται
2206 5272 2265 5323 ὲν
2293 5271 2368 5340 τῷ
2403 5267 2549 5323 κατὰ
2597 5267 2876 5334 Ἰωάννην,
2905 5265 3105 5332 λέγων,
3139 5282 3157 5315 ι
3209 5265 3316 5332 Καὶ
3353 5265 3440 5317 ἵνα
3473 5262 3653 5332 μάθῃς

2077 5365 2158 5418 ὅτι
2199 5364 2256 5416 τὸ
2290 5362 2474 5415 ἔδωκε
2504 5361 2624 5414 ἀντὶ
2646 5358 2739 5411 τοῦ
2769 5357 3107 5426 ἐγέννησέν
3135 5358 3305 5414 ἐστιν.
3331 5358 3566 5410 ἄκουσον
3593 5354 3652 5420 ἐξ
3716 5390 3723 5398 .

2077 5457 2265 5526 ἐτέρου
2292 5454 2449 5507 τοῦτο
2479 5452 2610 5506 αὑτὸ
2639 5451 2988 5520 δτιλοιίιμιενον⁹
3025 5467 3042 5500 ι
3082 5449 3305 5516 Ὥσπερ
3346 5451 3455 5515 γὰρ
3481 5449 3511 5499 ό
3538 5449 3656 5499 Πα-

2079 5547 2190 5617 τὴρ
2218 5542 2519 5618 ἕχειζωὴν
2568 5543 2638 5597 ὲν
2671 5541 2864 5606 ἑαυτῷ
2889 5585 2901 5609 ,
2955 5540 3150 5608 οὕτως
3200 5539 3388 5594 ἔδωκε
3421 5538 3517 5591 καὶ
3572 5535 3653 5601 τῷ

2627 5755 2671 5784 ²²
2709 5750 2866 5806 Rom.
2898 5767 2950 5819 ν,
2983 5752 3017 5802 9.
3116 5750 3161 5782 ³³
3210 5747 3368 5806 Rom.
3397 5763 3511 5814 \’tll,
3557 5749 3645 5806 ‘29.
