4088 6448
462 376 578 444 643
921 369 939 383 ’
1735 373 2059 449 MANUEL

2172 371 2473 435 CALECtE
2640 388 2687 407 -‘
2759 438 2763 443 .
3482 389 3501 405 -'
3625 368 3739 433 6H

455 486 691 542 aﬂirmat
718 490 772 538 et
807 483 1003 539 beatus
1026 480 1370 553 Augustinus
1405 500 1418 536 :
1464 479 1772 538 «Videbunt
1801 481 1947 537 enim
1978 492 2035 537 et

2172 484 2424 554 ςονηροῐς,
2455 480 2553 534 καὶ
2575 480 2603 532 6
2636 477 2909 549 μακάριος
2945 478 3308 547 Αύγουστίθος
3331 477 3448 549 (83)
3472 476 3738 551 διισχυρί-

458 582 561 652 ipsi
595 581 652 634 in
705 594 864 650 quem
912 587 1271 649 pupugerunt
1302 577 1405 641 "ﬁ
1443 596 1462 630 ι
1504 586 1557 633 et
1583 595 1602 630 ι
1667 577 1944 634 Videbunt
1987 577 2043 632 iu

2172 575 2332 637 ζεται.
2372 591 2390 623 ι
2426 569 2689 640 Ὄψονται
2720 587 2738 619 ι
2780 568 2887 639 γὰρ
2924 569 3019 623 καὶ
3048 563 3195 622 οῦτοι
3249 587 3268 620 ι
3303 570 3381 632 είς
3425 568 3485 623 ὃν
3518 570 3738 637 ἐξεκέν-

460 673 750 742 majestate
781 679 1045 741 magnaet
1079 676 1347 739 potestate
1366 669 1434 726 “.
1474 688 1493 723 ι
1539 687 1560 723 ι
1609 669 1727 724 Non
1781 670 1926 725 enim
1989 669 2042 723 in

2172 678 2379 732 τησαν,ι
2417 661 2532 726 καὶ,
2555 679 2574 713 ι
2603 659 2869 731 Ὄψονται
2914 660 3209 731 ἐρχόμενον
3233 661 3376 731 μετά
3407 661 3567 733 δόξης
3605 661 3738 716 πολ-

461 765 797 829 iutirmitate,
856 762 1054 833 inquit,
1091 763 1394 818 secundum
1419 776 1586 833 quam
1611 762 1896 832 judicatus
1938 768 2045 827 est,

2172 753 2253 825 ιῆς
2284 755 2380 808 καὶ
2406 753 2746 823 δυνάμεως.»
2786 772 2804 805 ι
2840 755 2913 807 Οὐ
2938 753 3048 822 γὰρ
3075 755 3134 805 ἐν
3162 756 3227 824 τῇ
3258 753 3538 825 ἀσθενείᾳ.
3578 754 3734 824 φησὶ,

458 868 583 908 eum
609 852 889 917 videbunt,
920 851 1015 907 sed
1046 851 1099 905 in
1151 850 1397 921 potentia
1456 850 1785 919 maiestatis,
1806 865 1915 921 qua
1962 857 2049 906 est

2172 864 2183 899 ι
2222 847 2348 901 καθ’
2380 846 2447 915 ἠν
2478 845 2758 914 κέκριται,
2791 845 3014 913 ὄψονται
3040 844 3225 909 αὑτὸν,
3258 844 3377 897 ἀλλ’
3406 847 3470 898 ἐν
3519 847 3585 913 τῇ
3643 844 3739 901 διι-

453 945 827 1015 judicaturus.
862 962 881 995 ι
921 941 1175 1013 Tumque
1212 941 1428 997 inducit
1455 941 1855 1007 difﬁcultatem,
1894 940 2046 1012 quod

2172 938 2318 1008 ιάμει
2352 936 2453 1005 τῆς
2504 931 2725 1006 δόξηςῇ
2759 938 2963 1005 κρινεῖ.
2999 953 3019 986 ι
3050 929 3185 988 Εἶτα
3232 934 3471 1006 ἀπορίαν
3500 934 3735 1003 εἰσάγει,

461 1049 672 1089 merces
705 1048 769 1089 ac
787 1016 1080 1104 praemium
1118 1035 1171 1087 in
1200 1032 1721 1102 repromissionibus
1744 1032 2049 1103 repositum

2172 1032 2241 1083 in
2289 1031 2337 1081 ei
2364 1027 2535 1097 γέρας
2566 1028 2662 1080 καὶ
2699 1025 2938 1112 ξπαθλόν
2977 1028 3127 1080 ἐστιν
3158 1026 3217 1080 ἐν
3239 1024 3601 1094 ἐπαγγελίαις
3622 1027 3741 1078 κεί-

420 1190 423 1193 ;
462 1123 518 1177 in
543 1136 609 1177 eo
641 1123 982 1188 sit,utDeus
1006 1122 1261 1177 videatur
1294 1138 1354 1176 ιιι
1405 1122 1580 1187 Beati,
1629 1123 1805 1187 enim,
1847 1120 2052 1177 mundo

461 1212 649 1276 corde,
683 1212 942 1282 quoniam
972 1211 1078 1280 ipsi
1120 1209 1292 1265 Deum
1351 1210 1613 1265 videbunt
1644 1212 1686 1244 “
1720 1228 1736 1278 ;
1775 1229 1794 1262 ι
1827 1211 2073 1281 quinam.

462 1306 579 1370 iiut,
614 1315 674 1360 ut
697 1314 751 1360 et
783 1302 911 1358 m'ali
934 1304 987 1358 in
1014 1303 1297 1378 majestate
1324 1317 1422 1358 sua
1447 1318 1572 1357 eum
1598 1302 1854 1357 videant?
1878 1301 2052 1369 Quam

366 1450 373 1453 ,
462 1407 518 1452 et
549 1396 793 1461 solvens,
823 1396 901 1450 ait
926 1412 942 1450 :
969 1412 1077 1450 non
1104 1396 1327 1451 Deitatis
1354 1395 1626 1450 visionem
1661 1395 1819 1450 bonis
1845 1403 1902 1449 et
1929 1408 2048 1448 ma-

389 1543 399 1553 ,
464 1487 534 1542 lis
560 1501 910 1543 communem
937 1486 1254 1557 ferc(hanc
1293 1486 1441 1542 enim
1499 1486 1706 1542 sanctis
1771 1485 2057 1567 propriam.

452 1576 641 1648 esse),
685 1577 781 1632 sed
812 1576 1061 1647 corporis
1092 1578 1146 1631 in
1188 1577 1475 1645 majestate
1507 1576 1798 1632 visionem.
1856 1576 2059 1632 Tradet

467 1668 636 1738 igitur
662 1684 888 1739 regnum
916 1668 1026 1723 Deo
1058 1682 1112 1723 et
1159 1667 1306 1722 Patri
1350 1668 1420 1733 ",
1485 1683 1679 1738 nempe
1732 1667 2057 1723 adducendo

471 1759 656 1814 fideles
686 1759 755 1813 ad
808 1757 984 1814 Patris
1039 1758 1238 1828 suique
1292 1767 1348 1811 et
1417 1757 1654 1828 Spiritus
1703 1758 1877 1814 sancti
1938 1758 2057 1830 (qui

2159 1138 2344 1191 μενον,
2383 1117 2612 1189 ὄψεσθαι
2639 1118 2732 1173 τὸν
2783 1118 2947 1173 Θεόν.
3006 1135 3025 1170 ι
3066 1117 3348 1188 Μακάριοι
3386 1136 3405 1170 ι
3462 1118 3572 1188 γὰρ
3630 1134 3651 1169 ι
3686 1118 3738 1170 ol

2160 1209 2398 1278 καθαροὶ
2428 1212 2495 1279 τῇ
2526 1208 2751 1279 καρδίᾳ,
2783 1208 2868 1260 ὃτι
2899 1206 3055 1262 αὐτοὶ
3104 1207 3200 1261 τὸν
3220 1206 3368 1262 Θεὸν
3431 1206 3676 1276 ὄψονται.
3714 1223 3733 1255 ι

2159 1302 2291 1366 Καὶ,
2335 1321 2355 1354 ι
2404 1301 2576 1356 Πάλιν
2601 1300 2919 1371 ὀφθήσομαι
2954 1297 3108 1370 ύμῖν,
3146 1300 3242 1354 καὶ
3261 1300 3566 1370 χαρήσεται
3584 1297 3740 1367 ὑμῶν

2159 1394 2195 1462 ἡ
2223 1393 2445 1463 καρδία.
2497 1410 2517 1445 ι
2553 1390 2678 1457 Πῷς
2709 1392 2803 1445 καὶ
2829 1392 2881 1444 oi.
2906 1392 3141 1460 πονηροὶ
3189 1391 3417 1461 ὄψονται
3469 1390 3638 1445 αὑτὸν
3682 1391 3741 1442 ἐν

2163 1488 2230 1557 τῇ
2267 1485 2395 1557 δόξῃ
2437 1485 2642 1552 αὐτοῦ;
2714 1486 2781 1538 '0
2803 1485 2899 1538 καὶ
2943 1484 3086 1540 λύων
3149 1485 3336 1553 φησιν,
3384 1483 3459 1537 Ub
3509 1483 3608 1552 τὴν
3643 1483 3744 1552 τῆς

2163 1575 2422 1647 θεότητος
2453 1575 2692 1647 Θεωρίαν
2734 1575 2956 1630 ἔσεσθαι
2999 1574 3185 1645 κοινὴν
3233 1576 3349 1638 τοῖς
3403 1573 3625 1642 ἀγαθοῖς
3651 1575 3745 1626 καὶ

2161 1668 2276 1729 τοῖς
2308 1668 2567 1735 πονηροῖς
2596 1663 2759 1736 (αὕτη
2787 1665 2899 1735 γάρ
2926 1666 3075 1718 ἐστιν
3103 1666 3136 1737 ἠ
3164 1668 3281 1729 τοῖς
3305 1665 3483 1733 ἁγίοις
3530 1663 3759 1734 ἐξαίρεε

2162 1754 2301 1825 τος),
2329 1754 2467 1808 ἀλλά
2495 1755 2597 1825 τὴν
2629 1756 2688 1808 ἐν
2719 1757 2786 1825 τῇ
2836 1756 2963 1828 δόξῃ
3008 1754 3104 1809 τοῦ
3174 1756 3426 1826 σώματος
3485 1755 3744 1824 θεωρίαν.

467 1850 616 1906 Deus
644 1865 788 1907 unus
828 1864 894 1905 ac
943 1864 1107 1906 verus
1128 1850 1236 1918 est)
1263 1850 1528 1904 visionem
1548 1864 1613 1905 ac
1654 1849 2048 1920 cognitionem,

2172 1845 2493 1915 Παραδὼσει
2527 1848 2711 1900 τοίνυν
2739 1848 2843 1917 τὴν
2896 1847 3182 1917 βασιλείαν
3214 1847 3295 1919 τῷ
3340 1847 3461 1917 Θεῷ
3493 1847 3588 1900 καὶ
3636 1850 3750 1901 Πα-

473 1958 494 1994 ι
532 1952 594 1996 ιιι
621 1941 692 1995 sit
715 1939 859 1997 Deus
887 1941 1073 1996 omnia
1108 1941 1161 1995 in
1197 1925 1458 1997 omnibus
1483 1941 1552 1996 ³³.
1586 1959 1606 1993 ι
1644 1939 1801 1995 Nunc
1835 1940 2054 2010 quidem

466 2031 747 2088 credimus
779 2039 835 2088 et
859 2046 1165 2103 speramus,
1186 2033 1332 2103 quod
1365 2048 1472 2086 non
1508 2032 1755 2086 videmus
1791 2050 1805 2088 :
1845 2049 1863 2082 ι
1893 2029 2052 2097 Quod

464 2122 610 2180 enim
638 2125 784 2179 videt
813 2127 962 2196 quis,
996 2126 1125 2195 quid
1153 2134 1209 2181 et
1247 2133 1435 2195 sperat
1460 2125 1549 2180 “‘3
1583 2144 1603 2177 ι
1639 2124 2064 2196 inquitAposto—

394 2216 399 2219 ’
465 2213 592 2271 lus:
623 2215 714 2270 «Si
742 2226 922 2271 autem
956 2215 1103 2286 quod
1137 2230 1248 2270 nou
1274 2216 1550 2283 videmus,
1579 2227 1895 2286 speramus,
1956 2229 2054 2286 per

467 2294 784 2376 patientiam
818 2316 1227 2375 exspectamus,
1265 2309 1447 2362 donec
1500 2322 1594 2361 rex
1620 2306 1675 2361 in
1722 2306 1912 2377 requie
1962 2318 2062 2360 sua

465 2394 592 2450 erit.
629 2412 648 2448 ι
683 2393 749 2450 Ει
779 2410 972 2452 rursus
1011 2412 1025 2450 :
1067 2415 1086 2448 ι
1134 2396 1388 2462 Quandiu
1444 2413 1640 2454 sumus
1703 2396 1763 2477 in
1807 2411 2060 2466 corpore,

468 2478 887 2559 peregrinamur
920 2503 949 2542 a
992 2489 1249 2543 Domino:
1274 2487 1379 2543 Per
1422 2489 1582 2545 fidem
1614 2490 1760 2544 enim
1818 2489 2065 2545 ambula-

469 2594 616 2646 mus,
646 2594 757 2635 non
784 2595 885 2650 per
923 2580 1161 2650 speciem
1187 2581 1288 2635 ³⁸.»
1329 2583 1394 2636 Ει
1430 2598 1443 2636 :
1492 2598 1513 2633 ι
1551 2581 1708 2636 Nunc
1738 2582 1844 2637 vita
1879 2593 2059 2637 vestra

469 2669 795 2726 abscondita
826 2679 910 2726 est
948 2671 1002 2725 in
1055 2670 1320 2736 Christo;
1380 2688 1505 2727 cum
1545 2684 1748 2728 .autem
1808 2672 2065 2729 Christus

471 2761 920 2816 manifestabitur
954 2763 1063 2817 vita
1104 2771 1309 2830 vestra,
1351 2773 1478 2819 tunc
1509 2772 1564 2819 et
1590 2779 1690 2819 vus
1738 2763 2063 2820 manifesta-

472 2851 670 2906 bimiui
704 2867 829 2907 cum
868 2853 990 2922 ipso
1027 2853 1083 2907 in
1127 2853 1301 2923 gloria
1354 2854 1418 2909 ".
1457 2874 1476 2906 ι
1510 2854 1577 2910 Ει
1611 2874 1624 2910 :
1660 2874 1678 2905 ι
1735 2855 1889 2909 Νυιιο
1942 2856 2068 2925 qui-

474 2947 597 2999 dem
625 2960 721 3015 per
749 2945 1033 3015 speculum
1054 2955 1108 3000 et
1135 2946 1188 3000 itt
1206 2947 1516 3018 aenigmate,
1545 2955 1675 3003 tunc
1702 2946 2067 3002 autem'vide-

476 3033 660 3089 bimus
687 3032 823 3090 facie
849 3035 916 3090 ad
955 3035 1151 3091 faciem
1182 3036 1249 3091 ⁸⁸.
1289 3054 1308 3089 ι

2168 1939 2281 2009 τρὶ,
2322 1938 2546 2008 ἀγαγὼν
2568 1940 2813 2009 δηλονότι
2848 1942 2973 2005 τοὺς
3008 1942 3243 2005 πιστοὺς
3266 1943 3344 2004 εἰς
3373 1941 3478 2011 τὴν
3506 1925 3749 2011 θεωρίαν

2169 2030 2268 2084 καὶ
2297 2031 2500 2097 γνῶσιν
2521 2031 2616 2085 τοῦ
2642 2031 2859 2102 Πατρὺς
2919 2032 3018 2087 καὶ⁵
3056 2032 3256 2086 ἐαυτοῦ
3307 2033 3401 2086 καὶ
3428 2030 3520 2085 τοῦ
3586 2030 3747 2099 ἀγίου

2170 2120 2514 2189 Πνεύματος,
2539 2120 2635 2174 τοῦ
2674 2121 2793 2183 ἐνὸς
2818 2121 2913 2175 καὶ
2939 2121 3193 2190 ἀληθινοῦ
3227 2120 3385 2187 Θεοῦ,
3415 2135 3435 2174 t
3458 2122 3552 2175 ἴνα
3652 2122 3749 2174 αὒ-

2168 2210 2259 2275 τδς
2283 2213 2312 2263 ὁ
2340 2212 2472 2274 Θεὺς
2497 2212 2565 2265 τὰ
2592 2214 2774 2266 πάντα
2800 2214 2857 2267 ἐν
2886 2214 3046 2267 πᾶσι.
3068 2233 3087 2267 ι
3128 2213 3244 2267 Νῦν
3269 2213 3367 2285 μὲν
3393 2214 3501 2283 γὰρ
3522 2213 3751 2270 πιστεύ·

2166 2320 2301 2374 ομεν
2322 2304 2417 2357 καὶ
2448 2304 2744 2375 ἐλπίζομεν
2766 2306 2793 2359 ὃ
2823 2307 2882 2359 ού
2920 2305 3196 2377 βλέπομεν
3215 2323 3230 2339 ο
3274 2326 3292 2359 ι
3331 2308 3396 2358 ⁸0
3421 2305 3530 2376 γὰρ
3559 2305 3749 2375 βλέπει

2168 2412 2275 2460 τις,
2305 2395 2358 2448 τί
2388 2397 2485 2450 καὶ
2519 2396 2762 2464 ἐλπίζει;
2790 2416 2809 2451 ι
2845 2400 3010 2469 φησιν
3034 2402 3061 2453 6
3094 2398 3434 2462 ’Δπόστολος.
3473 2400 3566 2452 «Ei
3607 2397 3663 2452 δέ
3720 2397 3750 2451 δ

2167 2487 2230 2541 οὐ
2285 2486 2560 2557 βλέπομεν
2614 2487 2932 2559 ἐλπίζομεν,
2998 2488 3392 2561 δι’.ύπομονῆς
3455 2488 3752 2559 ἀπεκδεχό-

2173 2577 2335 2647 μεθα,
2364 2577 2469 2641 ἕως
2499 2570 2559 2632 οὗ
2588 2581 2616 2633 6
2644 2578 2900 2648 βασιλεὺς
2940 2582 3000 2634 ἐν
3066 2581 3374 2635 ἀναπαύσει
3421 2579 3587 2634 αὐτοῦ
3637 2579 3751 2650 (84)

2167 2668 2345 2723 ἔσται.
2384 2686 2403 2719 ι
2440 2670 2553 2722 Καὶ
2585 2670 2772 2736 πάλιν,
2809 2687 2828 2722 ι
2863 2670 3097 2741 Ἐφόσον
3119 2672 3288 2742 ἐσμὲν
3319 2673 3378 2725 ἐν
3400 2671 3475 2741 τῷ
3507 2670 3750 2742 σώματι,

2164 2760 2565 2833 ἀποδημοῦμεν
2611 2766 2675 2817 ἐκ
2703 2763 2800 2817 τοῦ
2845 2764 3076 2835 Κυρίου.
3109 2765 3210 2817 Διά
3237 2764 3474 2829 πίστεως
3512 2765 3622 2834 γὰρ
3656 2780 3756 2816 πε-

2174 2854 2542 2922 ριπατοῦμεν,
2573 2853 2633 2906 οὐ
2660 2854 2750 2907 διὰ
2806 2854 3008 2918 εἴδους.
3051 2873 3070 2907 ι
3138 2857 3269 2921 Καὶ,
3310 2875 3331 2908 ι
3397 2853 3514 2909 Νῦν
3549 2855 3585 2925 ὴ
3639 2855 3754 2925 ζωὴ

2169 2946 2327 3014 ὑμῶν
2350 2946 2667 3016 κέκρυπται
2700 2947 2761 3001 ἐν
2804 2947 2884 3018 τῷ
2914 2946 3138 3017 Χριστῷ
3165 2963 3178 2978 ·
3211 2949 3339 3002 ὅταν
3375 2946 3432 3000 δὲ
3460 2945 3756 3017 ὁπΧριστὸς

2172 3038 2468 3110 φανερωθῇ
2505 3036 2679 3110 ήξωὴ
2715 3037 2894 3108 ὑμῶν,
2929 3041 3049 3092 τότε
3080 3040 3176 3094 καὶ
3227 3039 3389 3110 ὑμεῖς
3435 3034 3758 3111 φανερωθή-

481 3127 643 3180 σεσθε
677 3126 777 3191 σὺν
801 3126 953 3197 αὐτῷ
979 3128 1037 3182 ἐν
1077 3128 1226 3202 δόξῃ.
1265 3148 1285 3182 ι
1323 3129 1457 3198 Καὶ,
1487 3148 1506 3182 ι
1536 3129 1653 3185 Νῦν
1676 3131 1776 3202 μὲν
1817 3129 1887 3184 δι’
1908 3132 2178 3202 ἐσόπτρου
2202 3130 2301 3183 καὶ
2369 3132 2430 3183 ἐν
2488 3131 2800 3202 αἰνίγματι,
2854 3131 2982 3187 τότε
3053 3133 3111 3187 δὲ
3165 3132 3410 3204 ὀψόμεθα
3461 3134 3757 3203 πρόσωπον

464 3215 620 3288 ,πρὸς
667 3216 989 3286 πρόσωπον.
1033 3235 1053 3268 ι

551 3310 680 3367 llaec
697 3311 844 3365 enim
870 3312 1029 3368 nobis
1052 3313 1322 3384 promissa
1354 3314 1494 3380 visio
1532 3323 1635 3380 est,
1692 3330 1817 3385 quas
1845 3314 1919 3371 sit
1950 3315 2066 3371 linis

2253 3314 2407 3387 Αὕτη
2434 3316 2543 3387 γὰρ
2580 3316 2717 3387 ἡμῖν
2748 3316 2783 3386 ἡ
2819 3292 3023 3387 θεωρία
3053 3317 3112 3370 ἐν
3142 3317 3436 3386 ὑποσχέσει
3492 3318 3633 3382 ἐστὶ,
3666 3318 3758 3370 τέ-

484 3404 730 3458 omnium
765 3404 1170 3474 operationum,
1201 3422 1266 3461 ac
1288 3407 1490 3463 laetitiae
1518 3415 1721 3462 aeterna
1754 3408 2022 3478 perfectio
2050 3426 2065 3462 :

486 3492 640 3550 «Filii
669 3494 814 3550 enim
857 3495 953 3550 Dei
981 3510 1195 3563 sumus,
1221 3497 1401 3568 inquit
1423 3496 1666 3555 Joannes
1698 3498 2067 3570 Evangelista,

481 3596 538 3645 et
564 3588 807 3644 nondum
841 3591 1098 3660 apparuit
1126 3591 1258 3660 quid
1298 3591 1533 3646 erimus.
1594 3590 1819 3646 Scimus
1883 3600 2069 3647 autem

483 3680 628 3750 quod
662 3694 788 3735 cum
815 3682 1152 3752 apparuerit,
1176 3684 1389 3739 similes
1434 3683 1483 3738 ei
1510 3684 1739 3752 erimus,
1764 3683 1892 3755 quia
1921 3684 2072 3740 vide-

484 3766 669 3829 bimus
703 3788 831 3829 eum
861 3774 1029 3829 sicuti
1067 3783 1153 3830 est
1203 3775 1270 3830 ³⁸.
1312 3792 1333 3827 ι
1404 3775 1524 3846 Ipse
1578 3777 1743 3831 etiam
1800 3775 2070 3832 Dominus

506 3863 584 3920 ait
612 3883 627 3920 :
663 3884 682 3918 ι
719 3864 847 3920 Haec
869 3873 955 3921 est
983 3867 1092 3921 vita
1125 3878 1351 3931 aeterna,
1372 3876 1429 3922 ut
1452 3878 1787 3939 cognoscant
1811 3876 1863 3926 te
1888 3870 2068 3926 solum

486 3958 656 4013 Deum
687 3973 902 4025 verum,
933 3968 988 4014 et
1017 3973 1176 4029 quem
1200 3959 1398 4014 misisti
1417 3957 1604 4016 Jesum
1632 3960 1914 4017 Christum
1945 3962 2016 4017 “.
2041 3980 2062 4015 ι

486 4047 562 4105 De
589 4047 692 4104 hac
719 4050 885 4105 etiam
919 4050 973 4104 in
1021 4065 1257 4121 persona
1286 4050 1378 4106 Dei
1412 4053 1491 4107 ait
1523 4052 1689 4107 David
1721 4071 1734 4106 :
1779 4051 2074 4125 «Longitu-

484 4139 614 4196 dine
642 4141 855 4195 dierum
887 4141 1111 4211 replebo
1139 4154 1290 4207 eum,
1322 4152 1371 4196 el
1406 4143 1692 4197 ostendam
1716 4143 1792 4197 illi
1826 4143 2070 4200 salutare

437 4283 447 4293 ,
486 4244 670 4286 meum
708 4230 781 4287 “.
815 4248 835 4283 ι
866 4230 934 4284 Ει
957 4230 1115 4300 quasi
1174 4230 1291 4302 ipse
1328 4246 1360 4287 a
1389 4246 1494 4287 se:
1555 4250 1575 4284 ι
1615 4232 1791 4288 Unam
1852 4233 1984 4304 petii
2039 4246 2070 4287 a

485 4317 744 4386 Domino,
779 4320 921 4377 hanc
974 4321 1301 4393 requiram:
1337 4331 1397 4378 ut
1452 4322 1753 4378 inltabitem
1814 4322 1870 4378 in
1912 4323 2074 4379 domo

558 4550 1012 4615 "‘Zachar.xn,
1044 4550 1133 4608 i0.
1212 4551 1257 4584 '°
1313 4549 1507 4606 Matth.
1558 4548 1708 4606 xxiv.
1754 4551 1846 4605 50.

483 4621 531 4655 “
559 4623 720 4678 Rom.
752 4636 875 4686 Vill,
911 4622 1000 4676 94.
1127 4623 1178 4655 ³⁸
1235 4621 1368 4677 ibid.
1401 4620 1495 4685 25,
1552 4618 1713 4674 Cant.
1766 4635 1806 4683 ι.
1874 4620 1965 4677 Η.

1955 4550 2004 4584 ³⁸
2070 4549 2262 4606 Matth.
2305 4568 2359 4619 ν,
2394 4552 2449 4609 8.

2095 4621 2141 4656 ³⁸
2197 4623 2236 4676 ιι
2277 4623 2406 4680 Cor.
2432 4640 2485 4690 ν,
2518 4624 2572 4679 6.

485 4692 570 4747 ³⁸1
599 4690 756 4747 Joan.
793 4706 876 4755 Ill,
908 4691 966 4748 9..
1042 4692 1089 4724 ⁴⁰
1125 4689 1287 4748 Jonn.
1324 4690 1558 4754 ινιινῗι.
1634 4690 1679 4722 ⁸¹
1714 4691 1865 4748 Psal.
1899 4707 1990 4761 cx,
2028 4690 2118 4748 16.

2175 3407 2268 3471 λος
2291 3402 2427 3461 οὖσα
2461 3407 2653 3461 πασῶν
2705 3409 2817 3461 τῶν
2842 3408 3116 3477 ἐργασιῶν
3137 3408 3235 3462 καὶ
3281 3409 3498 3473 αἰώνιος
3522 3410 3623 3477 τῆς
3670 3411 3763 3462 εὐ-

2180 3499 2461 3569 φροσύνης
2491 3498 2798 3562 τελείωσις.
2835 3518 2851 3551 ι
2895 3499 3014 3552 Υἱοὶ
3041 3501 3149 3571 γάρ
3180 3502 3350 3571 ἐσμεν
3390 3502 3485 3555 τοῦ
3544 3501 3704 3567 Θεοῦ,
3733 3523 3753 3554 ι

2177 3592 2346 3663 φησιν
2377 3593 2405 3644 6
2437 3589 2848 3660 Εὐαγγελιστὴς
2907 3592 3185 3661 Ἰωάννης,
3229 3610 3248 3643 ι
3302 3594 3401 3646 καὶ
3436 3592 3589 3647 οὔπω
3617 3595 3760 3664 ἐφα-

2177 3683 2393 3756 νερώθη
2429 3684 2483 3737 τί
2517 3682 2778 3754 ἐσόμεθα.
2814 3682 3056 3753 Οἴδαμεν
3081 3683 3140 3737 δὲ
3166 3684 3249 3739 ὅτι
3274 3686 3405 3739 ὅταν
3438 3687 3760 3758 φανερωθῇ,

2181 3778 2362 3847 ὅμοιοι
2406 3776 2558 3848 αὐτῷ
2612 3776 2878 3845 ἐσόμεθα,
2924 3777 3008 3831 ὅτι
3051 3776 3298 3849 ὀψόμεθα
3356 3778 3524 3833 αὑτὸν
3572 3779 3764 3844 καθώς

2180 3869 2320 3922 ἐστι.
2365 3886 2384 3919 ι
2418 3866 2525 3921 Καὶ
2564 3866 2728 3930 αὐτὸς
2756 3868 2784 3920 6
2819 3866 3027 3936 Κύριος
3055 3868 3302 3939 εἴρηκεν,
3342 3887 3363 3921 ι
3397 3869 3543 3941 ᾼῦτη
3609 3872 3763 3924 ἐστὶν

2180 3963 2214 4032 ἦ
2249 3959 2469 4025 αίώνιος
2503 3960 2642 4027 ζωὴ,
2666 3959 2754 4014 ἵνα
2795 3960 3110 4029 γινώσκωσι
3160 3962 3221 4013 σὲ
3264 3961 3354 4014 τὸν
3382 3962 3545 4032 μόνον
3575 3962 3766 4034 ἀληθι-

2182 4050 2275 4105 νὸν
2299 4050 2454 4119 Θεὸν,
2484 4051 2582 4104 καὶ
2615 4047 2693 4103 ’ὃν
2747 4049 3081 4114 ἀπέστειλας
3146 4049 3358 4120 Ἰησοῦν
3417 4052 3675 4123 Χριστόν.
3735 4070 3756 4103 ι

2182 4139 2319 4211 Περὶ
2341 4139 2552 4211 ταύτης
2600 4140 2699 4193 καὶ
2729 4141 2758 4191 6
2789 4140 2956 4194 Aa6l6
3004 4142 3069 4194 ἐκ
3120 4141 3416 4213 προσώπου
3466 4142 3570 4197 τοῦ
3623 4141 3762 4196 Θεοῦ

2181 4231 2358 4299 λέγει,
2399 4250 2418 4284 ι
2454 4231 2817 4303 Μακρότητος
2846 4233 3076 4305 ἡμερῶν
3107 4233 3375 4304 ἐμπλήσω
3430 4228 3616 4300 αὐτὸν,
3667 4239 3764 4289 καὶ.

2183 4320 2345 4390 δείξω
2370 4321 2522 4393 αὐτῷ
2547 4324 2609 4375 τὸ
2650 4325 2919 4396 σωτήριόν
2968 4341 3093 4395 μου.
3163 4343 3183 4376 ι
3229 4326 3344 4379 Καὶ
3388 4329 3513 4398 παρ’
3570 4327 3759 4397 αὐτοῦ,

2549 4554 2592 4587 ³⁸
2625 4553 2644 4609 l
2680 4553 2812 4609 Cor.
2854 4570 2943 4619 xv,
2996 4556 3089 4610 94.
3167 4553 3260 4609 ³³1
3312 4557 3443 4614 Cor.
3499 4576 3591 4625 xv,
3663 4560 3756 4615 28.

2672 4625 2717 4657 ³⁷
2742 4625 2958 4682 Coloss.
2990 4642 3071 4693 ιιι,
3094 4627 3150 4683 5.
3256 4627 3301 4663 “
3321 4629 3451 4688 Cor.
3494 4648 3615 4696 xm,
3676 4632 3765 4686 12.

482 4848 710 4923 interitu
749 4856 847 4923 aut
874 4847 995 4923 eius
1043 4859 1241 4923 morte,
1272 4852 1366 4923 sed
1411 4849 1526 4905 sola
1574 4845 1961 4907 immutatione
2007 4867 2071 4907 ac
2104 4861 2148 4917 ι)
2249 4854 2365 4923 (85)
2398 4855 2629 4922 August.
2682 4856 2735 4910 in
2774 4855 3145 4922 Psal.utx.,et
3193 4865 3262 4912 tr.
3292 4857 3381 4921 i9,
3416 4857 3470 4913 in
3493 4856 3655 4915 Joan.

484 4936 625 4977 nova
651 4921 926 4983 claritate,
952 4921 1006 4972 in
1039 4918 1238 4976 ceel'um
1271 4920 1476 4989 Deique
1497 4931 1859 4987 conspectum
1887 4931 2069 4978 trans-

483 4990 695 5048 ferendi
728 5004 986 5055 eramus;
1041 4989 1187 5059 quod
1220 4990 1400 5059 ipsum
1447 4990 1579 5059 justi
1630 5005 1727 5058 per
1768 4991 2070 5057 Christum,

483 5062 813 5131 coniigurati
864 5059 988 5126 ejus
1044 5062 1207 5115 morti
1256 5069 1309 5115 et
1360 5061 1781 5131 resurrectioui,
1832 5063 2073 5131 perfecte

482 5130 703 5187 demum
753 5134 814 5186 in
857 5132 1273 5201 resurrectione
1303 5130 1544 5185 universi
1581 5132 1797 5201 generis
1833 5130 2070 5186 humani

483 5212 933 5271 consequentur;
984 5202 1174 5272 ipsum
1218 5199 1424 5272 Christi
1473 5199 1713 5272 regnum.
1736 5200 1847 5257 Deo
1880 5210 2073 5272 sponte

484 5269 820 5342 subjectum,
844 5279 899 5342 et
925 5273 979 5322 iu
1006 5269 1116 5339 quo
1148 5269 1290 5325 Deus
1322 5270 1395 5325 sit
1421 5269 1628 5342 omnia,
1665 5270 1832 5326 futuri
1864 5289 1878 5326 :
1909 5269 2075 5328 inalis

488 5341 628 5411 ipsis
675 5341 905 5411 perinde
951 5354 1046 5407 per
1082 5342 1380 5410 potentiam
1423 5341 1639 5396 deitatis
1678 5343 1963 5409 subiectis,
2015 5350 2074 5395 ut

485 5408 574 5465 vel
637 5408 1002 5481 réuitentibus
1033 5408 1094 5464 in
1143 5411 1224 5481 eis
1271 5412 1382 5477 fiat,
1436 5411 1701 5481 quidquid
1760 5408 1904 5468 Deus
1956 5412 2073 5467 fieri

489 5481 757 5535 decrevit.
815 5477 1093 5554 Potuisset
1130 5479 1372 5554 Calecas
1427 5477 1533 5535 alia
1583 5477 1688 5538 hoc
1747 5492 2074 5554 argumento

490 5554 793 5624 prosequi,
853 5550 1000 5624 quod
1050 5551 1274 5618 quidam
1346 5561 1661 5624 sanctorum
1724 5550 2072 5624 (praesertim

383 5638 397 5647 ·
493 5617 882 5692 ϐιοθίΝγεε.)
912 5617 1202 5692 videantur
1227 5622 1389 5689 quasi
1428 5617 1954 5692 Origeniauelocuti
1980 5624 2073 5674 πει

492 5691 591 5766 τεῆς
612 5688 1119 5754 ἆποὲαταστάσεως
1141 5707 1155 5757 ;
1181 5688 1383 5762 quibus
1406 5688 1744 5766 exptiucndis
1768 5696 1856 5749 alii
1885 5696 2071 5749 itidem

496 5756 901 5815 laboraverunt.
1004 5780 1009 5785 ·

2253 4927 2365 4996 (8:!)
2404 4926 2468 4978 '0
2500 4925 2806 4996 ,ϐααιλεὺς
2850 4927 2920 4979 ἐν
2959 4928 3305 4983 ἀναπαύσει
3343 4924 3551 4985 αδῠτοῦ.
3586 4930 3764 4986 Scho-

2178 4994 2270 5070 I‘ia'
2300 4994 2464 5070 Rom.
2498 5012 2563 5070 ett
2616 4994 2861 5070 Synt._ev
2907 4997 3240 5070 ἀναπαύσει.
3277 4998 3659 5070 Graeca'Vulg.
3706 5004 3764 5053 ἐν

2177 5065 2460 5134 ἀνακλίσει
2492 5081 2506 5097 ·
2539 5067 2594 5118 in
2635 5065 2904 5129 accubitu,
2955 5081 3049 5122 seu
3079 5069 3346 5134 rerubitu,
3390 5071 3465 5124 uti
3516 5065 3667 5126 Hie'r.
3699 5088 3767 5126 ex

2177 5133 2416 5206 Origene
2453 5135 2711 5192 reddidit.
2754 5135 2918 5191 llebr.
2952 5137 3234 5192 circuitum
3267 5133 3487 5204 sonant,
3525 5155 3555 5194 a
3592 5143 3766 5196 verbo

2324 5245 2340 5271 ,
2371 5206 2519 5276 quod
2554 5206 2609 5259 in
2642 5206 2827 5272 orbem
2861 5208 3166 5277 antiquitus
3201 5211 3269 5265 ad
3311 5225 3555 5265 mensam
3605 5213 3767 5267 sede-

2181 5283 2304 5330 rcnt
2333 5292 2421 5352 :__a
2471 5289 2581 5345 quo
2616 5291 2772 5352 more
2802 5292 2929 5352 dnec
2976 5279 3513 5352 nostrum-plerique
3561 5281 3763 5336 abhor-

2186 5355 2326 5420 rent.
2353 5346 2664 5420 Comment.
2697 5346 2749 5400 iu
2791 5350 2954 5420 Cant.
2989 5346 3208 5420 Eusebii
3241 5346 3461 5406 n'omtn—e
3488 5352 3569 5405 sic
3598 5366 3768 5420 expo-

2183 5416 2312 5471 nit:
2360 5415 2448 5488 Ὡς
2498 5414 2565 5488 ἂν
2612 5417 2729 5488 εἴης
2764 5418 3004 5488 καθέδρα
3052 5418 3320 5488 βασιλέως
3351 5436 3365 5450 ·
3416 5430 3472 5472 ut
3514 5422 3588 5474 sis
3617 5414 3765 5476 sedes

2181 5488 2358 5556 regis;
2406 5486 2694 5561 iungitque
2742 5486 3147 5561 superioribus,
3180 5494 3259 5545 uti
3305 5497 3359 5544 et
3407 5490 3562 5545 Philo
3596 5491 3762 5561 Carp.

2181 5571 2343 5611 secus
2396 5570 2461 5630 ac
2516 5557 2673 5630 Vulg.
2738 5567 2798 5613 ut
2846 5557 3185 5630 significetur
3236 5568 3467 5616 ornatus
3521 5557 3763 5630 sponsae,

2181 5641 2362 5752 διεὶιιιο
2409 5627 2537 5683 dum
2580 5628 2743 5700 digna
2795 5626 2981 5701 θροιιεὶ
3038 5635 3200 5686 sedes
3231 5640 3284 5686 et
3316 5626 3604 5689 accubitus
3635 5626 3770 5696 cvaé
3852 5650 3863 5677 ι

2223 5716 2249 5750 Ἀ
2284 5736 2299 5751 ο
3493 5736 3502 5742 ’

2223 5716 2299 5751 ιιι.
3493 5736 3502 5742 -
