4088 6438
403 385 513 448 liis
1286 449 1292 455 .
1362 395 1462 457 DE
1501 394 2188 464 PRINCIPIISZFIDEI
2226 402 2697 472 CATHOLICIE.
3539 412 3648 479 646

397 504 598 604 (Μίαν
622 506 915 580 ᾐτησάμην
961 513 1112 582 παρά
1170 510 1407 583 Κυρίου·
1456 515 1663 586 ταύτην
1719 516 1963 585 ζητήσω,

2074 516 2289 574 Domini
2319 522 2578 578 omnibus
2606 524 2801 582 diebus
2834 523 2958 581 vitae
2992 539 3128 582 meae
3161 544 3176 583 :
3210 536 3268 584 ut
3291 526 3506 586 videam
3558 533 3652 604 ju-

390 596 453 649 τὸ
475 601 757 690 κατοικεῖν
790 617 857 670 με
904 603 964 655 ὲν
991 603 1130 675 οἴκῳ
1157 605 1364 675 Κυρίου
1412 607 1591 669 πάσας
1623 608 1723 671 τὰς
1756 609 1970 679 ἡμέρας

2070 609 2403 666 cunditatem
2427 612 2641 667 Domini
2700 614 2768 669 δ’.
2813 632 2833 666 ι
2894 615 3086 686 itaque
3144 633 3175 672 a
3230 618 3357 684 ﬁde,
3417 596 3653 690 quaevin

390 690 489 755 τῆς
516 689 663 760 ζωῆς
700 709 827 771 μου’
933 697 1028 750 τοῦ
1091 696 1316 770 θεωρεῖν
1376 716 1443 770 με
1485 700 1581 765 τὴν
1625 702 1971 773 τερπνότητα

2070 701 2325 763 praesemi
2352 710 2459 763 eet,
2492 703 2561 757 ad
2594 705 2835 758 futuram
2877 706 3023 771 illam
3068 707 3329 778 nullaque
3358 710 3650 766 verborum

391 778 626 849 Κυρίου.
669 800 689 834 ι
725 784 887 838 Ὥστε
912 786 1023 840 ἀπὸ
1053 789 1156 856 τῆς
1206 789 1444 845 ἐνταῦθα
1470 791 1709 855 πίστεως
1740 793 1820 854 είς
1874 791 1973 863 τὴν

2070 788 2120 841 vi
2149 791 2531 858 explicabilem
2559 795 2970 865 iucunditatem
2999 800 3374 857 devcniemus.
3434 801 3652 857 Etenim

395 870 705 938 μέλλουσαν
738 877 957 947 ἐκείνην
989 879 1083 932 καὶ
1129 881 1372 952 ἄρρητον
1408 882 1720 937 ἀπόλαυσιν
1767 899 1971 937 καταν-

2070 878 2147 934 ait
2175 896 2190 934 :
2223 899 2242 932 ι
2286 881 2428 951 Ipse,
2471 883 2635 941 Pater
2658 897 2806 945 amat
2836 904 2957 954 vos,
2981 891 3113 962 quia
3147 908 3244 949 vos
3277 908 3362 947 me
3397 896 3649 960 amastis,

391 961 649 1033 τήσομεν.
688 965 793 1022 Καὶ
818 971 925 1040 γάρ
981 988 1170 1042 φησιν,
1244 972 1463 1038 ostra;
1516 975 1545 1028 ὁ
1589 974 1776 1045 Πατὴρ
1823 974 1969 1044 φιλεῖ

2072 981 2129 1029 et
2159 975 2473 1033 credidistis
2503 980 2632 1048 quia
2662 996 2762 1053 ego
2787 998 2818 1037 a
2842 961 3007 1038 Patre
3032 985 3196 1041 exivi.
3230 985 3385 1042 Exivi
3409 1003 3439 1042 a
3466 989 3649 1053 Patro,

392 1056 561 1126 ὑμᾶς,
594 1061 678 1114 ὅτι
715 1063 876 1134 ὑμεῖς
906 1067 1011 1135 ἐμὲ
1036 1068 1401 1138 πεφιλήκατε,
1435 1070 1532 1123 καὶ
1557 1067 1964 1122 πεπιστεύκατε

2073 1072 2129 1121 et
2155 1067 2277 1123 veni
2311 1067 2365 1122 in
2425 1070 2692 1125 mundum
2722 1089 2738 1128 :
2812 1074 3012 1129 iterum
3045 1076 3294 1148 relinquo
3357 1080 3648 1146 mundum,

389 1149 476 1205 ὄτι
507 1151 620 1218 ἐγὼ
643 1157 796 1226 παρά
823 1159 918 1212 τοῦ
958 1159 1176 1233 Πατρδς
1207 1162 1454 1233 ἐξῆλθον.
1512 1160 1769 1231 Ἐξῆλθον
1817 1162 1970 1229 παρὰ

2075 1170 2130 1217 et
2152 1162 2293 1218 vado
2318 1163 2384 1218 ad
2420 1163 2633 1219 Patrem
2660 1164 2728 1219 “.
2771 1183 2793 1218 ο
2827 1152 2841 1165 “
3424 1160 3436 1176 ’

388 1243 484 1297 τοῦ
542 1247 779 1319 Πατρὸς,
812 1250 813 1253 “
845 1253 942 1308 καὶ
991 1254 1232 1326 ἐλήλυθα
1282 1256 1365 1316 είς
1417 1254 1509 1309 τὸν
1563 1255 1790 1324 κόσμον.
1862 1252 2035 1307 Πάλιν
2080 1254 2287 1333 ἀφίημι
2348 1257 2441 1313 τὸν
2501 1257 2731 1328 κόσμον,
2810 1259 2906 1313 καὶ
2977 1260 3284 1331 πορεύομαι
3349 1263 3488 1333 πρὸς
3560 1265 3653 1318 τὸν

300 1356 303 1357 ⁷
393 1342 629 1414 Πατέρα.
645 1340 681 1399 ι’

464 1441 624 1495 Οὕτω
653 1441 786 1510 γοῦν
820 1445 1059 1523 ἐνταῦθα
1083 1447 1418 1519 πιστεύομεν
1461 1449 1547 1503 ὅτι
1598 1447 1771 1511 αὒτδς
1807 1448 1836 1501 ὁ
1884 1441 1967 1509 εἷς

2149 1441 2226 1497 ita
2257 1441 2426 1512 igitur
2457 1441 2548 1497 hic
2571 1440 2873 1509 credimus,
2896 1443 3076 1512 ipsum
3110 1458 3279 1498 unum
3334 1460 3404 1500 ex
3463 1456 3654 1501 saneta

390 1532 489 1600 τῆς
516 1533 747 1603 Τριάδος
776 1535 805 1588 ὁ
834 1537 905 1590 ἐκ
939 1536 1033 1591 τοῦ
1064 1538 1198 1592 Θεοῦ
1230 1542 1325 1594 καὶ
1377 1540 1590 1612 Πατρὸς
1625 1538 1967 1609 γεννώμενος

2074 1535 2364 1599 Trinitate,
2400 1550 2465 1590 ex
2499 1533 2613 1589 Deo
2644 1544 2699 1589 et
2741 1535 2906 1589 Patre
2955 1536 3024 1589 ab
3078 1545 3286 1590 aeterno
3314 1546 3367 1590 et
3423 1536 3651 1601 illibate,

392 1624 580 1687 ἁῖδίως
609 1627 704 1679 καὶ
737 1626 1062 1698 ἀρῤεύστως
1092 1632 1188 1684 καὶ
1212 1632 1644 1703 ὀρνεκφοιτήτως,
1694 1633 1839 1688 κατά
1868 1632 1967 1702 τὴν

2072 1626 2321 1697 nihilque
2348 1641 2414 1681 eo
2444 1625 2788 1691 excedendo,
2816 1634 3029 1691 natum,
3059 1626 3322 1696 atqualem
3360 1627 3436 1682 illi
3461 1640 3657 1682 secun-

390 1714 582 1768 οὐσίαν
627 1717 743 1779 ῐσος
771 1715 848 1769 ὢν
880 1719 1030 1789 αὐτῷ
1061 1723 1159 1776 καὶ
1211 1722 1418 1794 ἀληθὴς
1452 1724 1579 1788 Υἱὸς
1654 1723 1819 1777 αὐτοῦ
1871 1724 1966 1778 καὶ

2073 1719 2202 1774 dum
2242 1718 2634 1785 substantiam,
2664 1733 2966 1790 verumque
3003 1719 3121 1788 ejus
3151 1717 3353 1774 Filium
3388 1734 3454 1774 ac
3514 1717 3652 1773 Ver-

391 1803 593 1871 Λόγος,
621 1804 690 1857 δι’
715 1806 777 1860 οὗ
811 1808 881 1861 τά
923 1803 1102 1865 πάντα
1133 1812 1380 1880 ἐγένετο,
1422 1813 1702 1870 κατελθὼν
1762 1816 1826 1868 ἐκ
1856 1815 1968 1868 τῶν

2075 1810 2225 1875 bum,
2254 1825 2352 1880 per
2372 1823 2535 1880 quem
2566 1809 2709 1865 facta
2741 1820 2873 1866 sunt
2945 1809 3150 1876 omnia,
3221 1809 3642 1865 descendentem

392 1896 667 1964 οὐρανῶν,
706 1897 940 1953 ἀνέλαϐε
993 1903 1175 1975 σάρκα
1232 1905 1296 1956 ἐκ
1337 1905 1435 1974 τῆς
1476 1905 1645 1974 ἀγίας
1700 1905 1968 1962 Θεοτόκου

2076 1904 2143 1959 de
2173 1903 2348 1968 caelis,
2383 1918 2605 1959 carnem
2640 1917 2706 1958 ex
2747 1912 2935 1958 sancta
2963 1900 3057 1955 Dei
3096 1901 3374 1957 Genitrice
3402 1916 3654 1973 semper-

392 1990 485 2040 καὶ
513 1991 881 2079 ἀειπαρθένου
904 1995 1127 2065 Μαρίας
1158 1995 1249 2050 διά
1300 1997 1399 2068 τὴν
1459 1998 1738 2068 ἡμετέραν
1788 2015 1969 2071 σωτη·

2075 2012 2181 2068 que
2200 1997 2421 2065 Virgine
2451 1996 2647 2063 Maria,
2676 2004 2898 2066 propter
2939 2002 3183 2079 nostram
3219 1993 3472 2059 salutem,
3533 1995 3656 2049 abs-

395 2073 562 2150 ρίαν,
598 2081 729 2137 ἄνευ
766 2085 1042 2155 ἁμαρτίας
1105 2090 1201 2143 καὶ
1245 2089 1430 2157 πάσης
1489 2088 1831 2155 ἀλλοιώσεως
1869 2068 1969 2146 ’καὶ

2074 2104 2183 2159 que
2206 2100 2432 2161 peccato
2458 2089 2706 2159 citraque
2739 2101 2957 2143 omnem
2990 2068 3348 2141 mutationem
3373 2094 3425 2140 et
3447 2085 3651 2149 labem,

390 2174 598 2243 τροπῆς
623 2191 640 2208 ·
676 2176 770 2229 καὶ
800 2176 1120 2249 ἐσταυρώθη
1144 2181 1287 2235 κατά
1310 2183 1371 2234 τὸ
1406 2181 1774 2251 ἀνθρώπινον,
1810 2183 1966 2251 γενό-

2075 2184 2472 2253 assumpsisse,
2519 2188 2601 2248 ac,
2632 2188 2905 2251 quatenus
2928 2177 3117 2243 homo,
3177 2175 3500 2234 cruciﬁxum
3530 2189 3655 2232 esse

393 2280 554 2331 μενος
581 2266 723 2337 ὑπὲρ
755 2269 913 2338 ήμῶν
939 2269 1155 2340 κατάρα
1178 2287 1192 2303 ο
1240 2272 1336 2333 καὶ
1366 2272 1658 2343 ἀποθανὼν
1693 2274 1967 2345 κατῆλθεν

2074 2275 2281 2333 factum
2345 2288 2444 2343 pro
2529 2273 2694 2328 nobis
2755 2269 3184 2327 maledictum“
3238 2279 3651 2340 mortuumque,
3742 2277 3753 2285 '

390 2356 449 2407 ὲν
475 2355 555 2427 τῷ
578 2357 678 2429 ᾇδη
718 2361 859 2427 μετὰ
885 2361 1070 2432 ψυχῆς
1095 2363 1170 2425 ὡς
1191 2364 1347 2428 Θεὸς,
1379 2367 1473 2418 καὶ
1495 2368 1563 2437 τῇ
1593 2367 1752 2439 τρίτῃ
1784 2367 1968 2438 ἡμέρᾳ

2073 2367 2256 2423 anima
2277 2366 2479 2421 comite
2505 2364 2558 2417 in
2585 2363 2863 2418 infernum
2926 2371 2988 2417 ut
3054 2359 3227 2416 Deum
3272 2361 3647 2425 descendisse.

388 2448 627 2513 ἀναστάς
666 2451 731 2503 ὲκ
750 2452 862 2506 τῶν
887 2455 1124 2526 νεκρῶν,
1157 2458 1258 2528 τὴν
1280 2458 1564 2530 ἡμετέραν
1596 2460 1965 2535 συνανέστησε

2073 2459 2269 2526 dieque
2298 2456 2457 2511 tertia
2516 2462 2892 2525 resurgentem
2927 2467 2959 2508 a
3027 2453 3287 2516 mortuis,
3347 2453 3652 2508 humanum

390 2538 576 2606 φύσιν,
637 2544 730 2595 καὶ
753 2544 1035 2616 ἀνελήφθη
1066 2548 1148 2610 είς
1179 2550 1308 2612 τοὺς
1341 2551 1633 2620 οὐρανοὺς,
1662 2554 1757 2606 καὶ
1786 2554 1968 2608 ὲκάθι·

2072 2563 2246 2618 genus
2273 2562 2381 2602 una
2411 2561 2599 2603 secum
2636 2546 2966 2610 suscitasse:
3005 2551 3170 2612 atque
3233 2543 3289 2597 in
3334 2540 3506 2598 caelos
3561 2557 3648 2598 reo

390 2645 482 2681 σεν
536 2631 592 2683 ἐν
643 2630 797 2703 δεξιᾷ
857 2634 955 2687 τοῦ
1004 2635 1142 2689 Θεοῦ
1192 2638 1289 2691 καὶ
1345 2639 1592 2711 Πατρόςο
1656 2642 1718 2695 τὸ
1783 2643 1967 2714 ὁμότι-

392 2737 493 2789 μον
553 2721 871 2806 τῆςδάξίας
918 2726 1014 2779 τοῦ
1073 2727 1132 2781 ὲν
1197 2728 1350 2801 δεξιᾷ
1407 2730 1805 2802 σημαίνοντος·
1870 2733 1965 2787 καὶ

392 2811 555 2863 πάλιν
594 2815 621 2866 ὁ
670 2814 836 2880 αὐτὸς
884 2816 1168 2874 ἐλεύσεται
1219 2824 1405 2892 κρῖναι
1464 2823 1673 2888 ζῶντας
1724 2814 1818 2879 και
1877 2843 1965 2877 νε-

387 2904 574 2973 κρούς.

463 2996 527 3049 El
555 2997 739 3052 τοίνυν
762 2999 977 3067 τούτοις
1011 3004 1372 3076 πιστεύομεν,
1424 3007 1618 3079 πόρῤω
1648 3009 1832 3080 πάσης
1861 3011 1967 3081 ἀμ-

390 3088 646 3157 φιϐολίας
673 3090 773 3158 τῆς
804 3091 1110 3165 μελλούσης
1146 3097 1307 3169 δόξης
1342 3097 1439 3151 καὶ
1473 3099 1711 3169 θεωρίας
1741 3103 1965 3156 ἐπιτευ-

2072 2647 2315 2709 ceptum,
2370 2638 2426 2693 in
2491 2638 2586 2692 Dei
2620 2651 2685 2691 ac
2737 2634 2915 2690 Patris
2983 2632 3207 2690 dextera
3271 2633 3653 2690 consedisse:

2079 2746 2277 2802 nempe
2294 2731 2442 2801 quod
2476 2745 2507 2785 a
2538 2728 2751 2785 dextris
2765 2728 2988 2794 dicitur,
3056 2727 3203 2798 paris
3240 2739 3364 2781 cum
3386 2740 3453 2781 eo
3479 2725 3658 2796 digni-

2073 2823 2202 2879 tatis
2226 2823 2489 2877 honorem
2540 2820 2928 2892 signiﬁcante;
2985 2819 3237 2876 eumdem
3265 2834 3463 2875 rursus
3529 2834 3660 2874 ven-

2074 2926 2256 2974 turum
2297 2922 2357 2969 ut
2379 2913 2587 2986 iudicet
2618 2914 2773 2969 vivos
2805 2923 2859 2969 et
2891 2920 3162 2968 mortuos.
3472 2982 3477 2987 δ

2145 3008 2204 3063 Si
2230 3006 2395 3078 igitur
2422 3006 2508 3061 his
2540 3005 2700 3061 iidem
2725 3004 3227 3067 accommodamus.
3256 3003 3395 3058 citra
3432 3017 3650 3059 onmem

2021 3116 2035 3127 ”
2073 3098 2407 3154 dubietatem
2434 3097 2674 3153 futuram
2739 3096 2969 3165 gloriam
3036 3109 3100 3150 ac
3146 3093 3415 3149 visionem
3461 3107 3654 3149 conse-
3728 3167 3733 3171 ς
3796 3086 3801 3089 ’

352 3178 588 3273 νξὸμεθσι
646 3181 750 3273 «Ὀ
779 3182 882 3252 γὰρ
910 3182 1047 3254 ἔχων
1128 3186 1224 3249 τὰς
1272 3188 1490 3254 ἐντολάς
1566 3207 1688 3259 μου,
1729 3209 1748 3243 ι
1809 3192 1965 3260 φησι,

2073 3205 2306 3264 quemur
2337 3206 2351 3246 :
2395 3189 2528 3257 «Qui
2557 3189 2703 3244 enim
2736 3188 2900 3243 habet
2924 3188 3180 3241 mandata
3248 3201 3392 3252 mea,
3454 3188 3655 3255 inquit,

392 3287 413 3321 ι
443 3271 539 3323 καὶ
572 3272 754 3353 τηρῶν
814 3272 1010 3339 αὐτὰς,
1074 3276 1284 3340 ἐκεῖνός
1334 3280 1482 3332 ἐστιν
1510 3281 1537 3332 ὁ
1587 3281 1819 3349 ἀγαπῶν
1863 3301 1954 3353 με.

397 3367 459 3420 '0
491 3366 548 3421 δὲ
573 3352 806 3436 ἀγαπῶν
837 3387 906 3440 με
964 3371 1386 3443 ἀγαπηθήσεται
1459 3375 1563 3429 ὑπὸ
1619 3376 1712 3431 τοῦ
1746 3377 1961 3448 Πατρός

390 3475 513 3529 μου,
547 3460 642 3513 καὶ
679 3459 790 3529 ἐγὼ
812 3463 1089 3532 ἀγαπήσω
1118 3464 1308 3530 αὐτὸν,
1342 3466 1438 3520 καὶ
1493 3466 1782 3537 ἐμφανίσω
1813 3468 1962 3540 αὐτῷ

387 3551 681 3619 ἐμαυτόν.»
719 3553 853 3617 Καὶ,
909 3552 1068 3607 ιἚὰν
1090 3555 1341 3622 ἀγαπᾶτέ
1373 3572 1465 3625 με,
1496 3558 1598 3620 τὰς
1620 3557 1838 3620 ἐντολάς
1859 3575 1962 3629 μου

388 3638 683 3708 τηρήσετε’
714 3643 816 3694 καὶ
840 3641 952 3708 ἐγὼ
982 3642 1248 3713 ἐρωτήσω
1279 3644 1373 3697 τὸν
1406 3645 1648 3717 Πατέρα,
1675 3645 1772 3701 καὶ
1803 3647 1963 3703 ἄλλον

391 3729 750 3801 Παράκλητον
780 3733 947 3787 δώσει
990 3735 1142 3805 ὑμῖν,
1187 3734 1278 3790 ἵνα
1334 3736 1473 3809 μένῃ
1506 3738 1628 3808 μεθ’
1678 3738 1835 3809 ὑμῶν
1884 3741 1965 3804 είς

386 3822 479 3876 τὸν
509 3822 708 3891 αίῶνα,
737 3824 800 3878 τὸ
839 3824 1065 3896 Πνεῦμα
1125 3827 1227 3897 τῆς
1284 3827 1566 3896 ἀληθείας,
1618 3828 1647 3882 ὃ
1692 3831 1720 3883 ὁ
1760 3831 1965 3902 κόσμος

387 3914 451 3966 οὐ
482 3914 707 3968 δύναται
771 3914 999 3968 λαϐεῖν’
1064 3936 1083 3970 ι
1144 3920 1192 3972 oi
1250 3919 1535 3986 φιλοῦντες
1580 3919 1827 3990 δηλονότι
1874 3924 1966 3975 τὸν

390 4006 616 4074 κόσμον.
682 4008 813 4071 Καὶ,
860 4024 879 4059 ι
919 4006 1091 4061 Πάλιν
1141 4006 1536 4081 ἔρχομαιίκαὶ
1566 4013 1968 4085 παραλήψομαι

391 4096 537 4168 ὑμᾶς
568 4098 705 4168 πρὸς
755 4100 995 4170 ἐμαυτόν
1016 4117 1032 4133 ο
1068 4100 1156 4155 ἵνα
1186 4102 1323 4155 ὅπου
1353 4104 1471 4173 εἰμὶ
1500 4102 1635 4173 ἐγὼ,
1694 4104 1788 4159 καὶ
1809 4105 1967 4176 ὑμεῖς

360 4186 511 4261 dits.
551 4210 570 4244 ι
602 4192 726 4258 Καὶ,
763 4211 781 4244 ι
811 4192 982 4257 Θέλω,
1038 4193 1247 4266 Πάτερ,
1294 4192 1389 4259 οὓς
1434 4193 1673 4258 δέδωκάς
1718 4212 1831 4264 μοι,
1879 4195 1965 4249 ἴνα

389 4285 523 4338 ὅπου
555 4285 671 4354 εἰμὶ
698 4283 829 4352 ἐγὼ,
860 4276 1103 4340 κάκεῖνοι
1151 4279 1256 4339 ὦσι
1308 4285 1428 4358 μετ’
1471 4287 1627 4365 ἐμοῦ,
1680 4287 1769 4341 ἵνα
1831 4287 1969 4343 θεω-

396 4377 531 4446 ρῶσι
561 4377 663 4446 τὴν
690 4377 851 4442 δόξαν
905 4378 971 4449 ἢν
1000 4378 1242 4443 δέδωκάς
1275 4370 1387 4451 μοι,
1448 4381 1532 4434 ὅτι
1565 4379 1865 4451 ἠγάπησάς
1901 4396 1969 4451 με
2073 4388 2077 4393 '

396 4468 504 4539 πρδ
535 4467 844 4540 καταϐολῆς
888 4473 1120 4541 κόσμου.
1159 4489 1178 4522 ι
1726 4484 1737 4501 ·

350 4578 359 4581 ‘
468 4578 487 4611 ς
537 4562 776 4617 Πάντοτε
848 4557 943 4616 οὖν

393 4655 484 4709 τὸν
524 4656 670 4711 θεῖον
697 4655 1048 4722 Ἀπόστολον,
1084 4656 1180 4709 καὶ
1228 4656 1540 4725 χαρήσεται
1570 4655 1732 4726 ήμῶν
1765 4657 1798 4726 ή
1831 4673 1969 4724 καρ-

391 4750 500 4812 δία,
540 4748 695 4819 καὶὴ
749 4750 896 4819 χαρά
954 4747 1112 4817 ήμῶν
1179 4746 1592 4816 πεπληρωμένη
1640 4744 1812 4809 ἔσται,
1873 4746 1969 4798 καὶ

391 4840 598 4910 ταύτην
623 4841 800 4903 οὐδεὶς
825 4840 972 4910 αἴρει
1004 4840 1102 4908 ἀφ’
1148 4839 1327 4908 ἡμῶν,
1363 4837 1439 4899 ὡς
1471 4839 1498 4890 ὁ
1543 4836 1744 4907 Κύριός
1775 4854 1965 4907 φησιν,

391 4930 480 4983 ὅτε
532 4931 715 4983 οὐκέτι
751 4932 807 4983 ὲν
841 4928 1169 4999 παροιμίαις
1209 4927 1434 4998 λαλήσει
1478 4927 1634 4995 ἡμῖν,
1660 4925 1799 4981 ἀλλὰ
1824 4928 1968 4995 παρ-

396 5020 561 5094 ρησίᾳ
592 5019 721 5090 περὶ⁹
743 5018 838 5073 τοῦ
865 5017 1079 5088 Πατρὸς
1104 5015 1272 5093 αύτοῦ
1298 5015 1771 5086 ἀναγγελεῖιήμῖν.
1801 5032 1820 5067 ι
1855 5014 1964 5068 Τοῦ

392 5114 605 5184 Πατρὺς
648 5132 666 5164 ι
703 5111 760 5167 δὲ
825 5111 1019 5178 εἰπὼν)
1074 5111 1260 5165 δίδωσι
1312 5108 1407 5162 καὶ
1448 5109 1643 5162 ἑαυτὸν
1685 5108 1828 5179 μετά
1870 5106 1965 5161 τοῦ

334 5240 348 5287 γ
392 5203 547 5271 ἀγίου
614 5200 943 5272 Πνεύματος
1002 5200 1348 5263 ἀδιαστάτως
1405 5196 1666 5253 νοεῖσθαι.
1718 5193 1812 5260 Εἷς
1858 5197 1966 5267 γὰρ

392 5297 523 5362 Θεός
566 5298 681 5351 ἐστι
726 5296 871 5367 μετὰ
894 5294 990 5349 τοῦ
1051 5292 1264 5365 Πατρὸς
1323 5292 1417 5345 καὶ
1475 5289 1572 5344 τοῦ
1626 5287 1968 5359 Πνεύματος.

397 5387 711 5453 Τουτέστιν,
750 5385 866 5439 Οὐκ
899 5383 1122 5437 ἔσονται
1178 5383 1497 5453 ὁμοιότητες
1539 5380 1634 5433 καὶ
1699 5378 1968 5451 σύμϐολα,

394 5479 492 5551 τῆς
522 5479 771 5551 ὁράσεως
801 5476 1100 5547 γινομένης
1132 5474 1426 5543 πρόσωπον
1477 5471 1617 5542 πρὸς
1649 5471 1967 5540 πρόσωπον.

395 5568 500 5624 Καὶ
535 5570 644 5639 γάρ
667 5583 834 5639 φησιν
855 5568 882 5619 6
930 5565 1283 5631 Ἀπόστολος,
1321 5581 1340 5616 ι
1372 5563 1547 5621 Ὅταν
1580 5562 1712 5633 ἔλθῃ
1756 5559 1820 5614 τὸ
1876 5560 1972 5612 τέ-

469 5757 513 5791 "’
547 5758 690 5815 Psal.
724 5773 873 5822 xxvi,
901 5758 955 5813 4.
1030 5758 1075 5791 ⁸³
1098 5756 1255 5812 Joan.
1286 5771 1402 5821 xw,
1432 5754 1525 5813 27.
1599 5750 1843 5822 “Calai:
1878 5745 2078 5822 111,713}

2060 3295 2115 3343 et
2146 3291 2431 3347 servatea,
2464 3283 2556 3337 ille
2577 3288 2658 3336 est
2689 3279 2782 3351 qui
2806 3278 2984 3347 diligit
3015 3292 3122 3332 me.
3143 3275 3248 3345 Qui
3277 3286 3455 3331 autem
3481 3276 3660 3348 diligi;
3769 3339 3781 3346 _

2061 3392 2171 3441 me,
2237 3375 2494 3444 diligetur
2545 3387 2583 3434 ,a
2620 3371 2785 3426 Patre
2819 3383 2964 3435 meo,
2993 3375 3167 3439 etego
3225 3366 3449 3437 diligam
3506 3381 3656 3431 eum,

2061 3477 2118 3523 et
2171 3464 2544 3522 manifestabo
2572 3462 2623 3519 ei
2665 3456 2933 3532 meipsun‘t
2953 3459 3021 3514 “.
3057 3478 3077 3512 ι
3115 3457 3181 3513 Et
3212 3477 3225 3514 :
3267 3477 3284 3511 ι
3324 3458 3381 3513 Si
3418 3457 3649 3529 diligitis

2062 3574 2174 3624 me,
2197 3557 2449 3612 mandata
2482 3569 2600 3611 mea
2625 3553 2939 3617 servabitis,
2971 3561 3027 3605 et
3055 3564 3155 3621 ego
3187 3551 3390 3620 rogabo
3415 3547 3660 3619 Patrem,

2062 3656 2120 3705 et
2160 3648 2325 3703 alium
2388 3644 2733 3701 Paraeletum
2788 3641 2941 3698 dabit
2982 3640 3161 3704 vobis,
3195 3637 3458 3709 Spiritum
3505 3637 3652 3693 veri-

2070 3738 2218 3802 tatis,
2270 3751 2433 3807 quem
2489 3734 2727 3789 mundus
2757 3740 2873 3787 non
2890 3739 3073 3800 potest
3099 3729 3354 3799 accipere
3387 3728 3484 3783 “z
3529 3746 3551 3782 ι
3616 3727 3655 3782 ii

2065 3828 2377 3899 scilicetqui
2400 3826 2587 3882 mundi
2613 3838 2801 3881 amore
2818 3832 3093 3879 tenentur.
3118 3820 3216 3876 Et:
3243 3840 3263 3873 ι
3287 3822 3486 3875 lterum
3504 3821 3657 3875 veni-

2067 3936 2178 3988 am,
2217 3929 2272 3976 et
2335 3918 2596 3990 accipiam
2628 3932 2726 3973 vos
2754 3917 2819 3972 ad
2861 3915 3151 3984 meipsum,
3190 3923 3250 3968 ut
3283 3913 3372 3968 ubi
3397 3928 3497 3983 ego
3534 3926 3654 3968 sum

2066 4026 2120 4072 et
2167 4029 2266 4070 vos
2308 4012 2426 4069 sitis
2481 4011 2580 4062 "-i
2619 4007 2731 4066 Et:
2776 4027 2796 4062 ι
2854 4007 3014 4075 Volo,
3064 4005 3246 4073 Pater,
3287 4020 3430 4074 quos
3454 4003 3654 4060 dedisti

2068 4106 2224 4169 mihi,
2279 4115 2339 4159 ut
2395 4103 2486 4158 ubi
2534 4114 2638 4172 ego
2667 4115 2818 4169 sum,
2887 4099 3052 4155 etilli
3121 4099 3233 4153 sint
3298 4110 3536 4161 mecum,
3597 4103 3657 4150 ut
3766 4109 3772 4116 '

2070 4194 2294 4251 videant
2322 4194 2653 4258 claritatem,
2671 4207 2836 4263 quam
2866 4189 3065 4246 dedisti
3091 4190 3244 4251 mihi.
3270 4190 3401 4260 quia
3420 4187 3657 4244 dilexisti

2070 4301 2158 4342 me
2211 4295 2336 4341 ante
2388 4282 2579 4340 mundi
2637 4282 3083 4340 constitutionem
3140 4279 3207 4333 ³³.
3239 4299 3258 4331 ι

1063 4565 1160 4617 σὺν
1220 4562 1405 4634 Κυρίῳ
1470 4562 1751 4634 ἐσόμεθα,
1826 4564 1969 4617 κατὰ

2148 4567 2168 4602 ι
2190 4549 2416 4619 Semper
2432 4548 2597 4618 igitur
2614 4561 2740 4602 cum
2761 4546 2994 4603 Domino
3010 4547 3217 4601 erimus
3233 4546 3300 4613 δ’,
3329 4563 3347 4598 ι
3373 4544 3662 4602 utiauctor

2071 4648 2157 4696 εει
2180 4642 2366 4694 beatus
2383 4636 2608 4703 Paulus,
2630 4646 2685 4692 et
2707 4636 2967 4711 gaudebit
3012 4650 3109 4690 cor
3152 4644 3422 4704 nostrum,
3453 4644 3507 4691 et
3521 4648 3665 4706 gau-'

2068 4723 2222 4787 dium
2242 4738 2487 4785 nostrum
2507 4729 2726 4799 plenum
2752 4729 2880 4793 erit,
2900 4742 3001 4782 nec
3019 4726 3218 4794 aliquis
3257 4726 3436 4796 ipsum
3456 4727 3608 4782 tollet
3627 4742 3659 4781 a

2074 4821 2359 4889 nobis,uti
2380 4819 2768 4875 Dominusail"
2801 4819 3146 4892 quandonon
3176 4819 3231 4872 in
3265 4817 3567 4887 proverbiis
3584 4819 3663 4873 lo-

2069 4922 2269 4985 quetur
2297 4912 2476 4979 nobis,
2495 4912 2588 4968 sed
2609 4912 2786 4982 palam
2802 4913 2868 4966 de
2887 4910 3049 4967 Patre
3076 4926 3178 4967 suo
3205 4911 3545 4966 annuntiabit
3563 4925 3663 4966 no-

2056 5006 2241 5064 .bis“.
2260 5006 2394 5061 Cum
2421 5004 2517 5071 ait,
2545 5023 2563 5055 ι
2587 5004 2654 5058 de
2667 5003 2845 5059 Patre.
2875 5021 2894 5055 ι
2917 5003 3158 5073 seipsum
3180 5019 3285 5057 una
3310 5018 3374 5058 ac
3393 5002 3659 5075 Spiritum

2073 5107 2326 5154 sanctum
2346 5098 2438 5153 dat
2461 5095 2714 5167 intelligi.
2749 5093 2905 5151 Unus
2927 5096 3071 5150 enim
3099 5095 3242 5169 Deus
3262 5110 3387 5150 cum
3420 5093 3582 5150 Patre
3599 5110 3664 5151 ac
3726 5102 3731 5107 '

2081 5191 2285 5262 Spiritu
2315 5199 2418 5258 est,
2451 5190 2566 5247 l‘loc
2581 5200 2686 5255 est,
2722 5189 2841 5246 Non
2867 5190 3105 5260 amplius
3130 5191 3286 5262 signa
3319 5184 3489 5247 erunt'
3504 5205 3568 5246 ac
3586 5190 3662 5245 si-

2080 5286 2345 5350 mulacra,
2407 5300 2528 5339 cum
2592 5283 2774 5339 futura
2795 5283 2868 5338 sit
2920 5284 3064 5339 visio
3125 5283 3267 5341 facie
3301 5284 3369 5339 ad
3438 5283 3658 5338 faciem.

2080 5375 2294 5431 Etenim
2314 5376 2390 5430 ait
2419 5376 2752 5445 Apostolus:
2783 5393 2803 5427 ι
2836 5375 2974 5430 Cum
3009 5375 3222 5430 venerit
3272 5373 3417 5447 quod
3453 5373 3663 5444 perfec-

2078 5477 2191 5523 tum
2224 5476 2329 5530 est.
2359 5475 2491 5523 tunc
2517 5467 2882 5524 evacuabitur
2912 5470 3060 5539 quod
3086 5484 3159 5535 ex,
3221 5476 3377 5539 parte
3396 5474 3482 5520 est
3501 5465 3595 5539 β’.
3633 5480 3654 5512 ι

2073 5556 2247 5627 llujus
2273 5557 2761 5627 contemplationis
2797 5535 3097 5628 imaginem
3124 5574 3187 5613 ac
3215 5535 3443 5629 ligurum
3471 5535 3662 5610 habuit

3423 5736 3470 5770 ⁸⁷
3497 5736 3657 5793 Joan.

2180 5744 2228 5778 “
2267 5743 2428 5801 Joan.
2465 5762 2578 5807 xw.
2617 5746 2710 5801 21.
2815 5741 2861 5775 ⁸⁸
2890 5740 3191 5806 Juau..x1v,
3222 5738 3312 5793 15.

399 5841 510 5888 xw.
541 5810 1079 5894 i.‘"is".ib’.{ii.}vn,
1104 5810 1204 5883 rei.
1281 5810 1609 5917 “l'Tlicss;
1641 5837 1715 5891 IV,
1755 5820 1868 5876 '17.
1944 5819 1989 5851 ⁸ο
2030 5813 2190 5874 Joan.
2227 5832 2340 5885 xvi,
2369 5817 2461 5873 2‘2.
2539 5819 2584 5851 "
2626 5815 2758 5873 ibid.
2785 5813 2876 5868 25.
2956 5812 3038 5866 "l
3075 5814 3202 5869 Cor.
3240 5824 3358 5876 XIII,
3394 5810 3491 5887 l0.
