  <div class='ocr_page' id='page_1' title='image "/cluster/home/n/w/nwhite01/storage/ocr_20150623/152/coo.31924054870575/333.png"; bbox 0 0 4088 6414; ppageno 0'>
   <div class='ocr_carea' id='block_1_1' title="bbox 547 401 647 468">
    <p class='ocr_par' dir='ltr' id='par_1_1' title="bbox 547 401 647 468">
     <span class='ocr_line' id='line_1_1' title="bbox 547 401 647 468; baseline 0.02 -2"><span class='ocrx_word' id='word_1_1' title='bbox 547 401 647 468; x_wconf 75' lang='grc'><strong>651</strong></span> 
     </span>
    </p>
   </div>
   <div class='ocr_carea' id='block_1_2' title="bbox 1794 405 2536 468">
    <p class='ocr_par' dir='ltr' id='par_1_2' title="bbox 1794 405 2536 468">
     <span class='ocr_line' id='line_1_2' title="bbox 1794 405 2536 468; baseline 0.007 -5"><span class='ocrx_word' id='word_1_2' title='bbox 1794 405 2188 466; x_wconf 80' lang='lat' dir='ltr'><strong>MANUELIS</strong></span> <span class='ocrx_word' id='word_1_3' title='bbox 2227 405 2536 468; x_wconf 62' lang='lat' dir='ltr'><strong>CALECIE</strong></span> 
     </span>
    </p>
   </div>
   <div class='ocr_carea' id='block_1_3' title="bbox 3719 413 3826 480">
    <p class='ocr_par' dir='ltr' id='par_1_3' title="bbox 3719 413 3826 480">
     <span class='ocr_line' id='line_1_3' title="bbox 3719 413 3826 480; baseline -0.028 0"><span class='ocrx_word' id='word_1_4' title='bbox 3719 413 3826 480; x_wconf 81' lang='lat'><strong>652</strong></span> 
     </span>
    </p>
   </div>
   <div class='ocr_carea' id='block_1_4' title="bbox 548 518 2139 602">
    <p class='ocr_par' dir='ltr' id='par_1_4' title="bbox 548 518 2139 592">
     <span class='ocr_line' id='line_1_4' title="bbox 548 518 2139 592; baseline 0 -16"><span class='ocrx_word' id='word_1_5' title='bbox 548 520 762 577; x_wconf 90' lang='lat' dir='ltr'><strong>derium</strong></span> <span class='ocrx_word' id='word_1_6' title='bbox 797 536 958 576; x_wconf 88' lang='lat' dir='ltr'><strong>omne</strong></span> <span class='ocrx_word' id='word_1_7' title='bbox 985 529 1038 575; x_wconf 90' lang='lat' dir='ltr'><strong>et</strong></span> <span class='ocrx_word' id='word_1_8' title='bbox 1085 535 1210 592; x_wconf 86' lang='lat' dir='ltr'><strong>spes</strong></span> <span class='ocrx_word' id='word_1_9' title='bbox 1266 518 1667 590; x_wconf 86' lang='lat' dir='ltr'><strong>inquisitioqne</strong></span> <span class='ocrx_word' id='word_1_10' title='bbox 1731 529 1927 587; x_wconf 78' lang='lat' dir='ltr'><strong>cesset,</strong></span> <span class='ocrx_word' id='word_1_11' title='bbox 1952 521 2139 591; x_wconf 77' lang='lat' dir='ltr'><strong>visque</strong></span> 
     </span>
    </p>
   </div>
   <div class='ocr_carea' id='block_1_5' title="bbox 2243 518 3822 602">
    <p class='ocr_par' dir='ltr' id='par_1_5' title="bbox 2250 522 3822 602">
     <span class='ocr_line' id='line_1_5' title="bbox 2250 522 3822 602; baseline 0.006 -27"><span class='ocrx_word' id='word_1_12' title='bbox 2250 523 2344 578; x_wconf 72' lang='grc' dir='ltr'><strong>ἐπὶ</strong></span> <span class='ocrx_word' id='word_1_13' title='bbox 2395 523 2566 597; x_wconf 80' lang='grc' dir='ltr'>μηδὲν</span> <span class='ocrx_word' id='word_1_14' title='bbox 2613 522 2801 594; x_wconf 73' lang='grc' dir='ltr'>ἕτερον</span> <span class='ocrx_word' id='word_1_15' title='bbox 2865 523 3172 600; x_wconf 76' lang='grc' dir='ltr'><strong>ἑλκομένης</strong></span> <span class='ocrx_word' id='word_1_16' title='bbox 3231 527 3422 583; x_wconf 80' lang='grc' dir='ltr'>λοιπὸν</span> <span class='ocrx_word' id='word_1_17' title='bbox 3475 527 3578 602; x_wconf 85' lang='grc' dir='ltr'>τῆς</span> <span class='ocrx_word' id='word_1_18' title='bbox 3638 530 3822 585; x_wconf 72' lang='grc' dir='ltr'>ἐπιθυι</span> 
     </span>
    </p>
   </div>
   <div class='ocr_carea' id='block_1_6' title="bbox 551 609 2138 681">
    <p class='ocr_par' dir='ltr' id='par_1_6' title="bbox 551 609 2138 681">
     <span class='ocr_line' id='line_1_6' title="bbox 551 609 2138 681; baseline 0.001 -16"><span class='ocrx_word' id='word_1_19' title='bbox 551 614 730 666; x_wconf 90' lang='lat' dir='ltr'><strong>omnis</strong></span> <span class='ocrx_word' id='word_1_20' title='bbox 762 611 1042 674; x_wconf 82' lang='lat' dir='ltr'><strong>desiderii,</strong></span> <span class='ocrx_word' id='word_1_21' title='bbox 1079 609 1171 666; x_wconf 85' lang='lat' dir='ltr'><strong>Dei</strong></span> <span class='ocrx_word' id='word_1_22' title='bbox 1203 609 1674 681; x_wconf 74' lang='lat' dir='ltr'><strong>contemplatione</strong></span> <span class='ocrx_word' id='word_1_23' title='bbox 1705 609 1865 666; x_wconf 87' lang='lat' dir='ltr'><strong>nobis</strong></span> <span class='ocrx_word' id='word_1_24' title='bbox 1913 610 2138 681; x_wconf 84' lang='lat' dir='ltr'><strong>implea-</strong></span> 
     </span>
    </p>
   </div>
   <div class='ocr_carea' id='block_1_7' title="bbox 504 703 2140 782">
    <p class='ocr_par' dir='ltr' id='par_1_7' title="bbox 504 703 2140 782">
     <span class='ocr_line' id='line_1_7' title="bbox 504 703 2140 782; baseline -0.001 -24"><span class='ocrx_word' id='word_1_25' title='bbox 504 743 513 771; x_wconf 45' lang='grc' dir='ltr'>ί</span> <span class='ocrx_word' id='word_1_26' title='bbox 553 717 662 770; x_wconf 89' lang='lat' dir='ltr'><strong>tur,</strong></span> <span class='ocrx_word' id='word_1_27' title='bbox 695 719 820 760; x_wconf 89' lang='lat' dir='ltr'><strong>cum</strong></span> <span class='ocrx_word' id='word_1_28' title='bbox 849 705 984 760; x_wconf 90' lang='lat' dir='ltr'><strong>illud</strong></span> <span class='ocrx_word' id='word_1_29' title='bbox 1010 703 1271 782; x_wconf 88' lang='lat' dir='ltr'><strong>deinceps</strong></span> <span class='ocrx_word' id='word_1_30' title='bbox 1302 703 1358 758; x_wconf 91' lang='lat' dir='ltr'><strong>in</strong></span> <span class='ocrx_word' id='word_1_31' title='bbox 1386 703 1593 759; x_wconf 89' lang='lat' dir='ltr'><strong>nullam</strong></span> <span class='ocrx_word' id='word_1_32' title='bbox 1618 703 1782 758; x_wconf 90' lang='lat' dir='ltr'><strong>aliam</strong></span> <span class='ocrx_word' id='word_1_33' title='bbox 1815 717 2002 758; x_wconf 90' lang='lat' dir='ltr'><strong>rerum</strong></span> <span class='ocrx_word' id='word_1_34' title='bbox 2029 713 2140 758; x_wconf 86' lang='lat' dir='ltr'><strong>tra-</strong></span> 
     </span>
    </p>
   </div>
   <div class='ocr_carea' id='block_1_8' title="bbox 460 799 732 857">
    <p class='ocr_par' dir='ltr' id='par_1_8' title="bbox 460 799 732 857">
     <span class='ocr_line' id='line_1_8' title="bbox 460 799 732 857; baseline 0.011 -8"><span class='ocrx_word' id='word_1_35' title='bbox 460 851 467 857; x_wconf 72' lang='grc'><strong>,</strong></span> <span class='ocrx_word' id='word_1_36' title='bbox 552 799 732 852; x_wconf 89' lang='lat' dir='ltr'><strong>hatur.</strong></span> 
     </span>
    </p>
   </div>
   <div class='ocr_carea' id='block_1_9' title="bbox 619 885 2139 960">
    <p class='ocr_par' dir='ltr' id='par_1_9' title="bbox 619 885 2139 960">
     <span class='ocr_line' id='line_1_9' title="bbox 619 885 2139 960; baseline -0.001 -17"><span class='ocrx_word' id='word_1_37' title='bbox 619 888 740 956; x_wconf 85' lang='lat' dir='ltr'><strong>Qua</strong></span> <span class='ocrx_word' id='word_1_38' title='bbox 769 888 955 960; x_wconf 91' lang='lat' dir='ltr'><strong>itaque</strong></span> <span class='ocrx_word' id='word_1_39' title='bbox 984 885 1198 944; x_wconf 80' lang='lat' dir='ltr'><strong>ratione</strong></span> <span class='ocrx_word' id='word_1_40' title='bbox 1227 888 1485 943; x_wconf 71' lang='lat' dir='ltr'><strong>humanae</strong></span> <span class='ocrx_word' id='word_1_41' title='bbox 1511 897 1725 943; x_wconf 75' lang='lat' dir='ltr'><strong>natura:</strong></span> <span class='ocrx_word' id='word_1_42' title='bbox 1762 897 2139 958; x_wconf 87' lang='lat' dir='ltr'><strong>comparatum</strong></span> 
     </span>
    </p>
   </div>
   <div class='ocr_carea' id='block_1_10' title="bbox 547 979 2141 1052">
    <p class='ocr_par' dir='ltr' id='par_1_10' title="bbox 547 979 2141 1052">
     <span class='ocr_line' id='line_1_10' title="bbox 547 979 2141 1052; baseline -0.001 -15"><span class='ocrx_word' id='word_1_43' title='bbox 547 993 653 1047; x_wconf 83' lang='lat' dir='ltr'><strong>est,</strong></span> <span class='ocrx_word' id='word_1_44' title='bbox 681 990 736 1038; x_wconf 91' lang='lat' dir='ltr'><strong>et</strong></span> <span class='ocrx_word' id='word_1_45' title='bbox 770 991 1040 1052; x_wconf 89' lang='lat' dir='ltr'><strong>quantum</strong></span> <span class='ocrx_word' id='word_1_46' title='bbox 1070 982 1308 1052; x_wconf 89' lang='lat' dir='ltr'><strong>quisque</strong></span> <span class='ocrx_word' id='word_1_47' title='bbox 1357 995 1554 1052; x_wconf 85' lang='lat' dir='ltr'><strong>capere</strong></span> <span class='ocrx_word' id='word_1_48' title='bbox 1589 989 1788 1051; x_wconf 85' lang='lat' dir='ltr'><strong>potest,</strong></span> <span class='ocrx_word' id='word_1_49' title='bbox 1826 979 1924 1036; x_wconf 86' lang='lat' dir='ltr'><strong>Dei</strong></span> <span class='ocrx_word' id='word_1_50' title='bbox 1980 980 2141 1036; x_wconf 89' lang='lat' dir='ltr'><strong>nobis</strong></span> 
     </span>
    </p>
   </div>
   <div class='ocr_carea' id='block_1_11' title="bbox 549 1072 2137 1145">
    <p class='ocr_par' dir='ltr' id='par_1_11' title="bbox 549 1072 2137 1145">
     <span class='ocr_line' id='line_1_11' title="bbox 549 1072 2137 1145; baseline -0.001 -16"><span class='ocrx_word' id='word_1_51' title='bbox 549 1074 938 1145; x_wconf 82' lang='lat' dir='ltr'><strong>contemplatio</strong></span> <span class='ocrx_word' id='word_1_52' title='bbox 984 1075 1306 1142; x_wconf 89' lang='lat' dir='ltr'><strong>illucescet;</strong></span> <span class='ocrx_word' id='word_1_53' title='bbox 1341 1075 1642 1140; x_wconf 81' lang='lat' dir='ltr'><strong>statimque</strong></span> <span class='ocrx_word' id='word_1_54' title='bbox 1688 1087 1753 1127; x_wconf 90' lang='lat' dir='ltr'><strong>ac</strong></span> <span class='ocrx_word' id='word_1_55' title='bbox 1801 1072 2137 1136; x_wconf 85' lang='lat' dir='ltr'><strong>immediate,</strong></span> 
     </span>
    </p>
   </div>
   <div class='ocr_carea' id='block_1_12' title="bbox 550 1163 2140 1241">
    <p class='ocr_par' dir='ltr' id='par_1_12' title="bbox 550 1163 2140 1241">
     <span class='ocr_line' id='line_1_12' title="bbox 550 1163 2140 1241; baseline 0.004 -25"><span class='ocrx_word' id='word_1_56' title='bbox 550 1176 675 1236; x_wconf 86' lang='lat' dir='ltr'><strong>post</strong></span> <span class='ocrx_word' id='word_1_57' title='bbox 722 1166 998 1237; x_wconf 88' lang='lat' dir='ltr'><strong>expletum</strong></span> <span class='ocrx_word' id='word_1_58' title='bbox 1052 1178 1361 1221; x_wconf 84' lang='lat' dir='ltr'><strong>extremum</strong></span> <span class='ocrx_word' id='word_1_59' title='bbox 1400 1165 1691 1241; x_wconf 64' lang='lat' dir='ltr'><strong>judicium,</strong></span> <span class='ocrx_word' id='word_1_60' title='bbox 1730 1164 1961 1235; x_wconf 88' lang='lat' dir='ltr'><strong>quisque</strong></span> <span class='ocrx_word' id='word_1_61' title='bbox 1993 1163 2140 1222; x_wconf 86' lang='lat' dir='ltr'><strong>illius</strong></span> 
     </span>
    </p>
   </div>
   <div class='ocr_carea' id='block_1_13' title="bbox 550 1256 2140 1314">
    <p class='ocr_par' dir='ltr' id='par_1_13' title="bbox 550 1256 2140 1314">
     <span class='ocr_line' id='line_1_13' title="bbox 550 1256 2140 1314; baseline -0.001 -2"><span class='ocrx_word' id='word_1_62' title='bbox 550 1264 711 1314; x_wconf 83' lang='lat' dir='ltr'><strong>heres</strong></span> <span class='ocrx_word' id='word_1_63' title='bbox 732 1258 952 1314; x_wconf 90' lang='lat' dir='ltr'><strong>futurus</strong></span> <span class='ocrx_word' id='word_1_64' title='bbox 980 1268 1081 1314; x_wconf 87' lang='lat' dir='ltr'><strong>est.</strong></span> <span class='ocrx_word' id='word_1_65' title='bbox 1104 1258 1159 1313; x_wconf 91' lang='lat' dir='ltr'><strong>Id</strong></span> <span class='ocrx_word' id='word_1_66' title='bbox 1188 1258 1336 1313; x_wconf 86' lang='lat' dir='ltr'><strong>enim</strong></span> <span class='ocrx_word' id='word_1_67' title='bbox 1369 1266 1598 1313; x_wconf 89' lang='lat' dir='ltr'><strong>sanctus</strong></span> <span class='ocrx_word' id='word_1_68' title='bbox 1626 1256 1948 1311; x_wconf 64' lang='lat' dir='ltr'><strong>«unionem»</strong></span> <span class='ocrx_word' id='word_1_69' title='bbox 1983 1265 2140 1311; x_wconf 86' lang='lat' dir='ltr'><strong>vocat</strong></span> 
     </span>
    </p>
   </div>
   <div class='ocr_carea' id='block_1_14' title="bbox 554 1349 2140 1421">
    <p class='ocr_par' dir='ltr' id='par_1_14' title="bbox 554 1349 2140 1421">
     <span class='ocr_line' id='line_1_14' title="bbox 554 1349 2140 1421; baseline 0.003 -21"><span class='ocrx_word' id='word_1_70' title='bbox 554 1367 750 1421; x_wconf 68' lang='lat' dir='ltr'><strong>«supra</strong></span> <span class='ocrx_word' id='word_1_71' title='bbox 773 1351 1212 1421; x_wconf 82' lang='lat' dir='ltr'><strong>intelligentiam,</strong></span> <span class='ocrx_word' id='word_1_72' title='bbox 1228 1369 1246 1402; x_wconf 72' lang='grc' dir='ltr'><strong>ι</strong></span> <span class='ocrx_word' id='word_1_73' title='bbox 1267 1349 1639 1405; x_wconf 90' lang='lat' dir='ltr'><strong>immediatam</strong></span> <span class='ocrx_word' id='word_1_74' title='bbox 1662 1349 1872 1404; x_wconf 87' lang='lat' dir='ltr'><strong>scilicet</strong></span> <span class='ocrx_word' id='word_1_75' title='bbox 1890 1363 2010 1403; x_wconf 89' lang='lat' dir='ltr'><strong>cum</strong></span> <span class='ocrx_word' id='word_1_76' title='bbox 2033 1350 2140 1404; x_wconf 88' lang='lat' dir='ltr'><strong>Deo</strong></span> 
     </span>
    </p>
   </div>
   <div class='ocr_carea' id='block_1_15' title="bbox 551 1436 2140 1518">
    <p class='ocr_par' dir='ltr' id='par_1_15' title="bbox 551 1436 2140 1518">
     <span class='ocr_line' id='line_1_15' title="bbox 551 1436 2140 1518; baseline -0.003 -16"><span class='ocrx_word' id='word_1_77' title='bbox 551 1449 1052 1515; x_wconf 81' lang='lat' dir='ltr'><strong>consuetudinem;</strong></span> <span class='ocrx_word' id='word_1_78' title='bbox 1087 1462 1257 1518; x_wconf 82' lang='lat' dir='ltr'><strong>supra</strong></span> <span class='ocrx_word' id='word_1_79' title='bbox 1283 1462 1446 1516; x_wconf 88' lang='lat' dir='ltr'><strong>quam</strong></span> <span class='ocrx_word' id='word_1_80' title='bbox 1479 1436 1698 1502; x_wconf 73' lang='lat' dir='ltr'><strong>scilicet</strong></span> <span class='ocrx_word' id='word_1_81' title='bbox 1719 1459 1875 1501; x_wconf 88' lang='lat' dir='ltr'><strong>mens</strong></span> <span class='ocrx_word' id='word_1_82' title='bbox 1899 1444 2140 1499; x_wconf 89' lang='lat' dir='ltr'><strong>humana</strong></span> 
     </span>
    </p>
   </div>
   <div class='ocr_carea' id='block_1_16' title="bbox 552 1535 2142 1612">
    <p class='ocr_par' dir='ltr' id='par_1_16' title="bbox 552 1535 2142 1612">
     <span class='ocr_line' id='line_1_16' title="bbox 552 1535 2142 1612; baseline -0.001 -18"><span class='ocrx_word' id='word_1_83' title='bbox 552 1540 816 1610; x_wconf 88' lang='lat' dir='ltr'><strong>consequi</strong></span> <span class='ocrx_word' id='word_1_84' title='bbox 838 1547 1041 1612; x_wconf 84' lang='lat' dir='ltr'><strong>potest.</strong></span> <span class='ocrx_word' id='word_1_85' title='bbox 1079 1539 1249 1610; x_wconf 89' lang='lat' dir='ltr'><strong>quue</strong></span> <span class='ocrx_word' id='word_1_86' title='bbox 1280 1537 1489 1595; x_wconf 86' lang='lat' dir='ltr'><strong>Paulus</strong></span> <span class='ocrx_word' id='word_1_87' title='bbox 1523 1537 1744 1593; x_wconf 88' lang='lat' dir='ltr'><strong>dicebat</strong></span> <span class='ocrx_word' id='word_1_88' title='bbox 1773 1536 1946 1592; x_wconf 70' lang='lat' dir='ltr'><strong>«facie</strong></span> <span class='ocrx_word' id='word_1_89' title='bbox 1973 1535 2142 1592; x_wconf 86' lang='lat' dir='ltr'><strong>adfa-</strong></span> 
     </span>
    </p>
   </div>
   <div class='ocr_carea' id='block_1_17' title="bbox 552 1625 2141 1699">
    <p class='ocr_par' dir='ltr' id='par_1_17' title="bbox 552 1625 2141 1699">
     <span class='ocr_line' id='line_1_17' title="bbox 552 1625 2141 1699; baseline -0.001 -15"><span class='ocrx_word' id='word_1_90' title='bbox 552 1631 694 1684; x_wconf 88' lang='lat' dir='ltr'><strong>ciem</strong></span> <span class='ocrx_word' id='word_1_91' title='bbox 736 1630 804 1697; x_wconf 83' lang='lat'><strong>“,</strong></span> <span class='ocrx_word' id='word_1_92' title='bbox 843 1648 864 1682; x_wconf 81' lang='grc' dir='ltr'><strong>ι</strong></span> <span class='ocrx_word' id='word_1_93' title='bbox 897 1629 1138 1685; x_wconf 79' lang='lat' dir='ltr'><strong>Joannes</strong></span> <span class='ocrx_word' id='word_1_94' title='bbox 1185 1644 1318 1684; x_wconf 81' lang='lat' dir='ltr'><strong>vero</strong></span> <span class='ocrx_word' id='word_1_95' title='bbox 1346 1627 1724 1699; x_wconf 73' lang='lat' dir='ltr'><strong>evangelista:</strong></span> <span class='ocrx_word' id='word_1_96' title='bbox 1787 1625 2141 1682; x_wconf 68' lang='lat' dir='ltr'><strong>«Videbimus</strong></span> 
     </span>
    </p>
   </div>
   <div class='ocr_carea' id='block_1_18' title="bbox 551 1719 2141 1792">
    <p class='ocr_par' dir='ltr' id='par_1_18' title="bbox 551 1719 2141 1792">
     <span class='ocr_line' id='line_1_18' title="bbox 551 1719 2141 1792; baseline -0.003 -14"><span class='ocrx_word' id='word_1_97' title='bbox 551 1738 678 1778; x_wconf 88' lang='lat' dir='ltr'><strong>eum</strong></span> <span class='ocrx_word' id='word_1_98' title='bbox 715 1721 878 1779; x_wconf 90' lang='lat' dir='ltr'><strong>sicuti</strong></span> <span class='ocrx_word' id='word_1_99' title='bbox 916 1721 1099 1778; x_wconf 70' lang='lat' dir='ltr'><strong>est“.¢</strong></span> <span class='ocrx_word' id='word_1_100' title='bbox 1134 1721 1288 1776; x_wconf 83' lang='lat' dir='ltr'><strong>Hanc</strong></span> <span class='ocrx_word' id='word_1_101' title='bbox 1314 1735 1479 1792; x_wconf 89' lang='lat' dir='ltr'><strong>porro</strong></span> <span class='ocrx_word' id='word_1_102' title='bbox 1509 1735 1771 1775; x_wconf 85' lang='lat' dir='ltr'><strong>arcanam</strong></span> <span class='ocrx_word' id='word_1_103' title='bbox 1826 1720 2026 1775; x_wconf 83' lang='lat' dir='ltr'><strong>tuentis</strong></span> <span class='ocrx_word' id='word_1_104' title='bbox 2061 1719 2141 1773; x_wconf 84' lang='lat' dir='ltr'><strong>vi-</strong></span> 
     </span>
    </p>
   </div>
   <div class='ocr_carea' id='block_1_19' title="bbox 553 1795 2140 1883">
    <p class='ocr_par' dir='ltr' id='par_1_19' title="bbox 553 1795 2140 1883">
     <span class='ocr_line' id='line_1_19' title="bbox 553 1795 2140 1883; baseline -0.003 -13"><span class='ocrx_word' id='word_1_105' title='bbox 553 1819 763 1871; x_wconf 89' lang='lat' dir='ltr'><strong>sionem</strong></span> <span class='ocrx_word' id='word_1_106' title='bbox 786 1823 841 1867; x_wconf 92' lang='lat' dir='ltr'><strong>et</strong></span> <span class='ocrx_word' id='word_1_107' title='bbox 867 1813 1416 1883; x_wconf 76' lang='lat' dir='ltr'><strong>contemplationem,</strong></span> <span class='ocrx_word' id='word_1_108' title='bbox 1432 1811 1712 1882; x_wconf 73' lang='lat' dir='ltr'><strong>iustorum</strong></span> <span class='ocrx_word' id='word_1_109' title='bbox 1752 1810 1962 1866; x_wconf 90' lang='lat' dir='ltr'><strong>scilicet</strong></span> <span class='ocrx_word' id='word_1_110' title='bbox 1984 1795 2140 1866; x_wconf 79' lang='lat' dir='ltr'><strong>here-</strong></span> 
     </span>
    </p>
   </div>
   <div class='ocr_carea' id='block_1_20' title="bbox 2247 615 2396 684">
    <p class='ocr_par' dir='ltr' id='par_1_20' title="bbox 2247 615 2396 684">
     <span class='ocr_line' id='line_1_20' title="bbox 2247 615 2396 684; baseline 0.034 -17"><span class='ocrx_word' id='word_1_111' title='bbox 2247 615 2396 684; x_wconf 83' lang='grc' dir='ltr'>μίας.</span> 
     </span>
    </p>
   </div>
   <div class='ocr_carea' id='block_1_21' title="bbox 2319 885 3823 962">
    <p class='ocr_par' dir='ltr' id='par_1_21' title="bbox 2319 885 3823 962">
     <span class='ocr_line' id='line_1_21' title="bbox 2319 885 3823 962; baseline 0.008 -23"><span class='ocrx_word' id='word_1_112' title='bbox 2319 886 2510 954; x_wconf 82' lang='grc' dir='ltr'>Ὥστε,</span> <span class='ocrx_word' id='word_1_113' title='bbox 2543 885 2682 941; x_wconf 80' lang='grc' dir='ltr'>καθὸ</span> <span class='ocrx_word' id='word_1_114' title='bbox 2733 888 2978 958; x_wconf 84' lang='grc' dir='ltr'>πέφυκεν</span> <span class='ocrx_word' id='word_1_115' title='bbox 3037 890 3071 961; x_wconf 77' lang='grc' dir='ltr'><strong>ἠ</strong></span> <span class='ocrx_word' id='word_1_116' title='bbox 3140 889 3460 962; x_wconf 71' lang='grc' dir='ltr'><strong>ἀνθρωπίνη</strong></span> <span class='ocrx_word' id='word_1_117' title='bbox 3517 892 3680 962; x_wconf 81' lang='grc' dir='ltr'>φύσις</span> <span class='ocrx_word' id='word_1_118' title='bbox 3731 897 3823 953; x_wconf 72' lang='grc' dir='ltr'>καὶ</span> 
     </span>
    </p>
   </div>
   <div class='ocr_carea' id='block_1_22' title="bbox 2243 981 3824 1059">
    <p class='ocr_par' dir='ltr' id='par_1_22' title="bbox 2243 981 3824 1059">
     <span class='ocr_line' id='line_1_22' title="bbox 2243 981 3824 1059; baseline 0.006 -26"><span class='ocrx_word' id='word_1_119' title='bbox 2243 981 2388 1034; x_wconf 82' lang='grc' dir='ltr'>κατὰ</span> <span class='ocrx_word' id='word_1_120' title='bbox 2417 981 2482 1033; x_wconf 78' lang='grc' dir='ltr'>τὸ</span> <span class='ocrx_word' id='word_1_121' title='bbox 2519 981 2748 1036; x_wconf 82' lang='grc' dir='ltr'>δυνατὸν</span> <span class='ocrx_word' id='word_1_122' title='bbox 2774 983 3014 1055; x_wconf 77' lang='grc' dir='ltr'>ἑκάστῳ,</span> <span class='ocrx_word' id='word_1_123' title='bbox 3052 985 3086 1055; x_wconf 80' lang='grc' dir='ltr'>ἡ</span> <span class='ocrx_word' id='word_1_124' title='bbox 3115 983 3211 1038; x_wconf 90' lang='grc' dir='ltr'><strong>τοῦ</strong></span> <span class='ocrx_word' id='word_1_125' title='bbox 3257 984 3396 1038; x_wconf 84' lang='grc' dir='ltr'><strong>Θεοῦ</strong></span> <span class='ocrx_word' id='word_1_126' title='bbox 3457 985 3660 1059; x_wconf 82' lang='grc' dir='ltr'><strong>θεωρία</strong></span> <span class='ocrx_word' id='word_1_127' title='bbox 3707 991 3824 1042; x_wconf 74' lang='grc' dir='ltr'>ἐπι-</span> 
     </span>
    </p>
   </div>
   <div class='ocr_carea' id='block_1_23' title="bbox 2241 1071 3822 1150">
    <p class='ocr_par' dir='ltr' id='par_1_23' title="bbox 2241 1071 3822 1150">
     <span class='ocr_line' id='line_1_23' title="bbox 2241 1071 3822 1150; baseline 0.007 -26"><span class='ocrx_word' id='word_1_128' title='bbox 2241 1071 2451 1144; x_wconf 78' lang='grc' dir='ltr'>λάμψει</span> <span class='ocrx_word' id='word_1_129' title='bbox 2485 1075 2642 1144; x_wconf 75' lang='grc' dir='ltr'>ἡμῖν,</span> <span class='ocrx_word' id='word_1_130' title='bbox 2677 1075 2771 1130; x_wconf 75' lang='grc' dir='ltr'>καὶ</span> <span class='ocrx_word' id='word_1_131' title='bbox 2800 1075 3140 1148; x_wconf 78' lang='grc' dir='ltr'>κληρονόμος</span> <span class='ocrx_word' id='word_1_132' title='bbox 3173 1078 3345 1150; x_wconf 75' lang='grc' dir='ltr'>αὐτῆς</span> <span class='ocrx_word' id='word_1_133' title='bbox 3385 1079 3616 1145; x_wconf 78' lang='grc' dir='ltr'>ἕκαστος</span> <span class='ocrx_word' id='word_1_134' title='bbox 3671 1081 3822 1135; x_wconf 80' lang='grc' dir='ltr'>ἔσται</span> 
     </span>
    </p>
   </div>
   <div class='ocr_carea' id='block_1_24' title="bbox 2243 1164 3822 1241">
    <p class='ocr_par' dir='ltr' id='par_1_24' title="bbox 2243 1164 3822 1241">
     <span class='ocr_line' id='line_1_24' title="bbox 2243 1164 3822 1241; baseline 0.008 -25"><span class='ocrx_word' id='word_1_135' title='bbox 2243 1165 2308 1217; x_wconf 73' lang='grc' dir='ltr'>ὲκ</span> <span class='ocrx_word' id='word_1_136' title='bbox 2365 1164 2459 1218; x_wconf 86' lang='grc' dir='ltr'><strong>τοῦ</strong></span> <span class='ocrx_word' id='word_1_137' title='bbox 2501 1168 2820 1237; x_wconf 83' lang='grc' dir='ltr'><strong>παραυτίκα</strong></span> <span class='ocrx_word' id='word_1_138' title='bbox 2898 1169 2994 1223; x_wconf 70' lang='grc' dir='ltr'>καὶ</span> <span class='ocrx_word' id='word_1_139' title='bbox 3048 1170 3293 1241; x_wconf 84' lang='grc' dir='ltr'>ἀμέσως,</span> <span class='ocrx_word' id='word_1_140' title='bbox 3355 1173 3454 1241; x_wconf 77' lang='grc' dir='ltr'>τῆς</span> <span class='ocrx_word' id='word_1_141' title='bbox 3505 1177 3822 1238; x_wconf 75' lang='grc' dir='ltr'><strong>τελευταίας</strong></span> 
     </span>
    </p>
   </div>
   <div class='ocr_carea' id='block_1_25' title="bbox 2243 1255 3822 1340">
    <p class='ocr_par' dir='ltr' id='par_1_25' title="bbox 2243 1255 3822 1340">
     <span class='ocr_line' id='line_1_25' title="bbox 2243 1255 3822 1340; baseline 0.008 -32"><span class='ocrx_word' id='word_1_142' title='bbox 2243 1255 2481 1326; x_wconf 88' lang='grc' dir='ltr'>κρίσεως</span> <span class='ocrx_word' id='word_1_143' title='bbox 2545 1261 2870 1332; x_wconf 83' lang='grc' dir='ltr'>γενομένης.</span> <span class='ocrx_word' id='word_1_144' title='bbox 2943 1260 3119 1316; x_wconf 84' lang='grc' dir='ltr'>τοῦτο</span> <span class='ocrx_word' id='word_1_145' title='bbox 3183 1263 3292 1333; x_wconf 87' lang='grc' dir='ltr'><strong>γάρ</strong></span> <span class='ocrx_word' id='word_1_146' title='bbox 3367 1265 3503 1330; x_wconf 79' lang='grc' dir='ltr'>ἐστι,</span> <span class='ocrx_word' id='word_1_147' title='bbox 3597 1267 3738 1340; x_wconf 80' lang='grc' dir='ltr'>ὅπερ</span> <span class='ocrx_word' id='word_1_148' title='bbox 3795 1270 3822 1321; x_wconf 91' lang='lat'><strong>6</strong></span> 
     </span>
    </p>
   </div>
   <div class='ocr_carea' id='block_1_26' title="bbox 2243 1346 3823 1426">
    <p class='ocr_par' dir='ltr' id='par_1_26' title="bbox 2243 1346 3823 1426">
     <span class='ocr_line' id='line_1_26' title="bbox 2243 1346 3823 1426; baseline 0.007 -27"><span class='ocrx_word' id='word_1_149' title='bbox 2243 1346 2400 1414; x_wconf 83' lang='grc' dir='ltr'>ἆγιος</span> <span class='ocrx_word' id='word_1_150' title='bbox 2443 1347 2598 1417; x_wconf 81' lang='grc' dir='ltr'>ὑπὲρ</span> <span class='ocrx_word' id='word_1_151' title='bbox 2639 1349 2795 1404; x_wconf 71' lang='grc' dir='ltr'>γοῦν</span> <span class='ocrx_word' id='word_1_152' title='bbox 2861 1349 3090 1406; x_wconf 80' lang='grc' dir='ltr'>ἕνωσιν</span> <span class='ocrx_word' id='word_1_153' title='bbox 3149 1354 3327 1419; x_wconf 80' lang='grc' dir='ltr'>καλεῖ,</span> <span class='ocrx_word' id='word_1_154' title='bbox 3385 1353 3483 1424; x_wconf 81' lang='grc' dir='ltr'>τὴν</span> <span class='ocrx_word' id='word_1_155' title='bbox 3539 1357 3678 1426; x_wconf 65' lang='grc' dir='ltr'>πρὸς</span> <span class='ocrx_word' id='word_1_156' title='bbox 3734 1358 3823 1411; x_wconf 69' lang='grc' dir='ltr'>τὶν</span> 
     </span>
    </p>
   </div>
   <div class='ocr_carea' id='block_1_27' title="bbox 2242 1438 3823 1518">
    <p class='ocr_par' dir='ltr' id='par_1_27' title="bbox 2242 1438 3823 1518">
     <span class='ocr_line' id='line_1_27' title="bbox 2242 1438 3823 1518; baseline 0.008 -27"><span class='ocrx_word' id='word_1_157' title='bbox 2242 1438 2377 1492; x_wconf 83' lang='grc' dir='ltr'>Θεὸν</span> <span class='ocrx_word' id='word_1_158' title='bbox 2425 1439 2631 1508; x_wconf 82' lang='grc' dir='ltr'>ἀμεσον</span> <span class='ocrx_word' id='word_1_159' title='bbox 2679 1441 2921 1511; x_wconf 82' lang='grc' dir='ltr'><strong>ὁμιλίαν,</strong></span> <span class='ocrx_word' id='word_1_160' title='bbox 2970 1444 3274 1512; x_wconf 83' lang='grc' dir='ltr'>τουτέστιν,</span> <span class='ocrx_word' id='word_1_161' title='bbox 3345 1447 3487 1518; x_wconf 77' lang='grc' dir='ltr'>ὑπὲρ</span> <span class='ocrx_word' id='word_1_162' title='bbox 3532 1448 3560 1501; x_wconf 89' lang='lat'><strong>6</strong></span> <span class='ocrx_word' id='word_1_163' title='bbox 3604 1448 3823 1503; x_wconf 82' lang='grc' dir='ltr'>δύναται</span> 
     </span>
    </p>
   </div>
   <div class='ocr_carea' id='block_1_28' title="bbox 2241 1531 3822 1610">
    <p class='ocr_par' dir='ltr' id='par_1_28' title="bbox 2241 1531 3822 1610">
     <span class='ocr_line' id='line_1_28' title="bbox 2241 1531 3822 1610; baseline 0.008 -27"><span class='ocrx_word' id='word_1_164' title='bbox 2241 1531 2269 1584; x_wconf 98' lang='lat'><strong>6</strong></span> <span class='ocrx_word' id='word_1_165' title='bbox 2319 1531 2659 1602; x_wconf 80' lang='grc' dir='ltr'>ἀνθρώπινος</span> <span class='ocrx_word' id='word_1_166' title='bbox 2739 1532 2900 1596; x_wconf 88' lang='grc' dir='ltr'>νοῦς⁶</span> <span class='ocrx_word' id='word_1_167' title='bbox 2956 1535 3052 1592; x_wconf 77' lang='grc' dir='ltr'>καὶ</span> <span class='ocrx_word' id='word_1_168' title='bbox 3117 1538 3258 1610; x_wconf 82' lang='grc' dir='ltr'>ὅπερ</span> <span class='ocrx_word' id='word_1_169' title='bbox 3306 1540 3334 1591; x_wconf 92' lang='lat'><strong>6</strong></span> <span class='ocrx_word' id='word_1_170' title='bbox 3393 1539 3606 1604; x_wconf 80' lang='grc' dir='ltr'>Παῦλος</span> <span class='ocrx_word' id='word_1_171' title='bbox 3672 1543 3822 1609; x_wconf 70' lang='grc' dir='ltr'>ἔλεγε</span> 
     </span>
    </p>
   </div>
   <div class='ocr_carea' id='block_1_29' title="bbox 2249 1623 3821 1707">
    <p class='ocr_par' dir='ltr' id='par_1_29' title="bbox 2249 1623 3821 1707">
     <span class='ocr_line' id='line_1_29' title="bbox 2249 1623 3821 1707; baseline 0.01 -33"><span class='ocrx_word' id='word_1_172' title='bbox 2249 1640 2268 1673; x_wconf 85' lang='grc' dir='ltr'><strong>ι</strong></span> <span class='ocrx_word' id='word_1_173' title='bbox 2311 1623 2610 1694; x_wconf 82' lang='grc' dir='ltr'>πρόσωπον</span> <span class='ocrx_word' id='word_1_174' title='bbox 2637 1628 2773 1698; x_wconf 66' lang='grc' dir='ltr'>πρὸς</span> <span class='ocrx_word' id='word_1_175' title='bbox 2809 1629 3105 1696; x_wconf 90' lang='grc' dir='ltr'>πρόσωπον</span> <span class='ocrx_word' id='word_1_176' title='bbox 3126 1647 3140 1662; x_wconf 87' lang='grc'><strong>·</strong></span> <span class='ocrx_word' id='word_1_177' title='bbox 3179 1651 3198 1683; x_wconf 80' lang='grc' dir='ltr'><strong>ι</strong></span> <span class='ocrx_word' id='word_1_178' title='bbox 3245 1637 3337 1686; x_wconf 70' lang='grc' dir='ltr'>καὶ</span> <span class='ocrx_word' id='word_1_179' title='bbox 3366 1636 3394 1688; x_wconf 92' lang='lat'><strong>6</strong></span> <span class='ocrx_word' id='word_1_180' title='bbox 3417 1635 3821 1707; x_wconf 78' lang='grc' dir='ltr'>Εὐαγγελιστὴς</span> 
     </span>
    </p>
   </div>
   <div class='ocr_carea' id='block_1_30' title="bbox 2255 1715 3823 1798">
    <p class='ocr_par' dir='ltr' id='par_1_30' title="bbox 2255 1715 3823 1798">
     <span class='ocr_line' id='line_1_30' title="bbox 2255 1715 3823 1798; baseline 0.008 -30"><span class='ocrx_word' id='word_1_181' title='bbox 2255 1715 2536 1786; x_wconf 83' lang='grc' dir='ltr'><strong>Ἰωάννης,</strong></span> <span class='ocrx_word' id='word_1_182' title='bbox 2579 1737 2596 1770; x_wconf 86' lang='grc' dir='ltr'><strong>ι</strong></span> <span class='ocrx_word' id='word_1_183' title='bbox 2633 1718 2914 1789; x_wconf 71' lang='grc' dir='ltr'>Ὀψόμεθα</span> <span class='ocrx_word' id='word_1_184' title='bbox 2946 1723 3112 1777; x_wconf 82' lang='grc' dir='ltr'>αὐτὸν</span> <span class='ocrx_word' id='word_1_185' title='bbox 3171 1725 3356 1790; x_wconf 81' lang='grc' dir='ltr'>καθὼς</span> <span class='ocrx_word' id='word_1_186' title='bbox 3413 1728 3554 1784; x_wconf 76' lang='grc' dir='ltr'>ἐστι.</span> <span class='ocrx_word' id='word_1_187' title='bbox 3603 1726 3823 1798; x_wconf 67' lang='grc' dir='ltr'>Ταύτην</span> 
     </span>
    </p>
   </div>
   <div class='ocr_carea' id='block_1_31' title="bbox 2244 1805 3822 1891">
    <p class='ocr_par' dir='ltr' id='par_1_31' title="bbox 2244 1805 3822 1891">
     <span class='ocr_line' id='line_1_31' title="bbox 2244 1805 3822 1891; baseline 0.01 -33"><span class='ocrx_word' id='word_1_188' title='bbox 2244 1805 2419 1877; x_wconf 62' lang='grc' dir='ltr'>δὲτὴν</span> <span class='ocrx_word' id='word_1_189' title='bbox 2448 1809 2584 1861; x_wconf 81' lang='grc' dir='ltr'>κατὰ</span> <span class='ocrx_word' id='word_1_190' title='bbox 2616 1810 2742 1864; x_wconf 93' lang='grc' dir='ltr'>νοῦν</span> <span class='ocrx_word' id='word_1_191' title='bbox 2798 1813 3041 1884; x_wconf 81' lang='grc' dir='ltr'>ἀρῤητον</span> <span class='ocrx_word' id='word_1_192' title='bbox 3096 1815 3217 1884; x_wconf 74' lang='grc' dir='ltr'>ὖψιν</span> <span class='ocrx_word' id='word_1_193' title='bbox 3271 1819 3362 1872; x_wconf 78' lang='grc' dir='ltr'>καὶ</span> <span class='ocrx_word' id='word_1_194' title='bbox 3415 1818 3670 1891; x_wconf 83' lang='grc' dir='ltr'>θεωρίαν,</span> <span class='ocrx_word' id='word_1_195' title='bbox 3726 1822 3822 1891; x_wconf 78' lang='grc' dir='ltr'>τὴν</span> 
     </span>
    </p>
   </div>
   <div class='ocr_carea' id='block_1_32' title="bbox 549 1892 2139 1980">
    <p class='ocr_par' dir='ltr' id='par_1_32' title="bbox 549 1905 2136 1980">
     <span class='ocr_line' id='line_1_32' title="bbox 549 1905 2136 1980; baseline -0.003 -17"><span class='ocrx_word' id='word_1_196' title='bbox 549 1909 770 1964; x_wconf 85' lang='lat' dir='ltr'><strong>ditatem</strong></span> <span class='ocrx_word' id='word_1_197' title='bbox 797 1915 851 1962; x_wconf 89' lang='lat' dir='ltr'><strong>et</strong></span> <span class='ocrx_word' id='word_1_198' title='bbox 873 1915 1104 1971; x_wconf 90' lang='lat' dir='ltr'><strong>sortem,</strong></span> <span class='ocrx_word' id='word_1_199' title='bbox 1158 1921 1324 1980; x_wconf 88' lang='lat' dir='ltr'><strong>quam</strong></span> <span class='ocrx_word' id='word_1_200' title='bbox 1353 1906 1546 1961; x_wconf 82' lang='lat' dir='ltr'><strong>beatus</strong></span> <span class='ocrx_word' id='word_1_201' title='bbox 1605 1905 1905 1973; x_wconf 78' lang='lat' dir='ltr'><strong>Dionysius</strong></span> <span class='ocrx_word' id='word_1_202' title='bbox 1944 1905 2136 1960; x_wconf 70' lang='lat' dir='ltr'><strong>«unio-</strong></span> 
     </span>
    </p>
   </div>
   <div class='ocr_carea' id='block_1_33' title="bbox 2243 1892 3824 1980">
    <p class='ocr_par' dir='ltr' id='par_1_33' title="bbox 2243 1895 3824 1976">
     <span class='ocr_line' id='line_1_33' title="bbox 2243 1895 3824 1976; baseline 0.009 -27"><span class='ocrx_word' id='word_1_203' title='bbox 2243 1895 2351 1949; x_wconf 85' lang='grc' dir='ltr'><strong>τῶν</strong></span> <span class='ocrx_word' id='word_1_204' title='bbox 2381 1897 2608 1951; x_wconf 88' lang='grc' dir='ltr'>δικαίων</span> <span class='ocrx_word' id='word_1_205' title='bbox 2640 1899 3037 1971; x_wconf 85' lang='grc' dir='ltr'>κληρονομίαν,</span> <span class='ocrx_word' id='word_1_206' title='bbox 3061 1904 3129 1973; x_wconf 75' lang='grc' dir='ltr'>ἢν</span> <span class='ocrx_word' id='word_1_207' title='bbox 3166 1907 3194 1958; x_wconf 88' lang='lat'><strong>6</strong></span> <span class='ocrx_word' id='word_1_208' title='bbox 3237 1907 3511 1976; x_wconf 78' lang='grc' dir='ltr'>μακάριος</span> <span class='ocrx_word' id='word_1_209' title='bbox 3543 1910 3824 1974; x_wconf 79' lang='grc' dir='ltr'>Διονύσιος</span> 
     </span>
    </p>
   </div>
   <div class='ocr_carea' id='block_1_34' title="bbox 551 1995 2136 2069">
    <p class='ocr_par' dir='ltr' id='par_1_34' title="bbox 551 1995 2136 2069">
     <span class='ocr_line' id='line_1_34' title="bbox 551 1995 2136 2069; baseline -0.001 -15"><span class='ocrx_word' id='word_1_210' title='bbox 551 2015 674 2055; x_wconf 91' lang='lat' dir='ltr'><strong>nem</strong></span> <span class='ocrx_word' id='word_1_211' title='bbox 699 2008 880 2053; x_wconf 90' lang='lat' dir='ltr'><strong>mente</strong></span> <span class='ocrx_word' id='word_1_212' title='bbox 919 1998 1290 2069; x_wconf 74' lang='lat' dir='ltr'><strong>superiorem</strong></span> <span class='ocrx_word' id='word_1_213' title='bbox 1336 2006 1510 2062; x_wconf 82' lang='lat' dir='ltr'><strong>vocat,</strong></span> <span class='ocrx_word' id='word_1_214' title='bbox 1544 2011 1778 2067; x_wconf 88' lang='lat' dir='ltr'><strong>magnus</strong></span> <span class='ocrx_word' id='word_1_215' title='bbox 1833 1995 2136 2067; x_wconf 80' lang='lat' dir='ltr'><strong>Gregorius</strong></span> 
     </span>
    </p>
   </div>
   <div class='ocr_carea' id='block_1_35' title="bbox 550 2086 2138 2160">
    <p class='ocr_par' dir='ltr' id='par_1_35' title="bbox 550 2086 2138 2160">
     <span class='ocr_line' id='line_1_35' title="bbox 550 2086 2138 2160; baseline -0.001 -15"><span class='ocrx_word' id='word_1_216' title='bbox 550 2091 865 2160; x_wconf 67' lang='lat' dir='ltr'><strong>Theolotgus</strong></span> <span class='ocrx_word' id='word_1_217' title='bbox 919 2105 1177 2159; x_wconf 68' lang='lat' dir='ltr'><strong>«regnum</strong></span> <span class='ocrx_word' id='word_1_218' title='bbox 1232 2089 1533 2144; x_wconf 67' lang='lat' dir='ltr'><strong>caelorum»</strong></span> <span class='ocrx_word' id='word_1_219' title='bbox 1588 2086 1842 2155; x_wconf 81' lang='lat' dir='ltr'><strong>aﬂirmat,</strong></span> <span class='ocrx_word' id='word_1_220' title='bbox 1885 2103 2046 2159; x_wconf 84' lang='lat' dir='ltr'><strong>quem</strong></span> <span class='ocrx_word' id='word_1_221' title='bbox 2083 2097 2138 2143; x_wconf 91' lang='lat' dir='ltr'><strong>et</strong></span> 
     </span>
    </p>
   </div>
   <div class='ocr_carea' id='block_1_36' title="bbox 549 2178 2135 2254">
    <p class='ocr_par' dir='ltr' id='par_1_36' title="bbox 549 2178 2135 2254">
     <span class='ocr_line' id='line_1_36' title="bbox 549 2178 2135 2254; baseline -0.002 -18"><span class='ocrx_word' id='word_1_222' title='bbox 549 2183 722 2254; x_wconf 89' lang='lat' dir='ltr'><strong>prius,</strong></span> <span class='ocrx_word' id='word_1_223' title='bbox 765 2181 833 2237; x_wconf 87' lang='lat' dir='ltr'><strong>iis</strong></span> <span class='ocrx_word' id='word_1_224' title='bbox 862 2197 986 2253; x_wconf 66' lang='lat' dir='ltr'><strong>quae</strong></span> <span class='ocrx_word' id='word_1_225' title='bbox 1016 2182 1269 2252; x_wconf 82' lang='lat' dir='ltr'><strong>exposita</strong></span> <span class='ocrx_word' id='word_1_226' title='bbox 1301 2190 1455 2246; x_wconf 91' lang='lat' dir='ltr'><strong>sunt,</strong></span> <span class='ocrx_word' id='word_1_227' title='bbox 1502 2178 1557 2234; x_wconf 91' lang='lat' dir='ltr'><strong>id</strong></span> <span class='ocrx_word' id='word_1_228' title='bbox 1605 2180 1690 2234; x_wconf 86' lang='lat' dir='ltr'><strong>vel</strong></span> <span class='ocrx_word' id='word_1_229' title='bbox 1733 2179 1974 2234; x_wconf 91' lang='lat' dir='ltr'><strong>maxime</strong></span> <span class='ocrx_word' id='word_1_230' title='bbox 2005 2194 2135 2233; x_wconf 82' lang='lat' dir='ltr'><strong>sen-</strong></span> 
     </span>
    </p>
   </div>
   <div class='ocr_carea' id='block_1_37' title="bbox 550 2269 2135 2341">
    <p class='ocr_par' dir='ltr' id='par_1_37' title="bbox 550 2269 2135 2341">
     <span class='ocr_line' id='line_1_37' title="bbox 550 2269 2135 2341; baseline -0.004 -12"><span class='ocrx_word' id='word_1_231' title='bbox 550 2276 774 2330; x_wconf 81' lang='lat' dir='ltr'><strong>tientem</strong></span> <span class='ocrx_word' id='word_1_232' title='bbox 798 2274 1168 2329; x_wconf 86' lang='lat' dir='ltr'><strong>ostendimus.</strong></span> <span class='ocrx_word' id='word_1_233' title='bbox 1202 2271 1260 2326; x_wconf 88' lang='lat' dir='ltr'><strong>in</strong></span> <span class='ocrx_word' id='word_1_234' title='bbox 1286 2287 1349 2327; x_wconf 88' lang='lat' dir='ltr'><strong>ea</strong></span> <span class='ocrx_word' id='word_1_235' title='bbox 1377 2273 1521 2327; x_wconf 90' lang='lat' dir='ltr'><strong>enim</strong></span> <span class='ocrx_word' id='word_1_236' title='bbox 1552 2271 1812 2327; x_wconf 88' lang='lat' dir='ltr'><strong>Oratione</strong></span> <span class='ocrx_word' id='word_1_237' title='bbox 1841 2286 2007 2341; x_wconf 90' lang='lat' dir='ltr'><strong>quam</strong></span> <span class='ocrx_word' id='word_1_238' title='bbox 2035 2269 2135 2324; x_wconf 86' lang='lat' dir='ltr'><strong>ha-</strong></span> 
     </span>
    </p>
   </div>
   <div class='ocr_carea' id='block_1_38' title="bbox 550 2363 2136 2438">
    <p class='ocr_par' dir='ltr' id='par_1_38' title="bbox 550 2363 2136 2438">
     <span class='ocr_line' id='line_1_38' title="bbox 550 2363 2136 2438; baseline -0.005 -14"><span class='ocrx_word' id='word_1_239' title='bbox 550 2367 669 2424; x_wconf 90' lang='lat' dir='ltr'><strong>buit</strong></span> <span class='ocrx_word' id='word_1_240' title='bbox 698 2368 771 2424; x_wconf 88' lang='lat' dir='ltr'><strong>ob</strong></span> <span class='ocrx_word' id='word_1_241' title='bbox 817 2367 1037 2438; x_wconf 79' lang='lat' dir='ltr'><strong>Plagam</strong></span> <span class='ocrx_word' id='word_1_242' title='bbox 1076 2366 1390 2437; x_wconf 80' lang='lat' dir='ltr'><strong>grandinis,</strong></span> <span class='ocrx_word' id='word_1_243' title='bbox 1435 2364 1524 2420; x_wconf 90' lang='lat' dir='ltr'><strong>ubi</strong></span> <span class='ocrx_word' id='word_1_244' title='bbox 1558 2363 1728 2419; x_wconf 91' lang='lat' dir='ltr'><strong>futuri</strong></span> <span class='ocrx_word' id='word_1_245' title='bbox 1761 2363 1909 2419; x_wconf 92' lang='lat' dir='ltr'><strong>illius</strong></span> <span class='ocrx_word' id='word_1_246' title='bbox 1961 2370 2136 2418; x_wconf 88' lang='lat' dir='ltr'><strong>status</strong></span> 
     </span>
    </p>
   </div>
   <div class='ocr_carea' id='block_1_39' title="bbox 551 2456 2134 2530">
    <p class='ocr_par' dir='ltr' id='par_1_39' title="bbox 551 2456 2134 2530">
     <span class='ocr_line' id='line_1_39' title="bbox 551 2456 2134 2530; baseline -0.003 -15"><span class='ocrx_word' id='word_1_247' title='bbox 551 2458 826 2530; x_wconf 86' lang='lat' dir='ltr'><strong>meminit,</strong></span> <span class='ocrx_word' id='word_1_248' title='bbox 861 2464 1234 2530; x_wconf 70' lang='lat' dir='ltr'><strong>provo‘cmqne</strong></span> <span class='ocrx_word' id='word_1_249' title='bbox 1256 2459 1560 2522; x_wconf 81' lang='lat' dir='ltr'><strong>auditores,</strong></span> <span class='ocrx_word' id='word_1_250' title='bbox 1586 2467 1645 2511; x_wconf 91' lang='lat' dir='ltr'><strong>ut</strong></span> <span class='ocrx_word' id='word_1_251' title='bbox 1681 2456 1949 2512; x_wconf 88' lang='lat' dir='ltr'><strong>memoria</strong></span> <span class='ocrx_word' id='word_1_252' title='bbox 1973 2470 2134 2511; x_wconf 84' lang='lat' dir='ltr'><strong>reco-</strong></span> 
     </span>
    </p>
   </div>
   <div class='ocr_carea' id='block_1_40' title="bbox 551 2549 2138 2622">
    <p class='ocr_par' dir='ltr' id='par_1_40' title="bbox 551 2549 2138 2622">
     <span class='ocr_line' id='line_1_40' title="bbox 551 2549 2138 2622; baseline -0.002 -16"><span class='ocrx_word' id='word_1_253' title='bbox 551 2553 686 2620; x_wconf 83' lang='lat' dir='ltr'><strong>lant,</strong></span> <span class='ocrx_word' id='word_1_254' title='bbox 740 2568 865 2622; x_wconf 76' lang='lat' dir='ltr'><strong>qua:</strong></span> <span class='ocrx_word' id='word_1_255' title='bbox 917 2551 1099 2622; x_wconf 75' lang='lat' dir='ltr'><strong>iustos</strong></span> <span class='ocrx_word' id='word_1_256' title='bbox 1165 2560 1219 2604; x_wconf 90' lang='lat' dir='ltr'><strong>et</strong></span> <span class='ocrx_word' id='word_1_257' title='bbox 1268 2549 1508 2618; x_wconf 84' lang='lat' dir='ltr'><strong>injustos</strong></span> <span class='ocrx_word' id='word_1_258' title='bbox 1555 2559 1853 2618; x_wconf 72' lang='lat' dir='ltr'><strong>exceptura</strong></span> <span class='ocrx_word' id='word_1_259' title='bbox 1916 2549 2138 2619; x_wconf 72' lang='lat' dir='ltr'><strong>praemia</strong></span> 
     </span>
    </p>
   </div>
   <div class='ocr_carea' id='block_1_41' title="bbox 551 2641 2138 2714">
    <p class='ocr_par' dir='ltr' id='par_1_41' title="bbox 551 2641 2138 2714">
     <span class='ocr_line' id='line_1_41' title="bbox 551 2641 2138 2714; baseline -0.004 -13"><span class='ocrx_word' id='word_1_260' title='bbox 551 2647 701 2702; x_wconf 89' lang='lat' dir='ltr'><strong>sint:</strong></span> <span class='ocrx_word' id='word_1_261' title='bbox 742 2643 962 2710; x_wconf 55' lang='lat' dir='ltr'><strong>«Quis,»</strong></span> <span class='ocrx_word' id='word_1_262' title='bbox 1007 2643 1205 2714; x_wconf 78' lang='lat' dir='ltr'><strong>inquit,</strong></span> <span class='ocrx_word' id='word_1_263' title='bbox 1237 2643 1382 2698; x_wconf 70' lang='lat' dir='ltr'><strong>«illic</strong></span> <span class='ocrx_word' id='word_1_264' title='bbox 1425 2652 1692 2713; x_wconf 86' lang='lat' dir='ltr'><strong>patronus</strong></span> <span class='ocrx_word' id='word_1_265' title='bbox 1715 2641 1738 2695; x_wconf 83' lang='lat'>?</span> <span class='ocrx_word' id='word_1_266' title='bbox 1759 2657 1882 2712; x_wconf 78' lang='lat' dir='ltr'><strong>qua:</strong></span> <span class='ocrx_word' id='word_1_267' title='bbox 1913 2641 2138 2695; x_wconf 81' lang='lat' dir='ltr'><strong>causifi-</strong></span> 
     </span>
    </p>
   </div>
   <div class='ocr_carea' id='block_1_42' title="bbox 552 2735 2137 2808">
    <p class='ocr_par' dir='ltr' id='par_1_42' title="bbox 552 2735 2137 2808">
     <span class='ocr_line' id='line_1_42' title="bbox 552 2735 2137 2808; baseline -0.004 -13"><span class='ocrx_word' id='word_1_268' title='bbox 552 2737 736 2795; x_wconf 84' lang='lat' dir='ltr'><strong>catio?</strong></span> <span class='ocrx_word' id='word_1_269' title='bbox 767 2753 890 2808; x_wconf 65' lang='lat' dir='ltr'><strong>qum</strong></span> <span class='ocrx_word' id='word_1_270' title='bbox 929 2735 1067 2791; x_wconf 87' lang='lat' dir='ltr'><strong>falsa</strong></span> <span class='ocrx_word' id='word_1_271' title='bbox 1098 2735 1391 2791; x_wconf 82' lang='lat' dir='ltr'><strong>defensio?</strong></span> <span class='ocrx_word' id='word_1_272' title='bbox 1423 2735 1569 2807; x_wconf 90' lang='lat' dir='ltr'><strong>quod</strong></span> <span class='ocrx_word' id='word_1_273' title='bbox 1620 2735 1983 2790; x_wconf 86' lang='lat' dir='ltr'><strong>artificiosum</strong></span> <span class='ocrx_word' id='word_1_274' title='bbox 2015 2750 2137 2789; x_wconf 86' lang='lat' dir='ltr'><strong>ver-</strong></span> 
     </span>
    </p>
   </div>
   <div class='ocr_carea' id='block_1_43' title="bbox 552 2829 2135 2902">
    <p class='ocr_par' dir='ltr' id='par_1_43' title="bbox 552 2829 2135 2902">
     <span class='ocr_line' id='line_1_43' title="bbox 552 2829 2135 2902; baseline -0.002 -14"><span class='ocrx_word' id='word_1_275' title='bbox 552 2831 750 2888; x_wconf 84' lang='lat' dir='ltr'><strong>borum</strong></span> <span class='ocrx_word' id='word_1_276' title='bbox 804 2830 1141 2886; x_wconf 90' lang='lat' dir='ltr'><strong>lenocinium</strong></span> <span class='ocrx_word' id='word_1_277' title='bbox 1171 2829 1196 2883; x_wconf 85' lang='lat'><strong>?</strong></span> <span class='ocrx_word' id='word_1_278' title='bbox 1225 2829 1448 2900; x_wconf 88' lang='lat' dir='ltr'><strong>quando</strong></span> <span class='ocrx_word' id='word_1_279' title='bbox 1505 2842 1887 2902; x_wconf 89' lang='lat' dir='ltr'><strong>proponentur</strong></span> <span class='ocrx_word' id='word_1_280' title='bbox 1927 2831 2135 2896; x_wconf 85' lang='lat' dir='ltr'><strong>throni,</strong></span> 
     </span>
    </p>
   </div>
   <div class='ocr_carea' id='block_1_44' title="bbox 551 2923 2134 2994">
    <p class='ocr_par' dir='ltr' id='par_1_44' title="bbox 551 2923 2134 2994">
     <span class='ocr_line' id='line_1_44' title="bbox 551 2923 2134 2994; baseline -0.003 -13"><span class='ocrx_word' id='word_1_281' title='bbox 551 2934 606 2981; x_wconf 88' lang='lat' dir='ltr'><strong>et</strong></span> <span class='ocrx_word' id='word_1_282' title='bbox 634 2923 908 2994; x_wconf 81' lang='lat' dir='ltr'><strong>Antiquus</strong></span> <span class='ocrx_word' id='word_1_283' title='bbox 932 2923 1142 2977; x_wconf 90' lang='lat' dir='ltr'><strong>dierum</strong></span> <span class='ocrx_word' id='word_1_284' title='bbox 1169 2923 1500 2991; x_wconf 63' lang='lat' dir='ltr'><strong>praesidebit,</strong></span> <span class='ocrx_word' id='word_1_285' title='bbox 1535 2933 1589 2977; x_wconf 89' lang='lat' dir='ltr'><strong>et</strong></span> <span class='ocrx_word' id='word_1_286' title='bbox 1629 2923 1749 2977; x_wconf 88' lang='lat' dir='ltr'><strong>libri</strong></span> <span class='ocrx_word' id='word_1_287' title='bbox 1797 2924 2134 2990; x_wconf 86' lang='lat' dir='ltr'><strong>aperientur,</strong></span> 
     </span>
    </p>
   </div>
   <div class='ocr_carea' id='block_1_45' title="bbox 551 3014 2135 3086">
    <p class='ocr_par' dir='ltr' id='par_1_45' title="bbox 551 3014 2135 3086">
     <span class='ocr_line' id='line_1_45' title="bbox 551 3014 2135 3086; baseline -0.002 -15"><span class='ocrx_word' id='word_1_288' title='bbox 551 3025 606 3071; x_wconf 77' lang='lat' dir='ltr'><strong>et</strong></span> <span class='ocrx_word' id='word_1_289' title='bbox 645 3017 841 3086; x_wconf 84' lang='lat' dir='ltr'><strong>igneus</strong></span> <span class='ocrx_word' id='word_1_290' title='bbox 869 3014 1069 3070; x_wconf 84' lang='lat' dir='ltr'><strong>ﬂuvius</strong></span> <span class='ocrx_word' id='word_1_291' title='bbox 1093 3015 1342 3071; x_wconf 86' lang='lat' dir='ltr'><strong>volvetur</strong></span> <span class='ocrx_word' id='word_1_292' title='bbox 1361 3015 1406 3046; x_wconf 81' lang='lat'><strong>“</strong></span> <span class='ocrx_word' id='word_1_293' title='bbox 1432 3031 1447 3081; x_wconf 91' lang='lat'><strong>;</strong></span> <span class='ocrx_word' id='word_1_294' title='bbox 1481 3025 1536 3068; x_wconf 91' lang='lat' dir='ltr'><strong>et</strong></span> <span class='ocrx_word' id='word_1_295' title='bbox 1571 3014 1660 3068; x_wconf 83' lang='lat' dir='ltr'><strong>lux</strong></span> <span class='ocrx_word' id='word_1_296' title='bbox 1693 3030 1723 3068; x_wconf 92' lang='lat' dir='ltr'><strong>a</strong></span> <span class='ocrx_word' id='word_1_297' title='bbox 1746 3015 1942 3080; x_wconf 87' lang='lat' dir='ltr'><strong>fronte,</strong></span> <span class='ocrx_word' id='word_1_298' title='bbox 1963 3025 2015 3069; x_wconf 89' lang='lat' dir='ltr'><strong>et</strong></span> <span class='ocrx_word' id='word_1_299' title='bbox 2037 3031 2135 3086; x_wconf 84' lang='lat' dir='ltr'><strong>pa-</strong></span> 
     </span>
    </p>
   </div>
   <div class='ocr_carea' id='block_1_46' title="bbox 551 3107 2134 3184">
    <p class='ocr_par' dir='ltr' id='par_1_46' title="bbox 551 3107 2134 3184">
     <span class='ocr_line' id='line_1_46' title="bbox 551 3107 2134 3184; baseline -0.001 -23"><span class='ocrx_word' id='word_1_300' title='bbox 551 3117 686 3162; x_wconf 69' lang='lat' dir='ltr'><strong>rata:</strong></span> <span class='ocrx_word' id='word_1_301' title='bbox 713 3107 952 3184; x_wconf 73' lang='lat' dir='ltr'><strong>tenebra:</strong></span> <span class='ocrx_word' id='word_1_302' title='bbox 984 3108 1030 3139; x_wconf 75' lang='lat'><strong>“</strong></span> <span class='ocrx_word' id='word_1_303' title='bbox 1050 3149 1064 3174; x_wconf 97' lang='lat'><strong>,</strong></span> <span class='ocrx_word' id='word_1_304' title='bbox 1093 3117 1147 3162; x_wconf 91' lang='lat' dir='ltr'><strong>et</strong></span> <span class='ocrx_word' id='word_1_305' title='bbox 1173 3107 1474 3179; x_wconf 88' lang='lat' dir='ltr'><strong>procedent</strong></span> <span class='ocrx_word' id='word_1_306' title='bbox 1503 3107 1598 3177; x_wconf 85' lang='lat' dir='ltr'><strong>qui</strong></span> <span class='ocrx_word' id='word_1_307' title='bbox 1635 3107 1776 3162; x_wconf 89' lang='lat' dir='ltr'><strong>bona</strong></span> <span class='ocrx_word' id='word_1_308' title='bbox 1811 3107 2058 3162; x_wconf 79' lang='lat' dir='ltr'><strong>fecerunt</strong></span> <span class='ocrx_word' id='word_1_309' title='bbox 2083 3108 2134 3160; x_wconf 92' lang='lat' dir='ltr'><strong>in</strong></span> 
     </span>
    </p>
   </div>
   <div class='ocr_carea' id='block_1_47' title="bbox 553 3199 2135 3266">
    <p class='ocr_par' dir='ltr' id='par_1_47' title="bbox 553 3199 2135 3266">
     <span class='ocr_line' id='line_1_47' title="bbox 553 3199 2135 3266; baseline 0.001 -12"><span class='ocrx_word' id='word_1_310' title='bbox 553 3200 1016 3257; x_wconf 87' lang='lat' dir='ltr'><strong>resurrectionem</strong></span> <span class='ocrx_word' id='word_1_311' title='bbox 1063 3200 1188 3260; x_wconf 64' lang='lat' dir='ltr'><strong>vitae</strong></span> <span class='ocrx_word' id='word_1_312' title='bbox 1213 3200 1256 3231; x_wconf 83' lang='lat'><strong>“</strong></span> <span class='ocrx_word' id='word_1_313' title='bbox 1282 3239 1298 3266; x_wconf 90' lang='lat'><strong>,</strong></span> <span class='ocrx_word' id='word_1_314' title='bbox 1356 3215 1503 3255; x_wconf 91' lang='lat' dir='ltr'><strong>nunc</strong></span> <span class='ocrx_word' id='word_1_315' title='bbox 1538 3201 1591 3254; x_wconf 90' lang='lat' dir='ltr'><strong>in</strong></span> <span class='ocrx_word' id='word_1_316' title='bbox 1639 3199 1862 3255; x_wconf 80' lang='lat' dir='ltr'><strong>Christo</strong></span> <span class='ocrx_word' id='word_1_317' title='bbox 1899 3201 2135 3256; x_wconf 88' lang='lat' dir='ltr'><strong>abscon-</strong></span> 
     </span>
    </p>
   </div>
   <div class='ocr_carea' id='block_1_48' title="bbox 551 3288 2204 3362">
    <p class='ocr_par' dir='ltr' id='par_1_48' title="bbox 551 3288 2204 3362">
     <span class='ocr_line' id='line_1_48' title="bbox 551 3288 2204 3362; baseline -0.001 -17"><span class='ocrx_word' id='word_1_318' title='bbox 551 3292 680 3347; x_wconf 73' lang='lat' dir='ltr'><strong>ditae</strong></span> <span class='ocrx_word' id='word_1_319' title='bbox 705 3291 774 3358; x_wconf 83' lang='grc'><strong>⁶⁶;</strong></span> <span class='ocrx_word' id='word_1_320' title='bbox 807 3293 899 3362; x_wconf 85' lang='lat' dir='ltr'><strong>qui</strong></span> <span class='ocrx_word' id='word_1_321' title='bbox 926 3300 1108 3346; x_wconf 85' lang='lat' dir='ltr'><strong>autem</strong></span> <span class='ocrx_word' id='word_1_322' title='bbox 1139 3290 1278 3345; x_wconf 88' lang='lat' dir='ltr'><strong>mala</strong></span> <span class='ocrx_word' id='word_1_323' title='bbox 1309 3300 1562 3359; x_wconf 86' lang='lat' dir='ltr'><strong>egerunt,</strong></span> <span class='ocrx_word' id='word_1_324' title='bbox 1587 3290 1642 3345; x_wconf 92' lang='lat' dir='ltr'><strong>in</strong></span> <span class='ocrx_word' id='word_1_325' title='bbox 1676 3293 2133 3346; x_wconf 86' lang='lat' dir='ltr'><strong>resurrectionem</strong></span> <span class='ocrx_word' id='word_1_326' title='bbox 2165 3288 2204 3306; x_wconf 88' lang='lat'><strong><em>“</em></strong></span> 
     </span>
    </p>
   </div>
   <div class='ocr_carea' id='block_1_49' title="bbox 547 3381 2135 3455">
    <p class='ocr_par' dir='ltr' id='par_1_49' title="bbox 547 3381 2135 3455">
     <span class='ocr_line' id='line_1_49' title="bbox 547 3381 2135 3455; baseline 0 -18"><span class='ocrx_word' id='word_1_327' title='bbox 547 3384 761 3455; x_wconf 84' lang='lat' dir='ltr'><strong>judicii,</strong></span> <span class='ocrx_word' id='word_1_328' title='bbox 788 3399 897 3455; x_wconf 88' lang='lat' dir='ltr'><strong>quo</strong></span> <span class='ocrx_word' id='word_1_329' title='bbox 929 3383 968 3438; x_wconf 89' lang='lat' dir='ltr'><strong>ii</strong></span> <span class='ocrx_word' id='word_1_330' title='bbox 1014 3385 1107 3454; x_wconf 90' lang='lat' dir='ltr'><strong>qui</strong></span> <span class='ocrx_word' id='word_1_331' title='bbox 1150 3401 1259 3438; x_wconf 88' lang='lat' dir='ltr'><strong>non</strong></span> <span class='ocrx_word' id='word_1_332' title='bbox 1289 3387 1523 3440; x_wconf 90' lang='lat' dir='ltr'><strong>credunt</strong></span> <span class='ocrx_word' id='word_1_333' title='bbox 1555 3399 1585 3438; x_wconf 89' lang='lat' dir='ltr'><strong>a</strong></span> <span class='ocrx_word' id='word_1_334' title='bbox 1614 3381 1793 3438; x_wconf 84' lang='lat' dir='ltr'><strong>Verbo</strong></span> <span class='ocrx_word' id='word_1_335' title='bbox 1838 3399 1935 3439; x_wconf 89' lang='lat' dir='ltr'><strong>eos</strong></span> <span class='ocrx_word' id='word_1_336' title='bbox 1984 3383 2135 3454; x_wconf 81' lang='lat' dir='ltr'><strong>judi-</strong></span> 
     </span>
    </p>
   </div>
   <div class='ocr_carea' id='block_1_50' title="bbox 552 3474 2136 3546">
    <p class='ocr_par' dir='ltr' id='par_1_50' title="bbox 552 3474 2136 3546">
     <span class='ocr_line' id='line_1_50' title="bbox 552 3474 2136 3546; baseline -0.001 -16"><span class='ocrx_word' id='word_1_337' title='bbox 552 3485 730 3542; x_wconf 86' lang='lat' dir='ltr'><strong>cante,</strong></span> <span class='ocrx_word' id='word_1_338' title='bbox 761 3475 875 3545; x_wconf 84' lang='lat' dir='ltr'><strong>jam</strong></span> <span class='ocrx_word' id='word_1_339' title='bbox 897 3474 1253 3532; x_wconf 82' lang='lat' dir='ltr'><strong>condemnati</strong></span> <span class='ocrx_word' id='word_1_340' title='bbox 1284 3485 1414 3530; x_wconf 91' lang='lat' dir='ltr'><strong>sunt</strong></span> <span class='ocrx_word' id='word_1_341' title='bbox 1441 3475 1507 3529; x_wconf 80' lang='grc'><strong>⁶⁷.</strong></span> <span class='ocrx_word' id='word_1_342' title='bbox 1540 3479 1722 3544; x_wconf 84' lang='lat' dir='ltr'><strong>Atque</strong></span> <span class='ocrx_word' id='word_1_343' title='bbox 1750 3475 1873 3529; x_wconf 91' lang='lat' dir='ltr'><strong>illos</strong></span> <span class='ocrx_word' id='word_1_344' title='bbox 1915 3477 2136 3546; x_wconf 89' lang='lat' dir='ltr'><strong>quidem</strong></span> 
     </span>
    </p>
   </div>
   <div class='ocr_carea' id='block_1_51' title="bbox 552 3565 2139 3638">
    <p class='ocr_par' dir='ltr' id='par_1_51' title="bbox 552 3565 2139 3638">
     <span class='ocr_line' id='line_1_51' title="bbox 552 3565 2139 3638; baseline 0.001 -16"><span class='ocrx_word' id='word_1_345' title='bbox 552 3569 649 3623; x_wconf 90' lang='lat' dir='ltr'><strong>lux</strong></span> <span class='ocrx_word' id='word_1_346' title='bbox 684 3566 946 3638; x_wconf 81' lang='lat' dir='ltr'><strong>excipiet,</strong></span> <span class='ocrx_word' id='word_1_347' title='bbox 971 3577 1291 3638; x_wconf 71' lang='lat' dir='ltr'><strong>sanctaeque</strong></span> <span class='ocrx_word' id='word_1_348' title='bbox 1314 3583 1379 3623; x_wconf 89' lang='lat' dir='ltr'><strong>ac</strong></span> <span class='ocrx_word' id='word_1_349' title='bbox 1405 3570 1571 3638; x_wconf 81' lang='lat' dir='ltr'><strong>regiae</strong></span> <span class='ocrx_word' id='word_1_350' title='bbox 1598 3565 1911 3634; x_wconf 88' lang='lat' dir='ltr'><strong>Trinitatis,</strong></span> <span class='ocrx_word' id='word_1_351' title='bbox 1945 3569 2139 3638; x_wconf 86' lang='lat' dir='ltr'><strong>purius</strong></span> 
     </span>
    </p>
   </div>
   <div class='ocr_carea' id='block_1_52' title="bbox 550 3661 2137 3731">
    <p class='ocr_par' dir='ltr' id='par_1_52' title="bbox 550 3661 2137 3731">
     <span class='ocr_line' id='line_1_52' title="bbox 550 3661 2137 3731; baseline -0.002 -14"><span class='ocrx_word' id='word_1_352' title='bbox 550 3662 664 3731; x_wconf 86' lang='lat' dir='ltr'><strong>jam</strong></span> <span class='ocrx_word' id='word_1_353' title='bbox 696 3676 761 3718; x_wconf 89' lang='lat' dir='ltr'><strong>ac</strong></span> <span class='ocrx_word' id='word_1_354' title='bbox 808 3662 1015 3719; x_wconf 88' lang='lat' dir='ltr'><strong>clarius</strong></span> <span class='ocrx_word' id='word_1_355' title='bbox 1052 3661 1355 3728; x_wconf 90' lang='lat' dir='ltr'><strong>illueentis,</strong></span> <span class='ocrx_word' id='word_1_356' title='bbox 1409 3671 1694 3729; x_wconf 85' lang='lat' dir='ltr'><strong>totamque</strong></span> <span class='ocrx_word' id='word_1_357' title='bbox 1740 3673 1801 3714; x_wconf 88' lang='lat' dir='ltr'><strong>se</strong></span> <span class='ocrx_word' id='word_1_358' title='bbox 1844 3675 1969 3714; x_wconf 92' lang='lat' dir='ltr'><strong>cum</strong></span> <span class='ocrx_word' id='word_1_359' title='bbox 2023 3668 2137 3714; x_wconf 88' lang='lat' dir='ltr'><strong>tota</strong></span> 
     </span>
    </p>
   </div>
   <div class='ocr_carea' id='block_1_53' title="bbox 555 3753 2139 3828">
    <p class='ocr_par' dir='ltr' id='par_1_53' title="bbox 555 3753 2139 3828">
     <span class='ocr_line' id='line_1_53' title="bbox 555 3753 2139 3828; baseline -0.003 -16"><span class='ocrx_word' id='word_1_360' title='bbox 555 3765 740 3812; x_wconf 81' lang='lat' dir='ltr'><strong>mente</strong></span> <span class='ocrx_word' id='word_1_361' title='bbox 769 3754 1083 3824; x_wconf 88' lang='lat' dir='ltr'><strong>miscentis,</strong></span> <span class='ocrx_word' id='word_1_362' title='bbox 1104 3756 1498 3827; x_wconf 86' lang='lat' dir='ltr'><strong>contemplatio</strong></span> <span class='ocrx_word' id='word_1_363' title='bbox 1523 3757 1602 3827; x_wconf 88' lang='lat' dir='ltr'><strong>(in</strong></span> <span class='ocrx_word' id='word_1_364' title='bbox 1621 3771 1727 3827; x_wconf 91' lang='lat' dir='ltr'><strong>qua</strong></span> <span class='ocrx_word' id='word_1_365' title='bbox 1752 3771 1876 3828; x_wconf 86' lang='lat' dir='ltr'><strong>ego,</strong></span> <span class='ocrx_word' id='word_1_366' title='bbox 1907 3755 1992 3811; x_wconf 90' lang='lat' dir='ltr'><strong>vel</strong></span> <span class='ocrx_word' id='word_1_367' title='bbox 2025 3753 2139 3810; x_wconf 79' lang='lat' dir='ltr'><strong>sola</strong></span> 
     </span>
    </p>
   </div>
   <div class='ocr_carea' id='block_1_54' title="bbox 553 3847 2139 3919">
    <p class='ocr_par' dir='ltr' id='par_1_54' title="bbox 553 3847 2139 3919">
     <span class='ocr_line' id='line_1_54' title="bbox 553 3847 2139 3919; baseline 0 -16"><span class='ocrx_word' id='word_1_368' title='bbox 553 3848 792 3904; x_wconf 78' lang='lat' dir='ltr'><strong>maxime</strong></span> <span class='ocrx_word' id='word_1_369' title='bbox 815 3862 1045 3919; x_wconf 86' lang='lat' dir='ltr'><strong>regnum</strong></span> <span class='ocrx_word' id='word_1_370' title='bbox 1071 3850 1338 3904; x_wconf 64' lang='lat' dir='ltr'><strong>caelorum</strong></span> <span class='ocrx_word' id='word_1_371' title='bbox 1358 3853 1597 3919; x_wconf 91' lang='lat' dir='ltr'><strong>positum</strong></span> <span class='ocrx_word' id='word_1_372' title='bbox 1618 3863 1744 3905; x_wconf 87' lang='lat' dir='ltr'><strong>esse</strong></span> <span class='ocrx_word' id='word_1_373' title='bbox 1764 3848 2010 3916; x_wconf 90' lang='lat' dir='ltr'><strong>censeo),</strong></span> <span class='ocrx_word' id='word_1_374' title='bbox 2038 3847 2139 3903; x_wconf 90' lang='lat' dir='ltr'><strong>hos</strong></span> 
     </span>
    </p>
   </div>
   <div class='ocr_carea' id='block_1_55' title="bbox 553 3939 2138 4010">
    <p class='ocr_par' dir='ltr' id='par_1_55' title="bbox 553 3939 2138 4010">
     <span class='ocr_line' id='line_1_55' title="bbox 553 3939 2138 4010; baseline -0.001 -14"><span class='ocrx_word' id='word_1_375' title='bbox 553 3951 737 3996; x_wconf 87' lang='lat' dir='ltr'><strong>autem</strong></span> <span class='ocrx_word' id='word_1_376' title='bbox 763 3940 927 3995; x_wconf 90' lang='lat' dir='ltr'><strong>simul</strong></span> <span class='ocrx_word' id='word_1_377' title='bbox 960 3955 1086 3995; x_wconf 91' lang='lat' dir='ltr'><strong>cum</strong></span> <span class='ocrx_word' id='word_1_378' title='bbox 1120 3939 1265 4006; x_wconf 90' lang='lat' dir='ltr'><strong>aliis,</strong></span> <span class='ocrx_word' id='word_1_379' title='bbox 1308 3940 1394 3995; x_wconf 79' lang='lat' dir='ltr'><strong>vel</strong></span> <span class='ocrx_word' id='word_1_380' title='bbox 1441 3940 1626 4010; x_wconf 87' lang='lat' dir='ltr'><strong>potius</strong></span> <span class='ocrx_word' id='word_1_381' title='bbox 1653 3949 1781 3996; x_wconf 90' lang='lat' dir='ltr'><strong>ante</strong></span> <span class='ocrx_word' id='word_1_382' title='bbox 1809 3940 1939 4007; x_wconf 88' lang='lat' dir='ltr'><strong>alia,</strong></span> <span class='ocrx_word' id='word_1_383' title='bbox 1992 3939 2138 3995; x_wconf 89' lang='lat' dir='ltr'><strong>istud</strong></span> 
     </span>
    </p>
   </div>
   <div class='ocr_carea' id='block_1_56' title="bbox 553 4032 2138 4105">
    <p class='ocr_par' dir='ltr' id='par_1_56' title="bbox 553 4032 2138 4105">
     <span class='ocr_line' id='line_1_56' title="bbox 553 4032 2138 4105; baseline 0.001 -19"><span class='ocrx_word' id='word_1_384' title='bbox 553 4032 916 4099; x_wconf 84' lang='lat' dir='ltr'><strong>excruciabit,</strong></span> <span class='ocrx_word' id='word_1_385' title='bbox 946 4032 1096 4103; x_wconf 90' lang='lat' dir='ltr'><strong>quod</strong></span> <span class='ocrx_word' id='word_1_386' title='bbox 1127 4048 1158 4087; x_wconf 90' lang='lat' dir='ltr'><strong>a</strong></span> <span class='ocrx_word' id='word_1_387' title='bbox 1207 4032 1317 4086; x_wconf 88' lang='lat' dir='ltr'><strong>Deo</strong></span> <span class='ocrx_word' id='word_1_388' title='bbox 1343 4033 1574 4103; x_wconf 65' lang='lat' dir='ltr'><strong>proiecti</strong></span> <span class='ocrx_word' id='word_1_389' title='bbox 1612 4035 1746 4102; x_wconf 93' lang='lat' dir='ltr'><strong>sint,</strong></span> <span class='ocrx_word' id='word_1_390' title='bbox 1784 4045 1948 4105; x_wconf 89' lang='lat' dir='ltr'><strong>atque</strong></span> <span class='ocrx_word' id='word_1_391' title='bbox 1980 4032 2138 4087; x_wconf 85' lang='lat' dir='ltr'><strong>inus-</strong></span> 
     </span>
    </p>
   </div>
   <div class='ocr_carea' id='block_1_57' title="bbox 557 4125 2135 4197">
    <p class='ocr_par' dir='ltr' id='par_1_57' title="bbox 557 4125 2135 4197">
     <span class='ocr_line' id='line_1_57' title="bbox 557 4125 2135 4197; baseline 0.001 -18"><span class='ocrx_word' id='word_1_392' title='bbox 557 4125 754 4180; x_wconf 88' lang='lat' dir='ltr'><strong>tamin</strong></span> <span class='ocrx_word' id='word_1_393' title='bbox 787 4125 1124 4182; x_wconf 89' lang='lat' dir='ltr'><strong>conscientia</strong></span> <span class='ocrx_word' id='word_1_394' title='bbox 1161 4127 1526 4197; x_wconf 76' lang='lat' dir='ltr'><strong>sempiterna.-</strong></span> <span class='ocrx_word' id='word_1_395' title='bbox 1572 4125 1894 4197; x_wconf 83' lang='lat' dir='ltr'><strong>ignominiae</strong></span> <span class='ocrx_word' id='word_1_396' title='bbox 1947 4134 2135 4180; x_wconf 88' lang='lat' dir='ltr'><strong>notam</strong></span> 
     </span>
    </p>
   </div>
   <div class='ocr_carea' id='block_1_58' title="bbox 555 4216 2137 4288">
    <p class='ocr_par' dir='ltr' id='par_1_58' title="bbox 555 4216 2137 4288">
     <span class='ocr_line' id='line_1_58' title="bbox 555 4216 2137 4288; baseline 0 -18"><span class='ocrx_word' id='word_1_397' title='bbox 555 4226 801 4287; x_wconf 69' lang='lat' dir='ltr'><strong>gerant.)</strong></span> <span class='ocrx_word' id='word_1_398' title='bbox 838 4217 916 4270; x_wconf 83' lang='lat' dir='ltr'><strong>En</strong></span> <span class='ocrx_word' id='word_1_399' title='bbox 947 4216 1248 4286; x_wconf 81' lang='lat' dir='ltr'><strong>Gregorius</strong></span> <span class='ocrx_word' id='word_1_400' title='bbox 1273 4233 1494 4288; x_wconf 86' lang='lat' dir='ltr'><strong>quoque</strong></span> <span class='ocrx_word' id='word_1_401' title='bbox 1552 4226 1872 4272; x_wconf 90' lang='lat' dir='ltr'><strong>sanctorum</strong></span> <span class='ocrx_word' id='word_1_402' title='bbox 1906 4216 2137 4271; x_wconf 72' lang='lat' dir='ltr'><strong>hazredi-</strong></span> 
     </span>
    </p>
   </div>
   <div class='ocr_carea' id='block_1_59' title="bbox 557 4309 2138 4381">
    <p class='ocr_par' dir='ltr' id='par_1_59' title="bbox 557 4309 2138 4381">
     <span class='ocr_line' id='line_1_59' title="bbox 557 4309 2138 4381; baseline 0 -17"><span class='ocrx_word' id='word_1_403' title='bbox 557 4320 724 4365; x_wconf 87' lang='lat' dir='ltr'><strong>tatem</strong></span> <span class='ocrx_word' id='word_1_404' title='bbox 770 4325 897 4365; x_wconf 91' lang='lat' dir='ltr'><strong>esse</strong></span> <span class='ocrx_word' id='word_1_405' title='bbox 930 4310 1089 4366; x_wconf 87' lang='lat' dir='ltr'><strong>docet</strong></span> <span class='ocrx_word' id='word_1_406' title='bbox 1119 4311 1213 4364; x_wconf 86' lang='lat' dir='ltr'><strong>Dei</strong></span> <span class='ocrx_word' id='word_1_407' title='bbox 1251 4309 1806 4381; x_wconf 89' lang='lat' dir='ltr'><strong>contemplationem,</strong></span> <span class='ocrx_word' id='word_1_408' title='bbox 1849 4319 2138 4378; x_wconf 88' lang='lat' dir='ltr'><strong>totumque</strong></span> 
     </span>
    </p>
   </div>
   <div class='ocr_carea' id='block_1_60' title="bbox 557 4402 2137 4475">
    <p class='ocr_par' dir='ltr' id='par_1_60' title="bbox 557 4402 2137 4475">
     <span class='ocr_line' id='line_1_60' title="bbox 557 4402 2137 4475; baseline -0.003 -15"><span class='ocrx_word' id='word_1_409' title='bbox 557 4419 682 4460; x_wconf 90' lang='lat' dir='ltr'><strong>cum</strong></span> <span class='ocrx_word' id='word_1_410' title='bbox 715 4404 811 4460; x_wconf 88' lang='lat' dir='ltr'><strong>toti</strong></span> <span class='ocrx_word' id='word_1_411' title='bbox 857 4404 1024 4460; x_wconf 90' lang='lat' dir='ltr'><strong>menti</strong></span> <span class='ocrx_word' id='word_1_412' title='bbox 1069 4405 1312 4472; x_wconf 86' lang='lat' dir='ltr'><strong>misceri,</strong></span> <span class='ocrx_word' id='word_1_413' title='bbox 1345 4407 1488 4475; x_wconf 88' lang='lat' dir='ltr'><strong>quod</strong></span> <span class='ocrx_word' id='word_1_414' title='bbox 1520 4414 1576 4458; x_wconf 90' lang='lat' dir='ltr'><strong>et</strong></span> <span class='ocrx_word' id='word_1_415' title='bbox 1611 4418 1837 4472; x_wconf 84' lang='lat' dir='ltr'><strong>regnum</strong></span> <span class='ocrx_word' id='word_1_416' title='bbox 1869 4402 2137 4456; x_wconf 73' lang='lat' dir='ltr'><strong>cmlorum</strong></span> 
     </span>
    </p>
   </div>
   <div class='ocr_carea' id='block_1_61' title="bbox 555 4503 740 4551">
    <p class='ocr_par' dir='ltr' id='par_1_61' title="bbox 555 4503 740 4551">
     <span class='ocr_line' id='line_1_61' title="bbox 555 4503 740 4551; baseline -0.005 0"><span class='ocrx_word' id='word_1_417' title='bbox 555 4503 740 4551; x_wconf 63' lang='grc' dir='ltr'>νοτίδι.</span> 
     </span>
    </p>
   </div>
   <div class='ocr_carea' id='block_1_62' title="bbox 2245 1989 3823 2073">
    <p class='ocr_par' dir='ltr' id='par_1_62' title="bbox 2245 1989 3823 2073">
     <span class='ocr_line' id='line_1_62' title="bbox 2245 1989 3823 2073; baseline 0.009 -31"><span class='ocrx_word' id='word_1_418' title='bbox 2245 2008 2264 2042; x_wconf 81' lang='grc' dir='ltr'><strong>ι</strong></span> <span class='ocrx_word' id='word_1_419' title='bbox 2302 1989 2442 2060; x_wconf 77' lang='grc' dir='ltr'>ὑπὲρ</span> <span class='ocrx_word' id='word_1_420' title='bbox 2491 1991 2618 2045; x_wconf 90' lang='grc' dir='ltr'>νοῦν</span> <span class='ocrx_word' id='word_1_421' title='bbox 2669 1991 2864 2048; x_wconf 73' lang='grc' dir='ltr'>ἕνωσιν</span> <span class='ocrx_word' id='word_1_422' title='bbox 2899 2014 2917 2048; x_wconf 76' lang='grc' dir='ltr'><strong>ι</strong></span> <span class='ocrx_word' id='word_1_423' title='bbox 2977 1997 3153 2064; x_wconf 84' lang='grc' dir='ltr'>καλεῖ,</span> <span class='ocrx_word' id='word_1_424' title='bbox 3199 2001 3228 2054; x_wconf 93' lang='lat'><strong>6</strong></span> <span class='ocrx_word' id='word_1_425' title='bbox 3290 2001 3468 2071; x_wconf 81' lang='grc' dir='ltr'>μέγας</span> <span class='ocrx_word' id='word_1_426' title='bbox 3523 1999 3823 2073; x_wconf 83' lang='grc' dir='ltr'>Γρηγόριος</span> 
     </span>
    </p>
   </div>
   <div class='ocr_carea' id='block_1_63' title="bbox 2237 2082 3824 2164">
    <p class='ocr_par' dir='ltr' id='par_1_63' title="bbox 2237 2082 3824 2164">
     <span class='ocr_line' id='line_1_63' title="bbox 2237 2082 3824 2164; baseline 0.009 -27"><span class='ocrx_word' id='word_1_427' title='bbox 2237 2083 2266 2137; x_wconf 90' lang='lat'><strong>6</strong></span> <span class='ocrx_word' id='word_1_428' title='bbox 2299 2082 2566 2153; x_wconf 78' lang='grc' dir='ltr'>Θεολόγος</span> <span class='ocrx_word' id='word_1_429' title='bbox 2621 2085 2730 2157; x_wconf 86' lang='grc'><strong>(87)</strong></span> <span class='ocrx_word' id='word_1_430' title='bbox 2823 2105 2841 2138; x_wconf 86' lang='grc' dir='ltr'><strong>ι</strong></span> <span class='ocrx_word' id='word_1_431' title='bbox 2889 2087 3171 2157; x_wconf 87' lang='grc' dir='ltr'>βασιλείαν</span> <span class='ocrx_word' id='word_1_432' title='bbox 3221 2093 3469 2164; x_wconf 85' lang='grc' dir='ltr'>οὐρανῶν</span> <span class='ocrx_word' id='word_1_433' title='bbox 3504 2114 3523 2147; x_wconf 76' lang='grc' dir='ltr'><strong>ι</strong></span> <span class='ocrx_word' id='word_1_434' title='bbox 3587 2096 3824 2161; x_wconf 82' lang='grc' dir='ltr'>τίθεται,</span> 
     </span>
    </p>
   </div>
   <div class='ocr_carea' id='block_1_64' title="bbox 2240 2174 3825 2260">
    <p class='ocr_par' dir='ltr' id='par_1_64' title="bbox 2240 2174 3825 2260">
     <span class='ocr_line' id='line_1_64' title="bbox 2240 2174 3825 2260; baseline 0.009 -32"><span class='ocrx_word' id='word_1_435' title='bbox 2240 2174 2298 2227; x_wconf 81' lang='grc' dir='ltr'>δν</span> <span class='ocrx_word' id='word_1_436' title='bbox 2334 2177 2430 2230; x_wconf 79' lang='grc' dir='ltr'>καὶ</span> <span class='ocrx_word' id='word_1_437' title='bbox 2457 2177 2728 2250; x_wconf 83' lang='grc' dir='ltr'>πρότερον</span> <span class='ocrx_word' id='word_1_438' title='bbox 2757 2180 2865 2234; x_wconf 76' lang='grc' dir='ltr'>ἀπὸ</span> <span class='ocrx_word' id='word_1_439' title='bbox 2891 2181 2999 2234; x_wconf 89' lang='grc' dir='ltr'><strong>τῶν</strong></span> <span class='ocrx_word' id='word_1_440' title='bbox 3031 2184 3368 2239; x_wconf 76' lang='grc' dir='ltr'>ἐκτεθέντων</span> <span class='ocrx_word' id='word_1_441' title='bbox 3392 2186 3550 2240; x_wconf 87' lang='grc' dir='ltr'>τοῦτο</span> <span class='ocrx_word' id='word_1_442' title='bbox 3570 2190 3664 2243; x_wconf 72' lang='grc' dir='ltr'>καὶ</span> <span class='ocrx_word' id='word_1_443' title='bbox 3680 2190 3825 2260; x_wconf 68' lang='grc' dir='ltr'>μάλα</span> 
     </span>
    </p>
   </div>
   <div class='ocr_carea' id='block_1_65' title="bbox 2239 2267 3825 2347">
    <p class='ocr_par' dir='ltr' id='par_1_65' title="bbox 2239 2267 3825 2347">
     <span class='ocr_line' id='line_1_65' title="bbox 2239 2267 3825 2347; baseline 0.009 -30"><span class='ocrx_word' id='word_1_444' title='bbox 2239 2267 2550 2336; x_wconf 81' lang='grc' dir='ltr'>φρονοῦντα</span> <span class='ocrx_word' id='word_1_445' title='bbox 2608 2269 2952 2341; x_wconf 78' lang='grc' dir='ltr'>ἐδείκνυμεν.</span> <span class='ocrx_word' id='word_1_446' title='bbox 2985 2271 3076 2326; x_wconf 88' lang='grc' dir='ltr'>Ἐν</span> <span class='ocrx_word' id='word_1_447' title='bbox 3122 2273 3231 2345; x_wconf 85' lang='grc' dir='ltr'><strong>γὰρ</strong></span> <span class='ocrx_word' id='word_1_448' title='bbox 3282 2273 3360 2344; x_wconf 83' lang='grc' dir='ltr'>τῷ</span> <span class='ocrx_word' id='word_1_449' title='bbox 3419 2275 3638 2347; x_wconf 74' lang='grc' dir='ltr'>ῥηθέντι</span> <span class='ocrx_word' id='word_1_450' title='bbox 3679 2277 3825 2346; x_wconf 76' lang='grc' dir='ltr'>λόγῳ</span> 
     </span>
    </p>
   </div>
   <div class='ocr_carea' id='block_1_66' title="bbox 2238 2355 3824 2438">
    <p class='ocr_par' dir='ltr' id='par_1_66' title="bbox 2238 2355 3824 2438">
     <span class='ocr_line' id='line_1_66' title="bbox 2238 2355 3824 2438; baseline 0.008 -31"><span class='ocrx_word' id='word_1_451' title='bbox 2238 2355 2328 2408; x_wconf 78' lang='grc' dir='ltr'><strong>διὰ</strong></span> <span class='ocrx_word' id='word_1_452' title='bbox 2362 2356 2462 2427; x_wconf 82' lang='grc' dir='ltr'>τὴν</span> <span class='ocrx_word' id='word_1_453' title='bbox 2495 2357 2712 2428; x_wconf 83' lang='grc' dir='ltr'>πληγὴν</span> <span class='ocrx_word' id='word_1_454' title='bbox 2747 2359 2846 2430; x_wconf 82' lang='grc' dir='ltr'>τῆς</span> <span class='ocrx_word' id='word_1_455' title='bbox 2896 2359 3164 2433; x_wconf 75' lang='grc' dir='ltr'>χαλάζης,</span> <span class='ocrx_word' id='word_1_456' title='bbox 3223 2362 3324 2432; x_wconf 79' lang='grc' dir='ltr'>τῆς</span> <span class='ocrx_word' id='word_1_457' title='bbox 3379 2364 3686 2438; x_wconf 77' lang='grc' dir='ltr'>μελλούσης</span> <span class='ocrx_word' id='word_1_458' title='bbox 3721 2385 3824 2420; x_wconf 77' lang='grc' dir='ltr'>κα-</span> 
     </span>
    </p>
   </div>
   <div class='ocr_carea' id='block_1_67' title="bbox 2241 2447 3824 2527">
    <p class='ocr_par' dir='ltr' id='par_1_67' title="bbox 2241 2447 3824 2527">
     <span class='ocr_line' id='line_1_67' title="bbox 2241 2447 3824 2527; baseline 0.008 -29"><span class='ocrx_word' id='word_1_459' title='bbox 2241 2447 2558 2512; x_wconf 87' lang='grc' dir='ltr'>ταστάσεως</span> <span class='ocrx_word' id='word_1_460' title='bbox 2622 2451 2999 2520; x_wconf 80' lang='grc' dir='ltr'>μεμνημένος,</span> <span class='ocrx_word' id='word_1_461' title='bbox 3057 2453 3154 2506; x_wconf 77' lang='grc' dir='ltr'>καὶ</span> <span class='ocrx_word' id='word_1_462' title='bbox 3210 2453 3338 2517; x_wconf 80' lang='grc' dir='ltr'>τοὺς</span> <span class='ocrx_word' id='word_1_463' title='bbox 3387 2458 3667 2527; x_wconf 74' lang='grc' dir='ltr'>ἀκροατὰς</span> <span class='ocrx_word' id='word_1_464' title='bbox 3730 2459 3824 2510; x_wconf 76' lang='grc' dir='ltr'><strong>ἐπὶ</strong></span> 
     </span>
    </p>
   </div>
   <div class='ocr_carea' id='block_1_68' title="bbox 2238 2537 3825 2614">
    <p class='ocr_par' dir='ltr' id='par_1_68' title="bbox 2238 2537 3825 2614">
     <span class='ocr_line' id='line_1_68' title="bbox 2238 2537 3825 2614; baseline 0.008 -25"><span class='ocrx_word' id='word_1_465' title='bbox 2238 2537 2338 2609; x_wconf 81' lang='grc' dir='ltr'><strong>τὴν</strong></span> <span class='ocrx_word' id='word_1_466' title='bbox 2374 2538 2600 2608; x_wconf 87' lang='grc' dir='ltr'>μνήμην</span> <span class='ocrx_word' id='word_1_467' title='bbox 2627 2542 3077 2612; x_wconf 75' lang='grc' dir='ltr'>προκαλούμενος</span> <span class='ocrx_word' id='word_1_468' title='bbox 3110 2543 3222 2597; x_wconf 90' lang='grc' dir='ltr'><strong>τῶν</strong></span> <span class='ocrx_word' id='word_1_469' title='bbox 3269 2545 3591 2614; x_wconf 86' lang='grc' dir='ltr'>μελλόντων</span> <span class='ocrx_word' id='word_1_470' title='bbox 3645 2548 3825 2601; x_wconf 85' lang='grc' dir='ltr'>διαδέ-</span> 
     </span>
    </p>
   </div>
   <div class='ocr_carea' id='block_1_69' title="bbox 2242 2629 3819 2710">
    <p class='ocr_par' dir='ltr' id='par_1_69' title="bbox 2242 2629 3819 2710">
     <span class='ocr_line' id='line_1_69' title="bbox 2242 2629 3819 2710; baseline 0.008 -29"><span class='ocrx_word' id='word_1_471' title='bbox 2242 2629 2436 2693; x_wconf 81' lang='grc' dir='ltr'>ξασθαι</span> <span class='ocrx_word' id='word_1_472' title='bbox 2455 2632 2700 2696; x_wconf 84' lang='grc' dir='ltr'>δικαίους</span> <span class='ocrx_word' id='word_1_473' title='bbox 2732 2633 2828 2687; x_wconf 74' lang='grc' dir='ltr'><strong>καὶ</strong></span> <span class='ocrx_word' id='word_1_474' title='bbox 2859 2634 3104 2701; x_wconf 79' lang='grc' dir='ltr'>ἀδίκους,</span> <span class='ocrx_word' id='word_1_475' title='bbox 3138 2655 3156 2689; x_wconf 86' lang='grc' dir='ltr'><strong>ι</strong></span> <span class='ocrx_word' id='word_1_476' title='bbox 3188 2638 3284 2700; x_wconf 88' lang='grc' dir='ltr'>Τίς</span> <span class='ocrx_word' id='word_1_477' title='bbox 3308 2640 3604 2710; x_wconf 73' lang='grc' dir='ltr'>συνήγορος</span> <span class='ocrx_word' id='word_1_478' title='bbox 3627 2643 3762 2707; x_wconf 81' lang='grc' dir='ltr'>ἐκεῖ,</span> <span class='ocrx_word' id='word_1_479' title='bbox 3800 2661 3819 2693; x_wconf 75' lang='grc' dir='ltr'><strong>ι</strong></span> 
     </span>
    </p>
   </div>
   <div class='ocr_carea' id='block_1_70' title="bbox 2240 2723 3826 2802">
    <p class='ocr_par' dir='ltr' id='par_1_70' title="bbox 2240 2723 3826 2802">
     <span class='ocr_line' id='line_1_70' title="bbox 2240 2723 3826 2802; baseline 0.009 -27"><span class='ocrx_word' id='word_1_480' title='bbox 2240 2723 2396 2796; x_wconf 73' lang='grc' dir='ltr'>φησὶ,</span> <span class='ocrx_word' id='word_1_481' title='bbox 2435 2742 2454 2776; x_wconf 85' lang='grc' dir='ltr'><strong>ι</strong></span> <span class='ocrx_word' id='word_1_482' title='bbox 2517 2727 2647 2778; x_wconf 88' lang='grc' dir='ltr'>ποία</span> <span class='ocrx_word' id='word_1_483' title='bbox 2691 2725 2915 2797; x_wconf 70' lang='grc' dir='ltr'>σκῆψις,</span> <span class='ocrx_word' id='word_1_484' title='bbox 2972 2729 3058 2794; x_wconf 90' lang='grc' dir='ltr'><strong>τίς</strong></span> <span class='ocrx_word' id='word_1_485' title='bbox 3119 2729 3325 2802; x_wconf 74' lang='grc' dir='ltr'>ψευδὴς</span> <span class='ocrx_word' id='word_1_486' title='bbox 3372 2733 3661 2801; x_wconf 81' lang='grc' dir='ltr'>ἀπολογία,</span> <span class='ocrx_word' id='word_1_487' title='bbox 3693 2736 3826 2790; x_wconf 87' lang='grc' dir='ltr'>ποία</span> 
     </span>
    </p>
   </div>
   <div class='ocr_carea' id='block_1_71' title="bbox 2239 2816 3826 2898">
    <p class='ocr_par' dir='ltr' id='par_1_71' title="bbox 2239 2816 3826 2898">
     <span class='ocr_line' id='line_1_71' title="bbox 2239 2816 3826 2898; baseline 0.009 -30"><span class='ocrx_word' id='word_1_488' title='bbox 2239 2816 2538 2888; x_wconf 83' lang='grc' dir='ltr'>πιθανότης</span> <span class='ocrx_word' id='word_1_489' title='bbox 2562 2818 2831 2891; x_wconf 80' lang='grc' dir='ltr'>ἔντεχνος,</span> <span class='ocrx_word' id='word_1_490' title='bbox 2863 2823 3030 2893; x_wconf 79' lang='grc' dir='ltr'>ἡνίκα</span> <span class='ocrx_word' id='word_1_491' title='bbox 3071 2823 3252 2894; x_wconf 90' lang='grc' dir='ltr'>θρόνοι</span> <span class='ocrx_word' id='word_1_492' title='bbox 3307 2826 3676 2898; x_wconf 80' lang='grc' dir='ltr'>προτίθενται,</span> <span class='ocrx_word' id='word_1_493' title='bbox 3731 2831 3826 2882; x_wconf 81' lang='grc' dir='ltr'>καὶ</span> 
     </span>
    </p>
   </div>
   <div class='ocr_carea' id='block_1_72' title="bbox 2243 2907 3825 2988">
    <p class='ocr_par' dir='ltr' id='par_1_72' title="bbox 2243 2907 3825 2988">
     <span class='ocr_line' id='line_1_72' title="bbox 2243 2907 3825 2988; baseline 0.011 -30"><span class='ocrx_word' id='word_1_494' title='bbox 2243 2907 2479 2970; x_wconf 78' lang='grc' dir='ltr'>Παλαιὸς</span> <span class='ocrx_word' id='word_1_495' title='bbox 2514 2911 2740 2980; x_wconf 83' lang='grc' dir='ltr'>ἡμερῶν</span> <span class='ocrx_word' id='word_1_496' title='bbox 2776 2913 3202 2984; x_wconf 73' lang='grc' dir='ltr'>προκαθέζεται,</span> <span class='ocrx_word' id='word_1_497' title='bbox 3237 2920 3332 2973; x_wconf 74' lang='grc' dir='ltr'>καὶ</span> <span class='ocrx_word' id='word_1_498' title='bbox 3379 2917 3554 2988; x_wconf 77' lang='grc' dir='ltr'>βίϐλοι</span> <span class='ocrx_word' id='word_1_499' title='bbox 3618 2921 3825 2974; x_wconf 83' lang='grc' dir='ltr'>διανοί-</span> 
     </span>
    </p>
   </div>
   <div class='ocr_carea' id='block_1_73' title="bbox 2240 3001 3826 3082">
    <p class='ocr_par' dir='ltr' id='par_1_73' title="bbox 2240 3001 3826 3082">
     <span class='ocr_line' id='line_1_73' title="bbox 2240 3001 3826 3082; baseline 0.012 -33"><span class='ocrx_word' id='word_1_500' title='bbox 2240 3015 2452 3066; x_wconf 85' lang='grc' dir='ltr'>γονται,</span> <span class='ocrx_word' id='word_1_501' title='bbox 2487 3001 2581 3053; x_wconf 80' lang='grc' dir='ltr'>καὶ</span> <span class='ocrx_word' id='word_1_502' title='bbox 2613 3003 2864 3072; x_wconf 82' lang='grc' dir='ltr'>ποταμὸς</span> <span class='ocrx_word' id='word_1_503' title='bbox 2897 3005 3070 3075; x_wconf 69' lang='grc' dir='ltr'>πυρὸς</span> <span class='ocrx_word' id='word_1_504' title='bbox 3103 3005 3323 3062; x_wconf 80' lang='grc' dir='ltr'>ἕλκεται</span> <span class='ocrx_word' id='word_1_505' title='bbox 3361 3011 3457 3063; x_wconf 76' lang='grc' dir='ltr'>καὶ</span> <span class='ocrx_word' id='word_1_506' title='bbox 3484 3013 3544 3064; x_wconf 86' lang='grc' dir='ltr'>τὸ</span> <span class='ocrx_word' id='word_1_507' title='bbox 3579 3013 3694 3080; x_wconf 83' lang='grc' dir='ltr'><strong>φῶς</strong></span> <span class='ocrx_word' id='word_1_508' title='bbox 3718 3014 3826 3082; x_wconf 76' lang='grc' dir='ltr'><strong>ἐμ-</strong></span> 
     </span>
    </p>
   </div>
   <div class='ocr_carea' id='block_1_74' title="bbox 2245 3090 3825 3172">
    <p class='ocr_par' dir='ltr' id='par_1_74' title="bbox 2245 3090 3825 3172">
     <span class='ocr_line' id='line_1_74' title="bbox 2245 3090 3825 3172; baseline 0.012 -32"><span class='ocrx_word' id='word_1_509' title='bbox 2245 3090 2490 3158; x_wconf 85' lang='grc' dir='ltr'>προσθεν</span> <span class='ocrx_word' id='word_1_510' title='bbox 2526 3091 2773 3162; x_wconf 70' lang='grc' dir='ltr'><strong>(88),κα)⁵</strong></span> <span class='ocrx_word' id='word_1_511' title='bbox 2795 3095 2856 3148; x_wconf 84' lang='grc' dir='ltr'>τὸ</span> <span class='ocrx_word' id='word_1_512' title='bbox 2889 3097 3081 3161; x_wconf 82' lang='grc' dir='ltr'>σκότος</span> <span class='ocrx_word' id='word_1_513' title='bbox 3112 3101 3517 3172; x_wconf 81' lang='grc' dir='ltr'>ἡτοιμασμένον</span> <span class='ocrx_word' id='word_1_514' title='bbox 3540 3119 3554 3133; x_wconf 81' lang='grc'><strong><em>⁸</em></strong></span> <span class='ocrx_word' id='word_1_515' title='bbox 3591 3105 3686 3159; x_wconf 78' lang='grc' dir='ltr'>καὶ</span> <span class='ocrx_word' id='word_1_516' title='bbox 3725 3123 3825 3158; x_wconf 81' lang='grc' dir='ltr'>πο-</span> 
     </span>
    </p>
   </div>
   <div class='ocr_carea' id='block_1_75' title="bbox 2245 3183 3826 3264">
    <p class='ocr_par' dir='ltr' id='par_1_75' title="bbox 2245 3183 3826 3264">
     <span class='ocr_line' id='line_1_75' title="bbox 2245 3183 3826 3264; baseline 0.011 -29"><span class='ocrx_word' id='word_1_517' title='bbox 2245 3183 2492 3252; x_wconf 82' lang='grc' dir='ltr'>ρεύονται</span> <span class='ocrx_word' id='word_1_518' title='bbox 2555 3190 2606 3240; x_wconf 84' lang='grc' dir='ltr'><strong>οί</strong></span> <span class='ocrx_word' id='word_1_519' title='bbox 2663 3187 2733 3241; x_wconf 82' lang='grc' dir='ltr'>τὰ</span> <span class='ocrx_word' id='word_1_520' title='bbox 2771 3190 2956 3258; x_wconf 81' lang='grc' dir='ltr'>ἀγαθά</span> <span class='ocrx_word' id='word_1_521' title='bbox 3012 3196 3344 3264; x_wconf 83' lang='grc' dir='ltr'>ποιήσαντες</span> <span class='ocrx_word' id='word_1_522' title='bbox 3389 3199 3469 3260; x_wconf 88' lang='grc' dir='ltr'><strong>είς</strong></span> <span class='ocrx_word' id='word_1_523' title='bbox 3523 3198 3826 3253; x_wconf 74' lang='grc' dir='ltr'>ἀνάστασιν</span> 
     </span>
    </p>
   </div>
   <div class='ocr_carea' id='block_1_76' title="bbox 2243 3278 3827 3361">
    <p class='ocr_par' dir='ltr' id='par_1_76' title="bbox 2243 3278 3827 3361">
     <span class='ocr_line' id='line_1_76' title="bbox 2243 3278 3827 3361; baseline 0.011 -31"><span class='ocrx_word' id='word_1_524' title='bbox 2243 3278 2408 3347; x_wconf 73' lang='grc' dir='ltr'>ζωῆς,</span> <span class='ocrx_word' id='word_1_525' title='bbox 2463 3279 2564 3348; x_wconf 75' lang='grc' dir='ltr'>τῆς</span> <span class='ocrx_word' id='word_1_526' title='bbox 2604 3281 2663 3332; x_wconf 81' lang='grc' dir='ltr'>ὲν</span> <span class='ocrx_word' id='word_1_527' title='bbox 2722 3282 2945 3353; x_wconf 81' lang='grc' dir='ltr'>Χριστῷ</span> <span class='ocrx_word' id='word_1_528' title='bbox 2980 3283 3074 3337; x_wconf 89' lang='grc' dir='ltr'><strong>νῦν</strong></span> <span class='ocrx_word' id='word_1_529' title='bbox 3129 3289 3532 3361; x_wconf 80' lang='grc' dir='ltr'>κρυπτομένης,</span> <span class='ocrx_word' id='word_1_530' title='bbox 3568 3292 3618 3344; x_wconf 83' lang='grc' dir='ltr'><strong>οί</strong></span> <span class='ocrx_word' id='word_1_531' title='bbox 3655 3293 3712 3346; x_wconf 85' lang='grc' dir='ltr'><strong>δὲ</strong></span> <span class='ocrx_word' id='word_1_532' title='bbox 3756 3295 3827 3348; x_wconf 69' lang='grc' dir='ltr'><strong>τὰ</strong></span> 
     </span>
    </p>
   </div>
   <div class='ocr_carea' id='block_1_77' title="bbox 2242 3370 3822 3456">
    <p class='ocr_par' dir='ltr' id='par_1_77' title="bbox 2242 3370 3822 3456">
     <span class='ocr_line' id='line_1_77' title="bbox 2242 3370 3822 3456; baseline 0.011 -35"><span class='ocrx_word' id='word_1_533' title='bbox 2242 3370 2424 3438; x_wconf 83' lang='grc' dir='ltr'>φαῦλα</span> <span class='ocrx_word' id='word_1_534' title='bbox 2454 3371 2763 3443; x_wconf 80' lang='grc' dir='ltr'>πράξαντες</span> <span class='ocrx_word' id='word_1_535' title='bbox 2803 3375 2883 3438; x_wconf 84' lang='grc' dir='ltr'><strong>είς</strong></span> <span class='ocrx_word' id='word_1_536' title='bbox 2917 3375 3222 3433; x_wconf 85' lang='grc' dir='ltr'>ἀνάστασιν</span> <span class='ocrx_word' id='word_1_537' title='bbox 3255 3381 3489 3452; x_wconf 85' lang='grc' dir='ltr'>κρίσεως</span> <span class='ocrx_word' id='word_1_538' title='bbox 3525 3399 3540 3416; x_wconf 78' lang='grc' dir='ltr'><strong><em>ο</em></strong></span> <span class='ocrx_word' id='word_1_539' title='bbox 3595 3385 3663 3456; x_wconf 78' lang='grc' dir='ltr'>ἢν</span> <span class='ocrx_word' id='word_1_540' title='bbox 3718 3387 3822 3456; x_wconf 65' lang='grc' dir='ltr'>ἤδη</span> 
     </span>
    </p>
   </div>
   <div class='ocr_carea' id='block_1_78' title="bbox 2242 3463 3830 3547">
    <p class='ocr_par' dir='ltr' id='par_1_78' title="bbox 2242 3463 3830 3547">
     <span class='ocr_line' id='line_1_78' title="bbox 2242 3463 3830 3547; baseline 0.011 -33"><span class='ocrx_word' id='word_1_541' title='bbox 2242 3463 2396 3532; x_wconf 76' lang='grc' dir='ltr'><strong>παρά</strong></span> <span class='ocrx_word' id='word_1_542' title='bbox 2425 3464 2518 3517; x_wconf 83' lang='grc' dir='ltr'><strong>τοῦ</strong></span> <span class='ocrx_word' id='word_1_543' title='bbox 2554 3467 2836 3535; x_wconf 86' lang='grc' dir='ltr'>κρίνοντος</span> <span class='ocrx_word' id='word_1_544' title='bbox 2869 3469 3070 3534; x_wconf 84' lang='grc' dir='ltr'>αὐτοὺς</span> <span class='ocrx_word' id='word_1_545' title='bbox 3092 3473 3288 3541; x_wconf 68' lang='grc' dir='ltr'>ζΛόγου</span> <span class='ocrx_word' id='word_1_546' title='bbox 3318 3476 3368 3527; x_wconf 81' lang='lat' dir='ltr'><strong>oi.</strong></span> <span class='ocrx_word' id='word_1_547' title='bbox 3423 3477 3497 3547; x_wconf 84' lang='grc' dir='ltr'>μὴ</span> <span class='ocrx_word' id='word_1_548' title='bbox 3544 3478 3830 3531; x_wconf 83' lang='grc' dir='ltr'>πιστεύον-</span> 
     </span>
    </p>
   </div>
   <div class='ocr_carea' id='block_1_79' title="bbox 2241 3558 3824 3642">
    <p class='ocr_par' dir='ltr' id='par_1_79' title="bbox 2241 3558 3824 3642">
     <span class='ocr_line' id='line_1_79' title="bbox 2241 3558 3824 3642; baseline 0.013 -37"><span class='ocrx_word' id='word_1_549' title='bbox 2241 3570 2332 3616; x_wconf 87' lang='grc' dir='ltr'><strong>τες</strong></span> <span class='ocrx_word' id='word_1_550' title='bbox 2367 3558 2797 3631; x_wconf 87' lang='grc' dir='ltr'>κατεκρίθησαν.</span> <span class='ocrx_word' id='word_1_551' title='bbox 2832 3561 2942 3614; x_wconf 78' lang='grc' dir='ltr'><strong>Καὶ</strong></span> <span class='ocrx_word' id='word_1_552' title='bbox 2967 3563 3095 3628; x_wconf 81' lang='grc' dir='ltr'><strong>τούς</strong></span> <span class='ocrx_word' id='word_1_553' title='bbox 3131 3565 3232 3634; x_wconf 81' lang='grc' dir='ltr'>μὲν</span> <span class='ocrx_word' id='word_1_554' title='bbox 3257 3568 3317 3620; x_wconf 78' lang='grc' dir='ltr'>τὸ</span> <span class='ocrx_word' id='word_1_555' title='bbox 3349 3568 3464 3636; x_wconf 85' lang='grc' dir='ltr'><strong>φῶς</strong></span> <span class='ocrx_word' id='word_1_556' title='bbox 3495 3570 3824 3642; x_wconf 82' lang='grc' dir='ltr'>διαδέχεται,</span> 
     </span>
    </p>
   </div>
   <div class='ocr_carea' id='block_1_80' title="bbox 2241 3649 3831 3732">
    <p class='ocr_par' dir='ltr' id='par_1_80' title="bbox 2241 3649 3831 3732">
     <span class='ocr_line' id='line_1_80' title="bbox 2241 3649 3831 3732; baseline 0.01 -33"><span class='ocrx_word' id='word_1_557' title='bbox 2241 3649 2338 3700; x_wconf 77' lang='grc' dir='ltr'>καὶ</span> <span class='ocrx_word' id='word_1_558' title='bbox 2368 3651 2400 3719; x_wconf 84' lang='grc' dir='ltr'><strong>ἡ</strong></span> <span class='ocrx_word' id='word_1_559' title='bbox 2429 3649 2530 3720; x_wconf 79' lang='grc' dir='ltr'>τῆς</span> <span class='ocrx_word' id='word_1_560' title='bbox 2554 3651 2714 3720; x_wconf 81' lang='grc' dir='ltr'>ἁγίας</span> <span class='ocrx_word' id='word_1_561' title='bbox 2737 3653 2833 3708; x_wconf 69' lang='grc' dir='ltr'><strong>καὶ⁵</strong></span> <span class='ocrx_word' id='word_1_562' title='bbox 2861 3654 3151 3726; x_wconf 84' lang='grc' dir='ltr'>βασιλικῆς</span> <span class='ocrx_word' id='word_1_563' title='bbox 3177 3657 3383 3730; x_wconf 86' lang='grc' dir='ltr'>θεωρία</span> <span class='ocrx_word' id='word_1_564' title='bbox 3433 3663 3681 3732; x_wconf 68' lang='grc' dir='ltr'>Τριάδος,</span> <span class='ocrx_word' id='word_1_565' title='bbox 3738 3665 3831 3717; x_wconf 81' lang='grc' dir='ltr'><strong>ἐλ-</strong></span> 
     </span>
    </p>
   </div>
   <div class='ocr_carea' id='block_1_81' title="bbox 2241 3739 3830 3823">
    <p class='ocr_par' dir='ltr' id='par_1_81' title="bbox 2241 3739 3830 3823">
     <span class='ocr_line' id='line_1_81' title="bbox 2241 3739 3830 3823; baseline 0.01 -30"><span class='ocrx_word' id='word_1_566' title='bbox 2241 3739 2570 3813; x_wconf 76' lang='grc' dir='ltr'>λαμπούσης</span> <span class='ocrx_word' id='word_1_567' title='bbox 2601 3746 2932 3816; x_wconf 81' lang='grc' dir='ltr'>τρανότερόν</span> <span class='ocrx_word' id='word_1_568' title='bbox 2984 3763 3045 3800; x_wconf 91' lang='grc' dir='ltr'><strong>τε</strong></span> <span class='ocrx_word' id='word_1_569' title='bbox 3103 3749 3202 3802; x_wconf 77' lang='grc' dir='ltr'>καὶ</span> <span class='ocrx_word' id='word_1_570' title='bbox 3262 3753 3668 3823; x_wconf 83' lang='grc' dir='ltr'>καθαρώτερον,</span> <span class='ocrx_word' id='word_1_571' title='bbox 3732 3760 3830 3809; x_wconf 80' lang='grc' dir='ltr'>καὶ</span> 
     </span>
    </p>
   </div>
   <div class='ocr_carea' id='block_1_82' title="bbox 2241 3835 3831 3922">
    <p class='ocr_par' dir='ltr' id='par_1_82' title="bbox 2241 3835 3831 3922">
     <span class='ocr_line' id='line_1_82' title="bbox 2241 3835 3831 3922; baseline 0.011 -35"><span class='ocrx_word' id='word_1_572' title='bbox 2241 3835 2370 3904; x_wconf 72' lang='grc' dir='ltr'>ὅλης</span> <span class='ocrx_word' id='word_1_573' title='bbox 2409 3837 2514 3907; x_wconf 87' lang='grc' dir='ltr'><strong>ὅλῳ</strong></span> <span class='ocrx_word' id='word_1_574' title='bbox 2543 3836 2624 3890; x_wconf 79' lang='grc' dir='ltr'>νοτ</span> <span class='ocrx_word' id='word_1_575' title='bbox 2649 3840 2996 3911; x_wconf 86' lang='grc' dir='ltr'>μιγνυμένης</span> <span class='ocrx_word' id='word_1_576' title='bbox 3018 3841 3110 3913; x_wconf 79' lang='grc' dir='ltr'><strong>(ἢν</strong></span> <span class='ocrx_word' id='word_1_577' title='bbox 3140 3843 3204 3914; x_wconf 82' lang='grc' dir='ltr'>δὴ</span> <span class='ocrx_word' id='word_1_578' title='bbox 3225 3847 3332 3922; x_wconf 23' lang='grc' dir='ltr'>’καὶ</span> <span class='ocrx_word' id='word_1_579' title='bbox 3361 3847 3530 3916; x_wconf 85' lang='grc' dir='ltr'>μόνην</span> <span class='ocrx_word' id='word_1_580' title='bbox 3586 3848 3831 3920; x_wconf 79' lang='grc' dir='ltr'>μάλιστα</span> 
     </span>
    </p>
   </div>
   <div class='ocr_carea' id='block_1_83' title="bbox 2242 3927 3830 4011">
    <p class='ocr_par' dir='ltr' id='par_1_83' title="bbox 2242 3927 3830 4011">
     <span class='ocr_line' id='line_1_83' title="bbox 2242 3927 3830 4011; baseline 0.009 -30"><span class='ocrx_word' id='word_1_581' title='bbox 2242 3927 2523 3998; x_wconf 86' lang='grc' dir='ltr'>βασιλείαν</span> <span class='ocrx_word' id='word_1_582' title='bbox 2549 3931 2795 4010; x_wconf 81' lang='grc' dir='ltr'>οὐρανῶν</span> <span class='ocrx_word' id='word_1_583' title='bbox 2826 3931 2938 4000; x_wconf 80' lang='grc' dir='ltr'><strong>ἐγὼ</strong></span> <span class='ocrx_word' id='word_1_584' title='bbox 2969 3934 3236 4005; x_wconf 84' lang='grc' dir='ltr'>τίθεμαι)·</span> <span class='ocrx_word' id='word_1_585' title='bbox 3270 3941 3384 4001; x_wconf 85' lang='grc' dir='ltr'>τοῖς</span> <span class='ocrx_word' id='word_1_586' title='bbox 3435 3941 3490 3992; x_wconf 82' lang='grc' dir='ltr'><strong>δὲ</strong></span> <span class='ocrx_word' id='word_1_587' title='bbox 3525 3940 3666 4011; x_wconf 84' lang='grc' dir='ltr'><strong>μετά</strong></span> <span class='ocrx_word' id='word_1_588' title='bbox 3712 3943 3830 3996; x_wconf 85' lang='grc' dir='ltr'><strong>τῶν</strong></span> 
     </span>
    </p>
   </div>
   <div class='ocr_carea' id='block_1_84' title="bbox 2241 4021 3832 4099">
    <p class='ocr_par' dir='ltr' id='par_1_84' title="bbox 2241 4021 3832 4099">
     <span class='ocr_line' id='line_1_84' title="bbox 2241 4021 3832 4099; baseline 0.008 -24"><span class='ocrx_word' id='word_1_589' title='bbox 2241 4021 2418 4075; x_wconf 81' lang='grc' dir='ltr'>ἀλλων</span> <span class='ocrx_word' id='word_1_590' title='bbox 2474 4021 2746 4091; x_wconf 79' lang='grc' dir='ltr'>βασάνων,</span> <span class='ocrx_word' id='word_1_591' title='bbox 2797 4024 3002 4092; x_wconf 84' lang='grc' dir='ltr'>μᾶλλον</span> <span class='ocrx_word' id='word_1_592' title='bbox 3057 4027 3115 4080; x_wconf 85' lang='grc' dir='ltr'><strong>δὲ</strong></span> <span class='ocrx_word' id='word_1_593' title='bbox 3177 4021 3282 4099; x_wconf 78' lang='grc' dir='ltr'><strong>πρὸ</strong></span> <span class='ocrx_word' id='word_1_594' title='bbox 3342 4031 3452 4082; x_wconf 88' lang='grc' dir='ltr'><strong>τῶν</strong></span> <span class='ocrx_word' id='word_1_595' title='bbox 3521 4031 3719 4098; x_wconf 85' lang='grc' dir='ltr'>ἀλλων,</span> <span class='ocrx_word' id='word_1_596' title='bbox 3755 4035 3832 4088; x_wconf 78' lang='grc' dir='ltr'>’τὸ</span> 
     </span>
    </p>
   </div>
   <div class='ocr_carea' id='block_1_85' title="bbox 2243 4113 3831 4200">
    <p class='ocr_par' dir='ltr' id='par_1_85' title="bbox 2243 4113 3831 4200">
     <span class='ocr_line' id='line_1_85' title="bbox 2243 4113 3831 4200; baseline 0.011 -35"><span class='ocrx_word' id='word_1_597' title='bbox 2243 4113 2584 4184; x_wconf 79' lang='grc' dir='ltr'>ἀπερῤίφθαι</span> <span class='ocrx_word' id='word_1_598' title='bbox 2613 4115 2772 4182; x_wconf 84' lang='grc' dir='ltr'>Θεοῦ,</span> <span class='ocrx_word' id='word_1_599' title='bbox 2809 4119 2968 4188; x_wconf 78' lang='grc' dir='ltr'>καὶὴ</span> <span class='ocrx_word' id='word_1_600' title='bbox 3030 4119 3087 4172; x_wconf 80' lang='grc' dir='ltr'>ἐν</span> <span class='ocrx_word' id='word_1_601' title='bbox 3133 4120 3210 4190; x_wconf 84' lang='grc' dir='ltr'>τῷ</span> <span class='ocrx_word' id='word_1_602' title='bbox 3271 4123 3535 4178; x_wconf 82' lang='grc' dir='ltr'>συνειδότι</span> <span class='ocrx_word' id='word_1_603' title='bbox 3593 4128 3831 4200; x_wconf 79' lang='grc' dir='ltr'>αίσχύνη</span> 
     </span>
    </p>
   </div>
   <div class='ocr_carea' id='block_1_86' title="bbox 2241 4207 3833 4289">
    <p class='ocr_par' dir='ltr' id='par_1_86' title="bbox 2241 4207 3833 4289">
     <span class='ocr_line' id='line_1_86' title="bbox 2241 4207 3833 4289; baseline 0.012 -32"><span class='ocrx_word' id='word_1_604' title='bbox 2241 4207 2416 4276; x_wconf 84' lang='grc' dir='ltr'>πέρας</span> <span class='ocrx_word' id='word_1_605' title='bbox 2440 4208 2544 4260; x_wconf 86' lang='grc' dir='ltr'><strong>οὐκ</strong></span> <span class='ocrx_word' id='word_1_606' title='bbox 2577 4207 2801 4278; x_wconf 73' lang='grc' dir='ltr'>ἔχουσα.</span> <span class='ocrx_word' id='word_1_607' title='bbox 2839 4231 2858 4263; x_wconf 76' lang='grc' dir='ltr'><strong>ι</strong></span> <span class='ocrx_word' id='word_1_608' title='bbox 2903 4212 3036 4264; x_wconf 79' lang='grc' dir='ltr'>’ἰδοὺ</span> <span class='ocrx_word' id='word_1_609' title='bbox 3070 4214 3166 4268; x_wconf 74' lang='grc' dir='ltr'>καὶ</span> <span class='ocrx_word' id='word_1_610' title='bbox 3195 4209 3347 4279; x_wconf 68' lang='grc' dir='ltr'>οὗτος</span> <span class='ocrx_word' id='word_1_611' title='bbox 3380 4218 3480 4288; x_wconf 76' lang='grc' dir='ltr'>τὴν</span> <span class='ocrx_word' id='word_1_612' title='bbox 3513 4220 3623 4272; x_wconf 87' lang='grc' dir='ltr'><strong>τῶν</strong></span> <span class='ocrx_word' id='word_1_613' title='bbox 3649 4223 3833 4289; x_wconf 82' lang='grc' dir='ltr'>ἁγίων</span> 
     </span>
    </p>
   </div>
   <div class='ocr_carea' id='block_1_87' title="bbox 2240 4299 3831 4378">
    <p class='ocr_par' dir='ltr' id='par_1_87' title="bbox 2240 4299 3831 4378">
     <span class='ocr_line' id='line_1_87' title="bbox 2240 4299 3831 4378; baseline 0.011 -27"><span class='ocrx_word' id='word_1_614' title='bbox 2240 4299 2607 4369; x_wconf 84' lang='grc' dir='ltr'>κληρονομίαν</span> <span class='ocrx_word' id='word_1_615' title='bbox 2646 4299 2745 4370; x_wconf 83' lang='grc' dir='ltr'>τὴν</span> <span class='ocrx_word' id='word_1_616' title='bbox 2770 4301 2864 4354; x_wconf 87' lang='grc' dir='ltr'><strong>τοῦ</strong></span> <span class='ocrx_word' id='word_1_617' title='bbox 2886 4303 3020 4356; x_wconf 84' lang='grc' dir='ltr'>Θεοῦ</span> <span class='ocrx_word' id='word_1_618' title='bbox 3054 4304 3290 4378; x_wconf 75' lang='grc' dir='ltr'>θεωρίαν</span> <span class='ocrx_word' id='word_1_619' title='bbox 3337 4304 3482 4363; x_wconf 80' lang='grc' dir='ltr'>εἶναι</span> <span class='ocrx_word' id='word_1_620' title='bbox 3539 4311 3792 4368; x_wconf 74' lang='grc' dir='ltr'>διδάσκει</span> <span class='ocrx_word' id='word_1_621' title='bbox 3814 4330 3831 4347; x_wconf 78' lang='grc' dir='ltr'><strong><em>ο</em></strong></span> 
     </span>
    </p>
   </div>
   <div class='ocr_carea' id='block_1_88' title="bbox 2240 4389 3833 4472">
    <p class='ocr_par' dir='ltr' id='par_1_88' title="bbox 2240 4389 3833 4472">
     <span class='ocr_line' id='line_1_88' title="bbox 2240 4389 3833 4472; baseline 0.008 -30"><span class='ocrx_word' id='word_1_622' title='bbox 2240 4390 2333 4442; x_wconf 70' lang='grc' dir='ltr'>καὶ</span> <span class='ocrx_word' id='word_1_623' title='bbox 2372 4390 2494 4443; x_wconf 81' lang='grc' dir='ltr'>ὅλον</span> <span class='ocrx_word' id='word_1_624' title='bbox 2531 4389 2638 4460; x_wconf 80' lang='grc' dir='ltr'><strong>ὅλῳ</strong></span> <span class='ocrx_word' id='word_1_625' title='bbox 2667 4390 2745 4460; x_wconf 86' lang='grc' dir='ltr'>τῷ</span> <span class='ocrx_word' id='word_1_626' title='bbox 2779 4391 2860 4444; x_wconf 76' lang='grc' dir='ltr'>νοῒ</span> <span class='ocrx_word' id='word_1_627' title='bbox 2909 4393 3236 4464; x_wconf 81' lang='grc' dir='ltr'>μίγνυσθαι,</span> <span class='ocrx_word' id='word_1_628' title='bbox 3287 4397 3314 4450; x_wconf 86' lang='grc' dir='ltr'><strong>ὃ</strong></span> <span class='ocrx_word' id='word_1_629' title='bbox 3339 4399 3402 4469; x_wconf 82' lang='grc' dir='ltr'><strong>δὴ</strong></span> <span class='ocrx_word' id='word_1_630' title='bbox 3427 4402 3520 4453; x_wconf 81' lang='grc' dir='ltr'>καὶ</span> <span class='ocrx_word' id='word_1_631' title='bbox 3545 4401 3833 4472; x_wconf 81' lang='grc' dir='ltr'>βασιλείαν</span> 
     </span>
    </p>
   </div>
   <div class='ocr_carea' id='block_1_89' title="bbox 2242 4481 2811 4552">
    <p class='ocr_par' dir='ltr' id='par_1_89' title="bbox 2242 4481 2811 4552">
     <span class='ocr_line' id='line_1_89' title="bbox 2242 4481 2811 4552; baseline 0.009 -18"><span class='ocrx_word' id='word_1_632' title='bbox 2242 4482 2490 4552; x_wconf 77' lang='grc' dir='ltr'>οὐρανῶν</span> <span class='ocrx_word' id='word_1_633' title='bbox 2529 4481 2811 4552; x_wconf 81' lang='grc' dir='ltr'>ὀνομάζει.</span> 
     </span>
    </p>
   </div>
   <div class='ocr_carea' id='block_1_90' title="bbox 627 4573 2139 4658">
    <p class='ocr_par' dir='ltr' id='par_1_90' title="bbox 627 4585 2136 4656">
     <span class='ocr_line' id='line_1_90' title="bbox 627 4585 2136 4656; baseline -0.002 -13"><span class='ocrx_word' id='word_1_634' title='bbox 627 4588 783 4644; x_wconf 88' lang='lat' dir='ltr'><strong>llaud</strong></span> <span class='ocrx_word' id='word_1_635' title='bbox 823 4599 1002 4644; x_wconf 89' lang='lat' dir='ltr'><strong>tamen</strong></span> <span class='ocrx_word' id='word_1_636' title='bbox 1070 4588 1126 4641; x_wconf 92' lang='lat' dir='ltr'><strong>in</strong></span> <span class='ocrx_word' id='word_1_637' title='bbox 1175 4587 1402 4643; x_wconf 90' lang='lat' dir='ltr'><strong>dubium</strong></span> <span class='ocrx_word' id='word_1_638' title='bbox 1445 4587 1775 4652; x_wconf 81' lang='lat' dir='ltr'><strong>vocandum,</strong></span> <span class='ocrx_word' id='word_1_639' title='bbox 1806 4585 1896 4656; x_wconf 90' lang='lat' dir='ltr'><strong>qui</strong></span> <span class='ocrx_word' id='word_1_640' title='bbox 1928 4585 2042 4651; x_wconf 88' lang='lat' dir='ltr'><strong>fiat,</strong></span> <span class='ocrx_word' id='word_1_641' title='bbox 2078 4593 2136 4640; x_wconf 90' lang='lat' dir='ltr'><strong>ut</strong></span> 
     </span>
    </p>
   </div>
   <div class='ocr_carea' id='block_1_91' title="bbox 2243 4573 3833 4658">
    <p class='ocr_par' dir='ltr' id='par_1_91' title="bbox 2314 4573 3833 4650">
     <span class='ocr_line' id='line_1_91' title="bbox 2314 4573 3833 4650; baseline 0.009 -26"><span class='ocrx_word' id='word_1_642' title='bbox 2314 4573 2388 4625; x_wconf 78' lang='grc' dir='ltr'><strong>Οὐ</strong></span> <span class='ocrx_word' id='word_1_643' title='bbox 2445 4573 2630 4642; x_wconf 83' lang='grc' dir='ltr'>μέντοι</span> <span class='ocrx_word' id='word_1_644' title='bbox 2682 4574 2911 4644; x_wconf 83' lang='grc' dir='ltr'>ἀπορεῖν</span> <span class='ocrx_word' id='word_1_645' title='bbox 2949 4575 3047 4642; x_wconf 83' lang='grc' dir='ltr'>δεῖ,</span> <span class='ocrx_word' id='word_1_646' title='bbox 3081 4577 3201 4641; x_wconf 83' lang='grc' dir='ltr'><strong>πῶς</strong></span> <span class='ocrx_word' id='word_1_647' title='bbox 3255 4580 3500 4650; x_wconf 69' lang='grc' dir='ltr'>ὀψόμεθα</span> <span class='ocrx_word' id='word_1_648' title='bbox 3552 4584 3641 4638; x_wconf 72' lang='grc' dir='ltr'>τδν</span> <span class='ocrx_word' id='word_1_649' title='bbox 3691 4585 3833 4638; x_wconf 80' lang='grc' dir='ltr'><strong>Θ-ὸν</strong></span> 
     </span>
    </p>
   </div>
   <div class='ocr_carea' id='block_1_92' title="bbox 553 4679 2143 4753">
    <p class='ocr_par' dir='ltr' id='par_1_92' title="bbox 553 4679 2143 4753">
     <span class='ocr_line' id='line_1_92' title="bbox 553 4679 2143 4753; baseline -0.003 -15"><span class='ocrx_word' id='word_1_650' title='bbox 553 4683 700 4753; x_wconf 88' lang='lat' dir='ltr'><strong>quod</strong></span> <span class='ocrx_word' id='word_1_651' title='bbox 760 4683 836 4738; x_wconf 91' lang='lat' dir='ltr'><strong>ait</strong></span> <span class='ocrx_word' id='word_1_652' title='bbox 890 4682 1113 4749; x_wconf 82' lang='lat' dir='ltr'><strong>Paulus,</strong></span> <span class='ocrx_word' id='word_1_653' title='bbox 1153 4700 1172 4734; x_wconf 82' lang='grc' dir='ltr'><strong>ι</strong></span> <span class='ocrx_word' id='word_1_654' title='bbox 1215 4681 1353 4736; x_wconf 86' lang='lat' dir='ltr'><strong>facie</strong></span> <span class='ocrx_word' id='word_1_655' title='bbox 1398 4681 1464 4736; x_wconf 88' lang='lat' dir='ltr'><strong>ad</strong></span> <span class='ocrx_word' id='word_1_656' title='bbox 1495 4679 1692 4735; x_wconf 79' lang='lat' dir='ltr'><strong>faciem</strong></span> <span class='ocrx_word' id='word_1_657' title='bbox 1726 4680 1771 4712; x_wconf 74' lang='grc'><strong>⁸⁸</strong></span> <span class='ocrx_word' id='word_1_658' title='bbox 1809 4699 1827 4731; x_wconf 75' lang='grc' dir='ltr'><strong>ι</strong></span> <span class='ocrx_word' id='word_1_659' title='bbox 1859 4679 2143 4734; x_wconf 86' lang='lat' dir='ltr'><strong>videamus</strong></span> 
     </span>
    </p>
   </div>
   <div class='ocr_carea' id='block_1_93' title="bbox 559 4768 2138 4842">
    <p class='ocr_par' dir='ltr' id='par_1_93' title="bbox 559 4768 2138 4842">
     <span class='ocr_line' id='line_1_93' title="bbox 559 4768 2138 4842; baseline -0.001 -18"><span class='ocrx_word' id='word_1_660' title='bbox 559 4773 728 4826; x_wconf 88' lang='lat' dir='ltr'><strong>Deum</strong></span> <span class='ocrx_word' id='word_1_661' title='bbox 773 4774 1043 4842; x_wconf 87' lang='lat' dir='ltr'><strong>;ipseque</strong></span> <span class='ocrx_word' id='word_1_662' title='bbox 1095 4771 1384 4835; x_wconf 87' lang='lat' dir='ltr'><strong>Dominus,</strong></span> <span class='ocrx_word' id='word_1_663' title='bbox 1454 4789 1472 4822; x_wconf 82' lang='grc' dir='ltr'><strong>ι</strong></span> <span class='ocrx_word' id='word_1_664' title='bbox 1539 4768 1690 4824; x_wconf 85' lang='lat' dir='ltr'><strong>Beati</strong></span> <span class='ocrx_word' id='word_1_665' title='bbox 1718 4769 1923 4824; x_wconf 91' lang='lat' dir='ltr'><strong>mundo</strong></span> <span class='ocrx_word' id='word_1_666' title='bbox 1951 4769 2138 4834; x_wconf 90' lang='lat' dir='ltr'><strong>corde,</strong></span> 
     </span>
    </p>
   </div>
   <div class='ocr_carea' id='block_1_94' title="bbox 558 4858 2139 4928">
    <p class='ocr_par' dir='ltr' id='par_1_94' title="bbox 558 4858 2139 4928">
     <span class='ocr_line' id='line_1_94' title="bbox 558 4858 2139 4928; baseline -0.001 -16"><span class='ocrx_word' id='word_1_667' title='bbox 558 4861 815 4924; x_wconf 81' lang='lat' dir='ltr'><strong>quoniam</strong></span> <span class='ocrx_word' id='word_1_668' title='bbox 871 4861 971 4927; x_wconf 82' lang='lat' dir='ltr'><strong>ipsi</strong></span> <span class='ocrx_word' id='word_1_669' title='bbox 1014 4859 1185 4914; x_wconf 88' lang='lat' dir='ltr'><strong>Deum</strong></span> <span class='ocrx_word' id='word_1_670' title='bbox 1244 4858 1504 4912; x_wconf 90' lang='lat' dir='ltr'><strong>videbunt</strong></span> <span class='ocrx_word' id='word_1_671' title='bbox 1558 4859 1624 4911; x_wconf 81' lang='lat'><strong>&quot;.</strong></span> <span class='ocrx_word' id='word_1_672' title='bbox 1665 4876 1684 4908; x_wconf 73' lang='grc' dir='ltr'><strong>ι</strong></span> <span class='ocrx_word' id='word_1_673' title='bbox 1722 4858 1865 4913; x_wconf 88' lang='lat' dir='ltr'><strong>Sane</strong></span> <span class='ocrx_word' id='word_1_674' title='bbox 1920 4859 2139 4928; x_wconf 89' lang='lat' dir='ltr'><strong>quidem</strong></span> 
     </span>
    </p>
   </div>
   <div class='ocr_carea' id='block_1_95' title="bbox 559 4951 2144 5026">
    <p class='ocr_par' dir='ltr' id='par_1_95' title="bbox 559 4951 2144 5026">
     <span class='ocr_line' id='line_1_95' title="bbox 559 4951 2144 5026; baseline 0.001 -19"><span class='ocrx_word' id='word_1_675' title='bbox 559 4954 867 5010; x_wconf 70' lang='lat' dir='ltr'><strong>videbimus</strong></span> <span class='ocrx_word' id='word_1_676' title='bbox 901 4969 1000 5026; x_wconf 88' lang='lat' dir='ltr'><strong>pro</strong></span> <span class='ocrx_word' id='word_1_677' title='bbox 1028 4970 1092 5009; x_wconf 90' lang='lat' dir='ltr'><strong>eo</strong></span> <span class='ocrx_word' id='word_1_678' title='bbox 1120 4965 1301 5008; x_wconf 85' lang='lat' dir='ltr'><strong>tamen</strong></span> <span class='ocrx_word' id='word_1_679' title='bbox 1331 4968 1397 5008; x_wconf 87' lang='lat' dir='ltr'><strong>ac</strong></span> <span class='ocrx_word' id='word_1_680' title='bbox 1457 4952 1654 5008; x_wconf 86' lang='lat' dir='ltr'><strong>mentis</strong></span> <span class='ocrx_word' id='word_1_681' title='bbox 1685 4963 1885 5007; x_wconf 84' lang='lat' dir='ltr'><strong>nostrae</strong></span> <span class='ocrx_word' id='word_1_682' title='bbox 1915 4951 2144 5008; x_wconf 75' lang='lat' dir='ltr'><strong>facultas</strong></span> 
     </span>
    </p>
   </div>
   <div class='ocr_carea' id='block_1_96' title="bbox 561 5045 2144 5118">
    <p class='ocr_par' dir='ltr' id='par_1_96' title="bbox 561 5045 2144 5118">
     <span class='ocr_line' id='line_1_96' title="bbox 561 5045 2144 5118; baseline 0.003 -20"><span class='ocrx_word' id='word_1_683' title='bbox 561 5046 786 5116; x_wconf 87' lang='lat' dir='ltr'><strong>patitur,</strong></span> <span class='ocrx_word' id='word_1_684' title='bbox 816 5059 1020 5118; x_wconf 87' lang='lat' dir='ltr'><strong>quanta</strong></span> <span class='ocrx_word' id='word_1_685' title='bbox 1085 5048 1299 5103; x_wconf 89' lang='lat' dir='ltr'><strong>scilicet</strong></span> <span class='ocrx_word' id='word_1_686' title='bbox 1337 5055 1523 5100; x_wconf 88' lang='lat' dir='ltr'><strong>nostra</strong></span> <span class='ocrx_word' id='word_1_687' title='bbox 1574 5045 1938 5115; x_wconf 83' lang='lat' dir='ltr'><strong>cognoscendi</strong></span> <span class='ocrx_word' id='word_1_688' title='bbox 1968 5045 2051 5101; x_wconf 92' lang='lat' dir='ltr'><strong>vis</strong></span> <span class='ocrx_word' id='word_1_689' title='bbox 2078 5059 2144 5102; x_wconf 86' lang='lat' dir='ltr'><strong>ac</strong></span> 
     </span>
    </p>
   </div>
   <div class='ocr_carea' id='block_1_97' title="bbox 560 5134 2144 5209">
    <p class='ocr_par' dir='ltr' id='par_1_97' title="bbox 560 5134 2144 5209">
     <span class='ocr_line' id='line_1_97' title="bbox 560 5134 2144 5209; baseline -0.001 -17"><span class='ocrx_word' id='word_1_690' title='bbox 560 5139 924 5209; x_wconf 86' lang='lat' dir='ltr'><strong>intelligendi.</strong></span> <span class='ocrx_word' id='word_1_691' title='bbox 983 5139 1136 5193; x_wconf 85' lang='lat' dir='ltr'><strong>Nunc</strong></span> <span class='ocrx_word' id='word_1_692' title='bbox 1191 5137 1411 5208; x_wconf 90' lang='lat' dir='ltr'><strong>quidem</strong></span> <span class='ocrx_word' id='word_1_693' title='bbox 1466 5137 1518 5190; x_wconf 92' lang='lat' dir='ltr'><strong>in</strong></span> <span class='ocrx_word' id='word_1_694' title='bbox 1556 5137 1764 5190; x_wconf 88' lang='lat' dir='ltr'><strong>umbris</strong></span> <span class='ocrx_word' id='word_1_695' title='bbox 1816 5134 2063 5191; x_wconf 89' lang='lat' dir='ltr'><strong>videmus</strong></span> <span class='ocrx_word' id='word_1_696' title='bbox 2089 5147 2144 5190; x_wconf 88' lang='lat' dir='ltr'><strong>et</strong></span> 
     </span>
    </p>
   </div>
   <div class='ocr_carea' id='block_1_98' title="bbox 637 5319 1753 5387">
    <p class='ocr_par' dir='ltr' id='par_1_98' title="bbox 637 5319 1753 5387">
     <span class='ocr_line' id='line_1_98' title="bbox 637 5319 1753 5387; baseline -0.004 -10"><span class='ocrx_word' id='word_1_697' title='bbox 637 5325 678 5357; x_wconf 76' lang='lat'><strong>“</strong></span> <span class='ocrx_word' id='word_1_698' title='bbox 709 5324 728 5377; x_wconf 93' lang='lat' dir='ltr'><strong>l</strong></span> <span class='ocrx_word' id='word_1_699' title='bbox 757 5324 882 5379; x_wconf 83' lang='lat' dir='ltr'><strong>Cor.</strong></span> <span class='ocrx_word' id='word_1_700' title='bbox 919 5340 1042 5387; x_wconf 84' lang='lat' dir='ltr'><strong>xul,</strong></span> <span class='ocrx_word' id='word_1_701' title='bbox 1089 5324 1176 5378; x_wconf 63' lang='grc' dir='ltr'>ιε.</span> <span class='ocrx_word' id='word_1_702' title='bbox 1252 5323 1298 5355; x_wconf 72' lang='grc'><strong>⁸³</strong></span> <span class='ocrx_word' id='word_1_703' title='bbox 1333 5323 1351 5376; x_wconf 88' lang='grc' dir='ltr'>Ι</span> <span class='ocrx_word' id='word_1_704' title='bbox 1385 5319 1540 5379; x_wconf 73' lang='grc' dir='ltr'>Ιοαιι.</span> <span class='ocrx_word' id='word_1_705' title='bbox 1585 5336 1671 5385; x_wconf 87' lang='lat' dir='ltr'><strong>Ill,</strong></span> <span class='ocrx_word' id='word_1_706' title='bbox 1698 5319 1753 5372; x_wconf 71' lang='grc'><strong>2.</strong></span> 
     </span>
    </p>
   </div>
   <div class='ocr_carea' id='block_1_99' title="bbox 1847 5319 2378 5382">
    <p class='ocr_par' dir='ltr' id='par_1_99' title="bbox 1847 5319 2378 5382">
     <span class='ocr_line' id='line_1_99' title="bbox 1847 5319 2378 5382; baseline 0.004 -10"><span class='ocrx_word' id='word_1_707' title='bbox 1847 5320 1892 5351; x_wconf 79' lang='grc'><strong>⁸³</strong></span> <span class='ocrx_word' id='word_1_708' title='bbox 1927 5319 2061 5372; x_wconf 86' lang='lat' dir='ltr'><strong>Dan.</strong></span> <span class='ocrx_word' id='word_1_709' title='bbox 2090 5319 2182 5382; x_wconf 76' lang='lat' dir='ltr'><strong>vit,</strong></span> <span class='ocrx_word' id='word_1_710' title='bbox 2211 5320 2264 5381; x_wconf 90' lang='lat'><strong>9,</strong></span> <span class='ocrx_word' id='word_1_711' title='bbox 2286 5319 2378 5374; x_wconf 84' lang='lat'><strong>58.</strong></span> 
     </span>
    </p>
   </div>
   <div class='ocr_carea' id='block_1_100' title="bbox 2251 4665 3833 4742">
    <p class='ocr_par' dir='ltr' id='par_1_100' title="bbox 2251 4665 3833 4742">
     <span class='ocr_line' id='line_1_100' title="bbox 2251 4665 3833 4742; baseline 0.005 -24"><span class='ocrx_word' id='word_1_712' title='bbox 2251 4683 2270 4718; x_wconf 82' lang='grc' dir='ltr'><strong>ι</strong></span> <span class='ocrx_word' id='word_1_713' title='bbox 2305 4665 2598 4736; x_wconf 74' lang='grc' dir='ltr'>πρόσωπον</span> <span class='ocrx_word' id='word_1_714' title='bbox 2626 4666 2762 4736; x_wconf 72' lang='grc' dir='ltr'>πρὸς</span> <span class='ocrx_word' id='word_1_715' title='bbox 2787 4668 3104 4736; x_wconf 79' lang='grc' dir='ltr'>πρόσωπον,</span> <span class='ocrx_word' id='word_1_716' title='bbox 3143 4691 3160 4722; x_wconf 72' lang='grc' dir='ltr'><strong>ι</strong></span> <span class='ocrx_word' id='word_1_717' title='bbox 3193 4671 3264 4734; x_wconf 84' lang='grc' dir='ltr'>ὥς</span> <span class='ocrx_word' id='word_1_718' title='bbox 3293 4690 3424 4742; x_wconf 79' lang='grc' dir='ltr'>φησι</span> <span class='ocrx_word' id='word_1_719' title='bbox 3455 4674 3666 4739; x_wconf 82' lang='grc' dir='ltr'>Παῦλος</span> <span class='ocrx_word' id='word_1_720' title='bbox 3690 4693 3705 4706; x_wconf 74' lang='grc' dir='ltr'><strong>ο</strong></span> <span class='ocrx_word' id='word_1_721' title='bbox 3734 4681 3833 4731; x_wconf 77' lang='grc' dir='ltr'>καὶ</span> 
     </span>
    </p>
   </div>
   <div class='ocr_carea' id='block_1_101' title="bbox 2245 4761 3832 4843">
    <p class='ocr_par' dir='ltr' id='par_1_101' title="bbox 2245 4761 3832 4843">
     <span class='ocr_line' id='line_1_101' title="bbox 2245 4761 3832 4843; baseline 0.009 -29"><span class='ocrx_word' id='word_1_722' title='bbox 2245 4763 2272 4814; x_wconf 90' lang='lat'><strong>6</strong></span> <span class='ocrx_word' id='word_1_723' title='bbox 2309 4761 2532 4832; x_wconf 80' lang='grc' dir='ltr'>Κύριος,</span> <span class='ocrx_word' id='word_1_724' title='bbox 2577 4779 2596 4812; x_wconf 82' lang='grc' dir='ltr'><strong>ι</strong></span> <span class='ocrx_word' id='word_1_725' title='bbox 2635 4761 2914 4832; x_wconf 74' lang='grc' dir='ltr'>Μακάριοι</span> <span class='ocrx_word' id='word_1_726' title='bbox 2946 4764 2995 4816; x_wconf 86' lang='grc' dir='ltr'>οἱ</span> <span class='ocrx_word' id='word_1_727' title='bbox 3028 4765 3263 4836; x_wconf 77' lang='grc' dir='ltr'>καθαροὶ</span> <span class='ocrx_word' id='word_1_728' title='bbox 3287 4772 3352 4838; x_wconf 83' lang='grc' dir='ltr'><strong>τῇ</strong></span> <span class='ocrx_word' id='word_1_729' title='bbox 3388 4772 3698 4843; x_wconf 77' lang='grc' dir='ltr'>καρδίᾳ,ὅτι</span> <span class='ocrx_word' id='word_1_730' title='bbox 3731 4777 3832 4828; x_wconf 80' lang='grc' dir='ltr'><strong>αὑ-</strong></span> 
     </span>
    </p>
   </div>
   <div class='ocr_carea' id='block_1_102' title="bbox 2244 4852 3833 4934">
    <p class='ocr_par' dir='ltr' id='par_1_102' title="bbox 2244 4852 3833 4934">
     <span class='ocr_line' id='line_1_102' title="bbox 2244 4852 3833 4934; baseline 0.009 -30"><span class='ocrx_word' id='word_1_731' title='bbox 2244 4852 2327 4904; x_wconf 77' lang='grc' dir='ltr'>τοὶ</span> <span class='ocrx_word' id='word_1_732' title='bbox 2349 4853 2440 4904; x_wconf 78' lang='grc' dir='ltr'>τὸν</span> <span class='ocrx_word' id='word_1_733' title='bbox 2491 4852 2627 4907; x_wconf 80' lang='grc' dir='ltr'>Θεὸν</span> <span class='ocrx_word' id='word_1_734' title='bbox 2672 4852 2915 4923; x_wconf 68' lang='grc' dir='ltr'>ὄψονται.</span> <span class='ocrx_word' id='word_1_735' title='bbox 2969 4873 2988 4906; x_wconf 69' lang='grc' dir='ltr'><strong>ι</strong></span> <span class='ocrx_word' id='word_1_736' title='bbox 3060 4856 3336 4928; x_wconf 55' lang='grc' dir='ltr'>Ὀψόμεθα</span> <span class='ocrx_word' id='word_1_737' title='bbox 3379 4862 3478 4930; x_wconf 81' lang='grc' dir='ltr'>μὲν</span> <span class='ocrx_word' id='word_1_738' title='bbox 3526 4866 3655 4934; x_wconf 73' lang='grc' dir='ltr'>γὰρ,</span> <span class='ocrx_word' id='word_1_739' title='bbox 3691 4868 3833 4920; x_wconf 76' lang='grc' dir='ltr'>ἀλλὰ</span> 
     </span>
    </p>
   </div>
   <div class='ocr_carea' id='block_1_103' title="bbox 2249 4943 3833 5027">
    <p class='ocr_par' dir='ltr' id='par_1_103' title="bbox 2249 4943 3833 5027">
     <span class='ocr_line' id='line_1_103' title="bbox 2249 4943 3833 5027; baseline 0.01 -28"><span class='ocrx_word' id='word_1_740' title='bbox 2249 4943 2430 5008; x_wconf 83' lang='grc' dir='ltr'>καθὼς</span> <span class='ocrx_word' id='word_1_741' title='bbox 2461 4945 2540 5015; x_wconf 80' lang='grc' dir='ltr'>τῷ</span> <span class='ocrx_word' id='word_1_742' title='bbox 2598 4945 2852 5017; x_wconf 71' lang='grc' dir='ltr'>ἡμετέρῳ</span> <span class='ocrx_word' id='word_1_743' title='bbox 2887 4945 2964 5016; x_wconf 76' lang='grc' dir='ltr'>νῷ</span> <span class='ocrx_word' id='word_1_744' title='bbox 3017 4949 3263 5016; x_wconf 70' lang='grc' dir='ltr'>δυνατὸν,</span> <span class='ocrx_word' id='word_1_745' title='bbox 3307 4956 3448 5006; x_wconf 79' lang='grc' dir='ltr'><strong>κατά</strong></span> <span class='ocrx_word' id='word_1_746' title='bbox 3475 4957 3533 5008; x_wconf 86' lang='grc' dir='ltr'>τὸ</span> <span class='ocrx_word' id='word_1_747' title='bbox 3563 4959 3833 5027; x_wconf 82' lang='grc' dir='ltr'>ἀνάλογον</span> 
     </span>
    </p>
   </div>
   <div class='ocr_carea' id='block_1_104' title="bbox 2247 5039 3834 5122">
    <p class='ocr_par' dir='ltr' id='par_1_104' title="bbox 2247 5039 3834 5122">
     <span class='ocr_line' id='line_1_104' title="bbox 2247 5039 3834 5122; baseline 0.014 -35"><span class='ocrx_word' id='word_1_748' title='bbox 2247 5039 2571 5108; x_wconf 81' lang='grc' dir='ltr'>γνωστικόν.</span> <span class='ocrx_word' id='word_1_749' title='bbox 2628 5039 2743 5092; x_wconf 86' lang='grc' dir='ltr'>Νῦν</span> <span class='ocrx_word' id='word_1_750' title='bbox 2774 5040 2874 5110; x_wconf 81' lang='grc' dir='ltr'>μὲν</span> <span class='ocrx_word' id='word_1_751' title='bbox 2905 5043 3014 5112; x_wconf 84' lang='grc' dir='ltr'>γὰρ</span> <span class='ocrx_word' id='word_1_752' title='bbox 3041 5044 3304 5111; x_wconf 32' lang='grc' dir='ltr'>ὲνοσκιαίς</span> <span class='ocrx_word' id='word_1_753' title='bbox 3328 5050 3423 5101; x_wconf 75' lang='grc' dir='ltr'>καὶ</span> <span class='ocrx_word' id='word_1_754' title='bbox 3451 5053 3510 5102; x_wconf 84' lang='grc' dir='ltr'>ὲν</span> <span class='ocrx_word' id='word_1_755' title='bbox 3543 5054 3834 5122; x_wconf 86' lang='grc' dir='ltr'>αἰνίγμασι</span> 
     </span>
    </p>
   </div>
   <div class='ocr_carea' id='block_1_105' title="bbox 2252 5129 3832 5213">
    <p class='ocr_par' dir='ltr' id='par_1_105' title="bbox 2252 5129 3832 5213">
     <span class='ocr_line' id='line_1_105' title="bbox 2252 5129 3832 5213; baseline 0.004 -31"><span class='ocrx_word' id='word_1_756' title='bbox 2252 5130 2546 5202; x_wconf 80' lang='grc' dir='ltr'>βλέπομεν,</span> <span class='ocrx_word' id='word_1_757' title='bbox 2577 5129 2720 5200; x_wconf 72' lang='grc' dir='ltr'>ἅπερ</span> <span class='ocrx_word' id='word_1_758' title='bbox 2749 5131 2777 5183; x_wconf 91' lang='lat'><strong>6</strong></span> <span class='ocrx_word' id='word_1_759' title='bbox 2815 5130 2977 5197; x_wconf 81' lang='grc' dir='ltr'>αὐτὸς</span> <span class='ocrx_word' id='word_1_760' title='bbox 3011 5133 3312 5208; x_wconf 80' lang='grc' dir='ltr'>Γρηγόριος</span> <span class='ocrx_word' id='word_1_761' title='bbox 3345 5141 3372 5194; x_wconf 82' lang='grc' dir='ltr'>ὁ</span> <span class='ocrx_word' id='word_1_762' title='bbox 3401 5139 3663 5211; x_wconf 74' lang='grc' dir='ltr'>Θεολόγος</span> <span class='ocrx_word' id='word_1_763' title='bbox 3686 5161 3832 5213; x_wconf 78' lang='grc' dir='ltr'>γνω.</span> 
     </span>
    </p>
   </div>
   <div class='ocr_carea' id='block_1_106' title="bbox 2479 5317 3829 5392">
    <p class='ocr_par' dir='ltr' id='par_1_106' title="bbox 2479 5317 3829 5392">
     <span class='ocr_line' id='line_1_106' title="bbox 2479 5317 3829 5392; baseline 0.01 -21"><span class='ocrx_word' id='word_1_764' title='bbox 2479 5317 2524 5350; x_wconf 62' lang='grc'>⁸*</span> <span class='ocrx_word' id='word_1_765' title='bbox 2556 5317 2692 5376; x_wconf 84' lang='lat' dir='ltr'><strong>.locl.</strong></span> <span class='ocrx_word' id='word_1_766' title='bbox 2719 5320 2888 5388; x_wconf 70' lang='lat'><strong>11,25.</strong></span> <span class='ocrx_word' id='word_1_767' title='bbox 3005 5320 3234 5381; x_wconf 78' lang='lat' dir='ltr'><strong>“Joan.</strong></span> <span class='ocrx_word' id='word_1_768' title='bbox 3276 5341 3329 5392; x_wconf 78' lang='grc' dir='ltr'><strong>ν,</strong></span> <span class='ocrx_word' id='word_1_769' title='bbox 3373 5325 3463 5382; x_wconf 76' lang='grc'><strong>29.</strong></span> <span class='ocrx_word' id='word_1_770' title='bbox 3541 5327 3586 5359; x_wconf 72' lang='grc'><strong>⁸⁸</strong></span> <span class='ocrx_word' id='word_1_771' title='bbox 3612 5325 3829 5388; x_wconf 90' lang='lat' dir='ltr'><strong>Coloss.</strong></span> 
     </span>
    </p>
   </div>
   <div class='ocr_carea' id='block_1_107' title="bbox 563 5389 2139 5466">
    <p class='ocr_par' dir='ltr' id='par_1_107' title="bbox 563 5389 2139 5466">
     <span class='ocr_line' id='line_1_107' title="bbox 563 5389 2139 5466; baseline -0.006 -14"><span class='ocrx_word' id='word_1_772' title='bbox 563 5412 646 5466; x_wconf 84' lang='grc' dir='ltr'>ιιι,</span> <span class='ocrx_word' id='word_1_773' title='bbox 680 5397 733 5452; x_wconf 80' lang='lat'><strong>&#39;5.</strong></span> <span class='ocrx_word' id='word_1_774' title='bbox 815 5397 854 5427; x_wconf 70' lang='grc'><strong>⁸³</strong></span> <span class='ocrx_word' id='word_1_775' title='bbox 889 5393 1048 5449; x_wconf 84' lang='lat' dir='ltr'><strong>Joan.</strong></span> <span class='ocrx_word' id='word_1_776' title='bbox 1077 5410 1158 5458; x_wconf 85' lang='lat' dir='ltr'><strong>tu,</strong></span> <span class='ocrx_word' id='word_1_777' title='bbox 1191 5393 1278 5447; x_wconf 77' lang='grc'><strong>18.</strong></span> <span class='ocrx_word' id='word_1_778' title='bbox 1359 5394 1402 5425; x_wconf 73' lang='grc'><strong>⁸⁸</strong></span> <span class='ocrx_word' id='word_1_779' title='bbox 1430 5392 1449 5444; x_wconf 88' lang='lat' dir='ltr'><strong>l</strong></span> <span class='ocrx_word' id='word_1_780' title='bbox 1479 5391 1606 5447; x_wconf 80' lang='lat' dir='ltr'><strong>Cor.</strong></span> <span class='ocrx_word' id='word_1_781' title='bbox 1642 5406 1759 5455; x_wconf 79' lang='lat' dir='ltr'><strong>xm,</strong></span> <span class='ocrx_word' id='word_1_782' title='bbox 1792 5389 1880 5446; x_wconf 76' lang='grc'><strong>12.</strong></span> <span class='ocrx_word' id='word_1_783' title='bbox 1958 5391 2002 5422; x_wconf 80' lang='grc'><strong>⁶⁹</strong></span> <span class='ocrx_word' id='word_1_784' title='bbox 2038 5389 2139 5443; x_wconf 84' lang='lat' dir='ltr'><strong>Mat</strong></span> 
     </span>
    </p>
   </div>
   <div class='ocr_carea' id='block_1_108' title="bbox 2243 5389 2408 5466">
    <p class='ocr_par' dir='ltr' id='par_1_108' title="bbox 2267 5391 2408 5456">
     <span class='ocr_line' id='line_1_108' title="bbox 2267 5391 2408 5456; baseline 0 -12"><span class='ocrx_word' id='word_1_785' title='bbox 2267 5407 2318 5456; x_wconf 89' lang='lat' dir='ltr'><strong>v,</strong></span> <span class='ocrx_word' id='word_1_786' title='bbox 2354 5391 2408 5446; x_wconf 79' lang='grc'><strong>8.</strong></span> 
     </span>
    </p>
   </div>
   <div class='ocr_carea' id='block_1_109' title="bbox 659 5578 1065 5634">
    <p class='ocr_par' dir='ltr' id='par_1_109' title="bbox 659 5578 1065 5634">
     <span class='ocr_line' id='line_1_109' title="bbox 659 5578 1065 5634; baseline -0.002 -1"><span class='ocrx_word' id='word_1_787' title='bbox 659 5581 748 5634; x_wconf 77' lang='lat'><strong>87)</strong></span> <span class='ocrx_word' id='word_1_788' title='bbox 791 5578 944 5634; x_wconf 89' lang='lat' dir='ltr'><strong>Orat.</strong></span> <span class='ocrx_word' id='word_1_789' title='bbox 978 5578 1065 5632; x_wconf 77' lang='grc'><strong>15.</strong></span> 
     </span>
    </p>
   </div>
   <div class='ocr_carea' id='block_1_110' title="bbox 636 5589 2146 5719">
    <p class='ocr_par' dir='ltr' id='par_1_110' title="bbox 636 5589 2146 5719">
     <span class='ocr_line' id='line_1_110' title="bbox 636 5589 1065 5652; baseline -0.002 -19"><span class='ocrx_word' id='word_1_790' title='bbox 636 5589 748 5652; x_wconf 71' lang='grc' dir='ltr'><strong>(δη</strong></span> <span class='ocrx_word' id='word_1_791' title='bbox 791 5589 944 5634; x_wconf 87' lang='lat' dir='ltr'><strong>Urat.</strong></span> <span class='ocrx_word' id='word_1_792' title='bbox 978 5589 1065 5632; x_wconf 72' lang='lat'><strong>15.</strong></span> 
     </span>
     <span class='ocr_line' id='line_1_111' title="bbox 636 5647 2146 5719; baseline -0.001 -15"><span class='ocrx_word' id='word_1_793' title='bbox 636 5654 750 5719; x_wconf 66' lang='lat'><strong>(88)</strong></span> <span class='ocrx_word' id='word_1_794' title='bbox 790 5650 900 5704; x_wconf 77' lang='grc' dir='ltr'><strong>Καὶ</strong></span> <span class='ocrx_word' id='word_1_795' title='bbox 936 5647 1164 5719; x_wconf 60' lang='grc' dir='ltr'>τορῶς</span> <span class='ocrx_word' id='word_1_796' title='bbox 1204 5649 1571 5718; x_wconf 76' lang='grc' dir='ltr'>ἔμπροσθεν.</span> <span class='ocrx_word' id='word_1_797' title='bbox 1628 5648 1819 5719; x_wconf 81' lang='lat' dir='ltr'><strong>Putem</strong></span> <span class='ocrx_word' id='word_1_798' title='bbox 1853 5648 2013 5717; x_wconf 86' lang='lat' dir='ltr'><strong>Greg.</strong></span> <span class='ocrx_word' id='word_1_799' title='bbox 2061 5665 2146 5704; x_wconf 90' lang='lat' dir='ltr'><strong>re-</strong></span> 
     </span>
    </p>
   </div>
   <div class='ocr_carea' id='block_1_111' title="bbox 565 5717 2144 5791">
    <p class='ocr_par' dir='ltr' id='par_1_111' title="bbox 565 5717 2144 5791">
     <span class='ocr_line' id='line_1_112' title="bbox 565 5717 2144 5791; baseline -0.002 -16"><span class='ocrx_word' id='word_1_800' title='bbox 565 5717 810 5791; x_wconf 64' lang='lat' dir='ltr'><strong>spexisse</strong></span> <span class='ocrx_word' id='word_1_801' title='bbox 837 5717 1116 5791; x_wconf 13' lang='lat' dir='ltr'><strong>illudVJOcl</strong></span> <span class='ocrx_word' id='word_1_802' title='bbox 1149 5736 1207 5783; x_wconf 87' lang='lat' dir='ltr'><strong>tt,</strong></span> <span class='ocrx_word' id='word_1_803' title='bbox 1231 5719 1265 5772; x_wconf 78' lang='lat'><strong>&#39;5</strong></span> <span class='ocrx_word' id='word_1_804' title='bbox 1295 5717 1450 5772; x_wconf 73' lang='lat' dir='ltr'><strong>:Ka‘t</strong></span> <span class='ocrx_word' id='word_1_805' title='bbox 1483 5717 1790 5790; x_wconf 77' lang='grc' dir='ltr'>ἔμπροσθεν</span> <span class='ocrx_word' id='word_1_806' title='bbox 1822 5719 1987 5791; x_wconf 85' lang='grc' dir='ltr'>αὐτοῦ</span> <span class='ocrx_word' id='word_1_807' title='bbox 2033 5720 2144 5790; x_wconf 81' lang='grc' dir='ltr'><strong>πῦρ</strong></span> 
     </span>
    </p>
   </div>
   <div class='ocr_carea' id='block_1_112' title="bbox 564 5790 2142 5858">
    <p class='ocr_par' dir='ltr' id='par_1_112' title="bbox 564 5790 2142 5858">
     <span class='ocr_line' id='line_1_113' title="bbox 564 5790 2142 5858; baseline 0 -14"><span class='ocrx_word' id='word_1_808' title='bbox 564 5790 857 5844; x_wconf 75' lang='grc' dir='ltr'>ἀναλίσκον</span> <span class='ocrx_word' id='word_1_809' title='bbox 888 5808 902 5822; x_wconf 77' lang='grc' dir='ltr'><strong>ο</strong></span> <span class='ocrx_word' id='word_1_810' title='bbox 945 5790 1058 5845; x_wconf 87' lang='lat' dir='ltr'><strong>sive</strong></span> <span class='ocrx_word' id='word_1_811' title='bbox 1096 5791 1211 5858; x_wconf 75' lang='grc' dir='ltr'><strong>φῶς</strong></span> <span class='ocrx_word' id='word_1_812' title='bbox 1244 5791 1315 5843; x_wconf 87' lang='lat' dir='ltr'><strong>illi</strong></span> <span class='ocrx_word' id='word_1_813' title='bbox 1352 5791 1594 5858; x_wconf 85' lang='lat' dir='ltr'><strong>obrepsit</strong></span> <span class='ocrx_word' id='word_1_814' title='bbox 1625 5792 1746 5843; x_wconf 82' lang='lat' dir='ltr'><strong>loco</strong></span> <span class='ocrx_word' id='word_1_815' title='bbox 1789 5790 1984 5858; x_wconf 67' lang='grc' dir='ltr'>πυρὸς,</span> <span class='ocrx_word' id='word_1_816' title='bbox 2026 5791 2142 5845; x_wconf 81' lang='lat' dir='ltr'><strong>sive</strong></span> 
     </span>
    </p>
   </div>
   <div class='ocr_carea' id='block_1_113' title="bbox 565 5860 2138 5931">
    <p class='ocr_par' dir='ltr' id='par_1_113' title="bbox 565 5860 2138 5931">
     <span class='ocr_line' id='line_1_114' title="bbox 565 5860 2138 5931; baseline 0 -15"><span class='ocrx_word' id='word_1_817' title='bbox 565 5865 633 5918; x_wconf 87' lang='lat' dir='ltr'><strong>de</strong></span> <span class='ocrx_word' id='word_1_818' title='bbox 669 5861 941 5917; x_wconf 84' lang='lat' dir='ltr'><strong>industria</strong></span> <span class='ocrx_word' id='word_1_819' title='bbox 972 5862 1044 5917; x_wconf 84' lang='lat' dir='ltr'><strong>ita</strong></span> <span class='ocrx_word' id='word_1_820' title='bbox 1083 5864 1345 5927; x_wconf 69' lang='lat' dir='ltr'><strong>mutavit;</strong></span> <span class='ocrx_word' id='word_1_821' title='bbox 1391 5861 1540 5931; x_wconf 87' lang='lat' dir='ltr'><strong>quasi</strong></span> <span class='ocrx_word' id='word_1_822' title='bbox 1575 5876 1671 5929; x_wconf 89' lang='lat' dir='ltr'><strong>pro</strong></span> <span class='ocrx_word' id='word_1_823' title='bbox 1700 5861 1888 5915; x_wconf 82' lang='lat' dir='ltr'><strong>eodem</strong></span> <span class='ocrx_word' id='word_1_824' title='bbox 1931 5860 2138 5916; x_wconf 80' lang='lat' dir='ltr'><strong>habens</strong></span> 
     </span>
    </p>
   </div>
   <div class='ocr_carea' id='block_1_114' title="bbox 2259 5576 3833 5663">
    <p class='ocr_par' dir='ltr' id='par_1_114' title="bbox 2259 5576 3833 5663">
     <span class='ocr_line' id='line_1_115' title="bbox 2259 5576 3833 5663; baseline 0.01 -34"><span class='ocrx_word' id='word_1_825' title='bbox 2259 5578 2466 5663; x_wconf 79' lang='lat' dir='ltr'><strong>lumen,</strong></span> <span class='ocrx_word' id='word_1_826' title='bbox 2497 5576 2641 5663; x_wconf 87' lang='lat' dir='ltr'><strong>quod</strong></span> <span class='ocrx_word' id='word_1_827' title='bbox 2673 5578 2740 5632; x_wconf 86' lang='lat' dir='ltr'><strong>sit</strong></span> <span class='ocrx_word' id='word_1_828' title='bbox 2766 5579 2832 5663; x_wconf 84' lang='lat' dir='ltr'><strong>ad</strong></span> <span class='ocrx_word' id='word_1_829' title='bbox 2869 5589 3256 5663; x_wconf 69' lang='lat' dir='ltr'><strong>torquendum,</strong></span> <span class='ocrx_word' id='word_1_830' title='bbox 3287 5602 3421 5663; x_wconf 87' lang='lat' dir='ltr'><strong>cum</strong></span> <span class='ocrx_word' id='word_1_831' title='bbox 3435 5587 3565 5663; x_wconf 81' lang='lat' dir='ltr'><strong>ipso</strong></span> <span class='ocrx_word' id='word_1_832' title='bbox 3595 5590 3721 5660; x_wconf 78' lang='lat' dir='ltr'><strong>igne</strong></span> <span class='ocrx_word' id='word_1_833' title='bbox 3751 5591 3833 5647; x_wconf 91' lang='lat' dir='ltr'><strong>sic</strong></span> 
     </span>
    </p>
   </div>
   <div class='ocr_carea' id='block_1_115' title="bbox 2258 5658 3836 5720">
    <p class='ocr_par' dir='ltr' id='par_1_115' title="bbox 2258 5658 3836 5720">
     <span class='ocr_line' id='line_1_116' title="bbox 2258 5658 3836 5720; baseline 0.01 -19"><span class='ocrx_word' id='word_1_834' title='bbox 2258 5658 2582 5720; x_wconf 79' lang='lat' dir='ltr'><strong>torquente;</strong></span> <span class='ocrx_word' id='word_1_835' title='bbox 2635 5659 2837 5720; x_wconf 67' lang='lat' dir='ltr'><strong>parata:</strong></span> <span class='ocrx_word' id='word_1_836' title='bbox 2888 5658 3051 5706; x_wconf 78' lang='lat' dir='ltr'><strong>etiam</strong></span> <span class='ocrx_word' id='word_1_837' title='bbox 3104 5660 3360 5720; x_wconf 61' lang='lat' dir='ltr'><strong>tenebrae,</strong></span> <span class='ocrx_word' id='word_1_838' title='bbox 3393 5659 3509 5712; x_wconf 83' lang='lat' dir='ltr'><strong>dies</strong></span> <span class='ocrx_word' id='word_1_839' title='bbox 3554 5658 3643 5714; x_wconf 77' lang='lat' dir='ltr'><strong>illa</strong></span> <span class='ocrx_word' id='word_1_840' title='bbox 3680 5672 3836 5716; x_wconf 87' lang='lat' dir='ltr'><strong>tene—</strong></span> 
     </span>
    </p>
   </div>
   <div class='ocr_carea' id='block_1_116' title="bbox 2253 5719 3832 5796">
    <p class='ocr_par' dir='ltr' id='par_1_116' title="bbox 2253 5719 3832 5796">
     <span class='ocr_line' id='line_1_117' title="bbox 2253 5719 3832 5796; baseline 0.011 -27"><span class='ocrx_word' id='word_1_841' title='bbox 2253 5719 2475 5796; x_wconf 69' lang='lat' dir='ltr'><strong>brarum</strong></span> <span class='ocrx_word' id='word_1_842' title='bbox 2512 5727 2564 5770; x_wconf 90' lang='lat' dir='ltr'><strong>et</strong></span> <span class='ocrx_word' id='word_1_843' title='bbox 2595 5719 2863 5796; x_wconf 77' lang='lat' dir='ltr'><strong>caliginis.</strong></span> <span class='ocrx_word' id='word_1_844' title='bbox 2896 5721 3089 5780; x_wconf 83' lang='lat' dir='ltr'><strong>Matth.</strong></span> <span class='ocrx_word' id='word_1_845' title='bbox 3123 5742 3247 5792; x_wconf 86' lang='lat' dir='ltr'><strong>xxv,</strong></span> <span class='ocrx_word' id='word_1_846' title='bbox 3277 5719 3370 5790; x_wconf 67' lang='grc'><strong>54,</strong></span> <span class='ocrx_word' id='word_1_847' title='bbox 3399 5729 3540 5794; x_wconf 76' lang='lat' dir='ltr'><strong>ignis</strong></span> <span class='ocrx_word' id='word_1_848' title='bbox 3567 5741 3832 5796; x_wconf 63' lang='lat' dir='ltr'><strong>attentus,</strong></span> 
     </span>
    </p>
   </div>
   <div class='ocr_carea' id='block_1_117' title="bbox 2245 5788 3831 5914">
    <p class='ocr_par' dir='ltr' id='par_1_117' title="bbox 2245 5788 3831 5914">
     <span class='ocr_line' id='line_1_118' title="bbox 2245 5788 3831 5910; baseline 0.009 -70"><span class='ocrx_word' id='word_1_849' title='bbox 2245 5789 2337 5910; x_wconf 49' lang='lat' dir='ltr'><strong>qui</strong></span> <span class='ocrx_word' id='word_1_850' title='bbox 2382 5788 2497 5856; x_wconf 86' lang='lat' dir='ltr'><strong>ipse</strong></span> <span class='ocrx_word' id='word_1_851' title='bbox 2524 5789 2777 5858; x_wconf 63' lang='lat' dir='ltr'><strong>tenebrat,</strong></span> <span class='ocrx_word' id='word_1_852' title='bbox 2805 5793 3022 5850; x_wconf 88' lang='lat' dir='ltr'><strong>diabolo</strong></span> <span class='ocrx_word' id='word_1_853' title='bbox 3049 5788 3272 5866; x_wconf 85' lang='lat' dir='ltr'><strong>paratus</strong></span> <span class='ocrx_word' id='word_1_854' title='bbox 3299 5788 3502 5854; x_wconf 77' lang='lat' dir='ltr'><strong>dicitur</strong></span> <span class='ocrx_word' id='word_1_855' title='bbox 3532 5810 3587 5855; x_wconf 90' lang='lat' dir='ltr'><strong>et</strong></span> <span class='ocrx_word' id='word_1_856' title='bbox 3618 5788 3831 5870; x_wconf 75' lang='lat' dir='ltr'><strong>angelis</strong></span> 
     </span>
     <span class='ocr_line' id='line_1_119' title="bbox 2266 5875 2384 5914; baseline 0.017 -8"><span class='ocrx_word' id='word_1_857' title='bbox 2266 5875 2384 5914; x_wconf 76' lang='lat' dir='ltr'><strong>.llls.</strong></span> 
     </span>
    </p>
   </div>
   <div class='ocr_carea' id='block_1_118' title="bbox 2266 5877 2384 5928">
    <p class='ocr_par' dir='ltr' id='par_1_118' title="bbox 2266 5877 2384 5928">
     <span class='ocr_line' id='line_1_120' title="bbox 2266 5877 2384 5928; baseline 0.008 -22"><span class='ocrx_word' id='word_1_858' title='bbox 2266 5877 2384 5928; x_wconf 62' lang='lat' dir='ltr'><strong>.‘JllS.</strong></span> 
     </span>
    </p>
   </div>
  </div>
