4088 6452
347 346 452 407 653

1331 347 1429 406 DE
1473 345 1902 409 PRINCIPIIS
1938 346 2145 407 FIDE!
2188 344 2665 411 CATHOLICE.

3487 349 3595 415 654

345 463 585 533 ρίσματα
615 455 708 512 τοῦ
734 458 871 512 Θεοῦ
905 459 1042 527 μετά
1071 457 1207 511 Θεὸν
1239 456 1423 523 ἔλεγεν
1449 459 1505 509 ἐν
1539 460 1649 519 τοῖς
1679 458 1917 526 Θεολογι-

2037 461 2352 528 ruigmatis,
2384 475 2505 529 qua:
2538 458 2679 512 idem
2717 456 3013 526 Gregorius
3050 457 3360 530 Theologus
3387 463 3598 518 oratio-

343 557 459 615 κοῖς
508 550 675 604 αὑτοῦ
731 550 914 618 λόγοις
947 550 1098 619 (89)·
1153 549 1470 619 ἑρμηνεύων
1498 549 1553 600 δὲ
1582 551 1677 602 καὶ
1705 549 1824 601 τίνα
1852 550 1919 602 τὰ

344 640 701 711 γνωρίσματα
761 639 972 703 ταῦτα,
1050 640 1550 711 ἑπιφωνηματικῶς
1615 640 1917 710 ἐπήγαγεν,

350 753 370 788 ε
406 735 618 803 Ὠσπερ
669 733 727 785 αἰ
780 733 900 785 καθ’
959 732 1166 785 ὑδάτων
1191 733 1347 803 ήλίου
1384 734 1534 786 σκιαί
1585 733 1677 784 καὶ
1712 733 1922 795 εἰκόνες

349 827 576 895 σαθραῖς
604 825 762 894 ὄψεσι
790 824 1226 896 παραδεικνῦσαι
1248 824 1339 876 τὸν
1368 824 1544 895 ἥλιον,
1573 824 1696 878 ἐπεὶ
1720 824 1795 895 μὴ
1825 826 1922 878 αὑ-

348 914 438 967 τὸν
472 915 842 985 προσϐλέπειν
880 911 991 968 οἶόν
1043 931 1123 978 τε,
1173 913 1254 984 τῷ
1289 915 1584 983 ἀκραιφνεῖ
1625 914 1719 968 τοῦ
1744 915 1922 983 φωτὸς

344 1005 581 1058 νικῶντα
611 1004 709 1074 τὴν
744 1005 999 1075 αἴσθησιν
1021 1024 1033 1037 ·
1073 1025 1092 1058 ι
1135 1007 1258 1059 τότε
1289 1008 1344 1060 δὲ
1378 1008 1479 1060 οὐκ
1509 1010 1568 1060 ὲν
1609 1009 1788 1070 σκιαῖς
1811 1006 1922 1060 οὐδ’

347 1099 402 1150 ὲν
429 1099 767 1166 αἱνιγμασιν,
801 1099 918 1152 ἀλλ’
967 1100 1130 1154 αὐτὸν
1163 1101 1254 1154 τὸν
1300 1101 1455 1165 Θεὸν,
1487 1101 1671 1164 καθὼς
1694 1103 1743 1153 οἱ
1773 1101 1922 1168 ἆγιοί

349 1208 543 1260 φασιν,
565 1193 625 1244 οὐ
652 1191 868 1255 τελείως
895 1192 995 1262 τὴν
1019 1194 1208 1248 οὐσίαν
1231 1193 1397 1246 αὑτοῦ
1429 1193 1836 1253 κατανοοῦντες,
1859 1192 1922 1245 οὐ

348 1284 456 1353 γὰρ
509 1283 704 1354 ἔχομεν
747 1285 809 1337 τὸ
857 1285 1120 1353 ἀνάλογον
1154 1287 1488 1353 γνωστικὸν·
1547 1281 1581 1354 ἦ
1623 1286 1730 1354 γὰρ
1782 1280 1924 1354 ἦμεν

348 1375 472 1429 Θεοὶ
500 1377 622 1429 κατ’
653 1377 844 1438 αὐτὸν,
871 1377 1098 1448 ἄναρχοι
1130 1381 1225 1432 καὶ
1253 1378 1469 1448 ἄπειροι
1498 1379 1592 1430 καὶ
1619 1379 1926 1447 ἀπερίγρα-

351 1485 476 1520 πτοι
511 1469 605 1521 καὶ
638 1467 858 1536 τέλειοι,
895 1471 1256 1538 γινώσκοντες
1290 1471 1452 1523 αὐτὸν
1497 1469 1573 1534 ὡς
1602 1471 1762 1534 αὐτὸς
1797 1471 1926 1524 ἑαυ-

347 1561 459 1612 τόν.
534 1559 675 1612 Ἀλλ’
713 1561 886 1625 οὕτως
922 1561 1191 1630 ὀψόμεθα,
1227 1561 1416 1631 ὥσπερ
1471 1564 1598 1616 ὅταν
1649 1562 1711 1614 τὸ
1768 1562 1926 1634 ὄμμα

351 1651 490 1721 πρὸς
511 1652 602 1705 τὸν
622 1653 778 1724 ἥλιον
803 1654 1194 1725 ἀνατείνωμεν,
1243 1655 1343 1718 τὰς
1375 1657 1431 1707 ἑν
1459 1657 1572 1716 τοῖς
1603 1653 1794 1709 ὕδασιν
1823 1657 1926 1709 αῦ-

349 1742 444 1796 τοῦ
479 1746 639 1804 σκιὰς
675 1745 1039 1813 ὑπερϐάντες.
1070 1747 1202 1799 Τότε
1234 1745 1332 1815 μὲν
1360 1745 1470 1816 γὰρ
1499 1745 1591 1798 τὸν
1621 1746 1772 1816 ἥλιον
1799 1745 1922 1818 βλέ-

349 1852 475 1890 τειν
501 1835 754 1905 εἴποιμεν
777 1837 844 1889 ἂν
869 1835 1049 1907 ὀρθῶς
1069 1851 1085 1868 ο
1121 1837 1181 1889 οὐ
1220 1837 1328 1906 μὴν
1367 1837 1615 1906 ἀκριϐῶς
1637 1819 1802 1890 αὐτὸν
1825 1854 1927 1889 κα-

348 1929 589 1992 τανοεῖν,
640 1925 766 1980 οὔτε
817 1927 880 1980 τὸ
914 1926 1168 1996 μέγεθος,
1219 1925 1342 1982 οῦτε
1369 1927 1470 1999 τὴν
1497 1928 1708 1991 οὐσίαν,
1749 1926 1930 1981 καὶτὸ

350 2018 711 2087 ὑποκείμενον
757 2019 820 2073 τὸ
875 2017 1121 2072 δεκτικὸν
1145 2018 1258 2073 ’τοῦ
1291 2020 1469 2088 φωτός
1491 2037 1506 2051 ·
1557 2017 1684 2072 οὔτε
1714 2019 1784 2073 τὰ
1810 2019 1931 2072 κατ’

349 2113 514 2166 αὐτὸν
536 2112 751 2176 πάντα,
780 2111 840 2180 ἐξ
865 2105 940 2170 ὧν
970 2110 1226 2175 σύνθετός
1259 2114 1410 2166 ἐστιν
1434 2130 1447 2144 ο
1483 2114 1634 2182 ὅμως
1661 2111 1932 2181 λεγόμεθα

352 2205 569 2276 βλέπειν
606 2205 697 2260 τὸν
729 2205 905 2276 ἥλιον.
963 2206 1077 2260 Καὶ
1103 2204 1264 2258 τοῦτο
1304 2204 1404 2273 μὲν
1457 2204 1533 2267 ὡς
1579 2204 1932 2275 παράδειγμα

349 2295 639 2364 εἴληπται·
665 2295 791 2352 ὅθεν
829 2297 953 2350 οὐδὲ
991 2296 1060 2350 τὰ
1088 2296 1283 2350 τούτου
1315 2297 1409 2350 καὶ
1432 2297 1527 2350 ἐπὶ
1550 2295 1686 2348 Θεοῦ
1709 2293 1926 2366 λαμϐά-

350 2404 464 2442 νειν
495 2388 578 2442 δεῖ
626 2389 827 2457 πάντα,
858 2391 948 2445 ἵνα
984 2389 1061 2462 μὴ
1096 2389 1232 2459 πρὸς
1262 2390 1372 2452 τοῖς
1408 2387 1588 2452 ἄλλοις
1642 2389 1738 2442 καὶ
1767 2403 1926 2456 περι-

352 2481 601 2553 γραπτὸν
617 2483 708 2537 τὸν
737 2482 872 2536 Θεὸν
903 2480 1328 2553 φαντασθῶμεν.

2027 552 2186 604 uibus
2236 553 2353 605 suis
2405 549 2721 620 theologicis
2762 549 2998 612 dicebat,
3037 569 3056 602 ι
3092 551 3187 606 Dei
3225 553 3466 608 numinis
3498 569 3598 624 po-

2024 645 2253 697 steriora
2307 641 2418 696 Deo
2448 642 2680 708 indicia;
2723 660 2742 693 ι
2773 657 3168 713 exponcusque
3194 659 3445 714 quaenam
3482 645 3602 701 hare
3636 677 3639 679 -

2025 731 2371 802 intelligenda
2437 731 2662 793 indicia,
2729 732 2877 786 velut
2933 733 3265 787 sententiam
3331 733 3598 790 claudens

2025 826 2303 896 subjecit:
2356 845 2373 876 ι
2431 823 2548 880 Non
2588 840 2747 882 secus
2798 825 3050 880 videlicet
3096 841 3160 880 ac
3191 827 3325 884 solis
3363 828 3415 880 in
3443 827 3600 896 aquis

2024 919 2231 974 umbrae
2282 928 2446 988 atque
2506 917 2798 973 simulacra
2867 919 3102 973 inlirmis
3191 918 3368 972 oculis
3427 920 3598 973 solem

2025 1019 2418 1080 repraesentant
2466 1027 2480 1064 :
2533 1009 2976 1078 quandoquidem
3032 1026 3157 1065 eum
3205 1011 3422 1065 obtucri
3453 1025 3598 1080 ,nou

2025 1117 2339 1172 possumus,
2387 1109 2569 1169 utpote
2625 1101 2764 1155 lucis
2819 1102 3053 1170 puritate
3105 1117 3326 1156 sensum
3383 1116 3599 1155 omnem

2026 1204 2394 1262 Superantem.
2442 1212 2460 1244 ι
2524 1191 2678 1247 Tunc
2725 1207 2852 1246 vero
2909 1208 3017 1246 non
3077 1195 3132 1246 in
3176 1193 3382 1249 umbris
3411 1207 3511 1247 nec
3545 1193 3600 1247 in

2025 1285 2351 1354 aanigmatis,
2387 1286 2481 1337 sed
2513 1284 2692 1352 ipsum
2720 1281 2914 1350 Deum,
2941 1283 3020 1336 uti
3041 1282 3342 1353 loquuntur
3378 1281 3600 1347 Sancti;

2029 1396 2136 1433 non
2193 1379 2315 1448 ejus
2358 1375 2596 1447 perfecte
2651 1385 2993 1446 perspectam
3047 1377 3312 1433 habentes
3345 1377 3605 1432 substan-

2028 1472 2158 1525 tiam
2192 1488 2205 1523 :
2252 1485 2357 1524 non
2388 1469 2534 1523 enim
2569 1482 2633 1522 ea
2669 1467 2865 1522 mentis
2893 1475 3094 1522 nostra:
3121 1468 3206 1523 vis
3227 1476 3331 1533 est,
3376 1475 3436 1520 ut
3456 1465 3605 1536 pari-

2028 1563 2132 1617 bus
2172 1561 2248 1616 illi
2307 1560 2482 1614 modis
2521 1557 2872 1628 respondeat,
2916 1557 3122 1627 alioqui
3158 1556 3303 1611 haud
3335 1571 3494 1611 secus
3543 1569 3609 1609 ac

2033 1654 2124 1708 ille
2167 1652 2242 1706 dii
2271 1667 2542 1714 essemus,
2571 1650 2828 1720 principii
2874 1658 3149 1719 expertes,
3175 1647 3397 1713 infiniti,
3437 1647 3609 1704 incir—

2029 1744 2373 1814 cumscripti,
2421 1743 2673 1813 perfecti,
2708 1743 2884 1812 ipsum
2941 1749 3359 1813 cognoscentes,
3405 1749 3464 1795 ut
3495 1740 3611 1810 ipse

2029 1843 2270 1909 seipsum
2316 1836 2606 1908 cognoscit
2651 1855 2665 1891 :
2707 1837 2802 1892 sed
2835 1836 2917 1892 sic
2945 1851 3070 1891 eum
3103 1835 3435 1898 videbimus,
3465 1833 3613 1889 velut

2027 1945 2152 1986 cum
2185 1931 2456 1998 superatis
2486 1943 2608 1998 qua:
2637 1927 2692 1982 in
2719 1928 2878 1998 aquis
2923 1935 3161 1999 exstant,
3217 1925 3348 1982 solis
3377 1925 3611 1990 umbris.

2029 2022 2083 2076 in
2112 2021 2287 2092 ipsum
2346 2021 2538 2076 oculos
2595 2021 2765 2076 solem
2813 2019 3239 2075 intenderimus.
3270 2017 3428 2074 Tunc
3459 2017 3618 2074 enim

2029 2122 2174 2168 recte
2205 2113 2452 2168 dicamur
2478 2112 2663 2168 videre
2690 2112 2897 2179 solem;
2925 2112 3140 2166 tametsi
3179 2125 3308 2167 eum
3366 2109 3615 2181 perfecte

2028 2221 2148 2260 non-
2173 2207 2593 2276 perspiciamus,
2612 2221 2714 2261 nec
2748 2216 2951 2276 quanta
2978 2204 3098 2275 ejus
3139 2204 3484 2274 magnitudo,
3513 2217 3616 2259 nec

2034 2310 2234 2370 quanta
2273 2298 2580 2356 substantia
2629 2314 2694 2354 ac
2745 2299 3091 2370 suppositum
3133 2298 3308 2353 lucem
3354 2307 3614 2378 gestans;

2032 2406 2135 2446 nec
2171 2391 2406 2461 denique
2439 2400 2644 2462 quanta
2674 2392 2795 2460 ejus
2826 2392 3035 2456 omnia,
3067 2406 3134 2446 ex
3158 2391 3362 2460 quibus
3383 2405 3612 2462 compo-

2032 2484 2170 2538 situs
2199 2493 2304 2538 est.
2331 2483 2396 2540 Et
2426 2483 2529 2538 hoc
2551 2482 2772 2552 quidem
2826 2484 2974 2537 velut
3016 2485 3327 2554 exemplum
3362 2498 3620 2552 assump-

354 2591 468 2636 tum
522 2589 641 2648 est;
701 2581 843 2636 unde
899 2595 1002 2639 nec
1050 2582 1169 2653 cjus
1223 2581 1406 2636 omnia
1433 2587 1488 2636 et
1521 2581 1576 2635 in
1614 2579 1724 2636 Deo
1770 2579 2084 2649 usurpanda
2129 2589 2277 2646 sunt,
2340 2594 2410 2635 ne
2454 2590 2649 2652 praeter
2715 2580 2842 2648 alia,
2909 2579 3073 2635 etiam
3135 2575 3306 2644 Deum
3375 2581 3622 2640 circum-

352 2677 619 2747 scriptum
651 2678 1040 2750 intelligamus.

423 2770 704 2841 Μακάριοι
749 2775 930 2826 τοίνυν
991 2772 1250 2844 ἐσόμεθα,
1297 2772 1382 2825 ὅτι
1432 2771 1461 2826 ὃ
1506 2773 1568 2827 οὐ
1634 2772 1926 2844 βλέπομεν,

354 2861 741 2931 ἀναμφιϐόλως
770 2862 1122 2932 πιστεύομεν.
1159 2865 1260 2919 Διὰ
1292 2865 1404 2936 γὰρ
1445 2868 1543 2936 τῆς
1573 2865 1809 2928 πίστεως
1839 2865 1930 2917 ἐπὶ⁵

356 2953 454 3024 τὴν
484 2953 725 3024 ἀρῤητον
751 2941 848 3024 τῆς
877 2955 1039 3023 ἁγίας
1065 2956 1309 3025 ,Τριάδος
1343 2958 1763 3026 καταντήσομεν
1796 2954 1933 3008 θεω-

361 3045 506 3116 ρίαν,
539 3049 633 3100 καὶ
660 3046 752 3100 τὸν
775 3046 910 3100 Θεὸν
937 3046 1380 3118 ὀψόμεθαηκατὰ
1413 3047 1512 3117 τὴν
1553 3045 1646 3099 τοῦ
1678 3047 1932 3118 Σωτῆρος

359 3114 656 3205 ῦπόσχεσιν
676 3153 691 3167 ·
725 3137 815 3189 ὅτε
846 3114 1012 3191 αὑτὸν
1033 3114 1249 3208 excute}
1270 3139 1332 3191 τὸ
1361 3114 1590 3208 ἔσχατον
1617 3114 1851 3205 ἀγαθὸν,
1872 3138 1933 3189 οὑ

357 3226 661 3296 δεησόμεθα
683 3229 859 3292 τινόςο
892 3228 1031 3282 ἀλλὰ
1079 3229 1513 3300 πλησθησόμεθα
1535 3230 1680 3301 ζωῆς
1711 3230 1934 3282 αἰωνίου

362 3318 454 3372 καὶ
469 3319 645 3388 χαρᾶς
674 3320 769 3371 καὶ
800 3319 1202 3387 ἀγαλλιάσεως,
1238 3322 1376 3374 καθὸ
1412 3322 1654 3390 πέφυκεν
1683 3321 1934 3386 ἕκαστος,

362 3415 504 3464 κατὰ
527 3411 629 3482 τὴν
663 3411 964 3478 ἀναλογίαν
995 3412 1236 3476 πίστεως
1281 3413 1372 3466 καὶ
1422 3414 1516 3467 τοῦ
1546 3413 1794 3483 καμάτου
1841 3415 1939 3466 αῦ-

363 3499 472 3553 τῶν
494 3517 510 3533 ·
537 3501 632 3554 καὶ
666 3505 776 3574 γὰρ
808 3504 977 3574 μονὰς
1009 3503 1212 3567 πολλὰς
1256 3505 1408 3573 παρά
1439 3503 1517 3574 τῷ
1549 3503 1666 3572 Θεῷ
1699 3503 1938 3573 ἡκούσα-

365 3607 463 3659 μεν
499 3585 639 3644 εἶναι
661 3608 676 3622 ο
723 3595 801 3664 μὴ
854 3593 975 3646 κατ’
1006 3594 1188 3663 ὀλίγον
1229 3595 1289 3648 τὸ
1319 3593 1540 3647 δυνατὸν
1566 3595 1701 3664 ἡμῖν
1728 3592 1940 3664 λαμϐά-

363 3700 565 3748 νοντες,
597 3685 762 3755 ἀτελῆ
813 3685 908 3740 καὶ
942 3687 1079 3756 μετὰ
1108 3686 1288 3758 λύπης
1331 3686 1431 3758 τὴν
1467 3687 1694 3740 αἰωνίαν
1725 3686 1940 3755 ἐκείνην

365 3772 596 3846 Θεωρίαν
631 3775 726 3829 τοῦ
779 3777 915 3832 Θεοῦ
961 3779 1054 3832 καὶ
1081 3778 1384 3833 ἀπόλαυσιν
1413 3777 1649 3850 ἔχωμεν,
1687 3779 1784 3830 καὶ
1820 3775 1942 3846 μετ’

282 3877 291 3886 ’
361 3865 574 3932 ἐλπίδος
604 3870 700 3923 καὶ
730 3871 968 3938 ἐφέσεως
999 3873 1162 3924 κάκεῖ
1197 3871 1453 3940 ζήσωμεν
1473 3885 1488 3903 ο
1517 3851 1612 3923 καί
1647 3870 1770 3924 τότε
1798 3886 1939 3940 συμ-

367 3957 594 4028 ϐήσεται
627 3963 763 4032 ἡμῖν
787 3963 1008 4033 ἔχουσιν
1034 3962 1198 4018 αὐτὸν
1230 3962 1322 4014 τὸν
1351 3961 1506 4027 Θεὸν,
1538 3957 1600 4016 οὗ
1628 3968 1941 4033 γενομένοις

368 4054 549 4125 πάσης
580 4055 817 4123 θεωρίας
857 4056 1187 4122 ἀνάπαυσις,
1218 4055 1356 4127 ὅπερ
1378 4056 1406 4108 ὁ
1431 4055 1726 4126 Προφήτης
1752 4054 1940 4124 φησὶν,

376 4167 395 4200 ι
444 4147 502 4202 'O
532 4147 590 4201 δὲ
616 4147 822 4211 δεκαιος
854 4148 919 4202 ἐκ
950 4148 1182 4213 πίστεως
1206 4147 1454 4219 ζήσεται.
1489 4168 1510 4202 t

966 4405 1325 4460 ΕΠΙΛΟΓΟΣ.

1995 4011 1999 4014 .
2041 3956 2302 4026 derioqtte
2355 3958 2519 4011 vitam
2576 3967 2952 4014 sustentemus
3004 3975 3022 4012 ε

2107 2770 2255 2824 Beati
2290 2785 2420 2839 ergo
2461 2768 2688 2831 erimus,
2747 2768 2967 2838 quodid
2999 2769 3144 2837 quod
3191 2783 3296 2822 non
3350 2767 3622 2822 videmus.

2039 2866 2176 2922 citra
2206 2878 2424 2918 omnem
2459 2861 2857 2917 dubitationem
2913 2861 3276 2916 credimus".
3321 2860 3423 2914 Per
3459 2861 3619 2916 ﬁdem

2037 2957 2214 3019 euim,‘
2240 2955 2304 3008 ad
2341 2968 2598 3008 arcanam
2637 2961 2843 3008 sanctae
2879 2952 3167 3009 Trinitatis
3202 2953 3624 3022 contemplatio-

2041 3061 2162 3101 nem
2197 3045 2571 3110 deveniemus,
2626 3043 2934 3112 Deumque,
2963 3042 3118 3112 juxta
3162 3044 3309 3112 quod
3372 3044 3626 3098 Salvator

2042 3138 2316 3209 pollicitus
2346 3137 2502 3202 est“,
2534 3136 2706 3192 visuri
2737 3151 2928 3216 sumus
2955 3137 3200 3206 ;quando
3232 3137 3347 3206 ipsa
3382 3139 3624 3206 supremi

2045 3231 2182 3284 Boni
2215 3230 2564 3300 possessione
2598 3231 2767 3292 beati,
2792 3231 2995 3284 nullius
3024 3230 3346 3302 egebimus;
3385 3235 3478 3286 sed
3514 3231 3624 3284 vita

2049 3329 2254 3377 aeterna
2282 3329 2338 3376 et
2372 3321 2570 3390 gaudio
2604 3332 2658 3377 et
2692 3322 3074 3386 exsultatione,
3102 3336 3202 3391 pro
3239 3338 3304 3376 eo
3328 3337 3391 3376 ac
3425 3323 3625 3392 cuique

2040 3426 2414 3486 comparatum
2467 3422 2574 3480 est,
2627 3430 2724 3484 pro
2757 3415 2882 3470 ﬁdei
2947 3426 3148 3472 nostra:
3199 3418 3415 3472 ratione
3462 3426 3626 3486 atque

2044 3507 2268 3570 laboris,
2329 3505 2693 3576 implebimur.
2765 3505 2984 3562 Etenim
3045 3508 3361 3571 mansiones
3425 3508 3626 3562 multas

2043 3599 2183 3666 apud
2213 3597 2381 3652 Deum
2416 3612 2538 3652 esse
2563 3597 2973 3664 audivimus";
3010 3613 3074 3652 ne
3102 3599 3362 3667 paulatim
3396 3599 3447 3653 id
3467 3600 3626 3669 cujus

2044 3703 2274 3759 capaces
2313 3703 2508 3743 sumus
2563 3688 2917 3757 accipientes,
2982 3687 3360 3759 imperfectam
3422 3697 3623 3744 etcum

2048 3788 2282 3829 maerore
2314 3775 2615 3833 habeamus
2650 3786 2912 3830 aeternam
2947 3776 3094 3830 illaut
3127 3777 3223 3833 Dei
3282 3777 3626 3847 contempla-

2045 3865 2244 3920 tionem
2274 3880 2339 3919 ac
2362 3865 2790 3934 jucunditatem,
2817 3879 2984 3936 atque
3002 3866 3116 3922 illic
3137 3869 3308 3923 etiam
3340 3883 3438 3938 spe
3477 3868 3627 3924 desi-

3082 3967 3309 4030 tumque
3345 3962 3626 4032 continget

2045 4049 2206 4105 nobis
2242 4050 2410 4104 Deum
2441 4049 2620 4121 ipsum
2659 4051 3012 4118 habentibus,
3070 4051 3230 4124 cujus
3274 4053 3434 4109 nobis
3488 4055 3624 4109 ade-

2046 4142 2234 4212 ptione
2307 4145 2488 4199 omnis
2551 4144 2792 4198 sedanda
2851 4146 3242 4215 contemplatio
3305 4157 3413 4211 est,
3479 4149 3626 4218 quod

2046 4236 2312 4306 propheta
2383 4237 2459 4291 ait
2529 4255 2545 4290 :
2623 4255 2642 4288 ι
2717 4235 2907 4291 Justus
2975 4248 3156 4293 autem
3229 4254 3293 4294 ex
3365 4239 3468 4294 ﬂtle
3541 4243 3627 4294 vi-

2044 4338 2131 4383 vet
2169 4329 2234 4381 ’¹³.
2278 4348 2298 4380 ι

2612 4419 3030 4476 PERORATIO.

445 4495 555 4550 ’Ὶνα
614 4499 792 4550 τοίνυν
848 4499 941 4551 ἐπὶ
995 4499 1055 4551 τὸ
1102 4499 1456 4568 ἐλπιζόμενον
1506 4502 1932 4572 καταντήσωμεν

2114 4512 2185 4568 Ut
2207 4513 2369 4584 igitur
2397 4515 2462 4566 ad
2502 4516 2700 4568 bonum
2726 4516 2778 4568 itt
2807 4530 2902 4584 spe
2935 4515 3092 4570 nobis
3123 4517 3415 4586 repositum
3439 4533 3630 4587 perve-

367 4590 590 4655 ἀγαθὸν,
625 4591 917 4660 ὀφείλομεν
945 4591 1228 4644 πιστεύειν
1267 4596 1362 4644 καὶ
1413 4593 1650 4662 βεϐαίως
1682 4597 1939 4664 κατέχειν

363 4685 434 4734 τὰ
458 4681 700 4751 δόγματα
727 4682 824 4750 τῆς
855 4683 1015 4752 ἁγίας
1045 4683 1139 4735 τοῦ
1165 4684 1299 4736 Θεοῦ
1328 4685 1677 4758 Ἐκκλησὶας,
1699 4688 1764 4757 ἢν
1784 4690 1938 4758 μίαν,

366 4776 546 4841 ἁγίαν,
600 4763 1045 4845 καθολικὴνκαὶ
1101 4778 1470 4850 ἀποστολικὴν
1524 4782 1936 4852 ὁμολογοῦμενο

363 4870 466 4921 ὅσα
500 4870 629 4937 περὶ
657 4867 751 4921 τοῦ
805 4871 924 4932 ἐνὸς
957 4873 1056 4924 καὶ
1087 4873 1527 4940 τρισυποστάτου
1561 4874 1697 4928 Θεοῦ
1739 4877 1943 4944 κηρύτ-

365 4977 449 5012 τει
475 4977 488 4991 ·
523 4962 622 5014 ὅσα
658 4979 716 5014 τε
751 4964 879 5032 περὶ
907 4965 1003 5032 τῆς
1035 4965 1354 5033 οἰκονομίας
1390 4967 1484 5018 καὶ
1511 4968 1610 5036 τῆς
1640 4968 1941 5038 μελλούσης

369 5053 721 5117 ἀναστάσεως
779 5055 1062 5108 διδάσκει·
1101 5058 1193 5110 καὶ
1223 5055 1400 5110 πάντα
1448 5057 1744 5125 φυλάττειν
1778 5061 1944 5128 ὑγιῶς

369 5145 463 5195 καὶ
495 5145 754 5214 γνησίως,
798 5149 936 5218 μήτε
978 5149 1120 5202 κατὰ
1146 5149 1244 5218 τὴν
1269 5152 1474 5214 πίστιν,
1507 5152 1646 5220 μήτε
1684 5154 1825 5206 κατά
1845 5155 1946 5222 τὴν

369 5236 644 5291 πολιτείαν
670 5240 1032 5308 χωλεύοντας.
1069 5241 1214 5312 Πρὸς
1248 5241 1349 5311 μὲν
1382 5243 1489 5315 γὰρ
1523 5243 1613 5295 τὸν
1637 5245 1745 5295 ἀπὸ
1777 5245 1947 5315 μόνης

363 5330 459 5397 τῆς
487 5336 720 5392 πίστεως
754 5331 1066 5403 θαρροῦντα
1097 5338 1194 5405 τῆς
1232 5336 1452 5388 αἰωνίου
1487 5335 1635 5405 ζωῆς
1666 5337 1944 5406 ἐπιτυχεῖν

365 5422 391 5472 ὁ
424 5421 623 5491 Κύριος
667 5421 913 5494 εἴρηκεν,
974 5443 993 5478 ι
1060 5428 1132 5479 Οὐ
1171 5430 1278 5490 πᾶς
1313 5432 1340 5480 ὁ
1369 5429 1544 5497 λέγων
1601 5447 1712 5500 μοι,
1746 5430 1944 5499 Κύριε,

2045 4610 2282 4671 niamus,
2326 4622 2554 4662 necesse
2598 4617 2681 4660 est
2713 4617 2772 4661 ut
2811 4608 3127 4672 credamus,
3165 4626 3228 4663 ac
3270 4623 3474 4664 sauciat
3524 4609 3622 4665 Dei

2046 4701 2324 4765 Ecclesiae,
2345 4715 2505 4768 quam
2536 4715 2696 4752 uuam
2721 4699 3307 4755 sanctamcatholicatu
3329 4713 3380 4756 ct
3397 4707 3624 4772 aposto#

2044 4790 2205 4843 licam
2240 4788 2592 4854 conﬁtemur,
2614 4790 2835 4846 decreta
2875 4793 3102 4848 tirmiter
3129 4802 3445 4863 teneamus;
3476 4813 3627 4866 quae-

2045 4898 2261 4950 cunque
2298 4881 2658 4936 niutiruut'de
2705 4899 2814 4937 uno
2851 4900 2914 4938 ac
2943 4888 3083 4940 trinc
3128 4889 3454 4944 subsisteuti
3511 4892 3622 4945 Deo

2045 4975 2335 5042 pra-dicat;
2371 4991 2468 5028 nec
2499 4989 2605 5027 non
2637 4992 2982 5046 quaecunque
3009 4981 3074 5034 dc
3110 4981 3310 5036 Christi
3343 4987 3623 5055 mysterio,

2045 5068 2222 5133 deque
2257 5066 2438 5119 futura
2469 5069 2873 5123 resurrectione
2923 5071 3077 5125 ducet
3103 5091 3116 5138 ;
3143 5086 3450 5146 cunctaque
3492 5095 3627 5132 sane

2046 5172 2110 5211 ac
2142 5172 2266 5212 vere
2330 5173 2630 5223 servemus,
2672 5157 2728 5211 u‘t
2776 5177 2955 5229 neque
3017 5168 3160 5233 quod
3194 5169 3259 5222 ad
3310 5169 3471 5223 Iidem
3503 5187 3620 5240 spe-

2045 5259 2177 5316 ctat,
2211 5264 2307 5303 nec
2347 5253 2491 5319 quod
2519 5251 2584 5304 ad
2617 5252 2989 5322 disciplinam,
3025 5258 3322 5329 quidquam
3355 5264 3627 5319 claudice-

2048 5358 2193 5395 tnus.
2249 5343 2330 5395 Ad
2365 5358 2491 5396 eum
2545 5345 2765 5414 quidem
2819 5350 2911 5416 qui
2947 5367 3010 5404 cx
3055 5353 3169 5406 sola
3202 5352 3305 5407 title
3363 5365 3623 5410 atternam

2049 5435 2214 5487 vitam
2277 5449 2335 5488 se
2402 5437 2726 5505 adepturum
2779 5443 3080 5510 prmsmuit,
3117 5443 3256 5496 dixit
3309 5444 3621 5500 Douninus:

437 5605 696 5662 πόθει).
723 5625 815 5677 xx,
852 5613 944 5667 29.
1021 5612 1064 5644 "
1103 5609 1294 5666 Matth.
1329 5627 1379 5676 ν,
1424 5611 1480 5670 8.
1554 5612 1600 5643 τ’
1629 5610 1789 5668 Juan.
1824 5631 1939 5682 xlv,
1975 5613 2029 5668 2.
2109 5616 2154 5647 ⁷³
2185 5615 2388 5671 llabac.
2429 5632 2488 5684 tt,
2521 5620 2570 5674 4.

442 5768 553 5844 (89)
579 5773 728 5828 Orat.
759 5773 851 5831 3i.
