4088 6440
410 496 517 557 659
1283 491 1679 553 MANUELIS
1720 449 2025 551 CALECAi
2067 486 2164 548 DE
2201 488 2655 563 PRINCIPIIS,
2694 490 2855 551 ETC-
3571 484 3677 548 660

414 618 510 663 aut
550 625 673 664 cum
735 606 890 664 valde
929 607 1119 678 paucis
1149 622 1318 663 ausus
1353 617 1435 662 est
1467 607 1752 663 veritatem
1787 604 1992 673 scripto

2100 609 2266 664 αὐτδν
2291 610 2551 681 ἐγκωμίῳ
2584 612 2866 683 μνησθεὶς,
2906 630 2924 663 ι
2960 612 3136 672 Μόνος
3168 610 3396 675 ἐκεῖνος,
3443 627 3461 661 ι
3485 609 3677 678 φησὶν,

413 701 681 769 ριἮΙίιει-ἰ.
733 721 752 754 ι
792 699 941 757 Hanc
992 716 1200 756 vocans
1248 699 1577 767 Veritatem,
1626 714 1794 771 quam
1830 700 1875 755 is
1928 698 1992 753 ad

2104 722 2125 756 ι
2166 704 2198 777 ἢ
2233 707 2433 777 κομιδῇ
2478 709 2576 762 σὺν
2608 708 2835 776 ὀλίγοις,
2878 704 3228 776 ἀπετόλμησε
3281 703 3383 774 τὴν
3419 702 3678 773 ἀλήθειαν

409 794 613 850 ,ιιιιξιιιιι
678 794 801 850 ﬁdei
876 794 1268 866 professionem
1327 793 1571 864 scripsit.

483 969 562 1024 De
581 973 684 1026 hac
716 980 897 1025 autem
934 979 1123 1027 nostra
1154 972 1280 1037 ﬁde,
1318 985 1419 1025 nos
1448 982 1668 1037 quoque
1690 981 1808 1023 eam
1847 980 1999 1022 eom-

412 1062 618 1132 plentia
652 1078 867 1119 summe
897 1063 1207 1119 necessaria
1239 1062 1418 1132 capita
1444 1061 1633 1130 paucis
1665 1058 1999 1127 conscripsi-

413 1171 564 1221 mus,
594 1170 715 1224 qua:
763 1164 818 1210 tu
863 1154 1107 1225 quidem,
1154 1154 1350 1216 amice,
1421 1167 1449 1206 a
1484 1165 1569 1206 me
1638 1149 1927 1219 postulasti
1978 1166 1992 1205 :

413 1262 562 1302 nunc
594 1257 802 1315 autem,
832 1248 930 1303 tibi
959 1248 1166 1304 reddita
1195 1248 1387 1312 habes,
1439 1245 1693 1316 quamvis
1738 1257 1851 1297 non
1903 1256 1996 1298 sa-

416 1339 486 1395 tis
511 1348 754 1405 strenue,
782 1348 836 1396 et
862 1352 1125 1410 quantum
1158 1339 1418 1405 sufﬁciat,
1455 1338 1547 1394 sed
1593 1351 1692 1407 pro
1707 1334 1851 1389 virili
1899 1348 1997 1389 no-

417 1441 529 1488 stra
560 1432 839 1495 facultate,
873 1442 1077 1501 quanta
1119 1432 1379 1485 nimirum
1410 1430 1632 1486 donavit
1689 1427 1834 1483 Deus
1894 1441 1995 1496 pro

417 1541 554 1580 meae
583 1524 834 1582 lectionis
859 1526 1179 1596 exiguaeque
1194 1523 1495 1595 diligentia:
1510 1521 1728 1576 modulo
1759 1534 1822 1574 ea
1849 1520 1985 1576 sul)—

416 1616 758 1672 ministrans.
840 1615 982 1697 Quin
1050 1632 1120 1670 ne
1160 1617 1272 1670 haec
1322 1615 1437 1685 ipsa
1489 1613 1713 1680 quidem
1746 1612 1994 1667 dicturus

416 1722 591 1771 eram,
631 1709 779 1778 quod
840 1718 895 1763 et
933 1707 1091 1762 initio
1136 1706 1319 1776 operis
1371 1703 1631 1776 praefatus
1689 1720 1838 1769 sum,
1883 1704 1993 1759 nisi

417 1810 629 1856 certos
672 1800 887 1856 Sanctis
926 1799 1212 1871 pratdieari
1261 1813 1503 1863 nossem,
1551 1812 1853 1867 eorumque
1899 1813 1997 1852 au-

415 1885 701 1949 ctoritates
743 1892 795 1946 in
829 1901 1083 1961 promptu
1117 1891 1397 1946 haberem.
1430 1889 1560 1944 Mihi
1595 1891 1742 1945 enim
1773 1904 1994 1960 semper

417 1986 637 2055 quidem
680 2000 741 2040 ea
777 1984 912 2039 inita
953 1984 1092 2038 ratio
1133 1996 1238 2046 est,
1272 1992 1332 2040 ut
1375 1985 1713 2054 superiores,
1737 1992 1791 2038 et
1826 1984 1878 2037 in
1911 1984 1990 2038 eis

415 2078 674 2146 optimos,
726 2090 954 2146 sequar;
997 2078 1297 2146 praesertim
1349 2090 1480 2132 vero
1518 2077 1573 2131 in
1623 2076 1827 2132 divinis
1872 2091 1993 2129 eam

414 2170 549 2231 mihi
601 2167 772 2223 indixi
824 2168 1148 2223 servandam
1210 2167 1689 2233 consuetudinem,
1738 2177 1797 2223 ut
1855 2166 1993 2223 nihil

416 2261 671 2325 sentiam,
696 2260 829 2314 nihil
854 2260 1060 2327 dicam,
1096 2275 1259 2330 quam
1292 2261 1438 2331 quod
1471 2261 1770 2331 Scriptura:
1817 2260 1993 2316 visum

416 2357 507 2416 sit,
537 2338 832 2424 divinaque
861 2353 1074 2425 Spiritu
1109 2355 1322 2411 edoctis
1369 2354 1629 2410 Ecclesia:
1672 2354 1991 2425 magistris:

417 2446 550 2500 nihil
582 2438 821 2515 denique
849 2446 1109 2509 seribam,
1141 2445 1303 2513 cujus
1332 2460 1438 2500 non
1480 2453 1725 2515 apertam
1756 2453 1995 2501 certam-

414 2551 522 2607 que
558 2536 963 2601 auctoritatem,
997 2549 1061 2590 ex
1105 2549 1262 2589 saera
1296 2533 1390 2589 Dei
1419 2534 1727 2606 Scriptura,
1761 2536 1996 2607 ejusque

415 2632 796 2699 interpretum,
845 2643 985 2699 quos
1012 2629 1107 2683 Dei
1132 2626 1374 2683 Ecclesia
1403 2636 1458 2683 et
1486 2629 1750 2693 laudavit,
1803 2638 1861 2684 et
1894 2641 1996 2684 suo

414 2724 694 2793 praeconio
737 2722 916 2779 claros
963 2721 1231 2787 reddidit;
1267 2719 1434 2789 idque
1472 2719 1759 2776 manifeste
1790 2720 1997 2790 liqueat

414 2832 480 2868 ex
518 2814 627 2868 illis
659 2828 781 2884 quae
811 2813 1106 2877 edidimus,
1131 2812 1418 2882 magisque
1447 2813 1672 2876 clareat,
1708 2813 1872 2867 modo
1903 2826 1992 2865 so—

414 2910 529 2965 lum
561 2924 623 2965 ea
658 2922 780 2978 qua:
815 2908 1019 2978 scripta
1053 2914 1205 2970 sunt,
1255 2906 1376 2962 sine
1404 2907 1533 2962 dolo
1561 2914 1821 2977 rectoque
1845 2906 1992 2979 judi-

392 2988 504 3057 'cio
538 3008 841 3072 percurrat.
870 2997 1016 3053 Nihil
1051 2999 1196 3055 enim
1227 3012 1456 3068 prorsus
1481 3013 1508 3049 τι
1545 3011 1632 3052 me
1665 2998 1784 3067 ipso
1813 2996 1993 3062 intuli,

416 3097 510 3149 sed
533 3093 587 3149 id
613 3094 813 3161 solum,
838 3092 981 3162 quod
1016 3105 1079 3146 ea
1104 3107 1226 3160 qua:
1258 3089 1494 3145 diversis
1539 3087 1673 3144 locis
1719 3103 1752 3144 a
1789 3087 2000 3144 sanctis

415 3189 562 3245 dicta
601 3197 745 3250 sunt,
775 3187 891 3255 ipse
921 3185 1009 3240 hic
1043 3182 1254 3255 callegi,
1297 3184 1367 3238 ad
1421 3199 1610 3240 eorum
1650 3182 1746 3253 qui
1794 3181 1993 3239 lecturi

2096 797 2393 868 ἐγγράφως
2444 800 2818 870 ὁμολογῆσαν
2857 818 2877 853 ι
2938 797 3146 867 ταύτην
3177 796 3356 864 λέγων
3393 795 3679 866 ἀλήθειαν,

2097 886 2200 957 τὴν
2229 889 2370 959 πρὸς
2399 890 2608 943 ἐκεῖνον
2629 892 2944 963 γραφεῖσαν
2973 889 3300 960 ὁμολογίαν.

2174 978 2309 1048 Περὶ
2331 979 2390 1033 δὲ
2414 980 2623 1052 ταύτης
2658 981 2757 1050 τῆς
2816 981 3055 1042 πίστεως
3100 978 3259 1049 ἡμῶν
3296 978 3390 1032 καὶ
3419 977 3580 1047 ἡμεῖς
3609 975 3679 1030 τὰ

2097 1072 2535 1145 συμπληροῦντα
2590 1074 2762 1146 αὐτὴν
2817 1074 3223 1142 ἀναγκαιότατα
3287 1069 3561 1138 κεφάλαια
3619 1070 3679 1122 ἐν

2097 1167 2332 1235 ἐπιτομῇ
2368 1164 2819 1234 συνεγράψαμεν,
2881 1164 3027 1236 ἅπερ
3056 1163 3222 1225 αὐτὸς
3275 1160 3398 1230 μὲν,
3428 1152 3474 1214 ὦ
3502 1159 3677 1227 φίλος,

2096 1258 2229 1328 παρ’
2255 1257 2412 1328 ἡμῶν
2446 1242 2723 1329 ἐζήτησας
2742 1274 2758 1289 ·
2790 1259 2893 1330 ήδη
2928 1258 2985 1313 δέ
3016 1256 3162 1328 ἔχεις
3192 1254 3299 1308 τῶν
3329 1251 3678 1323 ζητηθέντων

2095 1340 2379 1414 ἀπόδοσιν,
2410 1348 2460 1401 εἰ
2491 1348 2585 1402 καὶ
2616 1350 2692 1421 μη
2714 1349 2982 1417 γενναίως
3017 1346 3115 1401 καὶ
3155 1335 3497 1417 ἀρκούντως,
3537 1341 3675 1395 ἀλλὰ

2095 1441 2240 1494 κατά
2268 1441 2368 1513 τὴν
2398 1443 2679 1516 ἡμετέραν
2704 1442 2963 1513 δύναμιν.
2999 1442 3232 1497 καθόσον
3262 1443 3289 1495 ό
3318 1439 3453 1502 Θεὸς
3486 1435 3677 1508 ἐχαρί-

2097 1547 2232 1585 σατο
2277 1532 2522 1604 δηλονότι
2580 1536 2649 1606 τῇ
2692 1532 2827 1604 παρ’
2861 1532 2999 1603 ἐμοῦ
3044 1533 3177 1604 περὶ
3234 1532 3334 1602 τὴν
3366 1530 3679 1598 ἀνάγνωσιν

2100 1620 2273 1695 μικρᾷ
2295 1625 2504 1697 σπουδῇ
2525 1625 2627 1697 τὴν
2664 1624 2934 1698 χορηγίαν
2962 1625 3365 1697 ἐπιμετρήσας.
3401 1623 3514 1678 Καὶ
3536 1621 3677 1675 αὐτὰ

2096 1716 2157 1769 δέ
2190 1715 2364 1770 ταῦτα
2397 1717 2497 1770 οὐκ
2526 1714 2593 1770 ἂν
2625 1711 2804 1777 εἷπον.
2842 1716 2872 1769 δ
2915 1716 3009 1770 καὶ
3050 1717 3357 1787 ἀρχόμενος
3389 1714 3597 1782 ἔλεγον,
3626 1713 3678 1765 εί

2101 1809 2176 1878 μὴ
2221 1806 2457 1879 βεϐαίως
2512 1810 2841 1881 ἠπιστάμην
2874 1811 3028 1882 παρά
3058 1812 3168 1864 τῶν
3199 1809 3371 1875 ἁγίων
3401 1808 3675 1878 κηρυττόε-

2022 1952 2064 2006 Β
2101 1919 2260 1973 μενα,
2301 1902 2400 1956 καὶ
2423 1902 2523 1965 τὰς
2561 1901 2869 1973 μαρτυρίας
2926 1902 2988 1968 ἐξ
3017 1902 3201 1957 αὐτῶν
3248 1897 3394 1972 εῐχον
3425 1897 3679 1972 προτιθέ-

2097 2011 2209 2049 ναι.
2252 1995 2366 2048 ’Δεὶ
2394 1994 2495 2066 μέν
2517 1995 2628 2066 γὰρ
2647 1995 2854 2064 ταύτην
2886 1996 2980 2050 ἐπὶ
3008 1997 3225 2051 πάντων
3253 1996 3353 2064 τὴν
3381 1992 3677 2065 συνήθειαν

2096 2084 2227 2158 ἐχω,
2279 2088 2392 2150 τοῖς
2441 2088 2931 2160 προηγησαμένοις
2968 2087 3065 2142 καὶ
3113 2086 3362 2156 ἀρίστοις
3418 2084 3672 2148 ἔπεσθαι,

2097 2177 2394 2248 ἐξαιρέτως
2425 2178 2481 2231 δέ
2518 2179 2611 2232 ἐπὶ
2639 2179 2748 2234 τῶν
2781 2179 2941 2232 θείων
2987 2177 3211 2249 ἐμαυτῷ
3247 2178 3348 2250 τὴν
3382 2176 3675 2248 συνήθειαν

2096 2269 2304 2341 ταύτην
2328 2271 2699 2339 φυλάττεσθαι
2727 2270 3015 2341 βούλομαι,
3044 2260 3212 2343 μηδὲν
3242 2272 3482 2340 φρονεῖν.
3510 2268 3676 2340 μηδὲν

2096 2363 2278 2432 λέγειν
2306 2366 2444 2437 ὅπερ
2468 2365 2531 2419 οὗ
2583 2365 2735 2419 δοκεῖ
2760 2365 2827 2435 τῇ
2863 2365 3052 2436 Γραφῇ
3091 2365 3189 2418 καὶ
3243 2365 3357 2427 τοῖς
3399 2362 3676 2432 μαθητευ-

2098 2457 2270 2512 θεῖσιν
2313 2458 2418 2511 ὑπὸ
2478 2456 2574 2512 τοῦ
2614 2458 2771 2528 ἁγίου
2823 2459 3167 2528 Πνεῦματος,
3196 2459 3311 2521 τοῖς
3333 2456 3677 2520 διδασκάλοις

2096 2549 2198 2619 τῆς
2228 2548 2589 2622 Ἐκκλησίαςο
2621 2550 2789 2620 μηδὲν
2818 2551 3076 2622 γράφειν,
3102 2547 3164 2606 οῦ
3193 2550 3269 2621 μὴ
3301 2541 3408 2622 ἔχω
3430 2548 3676 2619 φανερὰν

2100 2643 2196 2697 καὶ
2222 2642 2450 2713 βεϐαίαν
2471 2644 2572 2711 τὴν
2600 2644 2909 2714 μαρτυρίαν
2934 2643 3090 2713 παρὰ
3109 2644 3209 2712 τῆς
3239 2643 3400 2712 ἁγίας
3419 2642 3513 2696 τοῦ
3535 2641 3675 2694 Θευῦ

2097 2734 2323 2806 Γραφῆς
2352 2734 2580 2789 καὶτῶν
2605 2735 2812 2805 ταύτης
2843 2736 3147 2807 ἐξηγητῶν,
3172 2735 3265 2800 οὓς
3294 2737 3327 2807 ή
3360 2734 3669 2806 ,Ἐκκλησία

2098 2824 2193 2879 τοῦ
2230 2825 2367 2879 Θεοῦ
2401 2826 2495 2879 καὶ
2514 2825 2748 2897 ἐπῄνεσε
2777 2825 2872 2880 καὶ
2895 2826 3170 2891 ἐδόξασεν.
3208 2828 3274 2881 '0
3297 2825 3392 2879 καὶ
3425 2826 3533 2879 ἀπὸ
3565 2828 3677 2880 τῶν

2098 2916 2436 2971 ἐκτεθέντων
2492 2916 2653 2987 δῆλόν
2707 2918 2848 2981 ἐστι,
2882 2919 2980 2971 καὶ
3033 2917 3365 2986 γινώσκεται
3396 2917 3676 2987 καθαρῶς,

2097 3009 2261 3070 εῐντις
2287 3008 2451 3078 μόνον
2481 3009 2687 3074 ἀδόλως
2735 3009 2833 3064 καὶ
2861 3010 2961 3065 ἀπ’
3003 3009 3173 3081 ὀρθῆς
3213 3011 3447 3082 κρίσεως
3478 3011 3547 3063 τὰ
3584 3027 3681 3078 γε·

2098 3101 2394 3174 γραμμὲνα
2422 3100 2659 3155 ἐπέλθοι.
2692 3101 2814 3155 Ἀπ’
2835 3102 3078 3171 ἐμαυτοῦ
3110 3102 3221 3174 γὰρ
3249 3103 3400 3156 οὐδὲν
3431 3104 3678 3174 εἰσήνεγ-

2098 3211 2173 3249 κα
2206 3195 2424 3258 πάντως
2440 3211 2462 3245 .’
2522 3193 2681 3248 τοῦτο
2715 3194 2784 3260 ,δὲ
2840 3195 3024 3263 μόνον,
3055 3195 3138 3249 ὄτι
3174 3194 3241 3249 τὰ
3270 3196 3381 3258 τοῖς
3407 3196 3583 3264 ἁγίοις
3615 3198 3678 3249 ἐν

415 3288 565 3344 sunt,
593 3277 914 3333 ﬁrmandam
945 3276 1125 3341 fidem,
1148 3275 1376 3344 ejusque
1403 3273 1683 3329 veritatem
1710 3273 1991 3329 constabi-

2096 3288 2376 3359 διαφόροις
2424 3287 2662 3360 ῥηθέντα
2708 3286 2917 3354 τόποις,
2981 3287 3144 3350 αὐτὸς
3193 3286 3427 3341 ἐνταῦθα
3460 3286 3671 3356 συνῆψα

414 3371 675 3426 liendam.
705 3369 1031 3438 Quanquam
1066 3381 1133 3421 nc
1160 3365 1214 3421 id
1266 3364 1486 3436 quidem
1521 3363 1766 3419 facturus
1816 3377 1991 3427 eram,

414 3462 522 3517 nisi
564 3470 620 3513 tu
647 3474 678 3512 a
703 3472 791 3512 me
822 3456 1122 3526 exegisses,
1147 3466 1202 3510 at
1238 3468 1414 3524 neque
1440 3461 1492 3507 te
1515 3451 1786 3522 exigente,
1821 3451 1868 3507 si
1893 3451 1990 3506 tibi

413 3564 471 3607 et
529 3552 700 3605 otium
761 3558 815 3605 et
859 3549 980 3603 libri
1028 3556 1083 3602 et
1129 3546 1457 3603 eruditionis
1489 3544 1726 3600 facultas
1760 3546 1825 3599 ad
1880 3545 1994 3599 hinc

414 3647 648 3717 sparsim
680 3642 859 3713 posita
886 3640 1212 3712 colligenda,
1244 3655 1307 3694 ae
1346 3639 1626 3694 memoriae
1660 3654 1799 3708 penu
1838 3650 1992 3708 repo-

413 3737 595 3792 nenda
647 3733 797 3789 brevi
839 3732 1109 3787 sententia
1156 3731 1576 3802 comprehensa,
1614 3738 1990 3801 suppeterent:

416 3843 486 3885 ne
514 3828 799 3883 videamur
827 3825 1059 3895 superbe
1089 3824 1311 3895 aggredi
1340 3823 1409 3879 ad
1434 3824 1550 3880 haec
1568 3822 1991 3886 eonserihenda,

413 3934 479 3974 ae
555 3918 754 3973 diaboli
824 3917 1017 3972 morbo
1089 3916 1340 3971 laborare
1364 3916 1433 3983 ⁸⁸,
1500 3915 1660 3986 cujus
1723 3916 1810 3970 vel
1886 3931 1993 3970 nu-

413 4006 539 4069 dam
610 4010 846 4080 speciem
925 4024 1149 4065 necesse
1224 4019 1309 4066 est
1385 4024 1447 4066 ιιι
1525 4011 1716 4081 procul
1801 4024 1996 4065 aman-

412 4106 630 4163 demus.

486 4197 682 4253 Simile
703 4195 872 4267 igitur
902 4195 1113 4267 aliquid
1141 4195 1263 4256 feci.
1317 4211 1382 4251 ac
1411 4196 1458 4252 si
1491 4188 1638 4267 quis,
1668 4211 1832 4268 quam
1863 4210 1992 4268 pro-

414 4278 635 4346 ﬁtemur
666 4289 826 4350 ﬁdem
847 4288 1125 4359 accipiens
1148 4330 1163 4354 ,
1207 4305 1426 4361 nempe,
1484 4308 1502 4342 ι
1529 4289 1705 4346 Credo
1733 4290 1787 4344 in
1818 4306 1991 4345 unum

413 4381 610 4448 Deum,
640 4401 658 4433 ι
690 4390 753 4437 et
784 4397 909 4450 quae
940 4392 1269 4453 sequuntur,
1301 4383 1352 4439 id
1381 4384 1472 4438 illo
1495 4384 1717 4452 probari
1780 4383 1994 4442 diceret

414 4476 716 4545 Scriptura;
747 4477 1061 4533 testimonio
1103 4516 1119 4542 ,
1144 4478 1301 4533 lstud‘
1323 4478 1434 4532 alio
1465 4476 1729 4547 aliudque
1757 4477 1889 4533 alio.
1931 4487 1988 4534 et

411 4571 493 4630 sic
521 4570 777 4642 deinceps
812 4572 867 4637 in
895 4571 1055 4643 linem
1086 4587 1292 4644 usque;
1328 4572 1473 4629 unde
1515 4586 1695 4644 neque
1717 4574 1988 4644 meipsum

481 4732 530 4765 ⁸³
560 4730 581 4784 l
613 4731 860 4801 'l‘im.tn,
893 4732 947 4789 5.

2098 3382 2236 3449 πρὸς
2281 3381 2382 3451 τὴν
2416 3379 2526 3433 τῶν
2550 3379 2882 3452 ἰλεγομένων
2914 3379 3209 3449 βεϐαίωσιν
3242 3381 3343 3435 καὶ
3391 3374 3672 3451 ἀλήθειαν.

2098 3473 2294 3527 Καίτοι
2317 3472 2439 3526 οὐδὲ
2469 3472 2615 3526 τοῦτ’
2653 3472 2721 3527 ἂν
2751 3473 3001 3538 ἐποίουν,
3028 3473 3078 3525 εί
3110 3474 3186 3545 μὴ
3214 3474 3370 3544 παρὰ
3408 3473 3502 3528 σοῦ
3527 3473 3673 3527 τοῦτ’

2097 3563 2427 3636 ἀπῃτούμην
2451 3579 2467 3596 ο
2519 3562 2641 3616 οὐδέ
2693 3580 2781 3632 γε,
2817 3562 2980 3632 εῐπερ
3032 3559 3103 3632 ἦν
3135 3581 3218 3616 σοι
3256 3565 3351 3618 καὶ
3385 3565 3549 3636 σχολὴ
3578 3567 3673 3619 καὶ

2097 3656 2280 3728 βιϐλία
2314 3656 2408 3710 καί
2448 3673 2533 3719 τις
2563 3656 2794 3727 δύναμις
2828 3655 2989 3724 λόγου
3022 3656 3197 3711 ταῦτα
3237 3657 3516 3727 συλλέγειν
3547 3675 3678 3712 σπο-

2100 3751 2267 3820 ράδην
2295 3751 2546 3817 κείμενα,
2578 3751 2677 3804 καλ⁵
2732 3748 3286 3820 συμπερασματικῶς
3337 3753 3405 3821 τῇ
3462 3751 3675 3823 διανοίᾳ

2095 3842 2511 3896 ἐναποτιθέναι·
2562 3843 2652 3896 ἶνα
2685 3842 2760 3913 μὴ
2799 3841 3049 3913 ,δόξωμεν
3105 3841 3475 3911 ὑπερηφάνως
3500 3840 3678 3894 ἐλθεῖν

2094 3936 2186 3990 ἐπὶ
2209 3935 2271 3988 τὸ
2293 3934 2471 3989 ταῦτα
2510 3934 2876 4006 συγγράφειν,
2920 3935 3015 3989 καὶ
3044 3934 3145 4003 τὴν
3176 3934 3272 3988 τοῦ
3305 3933 3560 3987 διαϐόλου
3589 3936 3676 3987 νό-

2096 4045 2190 4084 σον
2221 4029 2417 4094 νοσεῖν,
2444 4030 2512 4102 ἣν
2546 4031 2642 4084 καὶ
2672 4027 2836 4101 μὲῇρι
2861 4027 2957 4083 τοῦ
2987 4027 3169 4082 δοκεῖν
3201 4026 3598 4101 ἁπορῤιπτέον.

2167 4207 2395 4278 Ὅμοιον
2424 4199 2519 4261 οὖν
2556 4221 2609 4257 τι
2658 4202 2956 4274 πεποίηκα,
3009 4200 3202 4275 ὥσπερ
3235 4199 3302 4256 ἂν
3348 4202 3402 4255 εί
3446 4192 3672 4272 τις’τὴν

2093 4298 2391 4370 ὁμολογίαν
2438 4298 2538 4367 τῆς
2594 4297 2836 4359 πίστεως
2866 4294 3024 4366 ήμῶν
3070 4294 3274 4357 λαϐὼν.
3306 4293 3453 4364 λέγω
3502 4294 3562 4349 δὲ
3587 4293 3673 4360 τὸ,

2099 4409 2117 4441 ι
2158 4389 2409 4444 Πιστεύω
2451 4392 2531 4452 είς
2560 4390 2658 4443 ἕνα
2684 4389 2841 4454 Θεὸν,
2887 4409 2907 4443 ι
2945 4389 3042 4443 καὶ
3085 4386 3154 4443 τὰ
3193 4387 3344 4459 ἑξῆς.
3391 4387 3512 4442 τόδε
3553 4388 3674 4457 μὲν,

2092 4480 2267 4552 εἶπεν,
2300 4483 2366 4536 ἐκ
2395 4481 2601 4553 ταύτης
2630 4481 2950 4535 συνίσταται
2997 4482 3100 4552 τῆς
3129 4480 3412 4553 γραφικῆς
3438 4478 3676 4549 ρήσεως,

2090 4575 2156 4630 τὸ
2179 4575 2237 4629 δέ
2264 4574 2325 4642 ἐξ
2344 4575 2566 4646 ἐτέρας,
2593 4575 2691 4629 καὶ
2716 4574 2846 4630 ἄλλο
2876 4575 2935 4643 ἐξ
2952 4574 3142 4647 ἄλλης,
3178 4571 3429 4643 καὶπερὶ
3458 4571 3679 4628 πάντων

416 4900 633 4961 sanctus
674 4890 785 4961 iste
839 4895 889 4941 et
944 4884 1193 4961 (Scrinia:
1226 4886 1450 4961 dog-tor?
1474 4886 1716 4961 Opponit
1750 4886 2066 4961 Bliaeen-c
2100 4888 2226 4961 data
2283 4886 2400 4961 haec
2457 4882 2912 4961 ﬁdeiuprofessio
2967 4883 3185 4941 dicatur
3230 4880 3450 4961 inperio
3497 4898 3675 4961 papae,

657 4960 679 4977 σν

417 4957 532 5015 dita
584 4978 598 5013 :
657 4960 852 5026 Ἂγιον
915 4959 1015 5027 μὲν
1090 4959 1183 5010 καὶ
1243 4957 1565 5011 διδάσκαλον
1631 4959 1743 5025 ἐχω
1777 4975 1792 4990 ν
1852 4957 1992 5026 πλὴν

413 5022 753 5099 ἀμφιϐάλλιιί
797 5027 884 5097 μὴ.
916 5022 1074 5081 ἐἶναι
1133 5027 1231 5095 τὴν
1287 5027 1447 5095 ῥῆσιν
1499 5022 1708 5096 ταύτην
1762 5022 1993 5095 γνησίαν

416 5101 583 5156 αὑτοῦ
616 5115 628 5128 ·
691 5100 795 5155 Per
851 5114 931 5151 nte
993 5110 1209 5151 sanctus
1263 5109 1337 5150 est
1388 5108 1438 5151 et
1489 5099 1711 5163 doctor;
1755 5109 1992 5151 attamen

415 5172 675 5228 sententia
723 5188 755 5224 ιι
800 5180 847 5224 te
888 5169 1055 5221 allata
1088 5169 1139 5221 in
1183 5168 1342 5224 dubio
1384 5178 1483 5231 est,
1509 5185 1576 5222 an
1610 5169 1847 5237 legitima
1883 5169 1993 5233 sit;

418 5260 516 5297 nec
552 5245 598 5298 is
632 5244 789 5295 aliter
827 5239 1090 5296 vindicat.
1123 5255 1286 5307 quam
1309 5252 1375 5292 ex
1408 5239 1815 5304 communibus,
1845 5241 1989 5305 quod

415 5314 624 5369 Scilicet
678 5311 764 5365 his
811 5310 990 5362 afﬁnia
1026 5309 1149 5363 aliis
1199 5308 1331 5363 locis
1381 5324 1488 5362 non
1539 5311 1808 5377 suSpectis
1848 5310 1988 5361 idem

418 5382 755 5437 Athanasius
778 5381 963 5439 dicat;
997 5380 1140 5446 quod
1179 5385 1367 5446 utique
1400 5380 1576 5448 ipsum
1630 5393 1736 5437 nun
1773 5378 1989 5444 sullicit,

415 5454 522 5508 nisi
556 5462 612 5507 et
644 5451 768 5505 lihri
800 5448 1100 5503 authentiei
1145 5450 1256 5503 sint
1287 5447 1551 5503 facientes
1583 5449 1740 5511 fidem
1778 5450 1995 5517 aliaque

417 5523 775 5578 adminicula.
808 5518 963 5585 Quod
1025 5534 1131 5571 non
1164 5521 1298 5577 satis
1337 5520 1589 5573 occurrit.
1614 5523 1685 5590 Ain
1736 5536 1801 5573 eo
1838 5523 1995 5590 Sym-

414 5594 579 5657 bcln;
619 5594 705 5645 vix
727 5591 870 5643 enim
898 5596 1095 5643 exstat.
1133 5599 1495 5658 praeterquam
1526 5591 1578 5643 in
1609 5588 1992 5657 "enuntiet-um

415 5663 792 5726 collectaneis,
854 5657 1117 5731 librisque
1176 5657 1366 5731 eorum
1426 5660 1732 5731 ptilemircis,
1792 5660 1993 5728 quibus

413 5734 597 5802 ipsum
632 5731 714 5785 νιιι
756 5728 1096 5800 impugnata,
1127 5730 1208 5789 vel
1240 5728 1737 5802 etiamjdrfendunt
1777 5747 1790 5784 :
1827 5731 1992 5798 idque

412 5800 607 5854 volunt
663 5802 762 5865 illi,
818 5802 911 5867 qui
967 5802 1126 5853 aiunt
1176 5816 1282 5853 non
1340 5800 1524 5853 haberi
1578 5801 1629 5853 in
1672 5801 1987 5856 Gl‘il.‘COl‘Ulll

410 5869 593 5930 libris,
642 5885 747 5922 non
798 5871 944 5923 enim
996 5872 1075 5922 sic
1126 5872 1326 5939 stupidi
1381 5872 1652 5931 videntur,
1695 5883 1751 5923 ut
1792 5883 1988 5937 negent

412 5939 598 6004 Graec
628 5939 837 5995 habui.
888 5940 1303 5997 Observandum
1337 5950 1391 5998 et
1439 5943 1581 6015 quod
1635 5942 1985 6005 l’lusiadeno,

2100 4959 2328 5026 reliquis
2374 4972 2504 5011 vero
2535 4957 2719 5018 editis,
2774 4967 2834 5009 ut
2879 4966 2932 5008 et
2983 4954 3450 5026 nostro-ﬁalecaa,
3484 4953 3676 5026 Julio:

2096 5023 2241 5096 quod
2291 5037 2345 5080 et
2379 5027 2698 5095 ἐπιγραφὴν
2734 5034 3012 5096 ululantem
3060 5023 3476 5096 redditLexque
3531 5025 3680 5079 arbi-

2096 5091 2205 5151 trio
2234 5091 2611 5164 adscriptam,
2642 5091 3012 5164 suspicionem
3057 5093 3210 5149 facit.
3244 5091 3460 5147 Titulus
3488 5109 3678 5149 emen—

2098 5169 2267 5247 tiendi
2297 5182 2492 5237 magna
2525 5166 2733 5247 pridem
2767 5165 2871 5247 fuit
2909 5165 3129 5247 licentia
3159 5182 3173 5218 :
3220 5164 3522 5247 nullusque
3553 5179 3676 5247 pro:

2096 5240 2259 5294 batus
2289 5233 2502 5300 auctor,
2528 5233 2618 5290 cui
2659 5250 2764 5289 non
2793 5237 2899 5289 alia
2928 5238 3083 5303 plura
3120 5233 3356 5305 ascripta
3395 5233 3545 5305 siuti;
3578 5236 3675 5303 qui

2094 5325 2252 5364 error
2276 5321 2330 5362 et
2362 5311 2413 5361 in
2446 5317 2634 5362 sancta
2664 5306 2883 5375 irrepsit
2916 5305 3210 5374 divinaque
3239 5304 3415 5360 ofﬁcia
3444 5314 3499 5359 et
3534 5304 3676 5372 ὡρο-

2084 5379 2278 5449 λόγια,
2342 5388 2400 5431 ut
2452 5386 2613 5449 vocat
2654 5375 2897 5449 _Gcnebr.
2950 5376 3165 5449 Quanta
3198 5376 3366 5449 enim
3428 5376 3670 5449 auctoris

2101 5445 2424 5519 imperfecti,
2463 5447 2713 5519 hominis
2742 5461 2862 5519 Anon
2917 5446 3063 5519 satis
3103 5445 3382 5519 catholici,
3466 5445 3672 5519 legatus

2100 5514 2323 5573 nomine
2346 5516 2716 5588 Chrysostomi
2738 5516 2762 5568 ?
2781 5515 2995 5582 Quanta
3024 5514 3266 5588 Fulberti
3283 5515 3671 5588 _C:_trn9tens_is,
3746 5554 3758 5567 .

2099 5583 2805 5658 pluriumque'incertorum
2825 5587 3043 5658 nomine
3068 5585 3356 5658 Augustini
3378 5586 3400 5639 2
3432 5583 3676 5658 Pseudo-

2102 5654 2528 5728 llieronymiana
2575 5656 2823 5728 quaedam
2855 5657 3115 5710 :ibswrsit
3138 5658 3288 5723 justa
3324 5654 3671 5723 sequentium

2096 5727 2419 5797 pontificum
2455 5741 2714 5797 censura.
2767 5727 2895 5779 llaec
2946 5727 3084 5779 forte
3134 5731 3314 5795 plura,
3354 5740 3519 5793 quam
3574 5738 3685 5791 pro

2099 5796 2201 5854 lori
2236 5800 2469 5860 ratione,
2500 5801 2616 5864 ipsa
2650 5796 2833 5849 forsan
2866 5797 2930 5850 ad
2967 5796 3237 5865 ejusmodi
3287 5803 3671 5857 tllOlllllllelllor

2093 5887 2214 5938 runt
2254 5884 2542 5925 censuram
2575 5882 2683 5921 non
2716 5868 2957 5933 inutilia.
3166 5906 3186 5923 .
3256 5903 3263 5910 ε
