4088 6492
425 386 523 450 661
1331 389 1670 450 JOANNES
1705 390 1990 449 CYPARI:

2107 391 2269 451 ora.
2316 422 2384 432 —
2421 379 2762 459 NOTITIA.
3568 405 3676 469 662

421 492 622 560 ὁμοίως
664 492 827 562 μέχρι
862 489 954 545 τοῦ
983 491 1192 555 τέλους.
1217 493 1382 547 Ὅθεν
1417 496 1525 548 οὐδ’
1561 495 1710 560 ἄξιον
1750 499 1986 552 ἐπαίνων

2109 503 2165 556 rb
2201 519 2320 558 cam
2355 507 2612 563 collatam
2644 523 2870 578 operam
2905 509 3067 564 laude
3096 511 3322 581 dignum
3374 510 3676 576 existimo;

423 583 661 658 ἐμαυτὸν
691 585 778 640 διὰ
810 581 968 636 τοῦτο
1009 584 1182 652 κρίνω
1204 600 1218 615 ο
1247 585 1389 655 πλὴν
1419 589 1466 639 εἰ
1495 587 1569 658 μὴ
1597 588 1868 656 λέγειτις,
1897 593 1992 645 καὶ

422 671 572 742 οἶμαι
598 676 841 740 δικαίως,
879 677 961 727 ὅτι
985 675 1120 729 καθὸ
1156 677 1322 747 μηδὲν
1349 679 1480 732 ἴδιον
1505 676 1658 734 εἶπον
1686 684 1778 735 καὶ
1805 683 1986 752 ἀσύμ-

423 781 599 833 φωνον
631 769 702 837 τῇ-
732 767 916 837 Γραφῇ
943 770 1170 832 καὶτοῖς
1198 769 1393 838 ἁγίοις,
1416 771 1564 837 ἄξιος
1588 775 1828 829 ἐπαίνων
1851 777 1990 845 εἰμί.

421 857 494 910 '1".
515 857 624 926 γὰρ
653 860 751 926 τὴν
783 859 1043 929 Πατέρων
1070 861 1253 914 πίστιν
1286 863 1382 918 καὶ
1410 865 1693 933 ὁμολογεῖν
1723 869 1816 921 καὶ
1854 886 1990 938 συγ-

419 948 654 1016 γράφειν
682 949 826 1001 τοῦτ’
843 949 977 1002 ἐστι·
1006 952 1087 1004 διὸ
1112 954 1298 1008 πολλοὶ
1318 960 1730 1025 στεφανοῦνται.
1752 962 1815 1013 Ei
1837 962 1882 1016 δ’
1896 964 1990 1016 ἐπὶ

419 1040 631 1104 τούτοις
664 1039 724 1094 οὔ
759 1059 902 1112 φημι
931 1044 1141 1116 δίκαιον
1167 1047 1452 1111 ἀξιοῦσθαι
1490 1053 1755 1115 ἐπαίνων,
1790 1055 1986 1108 καθότι

417 1131 568 1184 ἄλλοι
602 1135 992 1200 κεκοπιάκασι,
1031 1136 1128 1188 καὶ
1175 1137 1286 1206 ἐγὼ
1345 1139 1425 1202 εἰς
1472 1141 1564 1194 τὸν
1604 1145 1773 1196 κόπον
1809 1144 1992 1198 αὐτῶν

357 1241 376 1258 υ
417 1225 774 1296 εἰσελήλυθαο
831 1229 1014 1298 πολλῷ
1051 1231 1252 1299 μᾶλλον
1281 1231 1404 1284 οὶδὲ
1443 1233 1724 1303 μέμψεως.
1759 1237 1986 1292 Ἑκάτε-

419 1335 513 1387 ρον
567 1322 679 1389 γὰρ
707 1322 800 1372 ἐπὶ
832 1322 930 1392 τὴν
960 1322 1313 1378 διδασκαλίαν
1361 1327 1460 1396 τῆς
1490 1327 1715 1399 Γραφῆς
1743 1333 1837 1383 καὶ
1861 1333 1990 1395 τοὺς

417 1408 604 1477 ἁγίους
639 1411 1060 1482 ἀναδραμείται.
1100 1416 1182 1468 Τὰ
1210 1417 1350 1471 αὖτά
1379 1418 1486 1488 γὰρ
1523 1421 1686 1473 πάλιν
1718 1422 1848 1490 ἐρῶ,
1914 1422 1989 1489 ὡς

416 1499 568 1552 οὐδὲν
614 1501 710 1552 ἀπ’
767 1505 1010 1570 ἐμαυτοῦ
1073 1507 1204 1559 ἴδιον
1239 1503 1415 1574 εἷπον,
1447 1509 1581 1563 ἀλλὰ
1609 1512 1676 1565 τὰ
1706 1513 1857 1584 παρὰ
1889 1515 1990 1583 τῆς

417 1590 579 1655 ἁγίοις
608 1591 834 1661 Γραφῆς
894 1595 990 1648 καὶ
1039 1597 1147 1650 τῶν
1184 1598 1525 1654 διδασκάλων
1559 1601 1660 1670 τῆς
1700 1603 1793 1656 τοῦ
1849 1604 1987 1658 Θεοῦ

429 1679 758 1750 Ἐκκλησίας
783 1686 1024 1754 περὶτῆς
1042 1688 1227 1754 ὑγιοῦς
1253 1690 1364 1742 τῶν
1380 1692 1725 1762 Χριστιανῶν
1753 1696 1992 1763 πίστεως

2110 599 2218 653 nisi
2249 599 2374 668 quis
2409 600 2548 654 forte
2579 601 2745 665 dicat,
2773 618 2836 656 ac
2864 611 3000 672 puto
3031 605 3246 665 merito,
3277 617 3341 658 ea
3366 617 3452 657 me
3509 605 3678 657 ratio-

2111 705 2178 744 ne
2227 691 2438 745 laudem
2468 694 2849 761 promeritum,
2882 695 3022 763 quod
3053 694 3188 748 nihil
3211 694 3492 762 proprium
3521 694 3678 749 dixe-

2111 783 2236 849 rim,
2300 794 2459 837 autve
2524 785 2821 854 Scripturis
2868 787 3185 855 sanctisque
3239 786 3552 842 dissonum.
3617 787 3676 840 ld

2106 879 2250 931 enim
2272 876 2490 931 Patrum
2521 876 2680 930 fidem
2712 878 2948 946 profiteri
2975 879 3044 932 sit
3074 893 3136 932 ac
3161 877 3541 944 conscribere;
3567 893 3678 948 quo

2107 969 2328 1025 nomine
2358 970 2511 1024 multi
2540 975 2900 1022 coronantur.
2931 965 3028 1020 Sin
3063 975 3247 1020 autem
3313 966 3522 1020 idcirco
3589 965 3677 1018 di-

2105 1079 2224 1120 cam
2268 1064 2408 1116 haud
2441 1077 2654 1132 arquum
2677 1077 2798 1116 esse
2826 1075 2912 1115 me
2949 1061 3160 1114 laudem
3207 1058 3483 1126 consequi,
3530 1057 3675 1127 quod

2108 1157 2200 1212 alii
2234 1157 2640 1217 laboraverunt,
2670 1164 2723 1208 et
2750 1169 2852 1223 ego
2892 1152 2946 1207 in
2980 1152 3217 1206 laborem
3252 1149 3466 1204 illorum
3503 1149 3721 1250 intra~§

2105 1245 2190 1310 vi;
2228 1243 2384 1312 longe
2413 1242 2610 1311 potiori
2658 1241 2868 1296 ratione
2891 1256 2992 1296 nec
3015 1255 3112 1311 par
3143 1239 3308 1294 fuerit
3359 1238 3482 1293 inde
3542 1237 3675 1291 mihi

2105 1335 2434 1404 vituperium
2466 1334 2664 1387 creari.
2702 1332 3010 1400 Utrumque
3064 1331 3210 1384 enim
3270 1330 3323 1384 in
3379 1324 3678 1398 Scripturae

2106 1427 2410 1482 doctrinam
2445 1437 2770 1494 sanctosque
2801 1422 3015 1477 redibit.
3053 1422 3254 1476 Eadem
3304 1421 3450 1474 enim
3483 1434 3678 1474 rursus

2107 1518 2231 1573 dico
2265 1535 2280 1572 :
2313 1516 2459 1571 Nihil
2495 1532 2527 1570 a
2566 1531 2654 1570 me
2684 1526 2842 1584 atque
2872 1514 3152 1583 proprium
3189 1526 3278 1566 me
3330 1510 3554 1574 dixisse,
3583 1511 3676 1564 sed

2109 1625 2231 1681 quae
2258 1611 2328 1664 ab
2365 1607 2646 1676 Scriptura
2671 1621 2827 1662 sacra
2860 1620 2923 1666 ac
2949 1604 3048 1658 Dei
3080 1603 3341 1658 Ecclesiae
3396 1601 3678 1670 magistris

2106 1703 2373 1758 docentur
2398 1701 2465 1756 de
2487 1714 2619 1756 sana
2646 1697 3084 1752 Christianorum
3117 1694 3243 1758 (ide,
3287 1693 3404 1747 haec
3453 1691 3680 1761 sclegis~

417 1771 802 1842 διδασκόμενα,
832 1777 1002 1830 ταῦτα
1038 1779 1428 1850 ἐξελεξάμεθα,
1467 1783 1504 1837 ἃ
1534 1786 1626 1836 καὶ
1653 1785 1739 1838 διὸ
1772 1788 1869 1858 τὴν
1891 1806 1990 1842 σοι·

419 1863 649 1888 ηληημη
692 1865 876 1888 ,οη-η
909 1869 976 1888 ρ,
1010 1887 1037 1888 η
1080 1864 1128 1888 ,ο
1278 1873 1293 1885 ς
1422 1873 1483 1888 μ
1698 1876 1711 1888 -
1783 1880 1795 1888 ι
1839 1879 1861 1888 -

2107 1809 2198 1860 se;
2222 1808 2396 1862 eaque
2428 1792 2544 1862 ipsa
2579 1789 2847 1844 claritatis
2878 1802 3040 1842 causa
3075 1785 3198 1839 rudi
3229 1797 3481 1839 sermone
3540 1797 3679 1851 pau-

419 1863 649 1933 φήνειαν
690 1865 978 1931 ἰδιωτικῶς
1007 1864 1524 1939 καὶ’κεφαλαιωδ;ἶ›ς
1580 1876 1724 1930 κατὰ
1749 1880 1809 1932 τὸ
1834 1879 1990 1936 δυναμ

2107 1886 2291 1955 cisque
2322 1881 2743 1954 perstringendo
2771 1879 2950 1950 quoad
2999 1876 3176 1941 licuit,
3203 1873 3549 1930 defunctorie
3601 1873 3681 1929 le-

417 1955 506 2007 τὸν
530 1956 590 2006 ἐν
626 1955 704 2026 τῷ
746 1959 976 2026 παρόντι
1007 1962 1394 2032 σχεδιάσαντες
1425 1965 1747 2038 ὲξεθέμεθα.

2107 1975 2348 2043 viorique
2381 1986 2548 2041 opera
2580 1971 2634 2024 in
2658 1967 2910 2039 praesenti
2955 1967 3094 2022 libro
3128 1964 3470 2038 exposuisse.

1684 2378 1855 2425 ANNO
1890 2379 2120 2425 DOMINI
2174 2379 2443 2426 MCCCLV.

999 2414 3083 2836 illiri‘""iillrlsmii

1754 3194 2346 3310 NOTlTlA

1441 3436 1688 3512 FABRIC.,
1718 3437 1970 3494 Bibliolli.
1997 3439 2089 3496 Gr.
2126 3442 2212 3496 ed.
2249 3437 2460 3502 llarles,
2490 3449 2530 3493 t.
2553 3437 2647 3494 XI.

435 3745 474 3783 ⁸
498 3751 760 3835 Joannes.
783 3776 1185 3850 Cyparissiota,
1231 3778 1560 3847 cognomine
1611 3773 1876 3844 Sapiens,
1920 3771 2153 3830 Palamie
2187 3773 2290 3845 ipsi
2324 3787 2552 3844 suppar,
2583 3781 2720 3844 post
2745 3789 2878 3829 ann.
2912 3773 3051 3830 1560
3081 3757 3302 3840 scripsit
3332 3772 3672 3842 Παλαμικῶν

384 3912 389 3916 .
431 3867 821 3936 παραϐάσεων,
855 3867 1309 3922 Palumiticarum
1351 3866 1834 3938 transgressionum
1872 3863 2044 3919 libros
2080 3863 2150 3928 4,,
2181 3877 2248 3918 ex
2279 3863 2480 3931 quibus
2516 3863 2758 3932 primum
2790 3872 2846 3918 et
2883 3871 3142 3932 quartum
3170 3861 3411 3931 vulgavit
3440 3861 3676 3917 Combe-

431 3954 586 4009 lisius
621 3954 807 4010 Grmce
829 3964 885 4012 et
910 3954 1103 4009 Latine
1129 3954 1182 4008 in
1212 3953 1474 4008 Auctario
1504 3951 1832 4016 novissimo,
1869 3958 2021 4019 parte
2051 3949 2319 4017 secunda,
2354 3966 2407 4020 p.
2437 3951 2508 4008 68
2529 3961 2582 4006 et
2604 3950 2829 4006 85-105.
2860 3949 3015 4025 [lude
3042 3949 3238 4007 Latine
3270 3951 3324 4005 in
3353 3950 3494 4006 Bibl.
3522 3967 3670 4006 max.

432 4041 589 4098 Patr.
614 4042 787 4111 Lugd.
815 4054 947 4099 tom.
979 4033 1070 4106 21,
1106 4057 1162 4111 p.
1188 4039 1476 4113 476489.]
1508 4040 1670 4095 Liber
1694 4039 1965 4095 secundus
1992 4045 2046 4094 et
2073 4039 2268 4095 tertius
2299 4040 2477 4095 adhuc
2506 4039 2694 4095 inediti
2727 4039 2918 4106 latent,
2951 4040 3094 4096 sicut
3117 4049 3171 4095 et
3194 4039 3296 4095 alia
3331 4040 3512 4110 spissa
3546 4041 3670 4109 ejus

429 4144 594 4200 opera
624 4141 860 4202 quatuor
900 4136 1164 4187 adversus
1202 4130 1453 4185 eumdem
1487 4129 1800 4192 Palamam,
1848 4137 1908 4182 ut
1951 4126 2006 4196 1)
2037 4126 2199 4196 Λόγοι
2252 4128 2315 4192 8,
2369 4127 2634 4184 adversus
2680 4127 2914 4183 Palamae
2948 4136 3159 4185 tomum
3196 4127 3426 4198 ejusque
3467 4143 3668 4184 novam

434 4219 590 4272 ﬁdem
623 4235 638 4274 :
711 4221 783 4288 2)
818 4219 909 4274 alii
950 4219 1101 4287 λόγοι
1133 4219 1166 4274 8
1199 4216 1682 4273 criminationibus
1726 4214 1964 4271 Palamae
1997 4215 2052 4270 in
2091 4214 2437 4271 adversarios
2470 4214 2536 4270 de
2565 4214 2801 4271 Lumine
2843 4215 3095 4272 increato
3138 4216 3568 4288 respondentes,
3610 4230 3676 4270 ac

431 4308 638 4376 aliquot
665 4307 1063 4376 quaestionibus
1123 4321 1343 4362 omnem
1382 4307 1450 4361 de
1489 4305 1581 4359 illo
1613 4303 2117 4359 considerationem
2152 4303 2602 4373 complectentes.
2676 4304 2731 4374 '5)
2767 4304 2934 4373 Λόγοι
2966 4313 3076 4360 tres
3151 4306 3414 4376 (quorum
3461 4305 3674 4375 primus

434 4397 486 4448 in
552 4396 731 4466 capita
781 4396 848 4450 75
885 4395 1236 4466 dispescitur)
1283 4403 1477 4450 contra
1529 4391 1922 4446 Palamitarum
1965 4391 2373 4448 anniversarias
2403 4391 2459 4446 in
2494 4387 2846 4448 adversarios
2886 4393 3036 4449 diras
3063 4405 3116 4450 et
3141 4395 3629 4450 exauctoratiooes
3654 4437 3670 4458 .

431 4485 550 4538 sive
577 4493 769 4539 contra
811 4484 1028 4540 illorum
1061 4483 1426 4538 ἀποστασίαν.
1501 4484 1554 4553 4)
1588 4497 1728 4552 opus
1750 4478 2313 4544 Anti-Palamiticum,
2339 4494 2507 4535 unum
2539 4489 2737 4536 caetera
2767 4478 2880 4536 fere
2910 4482 3096 4537 omnia
3134 4483 3363 4553 aeq'uans
3393 4483 3676 4554 magnitu-

433 4572 582 4636 dine,
612 4581 667 4626 et
690 4585 816 4628 ante
841 4573 930 4627 illa
963 4573 1128 4627 etiam
1155 4573 1223 4626 ab
1247 4571 1618 4643 Cyparissiota
1649 4570 2012 4640 publicatum.

503 4661 696 4714 Exstat
728 4670 783 4715 et
809 4661 960 4715 aliud
991 4660 1149 4715 istius
1181 4659 1569 4728 Cyparissiotae
1602 4660 1712 4713 huc
1737 4666 2012 4728 spectans,
2049 4665 2103 4712 et
2131 4655 2294 4712 simul
2324 4656 2612 4727 mysticam
2643 4656 2870 4711 tradens
2899 4656 3232 4726 theOIOgiam
3259 4698 3274 4724 ,
3305 4673 3444 4728 opus
3469 4659 3672 4714 subtile

431 4755 487 4801 ct
519 4747 816 4813 eruditum,
849 4748 993 4816 quod
1046 4746 1369 4802 inscribitur
1406 4745 1667 4809 Ἔκθεσις
1701 4743 1990 4815 στοιχειὼδ·

2107 4747 2295 4816 ὶήσεων
2335 4745 2699 4814 θεολογικῶν,
2751 4746 3026 4815 Expositio
3068 4747 3412 4802 elcmentaria
3452 4764 3636 4802 eorum
3661 4785 3675 4810 ,

431 4853 548 4905 qua:
571 4828 767 4892 tle-Deo
798 4854 830 4891 a
853 4837 1109 4904 theologis
1142 4836 1416 4899 dicuntur,
1449 4835 1504 4888 in
1529 4833 1716 4889 decem
1743 4833 1978 4889 decades
2008 4833 2230 4898 tributa,
2309 4832 2362 4900 1)
2397 4832 2466 4888 de
2496 4833 2768 4904 theologia
2791 4835 3130 4906 symbolica;
3206 4835 3264 4903 Ξ)
3299 4836 3366 4890 de
3393 4836 3668 4907 theologia

433 4929 902 4994 demonstrativa;
977 4928 1033 4998 5)
1064 4928 1130 4982 de
1160 4926 1363 4982 divinis
1397 4910 1882 4992 enarrationibus;
1957 4925 2015 4996 4)
2053 4926 2120 4981 de
2148 4926 2351 4981 divinis
2388 4927 2706 4982 nominibus
2739 4941 3044 4996 eorumque
3081 4929 3300 4999 origine
3326 4939 3380 4984 et
3405 4931 3672 4986 informa-

435 5020 619 5083 tione;
699 5017 753 5088 5)
787 5018 854 5072 de
884 5014 1318 5086 proprietatibus
1345 5013 1658 5069 divinorum
1690 5015 2012 5082 nominum;
2090 5013 2143 5085 6)
2183 5013 2251 5069 de
2287 5013 2726 5084 apparitionibus
2757 5013 2932 5069 divini
2970 5015 3234 5084 luminis;
3315 5017 3367 5088 7)
3401 5019 3470 5074 de
3493 5020 3676 5075 divina

431 5106 886 5176 participatione;
961 5105 1016 5175 8)
1051 5102 1119 5158 de
1149 5101 1418 5156 inﬁnitate
1452 5101 1547 5154 Dei
1589 5100 1645 5154 in
1683 5105 1992 5168 creaturls;
2069 5101 2124 5172 9)
2159 5102 2225 5156 de
2257 5102 2528 5156 inﬁnitate
2559 5103 2613 5156 in
2646 5102 2795 5168 Deo;
2831 5101 2920 5175 10)
2959 5105 3025 5159 de
3061 5104 3248 5161 divina
3297 5107 3672 5177 simplicitate.

435 5193 548 5247 lloc
581 5209 720 5262 opus
750 5193 940 5248 Graece
967 5199 1238 5260 repertum
1271 5189 1538 5244 Messanae
1569 5188 1623 5242 in
1655 5189 1841 5243 Sicilia
1877 5189 1931 5243 in
1967 5190 2293 5245 bibliotheca
2323 5190 2384 5244 ι).
2413 5189 2648 5247 Joannis
2681 5191 2963 5262 Lascaris,
2998 5192 3331 5250 Franciscus
3363 5194 3671 5252 Turrianus

433 5279 624 5336 Latine
650 5295 772 5336 cum
799 5279 1022 5335 scholiis
1046 5278 1252 5335 editum
1287 5276 1560 5332 dedicavit
1597 5276 1837 5331 Antonio
1879 5276 2208 5347 Augustino,
2249 5281 2497 5350 archiep.
2534 5280 2972 5351 Tarraconensi,
3017 5283 3178 5342 Rom.
3217 5285 3378 5349 1581,
3421 5287 3485 5352 ις
3531 5289 3672 5343 unde

433 5383 686 5424 recusum
717 5367 906 5423 Latine
935 5367 992 5422 in
1015 5365 1368 5423 Bibliotheeis
1396 5363 1617 5418 Patrum
1643 5363 1961 5420 Coloniensi
1987 5405 2003 5431 ,
2035 5377 2168 5423 tom.
2206 5367 2269 5422 Xl
2303 5407 2319 5432 ,
2353 5377 2406 5423 et
2433 5368 2790 5438 Lugdunensi
2811 5410 2827 5435 ,
2861 5380 2994 5425 tom.
3026 5370 3167 5439 XXI,
3201 5389 3254 5442 p.
3289 5375 3416 5430 377.
3448 5373 3669 5446 (From)

432 5461 603 5518 Paris.
633 5462 686 5516 in
719 5462 851 5516 bibl.
877 5460 1032 5531 publ.
1054 5461 1178 5514 cod.
1207 5458 1364 5524 1216,
1395 5467 1524 5514 sunt
1551 5456 1710 5514 Joan.
1733 5456 2114 5529 Cyparissiotae
2154 5462 2207 5531 1)
2240 5461 2643 5518 Palamicarum
2677 5465 3182 5536 transgressionum
3216 5469 3340 5521 libri
3372 5467 3426 5520 4,
3456 5467 3666 5520 Secun-

434 5550 535 5606 dus
564 5549 838 5616 ineditus;
876 5549 965 5604 inc
1001 5567 1016 5604 :
1060 5547 1338 5619 Πρόδηλον
1369 5546 1468 5616 μὲν
1491 5542 1584 5600 οὖν
1613 5564 1628 5612 ;
1672 5547 1868 5602 tertius
1895 5547 1990 5602 alia

2113 5550 2284 5605 nedit.
2316 5551 2458 5604 Ὀσα
2497 5551 2598 5620 μὲν
2621 5546 2737 5607 οὖν.
2780 5553 2837 5614 2)
2878 5552 3030 5608 Libri
3063 5563 3188 5611 octo
3225 5555 3490 5609 adversus
3515 5553 3674 5608 Pala-

435 5653 604 5703 mam,
637 5639 863 5708 ejusque
897 5653 1092 5691 novam
1127 5637 1324 5702 ﬁdem;
1385 5635 1493 5689 inc.
1540 5636 1630 5698 Ὠς
1659 5636 1725 5689 ἂν
1745 5636 1799 5688 δὲ
1831 5639 1926 5691 καὶ
1953 5635 2023 5690 δι’
2048 5632 2147 5693 ὧν.
2185 5638 2240 5706 3)
2295 5638 2444 5692 Libri
2479 5651 2626 5704 octo,
2657 5640 3139 5699 criminationibus
3175 5642 3412 5696 Palama:
3450 5655 3677 5710 respon-

433 5724 660 5792 dentes;
701 5725 822 5778 init.
856 5724 929 5775 Τὸ
973 5724 1156 5794 τρίτον
1203 5723 1406 5793 βιὸλίον
1457 5723 1594 5788 προς
1647 5724 1749 5787 τὰς
1799 5724 1982 5796 καθ’ή

2107 5746 2128 5780 π.
2206 5727 2261 5796 4)
2301 5726 2447 5781 Libri
2478 5738 2588 5782 tres
2623 5737 2812 5784 contra
2857 5728 3248 5784 Palamitarum
3309 5727 3675 5783 ἀποστασίαν*

435 5811 558 5867 init.
597 5811 670 5865 Τὸ
717 5827 976 5882 τεταρτον
1025 5812 1229 5882 βιϐλίον
1272 5813 1405 5881 πρὸς
1445 5815 1564 5876 τάς.
1645 5813 1696 5881 5)
1754 5813 1990 5870 Adversu

2107 5811 2254 5868 iilum
2289 5813 2776 5872 'l‘hcssaloniccns.
2819 5815 3317 5872 Antirrhcticorum
3349 5817 3469 5871 libri
3510 5815 3674 5887 quin-
