  <div class='ocr_page' id='page_1' title='image "/cluster/home/n/w/nwhite01/storage/ocr_20150623/152/coo.31924054870575/341.png"; bbox 0 0 4088 6412; ppageno 0'>
   <div class='ocr_carea' id='block_1_1' title="bbox 392 444 514 512">
    <p class='ocr_par' dir='ltr' id='par_1_1' title="bbox 392 444 514 512">
     <span class='ocr_line' id='line_1_1' title="bbox 392 444 514 512; baseline -0.016 0"><span class='ocrx_word' id='word_1_1' title='bbox 392 444 514 512; x_wconf 78' lang='grc'><strong>’66⁵1</strong></span> 
     </span>
    </p>
   </div>
   <div class='ocr_carea' id='block_1_2' title="bbox 1580 437 2521 504">
    <p class='ocr_par' dir='ltr' id='par_1_2' title="bbox 1580 437 2521 504">
     <span class='ocr_line' id='line_1_2' title="bbox 1580 437 2521 504; baseline -0.001 -2"><span class='ocrx_word' id='word_1_2' title='bbox 1580 438 1905 503; x_wconf 73' lang='lat' dir='ltr'><strong>JOANNIS</strong></span> <span class='ocrx_word' id='word_1_3' title='bbox 1943 437 2521 504; x_wconf 66' lang='lat' dir='ltr'><strong>CYPARISSIOTIE</strong></span> 
     </span>
    </p>
   </div>
   <div class='ocr_carea' id='block_1_3' title="bbox 3572 433 3679 500">
    <p class='ocr_par' dir='ltr' id='par_1_3' title="bbox 3572 433 3679 500">
     <span class='ocr_line' id='line_1_3' title="bbox 3572 433 3679 500; baseline 0.028 -3"><span class='ocrx_word' id='word_1_4' title='bbox 3572 433 3679 500; x_wconf 79' lang='lat'><strong>668</strong></span> 
     </span>
    </p>
   </div>
   <div class='ocr_carea' id='block_1_4' title="bbox 408 546 2000 629">
    <p class='ocr_par' dir='ltr' id='par_1_4' title="bbox 408 557 1981 629">
     <span class='ocr_line' id='line_1_4' title="bbox 408 557 1981 629; baseline -0.01 -11"><span class='ocrx_word' id='word_1_5' title='bbox 408 562 554 618; x_wconf 68' lang='lat' dir='ltr'><strong>«Pax</strong></span> <span class='ocrx_word' id='word_1_6' title='bbox 609 559 756 622; x_wconf 63' lang='lat' dir='ltr'><strong>Dei,»</strong></span> <span class='ocrx_word' id='word_1_7' title='bbox 807 557 1004 629; x_wconf 83' lang='lat' dir='ltr'><strong>inquit,</strong></span> <span class='ocrx_word' id='word_1_8' title='bbox 1057 571 1215 625; x_wconf 73' lang='lat' dir='ltr'><strong>«qua:</strong></span> <span class='ocrx_word' id='word_1_9' title='bbox 1260 564 1558 627; x_wconf 82' lang='lat' dir='ltr'><strong>exsuperat</strong></span> <span class='ocrx_word' id='word_1_10' title='bbox 1612 565 1981 612; x_wconf 82' lang='lat' dir='ltr'><strong>onmemsen-</strong></span> 
     </span>
    </p>
   </div>
   <div class='ocr_carea' id='block_1_5' title="bbox 2098 546 3681 629">
    <p class='ocr_par' dir='ltr' id='par_1_5' title="bbox 2098 546 3681 624">
     <span class='ocr_line' id='line_1_5' title="bbox 2098 546 3681 624; baseline -0.001 -21"><span class='ocrx_word' id='word_1_11' title='bbox 2098 569 2273 623; x_wconf 75' lang='grc' dir='ltr'>οηται.</span> <span class='ocrx_word' id='word_1_12' title='bbox 2353 553 2485 617; x_wconf 76' lang='grc' dir='ltr'>Καὶ,</span> <span class='ocrx_word' id='word_1_13' title='bbox 2540 571 2560 606; x_wconf 75' lang='grc' dir='ltr'><strong>ι</strong></span> <span class='ocrx_word' id='word_1_14' title='bbox 2614 551 2824 624; x_wconf 81' lang='grc' dir='ltr'>Εἰρήνη</span> <span class='ocrx_word' id='word_1_15' title='bbox 2872 547 2968 606; x_wconf 79' lang='grc' dir='ltr'><strong>τοῦ</strong></span> <span class='ocrx_word' id='word_1_16' title='bbox 3031 546 3190 616; x_wconf 82' lang='grc' dir='ltr'>Θεοῦ,</span> <span class='ocrx_word' id='word_1_17' title='bbox 3238 567 3259 603; x_wconf 72' lang='grc' dir='ltr'><strong><em>ι</em></strong></span> <span class='ocrx_word' id='word_1_18' title='bbox 3322 553 3512 620; x_wconf 73' lang='grc' dir='ltr'>φησὶν,</span> <span class='ocrx_word' id='word_1_19' title='bbox 3570 570 3590 602; x_wconf 87' lang='lat'><strong>«</strong></span> <span class='ocrx_word' id='word_1_20' title='bbox 3651 552 3681 615; x_wconf 84' lang='grc' dir='ltr'><strong>ἠ</strong></span> 
     </span>
    </p>
   </div>
   <div class='ocr_carea' id='block_1_6' title="bbox 403 650 1995 720">
    <p class='ocr_par' dir='ltr' id='par_1_6' title="bbox 403 650 1995 720">
     <span class='ocr_line' id='line_1_6' title="bbox 403 650 1995 720; baseline -0.005 -10"><span class='ocrx_word' id='word_1_21' title='bbox 403 670 529 711; x_wconf 89' lang='lat' dir='ltr'><strong>sum</strong></span> <span class='ocrx_word' id='word_1_22' title='bbox 556 652 644 720; x_wconf 81' lang='grc' dir='ltr'>⁸;ι</span> <span class='ocrx_word' id='word_1_23' title='bbox 691 650 885 707; x_wconf 87' lang='lat' dir='ltr'><strong>Pacem</strong></span> <span class='ocrx_word' id='word_1_24' title='bbox 919 650 1176 704; x_wconf 85' lang='lat' dir='ltr'><strong>nimirum</strong></span> <span class='ocrx_word' id='word_1_25' title='bbox 1208 666 1352 717; x_wconf 88' lang='lat' dir='ltr'><strong>eam,</strong></span> <span class='ocrx_word' id='word_1_26' title='bbox 1394 666 1514 719; x_wconf 71' lang='lat' dir='ltr'><strong>qua:</strong></span> <span class='ocrx_word' id='word_1_27' title='bbox 1544 659 1839 719; x_wconf 78' lang='lat' dir='ltr'><strong>exsuperet</strong></span> <span class='ocrx_word' id='word_1_28' title='bbox 1873 665 1995 705; x_wconf 88' lang='lat' dir='ltr'><strong>om-</strong></span> 
     </span>
    </p>
   </div>
   <div class='ocr_carea' id='block_1_7' title="bbox 406 741 1992 812">
    <p class='ocr_par' dir='ltr' id='par_1_7' title="bbox 406 741 1992 812">
     <span class='ocr_line' id='line_1_7' title="bbox 406 741 1992 812; baseline -0.002 -12"><span class='ocrx_word' id='word_1_29' title='bbox 406 760 534 800; x_wconf 87' lang='lat' dir='ltr'><strong>nem</strong></span> <span class='ocrx_word' id='word_1_30' title='bbox 574 759 822 806; x_wconf 86' lang='lat' dir='ltr'><strong>seusum,</strong></span> <span class='ocrx_word' id='word_1_31' title='bbox 850 757 1073 808; x_wconf 78' lang='lat' dir='ltr'><strong>vocans,</strong></span> <span class='ocrx_word' id='word_1_32' title='bbox 1110 757 1218 810; x_wconf 88' lang='lat' dir='ltr'><strong>qua</strong></span> <span class='ocrx_word' id='word_1_33' title='bbox 1248 757 1412 812; x_wconf 82' lang='lat' dir='ltr'><strong>supra</strong></span> <span class='ocrx_word' id='word_1_34' title='bbox 1445 758 1610 812; x_wconf 88' lang='lat' dir='ltr'><strong>quam</strong></span> <span class='ocrx_word' id='word_1_35' title='bbox 1648 741 1792 798; x_wconf 87' lang='lat' dir='ltr'><strong>Deus</strong></span> <span class='ocrx_word' id='word_1_36' title='bbox 1814 741 1992 797; x_wconf 81' lang='lat' dir='ltr'><strong>factus</strong></span> 
     </span>
    </p>
   </div>
   <div class='ocr_carea' id='block_1_8' title="bbox 407 829 1989 902">
    <p class='ocr_par' dir='ltr' id='par_1_8' title="bbox 407 829 1989 902">
     <span class='ocr_line' id='line_1_8' title="bbox 407 829 1989 902; baseline -0.001 -14"><span class='ocrx_word' id='word_1_37' title='bbox 407 836 588 901; x_wconf 89' lang='lat' dir='ltr'><strong>homo,</strong></span> <span class='ocrx_word' id='word_1_38' title='bbox 620 849 743 898; x_wconf 89' lang='lat' dir='ltr'><strong>nos,</strong></span> <span class='ocrx_word' id='word_1_39' title='bbox 784 829 1117 902; x_wconf 65' lang='lat' dir='ltr'><strong>qui&#39;inimici</strong></span> <span class='ocrx_word' id='word_1_40' title='bbox 1163 849 1409 898; x_wconf 87' lang='lat' dir='ltr'><strong>eramus,</strong></span> <span class='ocrx_word' id='word_1_41' title='bbox 1451 833 1554 889; x_wconf 85' lang='lat' dir='ltr'><strong>sibi</strong></span> <span class='ocrx_word' id='word_1_42' title='bbox 1597 834 1713 900; x_wconf 89' lang='lat' dir='ltr'><strong>ipse</strong></span> <span class='ocrx_word' id='word_1_43' title='bbox 1738 834 1989 889; x_wconf 81' lang='lat' dir='ltr'><strong>reconci-</strong></span> 
     </span>
    </p>
   </div>
   <div class='ocr_carea' id='block_1_9' title="bbox 404 925 1996 996">
    <p class='ocr_par' dir='ltr' id='par_1_9' title="bbox 404 925 1996 996">
     <span class='ocr_line' id='line_1_9' title="bbox 404 925 1996 996; baseline 0.001 -17"><span class='ocrx_word' id='word_1_44' title='bbox 404 926 556 981; x_wconf 89' lang='lat' dir='ltr'><strong>liavit</strong></span> <span class='ocrx_word' id='word_1_45' title='bbox 581 944 595 992; x_wconf 90' lang='lat'><strong>;</strong></span> <span class='ocrx_word' id='word_1_46' title='bbox 621 941 728 994; x_wconf 93' lang='lat' dir='ltr'><strong>quo</strong></span> <span class='ocrx_word' id='word_1_47' title='bbox 745 925 875 995; x_wconf 90' lang='lat' dir='ltr'><strong>quid</strong></span> <span class='ocrx_word' id='word_1_48' title='bbox 897 926 1183 982; x_wconf 87' lang='lat' dir='ltr'><strong>decentius</strong></span> <span class='ocrx_word' id='word_1_49' title='bbox 1205 933 1273 980; x_wconf 86' lang='lat' dir='ltr'><strong>ad</strong></span> <span class='ocrx_word' id='word_1_50' title='bbox 1288 926 1547 981; x_wconf 79' lang='lat' dir='ltr'><strong>eximiam</strong></span> <span class='ocrx_word' id='word_1_51' title='bbox 1577 926 1729 996; x_wconf 86' lang='lat' dir='ltr'><strong>pacis</strong></span> <span class='ocrx_word' id='word_1_52' title='bbox 1745 936 1996 983; x_wconf 86' lang='lat' dir='ltr'><strong>astruen-</strong></span> 
     </span>
    </p>
   </div>
   <div class='ocr_carea' id='block_1_10' title="bbox 405 1018 971 1088">
    <p class='ocr_par' dir='ltr' id='par_1_10' title="bbox 405 1018 971 1088">
     <span class='ocr_line' id='line_1_10' title="bbox 405 1018 971 1088; baseline -0.004 -15"><span class='ocrx_word' id='word_1_53' title='bbox 405 1018 529 1073; x_wconf 88' lang='lat' dir='ltr'><strong>dam</strong></span> <span class='ocrx_word' id='word_1_54' title='bbox 555 1018 971 1088; x_wconf 67' lang='lat' dir='ltr'><strong>praestantiam?</strong></span> 
     </span>
    </p>
   </div>
   <div class='ocr_carea' id='block_1_11' title="bbox 474 1199 1995 1273">
    <p class='ocr_par' dir='ltr' id='par_1_11' title="bbox 474 1199 1995 1273">
     <span class='ocr_line' id='line_1_11' title="bbox 474 1199 1995 1273; baseline 0.002 -19"><span class='ocrx_word' id='word_1_55' title='bbox 474 1199 635 1254; x_wconf 84' lang='lat' dir='ltr'><strong>Enim</strong></span> <span class='ocrx_word' id='word_1_56' title='bbox 696 1214 829 1254; x_wconf 91' lang='lat' dir='ltr'><strong>vero</strong></span> <span class='ocrx_word' id='word_1_57' title='bbox 882 1199 1066 1254; x_wconf 81' lang='lat' dir='ltr'><strong>audivi</strong></span> <span class='ocrx_word' id='word_1_58' title='bbox 1117 1208 1171 1254; x_wconf 89' lang='lat' dir='ltr'><strong>et</strong></span> <span class='ocrx_word' id='word_1_59' title='bbox 1202 1215 1392 1270; x_wconf 88' lang='lat' dir='ltr'><strong>pacem</strong></span> <span class='ocrx_word' id='word_1_60' title='bbox 1449 1200 1891 1273; x_wconf 75' lang='lat' dir='ltr'><strong>prOgredientem</strong></span> <span class='ocrx_word' id='word_1_61' title='bbox 1929 1217 1995 1257; x_wconf 86' lang='lat' dir='ltr'><strong>ac</strong></span> 
     </span>
    </p>
   </div>
   <div class='ocr_carea' id='block_1_12' title="bbox 407 1294 1992 1366">
    <p class='ocr_par' dir='ltr' id='par_1_12' title="bbox 407 1294 1992 1366">
     <span class='ocr_line' id='line_1_12' title="bbox 407 1294 1992 1366; baseline -0.002 -16"><span class='ocrx_word' id='word_1_62' title='bbox 407 1301 800 1358; x_wconf 78' lang='lat' dir='ltr'><strong>revertentem,</strong></span> <span class='ocrx_word' id='word_1_63' title='bbox 830 1294 878 1349; x_wconf 82' lang='lat' dir='ltr'><strong>si</strong></span> <span class='ocrx_word' id='word_1_64' title='bbox 910 1295 1171 1364; x_wconf 76' lang='lat' dir='ltr'><strong>indignus</strong></span> <span class='ocrx_word' id='word_1_65' title='bbox 1200 1294 1391 1358; x_wconf 80' lang='lat' dir='ltr'><strong>fuerit,</strong></span> <span class='ocrx_word' id='word_1_66' title='bbox 1417 1297 1511 1365; x_wconf 89' lang='lat' dir='ltr'><strong>qui</strong></span> <span class='ocrx_word' id='word_1_67' title='bbox 1544 1312 1664 1351; x_wconf 90' lang='lat' dir='ltr'><strong>eam</strong></span> <span class='ocrx_word' id='word_1_68' title='bbox 1701 1298 1992 1366; x_wconf 75' lang='lat' dir='ltr'><strong>suspiciat,</strong></span> 
     </span>
    </p>
   </div>
   <div class='ocr_carea' id='block_1_13' title="bbox 403 1385 1993 1460">
    <p class='ocr_par' dir='ltr' id='par_1_13' title="bbox 403 1385 1993 1460">
     <span class='ocr_line' id='line_1_13' title="bbox 403 1385 1993 1460; baseline 0.005 -21"><span class='ocrx_word' id='word_1_69' title='bbox 403 1400 720 1456; x_wconf 81' lang='lat' dir='ltr'><strong>quanquam</strong></span> <span class='ocrx_word' id='word_1_70' title='bbox 746 1385 858 1441; x_wconf 85' lang='lat' dir='ltr'><strong>Pax</strong></span> <span class='ocrx_word' id='word_1_71' title='bbox 892 1386 989 1442; x_wconf 86' lang='lat' dir='ltr'><strong>tibi</strong></span> <span class='ocrx_word' id='word_1_72' title='bbox 1016 1389 1036 1419; x_wconf 83' lang='grc'>⁸</span> <span class='ocrx_word' id='word_1_73' title='bbox 1064 1428 1081 1452; x_wconf 88' lang='grc'><strong>,</strong></span> <span class='ocrx_word' id='word_1_74' title='bbox 1131 1386 1241 1443; x_wconf 90' lang='lat' dir='ltr'><strong>Pax</strong></span> <span class='ocrx_word' id='word_1_75' title='bbox 1276 1388 1394 1445; x_wconf 88' lang='lat' dir='ltr'><strong>viro</strong></span> <span class='ocrx_word' id='word_1_76' title='bbox 1438 1399 1554 1453; x_wconf 93' lang='lat' dir='ltr'><strong>tuo,</strong></span> <span class='ocrx_word' id='word_1_77' title='bbox 1587 1387 1697 1444; x_wconf 88' lang='lat' dir='ltr'><strong>Pax</strong></span> <span class='ocrx_word' id='word_1_78' title='bbox 1724 1390 1834 1445; x_wconf 79' lang='lat' dir='ltr'><strong>tilio</strong></span> <span class='ocrx_word' id='word_1_79' title='bbox 1866 1405 1993 1460; x_wconf 85' lang='lat' dir='ltr'><strong>par-</strong></span> 
     </span>
    </p>
   </div>
   <div class='ocr_carea' id='block_1_14' title="bbox 403 1478 1992 1554">
    <p class='ocr_par' dir='ltr' id='par_1_14' title="bbox 403 1478 1992 1554">
     <span class='ocr_line' id='line_1_14' title="bbox 403 1478 1992 1554; baseline 0.004 -21"><span class='ocrx_word' id='word_1_80' title='bbox 403 1478 535 1533; x_wconf 80' lang='lat' dir='ltr'><strong>vulo</strong></span> <span class='ocrx_word' id='word_1_81' title='bbox 557 1479 611 1544; x_wconf 82' lang='lat'><strong>&#39;;</strong></span> <span class='ocrx_word' id='word_1_82' title='bbox 654 1494 969 1548; x_wconf 85' lang='lat' dir='ltr'><strong>quanquam</strong></span> <span class='ocrx_word' id='word_1_83' title='bbox 1018 1479 1159 1554; x_wconf 79' lang='lat' dir='ltr'><strong>Deus</strong></span> <span class='ocrx_word' id='word_1_84' title='bbox 1185 1482 1335 1550; x_wconf 83' lang='lat' dir='ltr'><strong>pacis</strong></span> <span class='ocrx_word' id='word_1_85' title='bbox 1360 1482 1381 1511; x_wconf 82' lang='grc'>⁸</span> <span class='ocrx_word' id='word_1_86' title='bbox 1441 1493 1745 1551; x_wconf 86' lang='lat' dir='ltr'><strong>cunctaque</strong></span> <span class='ocrx_word' id='word_1_87' title='bbox 1775 1500 1873 1540; x_wconf 83' lang='lat' dir='ltr'><strong>sus</strong></span> <span class='ocrx_word' id='word_1_88' title='bbox 1895 1487 1992 1540; x_wconf 84' lang='lat' dir='ltr'><strong>de—</strong></span> 
     </span>
    </p>
   </div>
   <div class='ocr_carea' id='block_1_15' title="bbox 405 1569 1999 1644">
    <p class='ocr_par' dir='ltr' id='par_1_15' title="bbox 405 1569 1999 1644">
     <span class='ocr_line' id='line_1_15' title="bbox 405 1569 1999 1644; baseline 0.006 -21"><span class='ocrx_word' id='word_1_89' title='bbox 405 1586 514 1640; x_wconf 88' lang='lat' dir='ltr'><strong>que</strong></span> <span class='ocrx_word' id='word_1_90' title='bbox 549 1569 871 1642; x_wconf 80' lang='lat' dir='ltr'><strong>Scripturae,</strong></span> <span class='ocrx_word' id='word_1_91' title='bbox 905 1573 1056 1643; x_wconf 87' lang='lat' dir='ltr'><strong>pacis</strong></span> <span class='ocrx_word' id='word_1_92' title='bbox 1075 1585 1203 1629; x_wconf 87' lang='lat' dir='ltr'><strong>sunt</strong></span> <span class='ocrx_word' id='word_1_93' title='bbox 1244 1576 1424 1644; x_wconf 86' lang='lat' dir='ltr'><strong>plena.</strong></span> <span class='ocrx_word' id='word_1_94' title='bbox 1445 1574 1588 1641; x_wconf 82' lang='lat' dir='ltr'><strong>Quin</strong></span> <span class='ocrx_word' id='word_1_95' title='bbox 1615 1577 1724 1631; x_wconf 88' lang='lat' dir='ltr'><strong>imo</strong></span> <span class='ocrx_word' id='word_1_96' title='bbox 1755 1577 1855 1632; x_wconf 90' lang='lat' dir='ltr'><strong>rite</strong></span> <span class='ocrx_word' id='word_1_97' title='bbox 1880 1578 1999 1633; x_wconf 89' lang='lat' dir='ltr'><strong>ani-</strong></span> 
     </span>
    </p>
   </div>
   <div class='ocr_carea' id='block_1_16' title="bbox 406 1664 1993 1738">
    <p class='ocr_par' dir='ltr' id='par_1_16' title="bbox 406 1664 1993 1738">
     <span class='ocr_line' id='line_1_16' title="bbox 406 1664 1993 1738; baseline 0.006 -22"><span class='ocrx_word' id='word_1_98' title='bbox 406 1678 558 1718; x_wconf 86' lang='lat' dir='ltr'><strong>mum</strong></span> <span class='ocrx_word' id='word_1_99' title='bbox 592 1664 1022 1730; x_wconf 88' lang='lat' dir='ltr'><strong>attendentibus,</strong></span> <span class='ocrx_word' id='word_1_100' title='bbox 1077 1667 1257 1721; x_wconf 90' lang='lat' dir='ltr'><strong>omnis</strong></span> <span class='ocrx_word' id='word_1_101' title='bbox 1287 1680 1492 1736; x_wconf 87' lang='lat' dir='ltr'><strong>quanta</strong></span> <span class='ocrx_word' id='word_1_102' title='bbox 1546 1676 1646 1733; x_wconf 88' lang='lat' dir='ltr'><strong>est,</strong></span> <span class='ocrx_word' id='word_1_103' title='bbox 1677 1683 1781 1738; x_wconf 89' lang='lat' dir='ltr'><strong>pax</strong></span> <span class='ocrx_word' id='word_1_104' title='bbox 1836 1671 1909 1725; x_wconf 88' lang='lat' dir='ltr'><strong>sit</strong></span> <span class='ocrx_word' id='word_1_105' title='bbox 1938 1678 1993 1725; x_wconf 82' lang='lat' dir='ltr'><strong>et</strong></span> 
     </span>
    </p>
   </div>
   <div class='ocr_carea' id='block_1_17' title="bbox 409 1756 1992 1830">
    <p class='ocr_par' dir='ltr' id='par_1_17' title="bbox 409 1756 1992 1830">
     <span class='ocr_line' id='line_1_17' title="bbox 409 1756 1992 1830; baseline 0.005 -19"><span class='ocrx_word' id='word_1_106' title='bbox 409 1756 725 1821; x_wconf 83' lang='lat' dir='ltr'><strong>securitas;</strong></span> <span class='ocrx_word' id='word_1_107' title='bbox 767 1758 954 1813; x_wconf 88' lang='lat' dir='ltr'><strong>nescio</strong></span> <span class='ocrx_word' id='word_1_108' title='bbox 1000 1770 1178 1823; x_wconf 80' lang='lat' dir='ltr'><strong>tamen</strong></span> <span class='ocrx_word' id='word_1_109' title='bbox 1210 1761 1487 1830; x_wconf 88' lang='lat' dir='ltr'><strong>quomodo</strong></span> <span class='ocrx_word' id='word_1_110' title='bbox 1535 1777 1690 1816; x_wconf 85' lang='lat' dir='ltr'><strong>novae</strong></span> <span class='ocrx_word' id='word_1_111' title='bbox 1734 1778 1879 1818; x_wconf 88' lang='lat' dir='ltr'><strong>nunc</strong></span> <span class='ocrx_word' id='word_1_112' title='bbox 1904 1764 1992 1819; x_wconf 81' lang='lat' dir='ltr'><strong>in-</strong></span> 
     </span>
    </p>
   </div>
   <div class='ocr_carea' id='block_1_18' title="bbox 408 1849 2069 1951">
    <p class='ocr_par' dir='ltr' id='par_1_18' title="bbox 408 1849 2069 1951">
     <span class='ocr_line' id='line_1_18' title="bbox 408 1849 2069 1951; baseline 0.005 -46"><span class='ocrx_word' id='word_1_113' title='bbox 408 1857 665 1951; x_wconf 50' lang='lat' dir='ltr'><strong>Ieptores</strong></span> <span class='ocrx_word' id='word_1_114' title='bbox 706 1849 831 1951; x_wconf 72' lang='lat' dir='ltr'><strong>ﬁdei</strong></span> <span class='ocrx_word' id='word_1_115' title='bbox 858 1849 1019 1920; x_wconf 77' lang='lat' dir='ltr'><strong>longa</strong></span> <span class='ocrx_word' id='word_1_116' title='bbox 1043 1854 1440 1951; x_wconf 76' lang='lat' dir='ltr'><strong>protenderant</strong></span> <span class='ocrx_word' id='word_1_117' title='bbox 1465 1855 1872 1925; x_wconf 91' lang='lat' dir='ltr'><strong>oppositionum</strong></span> <span class='ocrx_word' id='word_1_118' title='bbox 1898 1858 1993 1913; x_wconf 91' lang='lat' dir='ltr'><strong>de-</strong></span> <span class='ocrx_word' id='word_1_119' title='bbox 2025 1891 2069 1951; x_wconf 73' lang='grc' dir='ltr'><strong>Β</strong></span> 
     </span>
    </p>
   </div>
   <div class='ocr_carea' id='block_1_19' title="bbox 411 1940 1991 2017">
    <p class='ocr_par' dir='ltr' id='par_1_19' title="bbox 411 1940 1991 2017">
     <span class='ocr_line' id='line_1_19' title="bbox 411 1940 1991 2017; baseline 0.006 -22"><span class='ocrx_word' id='word_1_120' title='bbox 411 1940 557 2008; x_wconf 81' lang='lat' dir='ltr'><strong>liria,</strong></span> <span class='ocrx_word' id='word_1_121' title='bbox 584 1956 650 1997; x_wconf 89' lang='lat' dir='ltr'><strong>eo</strong></span> <span class='ocrx_word' id='word_1_122' title='bbox 675 1941 886 1999; x_wconf 84' lang='lat' dir='ltr'><strong>scilicet</strong></span> <span class='ocrx_word' id='word_1_123' title='bbox 933 1944 1041 2000; x_wconf 77' lang='lat' dir='ltr'><strong>line</strong></span> <span class='ocrx_word' id='word_1_124' title='bbox 1088 1950 1148 2000; x_wconf 91' lang='lat' dir='ltr'><strong>ut</strong></span> <span class='ocrx_word' id='word_1_125' title='bbox 1184 1945 1475 2012; x_wconf 90' lang='lat' dir='ltr'><strong>unionem,</strong></span> <span class='ocrx_word' id='word_1_126' title='bbox 1505 1962 1628 2017; x_wconf 67' lang='lat' dir='ltr'><strong>que</strong></span> <span class='ocrx_word' id='word_1_127' title='bbox 1660 1949 1713 2003; x_wconf 90' lang='lat' dir='ltr'><strong>in</strong></span> <span class='ocrx_word' id='word_1_128' title='bbox 1748 1951 1859 2006; x_wconf 87' lang='lat' dir='ltr'><strong>Deo</strong></span> <span class='ocrx_word' id='word_1_129' title='bbox 1881 1960 1991 2017; x_wconf 87' lang='lat' dir='ltr'><strong>est,</strong></span> 
     </span>
    </p>
   </div>
   <div class='ocr_carea' id='block_1_20' title="bbox 413 2032 1993 2112">
    <p class='ocr_par' dir='ltr' id='par_1_20' title="bbox 413 2032 1993 2112">
     <span class='ocr_line' id='line_1_20' title="bbox 413 2032 1993 2112; baseline 0.006 -25"><span class='ocrx_word' id='word_1_130' title='bbox 413 2032 698 2101; x_wconf 85' lang='lat' dir='ltr'><strong>divellant,</strong></span> <span class='ocrx_word' id='word_1_131' title='bbox 758 2050 971 2107; x_wconf 86' lang='lat' dir='ltr'><strong>uosque</strong></span> <span class='ocrx_word' id='word_1_132' title='bbox 1017 2051 1047 2091; x_wconf 82' lang='grc' dir='ltr'><strong>ιι</strong></span> <span class='ocrx_word' id='word_1_133' title='bbox 1082 2037 1405 2096; x_wconf 80' lang='lat' dir='ltr'><strong>dulcissima</strong></span> <span class='ocrx_word' id='word_1_134' title='bbox 1464 2053 1597 2108; x_wconf 83' lang='lat' dir='ltr'><strong>pace</strong></span> <span class='ocrx_word' id='word_1_135' title='bbox 1643 2039 1993 2112; x_wconf 85' lang='lat' dir='ltr'><strong>abrumpant.</strong></span> 
     </span>
    </p>
   </div>
   <div class='ocr_carea' id='block_1_21' title="bbox 409 2119 2000 2198">
    <p class='ocr_par' dir='ltr' id='par_1_21' title="bbox 409 2119 2000 2198">
     <span class='ocr_line' id='line_1_21' title="bbox 409 2119 2000 2198; baseline 0.008 -22"><span class='ocrx_word' id='word_1_136' title='bbox 409 2119 628 2194; x_wconf 88' lang='lat' dir='ltr'><strong>Ubique</strong></span> <span class='ocrx_word' id='word_1_137' title='bbox 659 2125 806 2179; x_wconf 88' lang='lat' dir='ltr'><strong>enim</strong></span> <span class='ocrx_word' id='word_1_138' title='bbox 830 2140 956 2180; x_wconf 90' lang='lat' dir='ltr'><strong>cum</strong></span> <span class='ocrx_word' id='word_1_139' title='bbox 992 2141 1225 2183; x_wconf 87' lang='lat' dir='ltr'><strong>excessu</strong></span> <span class='ocrx_word' id='word_1_140' title='bbox 1256 2130 1400 2198; x_wconf 85' lang='lat' dir='ltr'><strong>quod</strong></span> <span class='ocrx_word' id='word_1_141' title='bbox 1430 2133 1770 2186; x_wconf 88' lang='lat' dir='ltr'><strong>contrarium</strong></span> <span class='ocrx_word' id='word_1_142' title='bbox 1804 2140 1887 2188; x_wconf 89' lang='lat' dir='ltr'><strong>est</strong></span> <span class='ocrx_word' id='word_1_143' title='bbox 1912 2132 2000 2187; x_wconf 86' lang='lat' dir='ltr'><strong>di-</strong></span> 
     </span>
    </p>
   </div>
   <div class='ocr_carea' id='block_1_22' title="bbox 408 2216 1998 2291">
    <p class='ocr_par' dir='ltr' id='par_1_22' title="bbox 408 2216 1998 2291">
     <span class='ocr_line' id='line_1_22' title="bbox 408 2216 1998 2291; baseline 0.006 -17"><span class='ocrx_word' id='word_1_144' title='bbox 408 2216 664 2289; x_wconf 74' lang='lat' dir='ltr'><strong>ligentes,</strong></span> <span class='ocrx_word' id='word_1_145' title='bbox 696 2232 953 2289; x_wconf 76' lang='lat' dir='ltr'><strong>magnum</strong></span> <span class='ocrx_word' id='word_1_146' title='bbox 984 2220 1134 2290; x_wconf 87' lang='lat' dir='ltr'><strong>pacis</strong></span> <span class='ocrx_word' id='word_1_147' title='bbox 1164 2236 1367 2277; x_wconf 89' lang='lat' dir='ltr'><strong>munus</strong></span> <span class='ocrx_word' id='word_1_148' title='bbox 1400 2223 1740 2291; x_wconf 79' lang='lat' dir='ltr'><strong>dissolvere;</strong></span> <span class='ocrx_word' id='word_1_149' title='bbox 1786 2234 1998 2283; x_wconf 84' lang='lat' dir='ltr'><strong>tantas-</strong></span> 
     </span>
    </p>
   </div>
   <div class='ocr_carea' id='block_1_23' title="bbox 411 2311 1994 2388">
    <p class='ocr_par' dir='ltr' id='par_1_23' title="bbox 411 2311 1994 2388">
     <span class='ocr_line' id='line_1_23' title="bbox 411 2311 1994 2388; baseline 0.006 -23"><span class='ocrx_word' id='word_1_150' title='bbox 411 2324 519 2382; x_wconf 89' lang='lat' dir='ltr'><strong>que</strong></span> <span class='ocrx_word' id='word_1_151' title='bbox 547 2311 796 2366; x_wconf 90' lang='lat' dir='ltr'><strong>omnium</strong></span> <span class='ocrx_word' id='word_1_152' title='bbox 842 2312 1120 2370; x_wconf 87' lang='lat' dir='ltr'><strong>mentibus</strong></span> <span class='ocrx_word' id='word_1_153' title='bbox 1169 2313 1476 2384; x_wconf 75' lang='lat' dir='ltr'><strong>iniecerunt</strong></span> <span class='ocrx_word' id='word_1_154' title='bbox 1506 2317 1766 2388; x_wconf 81' lang='lat' dir='ltr'><strong>ineptias,</strong></span> <span class='ocrx_word' id='word_1_155' title='bbox 1801 2326 1863 2375; x_wconf 92' lang='lat' dir='ltr'><strong>ut</strong></span> <span class='ocrx_word' id='word_1_156' title='bbox 1886 2336 1994 2377; x_wconf 91' lang='lat' dir='ltr'><strong>non</strong></span> 
     </span>
    </p>
   </div>
   <div class='ocr_carea' id='block_1_24' title="bbox 409 2404 1998 2477">
    <p class='ocr_par' dir='ltr' id='par_1_24' title="bbox 409 2404 1998 2477">
     <span class='ocr_line' id='line_1_24' title="bbox 409 2404 1998 2477; baseline 0.006 -18"><span class='ocrx_word' id='word_1_157' title='bbox 409 2404 592 2459; x_wconf 86' lang='lat' dir='ltr'><strong>solum</strong></span> <span class='ocrx_word' id='word_1_158' title='bbox 620 2418 652 2459; x_wconf 76' lang='grc' dir='ltr'><strong>ε</strong></span> <span class='ocrx_word' id='word_1_159' title='bbox 679 2404 982 2462; x_wconf 83' lang='lat' dir='ltr'><strong>verissimis</strong></span> <span class='ocrx_word' id='word_1_160' title='bbox 1012 2405 1250 2464; x_wconf 85' lang='lat' dir='ltr'><strong>decretis</strong></span> <span class='ocrx_word' id='word_1_161' title='bbox 1296 2423 1531 2466; x_wconf 86' lang='lat' dir='ltr'><strong>avocare</strong></span> <span class='ocrx_word' id='word_1_162' title='bbox 1579 2412 1886 2477; x_wconf 88' lang='lat' dir='ltr'><strong>studerent,</strong></span> <span class='ocrx_word' id='word_1_163' title='bbox 1913 2414 1998 2468; x_wconf 87' lang='lat' dir='ltr'><strong>ni-</strong></span> 
     </span>
    </p>
   </div>
   <div class='ocr_carea' id='block_1_25' title="bbox 410 2496 1999 2572">
    <p class='ocr_par' dir='ltr' id='par_1_25' title="bbox 410 2496 1999 2572">
     <span class='ocr_line' id='line_1_25' title="bbox 410 2496 1999 2572; baseline 0.006 -21"><span class='ocrx_word' id='word_1_164' title='bbox 410 2496 604 2566; x_wconf 87' lang='lat' dir='ltr'><strong>hilque</strong></span> <span class='ocrx_word' id='word_1_165' title='bbox 635 2510 827 2552; x_wconf 90' lang='lat' dir='ltr'><strong>eorum</strong></span> <span class='ocrx_word' id='word_1_166' title='bbox 860 2514 984 2569; x_wconf 66' lang='lat' dir='ltr'><strong>qua:</strong></span> <span class='ocrx_word' id='word_1_167' title='bbox 1011 2498 1079 2555; x_wconf 90' lang='lat' dir='ltr'><strong>ad</strong></span> <span class='ocrx_word' id='word_1_168' title='bbox 1127 2499 1475 2557; x_wconf 85' lang='lat' dir='ltr'><strong>Christianos</strong></span> <span class='ocrx_word' id='word_1_169' title='bbox 1510 2502 1844 2572; x_wconf 50' lang='lat' dir='ltr'><strong>a‘principio</strong></span> <span class='ocrx_word' id='word_1_170' title='bbox 1870 2505 1999 2560; x_wconf 87' lang='lat' dir='ltr'><strong>atti-</strong></span> 
     </span>
    </p>
   </div>
   <div class='ocr_carea' id='block_1_26' title="bbox 410 2589 1998 2663">
    <p class='ocr_par' dir='ltr' id='par_1_26' title="bbox 410 2589 1998 2663">
     <span class='ocr_line' id='line_1_26' title="bbox 410 2589 1998 2663; baseline 0.008 -19"><span class='ocrx_word' id='word_1_171' title='bbox 410 2598 546 2645; x_wconf 89' lang='lat' dir='ltr'><strong>nent</strong></span> <span class='ocrx_word' id='word_1_172' title='bbox 575 2589 963 2647; x_wconf 85' lang='lat' dir='ltr'><strong>lnconvulsum</strong></span> <span class='ocrx_word' id='word_1_173' title='bbox 998 2591 1178 2648; x_wconf 89' lang='lat' dir='ltr'><strong>sinere</strong></span> <span class='ocrx_word' id='word_1_174' title='bbox 1229 2595 1646 2663; x_wconf 86' lang='lat' dir='ltr'><strong>contenderent,</strong></span> <span class='ocrx_word' id='word_1_175' title='bbox 1686 2597 1779 2651; x_wconf 87' lang='lat' dir='ltr'><strong>sed</strong></span> <span class='ocrx_word' id='word_1_176' title='bbox 1808 2608 1863 2653; x_wconf 89' lang='lat' dir='ltr'><strong>et</strong></span> <span class='ocrx_word' id='word_1_177' title='bbox 1895 2615 1998 2657; x_wconf 88' lang='lat' dir='ltr'><strong>nos</strong></span> 
     </span>
    </p>
   </div>
   <div class='ocr_carea' id='block_1_27' title="bbox 412 2682 1993 2762">
    <p class='ocr_par' dir='ltr' id='par_1_27' title="bbox 412 2682 1993 2762">
     <span class='ocr_line' id='line_1_27' title="bbox 412 2682 1993 2762; baseline 0.009 -27"><span class='ocrx_word' id='word_1_178' title='bbox 412 2682 565 2751; x_wconf 90' lang='lat' dir='ltr'><strong>ipsos</strong></span> <span class='ocrx_word' id='word_1_179' title='bbox 593 2684 886 2754; x_wconf 88' lang='lat' dir='ltr'><strong>perplexos</strong></span> <span class='ocrx_word' id='word_1_180' title='bbox 934 2683 1246 2751; x_wconf 85' lang='lat' dir='ltr'><strong>redderent,</strong></span> <span class='ocrx_word' id='word_1_181' title='bbox 1279 2689 1479 2758; x_wconf 89' lang='lat' dir='ltr'><strong>quibus</strong></span> <span class='ocrx_word' id='word_1_182' title='bbox 1509 2691 1781 2762; x_wconf 86' lang='lat' dir='ltr'><strong>scripsere</strong></span> <span class='ocrx_word' id='word_1_183' title='bbox 1812 2692 1993 2761; x_wconf 88' lang='lat' dir='ltr'><strong>libris,</strong></span> 
     </span>
    </p>
   </div>
   <div class='ocr_carea' id='block_1_28' title="bbox 413 2774 1999 2853">
    <p class='ocr_par' dir='ltr' id='par_1_28' title="bbox 413 2774 1999 2853">
     <span class='ocr_line' id='line_1_28' title="bbox 413 2774 1999 2853; baseline 0.013 -26"><span class='ocrx_word' id='word_1_184' title='bbox 413 2774 756 2839; x_wconf 88' lang='lat' dir='ltr'><strong>«lubitantes,</strong></span> <span class='ocrx_word' id='word_1_185' title='bbox 799 2792 934 2833; x_wconf 89' lang='lat' dir='ltr'><strong>num</strong></span> <span class='ocrx_word' id='word_1_186' title='bbox 965 2779 1190 2834; x_wconf 89' lang='lat' dir='ltr'><strong>omnino</strong></span> <span class='ocrx_word' id='word_1_187' title='bbox 1249 2781 1501 2839; x_wconf 79' lang='lat' dir='ltr'><strong>homines</strong></span> <span class='ocrx_word' id='word_1_188' title='bbox 1547 2786 1839 2853; x_wconf 83' lang='lat' dir='ltr'><strong>exsistant,</strong></span> <span class='ocrx_word' id='word_1_189' title='bbox 1875 2789 1999 2847; x_wconf 91' lang='lat' dir='ltr'><strong>Dei-</strong></span> 
     </span>
    </p>
   </div>
   <div class='ocr_carea' id='block_1_29' title="bbox 409 2867 1998 2944">
    <p class='ocr_par' dir='ltr' id='par_1_29' title="bbox 409 2867 1998 2944">
     <span class='ocr_line' id='line_1_29' title="bbox 409 2867 1998 2944; baseline 0.012 -26"><span class='ocrx_word' id='word_1_190' title='bbox 409 2881 521 2937; x_wconf 86' lang='lat' dir='ltr'><strong>que</strong></span> <span class='ocrx_word' id='word_1_191' title='bbox 551 2867 866 2936; x_wconf 79' lang='lat' dir='ltr'><strong>ﬂgmentum</strong></span> <span class='ocrx_word' id='word_1_192' title='bbox 894 2870 1085 2926; x_wconf 83' lang='lat' dir='ltr'><strong>audire</strong></span> <span class='ocrx_word' id='word_1_193' title='bbox 1118 2873 1454 2938; x_wconf 84' lang='lat' dir='ltr'><strong>sustineant,</strong></span> <span class='ocrx_word' id='word_1_194' title='bbox 1525 2878 1618 2944; x_wconf 89' lang='lat' dir='ltr'><strong>qui</strong></span> <span class='ocrx_word' id='word_1_195' title='bbox 1655 2887 1805 2934; x_wconf 87' lang='lat' dir='ltr'><strong>tanta</strong></span> <span class='ocrx_word' id='word_1_196' title='bbox 1839 2880 1892 2935; x_wconf 92' lang='lat' dir='ltr'><strong>in</strong></span> <span class='ocrx_word' id='word_1_197' title='bbox 1935 2882 1998 2937; x_wconf 80' lang='grc' dir='ltr'>ιι.</span> 
     </span>
    </p>
   </div>
   <div class='ocr_carea' id='block_1_30' title="bbox 409 2958 1993 3044">
    <p class='ocr_par' dir='ltr' id='par_1_30' title="bbox 409 2958 1993 3044">
     <span class='ocr_line' id='line_1_30' title="bbox 409 2958 1993 3044; baseline 0.011 -30"><span class='ocrx_word' id='word_1_198' title='bbox 409 2958 525 3015; x_wconf 87' lang='lat' dir='ltr'><strong>lum</strong></span> <span class='ocrx_word' id='word_1_199' title='bbox 559 2961 991 3020; x_wconf 86' lang='lat' dir='ltr'><strong>temulentorum</strong></span> <span class='ocrx_word' id='word_1_200' title='bbox 1039 2981 1192 3021; x_wconf 84' lang='lat' dir='ltr'><strong>more</strong></span> <span class='ocrx_word' id='word_1_201' title='bbox 1221 2968 1584 3026; x_wconf 87' lang='lat' dir='ltr'><strong>deblaterent.</strong></span> <span class='ocrx_word' id='word_1_202' title='bbox 1604 2959 1814 3044; x_wconf 55' lang='lat' dir='ltr'><strong>&#39;Neque</strong></span> <span class='ocrx_word' id='word_1_203' title='bbox 1846 2976 1993 3030; x_wconf 90' lang='lat' dir='ltr'><strong>enim</strong></span> 
     </span>
    </p>
   </div>
   <div class='ocr_carea' id='block_1_31' title="bbox 410 3054 1992 3135">
    <p class='ocr_par' dir='ltr' id='par_1_31' title="bbox 410 3054 1992 3135">
     <span class='ocr_line' id='line_1_31' title="bbox 410 3054 1992 3135; baseline 0.011 -26"><span class='ocrx_word' id='word_1_204' title='bbox 410 3054 573 3110; x_wconf 87' lang='lat' dir='ltr'><strong>aliam</strong></span> <span class='ocrx_word' id='word_1_205' title='bbox 603 3057 862 3114; x_wconf 83' lang='lat' dir='ltr'><strong>existimo</strong></span> <span class='ocrx_word' id='word_1_206' title='bbox 894 3058 1215 3130; x_wconf 86' lang='lat' dir='ltr'><strong>Apostolum</strong></span> <span class='ocrx_word' id='word_1_207' title='bbox 1235 3061 1257 3094; x_wconf 78' lang='lat'><strong>’</strong></span> <span class='ocrx_word' id='word_1_208' title='bbox 1287 3060 1478 3121; x_wconf 88' lang='lat' dir='ltr'><strong>dicere</strong></span> <span class='ocrx_word' id='word_1_209' title='bbox 1502 3064 1897 3135; x_wconf 83' lang='lat' dir='ltr'><strong>defectionem,</strong></span> <span class='ocrx_word' id='word_1_210' title='bbox 1938 3071 1992 3126; x_wconf 93' lang='lat' dir='ltr'><strong>in</strong></span> 
     </span>
    </p>
   </div>
   <div class='ocr_carea' id='block_1_32' title="bbox 410 3150 1997 3230">
    <p class='ocr_par' dir='ltr' id='par_1_32' title="bbox 410 3150 1997 3230">
     <span class='ocr_line' id='line_1_32' title="bbox 410 3150 1997 3230; baseline 0.009 -27"><span class='ocrx_word' id='word_1_211' title='bbox 410 3150 676 3206; x_wconf 83' lang='lat' dir='ltr'><strong>extremis</strong></span> <span class='ocrx_word' id='word_1_212' title='bbox 733 3153 1074 3223; x_wconf 88' lang='lat' dir='ltr'><strong>temporibus</strong></span> <span class='ocrx_word' id='word_1_213' title='bbox 1122 3152 1387 3218; x_wconf 74' lang='lat' dir='ltr'><strong>futuram.</strong></span> <span class='ocrx_word' id='word_1_214' title='bbox 1438 3173 1601 3228; x_wconf 90' lang='lat' dir='ltr'><strong>quam</strong></span> <span class='ocrx_word' id='word_1_215' title='bbox 1629 3160 1824 3230; x_wconf 90' lang='lat' dir='ltr'><strong>utique</strong></span> <span class='ocrx_word' id='word_1_216' title='bbox 1852 3162 1997 3218; x_wconf 90' lang='lat' dir='ltr'><strong>hanc</strong></span> 
     </span>
    </p>
   </div>
   <div class='ocr_carea' id='block_1_33' title="bbox 2097 632 3682 717">
    <p class='ocr_par' dir='ltr' id='par_1_33' title="bbox 2097 632 3682 717">
     <span class='ocr_line' id='line_1_33' title="bbox 2097 632 3682 717; baseline -0.003 -16"><span class='ocrx_word' id='word_1_217' title='bbox 2097 649 2276 701; x_wconf 83' lang='grc' dir='ltr'>πάντα</span> <span class='ocrx_word' id='word_1_218' title='bbox 2326 648 2452 702; x_wconf 91' lang='grc' dir='ltr'>νοῦν</span> <span class='ocrx_word' id='word_1_219' title='bbox 2507 646 2887 717; x_wconf 81' lang='grc' dir='ltr'><strong>ὑπερέχουσα·</strong></span> <span class='ocrx_word' id='word_1_220' title='bbox 2921 664 2939 697; x_wconf 77' lang='grc' dir='ltr'><strong>ι</strong></span> <span class='ocrx_word' id='word_1_221' title='bbox 3002 644 3232 716; x_wconf 75' lang='grc' dir='ltr'><strong>εἰρήνην</strong></span> <span class='ocrx_word' id='word_1_222' title='bbox 3285 642 3456 711; x_wconf 82' lang='grc' dir='ltr'>αὐτὴν</span> <span class='ocrx_word' id='word_1_223' title='bbox 3510 632 3682 711; x_wconf 69' lang='grc' dir='ltr'>δήπου</span> 
     </span>
    </p>
   </div>
   <div class='ocr_carea' id='block_1_34' title="bbox 2097 736 3685 812">
    <p class='ocr_par' dir='ltr' id='par_1_34' title="bbox 2097 736 3685 812">
     <span class='ocr_line' id='line_1_34' title="bbox 2097 736 3685 812; baseline -0.004 -17"><span class='ocrx_word' id='word_1_224' title='bbox 2097 742 2417 812; x_wconf 78' lang='grc' dir='ltr'>περιφανῶς</span> <span class='ocrx_word' id='word_1_225' title='bbox 2465 741 2645 795; x_wconf 87' lang='grc' dir='ltr'>πάντα</span> <span class='ocrx_word' id='word_1_226' title='bbox 2695 739 2823 793; x_wconf 90' lang='grc' dir='ltr'>νοῦν</span> <span class='ocrx_word' id='word_1_227' title='bbox 2879 739 3262 809; x_wconf 78' lang='grc' dir='ltr'><strong>ὑπερέχουσαν</strong></span> <span class='ocrx_word' id='word_1_228' title='bbox 3319 736 3528 801; x_wconf 85' lang='grc' dir='ltr'>καλῶν,</span> <span class='ocrx_word' id='word_1_229' title='bbox 3561 736 3685 809; x_wconf 62' lang='grc' dir='ltr'>καθί</span> 
     </span>
    </p>
   </div>
   <div class='ocr_carea' id='block_1_35' title="bbox 2096 830 3683 903">
    <p class='ocr_par' dir='ltr' id='par_1_35' title="bbox 2096 830 3683 903">
     <span class='ocr_line' id='line_1_35' title="bbox 2096 830 3683 903; baseline -0.003 -16"><span class='ocrx_word' id='word_1_230' title='bbox 2096 832 2164 903; x_wconf 81' lang='grc' dir='ltr'>ἢν</span> <span class='ocrx_word' id='word_1_231' title='bbox 2217 834 2505 902; x_wconf 77' lang='grc' dir='ltr'>ἄνθρωπος</span> <span class='ocrx_word' id='word_1_232' title='bbox 2555 835 2584 887; x_wconf 87' lang='grc' dir='ltr'><strong>ό</strong></span> <span class='ocrx_word' id='word_1_233' title='bbox 2615 831 2921 902; x_wconf 82' lang='grc' dir='ltr'>Ὕπέρθεος</span> <span class='ocrx_word' id='word_1_234' title='bbox 2965 833 3277 902; x_wconf 87' lang='grc' dir='ltr'>γενόμενος,</span> <span class='ocrx_word' id='word_1_235' title='bbox 3334 830 3484 900; x_wconf 76' lang='grc' dir='ltr'>ἡμᾶς</span> <span class='ocrx_word' id='word_1_236' title='bbox 3515 832 3683 883; x_wconf 83' lang='grc' dir='ltr'>ἐκπο-</span> 
     </span>
    </p>
   </div>
   <div class='ocr_carea' id='block_1_36' title="bbox 2095 913 3687 996">
    <p class='ocr_par' dir='ltr' id='par_1_36' title="bbox 2095 913 3687 996">
     <span class='ocr_line' id='line_1_36' title="bbox 2095 913 3687 996; baseline -0.004 -17"><span class='ocrx_word' id='word_1_237' title='bbox 2095 925 2448 995; x_wconf 74' lang='grc' dir='ltr'>λεμωθέντας</span> <span class='ocrx_word' id='word_1_238' title='bbox 2496 924 2783 996; x_wconf 70' lang='grc' dir='ltr'>διήλλαξεν</span> <span class='ocrx_word' id='word_1_239' title='bbox 2838 924 3022 995; x_wconf 73' lang='grc' dir='ltr'>ἐαυτῷ</span> <span class='ocrx_word' id='word_1_240' title='bbox 3058 940 3071 955; x_wconf 90' lang='grc'><strong>·</strong></span> <span class='ocrx_word' id='word_1_241' title='bbox 3118 913 3182 977; x_wconf 77' lang='grc' dir='ltr'><strong>οῦ</strong></span> <span class='ocrx_word' id='word_1_242' title='bbox 3244 922 3297 975; x_wconf 71' lang='grc' dir='ltr'><strong>τί</strong></span> <span class='ocrx_word' id='word_1_243' title='bbox 3344 922 3412 977; x_wconf 74' lang='grc' dir='ltr'><strong>ἀν</strong></span> <span class='ocrx_word' id='word_1_244' title='bbox 3472 922 3687 990; x_wconf 81' lang='grc' dir='ltr'>γένοιτο</span> 
     </span>
    </p>
   </div>
   <div class='ocr_carea' id='block_1_37' title="bbox 2097 1013 3685 1091">
    <p class='ocr_par' dir='ltr' id='par_1_37' title="bbox 2097 1013 3685 1091">
     <span class='ocr_line' id='line_1_37' title="bbox 2097 1013 3685 1091; baseline -0.004 -19"><span class='ocrx_word' id='word_1_245' title='bbox 2097 1019 2553 1091; x_wconf 73' lang='grc' dir='ltr'><strong>πρεπωδέστερον</strong></span> <span class='ocrx_word' id='word_1_246' title='bbox 2618 1018 2699 1080; x_wconf 87' lang='grc' dir='ltr'><strong>εἰς</strong></span> <span class='ocrx_word' id='word_1_247' title='bbox 2760 1017 3111 1089; x_wconf 86' lang='grc' dir='ltr'>παράστασιν</span> <span class='ocrx_word' id='word_1_248' title='bbox 3170 1014 3267 1070; x_wconf 89' lang='grc' dir='ltr'><strong>τοῦ</strong></span> <span class='ocrx_word' id='word_1_249' title='bbox 3321 1015 3423 1082; x_wconf 76' lang='grc' dir='ltr'>τῆς</span> <span class='ocrx_word' id='word_1_250' title='bbox 3455 1013 3685 1084; x_wconf 77' lang='grc' dir='ltr'><strong>εἰρήνης</strong></span> 
     </span>
    </p>
   </div>
   <div class='ocr_carea' id='block_1_38' title="bbox 2098 1109 2450 1180">
    <p class='ocr_par' dir='ltr' id='par_1_38' title="bbox 2098 1109 2450 1180">
     <span class='ocr_line' id='line_1_38' title="bbox 2098 1109 2450 1180; baseline -0.003 -15"><span class='ocrx_word' id='word_1_251' title='bbox 2098 1109 2413 1180; x_wconf 79' lang='grc' dir='ltr'>ὑπερφυοῦς</span> <span class='ocrx_word' id='word_1_252' title='bbox 2434 1127 2450 1175; x_wconf 83' lang='grc' dir='ltr'><strong>ς</strong></span> 
     </span>
    </p>
   </div>
   <div class='ocr_carea' id='block_1_39' title="bbox 2179 1198 3687 1275">
    <p class='ocr_par' dir='ltr' id='par_1_39' title="bbox 2179 1198 3687 1275">
     <span class='ocr_line' id='line_1_39' title="bbox 2179 1198 3687 1275; baseline -0.009 -14"><span class='ocrx_word' id='word_1_253' title='bbox 2179 1206 2415 1275; x_wconf 81' lang='grc' dir='ltr'>Ἀκήκοα</span> <span class='ocrx_word' id='word_1_254' title='bbox 2472 1205 2528 1259; x_wconf 82' lang='grc' dir='ltr'><strong>δέ</strong></span> <span class='ocrx_word' id='word_1_255' title='bbox 2577 1203 2672 1257; x_wconf 82' lang='grc' dir='ltr'><strong>καὶ</strong></span> <span class='ocrx_word' id='word_1_256' title='bbox 2733 1202 2958 1274; x_wconf 75' lang='grc' dir='ltr'>εἰρήνην</span> <span class='ocrx_word' id='word_1_257' title='bbox 3020 1198 3358 1269; x_wconf 77' lang='grc' dir='ltr'>προϊεμένην</span> <span class='ocrx_word' id='word_1_258' title='bbox 3404 1198 3499 1250; x_wconf 72' lang='grc' dir='ltr'><strong>καὶ</strong></span> <span class='ocrx_word' id='word_1_259' title='bbox 3535 1198 3687 1250; x_wconf 85' lang='grc' dir='ltr'>ἀντι-</span> 
     </span>
    </p>
   </div>
   <div class='ocr_carea' id='block_1_40' title="bbox 2099 1290 3685 1373">
    <p class='ocr_par' dir='ltr' id='par_1_40' title="bbox 2099 1290 3685 1373">
     <span class='ocr_line' id='line_1_40' title="bbox 2099 1290 3685 1373; baseline -0.008 -20"><span class='ocrx_word' id='word_1_260' title='bbox 2099 1299 2457 1370; x_wconf 78' lang='grc' dir='ltr'>στρέφουσαν,</span> <span class='ocrx_word' id='word_1_261' title='bbox 2491 1297 2557 1351; x_wconf 84' lang='grc' dir='ltr'><strong>ἂν</strong></span> <span class='ocrx_word' id='word_1_262' title='bbox 2603 1296 2679 1367; x_wconf 80' lang='grc' dir='ltr'>μὴ</span> <span class='ocrx_word' id='word_1_263' title='bbox 2716 1295 2868 1359; x_wconf 78' lang='grc' dir='ltr'>ἄξιος</span> <span class='ocrx_word' id='word_1_264' title='bbox 2932 1295 2961 1347; x_wconf 87' lang='grc' dir='ltr'><strong>ό</strong></span> <span class='ocrx_word' id='word_1_265' title='bbox 3019 1290 3228 1362; x_wconf 83' lang='grc' dir='ltr'>ταύτην</span> <span class='ocrx_word' id='word_1_266' title='bbox 3288 1291 3685 1373; x_wconf 82' lang='grc' dir='ltr'>ὑποδεχόμενος</span> 
     </span>
    </p>
   </div>
   <div class='ocr_carea' id='block_1_41' title="bbox 2095 1382 3682 1468">
    <p class='ocr_par' dir='ltr' id='par_1_41' title="bbox 2095 1382 3682 1468">
     <span class='ocr_line' id='line_1_41' title="bbox 2095 1382 3682 1468; baseline -0.007 -22"><span class='ocrx_word' id='word_1_267' title='bbox 2095 1390 2129 1468; x_wconf 84' lang='grc' dir='ltr'>ᾖ</span> <span class='ocrx_word' id='word_1_268' title='bbox 2157 1409 2171 1424; x_wconf 84' lang='lat'><strong><em>°</em></strong></span> <span class='ocrx_word' id='word_1_269' title='bbox 2203 1394 2251 1446; x_wconf 91' lang='grc' dir='ltr'><strong>εἰ</strong></span> <span class='ocrx_word' id='word_1_270' title='bbox 2287 1393 2380 1445; x_wconf 83' lang='grc' dir='ltr'><strong>καί</strong></span> <span class='ocrx_word' id='word_1_271' title='bbox 2404 1390 2612 1463; x_wconf 81' lang='grc' dir='ltr'>Εἰρήνη</span> <span class='ocrx_word' id='word_1_272' title='bbox 2646 1406 2729 1443; x_wconf 89' lang='grc' dir='ltr'><strong>σοι</strong></span> <span class='ocrx_word' id='word_1_273' title='bbox 2754 1405 2769 1420; x_wconf 80' lang='grc'>’</span> <span class='ocrx_word' id='word_1_274' title='bbox 2796 1388 3002 1457; x_wconf 81' lang='grc' dir='ltr'>Εἰρήνη</span> <span class='ocrx_word' id='word_1_275' title='bbox 3024 1386 3104 1457; x_wconf 80' lang='grc' dir='ltr'><strong>τῷ</strong></span> <span class='ocrx_word' id='word_1_276' title='bbox 3130 1384 3282 1455; x_wconf 87' lang='grc' dir='ltr'>ἀνδρί</span> <span class='ocrx_word' id='word_1_277' title='bbox 3308 1402 3400 1438; x_wconf 91' lang='grc' dir='ltr'><strong>σου</strong></span> <span class='ocrx_word' id='word_1_278' title='bbox 3423 1400 3437 1414; x_wconf 80' lang='lat'><strong><em>°</em></strong></span> <span class='ocrx_word' id='word_1_279' title='bbox 3473 1382 3682 1454; x_wconf 79' lang='grc' dir='ltr'>Εἰρήνη</span> 
     </span>
    </p>
   </div>
   <div class='ocr_carea' id='block_1_42' title="bbox 2094 1479 3684 1557">
    <p class='ocr_par' dir='ltr' id='par_1_42' title="bbox 2094 1479 3684 1557">
     <span class='ocr_line' id='line_1_42' title="bbox 2094 1479 3684 1557; baseline -0.007 -17"><span class='ocrx_word' id='word_1_280' title='bbox 2094 1486 2173 1557; x_wconf 83' lang='grc' dir='ltr'>τῷ</span> <span class='ocrx_word' id='word_1_281' title='bbox 2201 1486 2472 1557; x_wconf 75' lang='grc' dir='ltr'><strong>παιδαρίῳ</strong></span> <span class='ocrx_word' id='word_1_282' title='bbox 2507 1501 2519 1517; x_wconf 91' lang='grc'><strong>·</strong></span> <span class='ocrx_word' id='word_1_283' title='bbox 2558 1486 2609 1538; x_wconf 90' lang='grc' dir='ltr'><strong>εἰ</strong></span> <span class='ocrx_word' id='word_1_284' title='bbox 2648 1485 2681 1555; x_wconf 81' lang='grc' dir='ltr'>ἢ</span> <span class='ocrx_word' id='word_1_285' title='bbox 2715 1482 2811 1537; x_wconf 75' lang='grc' dir='ltr'>καὶ</span> <span class='ocrx_word' id='word_1_286' title='bbox 2860 1482 2922 1536; x_wconf 88' lang='grc' dir='ltr'><strong>Ὃ</strong></span> <span class='ocrx_word' id='word_1_287' title='bbox 2955 1480 3089 1543; x_wconf 77' lang='grc' dir='ltr'>Θεὸς</span> <span class='ocrx_word' id='word_1_288' title='bbox 3138 1480 3238 1547; x_wconf 77' lang='grc' dir='ltr'>τῆς</span> <span class='ocrx_word' id='word_1_289' title='bbox 3286 1480 3530 1548; x_wconf 83' lang='grc' dir='ltr'>εἰρήνης,</span> <span class='ocrx_word' id='word_1_290' title='bbox 3589 1479 3684 1530; x_wconf 62' lang='grc' dir='ltr'><strong>καὶ</strong></span> 
     </span>
    </p>
   </div>
   <div class='ocr_carea' id='block_1_43' title="bbox 2095 1569 3687 1644">
    <p class='ocr_par' dir='ltr' id='par_1_43' title="bbox 2095 1569 3687 1644">
     <span class='ocr_line' id='line_1_43' title="bbox 2095 1569 3687 1644; baseline -0.008 -12"><span class='ocrx_word' id='word_1_291' title='bbox 2095 1579 2254 1634; x_wconf 85' lang='grc' dir='ltr'>πάντ’</span> <span class='ocrx_word' id='word_1_292' title='bbox 2286 1579 2399 1634; x_wconf 75' lang='grc' dir='ltr'><strong>ἀνω</strong></span> <span class='ocrx_word' id='word_1_293' title='bbox 2446 1578 2541 1632; x_wconf 71' lang='grc' dir='ltr'>καί.</span> <span class='ocrx_word' id='word_1_294' title='bbox 2584 1577 2736 1631; x_wconf 89' lang='grc' dir='ltr'>κάτω</span> <span class='ocrx_word' id='word_1_295' title='bbox 2770 1574 2840 1628; x_wconf 76' lang='grc' dir='ltr'><strong>τά</strong></span> <span class='ocrx_word' id='word_1_296' title='bbox 2878 1575 2978 1642; x_wconf 76' lang='grc' dir='ltr'>τῆς</span> <span class='ocrx_word' id='word_1_297' title='bbox 3012 1572 3262 1644; x_wconf 78' lang='grc' dir='ltr'>Γραφῆς,</span> <span class='ocrx_word' id='word_1_298' title='bbox 3290 1572 3518 1643; x_wconf 79' lang='grc' dir='ltr'>εἰρήνης</span> <span class='ocrx_word' id='word_1_299' title='bbox 3555 1569 3687 1624; x_wconf 85' lang='grc' dir='ltr'>ἀνά-</span> 
     </span>
    </p>
   </div>
   <div class='ocr_carea' id='block_1_44' title="bbox 2095 1664 3685 1743">
    <p class='ocr_par' dir='ltr' id='par_1_44' title="bbox 2095 1664 3685 1743">
     <span class='ocr_line' id='line_1_44' title="bbox 2095 1664 3685 1743; baseline -0.008 -15"><span class='ocrx_word' id='word_1_300' title='bbox 2095 1675 2283 1728; x_wconf 83' lang='grc' dir='ltr'>πλεω·</span> <span class='ocrx_word' id='word_1_301' title='bbox 2334 1671 2535 1743; x_wconf 80' lang='grc' dir='ltr'>μᾶλλον</span> <span class='ocrx_word' id='word_1_302' title='bbox 2598 1669 2646 1724; x_wconf 85' lang='grc' dir='ltr'>δ’</span> <span class='ocrx_word' id='word_1_303' title='bbox 2688 1669 2878 1725; x_wconf 73' lang='grc' dir='ltr'>ἅπασα</span> <span class='ocrx_word' id='word_1_304' title='bbox 2925 1669 3040 1729; x_wconf 83' lang='grc' dir='ltr'>τοῖς</span> <span class='ocrx_word' id='word_1_305' title='bbox 3082 1665 3261 1738; x_wconf 84' lang='grc' dir='ltr'>ὀρθῶς</span> <span class='ocrx_word' id='word_1_306' title='bbox 3313 1664 3685 1734; x_wconf 79' lang='grc' dir='ltr'>προσανέχου-</span> 
     </span>
    </p>
   </div>
   <div class='ocr_carea' id='block_1_45' title="bbox 2098 1753 3683 1835">
    <p class='ocr_par' dir='ltr' id='par_1_45' title="bbox 2098 1753 3683 1835">
     <span class='ocr_line' id='line_1_45' title="bbox 2098 1753 3683 1835; baseline -0.006 -15"><span class='ocrx_word' id='word_1_307' title='bbox 2098 1784 2204 1835; x_wconf 91' lang='grc' dir='ltr'>σιν,</span> <span class='ocrx_word' id='word_1_308' title='bbox 2237 1764 2429 1835; x_wconf 83' lang='grc' dir='ltr'>εἰρήνη</span> <span class='ocrx_word' id='word_1_309' title='bbox 2478 1764 2575 1818; x_wconf 78' lang='grc' dir='ltr'>καὶ</span> <span class='ocrx_word' id='word_1_310' title='bbox 2616 1762 2890 1831; x_wconf 83' lang='grc' dir='ltr'>ἀσφάλεια</span> <span class='ocrx_word' id='word_1_311' title='bbox 2917 1776 2932 1792; x_wconf 90' lang='grc'><strong>·</strong></span> <span class='ocrx_word' id='word_1_312' title='bbox 2971 1759 3087 1813; x_wconf 86' lang='grc' dir='ltr'>ἀλλ’</span> <span class='ocrx_word' id='word_1_313' title='bbox 3140 1758 3242 1813; x_wconf 78' lang='grc' dir='ltr'><strong>οὐκ</strong></span> <span class='ocrx_word' id='word_1_314' title='bbox 3275 1753 3374 1813; x_wconf 71' lang='grc' dir='ltr'>οἶδ’</span> <span class='ocrx_word' id='word_1_315' title='bbox 3427 1758 3577 1820; x_wconf 84' lang='grc' dir='ltr'>ὃπως</span> <span class='ocrx_word' id='word_1_316' title='bbox 3629 1757 3683 1811; x_wconf 92' lang='grc' dir='ltr'><strong>οἰ</strong></span> 
     </span>
    </p>
   </div>
   <div class='ocr_carea' id='block_1_46' title="bbox 2095 1848 3684 1928">
    <p class='ocr_par' dir='ltr' id='par_1_46' title="bbox 2095 1848 3684 1928">
     <span class='ocr_line' id='line_1_46' title="bbox 2095 1848 3684 1928; baseline -0.006 -16"><span class='ocrx_word' id='word_1_317' title='bbox 2095 1859 2196 1928; x_wconf 85' lang='grc' dir='ltr'><strong>τὴν</strong></span> <span class='ocrx_word' id='word_1_318' title='bbox 2227 1858 2356 1911; x_wconf 82' lang='grc' dir='ltr'>νέαν</span> <span class='ocrx_word' id='word_1_319' title='bbox 2389 1855 2486 1910; x_wconf 90' lang='grc' dir='ltr'><strong>νῦν</strong></span> <span class='ocrx_word' id='word_1_320' title='bbox 2536 1853 2858 1925; x_wconf 82' lang='grc' dir='ltr'>ἀνευρόντες</span> <span class='ocrx_word' id='word_1_321' title='bbox 2906 1850 3091 1906; x_wconf 89' lang='grc' dir='ltr'>πίστιν</span> <span class='ocrx_word' id='word_1_322' title='bbox 3122 1849 3370 1921; x_wconf 79' lang='grc' dir='ltr'>μακροὺς</span> <span class='ocrx_word' id='word_1_323' title='bbox 3410 1848 3684 1917; x_wconf 78' lang='grc' dir='ltr'>ἐξέτειναν</span> 
     </span>
    </p>
   </div>
   <div class='ocr_carea' id='block_1_47' title="bbox 2095 1934 3686 2017">
    <p class='ocr_par' dir='ltr' id='par_1_47' title="bbox 2095 1934 3686 2017">
     <span class='ocr_line' id='line_1_47' title="bbox 2095 1934 3686 2017; baseline -0.008 -14"><span class='ocrx_word' id='word_1_324' title='bbox 2095 1947 2428 2004; x_wconf 71' lang='grc' dir='ltr'><strong>ἀντιθέσεων</strong></span> <span class='ocrx_word' id='word_1_325' title='bbox 2461 1945 2682 2017; x_wconf 82' lang='grc' dir='ltr'>λήρους,</span> <span class='ocrx_word' id='word_1_326' title='bbox 2712 1943 2803 2012; x_wconf 78' lang='grc' dir='ltr'>ἐφ’</span> <span class='ocrx_word' id='word_1_327' title='bbox 2844 1934 2889 2010; x_wconf 77' lang='grc' dir='ltr'><strong>ᾧ</strong></span> <span class='ocrx_word' id='word_1_328' title='bbox 2921 1942 3022 2013; x_wconf 77' lang='grc' dir='ltr'>τὴν</span> <span class='ocrx_word' id='word_1_329' title='bbox 3055 1941 3157 2011; x_wconf 68' lang='grc' dir='ltr'>μὲν</span> <span class='ocrx_word' id='word_1_330' title='bbox 3201 1940 3262 1993; x_wconf 87' lang='grc' dir='ltr'><strong>ἐν</strong></span> <span class='ocrx_word' id='word_1_331' title='bbox 3299 1938 3379 2010; x_wconf 81' lang='grc' dir='ltr'>τῷ</span> <span class='ocrx_word' id='word_1_332' title='bbox 3409 1937 3530 2007; x_wconf 81' lang='grc' dir='ltr'><strong>Θεῷ</strong></span> <span class='ocrx_word' id='word_1_333' title='bbox 3566 1939 3686 1992; x_wconf 78' lang='grc' dir='ltr'>δια-</span> 
     </span>
    </p>
   </div>
   <div class='ocr_carea' id='block_1_48' title="bbox 2100 2028 3687 2106">
    <p class='ocr_par' dir='ltr' id='par_1_48' title="bbox 2100 2028 3687 2106">
     <span class='ocr_line' id='line_1_48' title="bbox 2100 2028 3687 2106; baseline -0.009 -12"><span class='ocrx_word' id='word_1_334' title='bbox 2100 2039 2403 2094; x_wconf 83' lang='grc' dir='ltr'>σπάσουσιν</span> <span class='ocrx_word' id='word_1_335' title='bbox 2459 2037 2682 2101; x_wconf 69' lang='grc' dir='ltr'>ἕνωσιν,</span> <span class='ocrx_word' id='word_1_336' title='bbox 2713 2036 2864 2106; x_wconf 80' lang='grc' dir='ltr'>ἡμᾶς</span> <span class='ocrx_word' id='word_1_337' title='bbox 2919 2034 2966 2089; x_wconf 80' lang='grc' dir='ltr'>δ’</span> <span class='ocrx_word' id='word_1_338' title='bbox 3007 2032 3388 2105; x_wconf 80' lang='grc' dir='ltr'>ἀποῤῥήξουσι</span> <span class='ocrx_word' id='word_1_339' title='bbox 3417 2031 3515 2099; x_wconf 80' lang='grc' dir='ltr'>τῆς</span> <span class='ocrx_word' id='word_1_340' title='bbox 3571 2028 3687 2101; x_wconf 77' lang='grc' dir='ltr'><strong>ήδέ-</strong></span> 
     </span>
    </p>
   </div>
   <div class='ocr_carea' id='block_1_49' title="bbox 2100 2122 3688 2203">
    <p class='ocr_par' dir='ltr' id='par_1_49' title="bbox 2100 2122 3688 2203">
     <span class='ocr_line' id='line_1_49' title="bbox 2100 2122 3688 2203; baseline -0.009 -14"><span class='ocrx_word' id='word_1_341' title='bbox 2100 2149 2235 2203; x_wconf 86' lang='grc' dir='ltr'>στης</span> <span class='ocrx_word' id='word_1_342' title='bbox 2273 2132 2500 2203; x_wconf 86' lang='grc' dir='ltr'>εἰρήνης</span> <span class='ocrx_word' id='word_1_343' title='bbox 2524 2147 2539 2162; x_wconf 87' lang='grc'><strong>·</strong></span> <span class='ocrx_word' id='word_1_344' title='bbox 2563 2126 2847 2200; x_wconf 78' lang='grc' dir='ltr'><strong>πανταχοῦ</strong></span> <span class='ocrx_word' id='word_1_345' title='bbox 2900 2126 3011 2195; x_wconf 72' lang='grc' dir='ltr'>γὰρ</span> <span class='ocrx_word' id='word_1_346' title='bbox 3068 2124 3188 2193; x_wconf 79' lang='grc' dir='ltr'>μεθ’</span> <span class='ocrx_word' id='word_1_347' title='bbox 3223 2122 3535 2195; x_wconf 76' lang='grc' dir='ltr'>ὑπερόολῆς</span> <span class='ocrx_word' id='word_1_348' title='bbox 3558 2123 3688 2175; x_wconf 82' lang='grc' dir='ltr'><strong>τού-</strong></span> 
     </span>
    </p>
   </div>
   <div class='ocr_carea' id='block_1_50' title="bbox 2098 2214 3685 2294">
    <p class='ocr_par' dir='ltr' id='par_1_50' title="bbox 2098 2214 3685 2294">
     <span class='ocr_line' id='line_1_50' title="bbox 2098 2214 3685 2294; baseline -0.01 -13"><span class='ocrx_word' id='word_1_349' title='bbox 2098 2228 2313 2281; x_wconf 83' lang='grc' dir='ltr'>ναντίον</span> <span class='ocrx_word' id='word_1_350' title='bbox 2342 2226 2756 2294; x_wconf 87' lang='grc' dir='ltr'>ἀγαπήσαντες,</span> <span class='ocrx_word' id='word_1_351' title='bbox 2776 2220 2841 2275; x_wconf 79' lang='grc' dir='ltr'>τὸ</span> <span class='ocrx_word' id='word_1_352' title='bbox 2876 2221 3022 2292; x_wconf 87' lang='grc' dir='ltr'>μέγα</span> <span class='ocrx_word' id='word_1_353' title='bbox 3052 2217 3154 2288; x_wconf 79' lang='grc' dir='ltr'><strong>τῆς</strong></span> <span class='ocrx_word' id='word_1_354' title='bbox 3183 2217 3410 2288; x_wconf 74' lang='grc' dir='ltr'>εἰρήνης</span> <span class='ocrx_word' id='word_1_355' title='bbox 3430 2214 3685 2268; x_wconf 80' lang='grc' dir='ltr'>διέλυσαν</span> 
     </span>
    </p>
   </div>
   <div class='ocr_carea' id='block_1_51' title="bbox 2098 2307 3687 2393">
    <p class='ocr_par' dir='ltr' id='par_1_51' title="bbox 2098 2307 3687 2393">
     <span class='ocr_line' id='line_1_51' title="bbox 2098 2307 3687 2393; baseline -0.009 -18"><span class='ocrx_word' id='word_1_356' title='bbox 2098 2321 2291 2393; x_wconf 82' lang='grc' dir='ltr'>χρῆμα</span> <span class='ocrx_word' id='word_1_357' title='bbox 2311 2336 2326 2352; x_wconf 88' lang='grc'><strong>·</strong></span> <span class='ocrx_word' id='word_1_358' title='bbox 2383 2318 2481 2373; x_wconf 75' lang='grc' dir='ltr'><strong>κιιί⁸</strong></span> <span class='ocrx_word' id='word_1_359' title='bbox 2524 2316 2801 2387; x_wconf 84' lang='grc' dir='ltr'>τοσαύτην</span> <span class='ocrx_word' id='word_1_360' title='bbox 2833 2314 3105 2382; x_wconf 78' lang='grc' dir='ltr'>ἐνέθηκαν</span> <span class='ocrx_word' id='word_1_361' title='bbox 3131 2312 3254 2374; x_wconf 85' lang='grc' dir='ltr'>ταῖς</span> <span class='ocrx_word' id='word_1_362' title='bbox 3282 2310 3538 2365; x_wconf 82' lang='grc' dir='ltr'>ἁπάντων</span> <span class='ocrx_word' id='word_1_363' title='bbox 3580 2307 3687 2376; x_wconf 81' lang='grc' dir='ltr'><strong>ψυ-</strong></span> 
     </span>
    </p>
   </div>
   <div class='ocr_carea' id='block_1_52' title="bbox 2098 2399 3684 2485">
    <p class='ocr_par' dir='ltr' id='par_1_52' title="bbox 2098 2399 3684 2485">
     <span class='ocr_line' id='line_1_52' title="bbox 2098 2399 3684 2485; baseline -0.01 -18"><span class='ocrx_word' id='word_1_364' title='bbox 2098 2415 2221 2485; x_wconf 75' lang='grc' dir='ltr'>χαῖς</span> <span class='ocrx_word' id='word_1_365' title='bbox 2258 2410 2359 2480; x_wconf 78' lang='grc' dir='ltr'><strong>τήν</strong></span> <span class='ocrx_word' id='word_1_366' title='bbox 2390 2408 2673 2481; x_wconf 76' lang='grc' dir='ltr'>ἀκαιρίαν,</span> <span class='ocrx_word' id='word_1_367' title='bbox 2700 2408 2777 2473; x_wconf 84' lang='grc' dir='ltr'>ὡς</span> <span class='ocrx_word' id='word_1_368' title='bbox 2816 2405 2891 2479; x_wconf 75' lang='grc' dir='ltr'><strong>μὴ</strong></span> <span class='ocrx_word' id='word_1_369' title='bbox 2932 2405 3095 2476; x_wconf 89' lang='grc' dir='ltr'>μόνον</span> <span class='ocrx_word' id='word_1_370' title='bbox 3140 2403 3252 2457; x_wconf 86' lang='grc' dir='ltr'><strong>τῶν</strong></span> <span class='ocrx_word' id='word_1_371' title='bbox 3295 2399 3684 2474; x_wconf 86' lang='grc' dir='ltr'>γνησιωτάτων</span> 
     </span>
    </p>
   </div>
   <div class='ocr_carea' id='block_1_53' title="bbox 2099 2491 3685 2575">
    <p class='ocr_par' dir='ltr' id='par_1_53' title="bbox 2099 2491 3685 2575">
     <span class='ocr_line' id='line_1_53' title="bbox 2099 2491 3685 2575; baseline -0.013 -14"><span class='ocrx_word' id='word_1_372' title='bbox 2099 2506 2411 2575; x_wconf 80' lang='grc' dir='ltr'>ἀποστῆσαι</span> <span class='ocrx_word' id='word_1_373' title='bbox 2473 2502 2778 2557; x_wconf 80' lang='grc' dir='ltr'>σπουδάσαι</span> <span class='ocrx_word' id='word_1_374' title='bbox 2841 2500 3154 2567; x_wconf 83' lang='grc' dir='ltr'>δογμάτων,</span> <span class='ocrx_word' id='word_1_375' title='bbox 3197 2498 3294 2552; x_wconf 78' lang='grc' dir='ltr'>καὶ</span> <span class='ocrx_word' id='word_1_376' title='bbox 3345 2493 3514 2566; x_wconf 73' lang='grc' dir='ltr'>μηδὲν</span> <span class='ocrx_word' id='word_1_377' title='bbox 3572 2491 3685 2544; x_wconf 84' lang='grc' dir='ltr'><strong>τῶν</strong></span> 
     </span>
    </p>
   </div>
   <div class='ocr_carea' id='block_1_54' title="bbox 2099 2587 3687 2667">
    <p class='ocr_par' dir='ltr' id='par_1_54' title="bbox 2099 2587 3687 2667">
     <span class='ocr_line' id='line_1_54' title="bbox 2099 2587 3687 2667; baseline -0.01 -14"><span class='ocrx_word' id='word_1_378' title='bbox 2099 2600 2181 2661; x_wconf 88' lang='grc' dir='ltr'><strong>εἰς</strong></span> <span class='ocrx_word' id='word_1_379' title='bbox 2203 2596 2569 2667; x_wconf 79' lang='grc' dir='ltr'>Χριστιανοὺς</span> <span class='ocrx_word' id='word_1_380' title='bbox 2598 2594 2842 2667; x_wconf 80' lang='grc' dir='ltr'>ἐξαρχῆς</span> <span class='ocrx_word' id='word_1_381' title='bbox 2874 2591 3196 2662; x_wconf 76' lang='grc' dir='ltr'>ἀνηκόντων</span> <span class='ocrx_word' id='word_1_382' title='bbox 3232 2589 3492 2660; x_wconf 86' lang='grc' dir='ltr'>ἀκίνητον</span> <span class='ocrx_word' id='word_1_383' title='bbox 3522 2587 3687 2641; x_wconf 79' lang='grc' dir='ltr'>ἐᾶσαι</span> 
     </span>
    </p>
   </div>
   <div class='ocr_carea' id='block_1_55' title="bbox 2099 2678 3688 2759">
    <p class='ocr_par' dir='ltr' id='par_1_55' title="bbox 2099 2678 3688 2759">
     <span class='ocr_line' id='line_1_55' title="bbox 2099 2678 3688 2759; baseline -0.009 -16"><span class='ocrx_word' id='word_1_384' title='bbox 2099 2688 2498 2759; x_wconf 76' lang='grc' dir='ltr'>φιλονεικῆσαι,</span> <span class='ocrx_word' id='word_1_385' title='bbox 2525 2686 2642 2740; x_wconf 85' lang='grc' dir='ltr'>ἀλλ’</span> <span class='ocrx_word' id='word_1_386' title='bbox 2685 2683 3028 2755; x_wconf 73' lang='grc' dir='ltr'>ἀμφιϐόλους</span> <span class='ocrx_word' id='word_1_387' title='bbox 3062 2682 3160 2737; x_wconf 71' lang='grc' dir='ltr'><strong>καί¹</strong></span> <span class='ocrx_word' id='word_1_388' title='bbox 3206 2682 3357 2752; x_wconf 72' lang='grc' dir='ltr'>ἡμᾶς</span> <span class='ocrx_word' id='word_1_389' title='bbox 3382 2679 3583 2741; x_wconf 76' lang='grc' dir='ltr'>αὐτοὺς</span> <span class='ocrx_word' id='word_1_390' title='bbox 3627 2678 3688 2729; x_wconf 87' lang='grc' dir='ltr'><strong>ἐν</strong></span> 
     </span>
    </p>
   </div>
   <div class='ocr_carea' id='block_1_56' title="bbox 2097 2772 3684 2850">
    <p class='ocr_par' dir='ltr' id='par_1_56' title="bbox 2097 2772 3684 2850">
     <span class='ocr_line' id='line_1_56' title="bbox 2097 2772 3684 2850; baseline -0.009 -13"><span class='ocrx_word' id='word_1_391' title='bbox 2097 2784 2213 2843; x_wconf 78' lang='grc' dir='ltr'>τοῖς</span> <span class='ocrx_word' id='word_1_392' title='bbox 2246 2780 2377 2850; x_wconf 75' lang='grc' dir='ltr'>περὶ</span> <span class='ocrx_word' id='word_1_393' title='bbox 2400 2778 2585 2833; x_wconf 77' lang='grc' dir='ltr'>αὐτῶν</span> <span class='ocrx_word' id='word_1_394' title='bbox 2629 2777 2977 2846; x_wconf 84' lang='grc' dir='ltr'>καταστῆσαι</span> <span class='ocrx_word' id='word_1_395' title='bbox 3017 2775 3221 2842; x_wconf 82' lang='grc' dir='ltr'>λόγοις,</span> <span class='ocrx_word' id='word_1_396' title='bbox 3261 2772 3684 2843; x_wconf 82' lang='grc' dir='ltr'>διαποροῦντας,</span> 
     </span>
    </p>
   </div>
   <div class='ocr_carea' id='block_1_57' title="bbox 2098 2863 3685 2943">
    <p class='ocr_par' dir='ltr' id='par_1_57' title="bbox 2098 2863 3685 2943">
     <span class='ocr_line' id='line_1_57' title="bbox 2098 2863 3685 2943; baseline -0.009 -15"><span class='ocrx_word' id='word_1_397' title='bbox 2098 2875 2257 2943; x_wconf 79' lang='grc' dir='ltr'>εἰπερ</span> <span class='ocrx_word' id='word_1_398' title='bbox 2314 2870 2453 2931; x_wconf 80' lang='grc' dir='ltr'>ὅλως</span> <span class='ocrx_word' id='word_1_399' title='bbox 2504 2870 2587 2933; x_wconf 83' lang='grc' dir='ltr'><strong>εἰς</strong></span> <span class='ocrx_word' id='word_1_400' title='bbox 2647 2868 2973 2940; x_wconf 84' lang='grc' dir='ltr'>ἀνθρώπους</span> <span class='ocrx_word' id='word_1_401' title='bbox 3027 2865 3249 2920; x_wconf 80' lang='grc' dir='ltr'>τελοῦσι</span> <span class='ocrx_word' id='word_1_402' title='bbox 3302 2865 3399 2919; x_wconf 70' lang='grc' dir='ltr'><strong>καὶ</strong></span> <span class='ocrx_word' id='word_1_403' title='bbox 3456 2863 3685 2932; x_wconf 82' lang='grc' dir='ltr'>πλάσμα</span> 
     </span>
    </p>
   </div>
   <div class='ocr_carea' id='block_1_58' title="bbox 2098 2954 3688 3033">
    <p class='ocr_par' dir='ltr' id='par_1_58' title="bbox 2098 2954 3688 3033">
     <span class='ocr_line' id='line_1_58' title="bbox 2098 2954 3688 3033; baseline -0.007 -13"><span class='ocrx_word' id='word_1_404' title='bbox 2098 2964 2356 3033; x_wconf 81' lang='grc' dir='ltr'>λέγεσθαι</span> <span class='ocrx_word' id='word_1_405' title='bbox 2409 2961 2549 3017; x_wconf 88' lang='grc' dir='ltr'>Θεοῦ</span> <span class='ocrx_word' id='word_1_406' title='bbox 2584 2961 3000 3032; x_wconf 85' lang='grc' dir='ltr'>καταδέχονται,</span> <span class='ocrx_word' id='word_1_407' title='bbox 3059 2958 3304 3013; x_wconf 85' lang='grc' dir='ltr'>τοσαῦτα</span> <span class='ocrx_word' id='word_1_408' title='bbox 3334 2955 3472 3029; x_wconf 75' lang='grc' dir='ltr'>πρὸς</span> <span class='ocrx_word' id='word_1_409' title='bbox 3521 2954 3688 3009; x_wconf 72' lang='grc' dir='ltr'>αὐτὸν</span> 
     </span>
    </p>
   </div>
   <div class='ocr_carea' id='block_1_59' title="bbox 2098 3048 3691 3130">
    <p class='ocr_par' dir='ltr' id='par_1_59' title="bbox 2098 3048 3691 3130">
     <span class='ocr_line' id='line_1_59' title="bbox 2098 3048 3691 3130; baseline -0.007 -17"><span class='ocrx_word' id='word_1_410' title='bbox 2098 3058 2634 3130; x_wconf 81' lang='grc' dir='ltr'>ἐμπαροινήσαντες,</span> <span class='ocrx_word' id='word_1_411' title='bbox 2695 3056 2832 3110; x_wconf 78' lang='grc' dir='ltr'>Οὑδέ</span> <span class='ocrx_word' id='word_1_412' title='bbox 2862 3054 2975 3127; x_wconf 83' lang='grc' dir='ltr'>γὰρ</span> <span class='ocrx_word' id='word_1_413' title='bbox 3003 3053 3173 3124; x_wconf 82' lang='grc' dir='ltr'>ἀλλην</span> <span class='ocrx_word' id='word_1_414' title='bbox 3205 3048 3361 3122; x_wconf 81' lang='grc' dir='ltr'>οϊμαι</span> <span class='ocrx_word' id='word_1_415' title='bbox 3393 3051 3486 3103; x_wconf 78' lang='grc' dir='ltr'><strong>τὸν</strong></span> <span class='ocrx_word' id='word_1_416' title='bbox 3523 3050 3691 3104; x_wconf 78' lang='grc' dir='ltr'>Ἀπόο</span> 
     </span>
    </p>
   </div>
   <div class='ocr_carea' id='block_1_60' title="bbox 2099 3143 3694 3223">
    <p class='ocr_par' dir='ltr' id='par_1_60' title="bbox 2099 3143 3694 3223">
     <span class='ocr_line' id='line_1_60' title="bbox 2099 3143 3694 3223; baseline -0.008 -16"><span class='ocrx_word' id='word_1_417' title='bbox 2099 3152 2288 3207; x_wconf 84' lang='grc' dir='ltr'>στολον</span> <span class='ocrx_word' id='word_1_418' title='bbox 2318 3150 2419 3223; x_wconf 83' lang='grc' dir='ltr'>τὴν</span> <span class='ocrx_word' id='word_1_419' title='bbox 2468 3148 2807 3203; x_wconf 78' lang='grc' dir='ltr'>ἀποστασίαν</span> <span class='ocrx_word' id='word_1_420' title='bbox 2841 3148 2898 3200; x_wconf 88' lang='grc' dir='ltr'><strong>ἐν</strong></span> <span class='ocrx_word' id='word_1_421' title='bbox 2946 3145 3195 3217; x_wconf 85' lang='grc' dir='ltr'>ἐσχάτοις</span> <span class='ocrx_word' id='word_1_422' title='bbox 3216 3144 3498 3215; x_wconf 82' lang='grc' dir='ltr'>εἰρηκέναι</span> <span class='ocrx_word' id='word_1_423' title='bbox 3527 3143 3694 3212; x_wconf 84' lang='grc' dir='ltr'>γενή-</span> 
     </span>
    </p>
   </div>
   <div class='ocr_carea' id='block_1_61' title="bbox 412 3233 2000 3327">
    <p class='ocr_par' dir='ltr' id='par_1_61' title="bbox 412 3242 1996 3327">
     <span class='ocr_line' id='line_1_61' title="bbox 412 3242 1996 3327; baseline 0.011 -32"><span class='ocrx_word' id='word_1_424' title='bbox 412 3242 659 3296; x_wconf 89' lang='lat' dir='ltr'><strong>omnium</strong></span> <span class='ocrx_word' id='word_1_425' title='bbox 688 3258 884 3298; x_wconf 90' lang='lat' dir='ltr'><strong>unam:</strong></span> <span class='ocrx_word' id='word_1_426' title='bbox 924 3257 1199 3314; x_wconf 87' lang='lat' dir='ltr'><strong>quatenus</strong></span> <span class='ocrx_word' id='word_1_427' title='bbox 1235 3249 1438 3305; x_wconf 87' lang='lat' dir='ltr'><strong>scilicet</strong></span> <span class='ocrx_word' id='word_1_428' title='bbox 1467 3250 1608 3316; x_wconf 71' lang='lat' dir='ltr'><strong>alite,</strong></span> <span class='ocrx_word' id='word_1_429' title='bbox 1648 3267 1841 3309; x_wconf 88' lang='lat' dir='ltr'><strong>eorum</strong></span> <span class='ocrx_word' id='word_1_430' title='bbox 1872 3272 1996 3327; x_wconf 67' lang='lat' dir='ltr'><strong>quae</strong></span> 
     </span>
    </p>
   </div>
   <div class='ocr_carea' id='block_1_62' title="bbox 2098 3233 3688 3327">
    <p class='ocr_par' dir='ltr' id='par_1_62' title="bbox 2101 3235 3688 3327">
     <span class='ocr_line' id='line_1_62' title="bbox 2101 3235 3688 3327; baseline -0.008 -28"><span class='ocrx_word' id='word_1_431' title='bbox 2101 3245 2292 3299; x_wconf 84' lang='grc' dir='ltr'>σεσθαι</span> <span class='ocrx_word' id='word_1_432' title='bbox 2341 3244 2574 3315; x_wconf 80' lang='grc' dir='ltr'>καιροῖς,</span> <span class='ocrx_word' id='word_1_433' title='bbox 2628 3241 2746 3296; x_wconf 81' lang='grc' dir='ltr'>ἀλλ’</span> <span class='ocrx_word' id='word_1_434' title='bbox 2800 3239 2834 3311; x_wconf 80' lang='grc' dir='ltr'>ἦ</span> <span class='ocrx_word' id='word_1_435' title='bbox 2881 3241 3054 3301; x_wconf 84' lang='grc' dir='ltr'>δήπου</span> <span class='ocrx_word' id='word_1_436' title='bbox 3126 3236 3334 3297; x_wconf 77' lang='grc' dir='ltr'>ταύτην</span> <span class='ocrx_word' id='word_1_437' title='bbox 3388 3236 3516 3327; x_wconf 29' lang='grc' dir='ltr'>τῶν*</span> <span class='ocrx_word' id='word_1_438' title='bbox 3541 3235 3688 3327; x_wconf 51' lang='lat' dir='ltr'><strong>qua:</strong></span> 
     </span>
    </p>
   </div>
   <div class='ocr_carea' id='block_1_63' title="bbox 415 3333 1994 3415">
    <p class='ocr_par' dir='ltr' id='par_1_63' title="bbox 415 3333 1994 3415">
     <span class='ocr_line' id='line_1_63' title="bbox 415 3333 1994 3415; baseline 0.011 -28"><span class='ocrx_word' id='word_1_439' title='bbox 415 3333 512 3389; x_wconf 87' lang='lat' dir='ltr'><strong>Dei</strong></span> <span class='ocrx_word' id='word_1_440' title='bbox 544 3343 674 3389; x_wconf 91' lang='lat' dir='ltr'><strong>sunt</strong></span> <span class='ocrx_word' id='word_1_441' title='bbox 700 3336 907 3405; x_wconf 89' lang='lat' dir='ltr'><strong>aliquid</strong></span> <span class='ocrx_word' id='word_1_442' title='bbox 942 3348 1229 3408; x_wconf 89' lang='lat' dir='ltr'><strong>ponentes,</strong></span> <span class='ocrx_word' id='word_1_443' title='bbox 1270 3344 1417 3408; x_wconf 89' lang='lat' dir='ltr'><strong>quod</strong></span> <span class='ocrx_word' id='word_1_444' title='bbox 1463 3344 1733 3415; x_wconf 90' lang='lat' dir='ltr'><strong>reliquum</strong></span> <span class='ocrx_word' id='word_1_445' title='bbox 1758 3359 1878 3401; x_wconf 89' lang='lat' dir='ltr'><strong>erat</strong></span> <span class='ocrx_word' id='word_1_446' title='bbox 1899 3365 1994 3404; x_wconf 87' lang='lat' dir='ltr'><strong>su-</strong></span> 
     </span>
    </p>
   </div>
   <div class='ocr_carea' id='block_1_64' title="bbox 413 3422 1996 3509">
    <p class='ocr_par' dir='ltr' id='par_1_64' title="bbox 413 3422 1996 3509">
     <span class='ocr_line' id='line_1_64' title="bbox 413 3422 1996 3509; baseline 0.01 -30"><span class='ocrx_word' id='word_1_447' title='bbox 413 3422 625 3479; x_wconf 85' lang='lat' dir='ltr'><strong>blatum</strong></span> <span class='ocrx_word' id='word_1_448' title='bbox 677 3425 832 3482; x_wconf 89' lang='lat' dir='ltr'><strong>ibant</strong></span> <span class='ocrx_word' id='word_1_449' title='bbox 856 3466 872 3490; x_wconf 90' lang='lat'><strong>.</strong></span> <span class='ocrx_word' id='word_1_450' title='bbox 907 3429 1023 3483; x_wconf 65' lang='lat' dir='ltr'><strong>hare</strong></span> <span class='ocrx_word' id='word_1_451' title='bbox 1057 3438 1237 3505; x_wconf 79' lang='lat' dir='ltr'><strong>autem</strong></span> <span class='ocrx_word' id='word_1_452' title='bbox 1290 3432 1767 3504; x_wconf 89' lang='lat' dir='ltr'><strong>impudentissima</strong></span> <span class='ocrx_word' id='word_1_453' title='bbox 1801 3453 1996 3509; x_wconf 88' lang='lat' dir='ltr'><strong>super-</strong></span> 
     </span>
    </p>
   </div>
   <div class='ocr_carea' id='block_1_65' title="bbox 412 3513 2001 3590">
    <p class='ocr_par' dir='ltr' id='par_1_65' title="bbox 412 3513 2001 3590">
     <span class='ocr_line' id='line_1_65' title="bbox 412 3513 2001 3590; baseline 0.011 -22"><span class='ocrx_word' id='word_1_454' title='bbox 412 3513 564 3569; x_wconf 90' lang='lat' dir='ltr'><strong>stitio</strong></span> <span class='ocrx_word' id='word_1_455' title='bbox 592 3530 657 3569; x_wconf 89' lang='lat' dir='ltr'><strong>ac</strong></span> <span class='ocrx_word' id='word_1_456' title='bbox 686 3516 896 3586; x_wconf 75' lang='lat' dir='ltr'><strong>religio,</strong></span> <span class='ocrx_word' id='word_1_457' title='bbox 923 3520 1189 3590; x_wconf 81' lang='lat' dir='ltr'><strong>quidquid</strong></span> <span class='ocrx_word' id='word_1_458' title='bbox 1251 3521 1343 3577; x_wconf 87' lang='lat' dir='ltr'><strong>Dei</strong></span> <span class='ocrx_word' id='word_1_459' title='bbox 1385 3532 1489 3589; x_wconf 88' lang='lat' dir='ltr'><strong>est,</strong></span> <span class='ocrx_word' id='word_1_460' title='bbox 1518 3535 1686 3582; x_wconf 92' lang='lat' dir='ltr'><strong>semel</strong></span> <span class='ocrx_word' id='word_1_461' title='bbox 1722 3527 2001 3586; x_wconf 84' lang='lat' dir='ltr'><strong>honorare</strong></span> 
     </span>
    </p>
   </div>
   <div class='ocr_carea' id='block_1_66' title="bbox 411 3612 2000 3689">
    <p class='ocr_par' dir='ltr' id='par_1_66' title="bbox 411 3612 2000 3689">
     <span class='ocr_line' id='line_1_66' title="bbox 411 3612 2000 3689; baseline 0.01 -26"><span class='ocrx_word' id='word_1_462' title='bbox 411 3621 654 3666; x_wconf 67' lang='lat' dir='ltr'><strong>recusat.</strong></span> <span class='ocrx_word' id='word_1_463' title='bbox 714 3612 1042 3682; x_wconf 84' lang='lat' dir='ltr'><strong>Quanquam</strong></span> <span class='ocrx_word' id='word_1_464' title='bbox 1093 3615 1240 3670; x_wconf 88' lang='lat' dir='ltr'><strong>enim</strong></span> <span class='ocrx_word' id='word_1_465' title='bbox 1296 3620 1756 3689; x_wconf 78' lang='lat' dir='ltr'><strong>concrepantibus</strong></span> <span class='ocrx_word' id='word_1_466' title='bbox 1816 3622 2000 3679; x_wconf 88' lang='lat' dir='ltr'><strong>buccis</strong></span> 
     </span>
    </p>
   </div>
   <div class='ocr_carea' id='block_1_67' title="bbox 413 3704 1999 3784">
    <p class='ocr_par' dir='ltr' id='par_1_67' title="bbox 413 3704 1999 3784">
     <span class='ocr_line' id='line_1_67' title="bbox 413 3704 1999 3784; baseline 0.006 -25"><span class='ocrx_word' id='word_1_467' title='bbox 413 3704 619 3775; x_wconf 86' lang='lat' dir='ltr'><strong>aliquid</strong></span> <span class='ocrx_word' id='word_1_468' title='bbox 653 3706 720 3761; x_wconf 89' lang='lat' dir='ltr'><strong>de</strong></span> <span class='ocrx_word' id='word_1_469' title='bbox 754 3706 850 3762; x_wconf 89' lang='lat' dir='ltr'><strong>illo</strong></span> <span class='ocrx_word' id='word_1_470' title='bbox 902 3707 1154 3763; x_wconf 83' lang='lat' dir='ltr'><strong>videatur</strong></span> <span class='ocrx_word' id='word_1_471' title='bbox 1193 3710 1399 3776; x_wconf 88' lang='lat' dir='ltr'><strong>dicere,</strong></span> <span class='ocrx_word' id='word_1_472' title='bbox 1432 3711 1499 3765; x_wconf 88' lang='lat' dir='ltr'><strong>iis</strong></span> <span class='ocrx_word' id='word_1_473' title='bbox 1535 3722 1715 3767; x_wconf 88' lang='lat' dir='ltr'><strong>tamen</strong></span> <span class='ocrx_word' id='word_1_474' title='bbox 1740 3715 1842 3784; x_wconf 90' lang='lat' dir='ltr'><strong>‘qui</strong></span> <span class='ocrx_word' id='word_1_475' title='bbox 1871 3729 1999 3770; x_wconf 85' lang='lat' dir='ltr'><strong>sen-</strong></span> 
     </span>
    </p>
   </div>
   <div class='ocr_carea' id='block_1_68' title="bbox 414 3798 1995 3872">
    <p class='ocr_par' dir='ltr' id='par_1_68' title="bbox 414 3798 1995 3872">
     <span class='ocr_line' id='line_1_68' title="bbox 414 3798 1995 3872; baseline 0.005 -21"><span class='ocrx_word' id='word_1_476' title='bbox 414 3812 536 3851; x_wconf 87' lang='lat' dir='ltr'><strong>sum</strong></span> <span class='ocrx_word' id='word_1_477' title='bbox 569 3798 872 3861; x_wconf 79' lang='lat' dir='ltr'><strong>attcndant,</strong></span> <span class='ocrx_word' id='word_1_478' title='bbox 904 3813 1119 3865; x_wconf 86' lang='lat' dir='ltr'><strong>eorum,</strong></span> <span class='ocrx_word' id='word_1_479' title='bbox 1144 3816 1265 3871; x_wconf 66' lang='lat' dir='ltr'><strong>qua:</strong></span> <span class='ocrx_word' id='word_1_480' title='bbox 1284 3801 1601 3872; x_wconf 88' lang='lat' dir='ltr'><strong>loquuntur,</strong></span> <span class='ocrx_word' id='word_1_481' title='bbox 1623 3805 1995 3860; x_wconf 89' lang='lat' dir='ltr'><strong>omnimodam</strong></span> 
     </span>
    </p>
   </div>
   <div class='ocr_carea' id='block_1_69' title="bbox 413 3891 2002 3965">
    <p class='ocr_par' dir='ltr' id='par_1_69' title="bbox 413 3891 2002 3965">
     <span class='ocr_line' id='line_1_69' title="bbox 413 3891 2002 3965; baseline 0.003 -17"><span class='ocrx_word' id='word_1_482' title='bbox 413 3892 752 3962; x_wconf 85' lang='lat' dir='ltr'><strong>impietatem</strong></span> <span class='ocrx_word' id='word_1_483' title='bbox 782 3893 991 3957; x_wconf 70' lang='lat' dir='ltr'><strong>statuit,</strong></span> <span class='ocrx_word' id='word_1_484' title='bbox 1015 3891 1223 3963; x_wconf 91' lang='lat' dir='ltr'><strong>Deique</strong></span> <span class='ocrx_word' id='word_1_485' title='bbox 1241 3905 1323 3963; x_wconf 63' lang='lat' dir='ltr'><strong>(ut</strong></span> <span class='ocrx_word' id='word_1_486' title='bbox 1355 3896 1436 3949; x_wconf 91' lang='lat' dir='ltr'><strong>sic</strong></span> <span class='ocrx_word' id='word_1_487' title='bbox 1459 3896 1659 3965; x_wconf 89' lang='lat' dir='ltr'><strong>dicam)</strong></span> <span class='ocrx_word' id='word_1_488' title='bbox 1685 3898 2002 3952; x_wconf 86' lang='lat' dir='ltr'><strong>exstinctio-</strong></span> 
     </span>
    </p>
   </div>
   <div class='ocr_carea' id='block_1_70' title="bbox 313 3974 2001 4060">
    <p class='ocr_par' dir='ltr' id='par_1_70' title="bbox 313 3974 2001 4060">
     <span class='ocr_line' id='line_1_70' title="bbox 313 3974 2001 4060; baseline 0.004 -23"><span class='ocrx_word' id='word_1_489' title='bbox 313 3974 328 3994; x_wconf 65' lang='grc'>⁸</span> <span class='ocrx_word' id='word_1_490' title='bbox 414 3997 572 4037; x_wconf 82' lang='lat' dir='ltr'><strong>nem:</strong></span> <span class='ocrx_word' id='word_1_491' title='bbox 601 3999 721 4053; x_wconf 88' lang='lat' dir='ltr'><strong>quae</strong></span> <span class='ocrx_word' id='word_1_492' title='bbox 754 3983 911 4060; x_wconf 80' lang='lat' dir='ltr'><strong>plane</strong></span> <span class='ocrx_word' id='word_1_493' title='bbox 932 3998 1064 4049; x_wconf 92' lang='lat' dir='ltr'><strong>una,</strong></span> <span class='ocrx_word' id='word_1_494' title='bbox 1096 3993 1292 4054; x_wconf 89' lang='lat' dir='ltr'><strong>aperte</strong></span> <span class='ocrx_word' id='word_1_495' title='bbox 1325 3985 1530 4039; x_wconf 90' lang='lat' dir='ltr'><strong>nudam</strong></span> <span class='ocrx_word' id='word_1_496' title='bbox 1579 3987 1748 4056; x_wconf 86' lang='lat' dir='ltr'><strong>ipsam</strong></span> <span class='ocrx_word' id='word_1_497' title='bbox 1780 4004 2001 4057; x_wconf 85' lang='lat' dir='ltr'><strong>puram-</strong></span> 
     </span>
    </p>
   </div>
   <div class='ocr_carea' id='block_1_71' title="bbox 417 4076 2001 4152">
    <p class='ocr_par' dir='ltr' id='par_1_71' title="bbox 417 4076 2001 4152">
     <span class='ocr_line' id='line_1_71' title="bbox 417 4076 2001 4152; baseline 0.004 -23"><span class='ocrx_word' id='word_1_498' title='bbox 417 4091 527 4146; x_wconf 86' lang='lat' dir='ltr'><strong>que</strong></span> <span class='ocrx_word' id='word_1_499' title='bbox 559 4076 923 4133; x_wconf 81' lang='lat' dir='ltr'><strong>defectionem</strong></span> <span class='ocrx_word' id='word_1_500' title='bbox 957 4077 1282 4152; x_wconf 66' lang='lat' dir='ltr'><strong>designant,</strong></span> <span class='ocrx_word' id='word_1_501' title='bbox 1304 4077 1378 4133; x_wconf 89' lang='lat' dir='ltr'><strong>ita</strong></span> <span class='ocrx_word' id='word_1_502' title='bbox 1413 4079 1699 4147; x_wconf 89' lang='lat' dir='ltr'><strong>nimirum,</strong></span> <span class='ocrx_word' id='word_1_503' title='bbox 1737 4089 2001 4152; x_wconf 86' lang='lat' dir='ltr'><strong>tantoque</strong></span> 
     </span>
    </p>
   </div>
   <div class='ocr_carea' id='block_1_72' title="bbox 416 4150 1998 4239">
    <p class='ocr_par' dir='ltr' id='par_1_72' title="bbox 416 4150 1998 4239">
     <span class='ocr_line' id='line_1_72' title="bbox 416 4150 1998 4239; baseline 0.003 -18"><span class='ocrx_word' id='word_1_504' title='bbox 416 4181 647 4222; x_wconf 84' lang='lat' dir='ltr'><strong>excessu</strong></span> <span class='ocrx_word' id='word_1_505' title='bbox 702 4165 759 4221; x_wconf 90' lang='lat' dir='ltr'><strong>in</strong></span> <span class='ocrx_word' id='word_1_506' title='bbox 801 4150 1004 4221; x_wconf 87' lang='lat' dir='ltr'><strong>bonum</strong></span> <span class='ocrx_word' id='word_1_507' title='bbox 1073 4167 1224 4236; x_wconf 85' lang='lat' dir='ltr'><strong>pacis</strong></span> <span class='ocrx_word' id='word_1_508' title='bbox 1275 4169 1525 4236; x_wconf 85' lang='lat' dir='ltr'><strong>procacia</strong></span> <span class='ocrx_word' id='word_1_509' title='bbox 1586 4170 1786 4227; x_wconf 88' lang='lat' dir='ltr'><strong>invecti</strong></span> <span class='ocrx_word' id='word_1_510' title='bbox 1847 4182 1998 4239; x_wconf 89' lang='lat' dir='ltr'><strong>sunt,</strong></span> 
     </span>
    </p>
   </div>
   <div class='ocr_carea' id='block_1_73' title="bbox 420 4257 2003 4327">
    <p class='ocr_par' dir='ltr' id='par_1_73' title="bbox 420 4257 2003 4327">
     <span class='ocr_line' id='line_1_73' title="bbox 420 4257 2003 4327; baseline 0.006 -16"><span class='ocrx_word' id='word_1_511' title='bbox 420 4272 734 4327; x_wconf 85' lang='lat' dir='ltr'><strong>quanquam</strong></span> <span class='ocrx_word' id='word_1_512' title='bbox 768 4259 1043 4313; x_wconf 55' lang='lat' dir='ltr'><strong>maximus</strong></span> <span class='ocrx_word' id='word_1_513' title='bbox 1077 4257 1221 4314; x_wconf 92' lang='lat' dir='ltr'><strong>Deus</strong></span> <span class='ocrx_word' id='word_1_514' title='bbox 1257 4268 1313 4314; x_wconf 89' lang='lat' dir='ltr'><strong>et</strong></span> <span class='ocrx_word' id='word_1_515' title='bbox 1336 4257 1589 4318; x_wconf 79' lang='lat' dir='ltr'><strong>Salvator</strong></span> <span class='ocrx_word' id='word_1_516' title='bbox 1617 4273 1806 4318; x_wconf 88' lang='lat' dir='ltr'><strong>noster</strong></span> <span class='ocrx_word' id='word_1_517' title='bbox 1842 4263 2003 4321; x_wconf 80' lang='lat' dir='ltr'><strong>Jesus</strong></span> 
     </span>
    </p>
   </div>
   <div class='ocr_carea' id='block_1_74' title="bbox 421 4347 2005 4422">
    <p class='ocr_par' dir='ltr' id='par_1_74' title="bbox 421 4347 2005 4422">
     <span class='ocr_line' id='line_1_74' title="bbox 421 4347 2005 4422; baseline 0.006 -21"><span class='ocrx_word' id='word_1_518' title='bbox 421 4347 677 4410; x_wconf 83' lang='lat' dir='ltr'><strong>Christus</strong></span> <span class='ocrx_word' id='word_1_519' title='bbox 698 4349 767 4414; x_wconf 79' lang='lat'><strong>’°,</strong></span> <span class='ocrx_word' id='word_1_520' title='bbox 796 4357 923 4419; x_wconf 88' lang='lat' dir='ltr'><strong>post</strong></span> <span class='ocrx_word' id='word_1_521' title='bbox 941 4363 1104 4404; x_wconf 90' lang='lat' dir='ltr'><strong>omne</strong></span> <span class='ocrx_word' id='word_1_522' title='bbox 1125 4349 1322 4406; x_wconf 87' lang='lat' dir='ltr'><strong>salutis</strong></span> <span class='ocrx_word' id='word_1_523' title='bbox 1373 4361 1574 4407; x_wconf 61' lang='lat' dir='ltr'><strong>nostra:</strong></span> <span class='ocrx_word' id='word_1_524' title='bbox 1603 4355 1879 4422; x_wconf 81' lang='lat' dir='ltr'><strong>expletum</strong></span> <span class='ocrx_word' id='word_1_525' title='bbox 1908 4371 2005 4410; x_wconf 82' lang='lat' dir='ltr'><strong>ne-</strong></span> 
     </span>
    </p>
   </div>
   <div class='ocr_carea' id='block_1_75' title="bbox 398 4443 2004 4516">
    <p class='ocr_par' dir='ltr' id='par_1_75' title="bbox 398 4443 2004 4516">
     <span class='ocr_line' id='line_1_75' title="bbox 398 4443 2004 4516; baseline 0.004 -20"><span class='ocrx_word' id='word_1_526' title='bbox 398 4443 628 4510; x_wconf 60' lang='lat' dir='ltr'><strong>gotium</strong></span> <span class='ocrx_word' id='word_1_527' title='bbox 658 4482 672 4507; x_wconf 96' lang='lat'><strong>,</strong></span> <span class='ocrx_word' id='word_1_528' title='bbox 710 4444 857 4513; x_wconf 87' lang='lat' dir='ltr'><strong>quod</strong></span> <span class='ocrx_word' id='word_1_529' title='bbox 896 4443 1200 4515; x_wconf 86' lang='lat' dir='ltr'><strong>discipulos</strong></span> <span class='ocrx_word' id='word_1_530' title='bbox 1247 4446 1313 4501; x_wconf 90' lang='lat' dir='ltr'><strong>ad</strong></span> <span class='ocrx_word' id='word_1_531' title='bbox 1346 4447 1754 4516; x_wconf 62' lang='lat' dir='ltr'><strong>praedicationis</strong></span> <span class='ocrx_word' id='word_1_532' title='bbox 1799 4463 2004 4504; x_wconf 89' lang='lat' dir='ltr'><strong>munus</strong></span> 
     </span>
    </p>
   </div>
   <div class='ocr_carea' id='block_1_76' title="bbox 418 4535 2005 4610">
    <p class='ocr_par' dir='ltr' id='par_1_76' title="bbox 418 4535 2005 4610">
     <span class='ocr_line' id='line_1_76' title="bbox 418 4535 2005 4610; baseline 0.004 -21"><span class='ocrx_word' id='word_1_533' title='bbox 418 4535 808 4607; x_wconf 74' lang='lat' dir='ltr'><strong>praeminebat,</strong></span> <span class='ocrx_word' id='word_1_534' title='bbox 828 4551 1019 4591; x_wconf 91' lang='lat' dir='ltr'><strong>corum</strong></span> <span class='ocrx_word' id='word_1_535' title='bbox 1056 4548 1180 4594; x_wconf 87' lang='lat' dir='ltr'><strong>ante</strong></span> <span class='ocrx_word' id='word_1_536' title='bbox 1213 4554 1549 4610; x_wconf 85' lang='lat' dir='ltr'><strong>componens</strong></span> <span class='ocrx_word' id='word_1_537' title='bbox 1570 4541 1805 4606; x_wconf 83' lang='lat' dir='ltr'><strong>animos,</strong></span> <span class='ocrx_word' id='word_1_538' title='bbox 1838 4557 1969 4598; x_wconf 88' lang='lat' dir='ltr'><strong>secu</strong></span> <span class='ocrx_word' id='word_1_539' title='bbox 1989 4570 2005 4581; x_wconf 88' lang='lat'>-</span> 
     </span>
    </p>
   </div>
   <div class='ocr_carea' id='block_1_77' title="bbox 416 4631 1997 4703">
    <p class='ocr_par' dir='ltr' id='par_1_77' title="bbox 416 4631 1997 4703">
     <span class='ocr_line' id='line_1_77' title="bbox 416 4631 1997 4703; baseline 0.004 -20"><span class='ocrx_word' id='word_1_540' title='bbox 416 4642 622 4698; x_wconf 67' lang='lat' dir='ltr'><strong>fasque</strong></span> <span class='ocrx_word' id='word_1_541' title='bbox 646 4640 852 4687; x_wconf 87' lang='lat' dir='ltr'><strong>mentes</strong></span> <span class='ocrx_word' id='word_1_542' title='bbox 877 4631 1130 4697; x_wconf 85' lang='lat' dir='ltr'><strong>reddens,</strong></span> <span class='ocrx_word' id='word_1_543' title='bbox 1170 4633 1371 4703; x_wconf 88' lang='lat' dir='ltr'><strong>quibus</strong></span> <span class='ocrx_word' id='word_1_544' title='bbox 1410 4635 1508 4699; x_wconf 90' lang='lat' dir='ltr'><strong>ait,</strong></span> <span class='ocrx_word' id='word_1_545' title='bbox 1533 4632 1673 4688; x_wconf 85' lang='lat' dir='ltr'><strong>«Pax</strong></span> <span class='ocrx_word' id='word_1_546' title='bbox 1706 4635 1863 4689; x_wconf 86' lang='lat' dir='ltr'><strong>vobis</strong></span> <span class='ocrx_word' id='word_1_547' title='bbox 1899 4636 1997 4700; x_wconf 83' lang='grc' dir='ltr'>¹¹,ι</span> 
     </span>
    </p>
   </div>
   <div class='ocr_carea' id='block_1_78' title="bbox 418 4722 1999 4799">
    <p class='ocr_par' dir='ltr' id='par_1_78' title="bbox 418 4722 1999 4799">
     <span class='ocr_line' id='line_1_78' title="bbox 418 4722 1999 4799; baseline 0.001 -20"><span class='ocrx_word' id='word_1_548' title='bbox 418 4734 530 4779; x_wconf 67' lang='lat' dir='ltr'><strong>lion</strong></span> <span class='ocrx_word' id='word_1_549' title='bbox 560 4722 798 4777; x_wconf 84' lang='lat' dir='ltr'><strong>cessavit</strong></span> <span class='ocrx_word' id='word_1_550' title='bbox 836 4724 1011 4779; x_wconf 73' lang='lat' dir='ltr'><strong>donec</strong></span> <span class='ocrx_word' id='word_1_551' title='bbox 1036 4724 1151 4779; x_wconf 65' lang='lat' dir='ltr'><strong>hrec</strong></span> <span class='ocrx_word' id='word_1_552' title='bbox 1182 4726 1421 4794; x_wconf 89' lang='lat' dir='ltr'><strong>primum</strong></span> <span class='ocrx_word' id='word_1_553' title='bbox 1461 4727 1644 4781; x_wconf 87' lang='lat' dir='ltr'><strong>dicere</strong></span> <span class='ocrx_word' id='word_1_554' title='bbox 1666 4727 1999 4799; x_wconf 83' lang='lat' dir='ltr'><strong>injungcret,</strong></span> 
     </span>
    </p>
   </div>
   <div class='ocr_carea' id='block_1_79' title="bbox 419 4817 2008 4890">
    <p class='ocr_par' dir='ltr' id='par_1_79' title="bbox 419 4817 2008 4890">
     <span class='ocr_line' id='line_1_79' title="bbox 419 4817 2008 4890; baseline 0.006 -23"><span class='ocrx_word' id='word_1_555' title='bbox 419 4828 544 4868; x_wconf 79' lang='lat' dir='ltr'><strong>esse</strong></span> <span class='ocrx_word' id='word_1_556' title='bbox 568 4829 627 4867; x_wconf 88' lang='lat' dir='ltr'><strong>se</strong></span> <span class='ocrx_word' id='word_1_557' title='bbox 653 4817 823 4882; x_wconf 74' lang='lat' dir='ltr'><strong>magis</strong></span> <span class='ocrx_word' id='word_1_558' title='bbox 846 4828 1127 4871; x_wconf 87' lang='lat' dir='ltr'><strong>auctorem</strong></span> <span class='ocrx_word' id='word_1_559' title='bbox 1161 4829 1323 4887; x_wconf 87' lang='lat' dir='ltr'><strong>atque</strong></span> <span class='ocrx_word' id='word_1_560' title='bbox 1342 4817 1608 4875; x_wconf 76' lang='lat' dir='ltr'><strong>arbit&#39;um</strong></span> <span class='ocrx_word' id='word_1_561' title='bbox 1628 4820 1776 4890; x_wconf 86' lang='lat' dir='ltr'><strong>pacis</strong></span> <span class='ocrx_word' id='word_1_562' title='bbox 1804 4822 2008 4876; x_wconf 70' lang='lat' dir='ltr'><strong>contir-</strong></span> 
     </span>
    </p>
   </div>
   <div class='ocr_carea' id='block_1_80' title="bbox 425 4908 2004 4977">
    <p class='ocr_par' dir='ltr' id='par_1_80' title="bbox 425 4908 2004 4977">
     <span class='ocr_line' id='line_1_80' title="bbox 425 4908 2004 4977; baseline 0.005 -15"><span class='ocrx_word' id='word_1_563' title='bbox 425 4923 584 4962; x_wconf 80' lang='lat' dir='ltr'><strong>ntans</strong></span> <span class='ocrx_word' id='word_1_564' title='bbox 614 4908 686 4973; x_wconf 86' lang='grc'>¹²,</span> <span class='ocrx_word' id='word_1_565' title='bbox 711 4909 855 4977; x_wconf 88' lang='lat' dir='ltr'><strong>quod</strong></span> <span class='ocrx_word' id='word_1_566' title='bbox 893 4911 943 4964; x_wconf 90' lang='lat' dir='ltr'><strong>in</strong></span> <span class='ocrx_word' id='word_1_567' title='bbox 976 4912 1098 4965; x_wconf 87' lang='lat' dir='ltr'><strong>aliis</strong></span> <span class='ocrx_word' id='word_1_568' title='bbox 1131 4910 1380 4969; x_wconf 75' lang='lat' dir='ltr'><strong>dixerat:</strong></span> <span class='ocrx_word' id='word_1_569' title='bbox 1425 4909 1654 4965; x_wconf 82' lang='lat' dir='ltr'><strong>«Pacem</strong></span> <span class='ocrx_word' id='word_1_570' title='bbox 1700 4929 1877 4968; x_wconf 86' lang='lat' dir='ltr'><strong>meam</strong></span> <span class='ocrx_word' id='word_1_571' title='bbox 1932 4916 2004 4971; x_wconf 91' lang='lat' dir='ltr'><strong>do</strong></span> 
     </span>
    </p>
   </div>
   <div class='ocr_carea' id='block_1_81' title="bbox 426 4999 2008 5075">
    <p class='ocr_par' dir='ltr' id='par_1_81' title="bbox 426 4999 2008 5075">
     <span class='ocr_line' id='line_1_81' title="bbox 426 4999 2008 5075; baseline 0.006 -25"><span class='ocrx_word' id='word_1_572' title='bbox 426 5000 580 5053; x_wconf 73' lang='lat' dir='ltr'><strong>vobis</strong></span> <span class='ocrx_word' id='word_1_573' title='bbox 607 4999 702 5064; x_wconf 83' lang='grc'>¹³,›</span> <span class='ocrx_word' id='word_1_574' title='bbox 742 5004 844 5057; x_wconf 90' lang='lat' dir='ltr'><strong>hoc</strong></span> <span class='ocrx_word' id='word_1_575' title='bbox 872 5003 1053 5057; x_wconf 90' lang='lat' dir='ltr'><strong>denuo</strong></span> <span class='ocrx_word' id='word_1_576' title='bbox 1096 5003 1210 5072; x_wconf 90' lang='lat' dir='ltr'><strong>ipse</strong></span> <span class='ocrx_word' id='word_1_577' title='bbox 1264 5004 1589 5073; x_wconf 83' lang='lat' dir='ltr'><strong>adjungeus,</strong></span> <span class='ocrx_word' id='word_1_578' title='bbox 1622 5003 1813 5075; x_wconf 82' lang='lat' dir='ltr'><strong>sicque</strong></span> <span class='ocrx_word' id='word_1_579' title='bbox 1844 5020 2008 5075; x_wconf 84' lang='lat' dir='ltr'><strong>pero-</strong></span> 
     </span>
    </p>
   </div>
   <div class='ocr_carea' id='block_1_82' title="bbox 424 5093 2004 5165">
    <p class='ocr_par' dir='ltr' id='par_1_82' title="bbox 424 5093 2004 5165">
     <span class='ocr_line' id='line_1_82' title="bbox 424 5093 2004 5165; baseline 0.004 -20"><span class='ocrx_word' id='word_1_580' title='bbox 424 5093 620 5158; x_wconf 77' lang='lat' dir='ltr'><strong>rando,</strong></span> <span class='ocrx_word' id='word_1_581' title='bbox 658 5096 798 5148; x_wconf 66' lang='lat' dir='ltr'><strong>«Pax</strong></span> <span class='ocrx_word' id='word_1_582' title='bbox 832 5096 1042 5160; x_wconf 65' lang='lat' dir='ltr'><strong>vobis,»</strong></span> <span class='ocrx_word' id='word_1_583' title='bbox 1069 5097 1120 5148; x_wconf 91' lang='lat' dir='ltr'><strong>in</strong></span> <span class='ocrx_word' id='word_1_584' title='bbox 1149 5111 1273 5149; x_wconf 86' lang='lat' dir='ltr'><strong>eum</strong></span> <span class='ocrx_word' id='word_1_585' title='bbox 1304 5095 1523 5149; x_wconf 83' lang='lat' dir='ltr'><strong>modum</strong></span> <span class='ocrx_word' id='word_1_586' title='bbox 1550 5098 1782 5165; x_wconf 87' lang='lat' dir='ltr'><strong>apostoli</strong></span> <span class='ocrx_word' id='word_1_587' title='bbox 1804 5113 2004 5153; x_wconf 89' lang='lat' dir='ltr'><strong>munus</strong></span> 
     </span>
    </p>
   </div>
   <div class='ocr_carea' id='block_1_83' title="bbox 398 5186 2005 5257">
    <p class='ocr_par' dir='ltr' id='par_1_83' title="bbox 398 5186 2005 5257">
     <span class='ocr_line' id='line_1_83' title="bbox 398 5186 2005 5257; baseline 0.004 -17"><span class='ocrx_word' id='word_1_588' title='bbox 398 5186 539 5257; x_wconf 60' lang='lat' dir='ltr'><strong>~illis</strong></span> <span class='ocrx_word' id='word_1_589' title='bbox 594 5189 893 5254; x_wconf 86' lang='lat' dir='ltr'><strong>concredit,</strong></span> <span class='ocrx_word' id='word_1_590' title='bbox 939 5205 1051 5243; x_wconf 88' lang='lat' dir='ltr'><strong>rem</strong></span> <span class='ocrx_word' id='word_1_591' title='bbox 1106 5188 1320 5242; x_wconf 78' lang='lat' dir='ltr'><strong>scilicet</strong></span> <span class='ocrx_word' id='word_1_592' title='bbox 1359 5188 1528 5242; x_wconf 87' lang='lat' dir='ltr'><strong>nullis</strong></span> <span class='ocrx_word' id='word_1_593' title='bbox 1586 5188 1720 5244; x_wconf 90' lang='lat' dir='ltr'><strong>satis</strong></span> <span class='ocrx_word' id='word_1_594' title='bbox 1750 5190 2005 5247; x_wconf 86' lang='lat' dir='ltr'><strong>laudibus</strong></span> 
     </span>
    </p>
   </div>
   <div class='ocr_carea' id='block_1_84' title="bbox 429 5281 2006 5355">
    <p class='ocr_par' dir='ltr' id='par_1_84' title="bbox 429 5281 2006 5355">
     <span class='ocr_line' id='line_1_84' title="bbox 429 5281 2006 5355; baseline 0.005 -24"><span class='ocrx_word' id='word_1_595' title='bbox 429 5281 839 5339; x_wconf 73' lang='lat' dir='ltr'><strong>celebrandam:</strong></span> <span class='ocrx_word' id='word_1_596' title='bbox 874 5283 1059 5337; x_wconf 70' lang='lat' dir='ltr'><strong>«Sicut</strong></span> <span class='ocrx_word' id='word_1_597' title='bbox 1092 5283 1244 5336; x_wconf 85' lang='lat' dir='ltr'><strong>misit</strong></span> <span class='ocrx_word' id='word_1_598' title='bbox 1275 5297 1361 5336; x_wconf 87' lang='lat' dir='ltr'><strong>me</strong></span> <span class='ocrx_word' id='word_1_599' title='bbox 1386 5281 1546 5335; x_wconf 84' lang='lat' dir='ltr'><strong>Pater</strong></span> <span class='ocrx_word' id='word_1_600' title='bbox 1612 5298 1788 5344; x_wconf 90' lang='lat' dir='ltr'><strong>meus.</strong></span> <span class='ocrx_word' id='word_1_601' title='bbox 1812 5293 1867 5338; x_wconf 84' lang='lat' dir='ltr'><strong>ct</strong></span> <span class='ocrx_word' id='word_1_602' title='bbox 1905 5301 2006 5355; x_wconf 72' lang='lat' dir='ltr'><strong>ego</strong></span> 
     </span>
    </p>
   </div>
   <div class='ocr_carea' id='block_1_85' title="bbox 429 5370 2011 5443">
    <p class='ocr_par' dir='ltr' id='par_1_85' title="bbox 429 5370 2011 5443">
     <span class='ocr_line' id='line_1_85' title="bbox 429 5370 2011 5443; baseline 0 -15"><span class='ocrx_word' id='word_1_603' title='bbox 429 5373 586 5428; x_wconf 85' lang='lat' dir='ltr'><strong>mitto</strong></span> <span class='ocrx_word' id='word_1_604' title='bbox 605 5373 809 5441; x_wconf 72' lang='lat' dir='ltr'><strong>vos“,t</strong></span> <span class='ocrx_word' id='word_1_605' title='bbox 857 5382 913 5429; x_wconf 91' lang='lat' dir='ltr'><strong>et</strong></span> <span class='ocrx_word' id='word_1_606' title='bbox 960 5373 1084 5428; x_wconf 92' lang='lat' dir='ltr'><strong>illos</strong></span> <span class='ocrx_word' id='word_1_607' title='bbox 1131 5375 1342 5428; x_wconf 85' lang='lat' dir='ltr'><strong>honore</strong></span> <span class='ocrx_word' id='word_1_608' title='bbox 1374 5370 1637 5438; x_wconf 81' lang='lat' dir='ltr'><strong>alliciens,</strong></span> <span class='ocrx_word' id='word_1_609' title='bbox 1664 5383 1718 5427; x_wconf 89' lang='lat' dir='ltr'><strong>et</strong></span> <span class='ocrx_word' id='word_1_610' title='bbox 1747 5374 2011 5443; x_wconf 83' lang='lat' dir='ltr'><strong>dignitate</strong></span> 
     </span>
    </p>
   </div>
   <div class='ocr_carea' id='block_1_86' title="bbox 427 5476 657 5530">
    <p class='ocr_par' dir='ltr' id='par_1_86' title="bbox 427 5476 657 5530">
     <span class='ocr_line' id='line_1_86' title="bbox 427 5476 657 5530; baseline -0.009 -13"><span class='ocrx_word' id='word_1_611' title='bbox 427 5476 657 5530; x_wconf 77' lang='lat' dir='ltr'><strong>augens.</strong></span> 
     </span>
    </p>
   </div>
   <div class='ocr_carea' id='block_1_87' title="bbox 500 5554 2009 5627">
    <p class='ocr_par' dir='ltr' id='par_1_87' title="bbox 500 5554 2009 5627">
     <span class='ocr_line' id='line_1_87' title="bbox 500 5554 2009 5627; baseline 0.001 -19"><span class='ocrx_word' id='word_1_612' title='bbox 500 5554 599 5608; x_wconf 87' lang='lat' dir='ltr'><strong>Sin</strong></span> <span class='ocrx_word' id='word_1_613' title='bbox 633 5561 814 5608; x_wconf 91' lang='lat' dir='ltr'><strong>autem</strong></span> <span class='ocrx_word' id='word_1_614' title='bbox 854 5555 1019 5610; x_wconf 90' lang='lat' dir='ltr'><strong>etiam</strong></span> <span class='ocrx_word' id='word_1_615' title='bbox 1052 5565 1179 5611; x_wconf 88' lang='lat' dir='ltr'><strong>ante</strong></span> <span class='ocrx_word' id='word_1_616' title='bbox 1207 5569 1424 5611; x_wconf 91' lang='lat' dir='ltr'><strong>omnem</strong></span> <span class='ocrx_word' id='word_1_617' title='bbox 1455 5555 1659 5612; x_wconf 87' lang='lat' dir='ltr'><strong>Christi</strong></span> <span class='ocrx_word' id='word_1_618' title='bbox 1743 5556 2009 5627; x_wconf 79' lang='lat' dir='ltr'><strong>praedica-</strong></span> 
     </span>
    </p>
   </div>
   <div class='ocr_carea' id='block_1_88' title="bbox 434 5647 2010 5720">
    <p class='ocr_par' dir='ltr' id='par_1_88' title="bbox 434 5647 2010 5720">
     <span class='ocr_line' id='line_1_88' title="bbox 434 5647 2010 5720; baseline 0.002 -18"><span class='ocrx_word' id='word_1_619' title='bbox 434 5647 644 5702; x_wconf 69' lang='lat' dir='ltr'><strong>tionem</strong></span> <span class='ocrx_word' id='word_1_620' title='bbox 679 5655 845 5715; x_wconf 87' lang='lat' dir='ltr'><strong>atque</strong></span> <span class='ocrx_word' id='word_1_621' title='bbox 883 5648 950 5702; x_wconf 89' lang='lat' dir='ltr'><strong>ad</strong></span> <span class='ocrx_word' id='word_1_622' title='bbox 980 5664 1099 5703; x_wconf 87' lang='lat' dir='ltr'><strong>eam</strong></span> <span class='ocrx_word' id='word_1_623' title='bbox 1156 5650 1633 5719; x_wconf 74' lang='lat' dir='ltr'><strong>pra-perationem,</strong></span> <span class='ocrx_word' id='word_1_624' title='bbox 1699 5649 1848 5720; x_wconf 86' lang='lat' dir='ltr'><strong>pacis</strong></span> <span class='ocrx_word' id='word_1_625' title='bbox 1880 5665 2010 5719; x_wconf 89' lang='lat' dir='ltr'><strong>pro-</strong></span> 
     </span>
    </p>
   </div>
   <div class='ocr_carea' id='block_1_89' title="bbox 503 5784 1908 5856">
    <p class='ocr_par' dir='ltr' id='par_1_89' title="bbox 503 5784 1908 5856">
     <span class='ocr_line' id='line_1_89' title="bbox 503 5784 1908 5856; baseline -0.011 1"><span class='ocrx_word' id='word_1_626' title='bbox 503 5784 791 5856; x_wconf 60' lang='lat' dir='ltr'><strong>fl’Jti&#39;ipp.</strong></span> <span class='ocrx_word' id='word_1_627' title='bbox 843 5788 978 5853; x_wconf 73' lang='lat' dir='ltr'><strong>w,7.</strong></span> <span class='ocrx_word' id='word_1_628' title='bbox 1054 5788 1074 5821; x_wconf 78' lang='grc' dir='ltr'><strong><em>ο</em></strong></span> <span class='ocrx_word' id='word_1_629' title='bbox 1112 5788 1298 5844; x_wconf 83' lang='lat' dir='ltr'><strong>Matth.</strong></span> <span class='ocrx_word' id='word_1_630' title='bbox 1326 5806 1378 5852; x_wconf 77' lang='grc' dir='ltr'>χ,</span> <span class='ocrx_word' id='word_1_631' title='bbox 1416 5791 1478 5846; x_wconf 72' lang='lat' dir='ltr'><strong>is</strong></span> <span class='ocrx_word' id='word_1_632' title='bbox 1511 5810 1522 5856; x_wconf 87' lang='lat'>;</span> <span class='ocrx_word' id='word_1_633' title='bbox 1557 5790 1692 5845; x_wconf 90' lang='lat' dir='ltr'><strong>Luc.</strong></span> <span class='ocrx_word' id='word_1_634' title='bbox 1761 5807 1813 5847; x_wconf 68' lang='grc' dir='ltr'><strong>ς.</strong></span> <span class='ocrx_word' id='word_1_635' title='bbox 1853 5788 1908 5845; x_wconf 88' lang='grc'><strong>6.</strong></span> 
     </span>
    </p>
   </div>
   <div class='ocr_carea' id='block_1_90' title="bbox 435 5854 1434 5990">
    <p class='ocr_par' dir='ltr' id='par_1_90' title="bbox 435 5854 1434 5990">
     <span class='ocr_line' id='line_1_90' title="bbox 435 5854 1434 5926; baseline 0.011 -21"><span class='ocrx_word' id='word_1_636' title='bbox 435 5854 458 5886; x_wconf 80' lang='grc'><strong><em>⁸</em></strong></span> <span class='ocrx_word' id='word_1_637' title='bbox 502 5854 541 5906; x_wconf 88' lang='lat' dir='ltr'><strong>ll</strong></span> <span class='ocrx_word' id='word_1_638' title='bbox 571 5854 765 5908; x_wconf 82' lang='lat' dir='ltr'><strong>Thess.</strong></span> <span class='ocrx_word' id='word_1_639' title='bbox 809 5872 868 5923; x_wconf 86' lang='grc' dir='ltr'><strong>ιι,</strong></span> <span class='ocrx_word' id='word_1_640' title='bbox 902 5860 956 5914; x_wconf 84' lang='grc'><strong>5.</strong></span> <span class='ocrx_word' id='word_1_641' title='bbox 1036 5861 1080 5893; x_wconf 81' lang='grc'><strong>¹⁰</strong></span> <span class='ocrx_word' id='word_1_642' title='bbox 1116 5862 1220 5917; x_wconf 85' lang='lat' dir='ltr'><strong>Tit.</strong></span> <span class='ocrx_word' id='word_1_643' title='bbox 1250 5878 1307 5926; x_wconf 90' lang='grc' dir='ltr'><strong>ιι,</strong></span> <span class='ocrx_word' id='word_1_644' title='bbox 1342 5862 1434 5916; x_wconf 73' lang='lat'><strong>‘23.</strong></span> 
     </span>
     <span class='ocr_line' id='line_1_91' title="bbox 441 5923 667 5990; baseline -0.009 -12"><span class='ocrx_word' id='word_1_645' title='bbox 441 5936 534 5990; x_wconf 73' lang='lat' dir='ltr'><strong>xx,</strong></span> <span class='ocrx_word' id='word_1_646' title='bbox 578 5923 667 5979; x_wconf 74' lang='lat' dir='ltr'><strong>2L</strong></span> 
     </span>
    </p>
   </div>
   <div class='ocr_carea' id='block_1_91' title="bbox 2102 3323 3689 3407">
    <p class='ocr_par' dir='ltr' id='par_1_91' title="bbox 2102 3323 3689 3407">
     <span class='ocr_line' id='line_1_92' title="bbox 2102 3323 3689 3407; baseline -0.012 -14"><span class='ocrx_word' id='word_1_647' title='bbox 2102 3339 2214 3393; x_wconf 89' lang='grc' dir='ltr'><strong>σῶν</strong></span> <span class='ocrx_word' id='word_1_648' title='bbox 2249 3338 2422 3407; x_wconf 83' lang='grc' dir='ltr'>μόνην</span> <span class='ocrx_word' id='word_1_649' title='bbox 2445 3351 2463 3368; x_wconf 77' lang='grc' dir='ltr'><strong><em>ο</em></strong></span> <span class='ocrx_word' id='word_1_650' title='bbox 2507 3334 2752 3404; x_wconf 83' lang='grc' dir='ltr'>παρόσον</span> <span class='ocrx_word' id='word_1_651' title='bbox 2786 3334 2995 3387; x_wconf 81' lang='grc' dir='ltr'>ἐκεῖναι</span> <span class='ocrx_word' id='word_1_652' title='bbox 3043 3329 3143 3400; x_wconf 77' lang='grc' dir='ltr'>μὲν</span> <span class='ocrx_word' id='word_1_653' title='bbox 3182 3330 3237 3382; x_wconf 80' lang='grc' dir='ltr'><strong>τί</strong></span> <span class='ocrx_word' id='word_1_654' title='bbox 3274 3328 3386 3381; x_wconf 87' lang='grc' dir='ltr'><strong>τῶν</strong></span> <span class='ocrx_word' id='word_1_655' title='bbox 3423 3324 3520 3380; x_wconf 89' lang='grc' dir='ltr'><strong>τοῦ</strong></span> <span class='ocrx_word' id='word_1_656' title='bbox 3548 3323 3689 3378; x_wconf 69' lang='grc' dir='ltr'>Θεοῦ</span> 
     </span>
    </p>
   </div>
   <div class='ocr_carea' id='block_1_92' title="bbox 2099 3415 3696 3497">
    <p class='ocr_par' dir='ltr' id='par_1_92' title="bbox 2099 3415 3696 3497">
     <span class='ocr_line' id='line_1_93' title="bbox 2099 3415 3696 3497; baseline -0.009 -13"><span class='ocrx_word' id='word_1_657' title='bbox 2099 3428 2406 3497; x_wconf 79' lang='grc' dir='ltr'>τιθέμεναι,</span> <span class='ocrx_word' id='word_1_658' title='bbox 2441 3423 2593 3481; x_wconf 79' lang='grc' dir='ltr'>τᾶλλ’</span> <span class='ocrx_word' id='word_1_659' title='bbox 2647 3422 2922 3495; x_wconf 69' lang='grc' dir='ltr'>ἀνῄρουν*</span> <span class='ocrx_word' id='word_1_660' title='bbox 2957 3424 2992 3495; x_wconf 87' lang='grc' dir='ltr'><strong>ή</strong></span> <span class='ocrx_word' id='word_1_661' title='bbox 3025 3421 3072 3477; x_wconf 88' lang='grc' dir='ltr'>δ’</span> <span class='ocrx_word' id='word_1_662' title='bbox 3106 3419 3331 3491; x_wconf 79' lang='grc' dir='ltr'>ἀναιδὴς</span> <span class='ocrx_word' id='word_1_663' title='bbox 3373 3419 3514 3490; x_wconf 82' lang='grc' dir='ltr'>αὕτη</span> <span class='ocrx_word' id='word_1_664' title='bbox 3559 3415 3696 3486; x_wconf 83' lang='grc' dir='ltr'>θρη-</span> 
     </span>
    </p>
   </div>
   <div class='ocr_carea' id='block_1_93' title="bbox 2103 3529 3689 3606">
    <p class='ocr_par' dir='ltr' id='par_1_93' title="bbox 2103 3529 3689 3606">
     <span class='ocr_line' id='line_1_94' title="bbox 2103 3529 3689 3606; baseline -0.011 -6"><span class='ocrx_word' id='word_1_665' title='bbox 2103 3544 2262 3599; x_wconf 84' lang='grc' dir='ltr'>σκεία</span> <span class='ocrx_word' id='word_1_666' title='bbox 2295 3540 2553 3606; x_wconf 81' lang='grc' dir='ltr'>καθάπαξ</span> <span class='ocrx_word' id='word_1_667' title='bbox 2586 3538 2948 3593; x_wconf 75' lang='grc' dir='ltr'>ἀπαναίνεται</span> <span class='ocrx_word' id='word_1_668' title='bbox 2977 3536 3033 3590; x_wconf 76' lang='grc' dir='ltr'><strong>τί</strong></span> <span class='ocrx_word' id='word_1_669' title='bbox 3076 3535 3188 3590; x_wconf 86' lang='grc' dir='ltr'><strong>τῶν</strong></span> <span class='ocrx_word' id='word_1_670' title='bbox 3218 3533 3312 3588; x_wconf 83' lang='grc' dir='ltr'><strong>τοῦ</strong></span> <span class='ocrx_word' id='word_1_671' title='bbox 3338 3531 3475 3587; x_wconf 85' lang='grc' dir='ltr'>Θεοῦ</span> <span class='ocrx_word' id='word_1_672' title='bbox 3520 3529 3689 3602; x_wconf 76' lang='grc' dir='ltr'>τιμῆο</span> 
     </span>
    </p>
   </div>
   <div class='ocr_carea' id='block_1_94' title="bbox 2103 3625 3695 3702">
    <p class='ocr_par' dir='ltr' id='par_1_94' title="bbox 2103 3625 3695 3702">
     <span class='ocr_line' id='line_1_95' title="bbox 2103 3625 3695 3702; baseline -0.01 -10"><span class='ocrx_word' id='word_1_673' title='bbox 2103 3655 2217 3692; x_wconf 87' lang='grc' dir='ltr'>σαι.</span> <span class='ocrx_word' id='word_1_674' title='bbox 2267 3634 2389 3690; x_wconf 81' lang='grc' dir='ltr'>Κᾶν</span> <span class='ocrx_word' id='word_1_675' title='bbox 2428 3632 2542 3702; x_wconf 86' lang='grc' dir='ltr'>γὰρ</span> <span class='ocrx_word' id='word_1_676' title='bbox 2578 3632 2692 3693; x_wconf 83' lang='grc' dir='ltr'>τοῖς</span> <span class='ocrx_word' id='word_1_677' title='bbox 2721 3629 2917 3701; x_wconf 80' lang='grc' dir='ltr'>ψόφοις</span> <span class='ocrx_word' id='word_1_678' title='bbox 2966 3628 3076 3682; x_wconf 90' lang='grc' dir='ltr'><strong>τῶν</strong></span> <span class='ocrx_word' id='word_1_679' title='bbox 3119 3627 3405 3698; x_wconf 81' lang='grc' dir='ltr'>ὀνομάτων</span> <span class='ocrx_word' id='word_1_680' title='bbox 3458 3625 3513 3679; x_wconf 73' lang='grc' dir='ltr'>τὶ</span> <span class='ocrx_word' id='word_1_681' title='bbox 3563 3625 3695 3693; x_wconf 72' lang='grc' dir='ltr'>περὶ</span> 
     </span>
    </p>
   </div>
   <div class='ocr_carea' id='block_1_95' title="bbox 2104 3714 3695 3796">
    <p class='ocr_par' dir='ltr' id='par_1_95' title="bbox 2104 3714 3695 3796">
     <span class='ocr_line' id='line_1_96' title="bbox 2104 3714 3695 3796; baseline -0.012 -11"><span class='ocrx_word' id='word_1_682' title='bbox 2104 3727 2273 3784; x_wconf 82' lang='grc' dir='ltr'>αὐτοῦ</span> <span class='ocrx_word' id='word_1_683' title='bbox 2344 3725 2526 3795; x_wconf 86' lang='grc' dir='ltr'>λέγειν</span> <span class='ocrx_word' id='word_1_684' title='bbox 2576 3724 2734 3796; x_wconf 73' lang='grc' dir='ltr'>δοκῇ.</span> <span class='ocrx_word' id='word_1_685' title='bbox 2789 3721 2927 3776; x_wconf 89' lang='grc' dir='ltr'><strong>ἀλλά</strong></span> <span class='ocrx_word' id='word_1_686' title='bbox 2980 3721 3093 3783; x_wconf 78' lang='grc' dir='ltr'>τοῖς</span> <span class='ocrx_word' id='word_1_687' title='bbox 3149 3718 3250 3788; x_wconf 81' lang='grc' dir='ltr'><strong>τήν</strong></span> <span class='ocrx_word' id='word_1_688' title='bbox 3287 3716 3531 3773; x_wconf 86' lang='grc' dir='ltr'>διάνοιαν</span> <span class='ocrx_word' id='word_1_689' title='bbox 3584 3714 3695 3768; x_wconf 83' lang='grc' dir='ltr'><strong>τῶν</strong></span> 
     </span>
    </p>
   </div>
   <div class='ocr_carea' id='block_1_96' title="bbox 2102 3809 3695 3893">
    <p class='ocr_par' dir='ltr' id='par_1_96' title="bbox 2102 3809 3695 3893">
     <span class='ocr_line' id='line_1_97' title="bbox 2102 3809 3695 3893; baseline -0.009 -17"><span class='ocrx_word' id='word_1_690' title='bbox 2102 3822 2420 3893; x_wconf 79' lang='grc' dir='ltr'>λεγομένων</span> <span class='ocrx_word' id='word_1_691' title='bbox 2464 3817 2736 3873; x_wconf 85' lang='grc' dir='ltr'>σκοποῦσι</span> <span class='ocrx_word' id='word_1_692' title='bbox 2783 3815 3025 3883; x_wconf 85' lang='grc' dir='ltr'>παντελῆ</span> <span class='ocrx_word' id='word_1_693' title='bbox 3057 3812 3158 3883; x_wconf 82' lang='grc' dir='ltr'>τὴν</span> <span class='ocrx_word' id='word_1_694' title='bbox 3188 3812 3383 3866; x_wconf 76' lang='grc' dir='ltr'>ἀθεῒαν</span> <span class='ocrx_word' id='word_1_695' title='bbox 3417 3809 3695 3879; x_wconf 85' lang='grc' dir='ltr'>παρίστη-</span> 
     </span>
    </p>
   </div>
   <div class='ocr_carea' id='block_1_97' title="bbox 2105 3899 3697 3983">
    <p class='ocr_par' dir='ltr' id='par_1_97' title="bbox 2105 3899 3697 3983">
     <span class='ocr_line' id='line_1_98' title="bbox 2105 3899 3697 3983; baseline -0.011 -14"><span class='ocrx_word' id='word_1_696' title='bbox 2105 3931 2192 3969; x_wconf 92' lang='grc' dir='ltr'><strong>σιν</strong></span> <span class='ocrx_word' id='word_1_697' title='bbox 2215 3930 2228 3943; x_wconf 87' lang='grc'><strong>·</strong></span> <span class='ocrx_word' id='word_1_698' title='bbox 2262 3912 2299 3968; x_wconf 83' lang='grc' dir='ltr'><strong>ἀ</strong></span> <span class='ocrx_word' id='word_1_699' title='bbox 2320 3909 2383 3983; x_wconf 81' lang='grc' dir='ltr'>δὴ</span> <span class='ocrx_word' id='word_1_700' title='bbox 2419 3912 2555 3982; x_wconf 79' lang='grc' dir='ltr'>μόνα</span> <span class='ocrx_word' id='word_1_701' title='bbox 2600 3905 2923 3979; x_wconf 83' lang='grc' dir='ltr'>περιφανῶς</span> <span class='ocrx_word' id='word_1_702' title='bbox 2949 3903 3167 3974; x_wconf 80' lang='grc' dir='ltr'>γυμνὴν</span> <span class='ocrx_word' id='word_1_703' title='bbox 3196 3903 3367 3974; x_wconf 79' lang='grc' dir='ltr'>αὐτὴν</span> <span class='ocrx_word' id='word_1_704' title='bbox 3392 3901 3489 3955; x_wconf 78' lang='grc' dir='ltr'>καὶ</span> <span class='ocrx_word' id='word_1_705' title='bbox 3518 3899 3697 3970; x_wconf 80' lang='grc' dir='ltr'>ἄκρα-</span> 
     </span>
    </p>
   </div>
   <div class='ocr_carea' id='block_1_98' title="bbox 2103 3991 3694 4076">
    <p class='ocr_par' dir='ltr' id='par_1_98' title="bbox 2103 3991 3694 4076">
     <span class='ocr_line' id='line_1_99' title="bbox 2103 3991 3694 4076; baseline -0.01 -17"><span class='ocrx_word' id='word_1_706' title='bbox 2103 4023 2198 4059; x_wconf 87' lang='grc' dir='ltr'><strong>τον</strong></span> <span class='ocrx_word' id='word_1_707' title='bbox 2234 4004 2335 4076; x_wconf 84' lang='grc' dir='ltr'>τὴν</span> <span class='ocrx_word' id='word_1_708' title='bbox 2379 4001 2727 4056; x_wconf 76' lang='grc' dir='ltr'>ἀποστασίαν</span> <span class='ocrx_word' id='word_1_709' title='bbox 2787 3998 3066 4052; x_wconf 86' lang='grc' dir='ltr'>δείκνυσιν</span> <span class='ocrx_word' id='word_1_710' title='bbox 3103 4013 3118 4028; x_wconf 85' lang='grc'><em>’</em></span> <span class='ocrx_word' id='word_1_711' title='bbox 3163 3993 3307 4048; x_wconf 75' lang='grc' dir='ltr'>οὕτω</span> <span class='ocrx_word' id='word_1_712' title='bbox 3356 3992 3476 4064; x_wconf 85' lang='grc' dir='ltr'>μεθ’</span> <span class='ocrx_word' id='word_1_713' title='bbox 3522 3991 3694 4060; x_wconf 80' lang='grc' dir='ltr'>ὑπερ-</span> 
     </span>
    </p>
   </div>
   <div class='ocr_carea' id='block_1_99' title="bbox 2105 4084 3697 4167">
    <p class='ocr_par' dir='ltr' id='par_1_99' title="bbox 2105 4084 3697 4167">
     <span class='ocr_line' id='line_1_100' title="bbox 2105 4084 3697 4167; baseline -0.008 -17"><span class='ocrx_word' id='word_1_714' title='bbox 2105 4097 2267 4167; x_wconf 77' lang='grc' dir='ltr'>ϐολῆς</span> <span class='ocrx_word' id='word_1_715' title='bbox 2320 4096 2401 4159; x_wconf 88' lang='grc' dir='ltr'><strong>εἰς</strong></span> <span class='ocrx_word' id='word_1_716' title='bbox 2443 4094 2503 4149; x_wconf 81' lang='grc' dir='ltr'>τὸ</span> <span class='ocrx_word' id='word_1_717' title='bbox 2539 4095 2640 4162; x_wconf 79' lang='grc' dir='ltr'>τῆς</span> <span class='ocrx_word' id='word_1_718' title='bbox 2692 4093 2920 4163; x_wconf 87' lang='grc' dir='ltr'>εἰρήνης</span> <span class='ocrx_word' id='word_1_719' title='bbox 2972 4089 3275 4160; x_wconf 72' lang='grc' dir='ltr'>ἐξύϐρισαν</span> <span class='ocrx_word' id='word_1_720' title='bbox 3335 4085 3564 4154; x_wconf 83' lang='grc' dir='ltr'>ἀγαθὸν,</span> <span class='ocrx_word' id='word_1_721' title='bbox 3601 4084 3697 4139; x_wconf 71' lang='grc' dir='ltr'><strong>καὶ</strong></span> 
     </span>
    </p>
   </div>
   <div class='ocr_carea' id='block_1_100' title="bbox 2107 4175 3698 4255">
    <p class='ocr_par' dir='ltr' id='par_1_100' title="bbox 2107 4175 3698 4255">
     <span class='ocr_line' id='line_1_101' title="bbox 2107 4175 3698 4255; baseline -0.008 -13"><span class='ocrx_word' id='word_1_722' title='bbox 2107 4187 2286 4242; x_wconf 81' lang='grc' dir='ltr'>ταῦτα</span> <span class='ocrx_word' id='word_1_723' title='bbox 2314 4186 2410 4240; x_wconf 89' lang='grc' dir='ltr'><strong>τοῦ</strong></span> <span class='ocrx_word' id='word_1_724' title='bbox 2447 4185 2687 4255; x_wconf 85' lang='grc' dir='ltr'>μεγάλου</span> <span class='ocrx_word' id='word_1_725' title='bbox 2714 4182 2852 4237; x_wconf 88' lang='grc' dir='ltr'>Θεοῦ</span> <span class='ocrx_word' id='word_1_726' title='bbox 2898 4183 2993 4236; x_wconf 67' lang='grc' dir='ltr'>καὶ</span> <span class='ocrx_word' id='word_1_727' title='bbox 3034 4180 3288 4251; x_wconf 86' lang='grc' dir='ltr'>Σωτῆρος</span> <span class='ocrx_word' id='word_1_728' title='bbox 3319 4177 3476 4249; x_wconf 80' lang='grc' dir='ltr'>ἡμῶν</span> <span class='ocrx_word' id='word_1_729' title='bbox 3519 4175 3698 4247; x_wconf 84' lang='grc' dir='ltr'>Ἰησοῦ</span> 
     </span>
    </p>
   </div>
   <div class='ocr_carea' id='block_1_101' title="bbox 2105 4269 3697 4350">
    <p class='ocr_par' dir='ltr' id='par_1_101' title="bbox 2105 4269 3697 4350">
     <span class='ocr_line' id='line_1_102' title="bbox 2105 4269 3697 4350; baseline -0.008 -16"><span class='ocrx_word' id='word_1_730' title='bbox 2105 4278 2386 4350; x_wconf 82' lang='grc' dir='ltr'>Χριστοῦ,</span> <span class='ocrx_word' id='word_1_731' title='bbox 2445 4275 2587 4347; x_wconf 77' lang='grc' dir='ltr'>μετὰ</span> <span class='ocrx_word' id='word_1_732' title='bbox 2639 4275 2701 4328; x_wconf 77' lang='grc' dir='ltr'><strong>τὸ</strong></span> <span class='ocrx_word' id='word_1_733' title='bbox 2735 4275 2919 4328; x_wconf 84' lang='grc' dir='ltr'>πᾶσαν</span> <span class='ocrx_word' id='word_1_734' title='bbox 2978 4270 3339 4341; x_wconf 76' lang='grc' dir='ltr'>ἐκπληρῶσαι</span> <span class='ocrx_word' id='word_1_735' title='bbox 3393 4271 3496 4342; x_wconf 82' lang='grc' dir='ltr'>τὴν</span> <span class='ocrx_word' id='word_1_736' title='bbox 3550 4269 3697 4340; x_wconf 78' lang='grc' dir='ltr'>ὑπὲρ</span> 
     </span>
    </p>
   </div>
   <div class='ocr_carea' id='block_1_102' title="bbox 2106 4362 3698 4442">
    <p class='ocr_par' dir='ltr' id='par_1_102' title="bbox 2106 4362 3698 4442">
     <span class='ocr_line' id='line_1_103' title="bbox 2106 4362 3698 4442; baseline -0.007 -17"><span class='ocrx_word' id='word_1_737' title='bbox 2106 4370 2267 4442; x_wconf 85' lang='grc' dir='ltr'>ήμῶν</span> <span class='ocrx_word' id='word_1_738' title='bbox 2318 4368 2657 4438; x_wconf 78' lang='grc' dir='ltr'>οἰκονομίαν,</span> <span class='ocrx_word' id='word_1_739' title='bbox 2703 4366 2891 4435; x_wconf 79' lang='grc' dir='ltr'>ἐπειδὴ</span> <span class='ocrx_word' id='word_1_740' title='bbox 2936 4366 3064 4427; x_wconf 79' lang='grc' dir='ltr'>τοὺς</span> <span class='ocrx_word' id='word_1_741' title='bbox 3098 4363 3346 4435; x_wconf 79' lang='grc' dir='ltr'>μαθητὰς</span> <span class='ocrx_word' id='word_1_742' title='bbox 3378 4364 3564 4432; x_wconf 27' lang='grc' dir='ltr'>ἐπὶ-τὸ</span> <span class='ocrx_word' id='word_1_743' title='bbox 3600 4362 3698 4432; x_wconf 85' lang='grc' dir='ltr'>κή-</span> 
     </span>
    </p>
   </div>
   <div class='ocr_carea' id='block_1_103' title="bbox 2111 4450 3697 4530">
    <p class='ocr_par' dir='ltr' id='par_1_103' title="bbox 2111 4450 3697 4530">
     <span class='ocr_line' id='line_1_104' title="bbox 2111 4450 3697 4530; baseline -0.007 -15"><span class='ocrx_word' id='word_1_744' title='bbox 2111 4477 2302 4530; x_wconf 89' lang='grc' dir='ltr'>ρυγμα</span> <span class='ocrx_word' id='word_1_745' title='bbox 2367 4456 2746 4529; x_wconf 73' lang='grc' dir='ltr'>προῦπεμπε,</span> <span class='ocrx_word' id='word_1_746' title='bbox 2805 4455 3292 4525; x_wconf 85' lang='grc' dir='ltr'>προκαταστήσας,</span> <span class='ocrx_word' id='word_1_747' title='bbox 3355 4452 3538 4506; x_wconf 81' lang='grc' dir='ltr'>αὐτῶν</span> <span class='ocrx_word' id='word_1_748' title='bbox 3598 4450 3697 4512; x_wconf 78' lang='grc' dir='ltr'>τὰς</span> 
     </span>
    </p>
   </div>
   <div class='ocr_carea' id='block_1_104' title="bbox 2039 4536 3699 4645">
    <p class='ocr_par' dir='ltr' id='par_1_104' title="bbox 2039 4536 3699 4645">
     <span class='ocr_line' id='line_1_105' title="bbox 2039 4536 3699 4645; baseline -0.007 -40"><span class='ocrx_word' id='word_1_749' title='bbox 2039 4579 2084 4634; x_wconf 72' lang='grc' dir='ltr'><strong>ι)</strong></span> <span class='ocrx_word' id='word_1_750' title='bbox 2110 4549 2364 4622; x_wconf 83' lang='grc' dir='ltr'>γνώμας,</span> <span class='ocrx_word' id='word_1_751' title='bbox 2397 4550 2494 4604; x_wconf 71' lang='grc' dir='ltr'><strong>καὶ</strong></span> <span class='ocrx_word' id='word_1_752' title='bbox 2532 4547 2630 4611; x_wconf 82' lang='grc' dir='ltr'><strong>τὰς</strong></span> <span class='ocrx_word' id='word_1_753' title='bbox 2679 4546 2881 4618; x_wconf 83' lang='grc' dir='ltr'>ψυχὰς,</span> <span class='ocrx_word' id='word_1_754' title='bbox 2941 4547 3000 4599; x_wconf 88' lang='grc' dir='ltr'><strong>ἐν</strong></span> <span class='ocrx_word' id='word_1_755' title='bbox 3039 4543 3120 4645; x_wconf 64' lang='grc' dir='ltr'><strong>τῶ</strong></span> <span class='ocrx_word' id='word_1_756' title='bbox 3161 4545 3330 4645; x_wconf 80' lang='grc' dir='ltr'>φᾶναι</span> <span class='ocrx_word' id='word_1_757' title='bbox 3358 4536 3699 4645; x_wconf 49' lang='grc' dir='ltr'>προασφαλιί</span> 
     </span>
    </p>
   </div>
   <div class='ocr_carea' id='block_1_105' title="bbox 2058 4637 3696 4729">
    <p class='ocr_par' dir='ltr' id='par_1_105' title="bbox 2058 4637 3696 4729">
     <span class='ocr_line' id='line_1_106' title="bbox 2058 4637 3696 4729; baseline -0.007 -31"><span class='ocrx_word' id='word_1_758' title='bbox 2058 4706 2083 4729; x_wconf 38' lang='grc' dir='ltr'><em>α</em></span> <span class='ocrx_word' id='word_1_759' title='bbox 2111 4645 2374 4713; x_wconf 86' lang='grc' dir='ltr'>σάμενος,</span> <span class='ocrx_word' id='word_1_760' title='bbox 2414 4660 2432 4694; x_wconf 81' lang='grc' dir='ltr'><strong>ι</strong></span> <span class='ocrx_word' id='word_1_761' title='bbox 2469 4641 2677 4712; x_wconf 85' lang='grc' dir='ltr'>Εἰρήνη</span> <span class='ocrx_word' id='word_1_762' title='bbox 2711 4639 2863 4710; x_wconf 78' lang='grc' dir='ltr'>ὑμῖν,</span> <span class='ocrx_word' id='word_1_763' title='bbox 2909 4656 2929 4689; x_wconf 77' lang='grc' dir='ltr'><strong>ι</strong></span> <span class='ocrx_word' id='word_1_764' title='bbox 2960 4638 3060 4691; x_wconf 84' lang='grc' dir='ltr'><strong>οὐκ</strong></span> <span class='ocrx_word' id='word_1_765' title='bbox 3103 4637 3348 4706; x_wconf 82' lang='grc' dir='ltr'>ἐνέμεινε</span> <span class='ocrx_word' id='word_1_766' title='bbox 3390 4637 3555 4704; x_wconf 80' lang='grc' dir='ltr'>μέχρι</span> <span class='ocrx_word' id='word_1_767' title='bbox 3602 4637 3696 4688; x_wconf 81' lang='grc' dir='ltr'><strong>τοῦ</strong></span> 
     </span>
    </p>
   </div>
   <div class='ocr_carea' id='block_1_106' title="bbox 2107 4726 3698 4805">
    <p class='ocr_par' dir='ltr' id='par_1_106' title="bbox 2107 4726 3698 4805">
     <span class='ocr_line' id='line_1_107' title="bbox 2107 4726 3698 4805; baseline -0.008 -13"><span class='ocrx_word' id='word_1_768' title='bbox 2107 4736 2285 4792; x_wconf 84' lang='grc' dir='ltr'>ταῦτα</span> <span class='ocrx_word' id='word_1_769' title='bbox 2333 4736 2622 4805; x_wconf 86' lang='grc' dir='ltr'>προειπεῖν</span> <span class='ocrx_word' id='word_1_770' title='bbox 2663 4733 2988 4800; x_wconf 74' lang='grc' dir='ltr'>ἐγνωκέναι,</span> <span class='ocrx_word' id='word_1_771' title='bbox 3030 4730 3267 4800; x_wconf 70' lang='grc' dir='ltr'>βεϐαιῶν</span> <span class='ocrx_word' id='word_1_772' title='bbox 3297 4728 3372 4792; x_wconf 83' lang='grc' dir='ltr'>ὡς</span> <span class='ocrx_word' id='word_1_773' title='bbox 3415 4728 3576 4790; x_wconf 78' lang='grc' dir='ltr'>αὐτὸς</span> <span class='ocrx_word' id='word_1_774' title='bbox 3631 4726 3698 4781; x_wconf 84' lang='grc' dir='ltr'>ἂν</span> 
     </span>
    </p>
   </div>
   <div class='ocr_carea' id='block_1_107' title="bbox 2110 4819 3700 4901">
    <p class='ocr_par' dir='ltr' id='par_1_107' title="bbox 2110 4819 3700 4901">
     <span class='ocr_line' id='line_1_108' title="bbox 2110 4819 3700 4901; baseline -0.008 -18"><span class='ocrx_word' id='word_1_775' title='bbox 2110 4832 2197 4901; x_wconf 83' lang='grc' dir='ltr'><strong>εἰη</strong></span> <span class='ocrx_word' id='word_1_776' title='bbox 2227 4828 2430 4900; x_wconf 78' lang='grc' dir='ltr'>μᾶλλον</span> <span class='ocrx_word' id='word_1_777' title='bbox 2459 4827 2487 4879; x_wconf 76' lang='grc' dir='ltr'><strong>ὁ</strong></span> <span class='ocrx_word' id='word_1_778' title='bbox 2512 4827 2611 4893; x_wconf 83' lang='grc' dir='ltr'>τῆς</span> <span class='ocrx_word' id='word_1_779' title='bbox 2647 4825 2872 4895; x_wconf 78' lang='grc' dir='ltr'>εἰρήνης</span> <span class='ocrx_word' id='word_1_780' title='bbox 2904 4823 3171 4892; x_wconf 80' lang='grc' dir='ltr'>πρύτανις</span> <span class='ocrx_word' id='word_1_781' title='bbox 3201 4863 3216 4883; x_wconf 88' lang='grc'><strong>,</strong></span> <span class='ocrx_word' id='word_1_782' title='bbox 3257 4823 3397 4892; x_wconf 80' lang='grc' dir='ltr'>ὅπερ</span> <span class='ocrx_word' id='word_1_783' title='bbox 3428 4823 3488 4873; x_wconf 84' lang='grc' dir='ltr'>ἐν</span> <span class='ocrx_word' id='word_1_784' title='bbox 3516 4819 3700 4881; x_wconf 76' lang='grc' dir='ltr'>ἄλλοις</span> 
     </span>
    </p>
   </div>
   <div class='ocr_carea' id='block_1_108' title="bbox 2110 4908 3701 4993">
    <p class='ocr_par' dir='ltr' id='par_1_108' title="bbox 2110 4908 3701 4993">
     <span class='ocr_line' id='line_1_109' title="bbox 2110 4908 3701 4993; baseline -0.008 -19"><span class='ocrx_word' id='word_1_785' title='bbox 2110 4921 2341 4991; x_wconf 78' lang='grc' dir='ltr'>ἔφησεν,</span> <span class='ocrx_word' id='word_1_786' title='bbox 2390 4937 2408 4970; x_wconf 77' lang='grc' dir='ltr'><strong>ι</strong></span> <span class='ocrx_word' id='word_1_787' title='bbox 2450 4918 2689 4988; x_wconf 78' lang='grc' dir='ltr'>Εἰρήνην</span> <span class='ocrx_word' id='word_1_788' title='bbox 2721 4917 2819 4986; x_wconf 80' lang='grc' dir='ltr'><strong>τὴν</strong></span> <span class='ocrx_word' id='word_1_789' title='bbox 2862 4916 3001 4984; x_wconf 79' lang='grc' dir='ltr'>ἐμὴν</span> <span class='ocrx_word' id='word_1_790' title='bbox 3046 4912 3244 4981; x_wconf 81' lang='grc' dir='ltr'>δίδωμι</span> <span class='ocrx_word' id='word_1_791' title='bbox 3282 4913 3435 4982; x_wconf 77' lang='grc' dir='ltr'>ὑμῖν,</span> <span class='ocrx_word' id='word_1_792' title='bbox 3479 4931 3498 4964; x_wconf 70' lang='grc' dir='ltr'><strong>ι</strong></span> <span class='ocrx_word' id='word_1_793' title='bbox 3540 4908 3701 4993; x_wconf 79' lang='grc' dir='ltr'>τοῦτο</span> 
     </span>
    </p>
   </div>
   <div class='ocr_carea' id='block_1_109' title="bbox 2114 5003 3700 5078">
    <p class='ocr_par' dir='ltr' id='par_1_109' title="bbox 2114 5003 3700 5078">
     <span class='ocr_line' id='line_1_110' title="bbox 2114 5003 3700 5078; baseline -0.006 -15"><span class='ocrx_word' id='word_1_794' title='bbox 2114 5011 2278 5067; x_wconf 80' lang='grc' dir='ltr'>πάλιν</span> <span class='ocrx_word' id='word_1_795' title='bbox 2332 5010 2426 5064; x_wconf 78' lang='grc' dir='ltr'><strong>καὶ</strong></span> <span class='ocrx_word' id='word_1_796' title='bbox 2476 5009 2639 5070; x_wconf 79' lang='grc' dir='ltr'>αὐτὸς</span> <span class='ocrx_word' id='word_1_797' title='bbox 2679 5006 2950 5073; x_wconf 87' lang='grc' dir='ltr'>ἐπειπὼν,</span> <span class='ocrx_word' id='word_1_798' title='bbox 2986 5025 3006 5058; x_wconf 75' lang='grc' dir='ltr'><strong>ι</strong></span> <span class='ocrx_word' id='word_1_799' title='bbox 3048 5007 3258 5078; x_wconf 85' lang='grc' dir='ltr'>Εἰρήνη</span> <span class='ocrx_word' id='word_1_800' title='bbox 3299 5006 3449 5075; x_wconf 83' lang='grc' dir='ltr'>ὑμῖν,</span> <span class='ocrx_word' id='word_1_801' title='bbox 3500 5023 3519 5055; x_wconf 78' lang='grc' dir='ltr'><strong>ι</strong></span> <span class='ocrx_word' id='word_1_802' title='bbox 3557 5003 3700 5057; x_wconf 79' lang='grc' dir='ltr'>οὕτω</span> 
     </span>
    </p>
   </div>
   <div class='ocr_carea' id='block_1_110' title="bbox 2114 5089 3700 5175">
    <p class='ocr_par' dir='ltr' id='par_1_110' title="bbox 2114 5089 3700 5175">
     <span class='ocr_line' id='line_1_111' title="bbox 2114 5089 3700 5175; baseline -0.006 -17"><span class='ocrx_word' id='word_1_803' title='bbox 2114 5104 2216 5175; x_wconf 84' lang='grc' dir='ltr'><strong>τὴν</strong></span> <span class='ocrx_word' id='word_1_804' title='bbox 2264 5102 2573 5169; x_wconf 76' lang='grc' dir='ltr'>ἀποστολὴν</span> <span class='ocrx_word' id='word_1_805' title='bbox 2622 5101 2809 5163; x_wconf 76' lang='grc' dir='ltr'>αὐτοῖς</span> <span class='ocrx_word' id='word_1_806' title='bbox 2855 5099 3188 5170; x_wconf 71' lang='grc' dir='ltr'>ἐγχειρίζει,</span> <span class='ocrx_word' id='word_1_807' title='bbox 3218 5089 3280 5152; x_wconf 70' lang='grc' dir='ltr'>τὸ</span> <span class='ocrx_word' id='word_1_808' title='bbox 3320 5096 3700 5167; x_wconf 79' lang='grc' dir='ltr'>πολυύμνητον</span> 
     </span>
    </p>
   </div>
   <div class='ocr_carea' id='block_1_111' title="bbox 2117 5185 3702 5259">
    <p class='ocr_par' dir='ltr' id='par_1_111' title="bbox 2117 5185 3702 5259">
     <span class='ocr_line' id='line_1_112' title="bbox 2117 5185 3702 5259; baseline -0.008 -10"><span class='ocrx_word' id='word_1_809' title='bbox 2117 5197 2298 5249; x_wconf 86' lang='grc' dir='ltr'>ἐκεῖνο</span> <span class='ocrx_word' id='word_1_810' title='bbox 2322 5209 2337 5224; x_wconf 89' lang='grc'><strong>·</strong></span> <span class='ocrx_word' id='word_1_811' title='bbox 2377 5212 2395 5245; x_wconf 85' lang='grc' dir='ltr'><strong>ι</strong></span> <span class='ocrx_word' id='word_1_812' title='bbox 2429 5189 2631 5254; x_wconf 81' lang='grc' dir='ltr'>Καθὼς</span> <span class='ocrx_word' id='word_1_813' title='bbox 2682 5190 2995 5245; x_wconf 82' lang='grc' dir='ltr'>ἀπέσταλκέ</span> <span class='ocrx_word' id='word_1_814' title='bbox 3032 5206 3099 5259; x_wconf 89' lang='grc' dir='ltr'><strong>με</strong></span> <span class='ocrx_word' id='word_1_815' title='bbox 3130 5190 3158 5241; x_wconf 87' lang='grc' dir='ltr'><strong>ό</strong></span> <span class='ocrx_word' id='word_1_816' title='bbox 3208 5187 3401 5257; x_wconf 86' lang='grc' dir='ltr'>Πατήρ</span> <span class='ocrx_word' id='word_1_817' title='bbox 3438 5202 3564 5256; x_wconf 89' lang='grc' dir='ltr'>μου,</span> <span class='ocrx_word' id='word_1_818' title='bbox 3601 5185 3702 5238; x_wconf 72' lang='grc' dir='ltr'>κά-</span> 
     </span>
    </p>
   </div>
   <div class='ocr_carea' id='block_1_112' title="bbox 2118 5276 3702 5358">
    <p class='ocr_par' dir='ltr' id='par_1_112' title="bbox 2118 5276 3702 5358">
     <span class='ocr_line' id='line_1_113' title="bbox 2118 5276 3702 5358; baseline -0.005 -19"><span class='ocrx_word' id='word_1_819' title='bbox 2118 5286 2200 5357; x_wconf 79' lang='grc' dir='ltr'>γὼ</span> <span class='ocrx_word' id='word_1_820' title='bbox 2235 5288 2439 5358; x_wconf 84' lang='grc' dir='ltr'>πέμπω</span> <span class='ocrx_word' id='word_1_821' title='bbox 2470 5283 2636 5354; x_wconf 82' lang='grc' dir='ltr'>ὑμᾶς,</span> <span class='ocrx_word' id='word_1_822' title='bbox 2684 5301 2703 5334; x_wconf 82' lang='grc' dir='ltr'><strong>ι</strong></span> <span class='ocrx_word' id='word_1_823' title='bbox 2754 5284 2847 5337; x_wconf 73' lang='grc' dir='ltr'>καὶ</span> <span class='ocrx_word' id='word_1_824' title='bbox 2880 5283 3124 5353; x_wconf 84' lang='grc' dir='ltr'>τιμήσας</span> <span class='ocrx_word' id='word_1_825' title='bbox 3166 5280 3367 5344; x_wconf 77' lang='grc' dir='ltr'>αὐτοὺς</span> <span class='ocrx_word' id='word_1_826' title='bbox 3401 5278 3498 5333; x_wconf 78' lang='grc' dir='ltr'>καὶ</span> <span class='ocrx_word' id='word_1_827' title='bbox 3541 5276 3702 5343; x_wconf 77' lang='grc' dir='ltr'>ἀξιῶ-</span> 
     </span>
    </p>
   </div>
   <div class='ocr_carea' id='block_1_113' title="bbox 2120 5397 2239 5445">
    <p class='ocr_par' dir='ltr' id='par_1_113' title="bbox 2120 5397 2239 5445">
     <span class='ocr_line' id='line_1_114' title="bbox 2120 5397 2239 5445; baseline 0 -10"><span class='ocrx_word' id='word_1_828' title='bbox 2120 5397 2239 5445; x_wconf 78' lang='grc' dir='ltr'>σας.</span> 
     </span>
    </p>
   </div>
   <div class='ocr_carea' id='block_1_114' title="bbox 2193 5549 3700 5637">
    <p class='ocr_par' dir='ltr' id='par_1_114' title="bbox 2193 5549 3700 5637">
     <span class='ocr_line' id='line_1_115' title="bbox 2193 5549 3700 5637; baseline -0.009 -22"><span class='ocrx_word' id='word_1_829' title='bbox 2193 5559 2342 5637; x_wconf 33' lang='grc' dir='ltr'>Εἰ.δέ</span> <span class='ocrx_word' id='word_1_830' title='bbox 2383 5559 2479 5612; x_wconf 81' lang='grc' dir='ltr'><strong>καί,</strong></span> <span class='ocrx_word' id='word_1_831' title='bbox 2507 5555 2614 5627; x_wconf 74' lang='grc' dir='ltr'>πρὸ</span> <span class='ocrx_word' id='word_1_832' title='bbox 2645 5555 2863 5609; x_wconf 82' lang='grc' dir='ltr'>πάντων</span> <span class='ocrx_word' id='word_1_833' title='bbox 2888 5553 2998 5607; x_wconf 84' lang='grc' dir='ltr'><strong>τῶν</strong></span> <span class='ocrx_word' id='word_1_834' title='bbox 3028 5550 3266 5624; x_wconf 86' lang='grc' dir='ltr'>Χριστοῦ</span> <span class='ocrx_word' id='word_1_835' title='bbox 3298 5549 3700 5622; x_wconf 84' lang='grc' dir='ltr'>κηρυγμάτων,</span> 
     </span>
    </p>
   </div>
   <div class='ocr_carea' id='block_1_115' title="bbox 2120 5640 3703 5722">
    <p class='ocr_par' dir='ltr' id='par_1_115' title="bbox 2120 5640 3703 5722">
     <span class='ocr_line' id='line_1_116' title="bbox 2120 5640 3703 5722; baseline -0.009 -15"><span class='ocrx_word' id='word_1_836' title='bbox 2120 5653 2217 5707; x_wconf 75' lang='grc' dir='ltr'>καὶ</span> <span class='ocrx_word' id='word_1_837' title='bbox 2263 5653 2363 5722; x_wconf 78' lang='grc' dir='ltr'>τῆς</span> <span class='ocrx_word' id='word_1_838' title='bbox 2413 5650 2533 5704; x_wconf 84' lang='grc' dir='ltr'>κατ’</span> <span class='ocrx_word' id='word_1_839' title='bbox 2590 5646 2732 5700; x_wconf 80' lang='grc' dir='ltr'>αὐτὰ</span> <span class='ocrx_word' id='word_1_840' title='bbox 2785 5647 3168 5718; x_wconf 80' lang='grc' dir='ltr'>παρασκευῆς,</span> <span class='ocrx_word' id='word_1_841' title='bbox 3211 5642 3274 5698; x_wconf 81' lang='grc' dir='ltr'><strong>τὸ</strong></span> <span class='ocrx_word' id='word_1_842' title='bbox 3322 5643 3426 5713; x_wconf 81' lang='grc' dir='ltr'><strong>τῆς</strong></span> <span class='ocrx_word' id='word_1_843' title='bbox 3473 5640 3703 5711; x_wconf 78' lang='grc' dir='ltr'>εἰρήνης</span> 
     </span>
    </p>
   </div>
   <div class='ocr_carea' id='block_1_116' title="bbox 2009 5777 3696 5855">
    <p class='ocr_par' dir='ltr' id='par_1_116' title="bbox 2009 5777 3696 5855">
     <span class='ocr_line' id='line_1_117' title="bbox 2009 5777 3696 5855; baseline -0.008 -12"><span class='ocrx_word' id='word_1_844' title='bbox 2009 5790 2030 5822; x_wconf 91' lang='grc'><strong>⁷</strong></span> <span class='ocrx_word' id='word_1_845' title='bbox 2065 5789 2082 5843; x_wconf 97' lang='grc'><strong>1</strong></span> <span class='ocrx_word' id='word_1_846' title='bbox 2116 5789 2233 5845; x_wconf 86' lang='lat' dir='ltr'><strong>Par.</strong></span> <span class='ocrx_word' id='word_1_847' title='bbox 2273 5804 2370 5851; x_wconf 87' lang='lat' dir='ltr'><strong>xu,</strong></span> <span class='ocrx_word' id='word_1_848' title='bbox 2423 5787 2530 5852; x_wconf 71' lang='lat'><strong>18;</strong></span> <span class='ocrx_word' id='word_1_849' title='bbox 2573 5783 2638 5839; x_wconf 85' lang='lat' dir='ltr'><strong>IV</strong></span> <span class='ocrx_word' id='word_1_850' title='bbox 2673 5783 2808 5855; x_wconf 77' lang='lat' dir='ltr'><strong>Reg.</strong></span> <span class='ocrx_word' id='word_1_851' title='bbox 2861 5801 2931 5847; x_wconf 87' lang='grc' dir='ltr'><strong>ιν,</strong></span> <span class='ocrx_word' id='word_1_852' title='bbox 2986 5782 3039 5839; x_wconf 85' lang='lat'><strong>6.</strong></span> <span class='ocrx_word' id='word_1_853' title='bbox 3136 5783 3158 5814; x_wconf 84' lang='lat'><strong>‘</strong></span> <span class='ocrx_word' id='word_1_854' title='bbox 3192 5782 3208 5837; x_wconf 96' lang='grc'><strong>1</strong></span> <span class='ocrx_word' id='word_1_855' title='bbox 3243 5782 3370 5855; x_wconf 71' lang='lat' dir='ltr'><strong>Cor.</strong></span> <span class='ocrx_word' id='word_1_856' title='bbox 3424 5794 3560 5855; x_wconf 48' lang='grc' dir='ltr'>διν.-</span> <span class='ocrx_word' id='word_1_857' title='bbox 3604 5777 3696 5833; x_wconf 74' lang='grc'><strong>55.</strong></span> 
     </span>
    </p>
   </div>
   <div class='ocr_carea' id='block_1_117' title="bbox 1516 5860 2106 5928">
    <p class='ocr_par' dir='ltr' id='par_1_117' title="bbox 1516 5860 2106 5928">
     <span class='ocr_line' id='line_1_118' title="bbox 1516 5860 2106 5928; baseline -0.002 -12"><span class='ocrx_word' id='word_1_858' title='bbox 1516 5868 1551 5895; x_wconf 88' lang='grc'>¹¹</span> <span class='ocrx_word' id='word_1_859' title='bbox 1580 5862 1741 5916; x_wconf 75' lang='lat' dir='ltr'><strong>Jozin.</strong></span> <span class='ocrx_word' id='word_1_860' title='bbox 1772 5861 1980 5928; x_wconf 74' lang='lat' dir='ltr'><strong>xx,19,</strong></span> <span class='ocrx_word' id='word_1_861' title='bbox 2014 5860 2106 5915; x_wconf 66' lang='grc' dir='ltr'>ει.</span> 
     </span>
    </p>
   </div>
   <div class='ocr_carea' id='block_1_118' title="bbox 2238 5847 3696 5924">
    <p class='ocr_par' dir='ltr' id='par_1_118' title="bbox 2238 5847 3696 5924">
     <span class='ocr_line' id='line_1_119' title="bbox 2238 5847 3696 5924; baseline -0.008 -12"><span class='ocrx_word' id='word_1_862' title='bbox 2238 5847 2445 5913; x_wconf 76' lang='lat' dir='ltr'><strong>“Luc.</strong></span> <span class='ocrx_word' id='word_1_863' title='bbox 2504 5847 2558 5924; x_wconf 70' lang='grc' dir='ltr'><strong>ιι,</strong></span> <span class='ocrx_word' id='word_1_864' title='bbox 2620 5856 2669 5910; x_wconf 83' lang='grc'><strong>5.</strong></span> <span class='ocrx_word' id='word_1_865' title='bbox 2758 5847 3019 5911; x_wconf 62' lang='grc' dir='ltr'>Ἦίοιιιι.</span> <span class='ocrx_word' id='word_1_866' title='bbox 3094 5868 3180 5909; x_wconf 82' lang='lat' dir='ltr'><strong>xlv</strong></span> <span class='ocrx_word' id='word_1_867' title='bbox 3257 5852 3347 5906; x_wconf 64' lang='lat'><strong>27.</strong></span> <span class='ocrx_word' id='word_1_868' title='bbox 3460 5850 3503 5881; x_wconf 76' lang='lat'><strong>&quot;</strong></span> <span class='ocrx_word' id='word_1_869' title='bbox 3535 5847 3696 5903; x_wconf 84' lang='lat' dir='ltr'><strong>Joan.</strong></span> 
     </span>
    </p>
   </div>
  </div>
