4088 6442
339 478 447 549 6Ἱ1

1503 483 1836 546 JOANNIS
1867 483 2443 549 CYPARISSIOTzE

3506 492 3617 556 672'!

345 594 665 651 ducens.“
686 608 809 665 quae
832 608 933 649 nos
960 594 1122 649 etiam
1155 608 1281 651 cum
1314 595 1501 653 multis
1522 597 1808 667 beatisque
1842 598 1919 652 vi-

2057 600 2164 669 ιρὺς
2217 603 2364 672 ἅπερ
2414 603 2509 657 καὶ
2556 603 2717 672 ἡμεῖς
2753 602 2891 671 μετὰ
2936 602 3150 658 πολλῶν
3177 604 3274 658 καὶ
3321 606 3613 676 αακαρίων

340 688 441 750 ris,
459 686 894 756 quandoquidem
915 694 1326 754 persecutorem
1349 698 1500 744 strue
1515 690 1585 744 ita
1608 691 1765 745 nobis
1778 706 1927 745 com-

342 786 592 846 paratum
630 786 734 838 est.
761 789 820 832 ut
850 781 1028 835 omnis
1060 782 1220 835 nobis
1266 781 1530 838 libertatis
1578 784 1650 838 sit
1711 783 1922 837 abolita

343 869 564 935 occasio
579 911 591 931 ,
635 870 887 938 privatim
916 882 1117 927 nostrae
1134 874 1349 943 pietatis
1367 889 1557 942 causa,
1588 891 1650 928 ac
1671 876 1788 942 ejus
1808 890 1928 941 qua:

343 961 474 1014 olim
511 960 717 1024 floruit,
742 964 916 1033 pacis,
958 965 1337 1022 defensionem
1390 967 1679 1022 instituere
1741 984 1924 1037 operte

348 1054 577 1122 pretium
609 1055 869 1111 duximus
906 1074 925 1111 :
962 1073 1159 1128 nempe
1201 1060 1415 1127 judiees
1441 1062 1776 1130 appellantes
1830 1081 1930 1117 nn-

350 1158 479 1202 stra:
510 1145 677 1224 hujus
728 1148 1081 1214 defensionis.
1131 1152 1223 1221 qui
1254 1153 1308 1206 in
1348 1164 1625 1218 posterum
1670 1155 1926 1226 legerim,

348 1247 403 1293 et
429 1241 862 1312 uniuscujusque
906 1250 1142 1297 mentem
1197 1256 1534 1313 sensumque
1564 1245 1925 1315 dispexerint.

350 1331 429 1385 Ex
465 1331 534 1388 iis
569 1343 752 1387 autem
785 1348 907 1403 qua:
932 1348 994 1387 ex
1028 1333 1183 1389 libris
1218 1334 1455 1389 Palamm
1505 1338 1735 1393 collecta
1788 1354 1917 1405 pro-

350 1422 623 1481 ducimus.
651 1421 815 1478 facile
891 1425 1199 1493 intelligant
1229 1427 1320 1494 qui
1377 1428 1664 1495 diligenter
1716 1431 1928 1486 rimen-

353 1524 461 1578 tur,
498 1516 718 1584 quinam
741 1528 855 1569 tum
880 1515 1130 1581 Dei,tum
1160 1527 1347 1573 nostra
1368 1521 1584 1589 repulsa
1611 1537 1767 1591 pace,
1795 1538 1928 1578 con-

354 1615 434 1659 Ira
467 1621 532 1661 ac
551 1607 756 1664 Christi
788 1609 1091 1664 rationibus
1118 1610 1288 1675 sedet,
1319 1613 1519 1667 sentire
1550 1616 1717 1669 velint
1769 1626 1933 1687 atque

357 1698 556 1754 vivere.
590 1697 831 1768 Puguam
864 1702 1008 1756 enim
1042 1717 1230 1758 eorum
1260 1720 1382 1774 qum
1412 1705 1463 1759 in
1500 1707 1611 1761 Deo
1658 1711 1929 1763 naturalia

356 1800 506 1856 sunt,
542 1791 1051 1846 irreconciliahilem
1098 1794 1606 1868 implacabilemtu
1667 1799 1933 1859 adversus

356 1878 599 1933 divinam
635 1879 754 1948 ejus
783 1880 1109 1951 beatamque
1139 1884 1435 1938 essentiam
1504 1888 1927 1957 constituentes,

2035 694 2268 763 ἀνδρῶν,
2305 696 2493 766 ἐπειδὴ
2532 698 2629 749 καὶ
2674 696 2832 750 τοῦτο
2879 696 3121 766 μελῆσαν
3161 699 3278 760 τοῖς
3327 698 3606 761 διώκταις,

2034 785 2141 847 πᾶς
2188 787 2323 854 ἡμῖν
2370 786 2708 855 ἀπελήλαται
2758 786 2950 852 καιρὸς
2988 787 3330 856 παρρησίας,
3378 785 3482 855 ἰδίᾳ
3513 785 3609 851 τῆ,

2035 878 2193 945 ἡμῶν
2228 878 2511 940 εὐσεϐείας
2540 878 2750 942 εἵνεκα,
2780 879 2875 932 καὶ
2918 879 3019 946 τῆς
3061 878 3273 933 ἀνωθεν
3315 878 3611 948 πρεσϐευοο

2039 968 2209 1037 μένης
2250 968 2477 1037 εἰρήνης
2513 968 2900 1036 ἀπολογεῖσθαι
2947 967 3058 1021 δεῖν
3102 968 3350 1036 ἔγνωμεν
3375 984 3388 997 ο
3420 968 3613 1037 κριτὰς

2034 1058 2250 1128 δήπου,
2288 1061 2415 1122 τοὺς
2460 1061 2752 1130 ἐσύστερον
2800 1060 3033 1123 διιόντας
3084 1061 3178 1112 καὶ
3229 1058 3327 1129 τὴν
3385 1060 3614 1112 ἑκάστου

2035 1148 2276 1204 δ.ἀνοιαν
2311 1151 2615 1215 συνιόντας,
2647 1151 2748 1220 τῆς
2797 1150 2955 1220 ἡμῶν
2999 1149 3301 1216 ἀπολογίας
3353 1150 3615 1218 αἱρούμε-

2039 1259 2145 1297 νοι.
2184 1243 2309 1312 Ἀφ’
2331 1235 2407 1296 ὧν
2433 1243 2480 1297 δ’
2510 1245 2573 1296 ἐκ
2601 1243 2712 1297 τῶν
2751 1241 2848 1296 τοῦ
2902 1242 3136 1311 Παλαμᾶ
3189 1240 3412 1310 βιϐλίων
3442 1257 3618 1293 συνει-

1984 1390 1989 1395 ,
2037 1334 2263 1404 λοχότες
2307 1335 2646 1405 προάγομεν,
2678 1332 2951 1403 εὔληπτον
2994 1335 3108 1396 τοῖς
3162 1331 3280 1402 μετ’
3329 1331 3617 1400 ἀκριϐείας

2038 1425 2375 1493 ἐξετάζουσι,
2406 1426 2549 1490 τίνες
2597 1425 2664 1480 ἀν
2696 1424 2806 1479 εἷεν
2839 1426 2889 1480 οἳ
2937 1425 3038 1495 τὴν
3077 1426 3304 1495 εἰρήνην
3354 1425 3450 1477 καὶ
3479 1423 3616 1477 Θεοῦ

2038 1520 2134 1571 καὶ
2174 1521 2332 1588 ἡμῶν
2373 1522 2806 1589 ἀποστήσαντες,
2842 1517 3347 1572 ἀντιπολιτεύεσθαι
3396 1516 3621 1586 Χριστῷ

2040 1611 2161 1665 λίαν
2206 1611 2523 1679 sumsum);
2568 1610 2802 1675 ἀξιοῦσι.
2847 1610 3045 1680 Μάχην
3074 1609 3184 1679 γὰρ
3218 1606 3331 1661 τῶν
3365 1610 3422 1660 ὲν
3470 1608 3620 1678 αύτῷ

2041 1705 2292 1774 φυσικῶν
2343 1703 2663 1773 ἀσύμϐατον
2716 1705 2812 1757 καὶ
2866 1701 3101 1767 ἔκφυλον
3146 1701 3291 1753 κατά
3333 1699 3434 1768 τῆς
3467 1699 3618 1761 θείας

2039 1797 2207 1854 αὐτοῦ
2240 1798 2336 1850 καὶ
2376 1795 2656 1866 μακαρίας
2688 1795 3087 1864 ἐνστησάμενοι
3113 1793 3325 1857 οὐσίας,
3364 1793 3618 1846 κάκεῖθεν

2042 1893 2123 1955 είς
2152 1892 2303 1961 ἡμᾶς
2337 1891 2536 1952 αὐτοὺς
2564 1890 2626 1942 τὸ
2658 1888 2831 1942 δεινὸν
2862 1887 3304 1949 διαϐιϐάσαντες,
3337 1887 3617 1955 νομίζουσι

355 1977 521 2039 atque
555 1969 680 2024 inde
712 1972 762 2026 in
795 1987 897 2026 nos
932 1973 1081 2041 ipsos
1112 1975 1314 2028 malum
1341 1976 1710 2044 traducentes,
1742 1980 1855 2035 Deo
1872 1955 1932 2038 se

2057 1982 2559 2051 ιελειτουργηκέναι
2602 1984 2670 2035 τὰ
2706 1981 2988 2050 πρέποντα
3015 1996 3031 2010 ·
3065 1981 3161 2033 καὶ
3205 1980 3399 2049 ὥσπερ
3431 1981 3478 2031 oi
3524 1983 3622 2032 πό-

356 2060 680 2130 ohsequinm
712 2062 908 2117 merito
933 2064 1253 2131 praestitisse
1287 2066 1598 2135 existimant
1640 2084 1657 2125 :
1694 2086 1761 2127 ac
1790 2073 1941 2128 velut

360 2153 453 2222 qui
483 2153 674 2207 urbem
722 2168 1033 2224 expugnare
1077 2167 1352 2227 satagunt.
1386 2158 1508 2231 ejus
1559 2161 1713 2231 prius
1756 2179 1939 2219 arcem

357 2242 768 2313 aggrediuntur,
785 2245 947 2315 inque
963 2260 1081 2301 eam
1102 2248 1359 2303 continue
1375 2263 1631 2321 rumpunt
1656 2253 1942 2323 impetum,

365 2334 599 2389 interdiu
640 2345 911 2407 noctuque
942 2338 1276 2395 instruentes
1308 2340 1578 2411 insidias;
1617 2345 1758 2399 haud
1789 2346 1945 2400 aliter

364 2440 468 2480 nec
496 2426 708 2482 minora
733 2429 1022 2484 machinati
1045 2439 1194 2496 sunt,
1228 2434 1319 2501 qui
1339 2488 1343 2492 _
1366 2448 1512 2488 nunc
1553 2437 1704 2505 pacis
1735 2436 1942 2493 inimici

369 2526 522 2583 suut,
548 2526 602 2574 et
632 2529 693 2574 ut
716 2521 864 2575 omni
900 2536 1023 2575 eam
1046 2521 1245 2578 Christi
1277 2523 1518 2581 Ecclesia
1561 2527 1939 2587 eliminarent.

368 2609 634 2664 insulsam
667 2611 810 2666 hanc
839 2612 1160 2668 deliriorum
1203 2615 1394 2670 silvam
1431 2604 1848 2681 adiuvenernnt.
1877 2622 1944 2675 ad

370 2697 731 2755 defectionem
761 2716 790 2755 a
828 2701 938 2759 Deo
962 2701 1289 2773 faciendam,
1308 2706 1558 2777 hancque
1589 2709 1941 2769 abolendam.

371 2800 431 2846 ut
459 2800 515 2847 et
540 2806 570 2845 a
600 2792 760 2848 nobis
780 2809 900 2849 eam
929 2794 1087 2851 facile
1109 2797 1382 2854 auferant.
1419 2799 1727 2869 Enimvero,
1755 2818 1948 2872 quent-

376 2882 673 2938 admodum
735 2882 1002 2941 Dominus
1046 2888 1153 2942 vita
1194 2898 1250 2943 et
1294 2889 1475 2945 lumen
1511 2901 1565 2946 et
1592 2893 1950 2949 veritas"re-

372 2975 637 3055 liquaque
666 2975 918 3033 laudatus
949 2987 1055 3043 est,
1075 2979 1156 3035 sic
1188 2980 1444 3035 niinirum
1509 2991 1561 3059 et
1592 2983 1729 3053 lapis
1763 3001 1937 3056 angu-

377 3052 540 3129 l'aris.
579 3074 634 3121 et
661 3066 799 3136 lapis
826 3068 1196 3124 offensionis”
1221 3072 1289 3125 ab
1338 3053 1622 3143 Scriptura
1642 3052 1949 3147 appella—tus

377 3168 482 3215 est.
525 3159 660 3224 Quis
685 3173 814 3229 ergo
853 3162 1066 3216 tandem
1091 3162 1168 3220 illi
1228 3163 1556 3235 impingens,
1618 3184 1725 3224 non
1785 3183 1950 3241 caput

2043 2076 2129 2130 λιν
2155 2076 2299 2128 ἑλεῖν
2329 2074 2645 2145 βιαζόμενοι
2676 2074 2777 2142 τὴν
2808 2071 3112 2144 ἀκρόπολιν
3152 2072 3323 2140 αὐτῆς
3356 2072 3622 2141 πρότερον

2044 2165 2335 2234 κατασπᾷν
2389 2161 2749 2233 ἐπιχειροῦσι,
2800 2161 2893 2213 καὶ
2938 2161 3111 2231 ταύτῃ
3166 2160 3405 2229 συνεχῶς
3456 2176 3626 2229 προσ-

2047 2258 2369 2329 ρήγνυνται,
2404 2254 2627 2323 νύκτωρ
2658 2252 3113 2314 ἐπιϐουλεύοντες
3147 2251 3241 2303 καὶ
3277 2250 3622 2319 μεθημέραν,

2045 2346 2253 2403 τούτων
2297 2347 2397 2400 οὐκ
2427 2344 2656 2399 ἔλασσον
2687 2345 2849 2413 ἔσχον
2876 2346 2924 2397 oi
2954 2341 3050 2397 νῦν
3076 2342 3176 2411 τῆς
3209 2342 3430 2411 εἰρήνης
3462 2340 3625 2394 πολέ-

2050 2456 2194 2510 μιοι·
2222 2439 2318 2492 καὶ
2346 2434 2771 2505 ταύτηνὲξῶσαι
2789 2434 2888 2503 τῆς
2910 2434 3005 2487 τοῦ
3033 2431 3272 2505 Χριστοῦ
3300 2430 3626 2501 Ἐκκλησίας

2048 2529 2472 2593 ἐσπουδακότες,
2528 2528 2623 2581 τὸν
2682 2526 2970 2595 ἀλόγιστον
3024 2523 3214 2579 τοῦτον
3277 2521 3467 2593 ὅμιλον
3518 2521 3629 2575 τῶν

2047 2622 2390 2695 ληρημάτων
2419 2619 2651 2690 ἀνεῦρον
2702 2619 2786 2683 είς
2816 2616 3161 2672 ἀποστασίαν
3186 2614 3347 2678 Θεοῦ,
3385 2614 3476 2668 καὶ
3499 2610 3631 2666 ταύ-

2050 2733 2147 2785 της
2178 2714 2527 2784 καθαίρεσιν,
2573 2712 2641 2765 ἶν’
2690 2710 2853 2782 ἡμῶν
2906 2709 3100 2781 ῥᾳδίως
3137 2710 3232 2762 καὶ
3262 2706 3468 2776 ταύτην
3518 2702 3633 2766 ἐξέ-

2049 2809 2237 2862 λωσιν.
2275 2809 2352 2861 Ού
2388 2807 2494 2878 μὴν
2527 2805 2645 2860 ἀλλ’
2690 2804 2881 2876 ὥσπερ
2919 2804 2947 2857 δ
2984 2804 3187 2874 Κύριος
3226 2800 3342 2871 ζωὴ
3371 2800 3465 2854 καὶ
3515 2797 3632 2867 φῶς
3676 2816 3681 2819 -

2050 2899 2146 2950 καὶ
2207 2896 2464 2968 ἀλήθεια,
2519 2900 2615 2949 καὶ
2671 2895 2821 2951 τᾶλλ’
2867 2894 3200 2963 ἀνύμνηται,
3236 2889 3380 2944 οὕτω
3415 2889 3495 2959 δὴ.
3534 2890 3633 2941 καὶ

2050 2989 2198 3051 λίθος
2255 2988 2677 3057 ἀκρογωνιαῖος,
2729 2985 2827 3041 καὶ
2882 2984 3058 3054 πέτρα
3103 2982 3534 3052 προσκόμματος
3564 2980 3633 3049 τῇ

2052 3080 2242 3151 Γραφῇ
2300 3079 2688 3149 προσείρηται,
2747 3076 2834 3137 τίς
2905 3075 3027 3127 ποτ’
3085 3073 3192 3142 ἀρα
3256 3068 3638 3136 λοιπὸν¹αύτῷ

2059 3173 2481 3244 προσαράττων,
2506 3171 2566 3223 ού
2605 3167 3028 3237 συντριϐήσεται
3059 3164 3157 3235 τὴν
3190 3162 3434 3233 κεφαλήν
3462 3179 3479 3227 ;
3511 3161 3634 3214 Κάν

380 3253 648 3307 conteret?
672 3251 993 3323 Quanquam
1026 3255 1224 3326 aliquis
1242 3259 1430 3322 procul
1484 3260 1701 3330 sagittis
1760 3273 1950 3333 petere

2057 3263 2271 3335 βέλεσιν
2300 3260 2609 3331 ἐπιχειροίη
2655 3256 2948 3329 πόρρωθεν
2992 3255 3232 3325 βάλλειν,
3265 3254 3385 3322 ἔχει
3407 3251 3505 3321 τὴν
3537 3250 3635 3302 Βα-

379 3344 756 3416 aggrediatur,
811 3345 1152 3414 Babylonica;
1171 3346 1411 3407 fornacis
1441 3353 1712 3409 ﬂammam
1750 3357 1819 3413 ad
1874 3360 1952 3412 ul-

380 3438 698 3495 ciscendum
760 3439 986 3495 habet“.
1011 3438 1130 3494 Non
1161 3440 1303 3496 enim
1337 3458 1402 3498 ea
1434 3445 1488 3498 in
1510 3460 1608 3502 eos
1637 3451 1861 3513 exarsit,
1900 3451 1954 3503 in

382 3544 521 3599 quos
552 3543 779 3585 accensa
808 3537 925 3584 erat
935 3546 974 3605 β
1004 3530 1099 3585 sed
1148 3530 1322 3601 magis
1350 3531 1406 3585 in
1437 3548 1534 3587 eos
1562 3535 1842 3609 irruit.qui
1874 3536 1958 3590 in-

383 3623 698 3691 cenderant,
734 3640 798 3680 ac
818 3623 1138 3679 combussit.
1163 3621 1432 3679 Videntur
1455 3626 1589 3681 mihi
1633 3637 1689 3682 et
1743 3629 1958 3699 singula

383 3718 489 3772 tela
516 3718 655 3780 haec,
693 3718 747 3774 in
806 3719 1090 3773 mittentes
1143 3717 1345 3781 redire,
1409 3718 1632 3789 ictuque
1699 3722 1961 3778 validiore

380 3813 935 3876 perculere;quanto
970 3806 1228 3861 nimirum
1289 3804 1427 3861 duro
1486 3808 1723 3864 maxime
1784 3813 1960 3879 allisa,

382 3899 677 3956 violentius
709 3900 1100 3955 retundantur.
1136 3898 1278 3965 Quid
1304 3900 1449 3954 enim
1482 3904 1653 3968 portis
1688 3902 1844 3957 inferi
1877 3905 1962 3959 in-

384 3990 755 4046 domabilius?
780 3989 956 4044 Ailreaa
994 3989 1137 4044 enim
1164 3989 1453 4067 θεῖοι-τεαὶ,
1487 4005 1551 4045 ac
1579 3991 1800 4061 lapidea:
1838 3994 1969 4048 ada-

386 4082 776 4152 mantimeque,
809 4097 876 4135 ac
938 4082 984 4136 si
1048 4082 1174 4149 quid
1204 4083 1345 4137 aliud
1393 4083 1611 4138 infracti
1641 4085 1854 4139 roboris
1883 4098 1968 4142 est

388 4175 732 4244 appellantur
766 4174 811 4207 "
851 4192 867 4241 ;
900 4185 954 4229 at
994 4189 1169 4243 neque
1201 4173 1297 4229 has
1328 4175 1706 4242 praevalitnras
1764 4176 1961 4233 Chris-

387 4269 430 4321 ti
471 4265 752 4331 Ecclesiae,
778 4265 1032 4321 Christus
1062 4266 1441 4322 universorum
1495 4277 1662 4337 caput
1717 4282 1783 4323 ac
1811 4268 1966 4324 colu-

388 4372 513 4411 tuen
543 4356 792 4426 praedixit
817 4357 885 4411 ’°.

463 4450 612 4506 Ilaud
635 4466 760 4506 raro
780 4467 909 4507 sane
939 4447 1256 4522 per'missum
1282 4459 1385 4512 est.
1408 4465 1516 4520 quo
1554 4450 1813 4505 nimirum
1839 4467 1969 4521 pro-

388 4544 540 4598 batio
572 4552 773 4599 nostrae
805 4543 926 4598 fidei
957 4545 1214 4608 eluceret,
1243 4558 1308 4597 ac
1376 4544 1612 4609 prudens
1668 4543 1965 4612 dispensa-

2063 3356 2325 3411 ϐυλώνιον
2371 3355 2507 3424 πρὸς
2542 3351 2868 3422 ἐπιτίμησιν
2904 3350 3120 3419 φλόγα³
3158 3348 3219 3402 οὐ
3248 3346 3360 3416 γὰρ
3409 3343 3534 3398 καθ’
3562 3336 3639 3396 ὧν

2063 3445 2235 3518 ἧπται
2281 3449 2415 3518 δρᾷν
2462 3444 2829 3517 ἐγνωρίζετο·
2884 3444 2977 3496 ἐπὶ
3027 3441 3156 3505 τοὺς
3209 3439 3551 3499 ἀνάπτοντας
3581 3434 3643 3488 δὲ

2069 3541 2271 3611 μᾶλλον
2299 3538 2539 3607 διέτρεχε
2576 3537 2671 3589 καὶ
2706 3534 3035 3602 κατέφλεγε.
3071 3532 3229 3585 Δοκεῖ
3272 3547 3363 3598 μοι
3394 3528 3489 3581 xui.
3532 3525 3642 3579 τῶν

2069 3632 2241 3701 βελῶν
2275 3630 2483 3684 τούτων
2512 3628 2749 3682 ἕκαστον
2795 3627 2891 3679 ἐπὶ
2925 3626 3018 3679 τὸν
3050 3620 3295 3695 βάλλοντ⁹
3331 3619 3641 3680 ἐπανιέναι,

2069 3725 2165 3776 καὶ
2219 3721 2548 3790 ἀντιπλῆξαι
2603 3718 2966 3788 σφοδρότερον
3004 3733 3018 3746 ·
3069 3713 3310 3785 παρόσον
3365 3710 3645 3777 ἀντιτύπῳ

2073 3817 2309 3885 μάλιστά
2342 3832 2405 3883 γε
2440 3812 2818 3885 προσαράξαν,
2857 3811 3163 3880 βιαιότερον
3211 3805 3644 3875 άντέστραπται.

2072 3908 2136 3959 Τί
2169 3906 2278 3977 γάρ
2312 3907 2421 3958 τῶν
2454 3906 2546 3960 τοῦ
2579 3904 2710 3975 ᾇδου
2767 3902 2954 3957 πυλῶν
3005 3898 3445 3966 ἀναλωτότερον;
3501 3893 3648 3947 Χαλ-

2073 4002 2168 4052 καῖ
2196 3998 2306 4069 γὰρ
2336 3997 2435 4052 καὶ
2481 3997 2721 4067 σιδηραῖ,
2755 3996 2849 4048 καὶ
2892 3993 3082 4046 λίθινοι
3124 3990 3221 4044 καὶ
3268 3986 3647 4054 ἀδαμάντινοι,

2073 4075 2170 4144 καὶ
2204 4092 2312 4145 πᾶν
2353 4089 2636 4162 ἄρρηκτον
2686 4085 2817 4140 ἀλλο
2852 4081 3316 4165 κατονομάζονται
3342 4096 3355 4110 ·
3388 4077 3505 4130 ἀλλ’
3530 4074 3651 4128 οὐδὲ

2075 4182 2277 4245 ταύτας
2336 4182 2695 4248 κατισχύσειν
2739 4178 2837 4246 τῆς
2893 4174 2985 4228 τοῦ
3035 4169 3276 4242 Χριστοῦ
3318 4166 3651 4238 Ἐκκλησίας

2076 4274 2313 4346 Χριστὸς
2344 4276 2376 4343 ἡ
2407 4272 2628 4327 πάντων
2664 4270 3044 4340 προηγόρευσε
3073 4262 3307 4333 κεφαλή.

2147 4447 2505 4521 Συνεχωρήθη
2541 4446 2638 4517 μὲν
2675 4444 2769 4499 οὖν
2797 4445 2854 4495 έν
2886 4440 3122 4503 πολλοῖς,
3158 4438 3245 4491 ἵνα
3290 4436 3355 4506 δὴ
3392 4434 3456 4487 τὸ
3507 4431 3655 4485 δοκί-

2082 4563 2205 4619 μιον
2238 4543 2336 4614 τῆς
2373 4543 2607 4601 πίστεως
2631 4537 2791 4607 ἡμῶν
2832 4534 3105 4602 ἀναφανῇ,
3155 4532 3252 4583 καὶ
3310 4529 3343 4581 δ
3396 4525 3655 4619 φρόνιμος

395 4643 479 4689 tor
501 4634 843 4699 claresceret,
874 4643 932 4688 ut
963 4635 1076 4704 lupi
1138 4635 1203 4687 ad
1266 4640 1482 4700 tempus
1528 4632 1698 4686 caulae
1736 4633 1939 4703 obrepe

2074 4615 2354 4705 οἰκονόμος
2411 4629 2724 4700 ἀναδειχθῇ,
2766 4626 2902 4697 προς
2946 4624 3133 4691 καιρὸν
3172 4617 3533 4688 ἐπιχωριάσαι
3589 4615 3658 4682 τῇ

392 4737 536 4791 rent,
560 4734 613 4780 et
642 4743 857 4797 gregem
883 4728 1210 4795 (llSsipal'ﬂnl
1238 4736 1403 4793 atque
1417 4733 1621 4783 certem
1665 4734 1965 4792 vastarent;

393 4834 505 4873 non
538 4827 720 4872 tamen
744 4822 796 4872 in
826 4820 985 4873 tinem
1010 4837 1186 4890 usque.
1209 4836 1297 4875 res
1324 4823 1430 4877 illis
1454 4838 1518 4876 ex
1537 4822 1723 4875 animo
1788 4834 1971 4875 cesse-

394 4918 562 4969 runt;
603 4905 695 4959 sed
725 4910 1068 4972 pereuntium
1102 4909 1407 4963 animarum
1449 4926 1615 4979 prope
1667 4909 1965 4965 cruoribus

394 4997 554 5060 ebrii,
589 4998 770 5051 statim
803 5000 1011 5067 dirupti
1045 5010 1194 5067 sunt,
1247 5003 1364 5056 suis
1428 5002 1674 5070 ipsorum
1713 5000 1964 5071 impediti

399 5086 677 5145 funiculis.
713 5089 1016 5161 Singularis
1053 5109 1329 5164 propeque
1366 5083 1645 5150 inauditus
1705 5097 1863 5151 visus
1900 5094 1968 5148 ilv

396 5181 574 5235 lorum
631 5197 815 5239 casus.
847 5185 924 5236 Ac
957 5184 1174 5253 quidem
1222 5186 1443 5254 longum
1496 5187 1637 5241 haud
1662 5201 1786 5241 raro
1841 5195 1976 5241 tem-

400 5291 502 5344 pus
561 5276 677 5330 suis
703 5276 1328 5347 gaudereimpietatihus
1363 5278 1616 5347 permissi
1658 5287 1806 5333 sunt.
1844 5277 1974 5346 Ejus

400 5353 618 5438 generis
649 5369 1167 5436 idololatria,atmos
1194 5380 1663 5440 trecentos,atque
1683 5372 1766 5425 his
1795 5371 1977 5440 plures

403 5471 530 5529 post
580 5462 1019 5528 praedicationem
1077 5463 1323 5518 libertate
1379 5463 1535 5518 fulta.
1598 5464 1727 5534 Ejus
1758 5465 1977 5533 generis

401 5553 602 5606 Ariana
634 5552 934 5621 nugacitas,
966 5553 1553 5623 Monothelitarumqne
1592 5556 1770 5625 inepta
1796 5557 1986 5625 loqua-

405 5646 545 5699 citas
577 5655 630 5699 et
663 5645 1145 5700 leonomacltorum
1200 5647 1376 5701 turba.
1416 5645 1592 5714 Supra
1625 5649 1769 5701 enim
1802 5664 1981 5703 annos

407 5740 736 5807 quingentos
786 5740 1130 5810 septuaginta
1170 5740 1426 5810 quielibet
1480 5741 1676 5795 harum
1705 5751 1979 5796 sectarum

488 5854 528 5884 Hi
555 5853 713 5907 μου.
738 5871 848 5917 XIV.
881 5857 932 5917 6.
958 5874 1028 5923 ιιι
1059 5858 1110 5915 5°

416 5921 462 5955 ὀ
499 5925 690 5981 Matth.
726 5942 840 5993 XVI,
868 5928 955 5983 18.

2080 4729 2293 4800 μάνδρα
2343 4726 2470 4787 τοὺς
2520 4722 2743 4784 λύκους,
2801 4720 2894 4772 καὶ
2945 4717 3007 4768 τὸ
3047 4712 3299 4781 ποίμνιον
3361 4708 3660 4762 διασπάσαι

2079 4824 2176 4876 καὶ
2200 4819 2479 4889 πορθῆσαι
2507 4817 2606 4884 τὴν
2651 4811 2883 4866 ἔπαυλιν
2919 4825 2934 4838 ο
2992 4808 3093 4860 οὐκ
3140 4806 3220 4867 είς
3271 4802 3423 4864 τέλος
3476 4800 3659 4860 αὐτοῖς

2084 4917 2267 4987 μέντοι
2328 4910 2469 4963 κατά
2521 4906 2722 4960 σκοπὸν
2777 4902 2936 4971 ἐξέϐη
2996 4897 3472 4987 τά’πράγματαέ
3498 4891 3665 4987 μεθυ-

2084 4983 2303 5066 σθέντες
2328 5003 2373 5056 δ’
2402 4998 2594 5067 ὥσπερ
2623 4996 2699 5067 τῷ
2742 4995 2852 5049 τῶν
2879 4990 3275 5059 ἀπολλυμένων
3326 4984 3514 5055 ψυχῶν
3573 4983 3662 5035 αῖ-

2084 5114 2235 5168 ματι,
2264 5091 2429 5148 αὐτοῦ
2457 5108 2560 5143 που
2608 5087 2997 5156 διεῤῥάγησαν,
3029 5084 3141 5146 τοῖς
3177 5079 3398 5143 οἰκείοις
3450 5094 3664 5146 συμπο-

2079 5185 2350 5247 δισθέντες
2379 5181 2644 5252 ἅρμασιν.
2689 5175 2960 5240 Ἐξαίσιον
3011 5173 3072 5225 τὸ
3104 5169 3228 5224 κατ’
3290 5170 3489 5223 αὐτοὺς
3536 5168 3668 5220 ἁνα-

2082 5279 2248 5348 φανὲν
2314 5274 2539 5342 πτῶμα.
2591 5270 2701 5324 Καὶ
2754 5267 2948 5339 χρόιον
3005 5263 3103 5335 μὲν
3154 5263 3349 5332 συχνὸν
3405 5260 3667 5321 πολλάκις

2084 5347 2494 5438 ἔπεντρυφῆσαι
2518 5363 2636 5423 ταῖς
2675 5357 2883 5411 ἑαυτῶν
2917 5355 3199 5416 ἀσεϐείαις
3226 5352 3514 5422 εἰάθησαν.
3538 5347 3664 5403 Toc-

2086 5460 2241 5514 οὖτον
2261 5458 2369 5528 γάρ
2400 5452 2835 5521 είδωλολατρεία,
2867 5450 2959 5503 ἐπὶ
2988 5446 3340 5516 τριακοσίους
3374 5446 3468 5499 καὶ
3530 5441 3669 5513 πρὸς

2088 5554 2228 5625 μετά
2258 5552 2318 5604 τὸ
2341 5552 2604 5621 κήρυγμα
2646 5542 3154 5616 παρρησιασαμένη
3206 5542 3336 5603 τοὺς
3393 5538 3620 5609 χρόνους
3650 5552 3667 5567 ·

2084 5647 2324 5701 τοιοῦτον
2355 5645 2571 5713 Ἀρειος
2604 5637 2860 5708 φλυαρία.
2894 5636 2989 5689 καὶ
3033 5635 3067 5704 ἡ
3120 5631 3232 5686 τῶν
3283 5626 3671 5697 Μονοθελητῶν

2087 5736 2393 5808 ἀδολεσχία,
2455 5737 2549 5788 καὶ
2594 5735 2621 5785 ὁ
2654 5730 2762 5782 τῶν
2816 5727 3202 5798 Είκονομάχων
3248 5722 3458 5794 ὅμιλος.
3494 5719 3672 5790 ’Υπὲρ

1230 5859 1395 5913 “lsa.
1432 5875 1620 5929 xxx‘tn,
1656 5860 1753 5925 l6;
1794 5862 1812 5913 l
1851 5860 1944 5916 l’ct

2058 5858 2132 5926 t,t‘v
2161 5877 2174 5923 ;
2236 5857 2397 5910 liouu.
2429 5870 2502 5915 Ix,
2542 5852 2629 5907 53.
2714 5850 2755 5882 “'
2786 5847 2919 5902 Dan.
2955 5860 3039 5913 tu,
3067 5843 3159 5898 38.
3237 5842 3281 5875 ι’
3323 5839 3428 5896 lsa.
3462 5853 3585 5906 xu,
3609 5836 3666 5893 2.
