4088 6454
469 338 573 403 673

1242 330 1877 395 PALAMITICARUM
1908 329 2670 394 TRANSGRESSIONUM
2698 332 2958 396 LIBER.

3609 323 3614 327 ’
3638 331 3744 396 674

471 455 580 523 γὰρ
603 453 933 521 πεντήκοντα
961 451 1055 504 καὶ
1115 448 1486 517 ἐϐδομήκοντα
1556 446 1762 499 τούτων
1816 446 2048 500 ἕκαστον

2155 446 2343 516 viguit,
2373 445 2693 518 Christique
2722 448 3023 503 Ecclesiam
3084 447 3387 519 grassando
3418 446 3695 505 infestavit
3722 464 3744 504 :

474 544 815 600 ἐπολίτευσεν
841 543 956 613 ἔτη,
1017 542 1110 596 καὶ
1145 539 1458 610 κατέδραμε
1496 539 1593 609 τὴν
1652 539 1748 592 τοῦ
1806 537 2048 607 Χριστοῦ

484 634 816 704 Ἐκκλησίαν
844 651 860 667 ·
891 632 1157 702 αἰφνίδιον
1192 632 1237 684 δ’
1268 630 1417 700 ὅμως
1456 623 1593 699 ἧκεν
1629 629 1717 683 ὲπ*
1761 628 1961 690 αὐτοὺς
2016 630 2050 698 ή

471 726 618 795 δίκη,
661 727 756 779 καὶ
778 722 874 776 νῦν
905 724 1016 777 οὐδ’
1048 723 1185 776 είσὶν
1237 723 1371 778 ὅπου
1402 719 1781 791 γνωρίζονται.
1841 716 2051 773 Οὖκουν

474 835 537 887 γε
569 815 756 870 λοιπὸν
785 814 894 869 οὐδ’
922 815 972 868 oi
998 816 1242 884 τήμερον
1282 812 1639 884 θορυϐοῦντες
1673 813 1768 883 ἐπὶ
1792 809 1927 862 πολὺ
1951 807 2051 875 τὴν

469 908 665 986 ἡδονὴν
699 907 1105 980 καρπώσονται,
1153 907 1262 959 οὐδ’
1292 909 1374 970 είς
1422 907 1576 968 τέλος
1626 904 2051 973 ἐπιλησθήσεται

470 1002 504 1070 ή
530 999 640 1053 τῶν
665 998 913 1069 πενήτων
935 996 1203 1067 ὑπομονὴ,
1231 996 1344 1051 οὐδ’
1393 995 1568 1068 ἀργήν
1625 996 1777 1049 ἐάσει
1820 993 2053 1063 Χριστὸς

469 1091 570 1158 τὴν
602 1087 795 1159 ῥάϐδον
820 1087 932 1140 τῶν
954 1087 1171 1158 κλήρων
1202 1087 1367 1141 αὐτοῦ
1398 1102 1411 1117 ·
1446 1087 1561 1140 ἀλλ’
1602 1087 1636 1158 ἢ
1690 1086 1928 1156 παντελῆ
1961 1085 2053 1139 τὸν

469 1178 692 1249 ὄλεθρον
725 1180 824 1232 σὺν
866 1180 980 1241 τοῖς
1039 1177 1400 1247 κακοδαίμοσι
1444 1176 1712 1231 τουτοισὶν
1759 1176 2053 1241 ὲξανιστῶν

470 1272 616 1340 ἡμᾶς
653 1271 748 1323 καὶ
782 1272 1035 1339 μετάγων
1060 1274 1139 1334 είς
1188 1270 1418 1340 ἀτίμους
1474 1270 1826 1341 κληρουχίας,
1881 1285 2052 1322 κατα-

469 1364 680 1432 στήσει,
706 1362 959 1432 καθάπερ
998 1364 1092 1416 καὶ
1124 1361 1216 1416 τδν
1263 1361 1536 1416 Ἰουδαίων
1571 1362 1702 1414 λαὸν
1761 1360 2048 1431 πρότερον,

468 1453 914 1523 εἰδωλαλοτρείας
937 1455 1120 1518 αὐτοῖς
1142 1453 1353 1507 ἔκτισιν
1381 1454 1480 1521 τὴν
1503 1452 1653 1523 παρά
1673 1453 1781 1505 τῶν
1795 1451 2052 1504 Βαόυλω-

469 1547 597 1599 νίων
644 1549 739 1600 καὶ
808 1543 1078 1616 Ἑλλήνων
1137 1543 1456 1615 ἐπιμετρῶν
1519 1544 1832 1614 πόρθησιν·
1892 1543 2052 1614 ἢτὴν

470 1636 739 1705 κραταιὰν
777 1634 1069 1706 ὑπερσχὼν
1108 1633 1274 1687 αὑτοῦ
1302 1637 1482 1704 χεῖρα,
1512 1634 1638 1696 τοὺς
1674 1634 1775 1703 μὲν
1829 1634 2053 1686 ἀπώσε-

467 1745 560 1781 ται
584 1726 862 1798 ταρτάρου
913 1724 1359 1796 συγκατακλείων
1410 1725 1595 1796 βυθοίς
1635 1739 1650 1754 ⁸
1703 1726 1852 1797 ἡμᾶς
1896 1726 1941 1778 δ’
1993 1726 2052 1778 ὲν

470 1819 715 1890 βραχίονι
769 1817 960 1889 ὑψηλῷ
1035 1815 1287 1879 ἀσεϐείας
1332 1816 1469 1887 ὁμοῦ
1526 1817 1619 1870 καὶ
1678 1817 2052 1888 αἰχμαλωσίας

468 1911 724 1981 ἐξαίρειν,
771 1912 883 1971 τοῖς
932 1909 1202 1981 πρότερον
1238 1911 1638 1979 ὲγκαταστήσει
1687 1910 1781 1961 καὶ
1818 1910 2052 1979 δόγμασι

468 2005 562 2056 καὶ
590 2004 904 2072 φρονήμασι
937 2001 1033 2054 καὶ
1057 1998 1446 2069 πολιτεύμασι.

541 2094 652 2147 Καὶ
682 2092 857 2146 ταῦτα
889 2092 988 2162 μὲν
1021 2091 1350 2156 ὲλπιζέοθω,
1380 2090 1478 2144 καλ⁹
1510 2092 1639 2160 παρ’
1674 2090 1832 2162 ήμῶν
1884 2092 2054 2144 αἰτεί-

470 2189 583 2243 σθω
617 2190 680 2243 τὰ
703 2190 991 2261 κρείττονα
1009 2190 1167 2257 ’,νυνὶ
1198 2187 1256 2241 δὲ
1281 2188 1573 2256 πειρατέον
1606 2187 1696 2239 τὸν
1724 2187 1881 2255 λόγον
1910 2187 2046 2253 διεξ-

468 2281 665 2349 ελθεῖν,
705 2281 802 2352 τὴν
828 2280 922 2334 τοῦ
959 2281 1154 2344 παντὸς
1200 2279 1526 2349 ύπερούσιον
1552 2279 2047 2350 προστησαμένους

467 2370 716 2442 δύναμιν,
762 2373 905 2443 ὑπὲρ
925 2366 991 2444 ἧς
1031 2373 1163 2441 ἡμῖν
1190 2370 1287 2423 καὶ
1313 2369 1486 2423 ταῦτα
1515 2371 1783 2441 τολμᾶται
1806 2389 1819 2403 ο
1848 2372 2052 2443 ἥκιστα

470 2465 571 2534 μὲν
606 2465 976 2535 βουλομένοις,
1007 2465 1096 2519 διά
1152 2466 1214 2519 τὸ
1271 2465 1506 2534 χείλεσιν
1546 2464 1878 2536 ἀκαθάρτοις
1911 2464 2049 2518 θεοῦ

471 2556 788 2626 μυστηρίων
819 2555 1116 2621 ἅπτεσθαι,
1154 2555 1499 2625 προάγεσθαι
1523 2570 1537 2586 ’
1580 2555 1641 2608 ού
1684 2560 1793 2626 μήν
1820 2556 1866 2609 δ’
1899 2557 2048 2625 ήστι·

469 2648 661 2701 νοσοῦν
694 2649 861 2719 ἄλλης
894 2649 1078 2703 εἵνεκα
1131 2648 1449 2720 φιλοτιμίας
1491 2650 1583 2702 τὸν
1631 2650 1788 2720 λόγον
1822 2666 2050 2721 προχεισ

471 2742 802 2813 ριζομένοις,
860 2740 1251 2812 ἀπολογεῖσθαι
1295 2740 1354 2796 δὲ
1419 2741 1626 2813 μᾶλλον
1664 2744 1760 2797 ὐπ⁴
1805 2744 2050 2815 ἀνάγκης

470 2834 851 2905 ὲξαγομένοις.
884 2835 948 2889 El
983 2836 1061 2905 μὴ
1092 2837 1199 2904 γὰρ
1229 2828 1306 2889 ὧν
1348 2836 1534 2897 κακῶς
1564 2835 1859 2904 ἀκούομεν,
1892 2836 2052 2903 λόγον

470 2930 868 2996 παραιχοιμεν,
897 2927 1140 2997 ἑκάστης
1168 2926 1384 2998 ἡμέρας
1425 2927 1585 2998 δίκην
1624 2927 1890 2998 κήρυκος,
1942 2925 2039 2978 τοῦ

468 3024 534 3075 τὰ
570 3022 781 3093 πονηρά
813 3021 969 3075 ταῦθ’
1010 3022 1413 3093 ⁹ἐμπεραστιείζειν
1448 3023 1698 3091 δόγματα
1732 3022 1926 3093 μισθὸν
1949 3021 2050 3092 τὴν

2153 548 2373 607 repente
2399 548 2578 595 tamen
2609 542 2756 596 venit
2785 555 2951 609 super
2981 555 3075 596 eos
3107 540 3263 602 ultio,
3297 555 3363 595 ac
3413 541 3597 603 modo,
3668 557 3743 595 ne

2150 642 2219 680 an
2251 629 2359 681 sint
2385 630 2600 697 quidem
2633 642 2957 686 noscuntur.
2982 631 3136 687 [laud
3153 631 3299 688 enim
3328 646 3457 688 vero
3490 632 3581 703 qui
3601 648 3749 687 nunc

2152 721 2408 791 deinceps
2428 724 2650 778 turbant
2669 725 2994 789 Ecclesiam,
3016 724 3110 780 diu
3139 726 3485 796 multumque
3500 725 3626 780 inde
3644 742 3748 779 vu-

2152 813 2414 881 luptatem
2449 824 2688 881 sument,
2714 826 2809 871 aut
2844 817 2898 870 in
2926 818 3091 872 ﬁnem
3120 818 3389 885 patientia
3434 832 3740 887 pauperum

2153 903 2208 957 in
2237 903 2512 961 oblivione
2540 909 2716 969 erit“,
2752 917 2847 963 aut
2875 907 3129 964 Christus
3155 908 3363 976 virgam
3381 923 3605 963 suarum
3627 909 3742 962 bae-

2154 994 2443 1049 reditatum
2475 1010 2595 1052 esse
2617 997 2851 1052 otiosam
2882 998 3023 1054 siuet
3055 1013 3071 1064 ;
3105 999 3199 1054 sed
3227 1008 3320 1052 aut
3374 1001 3604 1053 omnino
3653 1000 3740 1052 iu-

2156 1087 2321 1142 teritu
2363 1086 2587 1153 delebit,
2622 1104 2746 1144 cum
2772 1091 3080 1146 istiusmodi
3112 1090 3519 1146 miserabilibus
3551 1107 3579 1143 a
3639 1108 3742 1145 nu-

2155 1178 2286 1233 stris
2308 1194 2409 1234 nos
2440 1179 2685 1243 avulsos,
2714 1182 2781 1234 ad
2824 1182 3091 1251 ignobiles
3122 1184 3277 1238 sedes
3306 1183 3620 1245 traducens,
3654 1200 3746 1238 ve-

2156 1269 2237 1323 lut
2275 1268 2439 1323 etiam
2480 1271 2637 1340 prius
2662 1271 2955 1326 Iudaicum
2984 1274 3245 1342 populum
3273 1291 3288 1339 ;
3319 1275 3440 1343 ejus
3518 1276 3748 1329 sceleris

2155 1368 2318 1413 reatu
2344 1374 2454 1429 quo
2494 1359 2641 1414 idola
2699 1361 2975 1428 colebant,
3023 1362 3266 1418 civitatis
3323 1378 3386 1417 ac
3445 1366 3746 1432 provinciae
3802 1421 3815 1429 ,

2156 1451 2469 1524 Babyloniis
2500 1453 2817 1524 Graecisque
2841 1464 3014 1511 erutae
3046 1472 3111 1511 ac
3145 1465 3391 1523 vastatas,
3429 1472 3522 1513 eos
3581 1474 3746 1530 poena

2157 1544 2396 1600 multans
2429 1561 2444 1611 ;
2473 1554 2564 1598 aut
2595 1555 2740 1600 certe
2772 1546 2983 1601 sublata
3023 1557 3246 1617 potente
3277 1564 3439 1603 manu
3480 1565 3604 1616 sua,
3642 1550 3746 1604 bos

2155 1638 2377 1709 quidem
2400 1638 2585 1692 tartari
2622 1640 2735 1694 imo
2767 1639 2891 1693 sinu
2916 1640 3210 1695 concludet
3234 1659 3249 1707 ;
3272 1654 3372 1695 nos
3392 1656 3522 1695 vero
3545 1643 3599 1696 in
3619 1643 3748 1697 bra—

2156 1731 2282 1785 cbio
2310 1733 2531 1786 excelso
2554 1732 2622 1787 ab
2656 1732 2936 1801 impietate
2975 1732 3181 1803 pariter
3215 1748 3281 1788 ac
3310 1734 3628 1804 captivitate
3678 1736 3745 1788 li—

2087 1799 2126 1852 Β
2156 1824 2397 1888 lieratos,
2422 1825 2700 1893 prioribus
2731 1799 3007 1894 dogmatis
3030 1824 3237 1893 pariter
3252 1835 3306 1880 et
3325 1799 3586 1882 sensibus
3599 1828 3742 1899 juri-

2156 1932 2263 1987 que
2289 1918 2606 1988 reipublicae
2636 1932 2701 1973 ac
2734 1917 2976 1988 propriis
3005 1916 3274 1973 institutis
3304 1920 3580 1975 restituet.

2227 2098 2429 2153 Verum
2467 2097 2583 2153 base
2604 2099 2828 2168 quidem
2876 2108 3287 2171 exspectentur,
3325 2116 3392 2157 ac
3428 2117 3552 2172 quae
3615 2110 3747 2160 sunt

2155 2188 2440 2258 p0tiora,a
2474 2188 2635 2243 nobis
2681 2196 2972 2257 petantur:
3036 2206 3182 2245 nunc
3244 2205 3374 2245 vero
3431 2194 3742 2248 conandum

2153 2288 2238 2334 est
2267 2288 2325 2334 ut
2350 2294 2657 2333 sermonem
2691 2294 3063 2347 exsequamur
3090 2297 3106 2345 ;
3134 2282 3210 2335 rei
3236 2283 3419 2336 omnis
3458 2297 3523 2337 ac
3581 2285 3745 2339 moli-

2156 2369 2322 2424 tionis
2350 2369 3267 2440 auspicem,supersubstantialem
3339 2374 3601 2430 virtutem
3644 2392 3746 2430 no-

2156 2460 2240 2516 bis
2295 2454 2625 2525 statuentes,
2656 2459 2817 2530 cujus
2861 2461 3026 2516 etiam
3055 2465 3231 2532 gratia
3291 2462 3405 2517 bazc
3453 2466 3744 2531 audemus,

2156 2553 2382 2608 minime
2411 2553 2635 2621 quidem
2671 2552 2772 2622 ipsi
2803 2561 3002 2621 sponte
3031 2569 3146 2608 rem
3206 2555 3610 2624 aggredientes,
3675 2573 3744 2614 eo

2153 2647 2300 2718 quod
2332 2646 2556 2717 pollutis
2619 2646 2780 2702 labiis
2828 2647 2920 2700 Dei
2977 2647 3304 2715 mysterium
3363 2648 3744 2720 attingendum

2154 2753 2548 2806 assumamus;
2609 2740 2753 2796 haud
2791 2734 2980 2796 tamen
3035 2742 3201 2797 ullius
3251 2751 3516 2812 praeterea
3567 2743 3745 2797 ambi-

2156 2831 2324 2887 tionis
2355 2847 2521 2887 causa
2562 2842 2844 2889 certamen
2893 2835 3177 2902 ineuntes,
3214 2837 3308 2890 sed
3366 2837 3515 2906 quod
3568 2837 3746 2906 magis

2155 2925 2484 2980 necessitate
2514 2926 2581 2981 ad
2611 2926 3059 2995 respondendum
3103 2942 3390 2997 cogamur.
3424 2928 3545 2982 Nisi
3593 2930 3744 2984 enim

2154 3032 2628 3087 eorum,quorum
2657 3017 2878 3072 nomine
2921 3018 3064 3074 male
3115 3019 3403 3086 audimus,
3471 3019 3744 3075 rationem

470 3113 764 3183 προεδρίαν
787 3113 1068 3183 λαχόντος,
1111 3114 1521 3184 ἐπιϐοωμένου,
1554 3116 1646 3167 καὶ
1698 3114 2048 3167 κατυποϐάλ-

2158 3109 2587 3177 reddiderimus,
2618 3127 2744 3167 eum
2775 3111 3028 3182 quotidie
3088 3114 3359 3182 praeconis
3402 3129 3580 3180 more,
3647 3118 3746 3185 qui

465 3203 651 3266 λοντος
699 3205 850 3273 ἡμᾶς
891 3207 1010 3268 ταῖς
1061 3205 1569 3277 παλαμναιοτάταις
1620 3206 1820 3276 ἀραὶ..
1866 3206 1960 3260 καὶ
1995 3207 2050 3260 τί

469 3298 571 3370 μὲν
599 3300 660 3352 ού
690 3300 1112 3369 μηχανωμένου,
1157 3301 1211 3354 τί
1252 3299 1297 3354 δ’
1315 3300 1382 3353 ού
1437 3300 1737 3366 πείθοντος,
1793 3301 1931 3372 πρὸς
1988 3302 2052 3356 τδ

470 3392 684 3454 πάντας
720 3391 841 3444 καθ’
882 3392 1044 3461 ήμῶν
1080 3392 1390 3457 ἀνασείσαι,
1444 3392 1631 3445 καὶτὸ
1660 3392 1869 3460 πλῆθος
1916 3410 2051 3446 στα-

468 3486 655 3536 σιάσαι
714 3483 1174 3553 παρασκευάσαις
1219 3484 1372 3555 Τάχα
1428 3476 1493 3538 ἂν
1547 3486 1685 3555 πρὸς
1736 3487 1797 3539 τὸ
1829 3487 2052 3558 τίμημα

466 3577 620 3644 παρά
652 3574 789 3627 Θεοῦ
818 3573 1109 3645 λήψεσθαι.
1141 3576 1323 3630 "rma
1344 3577 1457 3645 γὰρ
1484 3580 1757 3647 εἰρηνικαὶ
1784 3576 2049 3633 διατελεῖν

465 3666 827 3736 κελευόμεθσ.⁹
859 3669 996 3720 ὅπου
1042 3666 1099 3719 δὲ
1150 3668 1282 3730 Θεὸς
1317 3667 1378 3720 τὸ
1429 3668 1904 3737 κινδυνευόμενον,
1957 3669 2052 3723 καὶ

468 3759 614 3828 μάλα
667 3759 912 3814 νεανικοὶ
982 3759 1347 3815 καθίστασθαι
1426 3762 1896 3831 προτρεπόμεθασ
1955 3763 2051 3817 καὶ

466 3850 633 3904 πολὺν
677 3852 1018 3924 ὀφλήσαιμεν
1081 3855 1234 3923 παρά
1274 3853 1386 3905 τῶν
1440 3854 1750 3908 ἀκουόντων
1808 3854 2047 3924 γέλωτα,

464 3946 674 4009 ἀκλεῶς
707 3945 852 3999 οὓτω
893 3946 1019 4008 τοὺς
1046 3945 1185 4016 ὑπὲρ
1215 3945 1377 4016 ήμῶν
1433 3946 1755 4015 προϊέμενοι
1812 3947 2045 4016 λόγους·

467 4039 648 4093 καὶτὸ
675 4041 857 4111 σιωπῇ
889 4039 1181 4109 καρτερεῖν
1205 4041 1282 4092 ὀύ
1322 4039 1384 4091 τὸ
1419 4040 1852 4107 σνγκατίθεσθαι
1885 4042 2048 4114 μόνον

468 4137 575 4195 τοῖς
604 4131 728 4186 καθ’
773 4132 934 4201 ἡμῶν
981 4132 1295 4205 λεγομένοις
1331 4133 1594 4186 ὑπόνοιαν
1625 4132 1879 4202 παρέχει,
1914 4134 2050 4188 ἀλλά

465 4227 558 4279 καὶ
578 4229 704 4288 τοὺς
739 4225 1034 4297 ἐσύστερον
1075 4225 1142 4277 ἂν
1186 4225 1425 4296 ἀδικοίη,
1491 4224 1794 4294 ἀνέλεγκτα
1850 4228 1919 4280 τὰ
1950 4228 2049 4298 τῆς

467 4319 817 4389 βλασφημίας
848 4318 937 4371 διά
1001 4318 1278 4389 ρᾳθυμίαν
1323 4318 1774 4388 παραλιμ-ιτάνον.
1836 4321 2048 4374 Ἐπειτ’

464 4411 573 4465 οὐδ’
612 4414 774 4484 ἡμεῖς
800 4414 900 4483 τὴν
948 4413 1127 4482 ἀρχὴν
1166 4411 1262 4465 ἐπὶ
1293 4413 1500 4482 ταύτην
1568 4414 1894 4483 ἐτράπημεν
1946 4413 2047 4486 τὴν

2160 3202 2366 3256 ideirco
2396 3203 2542 3273 quod
2567 3218 2733 3272 prava
2776 3204 2889 3259 haec
2926 3204 3183 3273 dogmata
3209 3205 3467 3261 defendat
3515 3205 3747 3274 ejusque

2157 3307 2336 3361 operae
2369 3296 2622 3349 mercede
2641 3296 2998 3365 praesulatum
3024 3306 3219 3352 nactus
3245 3306 3350 3363 est,
3384 3296 3775 3365 rocil‘eretur,‘

2155 3385 2445 3456 ultimique
2497 3373 2739 3458 exempli
2793 3405 2895 3444 nos
2951 3389 3089 3444 diris
3161 3390 3474 3460 subjiciat:
3513 3400 3567 3446 et
3613 3392 3746 3461 quid

2154 3492 2265 3534 non
2295 3479 2554 3534 moliatur
2580 3479 2604 3531 ?
2627 3480 2758 3548 quid
2779 3495 2887 3534 non
2908 3482 3157 3548 suadeat,
3195 3492 3253 3536 ut
3275 3482 3328 3536 in
3358 3498 3458 3536 nos
3497 3484 3743 3537 omnium

2155 3568 2394 3639 impetus
2432 3580 2673 3632 moveat,
2707 3571 2992 3639 plebisque
3026 3574 3324 3625 coitionem
3371 3571 3576 3627 fciat?
3605 3573 3748 3628 {nite

2156 3667 2217 3712 ut
2244 3658 2530 3726 praemium
2567 3674 2596 3711 a
2631 3659 2740 3711 Deo
2763 3672 3158 3729 consequatur.
3187 3661 3266 3714 Ad
3329 3648 3539 3733 reliqua
3595 3663 3745 3718 enim

2153 3750 2300 3818 quod
2341 3751 2564 3813 attinet,
2601 3749 2864 3819 jubemur
2918 3752 3034 3819 paci
3092 3752 3361 3807 studere:
3404 3753 3496 3807 ubi
3556 3766 3744 3809 autem

2156 3842 2299 3897 Deus
2335 3843 2386 3896 in
2415 3845 2718 3912 periculum
2754 3843 3003 3909 vertitUr,
3037 3844 3202 3919 etiam
3238 3845 3394 3899 valde
3422 3845 3638 3900 Strenui
3672 3862 3739 3903 ac

2152 3933 2390 3987 altimOsl
2425 3950 2548 3990 esse
2579 3934 2963 4004 praecipimur;
3003 3937 3309 4007 meritoque
3336 3938 3485 4006 large
3508 3938 3743 3994 audien-

2154 4027 2299 4081 tibus
2321 4029 2493 4083 risum
2553 4028 2909 4090 moverimus.
2938 4030 3029 4099 qui
3065 4033 3146 4084 sic
3182 4030 3433 4098 ingloriae
3466 4030 3748 4086 defensio-

2154 4121 2239 4174 nis
2269 4131 2470 4176 nostrze
2501 4119 2739 4174 rationes
2774 4124 3109 4189 prodamus;
3143 4122 3353 4192 hoi'que
3390 4123 3530 4177 adeo
3591 4126 3743 4192 quod

2153 4216 2374 4270 silentio
2396 4216 2717 4280 toleramus,
2754 4215 2955 4270 nedum
2988 4217 3363 4286 suspicionem
3395 4216 3561 4271 faciat
3602 4233 3741 4272 con-

2153 4307 2359 4381 sentire
2410 4324 2510 4361 nos
2536 4306 2767 4375 objectis
2795 4307 3146 4375 criminibus,
3200 4324 3389 4363 verum
3422 4300 3587 4364 etiam
3650 4323 3747 4379 po-

2152 4400 2312 4456 steris
2339 4399 2500 4468 longe
2530 4399 2753 4461 olliciat,
2787 4399 2917 4452 dum
2949 4413 3042 4467 per
3101 4398 3394 4468 segnitiem
3449 4414 3572 4470 quae
3599 4400 3746 4453 blaso

460 4508 611 4560 ὁδόνο
642 4506 826 4560 πολλοὶ
857 4506 915 4558 δὲ
973 4506 1078 4556 τῶν
1136 4505 1244 4573 πρὸ
1308 4504 1469 4575 ἡμῶν
1510 4505 1804 4576 μακαρίων
1839 4506 2044 4576 ταύτην

2157 4493 2389 4563 pliemia:
2425 4502 2552 4546 sunt
2577 4490 2961 4559 irreprehensa
2995 4490 3277 4544 sinuntur.
3316 4490 3591 4547 Praeterea
3642 4507 3746 4567 ne-

461 4597 782 4666 δραμόντες,
813 4596 950 4665 πρὸς
988 4592 1208 4647 ἅπαντα
1241 4594 1595 4663 νενικήκασιν
1614 4607 1630 4622 ⁸
1656 4590 1738 4656 οἷς
1767 4594 2042 4664 καὶήμεϊς

461 4689 778 4744 ἀκολουθεῖν
806 4689 1035 4760 ἄσμενοι
1089 4686 1561 4757 προθυμούμενοι,
1609 4688 1699 4740 τὸν
1756 4686 1942 4740 ἔνθεον
1983 4689 2042 4740 ὲν

460 4784 666 4838 ἅπασιν
689 4782 872 4834 αὐτῶν
906 4779 1277 4843 ἀναλέξαντες,
1313 4777 1462 4842 νοῦν,
1528 4779 1884 4846 ἀγωνιεῖσθαι
1946 4782 2042 4833 καὶ

460 4876 631 4932 ταῦτα
659 4874 1035 4946 προύθέμεθα.

529 5145 640 5202 Καὶ
671 5146 913 5216 πρῶτον,
934 5148 983 5199 εί
1012 5144 1184 5207 δοκεῖ,
1225 5143 1361 5212 πρὸς
1386 5142 1486 5207 τὰς
1517 5142 1612 5196 τοῦ
1669 5145 1907 5215 Παλαμᾶ
1934 5162 2044 5197 πα·-

463 5238 724 5308 ραῦἀοεις
744 5238 876 5292 εὐθὺ
912 5237 1005 5292 τὸν
1037 5237 1195 5306 λόγον
1250 5237 1391 5290 ἰέναι
1448 5236 1855 5307 ἐπιχειρητέον.
1927 5231 2041 5288 Εἶτ’

459 5331 759 5401 ἀπελέγξαι
787 5331 1099 5402 πειρατέον,
1127 5328 1195 5382 δι’
1222 5325 1298 5384 ὦν
1360 5329 1610 5380 ένώσεων
1661 5330 1760 5379 καὶ
1825 5328 2039 5395 διακρί-

460 5440 598 5478 σεων
632 5426 911 5479 πιστεύειν
951 5426 1353 5496 ἐτερατεύσατο
1395 5425 1551 5479 Θεόν.
1619 5424 1774 5477 Μετά
1837 5423 2038 5488 ταῦ.α,

458 5518 561 5572 ὅσα
620 5521 890 5590 προσήκει
963 5521 1092 5590 περὶ
1141 5518 1325 5587 φωτὸς
1374 5519 1612 5588 ζητῆσαι
1688 5519 2040 5587 παραστῆσαι

458 5608 759 5662 σκεπτέονο
824 5611 921 5664 καὶ
963 5610 1274 5669 τελευταῖον
1336 5615 1437 5675 τὰς
1480 5598 1921 5683 σχιεδιαιιθείιῐαςΔ
1950 5610 2040 5663 ἐπ’

531 5797 578 5830 ⁸⁸
608 5796 755 5855 Psal.
790 5814 865 5864 ix,
900 5801 985 5855 l9.

2154 4602 2261 4658 que
2320 4602 2422 4640 nos
2461 4586 2623 4655 primi
2689 4584 2832 4638 hanc
2886 4584 3025 4637 viam
3052 4583 3334 4637 iniimus:
3385 4584 3521 4652 quin
3585 4583 3745 4638 multi

2152 4680 2530 4750 superiOi-um,
2559 4679 2701 4733 beati
2732 4678 2856 4743 viri,
2889 4677 3032 4732 istud
3063 4678 3418 4731 decurrentes
3477 4677 3741 4743 stadium,

2152 4779 2205 4829 in
2235 4774 2496 4829 omnibus
2523 4774 2755 4827 victores
2786 4774 3149 4839 exstiterunt;
3184 4786 3421 4840 quorum
3455 4787 3555 4827 nos
3606 4787 3743 4841 quo-

2151 4883 2257 4936 que
2283 4865 2854 4921 libenteriusistentes
2887 4865 3157 4933 vestigiis,
3188 4879 3378 4918 eorum
3401 4864 3455 4919 in
3482 4866 3743 4922 omnibus

2149 4960 2394 5014 divinum
2425 4959 2732 5028 relegentes
2759 4972 3009 5021 sensum,
3047 4957 3163 5011 haec
3197 4972 3418 5027 quoque
3456 4956 3743 5014 decertare

2147 5051 2558 5108 constituimus.

2219 5145 2298 5199 Ac
2361 5145 2626 5213 primum.
2671 5142 2716 5198 si
2774 5141 2929 5207 libet,
2965 5141 3068 5198 hoc
3125 5142 3463 5209 conandum,
3522 5153 3582 5199 tit
3627 5154 3744 5199 sta-

2152 5237 2249 5290 tim
2305 5236 2573 5290 adversus
2617 5233 2855 5288 Palama:
2905 5235 3378 5304 transgressiones
3429 5249 3743 5290 sermonem

2147 5338 2447 5384 vertamus.
2477 5327 2680 5383 Deinde
2723 5327 3121 5382 cout‘utanduui
3187 5329 3389 5398 quibus
3441 5327 3744 5383 ouionibus
3774 5382 3799 5405 ,

2145 5438 2209 5478 ac
2270 5420 2725 5477 distinctionibus
2782 5421 3120 5476 credendum
3179 5422 3349 5476 Deum
3420 5431 3739 5489 portentose

2147 5515 2384 5570 induxit.
2431 5511 2627 5568 Postea
2674 5512 2855 5567 danda
2909 5528 3099 5582 opera,
3157 5521 3216 5567 ut
3265 5525 3606 5582 quamcunque
3669 5509 3737 5564 de

2145 5609 2351 5664 lumine
2409 5620 2656 5677 quaerere
2709 5606 3026 5670 conveniat,
3080 5607 3196 5661 lnec
3258 5611 3739 5675 roma-sententiis.
