4088 6412
458 256 564 331 675

1618 276 1955 339 JOANNIS
1991 278 2572 343 CYPARISSIOT/E

3622 289 3733 352 676

454 379 759 441 Postremo,
791 397 913 452 quae
942 384 1176 455 singulis
1204 385 1364 440 annis
1392 385 1444 440 in
1477 386 1719 442 Ecclesia
1747 388 2018 443 adversun

2137 399 2440 473 ἐκκλησίας
2466 401 2705 459 ἑκάστου
2758 399 2913 466 ἔτους
2973 404 3347 473 ἔκφωνείσθαι
3402 402 3531 460 καθ’
3572 406 3736 481 ἡμῶν

451 486 557 527 nos
596 473 945 530 tumultuarie
972 476 1136 533 edita:
1166 479 1583 549 promulgantur
1618 479 1768 548 dine,
1811 481 2041 536 demon-

452 564 739 620 strandum
800 566 1104 625 calumnias
1176 584 1333 635 esse;
1386 586 1452 626 ac
1527 572 1711 641 potius
1774 573 2037 629 adversus

447 655 731 714 Christum
799 659 1052 717 inventas
1117 662 1520 733 blasphemias;
1599 673 1941 734 cunctosque
2003 678 2035 719 a

447 739 689 807 Christo,
726 758 889 813 quam
931 762 1033 801 nos
1059 750 1296 805 maxime
1328 750 1568 808 allicere.
1622 754 1738 811 Erit
1760 773 1891 813 vero
1934 775 2035 815 no-

447 828 532 885 bis
585 830 889 902 disputatio
938 837 1207 895 claritatis
1260 855 1450 906 causa,
1505 844 1772 902 adversus
1819 849 2036 918 singula

442 936 565 990 qua:
597 923 860 985 incident,
892 941 1016 981 cum
1044 930 1369 998 probatione
1398 950 1464 989 ex
1496 933 1801 1006 Scripturis
1824 940 2036 998 instru-

441 1021 550 1069 cta.
577 1012 646 1069 Ut
670 1016 836 1086 igitur
873 1033 1069 1075 rursus
1101 1024 1268 1078 etiam
1296 1025 1388 1081 illa
1415 1026 1595 1082 dicam
1632 1047 1645 1083 :
1681 1028 1788 1085 «Nc
1813 1033 2034 1089 auferas

437 1105 506 1159 de
535 1120 634 1161 ore
660 1121 783 1162 meo
814 1109 1042 1165 verbum
1073 1114 1323 1171 veritatis
1343 1117 1411 1180 ",
1440 1135 1459 1168 ι
1484 1122 2034 1188 supersubstautialis

437 1206 495 1251 ct
526 1213 697 1268 supra
718 1214 885 1270 quam
927 1200 1074 1259 Deus
1105 1205 1251 1262 trine
1302 1208 1618 1266 subsistens
1673 1210 1918 1273 Beatitas
1967 1230 2033 1272 ac

436 1288 648 1347 Virtus.

1068 1411 1302 1470 CAPUT
1332 1413 1399 1470 ll.

434 1540 555 1594 Non
580 1555 748 1625 ‘posse
783 1541 1084 1597 Palamilas
1117 1546 1401 1625 quicquam
1427 1566 1617 1620 negare
1649 1551 1891 1611 Palama:
1946 1557 2030 1610 lu-

508 1609 898 1693 cubrationum,
931 1630 1021 1667 seu
1047 1609 1363 1687 cujusquam
1393 1609 1574 1675 eorum
1605 1625 1697 1694 qui
1728 1609 2031 1683 cumsecu-

507 1689 547 1734 ιι
568 1692 712 1734 sunt.

502 1787 678 1848 Porro
710 1791 827 1849 fieri
859 1810 969 1852 non
1003 1804 1210 1866 potest,
1251 1808 1311 1853 ut
1351 1800 1440 1870 qui
1490 1819 1639 1860 nunc
1689 1808 2023 1863 tumultuan-
2062 1778 2105 1834 Β

435 1896 541 1951 tur,
578 1898 795 1957 negent,
820 1905 929 1945 non
965 1891 1214 1948 conﬁteri
1239 1911 1299 1950 se
1328 1896 1538 1967 aliquid
1566 1914 1785 1967 eorum,
1808 1917 1933 1974 quas
1993 1919 2024 1958 a

433 1976 653 2033 Patama
687 1981 888 2051 scripta
921 1992 1069 2051 sunt,
1098 1986 1193 2055 qui
1254 1989 1335 2044 sic
1375 1990 1523 2045 clare
1564 1992 1633 2047 de
1681 1994 1765 2050 his
1818 1995 1873 2049 in
1925 2011 2025 2051 sua

431 2068 668 2139 professi
696 2072 808 2127 sint
844 2073 968 2142 ﬁde,
997 2092 1162 2146 quam
1196 2078 1277 2134 sic
1309 2078 1620 2137 inconsulte
1640 2095 1981 2140 vocaverunt
2007 2126 2024 2152 ,

434 2178 534 2218 nec
567 2172 675 2217 tam
709 2165 977 2234 profanis,
1010 2184 1177 2239 quam
1225 2174 1534 2229 temerariis
1575 2177 1829 2232 manibus
1879 2178 2023 2232 divi-

433 2270 505 2307 no
529 2253 686 2310 altari
718 2258 1137 2328 imposuerunt;
1166 2260 1219 2314 in
1247 2276 1357 2332 quo
1378 2264 1494 2319 haec
1513 2264 1623 2321 duo
1670 2266 2019 2324 solummodo

429 2345 764 2416 imponenda
787 2351 1152 2407 constitutum
1194 2363 1303 2421 est,
1336 2362 1452 2409 tum
1518 2358 1865 2415 divinissima
1915 2365 2028 2417 sci-

427 2435 554 2490 licet
588 2436 904 2508 Evangelia,
957 2449 1072 2496 tum
1111 2445 1391 2499 tremenda
1434 2446 1693 2503 nimirum
1734 2464 1864 2505 caro
1904 2464 2026 2519 qua:

427 2529 595 2585 simul
652 2530 799 2587 Deus
862 2532 955 2597 sit,
1002 2533 1393 2592 intemeratum
1441 2539 1655 2596 scilicet
1716 2541 2022 2598 Salvatoris

427 2636 630 2692 corpus
668 2638 732 2679 ac
764 2626 1012 2696 sanguis,
1045 2627 1132 2681 sin
1163 2639 1348 2684 autem
1380 2632 1693 2703 contingat,
1715 2644 1769 2689 et
1792 2637 2019 2691 tertium

425 2727 687 2783 magnum
719 2723 921 2771 nostrae
961 2721 1459 2777 consummationis
1493 2733 1851 2792 unguentum.
1893 2724 2023 2781 Om-

426 2804 563 2858 nino
594 2805 767 2872 enim,
800 2807 957 2863 solus
982 2808 1102 2879 ipse
1153 2810 1409 2867 Christus
1465 2814 1771 2885 imponitur
1806 2831 1822 2870 :
1878 2816 2021 2873 hmo-

425 2912 533 2967 quc
557 2897 776 2969 singula
829 2898 1010 2969 ipsum
1034 2900 1317 2968 exhibent,
1377 2918 1442 2958 ac
1470 2905 1672 2973 solum,
1726 2904 2018 2978 Evangelia

425 2990 672 3060 quidem,
707 2998 765 3046 ut
793 2990 1165 3063 legislatorem
1189 3002 1355 3065 atque
1385 2997 1735 3067 magistrum,
1780 3000 2016 3055 alterum

425 3097 599 3147 vero,
624 3083 859 3138 eundem
901 3092 963 3139 ut
998 3098 1099 3154 pro
1138 3087 1296 3141 nobis
1336 3100 1588 3156 passum,
1669 3098 2015 3158 postremum

424 3177 684 3246 denique,
709 3177 854 3246 quod
887 3177 1031 3233 idem
1056 3178 1305 3249 pontifex
1340 3180 1548 3249 pariter
1574 3196 1788 3252 rexque
1866 3184 2019 3240 desi-

424 3278 624 3340 gnatus
647 3279 731 3325 est
764 3287 778 3324 :
810 3288 829 3322 ι
867 3267 1217 3341 Unguentum
1242 3272 1387 3327 enim
1437 3271 1675 3328 effusum
1744 3275 1813 3339 “,
1859 3294 1879 3328 ι
1952 3293 2019 3334 ac

423 3358 587 3429 cujus
617 3359 671 3413 in
701 3375 922 3415 omnem
956 3362 1167 3419 diditus
1190 3363 1351 3429 odor,
1385 3379 1586 3420 nomen
1618 3361 1717 3419 illi.
1775 3364 1877 3422 Ubi
1914 3368 2020 3440 igi-

420 3460 513 3504 tur
537 3461 871 3523 praeceptum
929 3461 1036 3521 est,
1067 3455 1209 3513 nihil
1255 3455 1405 3511 aliud
1460 3464 1663 3528 praeter
1708 3459 2018 3528 Christum,

420 3544 504 3598 vel
533 3544 750 3615 quidvis
784 3545 932 3601 aliud
990 3556 1245 3605 sanctum
1304 3549 1613 3619 imponere,
1674 3550 1903 3621 profana
1957 3553 2015 3610 bi

420 3637 733 3705 molitione,
759 3651 823 3692 ac
856 3639 1215 3695 ostendentes
1232 3641 1371 3696 nihil
1393 3642 1497 3698 sibi
1533 3658 1773 3709 sacrum,
1809 3654 1869 3700 ut
1912 3662 2019 3703 nec

417 3729 687 3796 divinum,
713 3730 991 3800 impurum
1024 3730 1177 3787 illum
1213 3744 1425 3788 tomum
1473 3738 1808 3806 portandum
1878 3738 2023 3794 infe-

418 3830 569 3889 runt,
602 3821 1044 3878 Christianorum
1080 3838 1205 3878 eum
1259 3823 1420 3881 ﬁdem
1466 3839 1612 3893 esse,
1669 3829 1877 3899 quibus
1930 3830 2014 3887 sic

421 3914 788 3983 appellarunt,
840 3914 1173 3971 scurrilliter
1216 3916 1490 3987 iactantes
1532 3933 1599 3974 ac
1652 3922 2005 3978 mentientes.

419 4006 475 4060 lu
499 4006 601 4060 hoc
629 4006 794 4077 igitur
820 4008 894 4062 ita
925 4008 992 4062 de
1018 4006 1252 4064 Palamte
1321 4011 1655 4081 conscriptis
1719 4013 1876 4069 libris
1942 4029 2008 4070 ac

415 4095 723 4164 opusculis,
752 4096 935 4167 deque
961 4097 1045 4153 bis
1073 4113 1194 4168 quae
1244 4113 1309 4154 ex
1362 4100 1472 4156 illis
1520 4116 1550 4155 a
1610 4103 1714 4173 piis
1757 4114 2009 4174 exempta

418 4195 573 4253 sunt;
613 4186 681 4241 ad
712 4189 1121 4258 coarguendam
1154 4204 1344 4244 eorum
1377 4192 1708 4259 vanitatem,
1744 4195 2010 4265 improbi-

419 4288 584 4332 tatem
626 4277 978 4348 improbitate
1037 4278 1402 4348 vindicantes,
1469 4299 1534 4338 ac
1595 4285 1764 4354 (quod
1833 4287 2013 4361 aiunt)

417 4368 621 4424 malum
652 4371 797 4425 malo
822 4381 1100 4440 curantes,
1152 4375 1465 4430 istiusmodi
1526 4375 1771 4432 referunt
1825 4397 1841 4433 :
1893 4379 2007 4435 Nec

2145 494 2287 562 ἀρὰς
2324 499 2697 563 συκοφαντίας
2725 496 3101 566 ἀποδεικτέον,
3164 501 3437 556 καὶκατὰ
3489 500 3734 572 Χριστοῦ

2149 587 2360 657 μᾶλλον
2382 588 2774 659 ἁνευρεθείσας
2807 589 3185 662 βλασφημίας,
3219 593 3315 649 καὶ
3369 593 3594 650 πάντων
3623 595 3733 649 τῶν

2142 681 2253 734 ἀπὸ
2283 681 2526 752 Χριστοῦ
2557 682 2706 755 ἥπερ
2756 683 2916 753 ἡμῶν
2970 684 3236 754 μάλιστα.
3281 687 3480 741 Ἔσται
3505 685 3551 741 δ’
3600 688 3732 758 ἡμῖν

2143 772 2171 824 ὁ
2201 772 2360 841 λόγος
2390 775 2695 845 σαφηνείας
2726 775 2896 832 ’ἑνεκα
2936 776 3062 832 καθ’
3105 777 3343 833 ἕκαστον
3377 778 3517 850 πρὸς
3538 779 3606 833 τὰ
3630 797 3721 834 πα-

2086 892 2097 899 ·
2145 866 2534 936 ρεμπίπτοντα
2573 868 2717 939 μετὰ
2743 868 2848 940 τῆς
2881 869 2992 925 ἀπὸ
3029 869 3142 926 τῶν
3195 871 3397 939 λογίων
3446 875 3728 945 παραπά-

2141 975 2286 1023 σεως
2321 960 2733 1031 ὲκτεθειμένος.
2769 962 2868 1018 'lv’
2892 957 2989 1018 οὖν
3019 964 3117 1019 καὶ
3176 958 3335 1029 αὖθις
3385 965 3571 1018 ἐκεῖνα
3621 965 3730 1035 φῶ,

2146 1071 2166 1105 ι
2192 1053 2286 1123 Μὴ
2313 1054 2588 1125 περιέλοις
2619 1058 2685 1110 ἐκ
2704 1056 2800 1110 τοῦ
2824 1057 3091 1129 στόματός
3108 1075 3213 1128 μου
3236 1058 3396 1127 λόγον
3411 1058 3724 1129 ἁληθείας,›

2140 1145 2437 1218 hepaticis
2503 1151 2600 1205 καὶ
2659 1148 2898 1221 ὁπόρθει
2927 1151 3334 1222 τρισυπόστατε
3382 1152 3729 1223 μακαριότηί

2139 1246 2237 1299 καὶ
2265 1243 2520 1315 δύναμις.

2691 1451 2947 1509 ΚΕΦΑΔ.
2991 1453 3068 1510 B'.

2139 1590 2271 1646 Ὀτι
2319 1593 2395 1647 οὐ
2455 1589 2754 1646 δύνανται
2826 1591 3169 1660 Παλαμῖται
3231 1587 3628 1660 ἀρνήσασθαί
3667 1604 3723 1641 τι

2205 1663 2327 1743 τῷν
2368 1661 2478 1743 τοῦ
2504 1662 2759 1743 Πᾳλᾳμᾶ
2805 1658 3299 1734 συγπᾶαμμὰτων
3348 1658 3387 1728 ἢ
3423 1660 3525 1713 καί
3557 1675 3722 1725 τινος

2206 1733 2329 1787 τῶν
2346 1738 2476 1803 μετ’
2516 1733 2725 1788 αὐτόν.

2216 1848 2511 1902 ’Δδύνατον
2539 1847 2595 1902 δὲ
2622 1848 2749 1911 τοὺς
2805 1846 2904 1902 νῦν
2953 1846 3325 1926 θορυϐοῦντας
3371 1844 3721 1918 ἀρνήσασθαι

2132 1957 2187 1993 τι
2215 1940 2290 2010 μὴ
2317 1940 2604 2008 ὁμολογεῖν
2634 1933 2709 1992 ὧν
2740 1940 2769 1992 ὁ
2824 1938 3093 2007 Παλαμᾶς
3126 1936 3551 2007 συνεγεγράφει,
3581 1951 3723 2004 τρα-

2131 2030 2239 2094 νῶς
2264 2030 2467 2085 οὑτωσὶ
2498 2034 2631 2102 περὶ
2674 2031 2882 2085 τούτων
2909 2032 2968 2083 ὲν
3002 2034 3069 2104 τῇ
3102 2030 3318 2085 ἑαυτῶν
3347 2028 3726 2101 ὁμολογῆσαν-

2130 2143 2232 2189 τας
2288 2125 2497 2191 Πίστει,
2551 2126 2618 2195 ἣν
2667 2124 2842 2188 οὕτως
2892 2125 3321 2195 ἀπερισκέπτως
3375 2123 3718 2195 ὠνομάκασι,

2131 2217 2226 2270 καὶ
2266 2217 2328 2270 οὐ
2361 2219 2519 2271 τόσον
2575 2217 2833 2285 ἐναγέσιν
2885 2216 3011 2269 ὅσον
3073 2216 3381 2288 τολμηραῖς
3439 2214 3595 2287 χερσὶ
3642 2214 3722 2285 τῷ

2130 2309 2259 2381 θείῳ
2291 2312 2550 2381 φέροντες
2582 2309 2864 2380 ἐπέθηκαν
2894 2308 3268 2380 θυσιαστηρίῳ
3291 2325 3306 2340 ο
3341 2308 3470 2361 ἔνθα
3522 2306 3616 2362 δύο
3650 2323 3718 2376 γε

2131 2403 2271 2472 μόνα
2319 2402 2493 2456 ταῦτα
2536 2403 2898 2457 τεθέσπισται
2944 2401 3218 2470 τίθεσθαι,
3259 2398 3347 2459 ’τά
3374 2420 3433 2456 τε
3464 2402 3720 2455 θειότατα

2126 2491 2239 2546 τῶν
2280 2493 2655 2562 Εὐαγγελίων,
2706 2493 2803 2547 καὶ
2857 2492 2925 2547 τὰ
2997 2493 3205 2564 φρικτά
3274 2510 3339 2561 γε
3395 2492 3568 2564 δήπου
3618 2492 3721 2564 τῆς

2128 2585 2367 2656 ὁμοοέου
2426 2585 2656 2651 σαρκὸς,
2697 2585 2757 2639 τὸ
2792 2584 2888 2638 τοῦ
2943 2587 3199 2657 Σωτῆρος
3250 2586 3524 2656 ἄχραντον
3573 2589 3720 2656 φημὶ

2129 2679 2290 2748 σῶμα
2317 2680 2414 2733 καὶ
2438 2675 2579 2749 αἷμα
2598 2693 2613 2709 ο
2646 2680 2699 2733 εί
2722 2696 2825 2733 που
2846 2678 2901 2731 δὲ
2922 2678 3078 2748 τύχοι
3103 2681 3198 2733 καὶ
3221 2681 3431 2750 τρίτον,
3464 2682 3527 2733 τὸ
3564 2682 3714 2751 μέγα

2122 2775 2223 2845 τῆς
2256 2773 2416 2845 ήμῶν
2451 2773 2792 2837 τελειώσεως
2850 2773 3047 2845 μύρον.
3088 2772 3305 2837 Ἀπλῶς
3358 2774 3469 2845 γὰρ
3537 2775 3718 2827 εἰπεῖν

2123 2867 2288 2930 αὐτὸς
2350 2866 2517 2929 μόνος
2579 2868 2608 2919 ὁ
2651 2867 2889 2937 Χριστὸς
2949 2867 3293 2923 ἐπιτίθεται·
3359 2870 3453 2921 καὶ
3502 2866 3718 2921 τούτων

2123 2961 2361 3015 ἕκαστον
2430 2960 2598 3015 αὐτὸν
2662 2962 2759 3015 καὶ
2817 2960 2983 3031 μόνον
3039 2963 3380 3034 παρίστησι·
3415 2964 3574 3018 τοῦτο
3613 2967 3715 3030 μὲν

2122 3054 2199 3117 ὡς
2221 3053 2520 3125 νομοθέτην
2550 3054 2647 3108 καὶ
2685 3054 3032 3120 διδάσκαλον,
3063 3056 3125 3109 τὸ
3178 3056 3235 3111 δὲ
3289 3058 3383 3112 τὸν
3417 3057 3580 3113 αὑτὸν
3636 3056 3715 3123 ὥς

2127 3147 2270 3218 ὑπὲρ
2305 3146 2467 3216 ἡμῶν
2497 3147 2782 3204 παθόνταο
2815 3151 2997 3202 ἐκεῖνο
3030 3147 3077 3204 δ’
3111 3146 3205 3215 αὖ,
3261 3151 3343 3205 ὅτι
3386 3151 3482 3205 καὶ
3525 3152 3716 3224 ἀρχιε-

2130 3242 2259 3313 ρεὺς
2305 3241 2335 3293 ὁ
2361 3242 2524 3302 αὐτὸς
2554 3242 2647 3296 καὶ
2683 3242 2938 3313 βασιλεὺς
2971 3242 3373 3298 ἀναδέδεικται.
3397 3242 3584 3315 Μόρον
3603 3244 3713 3314 γὰρ

2128 3333 2437 3389 ὲκκενωθὲν
2461 3337 2559 3391 καὶ
2591 3335 2835 3390 ὁιαδοθὲν
2863 3338 2955 3412 ἐπὶ
2995 3338 3179 3390 πᾶσαν
3209 3339 3313 3407 γῆν
3343 3337 3493 3408 αὑτῷ
3517 3337 3709 3405 ὄνομα.

2127 3433 2307 3488 ’Ὀπου
2372 3430 2558 3484 τοίνυν
2625 3430 2792 3501 μηδὲν
2857 3429 3048 3499 ἓτερον
3101 3429 3255 3500 παρὰ
3315 3429 3410 3483 τὸν
3472 3427 3712 3499 Χριστὸν

2122 3526 2482 3590 ἐπετέτακτο,
2515 3521 2642 3595 μηδ’
2681 3522 2813 3577 ἄλλο
2844 3521 3026 3576 ὁτιοῦν
3057 3520 3214 3590 ἅγιον
3252 3520 3578 3587 ἐπιτιθέναι,
3613 3519 3711 3592 βε-

2125 3619 2420 3689 ϐηλοῦντες
2463 3614 2638 3685 οὗτοι,
2695 3618 2790 3673 καὶ
2849 3616 3161 3681 δεικνύντες
3225 3616 3300 3677 ὡς
3331 3615 3481 3670 οὐδὲν
3541 3616 3708 3686 ίερδν,

2124 3714 2316 3786 ὥσπερ
2338 3713 2465 3768 οὐδὲ
2495 3713 2664 3779 θεῖον,
2687 3711 2781 3765 τὸν
2827 3711 3026 3783 μιαρὸν
3058 3712 3268 3767 ἐκεῖνον
3298 3707 3711 3779 ὲπιφορτίζουσι

2122 3814 2305 3884 Τόμον
2335 3811 2432 3884 τὴν
2456 3810 2562 3866 τῶν
2582 3807 2933 3880 Χριστιανῶν
2988 3807 3185 3860 Πίστιν
3238 3805 3405 3859 αὐτὴν
3436 3800 3603 3868 εἶναι,
3637 3801 3713 3856 δι’

2121 3903 2197 3962 ὧν
2238 3906 2555 3974 ὠνόμασαν,
2589 3901 3133 3975 βεϐωμολοχηκότες,
3197 3901 3294 3955 καὶ⁵
3352 3896 3708 3967 καταψευσά-

2125 4021 2306 4076 μενοι,
2345 4002 2439 4056 Ἐν
2466 3998 2642 4069 τούτῳ
2680 3996 2868 4051 λοιπὸν
2896 3994 3042 4049 οὕτω
3096 3996 3227 4062 περὶ
3278 3991 3390 4047 τῶν
3435 3990 3529 4045 τοῦ
3589 3990 3706 4043 Πα-

2119 4096 2274 4165 λαμᾶ
2305 4091 2778 4164 συγγραμμάτων,
2834 4088 3065 4143 καὶτῶν
3114 4086 3174 4152 ἐξ
3224 4084 3407 4168 αὐτῶν
3457 4085 3571 4147 τοῖς
3612 4083 3706 4136 εὖ.

2121 4188 2343 4244 σεσέσιν
2357 4184 2756 4258 ἀφῃρημένων,
2790 4182 2870 4246 είς
2891 4179 3116 4259 ἔλεγχον
3138 4180 3237 4250 τῆς
3264 4177 3446 4248 αὑτῷν
3473 4175 3701 4248 ματαιό-

2118 4299 2305 4355 τητος,
2331 4280 2537 4351 ἀνομίᾳ
2570 4279 2669 4348 τὴν
2700 4276 2936 4348 ἀνομίαν
2963 4272 3386 4334 ὲπεκδικοῦντες
3406 4272 3508 4335 ⁴καὶ
3547 4270 3702 4341 κακῷ

2118 4373 2181 4428 τὸ
2259 4369 2452 4434 κακὸν,
2501 4369 2528 4423 ὃ
2587 4384 2781 4438 φασιν,
2848 4365 3094 4436 ἰώμενοι,
3156 4363 3384 4418 τοιαῦτα
3439 4362 3697 4430 ﬁnitam:

413 4478 476 4515 ea
500 4476 621 4532 quae
651 4462 707 4516 in
730 4465 1089 4520 sacratissimi
1137 4468 1497 4537 metropolitae
1547 4467 2013 4527 Thessalonicen-

2122 4485 2142 4518 ι
2176 4464 2332 4536 Μηδὲ
2361 4463 2507 4534 ᾇπερ
2540 4461 2649 4516 τῶν
2681 4462 2739 4514 ὲν
2773 4463 2891 4522 τοῖς
2933 4459 3030 4513 τοῦ
3084 4459 3387 4530 ίερωτάτου
3421 4474 3701 4530 μητροπο-

416 4556 494 4609 sis
525 4553 784 4611 Ecclesiae
812 4556 996 4612 hostes
1052 4556 1107 4612 in
1146 4560 1356 4613 crimen
1409 4560 1704 4627 vocabant,
1769 4578 1840 4619 ne
1892 4562 2010 4619 haec

414 4647 637 4717 quidem
690 4651 1005 4718 praeteriere
1057 4650 1390 4717 indiscussa,
1445 4669 1761 4723 quanquam
1811 4670 1882 4711 ex
1940 4656 2008 4711 iis

413 4757 537 4810 qua:
565 4750 695 4796 tunc
724 4756 944 4812 qu0que
964 4744 1277 4797 examinata
1304 4753 1435 4798 sunt
1466 4745 1521 4799 iu
1551 4747 1737 4802 divina
1765 4750 1999 4819 synodo,

417 4832 534 4888 inec
563 4845 827 4903 excerpta
861 4834 995 4889 sint.
1016 4834 1374 4889 invenientes
1402 4836 1568 4906 igitur
1601 4840 1716 4893 haec
1741 4841 2009 4909 potentis-

413 4923 537 4976 simi
563 4924 846 4994 sanctique
875 4926 1225 4994 imperatoris
1275 4928 1450 4983 nostri
1514 4930 1777 5000 regisque
1837 4947 2005 4988 manu

410 5017 749 5086 conscripta,
784 5026 839 5072 ct
870 5033 994 5072 cum
1029 5017 1120 5073 ille
1169 5021 1330 5077 nobis
1389 5021 1852 5092 ea‘porrexisset,
1900 5040 2004 5080 nos

406 5110 620 5180 singula
652 5124 884 5179 qumque
914 5110 968 5163 in
993 5112 1351 5166 sacratissimi
1386 5115 1753 5184 metropolitae
1819 5116 1994 5172 Thes-

408 5201 767 5255 salonicensis
792 5200 933 5256 libro
995 5201 1226 5272 legimus
1253 5214 1305 5257 et
1361 5207 1823 5273 examinavimus,
1872 5224 1996 5264 cum

404 5297 861 5347 convcnissemus
900 5293 966 5347 ad
1014 5294 1306 5349 maximam
1366 5297 1687 5367 Ecclesium,
1744 5302 1998 5372 diemque

406 5387 778 5456 disputatione
805 5386 1210 5456 transegimus;
1255 5404 1431 5458 neque
1462 5394 1721 5460 idsemel,
1784 5396 1878 5449 sed
1934 5406 1988 5452 et

409 5477 493 5531 bis
535 5486 589 5529 ct
620 5487 723 5540 ter,
782 5480 1127 5545 sa'piusque;
1159 5493 1223 5531 ac
1273 5481 1491 5548 quidem
1552 5485 1985 5541 sacratissimum

408 5570 812 5639 metropolitani
876 5568 1447 5639 ThcssMnnicensem,
1513 5575 1565 5631 in
1634 5578 1717 5632 his
1765 5593 1985 5648 quoque

478 5752 692 5806 "l’sal.
725 5767 910 5817 Camn,
956 5753 1047 5808 4'5.
1125 5755 1169 5786 ’³
1198 5755 1351 5813 Cant.
1389 5775 1427 5823 ι,
1464 5758 1519 5812 2.

2108 4561 2257 4614 λίτου
2339 4555 2748 4625 Θεσσαλονίκης
2828 4552 3267 4626 συγγράμμασιν
3351 4554 3411 4605 ἐν
3495 4550 3699 4616 attint;

2109 4650 2398 4706 ἐποιοῦντο
2426 4650 2477 4703 oi
2524 4650 2623 4718 τῆς
2655 4647 2991 4718 Ἐκκλησίας
3041 4646 3314 4718 πολέμιοι,
3356 4644 3490 4717 μηδὲ
3523 4644 3699 4698 ταῦτα

2110 4743 2497 4815 παραδραμεῖν
2533 4741 2913 4808 ἀδασάνιστα·
2949 4741 2999 4792 εἰ
3048 4740 3143 4793 καὶ⁵
3193 4739 3302 4793 ἀπὸ
3350 4738 3459 4793 τῶν
3515 4739 3700 4804 ἐξετα-

2109 4838 2347 4892 σθέντων
2383 4838 2442 4888 ἐν
2477 4837 2542 4904 τῇ
2568 4833 2692 4905 θείᾳ
2750 4833 2955 4903 σῷνόδῳ
2984 4831 3082 4886 καὶ
3111 4832 3237 4885 τότε
3269 4833 3366 4887 καὶ
3395 4831 3569 4886 ταῦτα
3593 4850 3695 4885 πει

2108 4926 2816 5002 ριελήφθησαν.Εὑρόντος
2843 4919 2940 4978 οὖν
2998 4925 3177 4979 ταῦτα
3233 4925 3329 4979 τοῦ
3386 4927 3689 4993 κρατίστου

2106 5024 2203 5076 καὶ
2230 5019 2390 5088 ἁγίου
2423 5019 2581 5089 ἡμῶν
2651 5017 2916 5072 αὐθέντου
2963 5019 3060 5071 καὶ
3132 5016 3403 5088 βασιλέως
3455 5034 3693 5085 καταγε-

2109 5114 2409 5187 γραμμένα
2444 5113 2595 5184 παρὰ
2619 5112 2721 5182 τῆς
2746 5112 2974 5166 ἐκείνων
3004 5112 3212 5182 χειρὸς,
3259 5112 3355 5165 καὶ
3380 5111 3517 5181 πρὸς
3545 5112 3693 5180 ἡμᾶς

2107 5210 2281 5262 ταῦτα
2313 5207 2519 5274 δόντος,
2554 5209 2717 5279 ἡμεῖς
2748 5207 2981 5260 ἕκαστον
3008 5207 3217 5259 τούτων
3253 5208 3311 5257 ὲν
3361 5205 3438 5274 τῷ
3484 5204 3580 5258 τοῦ
3620 5206 3693 5257 ἱε-

2109 5308 2353 5375 ριυτὰτου
2412 5301 2814 5371 μητροπολίτου
2858 5299 3263 5369 Θεσσαλονίκης
3321 5300 3515 5371 βιϐλίῳ
3562 5300 3691 5354 ἀνέ-

2105 5397 2326 5465 γνωμέν
2369 5413 2428 5448 τε
2458 5395 2951 5463 καιὲξητάσαμεν,
3003 5394 3358 5457 συνελθόντες
3411 5396 3553 5449 κατὰ
3588 5395 3689 5463 τὴν

2104 5489 2373 5561 μεγίστην
2422 5488 2746 5557 ἐκκλησίαν,
2791 5488 2888 5540 καὶ
2945 5487 3519 5559 συνδιημερεύων-τες
3584 5487 3688 5555 οὐχ

2101 5580 2274 5644 ἅπαξ,
2312 5580 2450 5634 ἀλλὰ
2473 5583 2567 5641 καὶ
2603 5580 2680 5643 δὶς
2710 5581 2808 5632 ναὶ
2861 5578 2980 5650 τρὶς
3016 5583 3110 5635 καὶ
3142 5580 3405 5643 πολλάκις
3427 5596 3441 5612 ·
3472 5579 3566 5635 καὶ
3593 5579 3687 5630 τὸν
