4088 6468
462 348 568 414 (ἶΠ

1220 352 1859 416 PALAMITICARUM
1908 350 2663 415 TBANSGBESSIONUM
2725 352 2982 418 LIBER.

3623 354 3733 421 678

464 476 563 548 μὲν
595 474 1003 545 Θεσσαλονίκης
1029 475 1326 544 ἱερώτατον
1360 474 1789 555 μητροπολίτῃν,
1844 476 1937 528 καὶ
1980 477 2038 528 ὲν

2152 475 2319 529 sacris
2352 474 2620 545 theologis
2646 479 3079 532 consentientem
3106 476 3438 539 invi-nimus.
3484 493 3547 535 ac
3573 478 3735 536 Chri-

461 569 673 630 τούτοις
707 567 1002 637 σύμφωνον
1026 569 1140 631 τοῖς
1162 568 1332 638 ίεροῖς
1367 567 1642 636 θεολόγοις
1670 567 1928 638 εὕρομεν,
1947 570 2044 624 καὶ

464 661 765 731 συνήγορον
786 656 1028 728 Χριστοῦ
1075 657 1263 729 χάριτι
1301 658 1401 729 τῆς
1435 659 1558 711 κατ’
1599 653 1883 713 εύσέϐειαν
1911 660 2046 731 ἀληο

463 751 631 813 θείας.
672 769 691 803 ι

547 841 932 911 Ἀναφαίνεται
959 840 1142 895 τοίνυν
1171 844 1240 895 τά
1274 841 1621 911 καιριώτατα
1648 843 1751 913 τῆς
1785 842 2045 907 ἀσεϐείας

469 938 533 989 ἐκ
559 936 669 988 τῶν
697 934 791 987 τοῦ
833 935 1075 1005 Παλαμᾶ
1112 936 1504 1007 συνειλοχότων
1552 938 1838 1007 μακαρίων
1896 934 2046 989 ἐκεί-

466 1049 572 1084 νων
604 1028 840 1098 ἀνδρῶν,
877 1029 1022 1098 ειπερ
1052 1030 1143 1083 καὶ
1171 1033 1331 1100 ἡμεῖς
1364 1030 1649 1100 προϊόντες
1670 1030 2040 1098 ἐκθησόμεθαο

467 1122 564 1174 καὶ
604 1124 668 1190 τῇ
727 1120 996 1192 λῃστρικῇ
1047 1121 1224 1175 ταῦτα
1271 1122 2042 1191 παραθεμένων,συναγωγῇ,

386 1249 395 1261 .
471 1209 604 1279 πρὸς
635 1210 860 1280 ἔλεγχον
910 1212 1011 1281 τῆς
1072 1212 1326 1281 ἀνομίας,
1385 1213 2041 1284 πολυπραγμονήσαντες,

467 1300 543 1364 ὣς
573 1299 931 1369 φασινοῦτοι,
990 1303 1083 1358 καὶ
1127 1304 1251 1358 καθ’
1290 1306 1525 1358 ἕκαστον
1568 1304 1923 1376 ἐξητακότες,
1956 1302 2048 1360 εῦ-

468 1412 562 1465 ρον
590 1397 713 1469 ταῖς
754 1394 1044 1465 ἀληθείαις
1083 1397 1210 1466 μὲν
1254 1398 1570 1465 συμφωνεῖν
1608 1398 1843 1463 ἑαυτοῖς,
1877 1415 2046 1468 προσ-

467 1489 668 1542 κείσθω
719 1489 775 1542 δὲ
831 1507 849 1541 ‹
897 1490 995 1543 καὶ
1039 1486 1122 1554 οἷς
1173 1490 1439 1545 διέϐαλον.
1481 1508 1497 1541 ι
1558 1489 1700 1559 Τρία
1756 1490 1938 1544 τοίνυν
1979 1493 2045 1545 ὲκ

465 1579 671 1634 τούτων
722 1582 1029 1653 σκέψασθαι
1067 1584 1273 1654 ῥᾴδιον,
1304 1583 1387 1637 ὅτι
1410 1599 1468 1636 τε
1494 1574 1856 1653 τῆς“ὲκείνων
1899 1578 2043 1654 ἦσαν

465 1679 974 1745 καταγεγραμμένα
1013 1674 1199 1746 χειρός
1225 1692 1240 1709 ο
1270 1675 1365 1730 καὶ
1424 1675 1507 1728 ὅτι
1552 1674 1859 1744 ἁδιάϐλητα
1885 1674 2041 1730 ταῦθ’

469 1757 669 1836 εὖρον·
703 1767 799 1820 καὶ
849 1767 1055 1837 τρίτον,
1109 1767 1391 1838 συνήγορα
1437 1766 1537 1836 τῆς
1594 1766 1714 1820 κατ’
1761 1767 2049 1839 εὐσέϐειαν

469 1856 750 1928 ἀληθείας.
779 1858 925 1911 Ἀλλ’
960 1860 1023 1912 ἐκ
1053 1858 1153 1928 μὲν
1199 1857 1296 1911 τοῦ
1352 1859 1572 1926 πρώτου
1606 1858 1905 1926 συμϐαλεῖν
1933 1859 2051 1930 ἔχο-

470 1966 591 2018 μεν,
628 1949 727 2019 οὐχ
757 1949 848 2018 ὑφ’
890 1951 1095 2022 ἐτέρων
1131 1950 1309 2004 ἄλλων
1356 1950 1384 2003 ό
1444 1950 1580 2020 πρὶς
1635 1950 1736 2020 τὴν
1789 1950 2047 2004 ἀσέϐειαν

468 2041 687 2111 ἐλεγχος
715 2040 1082 2111 ἐθριάμϐευεν
1114 2041 1231 2095 ἀλλ’
1275 2040 1309 2112 ἥ
1368 2042 1530 2111 μόνον
1578 2042 1688 2097 τῶν
1755 2043 2047 2114 μακαρίων

466 2132 696 2186 ἐκείνων
758 2133 991 2203 ἀνδρῶν,
1033 2134 1201 2205 μηδὲν
1268 2133 1750 2203 ύποστελλομένων
1783 2134 1882 2204 τὴν
1935 2135 2046 2189 τῶν

468 2225 779 2279 διωκόντων
811 2224 1142 2295 ὑπεροψίαν,
1200 2227 1294 2280 καὶ
1328 2225 1428 2296 τὴν
1457 2226 1627 2294 ἄλλην
1647 2227 1874 2282 ἐκείνων
1915 2229 2048 2300 περὶ

467 2314 524 2365 τὸ
562 2316 788 2383 κρατεῖν
850 2314 1106 2380 ἐξουσίαν
1133 2331 1148 2347 ο
1210 2313 1325 2368 ἀλλ’
1367 2313 1616 2385 ἀκριϐῶς
1662 2316 1727 2368 ἐκ
1783 2314 1896 2368 τῶν
1944 2313 2045 2385 τῆς

468 2402 697 2466 ἀνομίας
738 2402 964 2472 βιϐλίων
991 2402 1061 2455 τὰ
1101 2403 1200 2473 τῆς
1235 2403 1466 2472 ἀνομίας
1511 2402 2004 2473 παρῤησιαζόντων
2026 2417 2043 2437 ο

468 2495 562 2548 τοῦ
590 2496 648 2548 δέ
674 2512 738 2564 γε
763 2494 1042 2566 δευτέρου,
1072 2495 1169 2549 καὶ
1197 2494 1310 2549 οῐου
1340 2495 1695 2567 φρονήματος
1732 2491 1875 2566 ἦσαν
1899 2495 2047 2549 ὲκεί-

470 2603 551 2638 νοι
580 2601 596 2617 ο
623 2586 672 2638 εί
711 2586 820 2657 γὰρ
846 2586 913 2640 τά
952 2586 1063 2639 τῶν
1119 2587 1382 2640 ἐναντίων
1439 2585 1741 2656 ἀδιάϐλητα
1787 2588 2048 2656 παρεῖχον

470 2677 604 2746 όρᾷν
632 2674 1014 2744 ἐκλεγόμενοι,
1046 2675 1100 2729 τί
1126 2675 1193 2730 ἂν
1211 2676 1406 2747 ἔδρων,
1438 2678 1498 2729 ὲν
1525 2671 1607 2739 οἷς
1633 2675 1704 2728 τὰ
1752 2678 1907 2747 παρὰ
1937 2677 2047 2731 τῶν

473 2767 739 2837 θεολόγων
761 2767 1104 2840 προῦτεινον,
1125 2769 1261 2822 ὅπου
1285 2784 1347 2836 γε
1373 2767 1468 2820 καὶ
1493 2767 1553 2820 τὸ
1581 2766 1854 2837 συλλαϐὴν
1875 2768 2048 2836 ὕπερ.

473 2857 634 2926 ϐῆναι
658 2856 721 2911 ού
762 2841 1013 2929 φορητὴν
1039 2858 1226 2929 τίθησι
1250 2857 1349 2929 τὴν
1386 2858 1443 2908 ὲν
1473 2860 1588 2919 τοῖς
1644 2857 1809 2920 θείοις
1872 2876 2051 2929 παρα·

472 2949 680 3021 τροπὴν
708 2950 941 3018 ἑνεῖναις
980 2951 1192 3014 ’Ἄλλως
1236 2968 1295 3004 τε
1337 2953 1474 3022 μηδὲ
1529 2952 1706 3022 στόμα
1730 2951 1825 3004 τοῦ
1855 2950 2048 3004 λοιποῦ

474 3041 784 3112 Παλαμϊται
813 3041 996 3115 διᾶραι
1030 3043 1275 3115 τολμῷεν
1304 3046 1392 3108 ἂν,
1424 3043 1651 3097 ἐκείνων
1715 3043 1897 3098 αὐτῶν
1932 3042 2048 3096 δει-

2165 569 2231 622 sti
2270 570 2440 638 gratia
2469 585 2607 626 vera:
2626 569 2745 625 lidei
2771 571 3103 641 pietatisque
3131 571 3494 627 defensorem.
3528 590 3546 624 ι

2219 824 2455 894 Apparet
2480 828 2645 897 igitur
2673 830 2862 886 beatos
2887 832 3007 889 illos
3037 835 3204 898 viros,
3233 851 3294 890 ex
3354 836 3510 893 libris
3569 836 3732 893 Pala-

2150 929 2251 970 mze
2299 919 2582 986 collegisse
2638 925 2917 991 potissima
2979 925 3280 996 impietatis
3330 930 3552 999 capita,
3608 947 3733 1000 quae

2151 1023 2254 1065 nos
2287 1026 2507 1081 quoque
2564 1017 2918 1084 sequentibus
2975 1022 3437 1090 enuntiabimus;
3496 1039 3734 1094 cumque

2146 1099 2452 1155 latrocinali
2490 1106 2787 1159 convcnlui
2831 1110 2895 1161 ad
2954 1111 3351 1180 coarguendam
3406 1112 3734 1184 improbita-

2150 1199 2257 1248 tem
2290 1193 2517 1249 [nissum
2550 1199 2849 1265 proposita,
2881 1201 3174 1271 diligenter
3230 1204 3514 1271 rimantes,
3586 1217 3646 1259 ut
3676 1208 3731 1261 bi

2144 1283 2470 1354 loquuntur,
2494 1298 2547 1340 et
2568 1289 2778 1358 singula
2811 1293 3212 1358 examinantes,
3262 1295 3551 1353 invenisse
3576 1312 3729 1355 reve-

2146 1394 2208 1433 ra
2240 1379 2355 1448 ipsa
2380 1380 2575 1449 seipsis
2598 1383 2909 1438 consentire
2948 1402 2961 1438 :
3011 1386 3245 1440 addatur
3271 1402 3436 1444 vero:
3474 1408 3495 1442 ι
3531 1392 3596 1445 Ει
3647 1393 3734 1446 bis

2150 1484 2289 1539 quos
2318 1471 2816 1528 calumniabantur.
2863 1495 2880 1525 ι
2907 1475 2981 1528 Ex
3015 1476 3101 1533 his
3138 1480 3304 1549 igitur
3334 1480 3491 1536 facile
3518 1492 3600 1537 est
3631 1484 3735 1541 tria

2150 1563 2420 1631 dispicere
2460 1581 2474 1618 :
2513 1565 2658 1634 quod
2689 1574 2743 1620 et
2775 1567 2921 1622 illius
2964 1584 3119 1624 erant
3151 1574 3461 1644 conscripta
3522 1591 3683 1631 manu
3718 1594 3734 1641 ;

2147 1656 2404 1727 quodque
2430 1659 2703 1728 inculpata
2736 1660 2852 1713 luce
2879 1664 3224 1731 invenerunt,
3276 1679 3340 1720 ac
3364 1667 3548 1734 tertio,
3588 1667 3738 1737 quod

2152 1748 2338 1817 pietati
2373 1764 2628 1819 verreque
2658 1750 2780 1805 ﬁdei
2805 1753 3176 1820 astipulantia.
3216 1755 3485 1810 Castorum
3517 1773 3582 1813 ex
3622 1759 3735 1827 pri-

2154 1855 2244 1893 mo
2262 1840 2479 1910 quidem
2504 1843 2779 1913 conjicere
2813 1845 3106 1909 habemus.
3130 1862 3238 1901 non
3269 1849 3338 1902 ab
3359 1848 3503 1913 aliis,
3543 1851 3739 1905 trium-

2147 1931 2258 2001 pho
2286 1935 2605 2001 productam
2634 1936 2933 2006 impietatis
2973 1941 3413 2008 coargutionem,
3438 1943 3533 1999 sed
3592 1945 3734 1999 duu-

2150 2031 2350 2079 taxata
2413 2026 2712 2083 beatisillis
2765 2029 2920 2097 viris,
2968 2031 3060 2099 qui
3112 2032 3247 2086 nihil
3316 2045 3734 2103 pet-secutorum

2148 2117 2460 2184 superbiam
2498 2130 2869 2187 morarentur,
2902 2138 3004 2179 nec
3031 2125 3297 2195 reliquam
3336 2126 3554 2182 illorum
3621 2130 3727 2182 do-

2150 2205 2396 2261 minandi
2431 2209 2729 2278 potentiam
2758 2229 2773 2277 ;
2799 2213 2891 2267 sed
2929 2214 3021 2283 qui
3057 2227 3207 2269 certa
3240 2221 3469 2273 vri-itate
3531 2234 3595 2273 ex
3624 2220 3729 2274 im-

2148 2296 2368 2366 pietatis
2401 2298 2577 2366 libris,
2608 2317 2732 2371 quae
2757 2303 3055 2373 impietatis
3088 2319 3273 2362 essent
3303 2311 3477 2378 palam
3537 2313 3736 2380 produ-

2148 2401 2356 2447 cerent.
2387 2395 2462 2448 Ex
2487 2394 2657 2450 altero
2699 2413 2828 2451 vero
2856 2399 3147 2469 cujusnam
3205 2402 3282 2456 illi
3338 2406 3623 2458 sententiae
3673 2422 3738 2461 ac

2149 2485 2319 2540 animi
2352 2496 2558 2541 essent.
2599 2488 2652 2541 Si
2685 2492 2828 2543 enim
2859 2491 2935 2555 bi,
2956 2492 3048 2562 qui
3079 2510 3138 2548 ea
3181 2509 3583 2564 eXrerpscrant,
3615 2515 3737 2568 quae

2151 2578 2592 2633 adversariorum
2619 2591 2800 2645 erant,
2840 2581 3113 2651 inculpata
3154 2586 3326 2641 videri
3367 2589 3728 2657 exhibebant,

2150 2668 2410 2739 quidnam
2437 2669 2633 2724 facturi
2667 2683 2875 2737 essent,
2902 2674 2953 2728 in
2985 2676 3332 2746 quibusque
3357 2692 3513 2733 erant
3576 2681 3737 2735 theo-

2152 2761 2956 2833 logorumproponebant;ubi
3000 2767 3078 2821 vel
3127 2769 3389 2838 syllabam
3424 2775 3736 2841 transgredi

2152 2867 2252 2907 nec
2281 2852 2555 2909 ferendam
2584 2854 2803 2925 quidem
2828 2858 2882 2911 in
2911 2857 3113 2914 divinis
3141 2858 3584 2927 depravationem
3656 2865 3741 2916 in-

2151 2943 2324 2999 ducit.
2347 2945 2621 3003 Praeterea
2656 2963 2805 3003 neos
2855 2950 3076 3019 quidem
3143 2952 3401 3023 deinceps
3460 2952 3742 3010 Palamitzc

2151 3038 2336 3093 ausint
2366 3039 2600 3108 aperire,
2629 3041 2739 3096 illis
2765 3042 2898 3112 ipsis
2952 3043 3393 3109 ostendentibus,
3444 3046 3579 3101 nihil
3639 3064 3741 3103 nos

472 3133 777 3201 κνυμένων,
796 3132 873 3197 ὡς
895 3134 999 3205 οὐχ
1025 3133 1116 3202 ὑφ’
1145 3135 1304 3206 ἡμῶν
1337 3136 1823 3204 συκοφαντοῦνται.
1854 3137 2048 3206 Ὁρᾶτε

2157 3145 2254 3200 per
2278 3130 2608 3187 calumniam
2634 3134 2743 3189 illis
2778 3136 3081 3204 imponere.
3138 3135 3331 3193 Videte
3377 3140 3522 3194 enim
3570 3157 3737 3211 quam

472 3226 582 3297 γὰρ
641 3224 762 3297 μεθ’
813 3227 1124 3299 ὑπερϐολῆς
1209 3229 1660 3300 ίσχυριζομένους
1732 3230 2048 3301 ,συζητῆσαι

471 3318 646 3372 ταῦτα
668 3319 957 3385 πολλάκις,
987 3320 1086 3374 καὶ
1121 3322 1376 3391 ἀνευρεῖν
1433 3321 1694 3392 ἀκέραια.
1738 3323 1981 3378 Ἐκείνου
2004 3321 2049 3375 δ’

471 3407 565 3477 αὖ,
591 3412 675 3466 ὄτι
707 3414 801 3467 καὶ
828 3413 925 3476 τὰς
949 3414 1219 3477 τοσαύτας
1265 3414 1578 3484 τερατείας,
1608 3413 1790 3485 ἅσπερ
1844 3418 1907 3469 ἐκ
1941 3417 2050 3471 τῶν

406 3554 409 3559 .
471 3501 567 3556 τοῦ
591 3506 816 3572 γενναῖα
841 3503 1092 3572 δόγματα
1126 3506 1573 3572 συγγεγραφότος
1618 3504 1921 3558 ἀκούσεσθε
1955 3507 2052 3576 ῥη-

476 3582 689 3666 μάτων,
717 3597 832 3659 τοῖς
888 3595 939 3648 θ’
992 3596 1160 3666 ἱεροῖς
1219 3595 1512 3662 θεολόγοις,
1564 3597 1678 3658 τοῖς
1730 3594 1778 3648 τ’
1825 3595 2050 3665 ἀληθέσι

477 3686 610 3757 περὶ
639 3685 775 3740 Θεοῦ
825 3686 1082 3756 δόγμασι,
1141 3688 1459 3755 συμφωνεῖν
1499 3687 1929 3756 κατεπαίρονται
1968 3686 2054 3739 λέ-

473 3794 612 3845 γειν,
641 3777 864 3831 καὶ-οὐκ
910 3774 1271 3831 εὐλαϐοῦνται
1331 3775 1470 3846 πρὸς
1526 3775 1783 3829 τοσοῦτον
1823 3777 2053 3846 μέγεθος

472 3868 729 3931 ἀσεϐείας
755 3868 854 3940 τὴν
893 3868 1292 3941 ἑπηρτημένην
1323 3868 1434 3922 ἀπὸ
1478 3868 1722 3938 Χριστοῦ
1782 3868 1896 3929 τοῖς
1961 3885 2055 3922 συ-

474 3961 778 4028 κοτάνταις
831 3961 1069 4029 ποινήν·
1138 3958 1250 4028 ὅσῳ
1314 3958 1505 4012 λοιπὸν
1580 3955 1700 4026 μετ’
1750 3955 2053 4022 ἐξετάσεως

473 4049 646 4102 ταῦτα
670 4048 1058 4119 παρεδέξαντο,
1086 4051 1180 4102 καὶ
1197 4051 1297 4120 τῆς
1325 4048 1449 4102 κατ’
1479 4048 1762 4101 εὐσέϐειαν
1792 4048 2053 4118 ἀληθείας

473 4140 633 4211 ἔσχον
668 4141 966 4212 συνήγορα,
981 4140 1219 4210 τοσούτῳ
1250 4140 1468 4202 πάντως
1498 4139 1898 4207 ἀναγκάζονται
1925 4141 2054 4192 τού-

474 4247 590 4294 τοις
622 4231 909 4299 ὲμμένειν,
944 4229 1061 4283 ἀλλ’
1089 4230 1210 4284 οὐδέ
1241 4247 1390 4294 τινος
1448 4229 1637 4300 ἐτέρου
1700 4229 1812 4283 τῶν
1859 4230 2054 4301 ἐκείνῳ

475 4323 1033 4395 κατηκολουθηκόεων
1082 4321 1431 4394 ἀρνήσασθαι
1484 4339 1539 4376 τι
1596 4322 1884 4393 προσήκει.
1928 4322 2056 4376 Ἰσί-

475 4414 648 4487 δωρος
679 4415 814 4486 γὰρ,
852 4418 902 4470 εί
929 4415 1026 4470 καὶ
1081 4414 1553 4487 προτετελεύτηκε
1603 4415 1712 4468 τῶν
1738 4415 1831 4469 τοῦ
1872 4415 2053 4487 Τόμου

2155 3221 2320 3285 serio,
2376 3230 2693 3292 quantoque
2745 3237 2972 3278 excessu
3038 3223 3330 3288 aiIirmeut,
3376 3225 3491 3280 haec
3540 3228 3742 3297 saipius

2153 3310 2520 3383 disquisiisse,
2544 3313 2865 3384 sinceraque
2904 3314 3200 3372 invenisse.
3236 3318 3313 3370 Ex
3375 3318 3535 3372 tertio
3585 3319 3742 3373 deni-

2153 3420 2281 3474 que,
2320 3406 2467 3476 quod
2504 3415 2559 3461 et
2604 3416 2753 3461 tanta
2791 3415 3064 3477 portenta,
3124 3425 3428 3481 negasque,
3484 3427 3622 3482 quas
3672 3429 3740 3468 ex

2154 3498 2301 3552 illius
2331 3498 2512 3571 verbis
2544 3500 2786 3553 audituri
2821 3501 2977 3566 estis,
3004 3501 3095 3571 qui
3161 3503 3364 3558 nobilia
3411 3507 3739 3575 conscripsit

2154 3590 2429 3660 dogmata.
2467 3593 2641 3645 sacris
2672 3592 2965 3663 theologis,
2993 3592 3245 3663 verisque
3275 3594 3341 3648 de
3372 3595 3481 3650 Deo
3512 3597 3739 3667 dogma.

2156 3679 2225 3736 tis
2249 3681 2563 3748 convenire,
2601 3682 2833 3752 superbe
2861 3683 3066 3736 audent
3094 3682 3301 3751 dicere,
3336 3700 3466 3751 nec,
3499 3687 3565 3740 ad
3614 3695 3739 3741 tan-

2156 3785 2263 3829 tam
2293 3775 2588 3843 impietatis
2610 3774 2829 3841 molem,
2888 3775 3287 3844 impendentem
3322 3793 3352 3830 a
3384 3777 3605 3832 Christo
3645 3795 3738 3833 ea-

2154 3866 2575 3922 lumniatoribus
2601 3883 2815 3937 pmnam
2842 3869 3200 3923 reformidant
3220 3886 3235 3933 ;
3255 3879 3462 3940 quanto
3483 3871 3738 3940 de'nceps

2156 3959 2363 4027 majore
2394 3959 2648 4014 examine
2677 3960 2791 4012 bzee
2837 3969 3185 4028 receperunt,
3214 3975 3279 4017 ac
3330 3961 3518 4032 pietati
3572 3980 3740 4018 verae-

2155 4067 2262 4122 que
2292 4051 2556 4105 doctrina-
2582 4051 2869 4120 astipulari
2933 4063 3245 4120 senserunt,
3303 4062 3454 4108 tanto
3508 4071 3737 4130 prorsus

2156 4156 2382 4196 necesse
2408 4141 2610 4196 habent
2647 4142 2751 4195 illis
2779 4142 3097 4209 immauere,
3126 4159 3226 4199 nec
3258 4146 3584 4215 cujusquam
3653 4149 3731 4201 al-

2159 4232 2327 4294 terius
2358 4232 2508 4287 illius
2535 4235 2852 4303 sequacium
2910 4249 3076 4303 posse
3130 4250 3224 4291 eos
3275 4237 3479 4307 aliquid
3518 4254 3736 4307 negare.

2155 4325 2401 4382 Isidorus
2435 4329 2611 4394 enim,
2645 4328 2747 4383 etsi
2799 4339 3048 4384 mortuus
3077 4337 3306 4385 estante
3332 4329 3489 4386 Tomi
3515 4347 3740 4387 consar-

2158 4415 2370 4470 cinatas
2398 4432 2592 4485 nugas,
2619 4418 2820 4487 quibus
2847 4426 3028 4473 tamen
3058 4423 3237 4488 quoad
3275 4420 3407 4476 vixit
3438 4430 3493 4477 et
3523 4423 3731 4477 scribe-

477 4510 831 4580 ὲρεσχελιῶν,
855 4509 975 4564 ἀλλ’
1003 4509 1104 4580 οὐχ
1134 4503 1300 4581 ἦττον
1329 4502 1411 4571 οἷς
1441 4506 1657 4578 ἔγραφέ
1676 4525 1735 4560 τε
1763 4508 1859 4560 καὶ
1902 4507 2048 4577 ὠμο-

2159 4507 2332 4565 batet
2377 4510 2761 4572 conﬁtebatur,
2828 4509 2981 4565 Tomi
3037 4521 3232 4566 auctor
3285 4510 3404 4567 fuit.
3460 4512 3735 4571 Coccinus

474 4601 648 4670 λόγει,
681 4602 1017 4673 δημιουργὸς
1046 4599 1117 4674 ἦν
1152 4603 1245 4656 τοῦ
1283 4602 1490 4671 Τόμου.
1543 4603 1841 4667 Κόκκινος’
1866 4602 1924 4655 δὲ
1960 4604 2055 4656 κοιλ⁸

475 4691 690 4758 Νεῖλος,
723 4696 859 4763 πρὸς
890 4693 970 4763 τῷ
1003 4695 1299 4763 περιεῖναι,
1332 4693 1427 4747 καὶ
1456 4692 1755 4761 αὐτουργοὶ
1810 4695 1903 4746 τοῦ
1951 4694 2055 4746 Τό-

480 4805 583 4855 μου
609 4787 912 4857 ἐτύγχανον
950 4786 1124 4850 ὄντες.
1151 4784 1443 4840 Ἀδύνατον
1474 4784 1671 4838 οὐκοῦν
1707 4787 1831 4849 τοὺς
1855 4786 1924 4837 τὰ
1956 4784 2053 4839 τοῦ

478 4875 660 4944 Τόμου
696 4877 1058 4945 περιέποντας
1086 4872 1430 4945 ἀρνήσασθαί
1457 4891 1511 4926 τι
1537 4873 1646 4928 τῶν
1679 4874 2055 4945 συγγραμμά-

475 4984 587 5020 των
602 4967 711 5021 τῶν
741 4967 838 5021 τοῦ
867 4968 1049 5039 Τόμου
1076 4966 1453 5037 δημιουργῶν.

550 5060 673 5115 Ἔτι
707 5062 900 5116 πολλαὶ
937 5061 1039 5129 μὲν
1062 5061 1241 5131 ὅρκων
1275 5058 1415 5110 εἰσὶν
1450 5056 1585 5110 ἰδέαι
1614 5058 1728 5121 τοῖς
1786 5056 2055 5126 προσανέ-

474 5178 669 5237 χουσιο
701 5156 905 5230 μείζων
937 5154 995 5208 δὲ
1020 5155 1082 5207 τὸ
1109 5153 1166 5205 τί
1206 5150 1618 5221 προσεπιθεὴαι
1660 5149 1770 5203 τῶν
1811 5151 2053 5220 τιμωμέ.

476 5275 585 5311 νων
613 5252 860 5328 ᾑτινιοῦν
888 5248 1085 5311 εἰκόνι,
1112 5245 1208 5298 καὶ
1239 5242 1448 5297 λαϐεῖν.
1482 5241 1668 5313 11ολλῷ
1717 5241 1762 5296 δ’
1789 5243 1871 5294 ἔτι
1932 5243 2050 5312 μεί-

475 5351 609 5416 ζων,
638 5350 687 5401 εί
711 5346 807 5401 καὶ
852 5345 1030 5404 ἄλλως
1059 5339 1402 5409 παράνομον,
1434 5337 1484 5389 εί
1520 5335 1598 5405 τῷ
1626 5333 1843 5406 φρικτῴ
1879 5352 2051 5405 7:9”-

473 5440 716 5509 εγγίσειε
746 5430 1142 5502 θυσιαστηρίῳ.
1171 5427 1335 5482 Ἀλλᾶ
1362 5426 1533 5479 ταῦτα
1553 5428 2051 5494 παρανομήσαντες

474 5530 812 5598 Παλαμῑται,
841 5525 921 5593 τῷ
954 5522 1164 5592 μείζονι
1194 5519 1302 5573 τῶν
1331 5520 1514 5588 ὅρκων
1558 5518 1628 5571 τὰ
1666 5516 1763 5570 τοῦ
1801 5517 2048 5586 βλασφή-

480 5640 580 5693 μου
642 5621 824 5691 Τόμου
861 5617 1113 5684 στέργειν
1177 5614 1500 5682 ὑπέσχοντο.
1560 5610 1956 5683 Περιείληπται
2002 5610 2047 5662 δ’

475 5715 536 5766 ὲν
563 5711 739 5780 τούτῳ
762 5707 921 5761 πάντ’
981 5703 1241 5779 ἀληθείας
1277 5702 1498 5772 ἔχεσθαι
1527 5701 1597 5755 τὰ
1653 5698 1748 5754 τοῦ
1786 5700 2043 5770 Παλαμᾶ,

475 5804 573 5858 καὶ
604 5802 640 5858 ἃ
667 5799 799 5871 παρ’
830 5796 990 5868 ἡμῶν
1020 5797 1297 5869 ἀφῄρηται
1327 5793 1533 5847 τούτων
1586 5793 1725 5863 πρὸς
1778 5792 1999 5864 ἔλεγχον
2028 5808 2043 5824 ο

2160 4615 2291 4656 vero
2313 4610 2368 4655 et
2399 4599 2573 4666 Nilus,
2598 4612 2956 4671 praeterquam
2989 4602 3212 4672 quodin
3238 4603 3374 4658 vivis
3399 4616 3574 4670 erant,
3605 4609 3736 4677 ipsi-

2157 4682 2277 4746 met
2302 4690 2531 4746 Tomum
2561 4703 3015 4762 composuerunt.
3051 4692 3218 4761 Igitur
3241 4697 3356 4749 tieri
3379 4712 3487 4750 non
3535 4707 3733 4766 potest,

2159 4790 2217 4835 ut
2246 4782 2337 4851 qui
2369 4780 2600 4836 Tomum
2633 4784 2838 4846 colant,
2879 4785 3081 4854 aliquid
3138 4796 3336 4855 negent
3401 4787 3737 4845 lucubratio-

2157 4889 2287 4928 num
2313 4888 2503 4929 eorum
2527 4875 2621 4944 qui
2646 4875 2803 4930 Tomi
2823 4888 3072 4932 auctores
3103 4879 3455 4935 exstiterunt.

2225 5052 2494 5109 Prtetcrea
2559 5053 2728 5107 multa
2789 5060 2936 5116 sunt,
2996 5056 3403 5113 attendentibus
3463 5060 3733 5131 animum,

2150 5147 2592 5217 juramentorum
2624 5162 2842 5218 genera.
2877 5147 3107 5202 interea
3165 5159 3347 5206 autem
3397 5157 3577 5221 majus
3628 5161 3739 5222 est,

2155 5257 2277 5295 cum
2303 5240 2433 5310 quid
2460 5256 2649 5295 eorum
2682 5256 2801 5310 quae
2828 5241 3153 5309 plurisliunt
3218 5246 3621 5318 alicuiimagini
3643 5267 3736 5307 su-

2155 5332 2495 5400 praponitur,
2524 5339 2688 5401 atque
2722 5331 2951 5386 tollitur.
2978 5331 3057 5384 Ad
3090 5333 3205 5388 lucc
3229 5350 3358 5389 vero
3385 5337 3539 5407 longe
3569 5340 3736 5395 etiam

2154 5426 2355 5494 majus,
2380 5424 2424 5479 si
2455 5423 2738 5478 tremendo
2778 5425 2932 5477 altari
2968 5426 3303 5494 (quanquam
3328 5428 3380 5482 id
3414 5429 3590 5500 nefas)
3637 5447 3732 5499 ap-

2153 5516 2617 5588 propinquavcrit.
2647 5517 2849 5571 Verum
2875 5514 3155 5572 Palatnitee
3188 5519 3313 5572 huic
3339 5519 3559 5573 obnoxii
3599 5519 3733 5576 fat-ti

2153 5609 2370 5675 sceleri,
2402 5609 2838 5676 juratncntorum
2901 5610 3143 5662 maxime
3198 5611 3354 5664 tidem
3419 5612 3727 5667 obstrinxe-

2151 5710 2301 5764 ruut,
2329 5715 2451 5770 qua:
2486 5708 2613 5753 sunt
2645 5698 2946 5766 blasphemi
2978 5697 3133 5751 Tomi
3184 5716 3243 5752 se
3294 5700 3727 5766 amplexatures.

2151 5793 2475 5848 Continetur
2517 5800 2699 5847 autem
2727 5791 2780 5846 in
2815 5791 2934 5852 illo,
2960 5807 3075 5861 qtue
3106 5802 3234 5845 sunt
3258 5791 3496 5848 Palamze
3541 5798 3728 5851 omnia
