4088 6412
410 274 521 339 679
1572 268 1903 329 JOANNIS
1944 271 1975 330 C

2076 271 2516 332 ’ARISSIOTIE
3568 266 3674 329 680

411 388 628 443 veritati
685 386 939 453 limere;
987 393 1151 455 atque
1204 385 1341 438 adeo
1370 384 1483 438 haec
1530 393 1748 454 quoque
1793 398 1915 453 quae
1966 400 1975 437 :

2102 384 2364 452 ἀδόνατον
2391 387 2498 455 ἄρα
2530 384 2755 450 τούτους
2781 383 3130 455 ἀρνήσασθαί
3186 399 3239 437 τι
3275 381 3351 452 μὴ
3390 379 3673 452 ὁμολογεῖν

413 478 573 532 nobis
603 475 921 533 confutandi
956 474 1131 542 gratia
1157 481 1413 542 excerpta
1441 482 1594 528 sunt.
1651 472 1841 540 Itaque
1873 475 1975 525 tier;

2094 475 2203 527 τῶν
2257 475 2351 528 τοῦ
2380 474 2622 546 Παλαμᾶ
2657 476 3138 545 συγγραμμάτων,
3191 473 3294 527 κᾶν
3324 475 3383 526 ὲν
3419 474 3542 535 ταῖς
3577 488 3674 540 με·

414 580 519 617 non
559 574 757 632 potest,
788 573 848 617 ut
884 571 1079 633 negent
1107 576 1167 615 se
1196 575 1305 615 non
1336 561 1621 614 admittere
1677 559 1883 629 aliquid
1929 560 1975 614 li-

2092 567 2311 631 γίσταις
2363 565 2565 629 αίτίαις
2627 566 2740 626 τοῖς
2795 564 3061 620 σκοποῦσι
3108 563 3312 634 τελοίη,
3372 564 3420 615 ei
3484 562 3667 631 μήπου

415 657 637 708 brorum
675 655 927 717 Palamae,
955 667 1267 722 quanquam
1328 652 1566 706 maxima
1592 651 1702 707 illis
1729 653 1851 706 dica
1901 666 1975 707 so-

2094 658 2373 729 βούλοιντο
2399 659 2586 728 σαφῶς
2618 660 2915 730 ἐπιορκεῖν.

413 750 575 802 letter
614 745 1021 816 inquirentibus
1050 746 1180 800 inde
1210 745 1509 812 scribatur,
1556 745 1660 799 nisi
1699 744 1841 800 forte
1896 760 1992 816 pa-

410 840 515 893 lam
538 853 659 893 reus
695 852 757 893 se
787 836 1011 906 perjurii
1043 836 1379 891 constituere
1413 834 1600 890 velint.
1652 862 1659 871 -

479 928 561 982 Ad
594 927 707 980 haec
729 926 863 981 dicit
897 926 1118 981 divinus
1171 919 1555 997 Apostolus“
1608 924 1665 980 Si
1720 941 1841 997 qum
1891 927 1975 982 de-

2168 924 2293 975 Ἔτι
2325 925 2353 975 ὁ
2390 922 2533 985 θεῖος
2579 922 2903 984 Ἀπόστολος
2930 923 3118 991 φησὶν,
3148 942 3167 974 ι
3198 923 3261 976 El
3300 921 3338 976 ὃ.
3371 921 3664 988 κατέλυσα,

402 1017 604 1080 struxi,
655 1016 854 1072 iterum
903 1017 1019 1072 haec
1088 1017 1321 1081 aedifico,
1376 1020 1852 1087 praevaricatorem
1903 1037 1975 1076 me

2089 1017 2264 1070 ταῦτα
2311 1014 2477 1069 πάλιν
2498 1014 2791 1083 οίκοδομῶ,
2836 1009 3167 1085 παραϐάτην
3221 1013 3458 1083 ἐμαυτὸν
3516 1016 3666 1064 συνί-

405 1109 680 1164 constituo
709 1107 775 1162 “.
807 1126 829 1160 ι
880 1107 1349 1175 Quemadmodum
1388 1108 1576 1178 igitur,
1627 1124 1747 1179 quae
1794 1125 1975 1166 eversa

2094 1126 2282 1178 στημι.
2316 1128 2335 1161 ι
2380 1110 2594 1178 ’Ὠσπερ
2627 1108 2721 1161 οὖν
2751 1108 2813 1161 τὸ
2844 1109 2913 1161 τά
2959 1106 3308 1179 πορθηθέντα
3358 1105 3664 1173 οἰκοδομεῖ-ο

405 1211 532 1257 sunt
566 1217 629 1256 ac
645 1201 924 1258 destructa
954 1200 1251 1267 aediﬁcare,
1288 1201 1797 1269 praevaricationem
1852 1218 1975 1258 con-

2088 1203 2187 1271 τὴν
2220 1200 2531 1270 παράϐασιν
2578 1199 2920 1270 συνίστησιν,
2952 1200 3097 1253 οὕτω
3133 1200 3231 1253 καὶ
3282 1199 3350 1252 τὰ
3388 1198 3691 1268 ᾠκοδομην

400 1295 577 1350 stituit
613 1313 626 1349 :
663 1296 742 1350 sic
787 1294 1049 1350 nimirum
1103 1293 1361 1359 etiam,si
1417 1294 1543 1364 quis
1580 1309 1643 1349 ea
1684 1310 1807 1362 qua:
1859 1305 1975 1352 sunt

2093 1294 2252 1363 μένα,
2283 1293 2336 1346 εῐ
2379 1308 2464 1354 τις
2486 1292 2773 1355 καταλύοι,
2829 1295 2911 1355 είς
2965 1295 3059 1345 τὸν
3100 1292 3268 1345 αὐτὸν
3320 1290 3479 1359 λόγον
3536 1291 3662 1361 ἥκει

401 1385 663 1441 aediﬁcata
705 1386 976 1451 destruat,
1002 1385 1056 1438 in
1083 1384 1225 1439 idem
1250 1384 1455 1440 crimen
1516 1385 1975 1455 praevaricationis

2088 1385 2190 1453 τῆς
2282 1385 2671 1455 παραϐάσεως.
2772 1384 3060 1438 Ἀδύνατον
3147 1382 3344 1437 οὐκοῦν
3432 1383 3659 1446 τούτους

404 1475 654 1529 incurrit.
685 1474 853 1543 Igitur
884 1474 1225 1544 impossibile
1257 1485 1359 1539 est,
1432 1483 1489 1527 ut
1521 1490 1643 1545 qua:
1673 1475 1750 1529 illi
1815 1475 1868 1528 iu
1920 1475 1975 1528 li-

2089 1475 2237 1545 ἅπερ
2280 1474 2642 1548 ᾠκοδόμησαν
2707 1477 2849 1548 ὑπὲρ
2907 1476 3019 1529 τῶν
3070 1475 3166 1530 τοῦ
3225 1475 3464 1545 Παλαμᾶ
3524 1493 3660 1543 συγ-

404 1568 625 1619 brorum
648 1565 885 1620 Palamaz
923 1566 1179 1637 gratiam,
1217 1578 1480 1635 quantum
1542 1567 1609 1621 atl
1648 1568 1770 1623 illos
1832 1582 1975 1637 spec-

2089 1569 2460 1637 γραμμάτων,
2542 1570 2736 1637 ἐφόσον
2817 1570 3004 1632 αὐτοῖς
3084 1568 3434 1638 προσέχουσι,
3485 1567 3660 1621 ταῦτα.

405 1666 545 1719 tant,
618 1655 978 1723 mdilicavere,
1023 1668 1291 1712 conentur
1335 1658 1627 1727 aliquando
1650 1658 1975 1715 destruere:

2088 1655 2391 1710 καταλῦσαί
2453 1673 2586 1710 ποτε
2670 1659 3043 1729 πειραθῆναιο
3127 1660 3178 1712 εί
3252 1659 3328 1728 μὴ
3381 1655 3659 1727 βούλοιντο

405 1746 508 1800 nisi
529 1748 630 1801 bac
667 1748 829 1801 etiam
864 1758 1014 1817 parte
1049 1749 1215 1804 velint
1252 1748 1465 1819 scipsos
1531 1750 1975 1819 praevaricatores

2086 1751 2180 1803 καὶ
2231 1751 2372 1803 κατὰ
2426 1749 2583 1804 τοῦτο
2618 1751 2681 1803 τὸ
2715 1728 3241 1822 μέροςνπαρασάτας
3275 1749 3505 1812 ἑαυτοὺς
3535 1765 3658 1800 συν-

403 1839 757 1896 constituere.
1741 1871 1749 1878 ’

2085 1843 2260 1913 ιστᾷν.

1013 1927 1241 1985 CAPUT
1274 1927 1342 1983 ΙΙΙ

402 2044 750 2111 Auspicatum
787 2057 899 2096 esse
923 2041 1204 2095 Palamam
1228 2040 1512 2095 exitiosum
1543 2040 1737 2112 dogma
1776 2042 1841 2101 ab
1893 2058 1979 2096 er-

2682 1933 2936 1988 ΚΕΦᾹΛ.
2968 1933 3041 1986 Γ⁹.

1355 2044 1512 2121 ipsum
1543 2044 1737 2112 dogma
1776 2044 1841 2101 ab
1893 2058 1979 2096 er-
2085 2048 2277 2114 Ὅπως
2301 2046 2369 2099 ἐκ
2384 2044 2645 2121 ςτλᾶνῃςΔ
2668 2046 2766 2121 καί
2808 2046 3180 2121 φιλονεικίας
3205 2046 3427 2121 ἤρξατο
3459 2047 3656 2100 Παλα-

891 2127 1009 2165 rore
1046 2128 1109 2165 ac
1135 2115 1488 2165 contentione.

2323 2116 2442 2185 μᾶς
2482 2115 2590 2169 τοῦ
2613 2115 2906 2186 δόγματος
2936 2116 3043 2171 τοῦ
3075 2117 3372 2184 ὀλεθρίου.

476 2203 553 2259 Ne
575 2218 703 2259 vero
730 2203 921 2275 procul
953 2205 1019 2258 ab
1040 2218 1208 2273 scopo
1237 2203 1488 2274 sagittam
1509 2202 1811 2267 mittamus,
1844 2217 1975 2273 pau-

2161 2209 2253 2272 Ὠς
2278 2207 2345 2261 ἂν
2375 2208 2432 2260 δὲ
2461 2207 2537 2278 μὴ
2569 2208 2761 2277 πόρρω
2815 2206 3023 2262 σκοποῦ
3068 2207 3383 2278 βάλλοιμεν,
3420 2207 3655 2279 βραχέα

400 2294 482 2349 cis
503 2293 828 2365 quibusdam
874 2294 1187 2364 praemissis,
1233 2294 1582 2349 ostendemus
1614 2293 1757 2349 unde
1815 2295 1975 2350 ducto

2081 2301 2206 2354 τινὰ
2235 2301 2701 2369 προστησάμενοι,
2757 2298 3006 2369 δείξομεν
3049 2299 3176 2353 ὅθεν
3226 2298 3294 2353 ἂν
3322 2299 3422 2369 τὴν
3473 2300 3654 2368 ἀρχὴν

399 2387 627 2441 exordio
649 2386 703 2442 in
736 2402 854 2441 eam
894 2386 1147 2441 Palamas
1169 2387 1417 2441 invectus
1462 2387 1732 2441 insaniam
1764 2386 1856 2451 sit,
1914 2400 1975 2442 ac

2081 2392 2175 2446 ἐπὶ
2207 2392 2364 2445 τοῦτο
2391 2393 2590 2460 μανίας
2616 2391 2904 2461 παρήλασε
2962 2391 3250 2460 Παλαμᾶς,
3279 2392 3374 2444 καὶ
3410 2389 3471 2454 ἐξ
3524 2391 3652 2443 οἴων

398 2491 463 2532 ex
490 2477 690 2546 quibus
727 2476 988 2532 fomentis
1019 2492 1276 2546 magnum
1312 2477 1611 2546 impietatis
1643 2477 1821 2546 ignem
1886 2492 1979 2534 ac-

400 2569 669 2624 cenderit.
708 2568 900 2624 Sciunt
930 2583 1141 2635 omnes,
1172 2583 1293 2637 quae
1316 2568 1393 2623 illi
1420 2568 1740 2623 Barlaamus
1787 2568 1976 2622 crimi-

400 2662 454 2715 ni
486 2668 719 2716 verteret
749 2675 895 2715 :non
929 2659 1002 2715 ita
1032 2660 1266 2726 scilicet,
1298 2671 1357 2714 ut
1385 2674 1605 2715 omnem
1656 2662 1823 2714 vitam
1853 2675 1976 2715 mo-

399 2752 666 2805 nastiram
702 2761 867 2821 atque
896 2750 1140 2806 caelibem
1168 2751 1649 2822 (quemadmodum
1672 2752 1785 2821 ipse
1812 2749 1975 2822 dixit)

396 2849 697 2894 arcesseret
726 2855 791 2894 ac
844 2839 1145 2909 sugillaret.
1186 2841 1281 2896 sed
1340 2849 1401 2895 ut
1457 2855 1556 2896 eos
1614 2840 1973 2912 vituperarct,

396 2933 598 3001 quibus
630 2933 777 2987 serio
815 2947 960 2989 cura:
992 2934 1157 2998 esset,
1178 2948 1305 2987 cum
1335 2933 1389 2987 in
1422 2932 1651 3003 reliquis
1691 2934 1976 3004 segniores

396 3034 593 3089 essunt,
656 3039 756 3080 nec
807 3032 1079 3080 accuratae
1124 3023 1472 3095 disciplinae,
1522 3034 1581 3080 ut
1629 3026 1699 3095 in}
1738 3026 1975 3081 tenebris

398 3120 664 3185 tantisper
693 3116 1102 3182 clauderentur,
1159 3117 1521 3186 nonnilrlque
1569 3131 1761 3187 parum
1829 3119 1976 3174 velut

396 3210 634 3279 deliquio
665 3210 969 3279 exspirare,
998 3210 1129 3278 quin
1160 3209 1416 3279 spiritum
1454 3210 1600 3265 intus
1629 3225 1770 3278 aagre
1809 3210 1978 3266 duce-

396 3318 454 3355 re
489 3303 827 3365 \itlerentur,
863 3300 1173 3370 intentique
1201 3290 1420 3354 oculum
1477 3303 1702 3358 immote
1741 3302 1978 3358 ﬁrmius-

394 3410 501 3464 que
529 3393 791 3449 umbilico
821 3392 1075 3463 deﬁgere,
1120 3394 1318 3463 quibus
1348 3392 1508 3448 facile
1548 3398 1799 3461 peractis,
1830 3398 1976 3452 clare

395 3485 576 3541 statim
628 3495 939 3541 monstrosa
1012 3500 1265 3554 vanaque
1313 3500 1375 3538 ac
1435 3488 1720 3541 utendacia
1777 3500 1973 3556 praesto

393 3586 605 3634 essent.
658 3577 866 3646 Ecquid
897 3574 1047 3630 inde?
1094 3577 1275 3647 Ignem
1303 3577 1556 3632 dit-ebant
1587 3579 1809 3645 videre,
1832 3579 1975 3634 intra

396 3670 603 3724 viscera
630 3675 899 3738 extraque
926 3666 1319 3723 consistentem
1346 3686 1359 3733 ;
1388 3670 1688 3741 pulsusque
1706 3672 1972 3741 quosdam

395 3760 645 3815 insolitos
671 3769 724 3813 et
746 3770 927 3814 motus
964 3759 1168 3824 cordis,
1206 3774 1305 3814 nec
1337 3777 1442 3814 non
1478 3761 1690 3817 calores
1708 3765 1973 3831 quosdam

392 3869 458 3907 ac
489 3854 638 3907 velut
664 3849 1018 3920 igniculos-ex
1064 3866 1197 3907 naso
1230 3854 1402 3917 exire,
1443 3862 1796 3924 posteaquam
1861 3854 1975 3908 lucc

390 3943 607 4014 aliaque
636 3955 749 3998 turn
785 3943 1065 4007 fecissent,
1106 3957 1219 3999 tum
1279 3947 1428 4016 passi
1492 3959 1695 4013 essent,
1748 3947 1973 4016 sentire,

390 4053 517 4091 cum
547 4048 655 4093 tres
687 4049 991 4108 quatuorve
1018 4048 1132 4091 tum
1179 4050 1384 4106 essent,
1438 4042 1529 4111 qui
1590 4042 1717 4097 huic
1752 4058 1973 4113 operam

392 4126 696 4195 disciplina
722 4129 916 4183 darent
946 4143 963 4194 ;
997 4128 1193 4198 reliqui
1231 4145 1380 4195 vero,
1406 4141 1463 4185 ut
1511 4133 1625 4203 ipse
1666 4151 1730 4189 cx
1788 4138 1975 4191 inultis

395 4219 528 4274 viris
562 4221 762 4286 pietate
786 4221 1094 4278 illustribus
1136 4223 1345 4291 audivi,
1380 4226 1493 4282 lucc
1550 4228 1972 4297 detestarentur,

397 4323 732 4379 prorsusque
767 4312 1099 4381 deriderent,
1127 4316 1385 4387 plerique,
1425 4335 1490 4373 ne
1517 4320 1734 4389 quidem
1785 4322 1971 4376 auditu

399 4400 604 4470 aliquid
640 4401 707 4456 de
730 4402 838 4459 illis
870 4407 1231 4476 accepissent.

467 4494 792 4565 Haecjgitur
826 4494 1150 4554 Barlaamus
1187 4516 1217 4555 a
1246 4503 1482 4571 quodam
1515 4519 1639 4558 cum
1676 4504 1869 4558 doetus
1922 4515 1976 4559 et

396 4600 590 4654 passus
615 4598 778 4653 esset,
811 4589 1036 4646 minime
1057 4601 1206 4648 certe
1238 4595 1378 4661 tulit,
1414 4611 1702 4666 operteque
1735 4595 1973 4665 pretium

392 4679 624 4746 putavit,
653 4689 710 4735 ut
742 4682 1072 4739 venerandis
1095 4686 1415 4754 parentibus
1440 4686 1788 4740 educationis
1839 4700 1975 4754 prae-

394 4771 503 4825 mia
540 4773 828 4840 redderet;
887 4775 982 4829 sed
1034 4776 1513 4847 contemplationis
1561 4786 1765 4832 struem
1825 4776 1974 4831 illam

392 4879 456 4917 ae
491 4864 1052 4933 negetiumtraducit,
1103 4869 1481 4924 seductionem
1531 4883 1595 4923 ac
1634 4883 1833 4923 noxam
1889 4884 1979 4923 sa-

392 4953 626 5007 tauicam
667 4970 891 5021 vocans,
921 4959 1180 5029 pleraque
1214 4960 1333 5027 ejus
1366 4959 1568 5024 morbi,
1618 4960 1819 5029 quibus
1842 4961 1980 5014 scri-

393 5046 501 5113 ptis
530 5061 819 5115 aggressus
842 5057 946 5113 est,
1014 5051 1078 5104 ad
1142 5049 1504 5105 Massalianos
1562 5053 1864 5106 revocavit.
1918 5053 1973 5105 In

390 5137 510 5206 ejus
553 5140 738 5210 itaque
757 5141 928 5198 libros
963 5157 1089 5196 cum
1130 5143 1414 5197 incidisset
1442 5144 1723 5209 Palamas,
1756 5161 1849 5199 seu
1876 5159 1977 5214 po-

392 5234 502 5286 tius
530 5234 737 5289 turatus
765 5243 932 5299 esset,
972 5232 1221 5303 perfosso
1253 5234 1506 5288 cubiculo
1539 5236 1629 5289 ubi
1663 5236 1716 5289 in
1774 5238 1975 5307 angulo

392 5321 646 5378 latentem
679 5325 877 5380 librum
902 5335 1066 5389 atque
1108 5324 1386 5378 occultum
1448 5329 1862 5398 pervestigaret,
1909 5345 1976 5384 ex

394 5415 623 5468 adverso
692 5416 1028 5485 impietatem
1109 5416 1434 5483 conscribit,
1486 5434 1681 5489 nempe
1748 5422 1971 5485 docens,

395 5508 544 5562 nullo
562 5490 763 5563 'errore
794 5509 1045 5564 laborare
1079 5524 1379 5579 verumque
1411 5526 1530 5566 esse
1580 5515 1782 5568 erroris
1838 5513 1969 5569 illud

465 5685 515 5719 “
587 5684 766 5739 Calai.
799 5698 857 5750 ll,
900 5683 991 5741 18.

2000 4410 2051 4467 D

2078 2482 2188 2535 τῶν
2220 2480 2490 2553 ἀφορμῶν
2538 2481 2601 2534 τὸ
2637 2482 2781 2550 μέγα
2824 2485 2925 2551 τῆς
2979 2482 3236 2545 ἀσεεείας
3294 2482 3468 2551 ἀνῆψε
3518 2481 3650 2548 πῦρ.

2085 2574 2294 2627 Ἷσασιν
2324 2572 2585 2639 ἅπαντες,
2619 2566 2705 2637 οἷς
2751 2573 2900 2644 αὐτῷ
2931 2573 3199 2644 Βαρλαὰμ
3243 2575 3485 2628 ἐνεκάλει
3505 2594 3517 2606 α
3553 2576 3653 2646 οὐχ

2078 2666 2153 2728 ὼς
2172 2664 2334 2728 αὐτὸς
2376 2662 2571 2734 ἔφησε,
2604 2664 2745 2735 πρὸς
2799 2664 3020 2719 ἅπαντα
3073 2665 3170 2719 τὸν
3221 2664 3512 2735 μοναδικὺν
3557 2667 3654 2718 καὶ

2079 2758 2258 2826 ἄζυγα
2315 2756 2432 2827 βίον
2480 2756 2579 2827 τὴν
2631 2758 2971 2827 κατηγορίαν
3026 2758 3237 2811 ἐκεῖνον
3263 2759 3653 2827 ἐνστήσασθαι,

2079 2851 2200 2905 ἀλλ’
2255 2844 2339 2912 οἷς
2372 2849 2641 2919 ἐπιμελὲς
2676 2846 2747 2921 ἦν
2784 2851 2938 2904 τᾶλλ’
2969 2849 3377 2920 ἀδιαφοροῦσιν.
3415 2852 3472 2903 ἐν
3528 2851 3657 2902 σκό-

2081 2960 2173 3013 τει⁴
2214 2941 2416 3013 μικρὸν
2447 2941 2841 2996 ἀποκλείεσθαι
2871 2959 2885 2975 °
2937 2943 3034 2996 καὶ
3074 2943 3247 3015 βραχὺ
3279 2960 3331 2996 τι
3361 2943 3657 2997 διαλείπον-

2000 3075 2046 3137 C
2080 3052 2178 3098 τας
2204 3036 2447 3098 ἐκπνεῖν,
2501 3036 2746 3088 είσπνεῖν
2784 3034 2986 3105 μᾶλλον
3039 3035 3500 3107 παραειάζεσθαι,
3557 3036 3654 3090 καὶ

2080 3122 2158 3193 τῷ
2205 3123 2475 3193 ὀφθαλμῷ
2533 3125 2831 3195 προσέχειν
2881 3122 3118 3187 ἀκλινῶς
3174 3122 3404 3194 ἐρείδειν
3435 3123 3511 3192 τῷ
3554 3124 3655 3191 όμ-

2081 3210 2362 3286 φαλῷοῶν
2393 3216 2636 3286 εὐχερῶς
2676 3214 3038 3278 ἀνυσθέντων,
3098 3214 3160 3266 τδ
3210 3215 3306 3285 τῆς
3365 3214 3653 3285 τερατείας

2080 3310 2338 3379 ἄντικρυς
2383 3309 2563 3380 ἐπῄει.
2602 3308 2713 3361 Καὶ
2748 3308 2800 3361 τί
2848 3308 2910 3360 τὸ
2965 3307 3253 3373 ἐντεῦθενς
3304 3306 3419 3375 φῶς
3468 3307 3652 3374 ἔλεγον

2077 3403 2233 3473 όρᾷν,
2276 3402 2428 3459 ἐντὸς
2486 3400 2595 3454 τῶν
2653 3401 2979 3470 σπλάγχνων
3027 3400 3125 3454 καὶ
3188 3399 3347 3462 ἐκτὸς
3405 3399 3654 3452 συνιστά-
3720 3392 3723 3397 ’

2082 3512 2266 3564 μενον,
2307 3494 2403 3546 καὶ
2450 3491 2704 3563 παλμούς
2743 3510 2895 3555 τινας
2964 3491 3175 3561 ἀήθεις,
3234 3492 3330 3545 καὶ
3374 3491 3653 3567 κινήματα

2079 3586 2332 3657 καρδίας,
2362 3585 2459 3638 καὶ
2497 3584 2708 3655 θέρμας
2743 3584 2808 3638 ὲκ
2865 3583 2967 3653 τῆς
3006 3583 3153 3653 ῥινὸς
3195 3582 3445 3648 ἐξιούσας
3494 3584 3652 3633 ἐπαιο

2082 3677 2400 3741 σθὰνεσθαι,
2437 3679 2577 3745 μετά
2627 3677 2687 3729 τὸ
2745 3673 2922 3731 ταῦτά
2978 3691 3039 3728 τε
3088 3675 3186 3727 καὶ
3240 3673 3411 3727 τᾶλλα
3454 3673 3653 3742 δρᾶσαι

2081 3771 2176 3823 καὶ
2228 3770 2440 3833 παθεῖν,
2475 3768 2644 3839 τριῶν
2685 3769 2718 3839 ἢ
2774 3769 3052 3837 τεττάρων
3110 3765 3279 3820 ὄντων
3332 3764 3652 3838 τηνικαῦτα,

2077 3860 2187 3913 τῶν
2219 3862 2317 3928 τὴν
2348 3858 2612 3930 ἐργασίαν
2647 3858 2855 3928 ταύτην
2879 3858 3180 3927 μετιόντων
3202 3872 3216 3888 ο
3243 3858 3356 3920 τοῖς
3385 3855 3653 3920 δ’ἄλλοις,

2078 3952 2151 4014 ὡς
2193 3952 2354 4014 αὐτὸς
2382 3955 2446 4005 ὲκ
2476 3951 2690 4005 πολλῶν
2718 3951 3004 4020 ἐπιφανῶν
3034 3951 3135 4020 τὴν
3154 3950 3355 4019 ἀρετὴν
3371 3949 3652 4019 ἠκηκόειν,

2079 4044 2429 4114 ἁπηχθάνετό
2475 4062 2534 4097 τε
2575 4044 2770 4108 ταῦτα,
2820 4045 2913 4097 καὶ
2975 4044 3145 4109 γέλως
3195 4038 3263 4110 ἦν
3300 4041 3541 4111 μακρός·
3604 4039 3655 4092 oi

2080 4137 2296 4198 πλείους
2349 4137 2404 4188 δὲ
2476 4138 2574 4189 καὶ
2644 4137 2816 4207 μηδὲν
2893 4138 3017 4205 περὶ
3092 4133 3295 4186 τούτων
3356 4132 3654 4194 ’ἐπαΐοντες

2077 4226 2238 4302 ἦσαν.

2150 4499 2321 4552 Τοῦτο
2345 4499 2525 4552 τοίνυν
2555 4497 2823 4569 Βαρλαάμ
2850 4498 2958 4551 ὑπό
3002 4514 3147 4561 τινος
3177 4500 3271 4551 καὶ
3313 4495 3499 4566 μαθὼν
3558 4496 3653 4547 καὶ

2079 4592 2287 4659 παθὼν,
2332 4592 2535 4662 ἤκιστὰ
2581 4607 2644 4657 γε
2696 4593 2929 4662 τροφεῖα
2977 4589 3154 4652 καλῶς
3192 4587 3502 4644 ἐκτιννύναι
3540 4588 3650 4647 τοῖς

2079 4674 2180 4751 τῆς
2209 4681 2562 4743 διδασκαλίας
2609 4680 2862 4748 γονεῦσιν
2880 4680 3145 4750 ήνεγκεν”
3172 4677 3285 4731 ἀλλ’
3310 4676 3651 4746 ὲκπομπεύει

2079 4779 2141 4830 τὸ
2160 4778 2350 4847 χρῆμα
2403 4775 2504 4844 τῆς
2556 4764 2810 4842 θεωρίας·
2856 4755 3066 4843 πλᾶνην
3113 4772 3159 4824 δ’
3194 4769 3488 4825 ἀποκαλῶν
3517 4767 3653 4821 αὐτὸ

2079 4872 2175 4922 καί
2215 4868 2518 4936 σατανικὴν
2568 4868 2862 4936 ἐπήρειαν,
2918 4865 2988 4917 τά
3030 4865 3258 4916 πλεῖστα
3289 4864 3384 4916 τοῦ
3445 4865 3652 4928 πάθους

2078 4963 2158 5023 είς
2187 4960 2613 5020 Μασσαλιανοὺς
2658 4957 2916 5025 ἀνέφερε,
2972 4954 3041 5008 δι’
3100 4949 3176 5010 ὧν
3232 4956 3651 5025 συνεγεγράφει.

2078 5054 2202 5116 Τοῖς
2240 5054 2419 5119 λόγοις
2450 5051 2656 5122 ἆρόὒν
2704 5049 2945 5118 ἐντυχὼν
2993 5047 3281 5116 Παλαμᾶς,
3342 5045 3545 5116 μᾶλλον
3596 5047 3654 5098 δὲ

2080 5145 2389 5213 κεκλοφὼς,
2418 5142 2669 5213 διορύξας
2696 5143 2795 5209 τὴν
2827 5141 3009 5192 οἰκίαν
3059 5140 3193 5192 ὅπου
3218 5154 3309 5206 ’γε
3334 5138 3395 5190 τὺ
3450 5136 3655 5207 βιϐλίον

2078 5236 2509 5305 διερευνώμενος
2563 5236 2887 5303 ἀνίχνευσεν
2951 5231 3351 5300 ὲγκεκρύφθαι,
3399 5232 3460 5296 ἐξ
3509 5234 3655 5284 ἀντι-

2081 5328 2238 5381 θέτου
2274 5330 2608 5398 λογογραφεῖ
2650 5327 2746 5396 τὴν
2791 5324 3073 5388 ἀσέϐειαν,
3100 5323 3339 5387 ἀπλανὲς
3366 5324 3465 5394 μὲν
3511 5318 3655 5375 εἶναι

2079 5422 2138 5473 τὸ
2166 5420 2280 5489 φῶς
2314 5423 2490 5472 ἐκεῖνο
2524 5419 2623 5486 τῆς
2653 5419 2861 5487 πλάνης
2889 5416 3306 5482 ὑποτιθέμενος,
3359 5415 3655 5485 ἐλαχίστην

2081 5512 2138 5565 δὲ
2170 5514 2260 5565 καὶ
2292 5512 2521 5583 μηδενὸς
2566 5510 2723 5573 ἀξίαν
2758 5510 2889 5580 πρὸς
2919 5509 3049 5563 αὐτὸ
3092 5524 3155 5575 γε
3210 5507 3389 5560 δοκεῖν
3436 5505 3537 5576 τὴν
3558 5502 3653 5557 τοῦ
