4088 6422
353 399 454 463 681

1092 400 1724 464 PALAMITICARUM
1762 399 2509 463 TRANSGRESSIONUM
2562 402 2819 464 LIBER.

3489 400 3595 462 ϐὃὲ

350 514 486 568 θεοῦ
512 514 894 585 δημιουργίαν.
929 514 1138 569 οὔκουν
1179 533 1243 582 γε
1286 515 1474 568 λοιπὸν
1518 515 1627 568 τῶν
1681 514 1915 568 κτιστῶν

2019 513 2222 578 lumen,
2256 515 2656 584 minimumque
2685 531 2748 571 ac
2775 516 2976 571 nullius
3005 516 3164 586 pretii
3201 517 3319 583 ejus
3373 531 3597 588 compa-

345 603 487 661 εἶναι
519 608 612 661 καὶ
661 609 866 661 δούλων
917 607 1226 660 διετείνετοο
1290 607 1427 660 ἀλλά
1479 607 1616 660 Θεὸν
1660 607 1914 660 ἀκτιστον

343 699 725 754 τοῦτ’ὲπενόει
783 702 875 753 καὶ
909 699 1139 769 θεότητα
1186 701 1390 770 κυρίως
1435 699 1770 772 δημιουργὸν
1817 698 1912 751 τοῦ

346 792 568 854 παντός.

414 1083 866 1150 Περιφανέστατα
918 1083 965 1136 δ’
1013 1078 1173 1146 αὖθις
1224 1083 1584 1152 ἐλεγχόμενος
1627 1082 1733 1136 ὑπὸ
1769 1083 1914 1150 Βαρ-

341 1176 491 1243 λαάμ
511 1175 591 1228 ἔτι
628 1175 867 1244 μάλιστα
893 1177 963 1228 τὰ
996 1176 1400 1229 Μασσαλιανῶν
1429 1175 1526 1229 καλ⁵
1571 1177 1790 1245 φρονεῖν
1818 1174 1913 1227 καὶ

333 1267 756 1336 ’τερατευεσθαι,
805 1269 942 1338 πρὸς
971 1269 1096 1322 τίνα
1135 1269 1344 1336 τόλμαν
1389 1270 1417 1321 ὁ
1461 1268 1634 1331 δεινὸς
1669 1267 1761 1320 καὶ
1792 1266 1916 1319 ὲπί-

341 1377 568 1428 τριπτος
597 1361 961 1428 καταφεύγει,
1009 1361 1104 1414 καὶ
1129 1361 1181 1412 τί
1214 1360 1310 1414 τοῦ
1357 1359 1596 1428 πονηροῦ
1630 1356 1912 1428 θησαυροῦ

342 1453 441 1520 τῆς
489 1450 657 1504 αὐτοῦ
689 1451 919 1522 καρδίας
973 1452 1366 1522 ὲξερεύγεται;
1432 1451 1761 1520 Περιφρονετ
1812 1449 1914 1518 μὲν

341 1543 516 1614 ἀρχὰς
566 1544 1038 1615 καικυριότητας
1073 1547 1167 1600 καὶ
1218 1545 1442 1615 Θρὸνους
1489 1544 1587 1596 καὶ
1640 1542 1913 1608 ἐξουσίας,

342 1633 476 1686 εἵσω
506 1633 560 1686 δὲ
593 1633 806 1701 γίνεται
836 1633 995 1698 Θεοῦ,
1043 1637 1140 1688 καὶ
1173 1635 1508 1705 διερευνᾶται
1550 1633 1619 1687 τὰ
1653 1633 1792 1704 βάθη
1824 1634 1915 1686 καὶ

341 1725 409 1776 τὰ
433 1725 640 1794 κρύφια
680 1725 778 1794 τῆς
798 1724 1080 1793 δυνάμεως
1107 1727 1295 1787 αὑτοῦ,
1323 1727 1420 1780 καὶ
1453 1727 1649 1794 γυμνοί
1679 1727 1778 1794 μὲν
1816 1725 1915 1795 τὴν

343 1815 437 1868 τοῦ
481 1815 620 1868 Θεοῦ
651 1817 841 1870 οὐσίαν
865 1817 1090 1886 ταύτης,
1123 1817 1248 1872 καθ’
1297 1819 1366 1888 ἣν
1411 1813 1638 1884 εἷναί-τε
1685 1817 1913 1872 δύναται

343 1907 438 1960 καὶ
467 1905 569 1976 ζῇν
597 1907 825 1961 δύναται
847 1924 860 1939 ·
899 1908 1076 1978 διιστᾷ
1107 1910 1151 1962 δ’
1181 1909 1276 1964 ἀπ’
1312 1908 1558 1978 ἀλλήλων
1586 1911 1770 1979 μέτρῳ
1801 1910 1914 1962 δαιδ

346 1998 516 2068 μονίῳ
546 2000 639 2054 καὶ
665 1999 951 2070 διαφοραῖς
987 2002 1196 2066 ἄλλαις,
1229 2003 1294 2065 ἃς
1329 2003 1664 2056 ἀκούσεσοε’
1707 2006 1910 2072 ὀνομα-

343 2091 552 2144 τοθετεῖ
579 2092 635 2145 δὲ
659 2091 722 2144 τὸ
751 2093 867 2160 φῶς
895 2095 1074 2148 ἐκεῖνο
1102 2096 1202 2163 τῆς
1239 2096 1446 2164 πλάνης
1475 2095 1574 2165 τὴν
1602 2095 1749 2163 ζωὴν
1775 2093 1916 2150 εἶναι

343 2185 437 2237 καὶ
465 2183 564 2252 τὴν
593 2183 825 2252 δύναμιν
854 2185 949 2238 τοῦ
975 2186 1133 2248 Θεοῦ,
1165 2187 1351 2239 οὐκέτι
1373 2188 1437 2240 δὲ
1467 2185 1564 2256 τὴν
1594 2188 1784 2239 οὐσίαν
1817 2190 1916 2241 αὐσ-

341 2275 470 2328 τοῦο
503 2275 568 2327 ἶν’
597 2275 814 2347 ἐκφύγῃ
837 2276 996 2342 δῆθεν
1035 2277 1535 2359 ἀσεϐείφχειρίστῃ
1586 2277 1916 2330 Μασσαλια-

342 2369 535 2436 νισμδν
569 2369 918 2440 κουφότερον,
954 2370 1177 2423 ἐκείνων
1208 2371 1421 2424 ἀκούων
1442 2371 1575 2440 δρᾷν
1605 2369 1703 2438 τὴν
1728 2370 1918 2424 οὐσίαν

343 2459 437 2513 τοῦ
469 2459 605 2514 Θεοῦ
646 2461 1081 2531 διατεινομὲνων.
1113 2463 1570 2533 Εὑπρεπὲστερον
1609 2463 1716 2532 γὰρ
1743 2463 1920 2532 ἦγητο

342 2550 420 2620 τῷ
465 2554 597 2621 παρ’
640 2552 809 2606 αὐτοῦ
844 2554 986 2622 φωτὶ
1036 2553 1135 2623 τὴν
1180 2555 1410 2621 δύναμιν
1459 2553 1723 2623 ἁρμόσαι,
1859 2553 1920 2606 τὺ

345 2643 581 2715 φοϐερὸν
609 2648 868 2716 πρόσεστι
918 2650 984 2718 τῇ
1030 2647 1127 2700 τοῦ
1187 2648 1324 2700 Θεοῦ
1349 2647 1529 2718 οὐσίᾳ,
1565 2647 1664 2701 καὶ
1710 2646 1920 2716 ταύτην

342 2736 478 2805 δρᾷν
510 2735 570 2788 τὸ
611 2736 727 2806 φῷς
753 2736 939 2805 οὖσαν,
973 2739 1116 2809 ἢπερ
1151 2738 1580 2802 Μασσαλιανοὺς
1628 2731 1920 2793 τόὕλαττον

345 2827 588 2897 ἔχοντας.

416 3130 914 3201 Συ·ίκαλυψάμενος
939 3130 1123 3184 τοίνυν
1153 3130 1244 3185 τὸν
1273 3131 1394 3187 νέον
1420 3131 1607 3187 τοῦτον
1628 3132 1722 3188 καὶ
1749 3135 1919 3206 πρόσ-

2027 607 2238 661 ratione
2267 607 2432 661 videri
2464 608 2660 662 divinae
2721 624 2860 677 opus
2916 611 3230 665 ereationis.
3311 609 3428 664 Jam
3487 614 3593 666 ita-

2024 711 2131 764 que
2187 697 2238 750 in
2299 697 2405 750 illis
2447 699 2608 752 rebus
2675 698 3094 768 haudquaquam
3169 703 3591 763 numerandum,

2023 803 2146 858 qua:
2183 796 2366 843 creata
2431 789 2539 842 sint
2564 797 2618 842 et
2667 805 2845 856 serva,
2908 791 3223 847 allirmare:
3282 795 3374 850 sed
3426 795 3594 848 Deum

2024 881 2324 935 inereatum
2355 893 2420 934 ac
2454 880 2718 935 Deitatem
2770 899 2955 938 rerum
2983 885 3148 954 hujus
3208 888 3592 946 universitatis

2023 986 2150 1026 vere
2179 973 2497 1027 creatricem
2531 974 2706 1041 ipsum
2742 977 3121 1032 considerare.

2093 1082 2538 1140 Manifestissime
2589 1095 2770 1142 autem
2818 1105 3011 1145 rursus
3058 1108 3088 1146 a
3127 1093 3415 1150 Barlaamo
3462 1113 3599 1152 eon-

2025 1175 2236 1231 lutatus
2297 1188 2461 1247 atque
2524 1180 2830 1244 convictus,
2877 1184 3056 1238 adhuc
3104 1189 3340 1242 maxime
3407 1189 3599 1243 Massi-

2026 1265 2298 1320 lianorum
2361 1282 2525 1322 sensu
2584 1267 2867 1334 laborare,
2939 1289 3238 1344 eorumque
3288 1279 3478 1334 deliria
3536 1297 3601 1337 ac

2026 1359 2307 1412 mendacia
2338 1359 2535 1424 colere,
2577 1361 2881 1429 prmfractze
2925 1367 3164 1420 audacia:
3221 1370 3382 1424 homo
3420 1381 3594 1425 teme-

2024 1447 2205 1502 rarius
2239 1463 2304 1503 ac
2342 1448 2662 1517 sceleratus,
2709 1451 3018 1523 perfugium
3067 1459 3283 1524 quaerit,
3320 1463 3600 1516 nonnihil-
3676 1504 3678 1506 τ

2024 1553 2130 1606 que
2176 1548 2388 1594 eructat
2432 1555 2498 1595 ex
2536 1543 2681 1596 malo
2729 1543 2988 1600 thesauro
3022 1548 3204 1603 cordis
3256 1552 3362 1605 sui.
3396 1551 3599 1623 Nempe

2025 1630 2330 1684 contemnit
2359 1630 2718 1702 ,Prineipatus
2764 1645 2818 1691 et
2862 1636 3304 1708 Dominationes,
3343 1644 3600 1700 Thronos

2025 1733 2247 1788 quoque
2287 1729 2340 1773 et
2377 1719 2709 1790 Potestates,
2742 1726 3012 1798 lintraque
3049 1729 3140 1784 Dei
3177 1732 3356 1787 sinum
3393 1735 3600 1789 irrum—

2027 1823 2183 1877 pens,
2217 1811 2337 1877 ejus
2375 1812 2607 1868 Virtutis
2646 1814 2911 1883 profunda
2937 1819 3156 1887 altaque
3184 1832 3502 1891 scrutatur;
3533 1842 3598 1881 ac

2028 1869 2046 1877 -
2172 1869 2179 1871 ν
2246 1869 2262 1877 -
2646 1869 2658 1883 .
2885 1869 2910 1871 μ
3184 1869 3452 1878 --η---η-
3487 1869 3502 1891 ,
3533 1869 3598 1881 -ν

1953 1869 1992 1922 Β
2023 1899 2116 1954 Dei
2155 1901 2374 1969 quidem
2420 1905 2713 1959 essentiam
2743 1908 2832 1961 illa
2879 1911 3048 1963 nudat
3083 1912 3283 1968 virtute
3317 1931 3426 1985 qua
3475 1933 3600 1972 esse

2020 1997 2199 2056 potest
2245 2001 2406 2062 atque
2459 1996 2666 2061 vivere,
2736 2010 3062 2068 separamue
3120 2004 3188 2057 ab
3235 2006 3465 2061 invicem
3497 2026 3596 2065 ex-

2020 2096 2175 2136 cessu
2227 2085 2483 2148 mirabili,
2531 2087 2762 2159 aliisque
2795 2093 3139 2160 diﬂ‘erentiis,
3174 2113 3312 2165 quas
3353 2101 3593 2157 audituri

2019 2177 2174 2229 estis.
2214 2175 2534 2247 Nomenque
2583 2181 2870 2252 imponens
2916 2201 2980 2240 ac
3029 2188 3344 2257 indigitans,
3392 2197 3598 2249 erroris

2021 2265 2202 2320 lumen
2243 2268 2397 2333 illud,
2442 2271 2534 2325 Dei
2582 2274 2746 2328 vitam
2783 2291 2909 2331 esse
2941 2278 3072 2333 dicit
3118 2292 3282 2349 atque
3316 2284 3592 2350 virtutem,

2021 2375 2126 2413 non
2158 2361 2279 2430 ejus
2301 2365 2592 2418 essentiam
2622 2384 2634 2432 ;
2665 2369 2900 2436 pessima
2936 2372 3194 2428 nimirum
3227 2376 3522 2445 impietate,
3567 2397 3598 2435 a

2023 2453 2480 2522 Massalianismo,
2525 2459 2668 2527 quod
2717 2461 2891 2516 levius
2922 2475 3025 2527 est,
3063 2481 3119 2519 ειν
3153 2467 3269 2536 ipse
3314 2469 3553 2527 liberans
3579 2481 3630 2535 ς·

2023 2559 2160 2613 quos
2186 2545 2518 2603 afﬁrmantes
2547 2550 2783 2615 audiret,
2827 2553 2917 2606 Dei
2965 2570 3024 2608 se
3055 2558 3349 2612 essentiam
3386 2561 3592 2614 videre.

2021 2635 2450 2694 Convenieutius
2501 2655 2737 2710 namque
2778 2644 3148 2712 existimavit,
3199 2663 3300 2703 suo
3353 2651 3427 2704 illi
3482 2651 3596 2721 lgni

2023 2729 2281 2783 virtutem
2333 2741 2522 2801 aptare
2551 2747 2648 2787 seu
2687 2738 3007 2803 potentiam,
3057 2755 3162 2808 qua
3199 2739 3291 2795 Dei
3343 2744 3598 2796 essentiae

2024 2824 2284 2892 competit
2321 2833 2380 2876 ut
2427 2827 2704 2879 trememla
2739 2829 2830 2891 sit,
2863 2838 3028 2897 atque
3071 2833 3210 2885 hanc
3253 2833 3453 2898 videre,
3489 2835 3599 2889 Lu-

2025 2929 2140 2968 cem
2175 2917 2526 2972 exsistcntem
2548 2961 2562 2986 ,
2607 2919 2802 2976 minori
2849 2939 2961 2992 pra:
2988 2923 3331 2982 Massalianis
3361 2945 3495 2987 ausu
3531 2948 3597 2985 ac

2023 3009 2368 3076 compendio.

2095 3123 2401 3190 Contegcns
2457 3125 2639 3195 itaque
2670 3144 2868 3182 novum
2915 3131 3057 3185 hunc
3102 3142 3265 3202 atque
3314 3147 3585 3191 reeeutem

345 3239 514 3291 φατον
544 3221 678 3275 Θεὸν
701 3220 779 3292 τῷ
808 3222 907 3292 τῆς
935 3223 1213 3292 ἐνεργείας
1239 3223 1333 3276 καὶ
1358 3223 1640 3293 δυνάμεως
1665 3223 1915 3294 ὀνόματι,

2024 3218 2193 3274 Deum
2218 3221 2553 3290 operationis
2589 3225 2810 3278 nomine
2835 3232 3000 3295 atque
3046 3231 3289 3292 virtutis,
3341 3247 3439 3286 nec
3487 3250 3620 3286 unn-

346 3315 442 3366 καὶ
467 3312 544 3383 τῷ
582 3313 722 3382 φωτὶ
761 3313 857 3382 τῆς
906 3313 1000 3366 τοῦ
1049 3314 1256 3384 Κυρίου
1291 3315 1786 3386 Μεταμορφώσεως
1813 3318 1917 3387 (oi-

344 3405 624 3475 κειότερον
657 3404 766 3475 γὰρ
811 3405 1076 3476 ἁρμόζειν
1103 3398 1271 3471 ἀὑτῷ
1318 3406 1407 3460 διὰ
1435 3407 1535 3477 τὴν
1593 3409 1920 3477 ὁμωνυμίαν
1959 3473 1965 3476 _

346 3494 665 3566 ἁνεύρισκε)
698 3510 711 3526 ⁸
739 3496 877 3567 πρὸς
921 3498 1135 3560 τούτοις
1169 3497 1226 3549 δὲ
1260 3497 1354 3550 καὶ
1393 3501 1457 3569 τῇ
1494 3499 1678 3569 χάριτι
1710 3500 1802 3553 καλ⁵
1847 3501 1916 3570 τῇ

342 3587 546 3657 δωρεᾷ,
571 3587 665 3640 καὶ
687 3588 801 3650 τοῖς
826 3587 1008 3650 ἄλλοις
1033 3584 1116 3650 οἷς
1147 3587 1330 3642 εἰώθει
1378 3591 1517 3659 πρὸς
1542 3591 1761 3660 ἀπάτην
1791 3593 1917 3644 ἐπι·-

342 3678 596 3748 λέγεσθαι
649 3678 757 3732 τῶν
786 3679 1024 3744 πολλῶν,
1066 3679 1211 3733 οὕτω
1250 3681 1460 3750 προῆγε
1497 3683 1595 3736 καὶ
1648 3683 1917 3751 ὑπέφαινε

345 3770 645 3839 φωνασκῶν
661 3771 748 3824 διὰ
780 3770 954 3825 πάντα
983 3774 1075 3824 τὸν
1109 3771 1264 3838 λόγον
1291 3774 1382 3824 καὶ
1412 3773 1764 3840 ὑπομειδιῶν.
1795 3776 1918 3829 Μά-

343 3879 443 3934 την
477 3863 588 3933 ἄρα
615 3862 803 3916 λοιπὸν
833 3863 973 3934 πρὸς
992 3863 1088 3926 τὰς
1113 3862 1222 3915 τῶν
1251 3865 1583 3932 Παλαμιτῶν
1623 3868 1915 3939 ἐπιφορὰς,

345 3947 431 4016 αἷς
484 3954 776 4007 πεποίθασι
813 3955 904 4008 τὸν
959 3956 1078 4007 νέον
1131 3957 1562 4025 περικαλύπτειν
1612 3958 1769 4024 Θεὸν,
1818 3962 1918 4023 τὰς

345 4045 661 4116 ἀποκρίσεις
703 4047 852 4115 ἡμᾶς
889 4047 1219 4114 ἀντεπὰγειν
1243 4061 1258 4076 ⁸
1313 4050 1583 4117 προσήκει
1625 4050 1682 4103 δὲ
1718 4052 1916 4120 μᾶλλον

344 4137 704 4206 ἐπανέρεσϐαι
734 4139 952 4202 αὐτοὺς.
1005 4141 1051 4192 εί
1091 4141 1346 4205 ἄκτιστός
1381 4143 1497 4196 ἐστι
1526 4143 1658 4208 Θεὸς
1684 4146 1744 4198 τὸ
1778 4163 1917 4213 φαν-

343 4227 640 4297 ταζόμενον
681 4230 863 4294 αὐτοῖς
894 4232 1072 4285 ἐκεῖνο
1120 4233 1237 4302 φῶς
1257 4249 1287 4306 °_
1320 4233 1480 4288 τοῦτο
1515 4237 1623 4306 γὰρ
1659 4237 1754 4289 καὶ
1811 4256 1916 4290 πα-

349 4319 619 4388 ραστῆσαι
643 4319 1054 4391 βεσουλημένοι,
1079 4328 1214 4394 πρὸς
1243 4302 1343 4388 {ac
1376 4302 1764 4392 dtonwtvdzouc
1788 4329 1918 4382 ταύ-

344 4427 440 4471 τας
467 4411 767 4466 ἀπέκλιναν
799 4413 1096 4484 διαιρέσεις
1129 4419 1223 4470 καὶ
1253 4420 1588 4489 κατατομὰς.
1621 4423 1714 4474 Δεῖ
1736 4421 1916 4475 τοίνυν

343 4501 529 4555 λοιπὸν
561 4507 686 4567 τοὺς
735 4507 1166 4574 ἐντυγχάνοντας
1195 4511 1296 4578 τὴν
1343 4513 1520 4582 ἀρχὴν
1562 4515 1689 4584 περὶ
1719 4516 1915 4569 τούτου

2023 3311 2230 3366 lumine
2269 3313 2465 3367 divina:
2509 3314 3010 3372 transformationis
3061 3320 3206 3388 (hoc
3239 3324 3385 3376 enim
3422 3327 3594 3393 magis

2021 3403 2124 3456 sibi
2187 3418 2486 3474 congruere
2531 3407 2762 3471 invenit,
2811 3410 2882 3461 oh
2929 3411 3166 3472 nominis
3209 3415 3318 3467 alio
3376 3415 3594 3484 alioque

2020 3509 2184 3548 sensu
2231 3497 2696 3567 usurpationem),
2731 3500 2907 3569 gratia
2960 3502 3086 3555 item
3123 3503 3377 3573 donoque
3400 3523 3464 3560 ac
3507 3523 3596 3569 reg

2018 3587 2202 3656 liquis,
2251 3604 2375 3657 quae
2422 3605 2742 3659 percensere
2796 3593 3024 3656 solebat,
3076 3595 3143 3647 ad
3213 3595 3372 3663 vulgo
3432 3599 3590 3651 iuue-

2019 3681 2268 3736 etendam
2306 3681 2573 3745 fraudem,
2612 3685 2667 3736 in
2714 3699 2838 3738 eum
2887 3685 3109 3738 modum
3150 3688 3494 3766 procedebat,
3529 3705 3593 3744 ac

2021 3788 2115 3841 per
2144 3773 2326 3826 omnia
2348 3783 2694 3828 exercentem
2723 3789 2908 3828 vocem
2939 3776 3041 3829 sub
3066 3777 3344 3844 phonasco
3371 3795 3434 3832 ac
3457 3784 3584 3833 sub-

2019 3865 2285 3918 ridentem
2324 3864 2638 3922 exhibebat.
2671 3865 2897 3920 Frustra
2927 3867 3038 3934 jam
3087 3868 3250 3936 igitur
3281 3879 3382 3932 est,
3419 3879 3476 3923 ut
3519 3873 3587 3925 ad

2021 3956 2411 4010 Palamilarum
2443 3957 2741 4023 illationes,
2771 3959 2972 4022 quibus
3002 3975 3204 4013 novum
3237 3960 3404 4014 Deum
3435 3965 3591 4016 obte-

2012 4045 2135 4099 gere
2153 4031 2438 4082 conlidunt
2483 4033 2864 4098 responsiones
2884 4047 3097 4092 nostras
3117 4048 3537 4111 oppanamusm
3570 4076 3600 4090 «-

2012 4128 2204 4185 ectque
2230 4120 2398 4187 inagis
2421 4129 2481 4174 ut
2518 4137 2610 4175 eos
2631 4123 3028 4195 interrogemus
3053 4148 3064 4182 :
3089 4149 3215 4186 num
3242 4136 3384 4202 quod
3411 4139 3596 4194 auiu‘to

2015 4209 2294 4264 inﬁrmant
2331 4212 2626 4282 videatque
2669 4214 2888 4284 lumen,
2937 4219 3080 4276 Deus
3128 4225 3408 4281 increatus
3452 4235 3597 4284 exsi-

2013 4311 2140 4354 stat.
2185 4300 2300 4358 Hoc
2324 4319 2562 4375 namque
2590 4309 2755 4361 etiam
2804 4323 3046 4366 statuere
3078 4317 3342 4382 volentes,
3399 4327 3464 4375 ad
3498 4326 3600 4376 ab-

2016 4396 2372 4453 surdissiutas
2405 4400 2502 4455 has
2539 4403 2963 4460 declinaverunt
2987 4409 3291 4466 divisiones
3321 4429 3384 4468 ac
3413 4419 3600 4470 conci-

2019 4488 2226 4543 siones.
2257 4488 2375 4545 Jam
2413 4491 2578 4562 igitur
2609 4478 2790 4562 operte
2826 4501 3062 4566 pretium
3101 4503 3194 4562 sit,
3233 4515 3293 4558 ut
3326 4508 3418 4574 qui
3460 4509 3599 4561 allo-

344 4595 494 4660 σφίσι
527 4565 1002 4664 διαλέγεσθαίτοῦ
1032 4565 1231 4666 φωτδς,
1251 4565 1916 4676 ’τᾶλλ’ἢέῶνταςχαίρειν

2021 4594 2288 4648 quuntur,
2315 4583 2382 4635 de
2410 4584 2510 4636 hoc
2537 4585 2773 4653 primum
2807 4591 3015 4644 lumine
3039 4593 3342 4662 disputent,
3371 4600 3598 4667 reliquis

345 4686 598 4756 μακράνο
656 4688 751 4740 καὶ
800 4688 1036 4756 φανερὸν
1074 4692 1139 4743 ὲκ
1189 4691 1394 4748 τούτων
1442 4697 1592 4748 ἐστὶν
1645 4697 1915 4768 ἀνευρεῖν,

339 4777 463 4831 δοεν
510 4772 716 4848 ἦρξατό
753 4779 1017 4860 Παλαμᾶς
1051 4779 1231 4851 λέγειν
1273 4801 1334 4836 τε
1388 4785 1486 4839 καὶ
1519 4790 1741 4858 συγχεῖν
1789 4790 1920 4860 περὶ

340 4886 568 4924 τουτων.

415 4984 534 5038 Ἔτι
570 4987 668 5056 μιᾷ
699 4986 904 5058 ἑκάστῃ
939 4987 1048 5040 τῶν
1081 4988 1407 5058 ἐπιστημῶν
1450 4992 1808 5062 προσήκουσά
1829 5011 1916 5059 τις

339 5075 699 5145 ἀναφαίνεται
730 5079 763 5146 ἡ
791 5079 956 5149 ἀρχή.
994 5079 1180 5133 Ἔστιν
1216 5081 1304 5150 ἄρ’
1350 5076 1444 5134 οὖν
1491 5085 1554 5135 ἐκ
1587 5083 1695 5136 τῶν
1725 5085 1912 5156 ἀρχῶν

341 5165 650 5235 σκέψασθαι
680 5167 772 5221 τὸν
803 5169 1168 5239 ἐπιστήμονα,
1213 5171 1349 5240 πρὸς
1381 5169 1525 5241 ἅπερ
1557 5172 1708 5242 αὖτῷ
1747 5165 1914 5228 τείνει

337 5257 437 5327 τῆς
455 5261 914 5332 πραγματείαςή
951 5263 1194 5331 μέθοδος,
1241 5260 1307 5334 ἦς
1339 5267 1480 5336 ἀρχὴ
1525 5266 1644 5318 τόδε
1676 5284 1729 5320 τι
1777 5285 1911 5337 τυγ-

340 5350 494 5418 χάνει
522 5352 602 5406 ὃν.
650 5352 792 5406 Ἀλλ’
837 5356 871 5424 ή
901 5355 1012 5406 τῶν
1041 5356 1372 5426 Παλαμιτῶν
1402 5358 1544 5429 ἁρχὴ
1574 5362 1639 5412 ἐκ
1680 5361 1915 5429 φιλονει-

340 5442 464 5506 κίας
499 5449 590 5497 καὶ⁸
627 5446 829 5515 μάχης,
857 5447 934 5510 ὼς
971 5448 1282 5518 ὴκηκόειτε,
1331 5451 1670 5520 καθέστηκεο
1705 5454 1916 5520 συμϐα-

339 5531 453 5586 λεῖν
484 5534 528 5587 δ’
583 5536 779 5591 οὐκοῦν
818 5539 882 5590 ὲκ
912 5540 1118 5594 τούτων
1143 5541 1220 5594 ἔνι
1245 5544 1340 5596 καὶ
1363 5543 1464 5615 τὴν
1499 5545 1682 5598 πᾶσαν
1734 5545 1916 5598 αὐτῶν

343 5627 472 5695 περὶ
500 5628 568 5680 τὰ
601 5628 868 5701 λεγόμενα
896 5636 1304 5702 πραγματείαν.

417 5827 536 5882 Ἔτι
570 5829 599 5882 δ
632 5829 836 5902 Κύριος
860 5842 1050 5901 φησιν,
1084 5852 1104 5886 ‹
1157 5833 1254 5889 Ἐκ
1292 5837 1384 5892 τοῦ
1422 5839 1656 5913 πονηροῦ
1707 5841 1912 5916 θησαυο

613 5961 615 5964 ‹
681 5925 946 5985 Pyrum"
995 5929 1112 5988 Gn.
1159 5931 1332 5992 CLll.

2018 4671 2209 4736 procul
2245 4672 2424 4724 valere
2449 4671 2658 4740 jussis;
2698 4676 2935 4747 hincque
2960 4679 3095 4734 adeo
3127 4683 3416 4740 manifeste
3447 4688 3600 4744 inve-

2022 4761 2143 4814 nire
2177 4763 2361 4826 liceat,
2405 4765 2547 4818 unde
2583 4763 2834 4823 i'alamas
2877 4772 2943 4824 de
2973 4772 3057 4826 bis
3091 4773 3240 4843 loqui
3273 4793 3337 4833 ac
3366 4783 3600 4835 conl‘un~

2017 4849 2149 4905 dere
2177 4856 2524 4919 occmptarit.

2089 4967 2380 5033 l’ratlerea,
2419 4973 2651 5043 singulis
2693 4976 2940 5032 scientiis
2971 4990 3136 5048 atque
3179 4984 3416 5050 artibus,
3466 5002 3604 5042 cou-

2018 5061 2249 5114 veniens
2278 5064 2553 5131 quoddam
2584 5077 2812 5137 apparet
2862 5070 3224 5140 principium.
3252 5073 3405 5130 Licet
3434 5079 3604 5149 igitur

2017 5167 2082 5205 ex
2117 5153 2404 5222 principiis
2435 5157 2741 5226 despicere,
2771 5161 2890 5214 viro
2919 5163 3148 5217 scientia
3183 5176 3415 5235 arteque
3463 5186 3602 5238 prae-

2019 5247 2155 5310 dito,
2202 5263 2312 5314 quo
2346 5249 2419 5301 illi
2471 5254 2671 5321 negotii
2721 5255 2859 5308 ratio
2909 5256 3106 5325 viaque
3150 5271 3384 5333 spectet,
3438 5265 3600 5330 cujus

2019 5340 2347 5408 principium
2384 5343 2526 5398 istud
2561 5345 2842 5414 quidpiam
2877 5351 3130 5404 exsistat.
3162 5352 3326 5420 Atqui
3369 5353 3602 5406 l‘alami-

2020 5439 2198 5484 tarum
2229 5433 2559 5502 principium
2583 5452 2646 5489 ex
2674 5440 3028 5494 contentione
3060 5441 3307 5510 rixaque,
3340 5443 3604 5509 quemad-

2021 5522 2241 5575 modum
2273 5525 2525 5586 audistis,
2559 5529 2777 5582 exstitit
2806 5545 2821 5594 ;
2858 5530 2985 5585 hinc
3018 5532 3198 5601 itaque
3228 5533 3500 5600 conjicere
3530 5534 3600 5586 li-

2019 5623 2124 5676 cet,
2173 5631 2426 5683 quaenam
2464 5620 2533 5673 sit
2571 5623 2754 5677 omnis
2792 5622 3006 5678 illorum
3047 5637 3248 5689 strues,
3304 5627 3370 5678 de
3393 5625 3601 5694 quibus

2017 5723 2199 5761 sermo
2227 5711 2466 5764 exsistit.

2092 5820 2362 5878 Prmterea
2393 5825 2459 5880 ait
2500 5825 2806 5884 Do'ninus:
2848 5850 2867 5882 ι
2899 5831 2972 5886 De
3007 5833 3148 5886 man
3182 5835 3442 5891 thesauro
3476 5851 3599 5893 cor-
