4088 6412
457 370 566 433 68'!

1623 365 1954 428 JOANNIS
1995 367 2572 432 CYPARISSIOTJE

3622 374 3732 442 684

456 490 542 542 dis
566 495 768 543 exeunt
800 485 940 539 mala
970 485 1041 537 ’³.
1067 502 1084 535 t
1126 481 1295 548 Quasi
1333 481 1558 546 diceret,
1597 481 1674 535 Ex
1715 482 1874 536 malis
1909 496 2044 535 eau-

2154 484 2250 556 ροῦ
2276 487 2376 556 τῆς
2407 487 2639 554 καρδίας
2687 484 3002 560 ἐξέρχονται
3041 488 3252 559 πονηρά
3278 505 3291 520 ·
3325 507 3344 542 t
3383 489 3588 544 ὡσανεὶ
3619 493 3734 546 ελε-

458 581 554 633 sis.
589 576 716 630 ntali
746 592 968 646 quoque
997 582 1254 628 eventus.
1282 574 1458 642 Atque
1491 573 1606 626 haec
1651 582 1879 626 secutus
1915 574 2044 626 (ire.

457 672 646 740 gorius
676 668 1025 738 Tltcologns:
1059 684 1078 716 ι
1113 665 1378 719 Malorum
1417 685 1436 716 ι
1466 665 1638 729 enim,
1674 664 1878 734 inquit,
1910 683 1927 714 ι
1959 679 2047 719 se-

458 776 665 816 nnnunt
703 761 847 813 mala
909 757 1154 826 germina
1196 772 1261 811 ac
1323 756 1560 810 fructus.
1609 775 1627 807 ι
1670 754 1937 809 Prteterea
1991 754 2044 807 in

458 853 568 907 illis
597 852 850 906 Salvator
886 851 1001 903 ait:
1042 869 1062 900 ‹
1094 848 1168 901 Ex
1203 849 1384 902 fructu
1413 847 1669 900 arborem
1703 859 2045 914 congnosce-

459 948 528 1000 tis
558 945 700 1000 ¹⁶·’⁷.
747 965 765 996 ι
801 943 964 1010 Quasi
999 943 1251 1006 diceret,
1297 956 1365 995 ex
1407 939 1695 993 eventibus
1752 938 2043 1006 principia.

458 1040 732 1107 Uti-inque
779 1038 943 1107 igitur
993 1034 1368 1104 deprehendat
1402 1033 1530 1102 quis
1584 1032 1872 1084 eiitiosam
1924 1046 2048 1084 esse

455 1132 852 1186 Palamitarum
897 1129 1196 1184 insaniam.
1227 1127 1357 1182 Sive
1391 1129 1534 1180 enim
1568 1124 1633 1176 ad
1670 1123 1817 1176 illius
1845 1121 2049 1190 princi-

455 1225 543 1294 pia
595 1223 842 1278 animum
892 1221 1231 1281 attenderit,
1294 1235 1358 1273 ex
1407 1217 1767 1274 contentione
1817 1216 2046 1284 rixaqne

457 1322 655 1374 horum
707 1319 976 1389 originem
1027 1313 1366 1378 adverterit;
1423 1317 1538 1368 sive
1583 1310 1823 1379 denique
1870 1309 1938 1363 ad
1981 1325 2044 1363 ea

395 1437 403 1444 -
454 1427 577 1479 lllliL‘
619 1417 946 1471 evenerunt,
991 1408 1230 1476 pessima
1261 1404 1389 1459 hinc
1430 1401 1685 1467 conﬂata,
1723 1401 1800 1454 uti
1857 1410 2045 1454 osten-

455 1506 636 1566 detur,
677 1503 1040 1572 perspexerit.

513 1593 801 1668 Praeterea
844 1610 910 1646 ne
951 1593 1067 1660 ipse
1115 1590 1336 1660 quidem
1388 1589 1688 1660 impietatis
1737 1599 1932 1645 auctor
1982 1602 2046 1644 ae

457 1705 658 1758 parens
687 1686 971 1740 veritatem
1011 1685 1248 1750 obticet;
1283 1683 1375 1737 sed
1408 1683 1562 1738 velut
1590 1683 1685 1750 qui
1721 1698 1846 1739 cum
1883 1698 1950 1734 eo
1981 1697 2047 1737 ac

367 1811 377 1817 ς
455 1797 554 1852 per
601 1780 754 1832 illum
795 1777 1059 1846 loquitur,
1111 1794 1130 1828 ι
1159 1774 1300 1842 Quid
1337 1774 1497 1828 nobis
1529 1787 1584 1828 et
1634 1773 1735 1828 tibi
1785 1782 1890 1829 est.
1941 1771 2044 1827 Fili

458 1874 552 1926 Dei
580 1873 665 1925 ’⁸⁸3
701 1891 719 1922 ι
756 1871 1119 1925 conﬁtebatur
1157 1886 1172 1922 ;
1225 1869 1305 1922 sic
1335 1882 1435 1922 nec
1479 1867 1589 1930 ille,
1639 1867 1876 1937 coepisse
1914 1881 1976 1922 se
2014 1881 2046 1920 a
2079 1839 2120 1894 Β

454 1963 807 2019 contentione
839 1971 1006 2015 tacet.
1050 1959 1108 2013 ln
1135 1974 1198 2014 ea
1239 1960 1413 2026 enim,
1463 1973 1629 2027 quam
1677 1956 2039 2026 conscripsit,

453 2060 597 2112 lide:
638 2077 656 2108 ι
708 2053 900 2124 N..-que
938 2055 1055 2107 hate
1101 2052 1394 2116 dixissem,
1433 2052 1636 2121 inquit,
1678 2051 1784 2105 nisi
1829 2051 1882 2103 in
1925 2049 2047 2115 ejus

453 2152 550 2222 qui
595 2148 941 2204 contradicat
987 2145 1371 2200 necessitatem
1414 2146 1714 2207 venissem,
1763 2157 1863 2213 per
1913 2156 2046 2197 cen-

454 2245 609 2303 trarii
648 2241 1012 2298 obnitentiatn
1053 2239 1104 2292 in
1149 2253 1278 2292 eum
1322 2249 1606 2292 certamen
1657 2235 1988 2304 suscipiens.
2022 2252 2040 2284 ι

451 2334 807 2394 Necessitatis
851 2334 1020 2405 igitur
1049 2342 1264 2403 partus,
1306 2330 1706 2400 contrarioque
1756 2328 2048 2383 obluctan-

452 2433 525 2485 tia
559 2429 860 2485 certamina
886 2444 900 2481 :
935 2427 992 2480 id
1023 2435 1129 2491 est,
1159 2423 1547 2479 contentiones
1569 2423 1811 2490 rixaeque
1832 2419 2040 2475 decan-

454 2533 565 2577 tata
614 2523 702 2576 illa
735 2521 1012 2586 Palatnae;
1045 2535 1222 2589 eaque
1277 2519 1417 2573 ratio
1450 2526 1536 2573 est
1569 2532 1668 2570 cur
1705 2517 1771 2570 ad
1815 2515 1907 2570 illa
1952 2529 2051 2584 ag-

453 2631 678 2685 gressus
730 2616 823 2670 sit.
857 2613 1079 2684 Alioqui
1125 2613 1273 2666 enim
1311 2612 1380 2665 de
1413 2610 1520 2666 illis
1554 2624 1624 2665 ne
1667 2608 1889 2664 locutus
1922 2609 2050 2678 qui-

455 2711 578 2765 dem
606 2719 776 2774 esset,
810 2708 956 2777 quod
991 2716 1044 2760 et
1071 2704 1278 2760 invitus
1313 2702 1542 2758 fatetur.

1067 2817 1300 2878 CAPUT
1341 2816 1432 2872 IV.

459 2943 676 3000 Erroris
696 2946 1056 3014 symptomata
1077 2939 1288 3014 jactare
1313 2945 1470 3005 atque
1500 2933 1716 3003 referre,
1740 2942 1794 2986 tit
1830 2931 2046 3002 propria

809 3009 908 3066 sua
937 3022 1072 3064 recte
1104 3009 1249 3078 facta
1275 3018 1430 3077 atque
1453 3021 1693 3058 munera.

527 3105 965 3162 Convenientius
1028 3112 1216 3157 autem
1272 3100 1562 3163 videatur,
1613 3105 1674 3151 ut
1727 3106 1856 3151 ante
1903 3094 2042 3161 alia,

2150 597 2269 647 γεν,
2316 580 2404 646 Ἐξ
2437 582 2630 636 αἰτίων
2667 583 2922 654 πονηρῶν
2964 584 3202 654 πονηραὶ
3234 584 3330 638 καὶ
3369 586 3426 638 αἱ
3455 585 3733 650 ὲκῦἀσεις.

2149 671 2377 736 Τούτοις
2427 676 2521 726 καὶ
2565 676 2594 728 δ
2628 674 2892 745 Θεολόγος
2939 674 3365 747 ἐξηκολουοήκει
3407 676 3731 746 Γρηγόριος,

2151 783 2176 817 ,ι
2219 765 2481 836 ῐίονηρῶν
2516 768 2646 836 γὰρ,
2685 785 2704 818 t
2743 769 2900 837 φησὶ,
2935 784 2954 818 ι
3017 768 3352 838 σπερμάτων
3403 767 3620 839 πονηρὰ
3667 770 3734 820 τὰ

2150 858 2435 928 γεώργια·
2488 879 2506 911 ι
2544 859 2711 914 πάλιν
2767 860 2814 913 δ’
2851 862 2908 912 ἐν
2961 860 3195 922 ἐκείνοις
3225 861 3254 914 ὁ
3301 859 3493 929 Σωτὴρ
3543 861 3731 928 φησὶν.

2159 969 2177 1004 ι
2219 953 2314 1005 Ἐκ
2343 953 2436 1006 τοῦ
2470 953 2686 1024 καρποῦ
2710 955 2771 1006 τὸ
2799 953 3018 1024 δένδρον
3041 956 3412 1020 ἐπιγνώσεσθε
3433 973 3448 990 ο
3485 973 3504 1006 ›
3531 954 3735 1010 ὡσανεὶ

2148 1043 2356 1113 ἔλεγεν,
2400 1045 2496 1100 Ἐκ
2519 1045 2627 1099 τῶν
2657 1046 2938 1100 ἐκϐάντων
2966 1046 3066 1110 τὰς
3098 1047 3292 1118 ἀρχάς.
3326 1046 3465 1118 Παρ’
3493 1047 3734 1119 ικάτερα

2149 1138 2440 1210 τοιγαροῦν
2470 1141 2536 1194 ἄν
2569 1157 2655 1204 τις
2685 1141 2787 1211 τὴν
2819 1142 3152 1211 Παλαμικὴν
3177 1141 3499 1211 φωράσαιτο
3533 1144 3734 1212 μανίαν

2148 1231 2404 1302 ὀλεθρῐαν
2448 1228 2638 1287 οὖσαν.
2683 1233 2810 1286 Εἴτε
2855 1233 2966 1304 γὰρ
3019 1235 3160 1305 πρὸς
3187 1235 3286 1297 τὰς
3318 1234 3496 1304 ἀρχὰς
3561 1236 3736 1304 αὐτῆς

2148 1324 2346 1388 ἐπίδοι,
2379 1328 2443 1378 ὲκ
2491 1325 2828 1393 φιλονεικίας
2858 1327 2951 1380 καὶ
3002 1327 3185 1398 μάχης
3228 1327 3516 1394 ἠργμένος
3563 1326 3735 1389 αὐτὰς

2148 1415 2216 1468 ἂν
2239 1416 2338 1468 ίδοι
2358 1434 2374 1449 ⁸
2407 1416 2519 1470 εἴτε
2554 1417 2664 1488 μὴν
2697 1419 2832 1487 πρὸς
2855 1419 2925 1472 τὰ
2957 1419 3094 1489 παρ’
3119 1418 3293 1486 αὐτῆς
3331 1419 3590 1480 ἐκϐάντα,
3625 1421 3739 1490 χεί·

2152 1508 2292 1578 ριστ’
2321 1508 2410 1572 ἂν,
2447 1508 2523 1571 ὡς
2555 1509 2926 1580 δειχθήσεται,
2960 1511 3173 1564 κατίδοι
3203 1512 3272 1564 τὰ
3299 1514 3594 1581 γενόμενα.

2225 1601 2347 1653 Ἔτι
2395 1601 2504 1654 οῦδ⁹
2531 1601 2694 1662 αὐτὸς
2729 1604 2758 1654 ὁ
2789 1603 2891 1672 τῆς
2941 1603 3201 1667 ἀσεϐείας
3241 1605 3426 1674 πατὴρ
3477 1604 3738 1657 ὑποστέλ-

2150 1691 2301 1742 λεται
2332 1690 2434 1760 τὴν
2469 1691 2727 1762 ἀλήθειαν
2746 1707 2759 1720 ·
2789 1692 2906 1745 ἀλλ’
2934 1691 3126 1765 ὥσπερ
3151 1695 3178 1748 δ
3203 1694 3300 1747 σὺν
3337 1693 3506 1764 αὐτῷ,
3547 1694 3644 1749 καὶ
3665 1695 3715 1749 δι

2149 1784 2320 1837 αὐτοῦ
2369 1784 2568 1851 λαλῶν,
2609 1804 2629 1836 ι
2669 1785 2735 1838 Τί
2772 1787 2906 1856 ἡμῖν
2948 1787 3044 1840 καὶ
3074 1789 3178 1854 σοὶ,
3221 1787 3319 1840 Υίὲ
3362 1787 3458 1841 τοῦ
3496 1787 3672 1855 Θειοῦς
3708 1799 3729 1840 t

2149 1878 2514 1949 ἀνωμολόγει,
2547 1879 2657 1932 οὐδ’
2690 1880 2855 1941 αὐτὸς
2885 1882 2961 1952 μὴ
2991 1882 3054 1934 ἐκ
3084 1880 3419 1950 φιλονεικίας
3460 1881 3734 1951 ἄρξασθαι

2152 1973 2354 2038 σιωπᾷ.
2405 1973 2492 2024 Ἐν
2519 1974 2629 2043 γὰρ
2656 1975 2721 2042 τῇ
2751 1972 2880 2043 παρ’
2905 1973 3073 2026 αὑτοῦ
3107 1974 3493 2047 συγγραφείσῃ
3523 1975 3730 2038 πίστει,

2155 2083 2174 2116 ι
2211 2065 2345 2118 Οὐδὲ
2381 2065 2554 2133 ταῦτα
2586 2060 2743 2118 εἷπον
2772 2065 2859 2131 ἂν,
2893 2085 2912 2117 ι
2952 2067 3141 2136 φησὶν,
3173 2085 3192 2118 ι
3223 2069 3272 2120 εί
3306 2067 3379 2138 μὴ
3403 2069 3542 2135 πρὸς
3571 2068 3736 2136 ἀνάγ-

2149 2175 2255 2228 κην
2295 2153 2460 2229 ἦλθον
2505 2157 2602 2212 τοῦ
2640 2159 3045 2225 ἀντιλέγοντος,
3100 2161 3240 2213 κατὰ
3287 2160 3736 2230 ἀντιπερίστασιν

2151 2253 2286 2322 πρὸς
2321 2256 2526 2307 ἐκεῖνον
2556 2252 2985 2324 ἀγωνιζόμενος.
3034 2273 3052 2307 ι
3076 2255 3352 2324 Ἀνάγκης
3406 2250 3501 2308 οὖν
3535 2253 3739 2323 ἔκγονα

2149 2345 2244 2397 καὶ
2279 2345 2784 2416 ἀντιπεριστάσεως
2813 2345 3047 2412 ἀγῶνες,
3077 2345 3257 2397 εῐτουν
3287 2345 3614 2413 φιλονεικίαι
3641 2347 3739 2400 καὶ

2148 2437 2324 2508 ἔριδες
2355 2439 2422 2492 τὰ
2449 2438 2527 2509 τῷ
2575 2437 2812 2510 Παλαμᾷ
2847 2436 3246 2508 θρυλλούμενα,
3281 2438 3380 2491 καὶ
3409 2435 3498 2492 διά
3529 2437 3736 2507 ταύτην

2147 2528 2249 2599 τὴν
2289 2529 2474 2583 αἰτίαν
2523 2529 2663 2600 πρὸς
2701 2530 2841 2584 αὐτὰ
2880 2531 3330 2601 παρορμήσαντι.
3370 2531 3577 2596 ’Ἄλλως
3628 2533 3738 2602 γὰρ

2148 2619 2251 2674 οὐκ
2274 2620 2343 2676 ἂν
2379 2621 2511 2716 περὶ
2534 2621 2745 2676 τούτων
2778 2621 2956 2690 ἔλεγε,
2990 2623 3086 2677 καὶ
3113 2623 3265 2678 ἄκων
3307 2623 3585 2694 ὁμολογεῖ.

2746 2822 3002 2879 ΚΕΦΑΛ.
3044 2825 3120 2880 Δ⁹.

2151 2933 2356 3004 Ὅπως
2395 2937 2468 2992 τὰ
2496 2936 2610 3006 τῆς
2643 2939 2892 3014 πλάνης
2923 2943 3364 3013 συμπτώματα,
3408 2947 3489 3014 ὡς
3515 2947 3741 3005 ἑαυτοῦ

2525 3010 2952 3079 κατορθώματα
2979 3010 3361 3085 λογογραφεῖ.

2222 3100 2678 3174 Εῦπρεπέστερον
2701 3101 2750 3155 δ’
2782 3104 2850 3157 ἂν
2880 3103 2968 3173 εἴη
3005 3105 3111 3175 πρὸ
3137 3107 3248 3160 τῶν
3280 3107 3460 3162 ἄλλων
3489 3110 3738 3182 ἀφηγοῦ-

457 3209 814 3258 enarrantem
856 3198 1010 3251 illum
1046 3194 1410 3249 exbibeamus
1438 3189 1700 3246 ferventis
1727 3189 1914 3244 cordis
1958 3190 2044 3244 sui

2153 3210 2318 3264 μενον
2341 3193 2510 3247 αὐτὸν
2547 3195 2903 3265 παραστῆσαι
2937 3197 3006 3249 τὰ
3046 3197 3277 3268 ζεούσης
3304 3199 3473 3253 αὐτοῦ
3507 3177 3739 3274 καρδίας

459 3304 643 3348 motus
663 3301 721 3346 et
749 3288 1172 3351 exsultationes,
1195 3283 1418 3355 altoque
1440 3293 1666 3354 pectore
1692 3281 2049 3337 incendentes

457 3397 625 3456 atque
671 3385 944 3454 spirantes
975 3381 1165 3450 igneas
1197 3376 1585 3432 contorsiones
1621 3384 1680 3430 et
1719 3371 2042 3428 conversio-

461 3493 580 3542 nes,
610 3489 789 3545 quue
818 3487 955 3529 naso
983 3471 1313 3544 'l‘ypltonum
1342 3483 1498 3524 more
1525 3475 1621 3522 aut
1645 3466 2044 3521 Cbintairarum

456 3567 775 3642 exsilientes
825 3565 1038 3619 calores
1091 3560 1498 3630 scintillasque,
1543 3573 1608 3613 ac
1649 3556 1890 3626 reliquos
1940 3554 2040 3609 ab-

459 3663 664 3718 surdos
695 3660 890 3730 pulsus
919 3655 1316 3725 discordesque
1334 3661 1656 3723 conceptus,
1682 3649 1883 3718 quibus
1913 3661 2051 3718 prae-

456 3752 717 3807 euntibus
745 3757 842 3803 aut
865 3745 1302 3804 consistentibus
1333 3741 1423 3798 vel
1449 3741 1809 3812 sequentibus
1842 3738 2048 3793 erroris

457 3849 642 3901 lumen
702 3841 835 3897 illud
885 3840 1141 3895 scaturit.
1198 3835 1270 3892 Ut
1310 3838 1476 3907 igitur
1524 3833 1816 3889 brevitatis
1855 3845 2046 3896 causa,

457 3942 719 4012 pleraque
750 3939 919 4000 illius,
945 3947 1001 3988 et
1031 3934 1096 3987 ad
1124 3933 1312 4002 plures
1344 3931 1576 3998 scripta,
1605 3938 1952 3996 praeteream,
1977 3941 2044 3979 ea

456 4033 904 4090 commemorabo
936 4043 1056 4096 qua:
1091 4028 1156 4080 ad
1193 4025 1405 4079 Menam
1449 4023 1604 4098 illum
1646 4022 1894 4090 scripsit.
1949 4021 2047 4074 lio-

459 4128 665 4187 tninem
717 4121 929 4178 scilicet
967 4117 1303 4172 tnirabiliutn
1337 4116 1610 4171 visionum
1651 4109 2050 4180 alﬂatuumque

459 4217 783 4292 laniat-ium
811 4233 825 4268 :
857 4232 878 4266 ι
911 4212 1011 4267 Sin
1040 4222 1222 4266 autem
1255 4207 1482 4278 aliquis,
1520 4207 1726 4273 inquit,
1757 4219 1866 4259 non
1901 4203 2047 4258 reci-

460 4317 539 4385 pit
604 4309 1029 4367 exsultationem
1102 4305 1362 4360 salutaris
1425 4300 1728 4365 Christi”,
1789 4306 2051 4368 quamet

458 4410 745 4483 gestientis
775 4403 1130 4475 agitationem
1181 4399 1372 4454 multis
1403 4397 1540 4452 locis
1578 4395 1771 4451 Patres
1821 4406 2050 4449 vocave-

460 4514 587 4560 runt
609 4513 664 4556 et
703 4499 1002 4570 spirantem
1039 4499 1326 4558 virtutem,
1355 4505 1420 4545 ac
1451 4489 1685 4543 viventis
1715 4486 1900 4541 cordis
1931 4501 2048 4541 mo-
2082 4522 2124 4578 Β

458 4600 688 4658 tiunem,
723 4594 811 4646 hic
845 4589 990 4654 talis,
1038 4597 1194 4658 puto,
1227 4585 1346 4655 ejus
1381 4581 1615 4638 necdum
1662 4595 1882 4635 sensum
1920 4594 2048 4648 per-

458 4692 624 4761 cepit.
653 4706 673 4740 ι
713 4687 1036 4752 Rursusque
1070 4682 1124 4735 in
1153 4681 1390 4735 iisdem:
1429 4693 1448 4728 t
1479 4676 1679 4728 Beatus
1701 4684 1884 4726 autent
1920 4673 2051 4724 Am-

459 4788 681 4845 l-aeum,
715 4779 932 4849 qualem
965 4789 1068 4828 nos
1101 4773 1366 4843 Spiritum
1401 4767 1657 4837 accipere
1687 4765 1820 4820 dicit
1867 4774 1922 4819 et
1953 4778 2045 4834 pa.

461 4891 583 4929 rere
629 4872 674 4902 ³⁸
717 4871 740 4923 ‘!
788 4867 980 4923 Nonne
1037 4861 1249 4920 Domini
1305 4858 1433 4915 .Iesu
1463 4900 1480 4921 ,
1530 4858 1584 4911 in
1632 4855 1758 4928 igne
1813 4854 2053 4909 amantis

461 4965 734 5031 fidelibus,
760 4979 823 5018 ac
852 4962 1083 5018 salutem
1110 4954 1394 5026 implentis
1415 4953 1438 5006 ’ἒ
1462 4950 1725 5018 Quisnam
1752 4963 1884 5004 veno
1905 4947 2049 5020 ignis

458 5058 696 5129 ﬂagellat
750 5040 1029 5110 daemones
1063 5053 1291 5119 eosque
1349 5045 1529 5116 fugat,
1583 5043 2048 5113 quemadmodum

460 5156 658 5210 beatus
696 5149 859 5204 Pater
895 5147 1140 5200 Joannes
1174 5138 1350 5196 dicit?
1392 5136 1590 5192 Nonne
1633 5134 1851 5189 Domini
1891 5133 2048 5200 .Iesu,

459 5250 554 5319 qui
588 5250 733 5302 intus
775 5246 990 5304 animo,
1035 5236 1184 5292 illius
1237 5231 1632 5289 recordatione
1683 5226 2054 5284 accenditur?

393 5323 413 5332 η
460 5343 608 5400 Odor
654 5336 922 5394 Altissimi
959 5330 1218 5404 quisnam
1276 5324 1444 5391 alius,
1480 5321 1588 5403 nisi
1643 5321 1831 5378 fervor
1863 5336 1930 5376 ac
1957 5337 2054 5376 ca-

460 5437 546 5492 lor
573 5433 853 5504 Spiritus,
903 5425 999 5495 qui
1059 5431 1114 5476 et
1174 5432 1574 5487 nonnunquam
1616 5431 1680 5471 ex
1724 5429 1887 5484 naso,
1943 5428 2051 5484 qua

463 5543 623 5584 nemo
656 5522 893 5592 esplieet
934 5518 1168 5574 ratione.
1223 5512 1591 5582 egreditur?»
1647 5510 1766 5575 llis,
1816 5509 2053 5577 aliisque

461 5622 714 5693 piuribus
742 5613 1027 5678 collectis,
1081 5609 1369 5677 sacrisque
1419 5607 1650 5663 vocibus
1697 5605 2049 5668 commisus,

535 5803 583 5835 ’⁸
614 5801 804 5857 Matth.
846 5815 947 5860 xu,
981 5798 1093 5865 55;
1132 5796 1264 5854 Luc.
1302 5813 1374 5863 vr,
1409 5797 1498 5852 45.

464 5874 509 5905 ³⁸
552 5874 654 5928 lsa.
696 5888 830 5939 uti,
868 5872 957 5924 ts.

1607 5799 1722 5831 ’συιτ
1756 5794 1947 5850 Matth.
1976 5806 2076 5862 xu,
2113 5793 2204 5849 55.

2150 3285 2278 3357 κινή
2289 3303 2436 3354 ματα
2460 3287 2554 3340 καὶ
2577 3288 2953 3357 σκιρτήματα,
2985 3289 3201 3353 καὶτὰς
3222 3290 3566 3356 ἑξαπτούσας
3589 3294 3740 3348 ἔνδον

2150 3380 2247 3433 καὶ
2280 3378 2552 3442 πνεούσαις
2578 3380 2839 3450 πυρίνους
2863 3380 3132 3446 ἀνελίξεις
3161 3384 3254 3436 καὶ
3283 3383 3616 3453 συστροφὰς,
3643 3387 3740 3438 καὶ

2150 3473 2248 3536 τὰς
2284 3475 2350 3526 ὲκ
2399 3473 2500 3542 τῆς
2559 3475 2707 3544 ῥινὸς
2755 3473 2901 3528 κατά
2949 3476 3080 3539 τοὺς
3130 3474 3449 3548 τυφῶναςῆ
3491 3478 3587 3530 καὶ
3634 3478 3737 3542 τὰς

2152 3563 2422 3635 χιμαίρας
2470 3565 2722 3629 ἐξιούσας
2773 3565 3008 3635 θέρμας,
3036 3567 3133 3620 καὶ
3161 3566 3330 3621 τᾶλλα
3355 3568 3467 3622 τῶν
3515 3567 3739 3623 ἀτόπων

2151 3659 2391 3730 παλμῶν
2448 3662 2544 3714 καὶ.
2599 3659 2990 3715 ἀσυνδυάστων
3043 3661 3493 3732 ὲγκυμονήσεων,
3545 3661 3613 3714 δι’
3658 3657 3738 3715 ὦν

2151 3752 2478 3824 ἡγουμένων
2508 3751 2541 3823 ἢ
2593 3753 3010 3821 συνισταμένων
3039 3753 3072 3823 ἢ
3110 3755 3207 3808 καὶ
3253 3754 3646 3824 μεθεπομένων
3676 3756 3738 3811 τὸ

2152 3845 2270 3915 φῶς
2295 3845 2475 3898 ὲκεῐνο
2505 3843 2605 3913 τῆς
2637 3844 2852 3916 πλάνης
2895 3844 3270 3916 ἀναπηγάζει.
3307 3847 3425 3900 Ἵνα
3455 3848 3639 3902 τοίνυν
3666 3847 3739 3901 τὰ

2152 3935 2292 4004 πρὸς
2322 3938 2466 4000 τοῦς-
2487 3936 2717 4001 πολλοὺς
2741 3935 2915 4006 αὐτῷ,
2942 3937 3040 3991 καὶ
3072 3938 3142 3991 τὰ
3183 3935 3379 4006 πλείω,
3405 3939 3568 4010 παρῶ
3607 3958 3739 3994 ουν-

2151 4032 2350 4100 τομίας
2379 4030 2588 4093 εἵνεκα,
2621 4029 2730 4083 τῶν
2759 4029 2896 4099 πρὸς
2937 4031 3130 4098 Μηνᾶν
3156 4031 3363 4084 ἐκεῖνον
3403 4033 3745 4104 ἐπεσταλμέ-

2155 4141 2261 4176 νων
2297 4122 2712 4195 μνησθήσομαι,
2743 4122 2975 4193 μερίτην
3007 4123 3138 4176 ὅντα
3168 4123 3363 4179 τοῦτον
3389 4124 3501 4177 τῶν
3531 4123 3742 4195 θαυμαο

2155 4215 2298 4268 στῶν
2326 4216 2575 4284 ὁράσεων
2601 4214 2698 4268 καὶ
2726 4213 2937 4268 παθῶν.
2977 4234 2998 4266 ι
3037 4215 3098 4269 El
3117 4215 3174 4269 δέ
3207 4233 3315 4280 τις,
3349 4234 3370 4268 ι
3399 4218 3590 4286 φησὶν,
3625 4235 3644 4269 ι
3675 4217 3740 4270 οὐ

2153 4303 2529 4372 παραδέχεται
2585 4303 2686 4372 τὴν
2749 4302 3078 4371 ἀγαλλίασιν
3135 4303 3234 4357 τοῦ
3295 4305 3579 4374 Σωτηρίου
3644 4306 3741 4360 τοῦ

2153 4396 2419 4466 Χριστοῦ,
2459 4397 2599 4466 ὅπερ
2627 4396 2720 4450 καὶ
2764 4397 3052 4468 σκίρτημα
3091 4396 3364 4468 πολλαχοῦ
3401 4399 3450 4450 οἱ
3491 4399 3737 4468 Πατέρες

2155 4488 2427 4543 ἐκάλεσαν
2453 4489 2548 4542 καὶ
2575 4489 2849 4544 πνέουσαν
2878 4490 3136 4559 δύναμιν,
3166 4491 3262 4544 καὶ
3301 4490 3529 4560 καρδίας
3556 4491 3740 4560 ζώσης

2155 4579 2388 4650 κίνημα,
2416 4581 2445 4633 ὁ
2477 4581 2742 4648 τοιοῦτος,
2778 4578 2954 4652 οῖμαι,
2991 4584 3178 4651 ἀκμὴν
3204 4583 3304 4636 οὐκ
3344 4581 3590 4654 ῂσθάνθη
3640 4583 3740 4634 αὖ-

2156 4674 2277 4742 τῆς.
2316 4691 2334 4724 ι
2373 4675 2486 4726 Καὶ
2517 4673 2684 4727 πάλιν
2705 4675 2764 4726 ἐν
2796 4677 2908 4737 τοῖς
2948 4673 3156 4739 αὐτοῖς,
3205 4691 3224 4725 ι
3269 4675 3600 4745 ’Δμὸακοῦμ
3628 4675 3684 4728 δὲ
3717 4675 3744 4727 ὁ

2159 4763 2307 4828 Θεϊος
2346 4767 2500 4818 ποῖον
2531 4764 2758 4836 Πνεῦμα
2793 4766 2997 4835 φάσκει
3022 4763 3212 4818 λαϐεῖν
3238 4767 3389 4836 ἡμᾶς
3415 4767 3510 4818 καὶ
3533 4769 3742 4832 τεκείν;

2161 4853 2298 4924 Οὐχὶ
2332 4854 2424 4908 τοῦ
2471 4855 2683 4924 Κυρίου
2724 4855 2926 4925 Ἰησοῦ,
2970 4856 3068 4908 τοῦ
3121 4855 3472 4926 ἐνεργοῦντος
3518 4856 3576 4908 ἐν
3610 4856 3747 4927 πυρὶ

2159 4949 2272 5009 τοῖς
2310 4949 2547 5012 πιστοῖς,
2586 4949 2680 5000 καὶ
2735 4949 3012 5018 σωτηρίαν
3058 4946 3429 5018 πληροῦντος;
3477 4948 3639 5001 Ποῖον
3687 4949 3745 5000 δὲ

2163 5040 2276 5112 πῦρ
2301 5040 2562 5112 μαστίζει
2587 5041 2714 5103 τοὺς
2745 5040 3011 5108 δαίμονας
3043 5041 3138 5092 καὶ
3187 5039 3486 5108 φυγαδεύει
3523 5041 3749 5104 αὐτοὺς,

2104 5147 2106 5150 '
2160 5132 2236 5196 ὦς
2270 5150 2435 5203 φησιν
2483 5133 2740 5202 Ἰωάννης
2769 5134 2798 5186 ὁ
2849 5132 2996 5196 θεῖος
3035 5131 3264 5203 ΙΙατήρ;
3296 5132 3372 5186 Οῦ
3399 5131 3494 5185 τοῦ
3542 5134 3749 5202 Κυρίου
3800 5173 3827 5190 ι,

2175 5227 2376 5298 Ἰησοῦ,
2409 5228 2501 5281 τοῦ
2533 5228 2592 5280 ὲν
2618 5228 2682 5297 τῇ
2737 5228 2928 5296 μνήμῃ
2965 5223 3130 5278 αὐτοῦ
3177 5223 3510 5289 ὲξάπτοντος
3559 5223 3750 5290 Evam;

2173 5321 2351 5392 Ὀσμὴ
2379 5320 2436 5374 δὲ
2485 5319 2742 5389 Ὑψίστου
2795 5320 2926 5372 ποία.
2953 5317 3121 5387 ἑτέρα
3158 5317 3206 5369 εί
3239 5318 3321 5386 μὴ
3352 5317 3385 5385 ἠ
3437 5315 3617 5386 θέρμη
3653 5315 3749 5369 τοῦ

2163 5415 2482 5486 Πνεῦματος
2503 5430 2516 5444 ·
2545 5414 2669 5482 ἥτις
2698 5411 2829 5466 ποτὲ
2864 5411 2956 5465 καὶ
2976 5411 3040 5463 ἐκ
3073 5411 3172 5480 τῆς
3204 5409 3352 5481 ῥινὸς
3382 5410 3638 5480 ἀρρήτως
3661 5410 3755 5472 ἐξ.

2161 5510 2416 5580 έρχεται;
2454 5525 2476 5561 ι
2510 5504 2702 5584 Ταῦτά
2726 5520 2790 5573 γε
2825 5506 2919 5584 καὶ
2951 5503 3126 5557 πλείω
3150 5501 3504 5572 συνειλοχὼς,
3531 5502 3626 5554 καὶ
3651 5502 3755 5570 {Si};

2163 5620 2332 5673 μασιν
2383 5581 2552 5665 ὁσίοις
2588 5581 2986 5669 ἐγκαταμίξας,
3015 5595 3207 5668 ὥσπερ
3235 5597 3292 5650 ot
3332 5597 3438 5660 τὰς
3467 5595 3752 5664 ἀμορφίας

2309 5791 2352 5822 ³⁸
2378 5788 2550 5848 Marc.
2591 5803 2632 5853 ι,
2671 5785 2773 5853 23;
2827 5783 2962 5841 Luc.
3022 5797 3094 5850 iv,
3127 5784 3220 5842 41.
3316 5779 3364 5812 ’⁸
3389 5779 3528 5836 Luc.
3561 5797 3598 5846 t,
3661 5783 3747 5838 46.
