4088 6418
405 401 509 466 68Ἷ

1585 401 1914 464 JOANNIS
1945 403 2512 466 CYPARISSIOTXE

3587 399 3696 466 698

413 534 534 574 rum
556 525 828 572 eraterum
863 529 1012 570 more
1054 527 1186 568 naso
1221 522 1576 585 erumpentes
1609 516 1820 571 calores
1853 517 1997 586 quod

2111 519 2367 589 πηδώσας
2414 518 2554 574 κατά
2602 517 2728 581 τοὺς
2780 518 3096 581 Σικελικο“ς
3153 515 3438 591 κρατῆρας
3481 519 3570 572 διὰ
3601 520 3701 590 τῆς

411 627 474 667 ex
530 609 616 664 bis
650 608 906 662 omnibus
950 607 1250 662 conﬂatum
1321 616 1503 674 esset,
1545 607 1727 678 ignem
1757 609 2000 663 divinum

411 706 682 769 vocitans,
720 703 966 757 divinum
1004 703 1052 756 ei
1099 700 1504 757 circumfusum
1536 702 1746 767 lumen,
1779 713 1833 758 et
1869 703 2003 758 sub-

409 797 670 853 stantiam
713 809 776 848 ac
807 795 1104 848 essentiam
1146 801 1310 861 atque
1342 794 1748 863 operationem,
1802 795 2006 849 illumi-

411 900 630 944 nantem
654 887 994 942 etluceutem
1027 895 1197 955 atque
1224 884 1505 940 amantem
1540 899 1784 950 sanctos,
1819 889 1884 940 ad
1907 905 2004 945 eos

409 981 766 1045 dedicandos,
798 981 923 1046 IIOC,
962 989 1019 1033 ut
1052 990 1106 1034 et
1147 979 1320 1034 Deum
1361 981 1749 1034 universorum
1786 985 2002 1050 inspec-

407 1083 580 1127 torem
634 1073 1078 1136 demonstraret,
1123 1071 1329 1141 quibus
1374 1071 1596 1127 loeutus
1647 1083 1762 1138 est,
1814 1091 2002 1129 versus

405 1179 507 1223 CSI.

1034 1277 1266 1335 CAPUT
1307 1279 1369 1334 V.

409 1417 692 1483 Quomodo
747 1415 1000 1470 Palamas
1034 1429 1097 1466 ea:
1135 1412 1315 1466 multis
1347 1411 1670 1480 diversisque
1703 1410 1855 1466 libris
1885 1413 1999 1466 suis

477 1506 540 1543 ac
588 1487 918 1542 sermonibus
990 1500 1181 1537 norunt
1225 1485 1424 1537 erroris
1469 1483 1659 1544 Deum,
1704 1484 1920 1536 luminis
1949 1484 2001 1536 in

479 1561 691 1613 modum
721 1557 1090 1610 consistentem
1136 1555 1450 1622 fabricetur,
1488 1563 1677 1607 cuncta
1703 1565 2001 1623 crepantem

477 1647 596 1700 qua:
632 1629 793 1682 unius
833 1628 925 1681 Dei
970 1633 1118 1680 sunt.

476 1746 608 1802 Tale
636 1748 821 1813 itaque
862 1743 1067 1804 lumen,
1111 1755 1291 1812 exque
1327 1739 1528 1796 talibus
1557 1739 1793 1794 saltibus
1827 1751 1998 1808 atque

2112 615 2259 684 ῥινὸς
2298 613 2531 685 θέρμας,
2563 612 2624 666 τὺ
2665 612 2753 665 διὰ
2791 612 3010 665 πάντων
3057 611 3266 665 τούτων
3298 613 3556 682 σύστημα
3589 611 3698 682 πῦρ

2109 707 2385 776 ὀνομάσας
2411 707 2620 771 θεῖκδν,
2653 707 2744 760 καὶ
2769 706 2885 775 φῶς
2909 706 3342 776 περικεχυμένον
3359 704 3510 773 αὑτῷ
3534 705 3699 770 θεῖον,

2061 860 2064 862 γ
2109 799 2200 852 καὶ
2233 799 2534 852 ὑπόστασιν
2569 800 2662 852 καὶ
2698 798 2890 851 οὐσίαν
2929 797 3022 849 καὶ
3074 798 3387 866 ἐνέργειαν,
3433 794 3700 863 φωτίζου-

2111 907 2211 942 σαν
2238 890 2331 942 καὶ
2356 888 2681 958 λάμπουσαν
2711 889 2804 942 καὶ
2847 891 3178 958 ὲνεργουσαν
3207 889 3336 944 τοὺς
3372 886 3556 950 ἀξίους
3607 887 3699 940 ἐπὶ

2109 985 2170 1036 τὸ
2203 983 2546 1052 θεοποιῆσαι,
2574 981 2733 1034 τοῦτο
2763 984 2855 1035 καὶ
2905 983 3040 1034 Θεὶν
3067 978 3346 1045 ἀπ·.δεῖξαι
3372 978 3467 1033 τοῦ
3499 981 3700 1043 παντὸς

2109 1073 2324 1144 ἔφορον,
2365 1068 2549 1135 δι’-ὧν
2600 1068 2752 1126 εἶπεν
2802 1074 3091 1145 ἐτράπετο.

2727 1277 2971 1331 ΚΕΦΛΛ.
3009 1275 3083 1330 Ε’.

2111 1422 2316 1485 Ὅπως
2353 1420 2440 1481 ἐκ,
2466 1417 2717 1472 πολλῶν
2751 1417 2846 1470 καὶ
2887 1415 3190 1485 διαφόρων
3219 1415 3442 1468 ἑαυτοῦ
3475 1417 3697 1480 λόγων,

2180 1491 2249 1544 τὸ
2292 1488 2404 1557 τῆς
2455 1489 2698 1552 πλάνης
2739 1487 2819 1554 ὡς
2858 1487 2985 1556 φῶς
3041 1485 3496 1557 συνιστάμενον
3557 1485 3700 1557 νέον·

2178 1555 2568 1628 ἀνοικοδομεῖ
2617 1558 2788 1625 Θεὸν,
2821 1555 3020 1611 πάντα
3067 1555 3448 1627 κομπάζοντα
3480 1561 3550 1612 τὰ
3595 1555 3702 1610 τοῦ

2175 1633 2371 1701 μόνου
2398 1630 2569 1685 Θεοῦ.

2179 1747 2254 1800 Τὸ
2290 1746 2391 1815 μὲν
2421 1745 2487 1817 δὴ
2530 1745 2793 1810 τοιοῦτον,
2828 1743 2925 1798 καὶ
2975 1747 3041 1824 ὲκ
3084 1745 3346 1799 τοιούτων
3392 1745 3703 1815 σκιρτημά-

408 1841 596 1911 ignitis
643 1839 904 1903 motibus,
942 1836 1202 1891 sensibile
1230 1849 1293 1889 ac
1335 1833 1520 1889 colore
1551 1835 1822 1888 imbutum
1874 1843 1957 1887 est
1982 1872 1998 1898 ,

2107 1857 2216 1894 των
2249 1839 2344 1893 καὶ
2392 1839 2502 1892 τῶν
2549 1839 2794 1908 πυρίνων
2833 1837 3126 1908 κινήσεων,
3157 1837 3417 1906 αἰσθητὸν
3459 1838 3554 1891 καὶ
3607 1855 3700 1890 κε-

407 1937 570 2006 quale
601 1931 840 2001 denique
873 1930 1053 1984 solent
1105 1927 1252 1982 haud
1297 1942 1424 1982 raro
1464 1943 1494 1981 a
1523 1938 1649 1998 potu
1681 1936 1998 1997 surgentes,

405 2040 460 2084 et
489 2026 579 2084 ubi
618 2027 885 2096 tantisper
926 2025 977 2079 in
1011 2022 1255 2078 tenebris
1289 2023 1504 2092 seipsos
1539 2023 1887 2087 incluserint,
1918 2022 2000 2075 in-

406 2133 488 2178 tra
519 2137 646 2177 mox
677 2130 944 2190 extraque
975 2118 1188 2172 viscera
1221 2114 1623 2172 circumfusum
1665 2115 1873 2180 videre,
1898 2111 2002 2168 Pa-

406 2219 581 2271 lamas
632 2212 1089 2271 utidicebamus.
1141 2224 1208 2264 ex
1261 2210 1622 2265 contentione
1685 2223 1870 2272 orsus,
1935 2224 1998 2264 ac

404 2313 563 2384 quasi
623 2307 928 2379 depellendi
990 2303 1256 2361 contrarii
1324 2303 1678 2359 animositate
1737 2312 2001 2368 certans,

404 2405 582 2459 Deum
620 2403 930 2457 increatum
966 2396 1226 2468 praedicat
1260 2410 1326 2450 ac
1374 2393 1666 2460 Deitatem,
1695 2409 2001 2464 verumque

405 2499 618 2560 lumen,
665 2505 718 2551 et
755 2509 863 2548 non
901 2488 1290 2563 symbolicunt,
1325 2490 1420 2544 sed
1456 2503 1675 2556 semper
1705 2489 1995 2541 exsistens.

407 2594 500 2647 Sic
537 2588 773 2657 namque
805 2587 978 2643 solum
1006 2583 1408 2646 arbitrabatur,
1439 2582 1662 2652 dignam
1694 2596 1753 2635 se
1782 2595 1998 2650 poenam

407 2693 796 2752 sumpturum,
833 2695 1027 2734 eorum
1081 2677 1307 2732 nomine
1360 2689 1596 2745 quorum
1645 2690 1674 2727 a
1710 2674 2002 2728 Barlaamo

406 2791 536 2830 reus
566 2773 830 2842 agebatur
855 2786 870 2835 ;
897 2769 942 2824 si
971 2785 1095 2824 eum
1136 2767 1269 2821 nihil
1297 2766 1434 2821 falso
1459 2762 1786 2820 calumniari
1813 2772 2002 2818 osten-

407 2869 582 2930 deret,
616 2864 709 2918 sed
737 2876 958 2916 manere
986 2859 1206 2928 quidem
1234 2872 1297 2912 ac
1321 2873 1444 2913 esse
1474 2856 1698 2910 luminis
1735 2856 1999 2909 visionem

407 2955 688 3018 suaderet,
723 2966 833 3006 nou
869 2959 1050 3004 tamen
1083 2947 1299 3016 qualem
1336 2947 1425 3000 ille
1461 2945 1690 3000 diceret.
1731 2943 1902 3014 Igitur
1935 2958 2003 2998 ne

407 3051 695 3106 videamur
731 3045 921 3117 pret-ul
948 3060 978 3098 a
1011 3043 1249 3096 Palamae
1300 3038 1602 3094 verborum
1635 3052 1804 3106 scopo
1839 3037 2000 3091 abero

406 3157 551 3207 rare,
587 3153 754 3212 atque
778 3156 807 3192 a
833 3137 1072 3192 mirabili
1105 3134 1210 3188 viri
1246 3133 1368 3188 diva
1402 3131 1684 3202 progenie.
1710 3131 1827 3200 ipse
1851 3144 2002 3184 nunc

405 3233 654 3306 prodeat,
687 3245 753 3286 ac
777 3230 945 3293 dicat,
992 3225 1254 3296 quidnam
1294 3239 1324 3278 a
1354 3221 1619 3292 principio
1653 3224 1836 3276 lumen
1868 3219 2000 3275 illud

406 3327 658 3390 exsistat,
699 3337 938 3394 quemve
988 3319 1042 3372 in
1086 3332 1271 3372 rerum
1331 3314 1618 3368 matricida
1669 3325 1886 3366 nactum
1935 3313 2004 3366 sit
2029 3311 2071 3332 "

406 3420 657 3475 ordinem
685 3433 749 3470 ac
774 3415 1006 3471 claSsetn
1036 3430 1050 3466 :
1085 3410 1350 3481 quidnam
1386 3407 1472 3462 bis
1502 3407 1860 3461 cornmistum
1886 3405 2002 3462 elli-

407 3514 552 3578 ciat;
589 3524 840 3582 qu.euam
876 3507 1026 3562 dicat
1060 3504 1354 3576 acjubeat.

481 3607 752 3662 Nimirum
792 3622 810 3656 ι
841 3602 1052 3658 Lumen
1085 3602 1140 3655 in
1187 3599 1528 3664 substantia,
1563 3596 1888 3668 spiritaliter
1923 3593 2004 3647 vi—

406 3705 578 3758 derer
643 3702 838 3766 aiunt;
901 3721 921 3748 ι
951 3697 1097 3768 quod
1155 3696 1342 3767 ipsum
1387 3693 1640 3760 exsistat,
1675 3700 1727 3744 et
1773 3705 1882 3744 non
1934 3690 2006 3744 sit

408 3791 774 3866 symbolieum
803 3809 816 3845 :
854 3803 1072 3858 semper
1109 3802 1348 3857 namque
1383 3795 1489 3850 est,
1523 3793 1793 3850 extraque
1824 3793 2003 3834 mate-

407 3893 544 3941 riam
587 3903 652 3942 ac
693 3896 879 3939 mente
925 3881 1269 3952 intelligibile
1301 3889 1420 3945 est;
1463 3882 1609 3949 quod
1643 3889 1794 3932 certa
1831 3889 2002 3945 expc-

409 3981 608 4036 rieutia
639 3987 931 4033 noverunt.
962 3975 1050 4029 Dei
1080 3975 1302 4045 quidem
1332 3973 1572 4027 eSscntia
1605 3986 1708 4024 non
1736 3977 1842 4035 est,
1877 3983 2000 4022 nam

409 4076 500 4128 illa
529 4073 734 4144 palpari
775 4086 882 4125 non
911 4079 1114 4140 potest;
1140 4067 1380 4137 Angelus
1404 4081 1510 4120 non
1535 4074 1657 4128 est;
1689 4061 2004 4117 Dominicos

410 4184 650 4238 namque
681 4166 789 4219 iert
818 4166 1193 4219 characteres.
1229 4179 1248 4211 ι
1288 4159 1539 4228 Dignitas
1564 4147 1721 4217 lucis,
1759 4172 1820 4208 ac
1855 4155 2002 4221 quod

411 4274 470 4312 se
497 4256 822 4328 spiritaliter
857 4252 1045 4307 videre
1074 4251 1270 4306 dicunt
1297 4252 1444 4302 illius
1473 4247 1742 4309 cultores,
1786 4245 1883 4298 illo
1915 4260 2005 4314 ge-

412 4352 506 4405 nio
543 4364 606 4404 ac
657 4347 852 4402 ordine
901 4355 1026 4400 est:
1065 4358 1185 4413 quae
1220 4357 1350 4396 vero
1403 4351 1643 4410 praestat,
1681 4340 1784 4392 ista
1829 4349 2000 4393 sunt:

417 4466 437 4499 ι
473 4445 676 4507 Unum,
716 4443 915 4511 inquit,
954 4448 1059 4501 est,
1106 4452 1230 4491 cum
1269 4443 1354 4489 est
1385 4451 1512 4488 cum
1560 4433 1820 4498 vidente;
1869 4432 2004 4486 alias

411 4542 558 4596 aliud
593 4540 810 4593 videtur
839 4553 850 4588 :
885 4533 1220 4604 quandoque
1249 4528 1470 4599 quidem
1501 4544 1529 4583 e
1561 4542 1791 4596 corpore
1815 4541 2005 4582 assur-

411 4647 509 4706 git,
543 4647 708 4702 atque
739 4628 808 4684 ad
856 4628 1183 4682 inmtensam
1231 4622 1578 4677 altitudinem
1618 4619 1782 4685 tollit,
1827 4634 2004 4689 quan-

410 4731 589 4797 doque
623 4741 752 4780 vero
797 4739 994 4778 rursus
1023 4721 1190 4775 etiam
1224 4726 1485 4788 coaptato
1527 4719 1758 4787 corpore
1791 4729 2005 4784 suaque

411 4821 692 4894 impartito
739 4820 1012 4881 claritate,
1063 4829 1307 4885 paceque
1345 4827 1413 4868 ac
1438 4811 1756 4875 dilectione,
1800 4809 2006 4879 illoque

411 4917 692 4979 deiformi,
725 4924 894 4984 atque
939 4914 1219 4981 voluptate
1253 4907 1873 4978 imperturbationeque
1917 4917 2004 4956 re-

409 5012 575 5082 pleto,
601 5009 780 5064 oculis
796 5007 1080 5075 corporeis
1101 5003 1299 5074 (orem
1317 5002 1544 5072 dignam
1570 4996 1937 5053 admiratione
1963 4995 2003 5062 Ξ)

412 5106 618 5176 spiritu
653 5100 962 5156 immutatis
986 5097 1231 5165 seipsum
1265 5093 1729 5163 comprehensum
1768 5086 1998 5142 redditu

407 5198 547 5252 Cum
596 5203 744 5248 tanta
795 5193 969 5261 igitur
1029 5191 1216 5253 faciat,
1249 5188 1494 5257 taliaque
1532 5184 1615 5239 eis
1665 5196 1891 5237 munera
1933 5180 2003 5234 ad

409 5292 749 5359 voluptatem
787 5287 1129 5356 gratiamque
1162 5283 1434 5348 conferat,
1469 5279 1698 5333 minime
1733 5276 2002 5330 hactenus

409 5385 646 5458 gratiam
703 5381 916 5444 delinit,
968 5379 1268 5446 dignutnve
1311 5372 1618 5428 cultoribus
1666 5380 1906 5439 reputat,
1947 5379 2005 5422 ut

410 5480 623 5547 absque
653 5471 1130 5540 contemplatione
1174 5484 1270 5522 seu
1307 5467 1485 5520 amica
1531 5463 1874 5518 laltulatioue
1918 5478 2004 5514 re-

410 5571 648 5639 linquat.
691 5585 708 5618 ι
741 5564 1086 5632 Quandoque
1118 5561 1293 5623 enim,
1332 5557 1533 5627 inquit,
1566 5557 1708 5609 haud
1746 5569 1906 5608 Secus
1937 5571 2002 5608 ac

410 5660 602 5715 radius
651 5654 1030 5712 circumfusus
1069 5652 1232 5707 rebus
1279 5663 1472 5704 natura
1508 5644 2000 5714 .tutelligtbilinus,

406 5751 762 5826 aspectabilia
813 5766 875 5804 ea
929 5748 1094 5815 facit,
1129 5748 1214 5810 ei,
1263 5746 1357 5816 qui
1407 5743 1529 5814 ejus
1563 5740 1700 5796 tanti
1751 5738 2000 5794 muneris

404 5851 666 5920 dignatus
724 5849 815 5915 sit,
872 5861 999 5902 cum
1047 5846 1228 5916 ipsum
1278 5842 1484 5897 nullam
1533 5852 1758 5911 prorsus
1809 5850 1999 5891 vocem

407 5943 637 5996 mittat:
699 5939 1032 6013 quandoque
1082 5937 1306 6005 videnti,
1360 5934 1756 5998 itietl‘abilibus,
1810 5939 1869 5985 ut
1918 5928 1999 5984 sic

2107 1929 2430 2000 χρωσμένον
2461 1929 2601 1997 φῶς,
2641 1929 2737 1982 καὶ
2778 1928 2915 1996 ὅπερ
2961 1927 3229 1981 εἰώθεσαν
3271 1929 3334 1981 ἐκ
3365 1929 3530 1981 πίτου
3571 1927 3700 1980 πυλ-

2104 2023 2260 2085 λάκις
2285 2023 2642 2087 ἀναστάντες,
2661 2021 2756 2074 καὶ
2777 2021 2972 2091 μικρὸν
2991 2021 3188 2083 αὐτοὺς
3211 2021 3701 2082 ὲναποκλείσαντες

2102 2115 2181 2185 τῷ
2237 2115 2445 2188 σκότει,
2501 2115 2897 2184 συνιστάμενον
2951 2114 3084 2185 ὁρᾷν
3143 2113 3340 2166 αὐτίκα
3398 2113 3552 2175 ἐντὸς
3607 2111 3702 2163 καὶ

2106 2211 2264 2274 ἐκτὸς
2302 2209 2414 2262 τῶν
2445 2208 2796 2278 σπλάγχνων,
2849 2209 2912 2261 ὲκ
2951 2207 3308 2277 φιλονεικίας,
3341 2205 3416 2268 ὼς
3466 2206 3701 2275 ἔφαμεν,

2106 2301 2374 2370 Παλαμᾶς
2409 2299 2719 2373 ὡρμηκὼς,
2761 2302 2857 2352 καὶ
2892 2301 3033 2354 κατὰ
3068 2301 3523 2370 ἀντιπερίστασιν
3553 2301 3699 2366 ἁγωο

2104 2394 2411 2462 νιζόμενος,
2451 2393 2586 2447 Θεὸν
2617 2394 2878 2449 ἀκτιστον
2903 2395 3278 2464 ἀνακηρύττει
3309 2394 3400 2447 καὶ
3429 2394 3699 2462 Θεότητα,
3732 2381 3737 2387 ’

2106 2491 2201 2543 καὶ
2227 2488 2342 2557 φῶς
2373 2487 2651 2558 ἀληθινὸν,
2693 2490 2788 2541 καὶ
2831 2487 2906 2558 μὴ
2943 2488 3296 2556 συμϐολικὸν,
3331 2488 3448 2544 ἀλλ’
3498 2489 3586 2541 ἀεὶ
3614 2487 3698 2541 δν.

2106 2581 2266 2636 Οὕτω
2298 2582 2394 2635 καὶ
2423 2582 2533 2651 γὰρ
2564 2580 2726 2650 μόνον
2751 2579 2890 2651 ᾤετο
2915 2581 3073 2651 δίκην
3098 2580 3256 2645 ἀξίαν
3277 2573 3352 2634 ὧν
3379 2581 3702 2634 ἐνεκάλεσεν

2109 2677 2263 2747 αὑτῷ
2323 2675 2591 2745 Βαρλαάμ
2653 2675 2858 2739 λαϐεῖν,
2908 2677 2956 2728 εί
3013 2675 3088 2746 μὴ
3136 2676 3483 2743 συκοφάντην
3536 2673 3702 2727 αὐτὸν

2105 2767 2464 2834 ἀποδείξειεν,
2497 2767 2634 2822 ἀλλά
2664 2768 2848 2838 μένειν
2888 2766 2989 2836 μὲν
3031 2765 3125 2818 καὶ
3154 2761 3292 2818 εἶναι
3323 2765 3422 2835 τὴν
3447 2765 3540 2817 τοῦ
3572 2782 3685 2833 φω-

2105 2863 2198 2924 τὸς
2230 2865 2423 2931 ὅρασιν
2450 2862 2824 2924 ἀναπείσειεν,
2862 2862 2960 2929 οὐχ
2991 2859 3110 2912 οἵαν
3139 2860 3195 2912 δὲ
3235 2859 3441 2920 ἐκεῖνος
3487 2855 3696 2925 ἔλεγεν.

2112 2954 2212 3009 Ἱν’
2239 2955 2334 3008 οὖν
2370 2955 2446 3026 μὴ
2483 2953 2734 3022 δοκῶμεν
2777 2953 2997 3023 μακρὰν
3044 2952 3153 3004 τῶν
3180 2949 3275 3004 τοῦ
3307 2949 3547 3019 Παλαμᾶ
3594 2950 3704 3001 τεὶ-

2112 3064 2226 3100 νειν
2254 3047 2453 3114 λόγων,
2498 3048 2593 3100 καὶ
2640 3048 2738 3115 τῆς
2765 3045 3095 3115 θαυμαστῆς
3135 3043 3538 3112 ἀφυστερῶμεν
3577 3041 3706 3092 τάν-

2105 3137 2229 3208 δρὸς
2264 3136 2571 3206 θεογονίας,
2603 3137 2826 3208 παρίτω
2853 3134 2948 3190 νῦν
2978 3135 3164 3199 αὐτὸς,
3203 3136 3296 3188 καὶ
3325 3132 3533 3199 λεγέτω
3557 3131 3612 3185 τί
3643 3147 3702 3183 τε

2114 3231 2212 3302 τὴν
2241 3231 2418 3301 ἀρχὴν
2447 3229 2507 3284 ὂν
2555 3229 2716 3284 τοῦτο
2742 3228 3033 3299 τυγχάνει,
3075 3229 3170 3280 καὶ
3213 3227 3334 3279 οἵαν
3365 3225 3463 3296 τὴν
3506 3226 3563 3276 ἐν
3592 3225 3702 3287 τοῖς

2105 3320 2258 3378 οὖσιν
2285 3325 2472 3396 eritqu
2499 3324 2674 3391 τάξιν,
2709 3323 2804 3376 καὶ
2833 3322 2888 3375 τί
2936 3323 3041 3392 δρᾷ
3072 3319 3524 3390 συμμιγνύμενον
3571 3319 3697 3370 τού-

2106 3435 2220 3481 τοις
2245 3435 2258 3448 ’
2297 3419 2392 3472 καὶ⁵
2428 3420 2551 3471 τίνα
2582 3417 2735 3485 λέγει
2761 3416 2856 3470 καὶ
2897 3415 3360 3485 παρακελεύεται.

2184 3627 2202 3659 ι
2241 3607 2302 3660 Οἱ
2341 3606 2528 3676 μέντοι
2559 3605 2676 3673 φῶς
2707 3605 2766 3656 ὲν
2799 3603 3104 3656 ὑποστάσει
3141 3604 3274 3672 φασὶ
3306 3601 3699 3672 πνευματικῶς

2105 3701 2261 3771 ὀρᾷν,
2287 3698 2348 3752 ὃν
2384 3698 2505 3769 μὲν,
2552 3697 2648 3752 καὶ
2676 3697 2754 3766 μὴ
2784 3695 3137 3768 συμϐολικόν.
3191 3696 3300 3748 ’Λεὶ
3334 3695 3440 3766 γὰρ
3488 3694 3568 3760 ὃν,
3601 3695 3700 3750 ἀῦ-

2106 3793 2200 3848 λόν
2235 3809 2293 3844 τε
2326 3793 2422 3845 καὶ
2461 3792 2540 3862 νῷ
2567 3790 2873 3861 θεωρητον,
2901 3790 3061 3843 τοῦτο
3087 3789 3176 3842 διὰ
3206 3791 3307 3860 τῆς
3354 3791 3550 3860 πείρας
3578 3791 3696 3842 isa-

2109 3904 2216 3940 σιν.
2253 3884 2430 3940 Οὑσία
2463 3883 2563 3953 μὲν
2594 3883 2704 3952 γὰρ
2731 3882 2868 3936 Θεοῦ
2904 3883 3005 3936 οὐκ
3043 3882 3190 3936 ἐστι·
3222 3885 3314 3935 καὶ
3357 3885 3468 3953 γὰρ
3496 3883 3699 3937 ἀνέπα-

2108 3997 2208 4050 φος
2258 3979 2446 4050 ἐκείνη
2479 3991 2493 4010 ⁸
2543 3977 2778 4045 ἄγγελος
2837 3978 2938 4030 οὐκ
2993 3976 3141 4029 ἔστι·
3181 3977 3546 4040 Δεσποτικοὺς
3591 3976 3697 4047 γὰρ

2108 4071 2264 4141 φέρει
2295 4069 2678 4141 χαρακτῆρας.
2719 4087 2736 4120 ι
2772 4069 2845 4121 Τὸ
2881 4068 2978 4135 μὲν
3005 4064 3099 4121 οὖν
3127 4067 3348 4136 ἀξίωμα
3377 4067 3468 4120 τοῦ
3497 4067 3696 4138 φωτὸς,

2109 4165 2200 4215 καὶ
2231 4163 2257 4214 ὅ
2287 4177 2420 4229 φασι
2470 4158 2858 4228 πνευματικῶς
2889 4161 2936 4212 oi
2989 4159 3112 4213 κατ’
3145 4159 3307 4213 αὑτὸν
3339 4160 3494 4230 ὀρᾷν,
3525 4156 3696 4220 οὕτως

2107 4255 2233 4324 ἔσχε
2265 4254 2480 4322 φύσεώς
2535 4270 2596 4306 τε
2641 4254 2738 4306 καὶ
2789 4252 3036 4318 τάξεως·
3068 4251 3213 4322 ἆπερ
3262 4252 3321 4304 δὲ
3369 4252 3699 4323 δρᾷ,’ταῦτ⁹

2109 4348 2277 4400 ἐστίν.
2323 4366 2340 4397 ι
2385 4348 2487 4400 Ἕν
2521 4347 2660 4408 ἐστι,
2703 4365 2720 4397 ι
2767 4346 2956 4416 φησὶν.
2995 4364 3014 4397 ι
3052 4346 3138 4397 ὅτε
3173 4345 3314 4414 μετά
3341 4345 3435 4397 τοῦ
3460 4344 3698 4416 ὁρῶντος

2109 4440 2353 4509 γίνεται·
2389 4441 2577 4509 ἕτερον
2609 4441 2798 4494 ἄλλοτε
2829 4441 3044 4507 ὁρᾶται.
3081 4440 3220 4493 Ποτὲ
3252 4440 3353 4508 μὲν
3386 4440 3476 4494 τοῦ
3508 4440 3698 4508 σῶμα*

2109 4551 2202 4598 τος
2253 4535 2532 4604 ἀπανιστᾷ
2581 4535 2677 4588 καὶ
2710 4535 2790 4597 εἰς
2825 4533 2958 4603 ὕψος
2989 4533 3252 4604 ἀναφέρει
3298 4533 3539 4606 ἄρρητον
3563 4547 3576 4560 ·
3607 4533 3696 4586 ἄλ-

2037 4631 2078 4685 ι)
2109 4625 2229 4678 λοτε
2267 4625 2311 4677 δ’
2340 4620 2497 4686 αὖθις
2521 4624 2620 4676 καὶ
2647 4625 2709 4676 τὸ
2735 4624 2899 4693 σῶμα
2927 4622 3442 4694 μεθαρμοσάμενον,
3473 4625 3566 4678 καὶ
3595 4625 3697 4692 τῆς

2109 4717 2316 4781 οἰκείας
2355 4717 2729 4788 μεταδεδωκος
2776 4717 3164 4787 λαμπρότητος
3205 4717 3299 4769 καὶ
3337 4717 3570 4786 εἰρήνης
3602 4723 3696 4772 καὶ

2107 4811 2332 4882 ἀγάπης
2363 4809 2635 4874 θεοειδοῦς
2666 4826 2726 4862 τε
2765 4809 2963 4880 ἡδονῆς
2998 4809 3093 4862 καὶ
3143 4808 3411 4870 ἀπαθείας
3441 4808 3696 4880 ἔμπλεων
3753 4848 3764 4870 ε

2109 4881 2372 4974 ποιῆσαν,
2407 4903 2713 4973 ὀφθαλμοῖς
2762 4905 3118 4973 σωματικοῖς,
3158 4901 3204 4955 ὣ
3245 4904 3340 4956 τοῦ
3375 4901 3692 4974 θαύματοςι
3753 4881 3764 4932 ῗ

2107 4999 2319 5067 γίνεται
2347 4997 2576 5067 ληπτὸν,
2619 4997 3008 5066 ὴλλοιωμένοις
3053 4995 3145 5049 διὰ
3173 4995 3267 5048 τοῦ
3301 4995 3634 5066 πνεύματος.
3671 5012 3689 5047 ι

2107 5088 2361 5144 Τοσαῦτα
2401 5089 2582 5143 τοίνυν
2615 5087 2828 5153 ποιοῦν,
2867 5088 2963 5141 καὶ
2997 5087 3208 5141 τοιαῦτ’
3251 5090 3436 5150 αὐτοῖς
3466 5087 3528 5138 τὸ
3554 5087 3694 5156 apo-

2108 5198 2272 5249 μενον
2319 5183 2498 5235 ἐκεῖνο
2545 5180 2662 5250 φῶς
2693 5179 2832 5249 πρὸς
2885 5179 3082 5249 ἡδονὴν
3129 5181 3224 5232 καὶ
3258 5179 3420 5249 χάριν
3469 5179 3698 5247 εὐεργε-
3755 5200 3793 5226 ι.

2106 5273 2256 5338 τοῦν,
2287 5273 2348 5326 οὑ
2383 5274 2546 5344 μέχρι
2571 5271 2780 5326 τούτων
2803 5273 2902 5342 τὴν
2929 5271 3088 5342 χάριν
3122 5271 3338 5339 ἵστησιν
3363 5288 3378 5302 ·
3409 5271 3520 5324 οὐδ’
3547 5271 3697 5334 ἄξιον

2105 5363 2215 5416 τῶν
2249 5365 2562 5435 λατρευτῶν
2588 5364 2806 5435 νομίζει
2841 5363 2969 5417 ἄνευ
3012 5363 3246 5432 θεωρίας
3287 5363 3320 5435 ἢ
3355 5367 3450 5417 καὶ
3478 5364 3696 5433 ὁμιλίας

2105 5456 2574 5510 ἀπαλλάττεσθαι.
2611 5474 2630 5507 ι
2678 5456 2882 5509 Ἐνίοτε
2913 5459 3044 5526 γὰρ,
3081 5475 3099 5508 ι
3138 5457 3324 5526 φησὶν,
3363 5475 3382 5507 ι
3421 5457 3496 5520 ὡς
3537 5457 3697 5518 ἀκτὶς

2107 5553 2486 5623 περιρρέουσα
2516 5553 2629 5614 τοῖς
2665 5550 2827 5619 φύσει
2881 5551 3094 5618 νοητοῖς
3132 5549 3302 5602 θεατά
3355 5551 3500 5601 ποιεῖ
3551 5533 3693 5601 αὑτὰ

2103 5646 2182 5714 τῷ
2215 5644 2614 5714 κατηξιωμένῳ
2669 5643 2913 5713 βλέπειν,
2963 5642 3096 5696 αὐτὸ
3150 5640 3399 5712 φθογγὴν
3451 5641 3586 5703 ὅλως
3630 5639 3690 5691 οὐ

2105 5739 2432 5810 προϊέμενον
2460 5753 2474 5767 °
2503 5737 2693 5790 ἄλλοτε
2719 5737 2799 5806 τῷ
2829 5737 3029 5808 ὁρῶντι
3063 5737 3276 5808 τρανῶς
3304 5735 3372 5788 δι’
3409 5735 3690 5805 ἀρρήτων,

2104 5836 2178 5898 ὼς
2210 5838 2407 5900 εἰπεῖν,
2463 5837 2727 5907 ῥημάτων
2775 5837 2998 5906 ὁμιλεῖ·
3047 5837 3141 5887 καὶ
3176 5833 3336 5886 τοῦτο
3369 5831 3466 5903 τὴν
3513 5829 3690 5901 ἀρχὴν

2103 5929 2249 5997 λέγει
2302 5929 2552 6000 φανερῶς
2603 5929 2790 6001 αὐτῷ’
2837 5949 2854 5982 ι
2927 5927 3069 5997 Ἐγώ
3118 5928 3276 5998 εἰμι·
3323 5926 3400 5996 μὴ
3484 5920 3694 5993 φοόοὓο
