4088 6480
373 536 483 602 689
900 528 911 533 “
1141 529 1772 593 PALAMITICARUM
1820 528 2571 592 TRANSGRESSIONUM
2626 525 2874 589 LIBER.
3513 521 3623 586 690

368 645 480 714 ἐγώ
516 645 669 715 εἰμι’
743 642 804 697 οὕ
862 643 972 713 γὰρ
1018 641 1314 712 χωρίζεται
1373 643 1535 713 μουὴ
1585 642 1799 708 θεότης,
1826 642 1948 696 καθ’

2070 641 2253 706 liram,
2282 640 2465 697 verbis
2493 640 2756 710 loquitur.
2790 640 2969 707 Atque
3001 636 3052 692 id
3079 651 3108 691 a
3134 634 3404 707 principio
3440 632 3618 703 palam

367 738 436 808 ἢν
459 738 527 809 τῇ
578 739 834 809 κοινωνίᾳ
867 734 978 788 θεῶ
1038 735 1167 798 τοὺς
1198 734 1545 803 θεουμένους.
1593 731 1735 802 Ἐγώ
1771 735 1886 803 εἰμι
1915 735 1944 787 6

2070 734 2096 789 εἰ
2130 733 2303 790 dicit:
2355 733 2476 804 Ege
2516 747 2684 800 sum;
2720 731 2830 785 noli
2880 730 3097 794 timere,
3148 742 3257 798 ego.
3305 741 3450 782 sum.
3501 725 3621 779 Non

370 829 564 900 ταρὼν
588 831 683 882 καὶ
709 828 957 899 ἐνεργῶν
992 827 1093 898 τὴν
1119 826 1338 882 θέωσιν.
1362 826 1473 894 Οὐχ
1505 825 1635 896 ὁρᾷς
1663 824 1733 878 τὰ.
1766 825 1946 879 πάντα

370 923 428 983 ὲν
456 920 601 990 ἐμοὶ,
629 921 726 973 καὶ
773 921 874 989 ἐμὲ
904 920 1012 991 πρὸ
1052 921 1310 979 πάντων;
1350 918 1514 971 Ἀλλὰ
1538 919 1629 972 διὰ
1674 918 1735 972 σὲ
1762 918 1946 973 πάντα

369 1011 592 1081 γίνομαι
626 1011 685 1063 ὲν
711 1009 796 1064 σοί
821 1024 836 1039 ⁸
862 1007 952 1062 διὰ
988 1008 1048 1061 σὲ
1086 1009 1184 1062 καὶ
1214 1007 1412 1079 ὁρατός
1443 1024 1527 1061 σοι
1557 1008 1808 1078 γίνομαι.
1846 1025 1866 1059 ι

440 1264 552 1341 ’Δρ
585 1264 680 1325 οὖν
709 1270 1139 1340 παραλέλειπται
1184 1290 1236 1327 τι
1287 1272 1452 1343 μέρος
1483 1271 1789 1340 θεολογίας,
1817 1273 1846 1326 δ
1873 1272 1949 1342 μὴ

372 1363 451 1432 τῷ
488 1364 629 1432 φωτὶ
653 1362 829 1432 τούτῳ
858 1366 1216 1434 προσήρμοσε
1243 1363 1428 1434 ςπλὴν
1454 1363 1683 1434 γάρ’τοῦ
1709 1363 1783 1436 μὴ
1806 1357 1948 1416 εἶναι

374 1455 564 1507 οὐσίαν
592 1453 752 1518 Θεοῦ,
785 1455 955 1508 τᾶλλα
1005 1456 1184 1509 πάντα
1235 1456 1416 1526 φέρων
1475 1440 1743 1525 ἐπέθηκεν
1776 1453 1948 1523 αὐτῷ.

375 1544 562 1609 Οὕτως
605 1547 633 1599 6
672 1546 842 1610 δεινὸς
893 1548 987 1600 καὶ
1037 1547 1360 1616 ὲπίτριπτος
1410 1546 1722 1619 ἄνθρωπος,
1781 1547 1951 1618 μηδὲν

373 1638 481 1691 τῶν
516 1639 818 1709 εἰρηκότων
864 1639 1088 1693 ἐκείνων
1134 1639 1299 1694 θείων
1332 1639 1627 1711 φροντίσας
1664 1640 1948 1710 Πατέρων,

375 1727 569 1782 τούτου
605 1730 726 1799 μὲν,
764 1747 784 1781 r
822 1730 1110 1801 Μακάριος
1137 1733 1165 1785 6
1197 1730 1320 1792 νοῦς
1351 1733 1580 1795 ἐκεῖνος,
1601 1729 1659 1792 ὃς
1674 1731 1733 1783 ὲν
1746 1734 1815 1802 τῇ
1844 1749 1950 1785 πα-

381 1818 642 1888 ραστάσει
695 1821 795 1891 τῆς
856 1825 1166 1891 προσευχῆς
1220 1822 1437 1882 τελείαν
1469 1822 1951 1897 ἀμορφίανὲκτήο

2051 826 2196 881 enim
2229 841 2265 880 a
2287 840 2375 880 me
2402 832 2691 896 separatur
2724 822 2931 886 Deitas,
2961 818 3120 889 cujus
3147 817 3480 873 commercio
3506 818 3622 875 dei-

2050 919 2154 973 fieo
2192 931 2311 984 eos,
2346 918 2438 987 qui
2470 916 2820 971 deificantur.
2863 914 2975 985 Ego
3003 927 3123 968 sum
3169 912 3265 981 qui
3305 912 3523 976 adsum,
3561 924 3629 965 ac

2049 1019 2251 1083 prazsto
2287 1010 2512 1065 deitatis
2548 1023 2775 1063 munus.
2805 1006 2949 1062 Num
2998 1006 3153 1060 vides
3184 1005 3241 1059 in
3288 1019 3376 1059 me
3412 1003 3624 1066 omnia,

2049 1117 2114 1156 ac
2143 1116 2228 1156 me
2256 1100 2491 1170 priorem
2525 1097 2826 1154 omnibus?
2859 1094 3271 1150 Enimverotui
3305 1093 3507 1162 gratia,
3568 1093 3625 1145 in

2050 1200 2102 1244 te
2122 1188 2311 1245 omnia
2330 1188 2419 1243 tio.
2448 1185 2550 1242 Tui
2579 1201 2747 1243 causa
2774 1186 2938 1240 etiam
2969 1184 3203 1239 visibilis
3238 1183 3335 1238 tibi
3363 1180 3620 1237 reddor.»

2122 1279 2379 1336 Ullumne
2398 1279 2563 1349 igitur
2582 1278 2851 1347 reliquum
2875 1284 2961 1330 est
2995 1275 3309 1330 divinorum
3333 1273 3630 1329 attributu-

2050 1387 2172 1426 rum
2205 1371 2531 1442 membrum,
2558 1369 2708 1440 quod
2734 1384 2843 1425 non
2889 1360 3016 1422 huic
3042 1365 3158 1421 luci'
3182 1365 3483 1436 aptaverit?
3511 1365 3632 1420 Uno

2050 1463 2195 1519 enim
2221 1463 2324 1517 boc
2349 1462 2591 1531 dempto,
2621 1461 2768 1530 quod
2788 1474 2896 1513 non
2932 1456 3022 1512 Dei
3044 1457 3280 1512 essentia
3308 1457 3400 1520 sit,
3432 1463 3631 1511 cuncta

2051 1555 2126 1610 illi
2157 1555 2367 1611 tribuit.
2395 1554 2486 1611 Sic
2521 1554 2776 1608 nimirum
2815 1552 2980 1606 homo
3026 1550 3352 1605 temerarius
3373 1563 3437 1603 ac
3458 1549 3629 1603 scele-

2051 1656 2227 1712 ratus,
2247 1646 2382 1700 nihil
2404 1645 2617 1701 divinos
2636 1644 2756 1698 illos
2780 1641 2970 1698 Patres
2995 1656 3217 1705 curans,
3242 1641 3433 1711 quisic
3462 1640 3629 1694 locuti

2052 1740 2182 1806 sint,
2206 1740 2295 1794 ille
2321 1738 2563 1807 quidem.
2596 1756 2616 1790 ι
2654 1736 2815 1791 Beata
2847 1750 3026 1801 mens,
3060 1749 3183 1804 quae
3208 1733 3483 1803 fungenda
3507 1747 3635 1788 ora~

2053 1832 2204 1885 tione
2227 1840 2385 1885 nacta
2416 1838 2520 1894 est,
2551 1838 2611 1883 ut
2635 1828 2785 1884 omni
2811 1826 3051 1898 perfecte
3078 1825 3253 1882 forma
3275 1831 3451 1880 vacet.
3483 1842 3499 1875 ι
3525 1822 3591 1876 Ει
3618 1839 3632 1875 :

381 1926 534 1977 σατο,
571 1927 592 1960 ›
622 1911 740 1974 καὶ,
788 1928 806 1960 ι
847 1910 940 1977 Μὴ
970 1911 1318 1984 σχηματίσῃς
1346 1912 1409 1965 τὸ
1453 1912 1608 1966 Θεῖον
1649 1914 1706 1967 ἐν
1739 1914 1952 1986 σεαυτῷ

2070 1923 2168 1978 tNe
2206 1923 2347 1977 inter
2372 1920 2664 1986 orandum,
2708 1918 2878 1974 Deum
2910 1920 2964 1973 in
3002 1927 3054 1972 te
3085 1917 3382 1973 simulacro
3439 1929 3639 1984 reprae-

381 1999 839 2069 προσευχόμενος,
875 2001 1014 2071 μηδὲ
1044 2003 1181 2073 πρὸς
1205 2004 1421 2073 μορφήν
1447 2021 1567 2057 τινα
1588 2006 1955 2077 συγχωρήσῃς

380 2090 699 2161 τυπωθῆναι
733 2108 827 2145 σου
859 2092 949 2146 τὸν
979 2094 1105 2147 νοῦν
1124 2107 1138 2122 ’
1170 2094 1287 2148 ἀλλ’
1313 2094 1492 2157 ἀΰλως
1521 2095 1599 2165 τῷ
1627 2096 1776 2168 άῦλῳ
1795 2098 1958 2169 πρόσ-

384 2180 526 2246 ελθε,
561 2183 653 2235 καὶ
682 2185 962 2252 συνήσεις·
1001 2199 1023 2234 ι
1051 2184 1262 2237 ἐκείνου
1289 2184 1371 2248 δὲ,
1410 2204 1429 2237 r
1480 2186 1698 2250 Πάντας
1732 2188 1831 2258 μὲν
1852 2188 1958 2259 δρᾷ

383 2272 412 2322 6
442 2273 575 2335 Θεὸς
598 2310 615 2336 ,
653 2273 819 2344 δρῶσι
853 2274 908 2326 δὲ
938 2273 1027 2327 τὸν
1059 2276 1193 2329 Θεὸν
1223 2277 1274 2329 οἱ
1306 2277 1473 2346 μηδὲν
1518 2277 1753 2347 ὁρῶντες
1790 2281 1849 2333 ἐν
1883 2281 1958 2350 τῷ

387 2363 811 2432 προσεύχεσθαν
854 2382 871 2414 ι
907 2363 1070 2419 ἄλλου
1102 2365 1180 2431 δὲ,
1213 2367 1296 2419 ὅτι
1329 2383 1348 2417 t
1397 2368 1511 2420 Πᾶν
1537 2368 1599 2420 τὸ
1629 2369 1687 2421 ὲν
1717 2368 1960 2439 σχήματι

388 2455 732 2522 φαινόμενον,
760 2457 872 2523 εἴτε
902 2455 976 2518 ὡς
1014 2459 1150 2525 φῶς,
1193 2459 1304 2511 είτε
1339 2458 1416 2522 ὡς
1459 2459 1592 2530 πῦρ,
1631 2462 1697 2514 ὲκ
1740 2464 1838 2532 τῆς
1867 2461 1960 2514 τοῦ

391 2543 591 2613 ἐχθροῦ
644 2549 1005 2618 κακοτεχνίας
1048 2549 1297 2616 γίνεσθαι
1343 2553 1371 2603 6
1414 2551 1700 2616 Θεσπέσιος
1755 2552 1963 2617 Παῦλος

393 2638 581 2706 σαφῶς
609 2638 873 2705 διδάσκει,
901 2639 981 2701 εἰς
1020 2641 1251 2709 ἄγγελον
1277 2643 1453 2712 φωτὸς
1480 2643 1657 2709 λέγων
1686 2659 1965 2714 μετασχη-

395 2726 746 2797 ματίζεσθαι.
795 2749 815 2782 ι
847 2731 921 2784 Οὐ
948 2730 1032 2783 δεῖ
1079 2730 1172 2785 οὖν
1202 2732 1294 2785 ἐπὶ
1337 2732 1513 2804 ταύτῃ
1549 2737 1615 2804 τῇ
1640 2734 1814 2789 ἐλπίδι
1844 2738 1965 2790 τινὰ

392 2820 483 2871 τὸν
531 2821 833 2889 ἀσκητικὸν
886 2822 1131 2890 μετιέναι
1171 2822 1309 2893 βίον.
1376 2826 1487 2880 Καὶ⁹
1536 2829 1819 2880 Διονυσίου
1871 2829 1967 2882 τοῦ

396 2912 658 2981 μεγάλου,
697 2934 716 2966 ι
765 2915 923 2970 Κατὰ
963 2916 1154 2970 τοῦτον
1219 2919 1313 2969 καὶ
1363 2919 1527 2987 ἡμεῖς
1579 2920 1835 2987 γενέσθαι
1877 2922 1967 2974 τὸν

397 3002 720 3075 ὗμπέρφωτον
747 3006 1023 3077 εὐχόμεθα
1054 3009 1277 3078 γνόφον,
1324 3012 1420 3063 καὶ
1458 3011 1526 3064 δι’
1555 3012 1832 3079 ἀγνωσίας
1872 3015 1970 3068 καὶ

396 3095 657 3167 άὸλεψίας
702 3099 828 3152 ἰδεῖν
875 3100 969 3152 κοιλ⁵
1004 3098 1208 3167 γνῶναι
1253 3101 1345 3155 τὸν
1371 3102 1511 3171 ὑπὲρ
1544 3102 1672 3157 θέαν
1700 3106 1794 3158 καὶ
1826 3106 1968 3173 γνῶ-

318 3229 331 3236 -
398 3203 504 3250 σιν,
529 3187 676 3257 αὐτῷ
695 3188 773 3257 τῷ
801 3190 874 3258 μὴ
909 3190 1060 3254 ἰδεῖν,
1084 3191 1220 3261 μηδὲ
1261 3193 1486 3258 γνῶναι.
1512 3191 1683 3248 Τοῦτο
1717 3197 1826 3267 γάρ
1854 3199 1970 3252 ἐστι

397 3278 459 3330 τὸ
494 3277 664 3342 ὅντως
704 3280 853 3345 ἰδεῖν,
887 3278 1019 3333 αὐτὸ
1050 3281 1111 3334 τὸ
1148 3282 1223 3352 μὴ
1261 3282 1386 3337 ἰδεῖν
1422 3285 1558 3355 μηδὲ
1591 3274 1816 3354 γνῶναι.
1864 3308 1882 3340 ι

471 3560 693 3615 Τούτων
732 3563 987 3618 ἁπάντων
1016 3565 1458 3645 ὑπερφρονήσας,
1490 3567 1585 3621 καὶ
1629 3568 1970 3637 κατορχησά-

403 3671 562 3722 μενος
587 3653 765 3712 θείους
794 3657 955 3725 ὄρους
984 3659 1080 3710 καὶ
1107 3660 1318 3726 λόγους,
1354 3659 1447 3713 τὸν
1476 3658 1534 3712 ὃν
1567 3661 1667 3730 μὲν
1695 3660 1859 3729 ἡμεῖς
1888 3658 1972 3711 fo-

405 3764 507 3816 μεν
560 3750 994 3818 τρισυπόστατον
1040 3752 1137 3804 καὶ
1182 3753 1413 3822 ἀόρατον
1440 3753 1571 3806 Θεὸν
1598 3754 1828 3819 ἄνωθεν,
1878 3752 1972 3807 τοῦ

409 3839 579 3907 μέσου
607 3840 836 3906 ἀπάγει,
869 3842 964 3895 καὶ
1011 3842 1203 3897 τοῦτον
1255 3844 1356 3914 τῆς
1411 3846 1533 3899 καθ’
1588 3848 1742 3917 ἡμᾶς
1771 3845 1976 3917 άφιστᾷ

403 3930 725 4001 διοικήσεως
748 3949 762 3964 ⁸
801 3933 990 4004 ἓτερον
1017 3934 1062 3987 δ’
1097 3936 1260 3999 αὐτὸς
1287 3936 1543 4008 ἀνίστησι
1576 3940 1728 4006 παρὰ
1757 3939 1856 4008 τὴν
1886 3938 1975 3991 οὐ-

407 4021 529 4075 σίαν
564 4023 658 4077 τοῦ
704 4023 868 4091 Θεοῦ,
915 4026 1125 4097 ληπτὸν
1155 4027 1459 4097 ὀφθαλμοῖς
1505 4032 1843 4099 σωματικοῖς,
1883 4030 1977 4084 καὶ

406 4114 654 4169 ἁνούσιον
696 4117 855 4170 Θεόν.
903 4118 1140 4173 Δύτόθεν
1177 4120 1223 4171 δ’
1250 4119 1316 4174 ἄν
1345 4138 1431 4182 τις
1459 4123 1700 4187 σκοπῶν,
1737 4128 1831 4178 καὶ
1867 4140 1977 4182 των

407 4203 1128 4279 οὕτωοκαινοτομηθέντων,
1159 4210 1319 4264 τοῦτο
1347 4211 1502 4265 λάϐοι
1531 4216 1850 4283 περιφανῶς
1872 4231 1888 4247 '
1918 4220 1978 4270 ὲν

412 4299 510 4365 μὲν
541 4298 648 4368 γὰρ
674 4301 754 4368 τῷ
779 4302 977 4368 εἰπεῖν,
1017 4319 1037 4353 t
1084 4303 1256 4356 Ούσία
1288 4303 1424 4357 Θεοῦ
1453 4305 1553 4357 οὐκ
1578 4304 1714 4370 ἔστι,
1740 4311 1835 4360 καὶ
1868 4310 1979 4381 γάρ

410 4387 686 4470 ἀνέπαφος
718 4391 925 4461 ἐκείνη,
978 4411 997 4443 ι
1039 4391 1221 4460 ’ἔδειξε
1255 4394 1331 4464 μὴ
1365 4388 1508 4449 εἶναι
1531 4395 1689 4450 τοῦτο
1711 4398 1804 4451 τὸν
1828 4417 1982 4471 τρισ-

413 4478 716 4534 υπὸστατον
741 4482 876 4536 Θεόν
903 4498 917 4515 ο
978 4486 1034 4537 ὲν
1068 4484 1125 4537 δὲ
1150 4484 1667 4556 τῷάποφήνασθαι,
1704 4507 1724 4542 t
1775 4491 1982 4561 Ἀγγεο

409 4571 501 4634 λος
529 4571 629 4625 οὐκ
657 4571 857 4632 ἔστιν.»
885 4573 1088 4644 ἀπάγει
1112 4576 1273 4628 τοῦτο
1300 4578 1482 4646 πάσης
1508 4579 1827 4650 ἡστινοσοῦν
1856 4599 1979 4637 κτι-

2057 2014 2377 2078 sentaveris,
2408 2027 2511 2069 nec
2539 2013 2647 2068 ulla
2681 2019 2918 2067 mentem
2968 2009 3150 2065 forma
3171 2007 3403 2081 figurari
3431 2005 3637 2077 permi-

2060 2106 2237 2170 seris;
2260 2104 2354 2160 sed
2403 2105 2791 2168 immateriate,
2825 2102 2897 2168 ei,
2925 2101 3021 2171 qui
3055 2110 3210 2156 extra
3243 2113 3465 2154 omnem
3513 2113 3634 2150 ma-

2058 2197 2252 2253 teriam
2295 2196 2646 2265 esthaccede,
2673 2205 2726 2250 et
2760 2195 3090 2266 intelliges.»
3116 2192 3215 2249 Hic
3245 2207 3374 2247 vero
3403 2209 3417 2246 :
3460 2190 3639 2246 «Deus

2060 2286 2278 2355 quidem
2300 2300 2491 2342 omnes
2519 2286 2686 2350 videt,
2719 2286 2904 2340 vident
2923 2292 3104 2340 autem
3137 2285 3329 2349 Deum,
3351 2283 3447 2352 qui
3475 2296 3641 2335 oran-

2062 2377 2132 2433 do
2154 2377 2288 2432 nihil
2321 2378 2524 2432 vident.
2556 2395 2576 2429 ι
2625 2376 2782 2431 Alius
2811 2385 3075 2446 praeterea
3105 2391 3125 2430 :
3170 2372 3469 2443 rQuidquid
3499 2374 3555 2428 in
3576 2371 3643 2425 ti-

2063 2485 2196 2540 gura
2218 2477 2466 2540 apparet,
2501 2471 2619 2526 sive
2657 2477 2717 2524 ut
2745 2469 2951 2534 lumen,
3002 2467 3119 2523 sive
3154 2478 3215 2521 ut
3241 2465 3406 2536 ignis,
3441 2478 3507 2520 ex
3537 2462 3633 2517 ini-

2066 2562 2193 2616 mici
2224 2561 2628 2617 machinatione
2652 2575 2796 2626 esse,
2827 2560 3003 2629 palam
3035 2558 3197 2614 docet
3232 2557 3451 2628 divinus
3498 2555 3649 2623 A‘po-

2067 2654 2259 2716 5tolus,
2284 2653 2419 2709 dum
2446 2652 2525 2707 ait
2548 2650 2932 2707 transformari
2977 2650 3032 2704 iu
3061 2649 3311 2720 angelum
3362 2648 3500 2702 lueis
3536 2647 3647 2700 ".v

2068 2744 2222 2800 Hau'l
2248 2747 2412 2815 igitur
2443 2746 2653 2812 deceat,
2686 2753 2748 2798 ut
2790 2758 2869 2798 ea
2902 2757 3009 2813 spe
3029 2741 3320 2811 quisquam
3359 2740 3484 2794 vita:
3513 2739 3645 2793 reli-

2069 2837 2235 2904 giosae
2255 2835 2564 2901 palaestram
2597 2844 2871 2890 exerceat.
2908 2833 3292 2904 Maguusritcm
3330 2831 3646 2902 Dionysius:

2079 2927 2223 2982 «Nos
2254 2936 2472 2997 qudque
2497 2926 2563 2981 ad
2598 2926 2731 2997 ejus
2746 2925 2995 2997 caliginis
3030 2922 3462 2993 nioduuraptari
3493 2930 3654 2991 opta-

2071 3035 2219 3081 mus.
2252 3018 2568 3075 excedentis
2591 3019 2699 3072 vim
2733 3032 2952 3072 onmem
2992 3017 3241 3082 luminis,
3280 3029 3343 3068 ac
3375 3015 3652 3084 pet-igno‘

2072 3110 2305 3166 rantiam
2334 3111 2658 3180 videndique
2678 3111 3004 3174 absentiam,
3038 3110 3223 3163 videre
3253 3122 3317 3162 ac
3341 3107 3501 3170 scire,
3521 3120 3646 3159 eum

2072 3206 2167 3274 qui
2209 3220 2426 3259 omnem
2464 3204 2685 3259 excedit
2722 3204 2900 3258 visum
2936 3218 3001 3257 ac
3033 3202 3343 3265 scientiam,
3397 3201 3514 3269 ipso
3545 3200 3649 3253 hoc

1998 3320 2039 3373 υ
2074 3297 2216 3364 quod
2250 3312 2358 3349 non
2388 3296 2675 3350 videamus
2703 3284 2883 3364 neque
2931 3296 3196 3350 sciamus.
3245 3295 3299 3347 Id
3346 3292 3490 3347 enim
3523 3306 3653 3346 vere

2073 3387 2254 3441 videre
2306 3396 2409 3452 est,
2442 3386 2623 3455 ipsum
2657 3402 2763 3439 non
2815 3385 3020 3450 videre,
3057 3399 3159 3439 nec
3209 3383 3373 3447 scire,
3407 3396 3504 3438 seu
3555 3394 3665 3436 com

2072 3492 2355 3546 gnoscere.
2371 3495 2397 3527 ν

2147 3568 2243 3625 His
2271 3570 2767 3643 omnibustsprctis
2821 3569 3023 3637 regulis
3063 3582 3129 3622 ac
3174 3568 3524 3621 sermonibus
3555 3566 3659 3620 iis?

2074 3678 2181 3734 que
2220 3663 2508 3727 insultans,
2541 3679 2667 3717 eum
2714 3662 2931 3730 quidem
2955 3676 3117 3730 quem
3159 3660 3300 3713 trine
3326 3659 3608 3714 subsiste-ﬂ
3629 3684 3663 3705 ο.

2075 3763 2184 3809 tem
2213 3768 2278 3809 ac
2299 3754 2632 3809 invisibilem
2685 3755 2909 3823 antiqua
2947 3753 3244 3807 traditione
3288 3752 3456 3807 Deum
3498 3752 3655 3805 novi-

2076 3861 2224 3913 mus,
2255 3862 2287 3900 e
2320 3846 2501 3900 medio
2560 3844 2832 3914 proﬂigat,
2867 3856 2914 3898 «ιι
2954 3844 3023 3897 ab
3066 3844 3429 3897 humanarum
3469 3858 3661 3896 rerum

2076 3938 2471 4010 gubernatione
2523 3937 2800 4005 abjungit;
2856 3936 3023 3990 alllllﬂ
3092 3950 3223 3989 vero
3277 3935 3394 4002 ipse
3450 3934 3655 3989 excitat

2077 4038 2273 4102 praeter
2332 4029 2426 4084 Dei
2460 4029 2758 4085 essentiam
2791 4029 2962 4084 oculis
2983 4028 3262 4096 corporeis
3289 4029 3667 4097 comprehen-

2078 4137 2221 4178 sum:
2241 4136 2304 4176 ac
2325 4120 2420 4189 qui
2442 4120 2582 4177 Deus
2607 4134 2799 4188 expers
2826 4120 3078 4174 essentia:
3110 4119 3363 4181 exsistat.
3391 4132 3489 4171 seu
3521 4118 3653 4172 sub-

2078 4213 2280 4269 stantia
2325 4226 2541 4267 carens.
2579 4209 2710 4267 lude
2764 4218 2953 4267 autem
2992 4212 3118 4279 quis
3146 4209 3531 4274 considerans,
3561 4221 3655 4262 no-

2079 4320 2313 4373 vamque
2344 4305 2488 4358 hanc
2514 4303 2819 4357 doctrinam
2849 4302 3078 4365 rimans,
3102 4302 3244 4357 istud
3272 4309 3460 4370 aperte.
3492 4314 3649 4354 acccd

2080 4399 2250 4470 perit;
2286 4397 2518 4452 dicendo
2544 4411 2801 4466 namque,
2843 4395 2970 4451 «Dci
3008 4397 3245 4450 essentia
3301 4410 3410 4449 non
3445 4403 3561 4456 est;
3589 4408 3675 4446 εισι

2084 4490 2232 4545 enim
2258 4489 2348 4544 illa
2388 4484 2597 4559 palpari
2626 4562 2629 4565 Α
2657 4504 2763 4542 non
2797 4496 3033 4558 potest,»
3092 4487 3334 4543 ostendit
3385 4501 3497 4539 non
3537 4499 3674 4538 esse

2084 4583 2188 4637 hoc
2231 4581 2402 4635 Deum
2438 4582 2578 4635 trine
2618 4578 3041 4634 subsistentem".
3092 4576 3425 4632 Amr-mando
3455 4584 3661 4640 autem,

412 4666 542 4734 στῆς
565 4664 746 4727 οὐσίας
768 4681 782 4696 ο
797 4667 854 4717 ὲν
879 4665 934 4718 δὲ
958 4665 1036 4734 τῷ
1065 4668 1436 4738 προσγράψαι,
1456 4687 1477 4721 t
1496 4649 1859 4736 Δεσποτικοὺς
1875 4675 1969 4746 γάε

2096 4691 2112 4724 ι
2153 4671 2394 4741 Angelus
2445 4686 2553 4726 non
2587 4678 2693 4732 est.
2763 4669 2833 4723 ab
2867 4668 3015 4723 omni
3047 4668 3242 4737 quovis
3281 4668 3444 4722 modo
3483 4676 3675 4721 creatur

412 4755 571 4824 φέρει
607 4760 985 4829 χαρακτῆρας,
1016 4760 1110 4811 καὶ
1144 4759 1226 4812 ὅτι
1253 4760 1334 4826 ὃν,
1375 4763 1470 4816 καὶ
1495 4764 1573 4835 μὴ
1627 4765 1980 4835 συμῦολικδν,

411 4847 499 4898 ἀεὶ
524 4846 634 4917 γάρ
662 4845 745 4910 ὃν,
784 4846 950 4901 ἁῦλόν
980 4865 1041 4901 τε
1064 4851 1160 4902 καὶ
1211 4849 1288 4921 νῷ
1320 4850 1616 4922 θεωρητδν,
1650 4874 1670 4906 ι
1702 4859 1985 4929 Δεσπότην

412 4937 547 4990 αὐτὸ
597 4936 855 4992 ἄκτιστον
905 4934 1048 4993 εἶναι
1098 4939 1449 4997 διατείνεται.
1487 4944 1575 4997 Ἐν
1618 4944 1676 4998 δὲ
1711 4947 1791 5018 τῷ
1833 4948 1983 5004 τᾶλλ’

412 5031 863 5100 ἐπισυναγαγεῖν,
889 5033 925 5085 ἆ
951 5048 1008 5083 τε
1031 5031 1244 5095 τούτοις
1264 5036 1718 5107 συμμιγνύμενον
1740 5040 1865 5113 δρᾷ,
1891 5045 1987 5098 καὶ

412 5120 558 5191 άπερ
604 5121 885 5194 ὁρώμενον
936 5123 1145 5193 ὁμιλεῖ,
1183 5126 1277 5178 καὶ
1308 5125 1443 5180 Θεὸν
1493 5128 1626 5181 αὐτὸ
1653 5130 1747 5184 τοῦ
1784 5138 1985 5200 παντὸς

412 5217 682 5284 ἀνέδειξεν
710 5218 928 5288 ὁρατὸν,
967 5217 1147 5270 πάντα
1181 5220 1250 5270 τά
1278 5216 1373 5271 τοῦ
1407 5218 1570 5288 μόνου
1607 5220 1745 5275 Θεοῦ
1772 5227 1989 5294 κομπά-

414 5311 574 5372 ζοντα
607 5313 702 5363 καὶ
738 5309 1318 5382 ύπερηφανευόμενον.
1351 5311 1588 5381 Φανερόν
1623 5312 1715 5366 οὖν
1765 5317 1831 5368 ἐκ
1858 5319 1985 5370 τού-

412 5414 523 5449 των
563 5398 596 5467 ὴ
629 5400 778 5449 πᾶσα
811 5398 1039 5470 τάνδρὸς
1068 5397 1344 5468 τερατεία.
1372 5401 1468 5453 καὶ
1516 5402 1598 5454 ὅτι
1631 5403 1762 5456 Θεὸν
1795 5404 1984 5476 ἕτερον

416 5489 571 5558 παρὰ
616 5491 716 5560 τὴν
739 5490 1201 5560 τρισυπόσττατον
1240 5491 1334 5542 καὶ
1355 5492 1764 5560 παντοδύναμον
1794 5494 1987 5550 οὐσίαν

416 5579 580 5640 and;
611 5596 669 5631 τε
702 5579 1018 5647 πρεσὸεύει,
1054 5581 1149 5634 καὶ
1194 5582 1265 5649 τῇ
1301 5579 1396 5632 νῦν
1446 5583 1790 5652 παραδίδωσι
1824 5603 1991 5652 προσ-

416 5674 599 5725 κυνεῖν
640 5671 962 5741 Ἐκκ).ησίᾳ.
1628 5682 1648 5693 ‘

2091 4763 2392 4819 substantia
2421 4761 2634 4817 eximit.
2666 4761 2820 4827 Quod
2860 4776 2991 4816 vero
3016 4760 3335 4831 subiungit:
3366 4779 3385 4811 t
3419 4759 3662 4814 Domini-

2089 4871 2188 4914 cos
2228 4856 2375 4911 enim
2402 4853 2505 4909 fert
2546 4853 2916 4917 characteres,
2956 4852 3213 4922 quodque
3258 4851 3531 4907 exsistens
3560 4851 3673 4913 e’stt.

2091 4962 2194 5003 nec
2219 4945 2577 5017 symbolicum
2631 4953 2736 5008 est,
2768 4956 3034 5013 extraque
3085 4941 3382 4998 materiam.
3423 4954 3479 4998 et
3519 4947 3665 5013 quod
3696 5008 3709 5015 α

2095 5046 2277 5095 mente
2320 5036 2568 5092 videatur
2599 5053 2663 5091 ac
2708 5035 3099 5105 intelligatur,»
3146 5032 3435 5087 Dominum
3480 5032 3665 5101 ipsum

2094 5130 2396 5186 increatutn
2427 5144 2551 5185 esse
2580 5127 2831 5183 afﬁrmat.
2861 5125 2977 5191 Qua
3014 5124 3229 5179 tandem
3287 5127 3504 5180 ratione
3538 5126 3670 5178 reli-

2094 5237 2203 5294 qua
2218 5222 2445 5291 colligit,
2471 5237 2594 5290 quae
2628 5221 2777 5275 hisee
2800 5219 3153 5274 commistum
3179 5217 3412 5284 faciunt,
3455 5226 3511 5271 et
3546 5233 3669 5286 qua:

2094 5315 2269 5372 oculis
2321 5315 2702 5382 conspicuum,
2736 5312 3007 5381 loquitur,
3054 5313 3221 5367 etiam
3259 5327 3440 5365 rerum
3507 5309 3668 5379 huius

2096 5404 2467 5461 universitatis
2518 5402 2685 5457 Deum
2731 5403 2905 5457 oculis
2951 5402 3345 5472 aspectabiletn
3401 5401 3662 5460 ostendit.

2093 5505 2287 5553 cuncta
2316 5511 2438 5565 quae
2461 5505 2589 5550 sunt
2609 5495 2769 5550 unius
2792 5496 2883 5549 Dei
2905 5504 3401 5564 crepantetnatquc
3430 5491 3669 5554 superbe

2095 5590 2440 5659 gloriantem.
2472 5586 2757 5642 Manifesta
2793 5588 2958 5657 igitur
2991 5602 3055 5641 ex
3093 5587 3212 5641 istis
3237 5594 3322 5640 est
3354 5581 3535 5637 omnis
3565 5580 3668 5634 viri

2096 5680 2429 5749 impostura,
2471 5681 2700 5749 etquod
2732 5662 2863 5733 tunf
2893 5678 3011 5748 ipse
3059 5676 3228 5732 Deum
3265 5676 3433 5730 alium
3474 5684 3671 5741 pra-ter.

418 5766 561 5820 trine
591 5764 978 5820 subsistentem
1004 5779 1067 5817 ac
1089 5763 1512 5849 omnipotentem
1541 5766 1897 5842 substantiam
1918 5770 2139 5841 sentiat,
2166 5779 2283 5828 tum
2310 5770 2369 5826 ci
2393 5786 2513 5842 qua:
2529 5786 2675 5827 nunc
2703 5781 2807 5838 cst,
2838 5769 3114 5840 Ecclesiae,
3138 5764 3474 5824 adorandum
3505 5777 3668 5836 atque

420 5858 706 5918 colendum
726 5857 921 5913 tradat.

493 5963 540 5994 "
577 5960 597 6013 ι
656 5961 781 6017 Cor.
820 5976 878 6027 tt,
914 5959 999 6013 Η.

2648 6056 2891 6079 -.α-ιζ-..
2962 6068 2976 6077 .
3048 6063 3083 6074 ο
