4088 6418
369 441 481 506 693

1130 446 1773 509 PALAMITICARUM
1811 441 2570 506 TRANSGRESSIONUM
2610 441 2863 502 LIBER.

3549 432 3654 496 θοι

368 558 486 625 λος,
506 555 626 614 ἀλλ’
649 556 837 611 ὑλικὸν
862 558 956 611 καὶ
973 559 1291 630 παχυμερὲς
1314 579 1326 625 ;
1360 580 1378 611 ι
1397 554 1681 615 καὶταῦτα
1710 559 1806 614 τοῦ
1826 560 1956 613 Θεο-

2079 568 2338 610 errenum
2370 554 2501 624 quid
2536 569 2601 609 ac
2629 566 2879 607 crassum
2910 556 2996 604 est
3019 549 3049 602 .’
3069 566 3087 599 ι
3124 545 3288 614 idque
3315 558 3443 599 cum
3470 540 3654 598 Thco~

348 650 533 719 ,λόγου
564 648 844 718 λέγοντος,
883 667 902 702 ι
949 650 1125 705 Τοῦτο
1157 652 1217 704 ὲν
1267 654 1482 723 νοητοῖς
1530 647 1673 708 εῖναι
1703 653 1766 706 τὸ
1790 651 1961 723 ἀκρό-

369 756 532 797 τατον
560 744 677 811 φῶς
703 743 974 813 (δηλονότι
1001 742 1094 799 τδν
1125 745 1309 817 Θεὺν),
1331 745 1470 817 ὅπερ
1500 746 1657 817 ἣλιος
1682 746 1742 800 ἐν
1764 728 1959 814 αἰσθη-

370 836 509 898 τοῖς.
553 853 572 887 ι
610 835 853 905 litavepr
899 836 1002 906 μὲν
1046 837 1142 892 οῦν
1171 840 1256 893 ὃτι
1294 839 1364 893 τά
1403 839 1601 894 ἑαυτοῦ
1631 838 1811 909 ὀνείδη
1864 840 1961 892 καὶ⁸

372 929 472 991 τὰς
506 931 637 997 παρ’
661 927 830 982 αὐτοῦ
865 931 1415 991 κατασκευασθείσας
1450 930 1804 1003 βλασφημίας
1847 934 1961 996 τοῖς

372 1021 554 1084 ἄλλοις
593 1022 1010 1092 προστρίϐεται.
1056 1019 1227 1089 Οὗτος
1254 1025 1371 1096 γάρ
1400 1026 1554 1080 ἐστιν
1582 1028 1610 1080 ό
1635 1026 1962 1089 ἀναπλάσας

373 1112 489 1182 φῶς
533 1114 591 1164 ἐν
622 1113 924 1168 ὑποστάσει
975 1117 1369 1185 πνευματικῶς
1404 1117 1664 1189 ὁρᾶσθαι,
1694 1115 1793 1171 καὶ
1833 1117 1960 1187 μήτ’

372 1203 561 1258 οὐσίαν
609 1201 751 1259 εἶναι
801 1206 976 1274 θείαν,
1020 1209 1148 1278 μήτ’
1181 1210 1504 1280 ἀγγελικὴν,
1531 1210 1704 1285 ταύτῃ
1736 1210 1833 1264 καὶ
1862 1212 1963 1282 τὴν

366 1297 582 1365 μεταξὺ
610 1297 751 1351 Θεοῦ
776 1317 835 1352 τε
872 1294 978 1355 καῖ
995 1302 1234 1369 ἀγγέλου
1259 1304 1673 1373 συστησάμενος
1697 1302 1958 1374 ὓπαρξιν.

375 1391 831 1463 Συγκεχωρήσθω
864 1394 911 1445 δ’
941 1394 1092 1462 ὅμως
1141 1394 1243 1465 τῆς
1304 1394 1584 1465 διαϐολῆς,
1630 1397 1964 1468 πράγματος

380 1482 652 1553 συνήθους
682 1484 834 1553 αὐτῷ
859 1486 948 1540 διά
969 1487 1149 1541 πάντα
1169 1505 1186 1523 ο
1210 1490 1399 1542 ἐκεῖνα
1429 1488 1486 1541 δὲ
1516 1488 1655 1559 μόνα
1687 1490 1964 1544 σκοπείτω

373 1591 482 1642 τις,
515 1576 552 1631 ἃ
577 1577 673 1630 καὶ
704 1579 764 1631 ὲν
793 1576 874 1647 τῷ
899 1579 1002 1650 πρὸ
1033 1578 1227 1634 τούτου
1251 1580 1673 1653 διεληλύθαμεν,
1691 1566 1793 1652 τῆς
1819 1585 1965 1639 κατά

375 1665 517 1720 Θεοῦ
575 1669 943 1737 συκοφαντίας
992 1670 1467 1743 παραληρήματα.
1527 1673 1615 1737 Ὦς
1649 1672 1803 1743 ἔοικεν
1831 1674 1962 1743 γὰρ,

377 1759 441 1813 τὸ
490 1761 678 1815 ὑλικὸν
710 1759 873 1817 τοῦτο
909 1763 1074 1833 μόνον
1108 1766 1205 1819 καὶ
1255 1742 1583 1837 παχυμερὲς
1636 1742 1962 1837 ἀνατρέπει,

377 1854 448 1906 τὰ
478 1853 524 1908 δ’
570 1854 706 1909 ἄλλα
743 1855 925 1911 πάντα
973 1861 1252 1929 συγχωρεῖ
1278 1858 1356 1928 τῷ
1388 1858 1584 1913 τούτου
1638 1858 1778 1929 φωτὶ
1809 1859 1967 1931 λέγε-

380 1946 527 2001 σθαι.

457 2041 580 2094 Ἔτι
618 2040 680 2095 οῦ
717 2058 852 2112 φησι
906 2042 1176 2114 Παλαμᾶς
1213 2043 1468 2116 περὶτοῦ
1523 2046 1660 2100 θεοῦ
1693 2047 1872 2115 Λόγου
1911 2046 2006 2100 τδι

384 2131 530 2186 θετον
559 2133 890 2203 Εὐαγγέλιον
921 2138 1232 2209 εἰρηκέναι,
1273 2158 1292 2192 ι
1333 2132 1446 2194 Ἦν
1473 2140 1536 2195 τὸ
1564 2141 1682 2211 φῶς
1731 2143 1793 2195 τὺ
1841 2142 1973 2211 ἀληο

377 2225 553 2289 θινδν,
587 2245 607 2280 ι
644 2228 741 2283 καὶ
773 2229 841 2283 τά
867 2213 994 2299 ἑξῆς
1023 2245 1037 2260 ·
1064 2230 1201 2285 ἀλλά
1235 2233 1364 2302 περὶ
1399 2233 1494 2287 τοῦ
1525 2233 1974 2298 ἀναπλασθέντος

384 2318 479 2370 καὶ
509 2319 910 2386 φαντασθέντος
936 2321 1111 2394 αὐτῷ,
1142 2323 1395 2396 καθάπερ
1422 2326 1742 2396 ἠκηκόειτε,
1767 2326 1970 2396 φωτός.

385 2410 528 2477 Φησὶ
553 2410 663 2482 γὰρ
692 2413 751 2465 ὲν
784 2414 899 2476 τοῖς
941 2414 1152 2480 αὐτοῖς,
1188 2415 1333 2483 λόγῳ
1378 2416 1631 2489 τετάρτῳ
1655 2409 1717 2470 οὗ
1742 2417 1777 2488 ἡ
1804 2415 1970 2488 ἀρχὴ,

401 2503 885 2573 ’Υποψιθιφίσας
913 2504 1129 2560 τοίνυν
1150 2506 1267 2576 τὴν
1288 2509 1377 2574 είς
1397 2507 1463 2563 τὸ
1483 2508 1640 2580 μέγα
1663 2507 1976 2579 φῶς-«Τοι-

388 2591 597 2662 γαροῦν
629 2593 690 2646 τὸ
721 2593 839 2663 φῶς
873 2595 1052 2648 ἐκεῖνο
1100 2596 1375 2664 σύμϐολόν
1402 2615 1462 2651 τε
1492 2601 1592 2653 καὶ
1636 2598 1754 2669 φῶς
1786 2599 1977 2671 ἀληθι-

389 2685 502 2749 νδν,
529 2686 627 2740 καὶ
655 2687 756 2740 οὐκ
781 2687 1037 2758 ἀληθινὸν
1068 2688 1282 2755 ἀπλῶς,
1308 2691 1425 2744 ἀλλ’
1457 2693 1590 2747 αὐτὸ
1630 2694 1692 2746 τὸ
1720 2693 1975 2765 ἀληθινὸν

391 2776 609 2849 ὑπῆρχε
647 2779 787 2850 φῶς,
808 2780 884 2844 ὡς
918 2783 1014 2836 καὶ
1061 2783 1088 2835 ό
1141 2783 1315 2852 μέγας
1345 2784 1632 2851 Βασίλειος
1662 2786 1830 2858 φησίν
1864 2802 1878 2817 ·
1911 2788 1976 2842 Ei

388 2867 647 2937 ἀληθινὸν
697 2871 814 2940 φῶς
847 2867 916 2942 ἦν
946 2876 973 2925 ό
1004 2873 1154 2939 Υἱὸς,
1205 2869 1274 2946 ἦν
1301 2875 1364 2929 τὸ
1394 2877 1512 2946 φῶς
1543 2877 1605 2930 τὸ
1656 2877 1917 2948 ἀληθινὸν
1947 2879 1976 2933 ὃ

390 2961 621 3030 φωτίζει
650 2965 841 3019 πάντα
854 2965 1145 3034 ἄνθρωπον
1162 2968 1468 3039 ἐρχόμενον
1489 2970 1572 3034 εἰς
1592 2971 1684 3025 τὸν
1709 2969 1937 3040 κόσμον*
1951 2991 1970 3025 ι

391 3056 458 3125 τῇ
517 3056 741 3125 συνήθει
801 3059 904 3112 κάν
956 3058 1135 3127 τούτῳ
1172 3059 1462 3129 χρώμενος
1510 3062 1756 3135 διαϐολῇ,
1785 3063 1977 3135 ὥσπερ

394 3148 525 3214 περὶ
551 3147 644 3201 δύο
671 3149 870 3217 φώτων
898 3151 1174 3221 ἀληθινῶν
1201 3153 1293 3206 τὸν
1326 3155 1507 3223 μέγαν
1534 3155 1978 3226 διαλαμϐάνοντα

2066 646 2222 716 logos
2262 646 2410 701 dicat
2437 646 2540 717 (2):
2571 665 2589 698 ι
2621 644 2737 700 l-loe
2762 645 2816 698 in
2851 639 3287 713 inteiligihilibus
3308 651 3431 692 esse
3458 649 3652 705 supre-

2064 754 2217 794 mum
2250 741 2468 794 lumem
2508 739 2703 810 (Deum
2740 733 2972 804 scilicet)
3011 732 3191 803 «quod
3220 739 3306 786 est
3326 728 3409 785 sol
3433 728 3487 782 in
3524 742 3655 781 scn-

2064 831 2370 886 sihilihus.o
2434 830 2793 885 Manifestum
2833 829 3001 898 igitur
3038 833 3144 887 est.
3179 837 3283 880 sua
3316 822 3501 891 ipsum
3530 833 3657 888 pro—

2064 926 2186 989 bra,
2213 935 2264 980 et
2296 940 2435 995 quas
2459 926 2610 980 endit
2639 924 3034 995 blasphemiae,
3053 921 3178 976 aliis
3198 917 3475 973 tribuere.
3501 913 3658 969 illius

2063 1016 2211 1071 enim
2242 1027 2619 1071 enrrrmentum
2679 1024 2784 1078 est,
2824 1015 2967 1086 quod
3030 1013 3213 1066 lumen
3251 1008 3306 1063 in
3348 1006 3653 1064 substantia

2067 1109 2388 1180 apiritaliter
2423 1108 2696 1173 videatur,
2724 1123 2790 1163 ac
2832 1122 3012 1177 neque
3049 1105 3232 1159 dixina
3287 1104 3532 1158 essentia
3562 1102 3655 1164 sit,

2064 1216 2166 1255 nec
2190 1199 2467 1270 angelica;
2508 1198 2709 1270 quique
2731 1196 2957 1268 proinde
2999 1211 3110 1250 rem
3134 1194 3294 1255 hanc.
3323 1192 3490 1250 Deum
3516 1191 3659 1243 inter

2069 1301 2236 1361 atque
2283 1274 2577 1359 angelum,
2646 1288 2919 1344 statuerit.
2984 1285 3335 1340 Enimveroa
3369 1283 3659 1338 calumnia:

2064 1384 2188 1440 labe
2213 1397 2411 1453 purum
2439 1396 2562 1437 esse
2589 1381 2856 1447 sinamus,
2881 1394 2999 1447 qua
3030 1393 3118 1434 res
3148 1377 3225 1431 illi
3253 1376 3334 1431 sic
3356 1374 3565 1443 ubique
3591 1388 3655 1426 ex

2068 1480 2232 1552 genio
2261 1486 2348 1536 est
2385 1492 2451 1534 ac
2490 1484 2794 1533 consueta:
2836 1475 2951 1529 haec
2984 1488 3114 1528 vero
3145 1471 3324 1526 solum
3356 1470 3480 1540 quis
3515 1484 3655 1523 con-

2070 1573 2277 1630 sideret
2299 1587 2423 1643 quae
2436 1569 2710 1642 superiori
2727 1568 2906 1638 capite
2924 1565 3343 1622 edisseruimus.
3365 1559 3660 1617 calmnniae

2067 1667 2122 1721 in
2152 1666 2319 1722 Deum
2343 1664 2556 1722 deliria.
2588 1662 2749 1729 Nam,
2781 1671 2841 1717 ut
2873 1661 3110 1726 videtur,
3130 1672 3301 1713 unum
3339 1659 3444 1710 hoc
3483 1662 3657 1708 terre-

2067 1775 2200 1814 num
2253 1773 2566 1829 crassaque
2631 1756 2958 1813 substantia:
3001 1752 3221 1817 evertit,
3270 1750 3484 1817 reliqua
3528 1761 3661 1800 vero

2072 1850 2260 1907 omnia
2284 1859 2346 1906 ut
2370 1850 2589 1907 dicatur
2616 1863 2779 1905 suum
2816 1846 2951 1903 illud
2982 1846 3171 1916 lumen
3207 1841 3483 1901 concedit.

2145 2059 2223 2113 Ad
2257 2058 2373 2114 inec
2395 2056 2472 2112 ait
2502 2054 2774 2122 Palamas,
2827 2068 2936 2111 non
2969 2052 3179 2109 dixisse
3210 2047 3567 2118 Evangelium
3594 2046 3662 2100 de

2075 2151 2186 2205 Deo
2222 2147 2399 2204 Verbo
2429 2168 2442 2205 :
2484 2167 2502 2200 ι
2550 2146 2802 2202 Eratlua:
2824 2163 2946 2202 vera
2985 2145 3051 2209 ³³,
3085 2154 3139 2199 et
3188 2158 3310 2214 qua:
3326 2146 3661 2211 sequuntur,

2073 2243 2167 2298 sed
2192 2241 2261 2295 de
2288 2240 2374 2295 illa
2404 2254 2570 2313 quam
2603 2238 2869 2299 conlinxit
2894 2253 2959 2292 ac
2979 2236 3164 2292 videre
3181 2235 3487 2297 existimat,
3519 2231 3665 2286 lucc.

2074 2334 2165 2388 Ait
2185 2334 2333 2388 enim
2372 2334 2425 2387 in
2456 2332 2673 2393 iisdem.
2703 2344 2956 2386 sermone
2983 2338 3200 2400 quarto,
3216 2326 3375 2396 cujus
3402 2323 3617 2378 initium
3648 2340 3663 2383 ;

2076 2423 2528 2481 Submurmurans
2548 2423 2688 2477 enim
2702 2437 2820 2494 quae
2835 2430 2912 2476 est
2933 2421 2984 2474 in
3012 2434 3259 2489 magnum
3281 2416 3456 2471 (unum
3479 2430 3497 2469 :
3523 2417 3632 2468 «ita
3646 2444 3665 2453 -

2076 2534 2185 2588 que
2211 2518 2395 2571 lumen
2416 2515 2574 2581 illud,
2607 2522 2723 2570 tum
2758 2514 3066 2587 symbolum
3095 2520 3200 2578 est,
3236 2519 3350 2565 tum
3389 2510 3481 2564 lux
3511 2522 3661 2562 vera.

2076 2611 2187 2666 Nec
2217 2611 2418 2681 quovis
2441 2608 2606 2665 modo
2628 2608 2721 2662 lux
2749 2622 2896 2670 vera,
2935 2605 3031 2662 sed
3060 2605 3176 2674 ipsa
3211 2604 3304 2659 lux
3336 2617 3460 2657 vera
3523 2598 3699 2667 erat,”

2076 2701 2326 2756 utietiam
2348 2698 2422 2754 ait
2443 2714 2673 2768 magnus
2694 2697 2956 2752 Basilius:
2987 2695 3043 2751 Si
3072 2711 3199 2750 vera
3221 2694 3309 2748 lux
3332 2693 3527 2757 Filius,
3550 2702 3668 2746 erat

2076 2794 2168 2849 lux
2194 2794 2284 2849 illa
2310 2808 2459 2860 vera,
2490 2806 2615 2861 quae
2657 2789 2932 2847 illuminat
2973 2803 3191 2843 munem
3256 2786 3535 2841 hominem
3573 2801 3667 2838 vc-

2077 2887 2317 2940 nientem
2339 2884 2393 2940 in
2418 2889 2560 2939 hunc
2596 2881 2883 2945 mundum;
2933 2898 2951 2932 ι
3003 2879 3092 2935 hic
3136 2892 3359 2948 quoque
3400 2884 3668 2933 consueta

2078 2993 2213 3032 usus
2230 2975 2527 3044 calumnia,
2554 2968 2701 3028 vieiut
2731 2973 2799 3028 de
2829 2971 3032 3040 duplici
3066 2971 3311 3025 locutum
3349 2969 3473 3023 luce
3511 2986 3665 3028 γυνη,

2078 3072 2259 3126 virum
2288 3084 2546 3143 magnum
2598 3066 2774 3138 ponit;
2827 3080 2927 3120 nec
2965 3064 3162 3135 quovis
3223 3063 3384 3116 modo
3435 3062 3667 3131 duplici,

2082 3163 2176 3220 sed
2196 3159 2271 3215 ita
2303 3167 2364 3215 ut
2389 3159 2484 3213 Dei
2521 3157 2785 3221 Verbum,
2816 3157 2903 3209 lux
2940 3155 3090 3223 prior
3115 3152 3187 3207 sit
3215 3160 3268 3206 et
3292 3150 3669 3221 particularis;

392 3239 579 3309 τίθησι
606 3254 622 3269 ·
653 3240 748 3294 καὶ
779 3242 878 3312 οὐχ
907 3242 1095 3307 ἀπλῶς
1132 3243 1245 3306 δύο.
1281 3245 1418 3299 ἀλλά
1446 3248 1540 3299 τὸν
1589 3248 1688 3317 μὲν
1717 3249 1814 3303 τοῦ
1843 3250 1977 3304 Θεοῦ

2083 3255 2226 3326 quod
2264 3268 2393 3308 vero
2415 3252 2506 3306 ille
2529 3252 2716 3306 lumen
2747 3247 3190 3303 comminiscitur
3222 3260 3287 3299 ac
3334 3244 3518 3298 videre
3571 3259 3674 3311 pu-

393 3332 570 3400 Δὸγον
608 3335 922 3403 ἡγούμενον
953 3335 1068 3405 φῶς
1105 3336 1363 3407 ἀληθινὸν
1396 3341 1494 3394 καὶ
1545 3342 1796 3410 μερικδν,
1830 3343 1892 3396 τὸ
1922 3344 1982 3399 δὲ

394 3426 528 3495 παρ’
555 3424 726 3480 αὐτοῦ
762 3426 1075 3495 “madv
1120 3428 1241 3498 φῶς
1272 3429 1546 3500 ἑπόμενον
1584 3432 1679 3484 καὶ
1708 3422 1944 3488 καθόλου
1963 3451 1979 3467 ο

392 3518 596 3572 ὡσανεὶ
627 3518 842 3589 ἔλεγεν,
864 3522 932 3575 Et
984 3523 1137 3576 ἔστιν
1189 3522 1502 3593 ἄνθρωπος,
1534 3524 1653 3580 ἔστι
1692 3527 1789 3579 καὶ
1816 3527 1980 3591 ζῶον.

408 3610 572 3663 Ἀλλά
610 3612 835 3683 μερικδν
866 3612 986 3683 φῶς
1011 3610 1152 3668 εἶναι
1191 3617 1283 3669 τὸν
1320 3615 1526 3689 Κύριον
1570 3618 1747 3684 οὐδεὶς
1771 3635 1860 3673 πω
1889 3620 1988 3689 μέ-

398 3721 490 3773 χρι
523 3704 618 3757 καὶ
660 3706 903 3775 τήμερον
950 3705 1175 3778 εἴρηκεν
1200 3723 1215 3739 ο
1263 3708 1694 3779 ἀπολελυμένως
1722 3712 1833 3782 γὰρ
1863 3713 1986 3769 ἑαυο

398 3796 493 3847 τὸν
521 3793 819 3865 ὀνομάσας,
849 3814 870 3849 ι
922 3795 1070 3866 Ἐγώ
1110 3799 1230 3868 εἰμι
1258 3799 1321 3852 τὸ
1351 3796 1488 3868 φῶς,
1529 3818 1549 3851 ι
1585 3801 1848 3872 οὐδεμίαν
1878 3820 1987 3857 πα-

401 3887 575 3958 ρῆκεν
613 3887 878 3942 ὑπόνοιαν
902 3891 1015 3952 τοῖς
1040 3889 1147 3943 ἀπὸ
1178 3888 1274 3944 τοῦ
1314 3891 1540 3962 μερικὸν
1578 3893 1744 3947 αὑτὸν
1795 3894 1987 3949 ὑποτίο

403 3977 593 4032 θεσθαι
624 3979 738 4046 φῶς
781 3980 1126 4051 βλασφημεῖν
1159 3982 1529 4052 αἱρουμένοις.
1565 3986 1677 4053 Οὐχ
1707 3985 1850 4040 οὕτω
1876 3987 1988 4042 λοι-

404 4068 508 4121 πὸν
545 4069 762 4139 νοητὲον
789 4068 891 4141 τήν
914 4068 1009 4124 τοῦ
1044 4069 1283 4140 μεγάλου
1320 4071 1479 4141 ῥῆσιν
1507 4088 1522 4103 ’
1549 4072 1668 4127 ἀλλ’
1686 4072 1805 4138 ἐνὸς
1834 4056 1986 4138 lim;

399 4159 496 4214 τοῦ
528 4144 707 4229 ᾢωτὸς
743 4161 837 4215 τοῦ
866 4161 1144 4232 ἀληθινοῦ,
1195 4161 1272 4232 τῷ
1309 4164 1593 4229 ὲξισάζοντ
1676 4166 1980 4237 κεχρῆσθαι

274 4239 289 4251 ’
401 4251 723 4322 συμϐαίνειν
754 4253 864 4306 τῶν
891 4254 1132 4325 τρόπων.
1193 4255 1283 4319 Ὠς
1312 4257 1379 4310 ἂν
1431 4258 1481 4310 εί
1529 4255 1741 4327 ἔλεγεν,
1768 4259 1835 4322 Εἰ
1874 4259 1985 4330 γὰρ

401 4343 689 4413 ἄνθρωπός
721 4346 890 4412 ἐστιν,
916 4345 1033 4401 ἔστι
1061 4348 1158 4402 καὶ
1190 4347 1331 4412 ζῶον
1355 4348 1576 4418 λογικὴν
1626 4349 1821 4421 θνητόν
1846 4368 1861 4383 ο
1893 4353 1987 4406 οὐ·

402 4435 496 4490 δὲν
525 4435 714 4508 ἕτερον
749 4436 1038 4507 δηλοῦντος
1060 4439 1157 4495 τοῦ
1192 4441 1510 4514 ἀνθρώπου,
1540 4443 1659 4498 ἀλλ’
1688 4444 1721 4517 ἢ
1751 4443 1814 4499 τὸ
1844 4445 1986 4511 ζῶον

392 4523 619 4587 ⁴λογικὸν
656 4526 871 4597 θνητόν.

479 4616 602 4670 Ἔτι
631 4615 693 4671 οὗ
721 4636 854 4689 φησι
880 4619 1148 4691 Παλαμᾶς
1174 4621 1274 4692 τὴν
1312 4623 1638 4698 ὕπερούσιον
1672 4628 1865 4684 οὐσίαν
1887 4633 1984 4687 καὶ

396 4706 634 4779 ’δύναμιν
674 4710 768 4763 τὸν
818 4711 918 4765 ἕνα
964 4714 1400 4782 τρισυπόστατον
1432 4720 1587 4781 Θεὺν.
1612 4722 1721 4776 τῶν
1772 4725 1985 4793 ἐφετῶν

399 4795 633 4854 εἶναιτὸ
660 4802 966 4874 ἀκρότατον
987 4819 1002 4836 ο
1038 4804 1177 4859 ἀλλά
1208 4807 1302 4860 τὸν
1328 4808 1405 4873 ὡς
1436 4811 1551 4878 φῶς
1588 4812 1741 4885 αθτῷ
1775 4832 1986 4884 φανταο

402 4889 600 4943 σθέντα
623 4890 860 4961 δαίμονα
897 4893 994 4946 καὶ
1031 4896 1220 4960 κακῶς
1247 4896 1347 4951 ὑπ’
1386 4899 1555 4953 αὐτοῦ
1591 4902 1987 4975 θεοποιηθέντα

398 4982 666 5053 τήμερον.
701 4985 842 5058 Φησὶ
869 4987 982 5057 γὰρ
1009 4988 1069 5040 ἐν
1100 4986 1243 5060 λόγῳ
1278 4991 1358 5060 τῷ
1389 4992 1559 5061 αὐτῷ,
1594 5015 1615 5047 ι
1652 4996 1716 5050 Et
1747 4998 1857 5068 γὰρ
1892 5002 1987 5053 καὶ

401 5076 519 5146 φῶς
545 5076 660 5147 ἔχει
696 5077 796 5149 τὴν
852 5082 1197 5151 ἐπωνυμίαν,
1229 5081 1367 5136 ἀλλά
1414 5088 1511 5138 καὶ
1558 5086 1676 5156 φῶς
1723 5089 1985 5162 ἀληθινὸν

400 5171 685 5226 καλεῖται·
724 5172 928 5245 μᾶλλον
982 5175 1041 5228 δὲ
1088 5175 1223 5229 αὐτὸ
1272 5178 1334 5230 τὸ
1387 5177 1643 5248 ἀληθινὸν
1682 5180 1821 5249 φῶς.
1849 5180 1878 5234 δ
1905 5181 1983 5247 ὡς

402 5269 620 5341 ῐμάτιον
671 5272 700 5325 ὀ
752 5272 887 5337 Θεὸς
943 5272 1335 5329 ἀναϐάλλεται.
1386 5274 1499 5327 Καὶ
1547 5274 1634 5328 ἵνα
1681 5276 1784 5330 τάν
1832 5281 1984 5348 μέσῳ
2053 5280 2067 5295 '

399 5362 754 5435 ἀδιάρθρωτα
800 5366 896 5421 καὶ
949 5365 1278 5438 ἀσύμϐλητα
1310 5368 1493 5438 παρῶ,
1538 5388 1556 5422 ι
1595 5369 1715 5435 Φῶς
1764 5389 1782 5421 ι
1829 5373 1982 5441 φησὶ,

407 5475 428 5509 ι
466 5457 580 5519 τοῖς
610 5457 791 5525 ἁγίοις
816 5458 1115 5529 ὁρώμενον,
1149 5461 1248 5514 καὶ
1274 5456 1487 5523 τούτοις
1514 5460 1573 5516 ὲν
1615 5461 1916 5530 πνεύματι.
1960 5484 1979 5516 ι

400 5543 517 5602 Εἶτ’
562 5547 758 5616 ἐπάγει
786 5550 1006 5603 ἐναντία
1059 5551 1276 5618 πάντως
1331 5550 1538 5627 ἐαυτῷ·
1582 5572 1601 5607 ι
1643 5555 1762 5620 Φῶς
1870 5556 1986 5611 ἐνε-

484 5728 533 5764 ³³
585 5728 746 5788 Joan.
772 5749 812 5802 ι,
845 5732 930 5790 l9.
1008 5730 1055 5765 “
1080 5730 1242 5791 Joan.
1269 5752 1371 5807 xu,
1408 5734 1498 5793 ίθ.

476 5913 553 5985 (ε)
574 5882 726 5974 om.
751 5915 837 5973 at.
860 5932 925 5973 ex
953 5913 1197 5971 Platone.

2087 3356 2186 3411 tat,
2212 3360 2450 3416 sequens
2484 3359 2548 3399 ac
2587 3340 2939 3397 universalis.
2981 3339 3059 3394 Ac
3088 3338 3135 3393 si
3180 3337 3391 3392 diceret
3442 3354 3456 3389 :
3492 3335 3549 3389 Si
3590 3345 3682 3389 est

2082 3436 2680 3502 homo,etiamanimal
2728 3444 2835 3490 est.
2867 3433 3184 3494 Enimvero.
3232 3430 3531 3485 Dominum
3585 3429 3673 3483 lu~

2085 3545 2202 3587 cem
2267 3545 2389 3586 esse
2461 3528 2874 3600 particularem,
2915 3539 3080 3579 nemo
3126 3525 3394 3578 hactenus
3458 3521 3599 3575 dixit
3654 3540 3670 3576 :

2086 3635 2212 3675 cum
2250 3636 2310 3675 se
2338 3620 2484 3674 enim
2515 3619 2634 3689 ipse
2668 3618 2920 3674 absolute
2951 3614 3317 3671 nominaverit
3362 3632 3374 3667 :
3418 3612 3529 3683 Ego
3554 3628 3674 3665 sum

2087 3710 2180 3765 lux
2218 3711 2285 3778 “,
2317 3712 2519 3766 nullam
2557 3725 2747 3765 ansam
2779 3709 3030 3779 praebuit,
3059 3707 3261 3778 quibus
3295 3705 3675 3773 blaspheme“:

2088 3805 2446 3860 constitutum
2504 3806 2596 3871 sit,
2631 3813 2689 3857 ut
2732 3801 3064 3873 particularc
3120 3800 3299 3869 ipsum
3339 3798 3522 3851 lumen
3555 3796 3677 3848 esi-

2087 3898 2336 3954 stiment.
2363 3895 2473 3952 Nec
2500 3896 2615 3968 jam
2650 3899 2724 3950 ita
2782 3893 3101 3964 accipienda
3143 3893 3324 3963 magni
3355 3891 3537 3945 llasilii
3571 3905 3673 3944 au-

2087 3990 2313 4047 Ctoritas
2344 4005 2406 4043 ac
2443 3987 2737 4055 sententia,
2793 3986 2887 4042 sed
2923 4002 3048 4042 cum
3093 4002 3198 4040 una
3253 3985 3326 4040 sit
3381 3985 3470 4036 lux
3521 3998 3669 4049 vera,

2086 4082 2407 4153 cxazquandi
2436 4082 2598 4137 modo
2637 4097 2770 4135 usns
2798 4089 2883 4135 est
2914 4080 3275 4148 terminisque
3321 4078 3373 4131 in
3403 4078 3541 4129 idem
3578 4093 3674 4128 va-

2090 4175 2345 4239 lentibus,
2375 4191 2441 4230 ac
2472 4174 2518 4231 si
2562 4173 2770 4228 diceret
2807 4170 2981 4227 :Nam
3023 4170 3069 4227 si
3117 4172 3279 4225 homo
3331 4182 3436 4232 est;
3490 4178 3573 4224 est
3623 4176 3679 4221 et

2088 4267 2291 4322 animal
2332 4278 2492 4323 utens
2537 4266 2771 4332 ratione,
2826 4264 3091 4330 mortale;
3141 4279 3266 4318 cum
3324 4263 3485 4317 homo
3540 4261 3678 4315 nihil

2088 4359 2238 4415 aliud
2271 4360 2561 4431 signiticet,
2597 4350 2760 4430 quam
2802 4357 3008 4417 animal
3042 4356 3309 4412 rationale
3339 4356 3592 4410 mortale.

2015 4564 2071 4622 ι,

2163 4628 2434 4683 Prmterea
2468 4641 2577 4680 non
2604 4625 2736 4681 dicit
2784 4623 3057 4686 Palamas,
3080 4619 3677 4692 supersuhstantialem

2092 4720 2456 4778 substantiam
2487 4729 2655 4789 atque
2684 4718 2966 4780 virtutem,
3001 4715 3170 4770 Deum
3200 4714 3344 4769 trine
3372 4713 3682 4767 subsisten-

2092 4822 2226 4881 tem,
2261 4827 2580 4883 supremum
2602 4809 2981 4882 appetihilium
3007 4824 3148 4872 esse,
3177 4808 3271 4861 sed
3304 4823 3466 4874 «piem
3510 4807 3677 4859 lumi-

2093 4909 2180 4963 nis
2232 4906 2416 4977 specie
2457 4912 2802 4959 commentus
2867 4911 2953 4956 est
3019 4901 3349 4962 dannoncm,
3401 4908 3455 4954 et
3515 4915 3677 4968 quem

2096 5000 2240 5056 male
2268 5000 2430 5055 hodie
2463 4999 2630 5054 Deum
2663 4996 3030 5053 consecravit.
3066 4993 3157 5047 Ait
3179 4994 3325 5047 enim
3358 4993 3413 5047 in
3475 4992 3671 5045 eodem

2093 5111 2349 5150 sermone
2382 5111 2397 5149 :
2436 5114 2453 5146 ι
2487 5093 2815 5163 Quanquam
2852 5090 2993 5146 enim
3027 5091 3212 5145 lumen
3252 5085 3678 5159 appellationi-n1

2092 5188 2275 5255 habet,
2310 5204 2501 5243 verum
2528 5189 2620 5242 lux
2659 5202 2877 5258 quoque
2907 5200 3031 5237 vera
3090 5194 3466 5252 nuncupatur.
3504 5179 3680 5247 Quin-

2090 5278 2203 5333 into
2233 5280 2349 5348 ipsa
2383 5282 2470 5332 lux
2502 5293 2658 5345 vera,
2684 5295 2848 5349 quam
2882 5278 3027 5332 Deus
3074 5275 3254 5330 induit
3313 5275 3460 5330 sicut
3511 5273 3677 5327 vesti-

2092 5381 2363 5427 mentum.
2400 5391 2418 5424 ι
2460 5372 2523 5426 Ει
2579 5381 2640 5427 ut
2673 5370 2959 5442 interiecta
3004 5369 3328 5426 indistincta
3392 5365 3680 5434 incompa-

2092 5481 2292 5537 ctaque
2314 5466 2562 5521 omittam
2591 5484 2604 5519 :
2636 5485 2655 5519 ι
2710 5464 2948 5534 Lumen,
2975 5464 3180 5533 inquit,
3207 5459 3351 5533 quod
3389 5474 3421 5514 a
3471 5456 3680 5511 sanctis

2095 5559 2343 5627 videtur,
2371 5558 2545 5629 iisque
2574 5559 2627 5614 in
2660 5558 2880 5629 spiritu.
2920 5575 2939 5610 ι
2986 5555 3195 5612 Deinde
3225 5548 3529 5625 subjungit,
3551 5565 3676 5621 qth
