  <div class='ocr_page' id='page_1' title='image "/cluster/home/n/w/nwhite01/storage/ocr_20150623/152/coo.31924054870575/355.png"; bbox 0 0 4088 6426; ppageno 0'>
   <div class='ocr_carea' id='block_1_1' title="bbox 430 393 535 458">
    <p class='ocr_par' dir='ltr' id='par_1_1' title="bbox 430 393 535 458">
     <span class='ocr_line' id='line_1_1' title="bbox 430 393 535 458; baseline -0.01 0"><span class='ocrx_word' id='word_1_1' title='bbox 430 393 535 458; x_wconf 81' lang='lat'><strong>695</strong></span> 
     </span>
    </p>
   </div>
   <div class='ocr_carea' id='block_1_2' title="bbox 1613 408 2533 477">
    <p class='ocr_par' dir='ltr' id='par_1_2' title="bbox 1613 408 2533 477">
     <span class='ocr_line' id='line_1_2' title="bbox 1613 408 2533 477; baseline 0.005 -7"><span class='ocrx_word' id='word_1_2' title='bbox 1613 408 1858 472; x_wconf 83' lang='lat' dir='ltr'><strong>JOANN</strong></span> <span class='ocrx_word' id='word_1_3' title='bbox 1865 410 1937 471; x_wconf 90' lang='lat' dir='ltr'><strong>IS</strong></span> <span class='ocrx_word' id='word_1_4' title='bbox 1975 411 2533 477; x_wconf 71' lang='lat' dir='ltr'><strong>CYPARISSIOT/E</strong></span> 
     </span>
    </p>
   </div>
   <div class='ocr_carea' id='block_1_3' title="bbox 3576 415 3682 481">
    <p class='ocr_par' dir='ltr' id='par_1_3' title="bbox 3576 415 3682 481">
     <span class='ocr_line' id='line_1_3' title="bbox 3576 415 3682 481; baseline 0.009 -1"><span class='ocrx_word' id='word_1_5' title='bbox 3576 415 3682 481; x_wconf 69' lang='lat'><strong>690</strong></span> 
     </span>
    </p>
   </div>
   <div class='ocr_carea' id='block_1_4' title="bbox 429 506 2001 601">
    <p class='ocr_par' dir='ltr' id='par_1_4' title="bbox 429 511 2001 591">
     <span class='ocr_line' id='line_1_4' title="bbox 429 511 2001 591; baseline 0.009 -26"><span class='ocrx_word' id='word_1_6' title='bbox 429 513 505 566; x_wconf 85' lang='lat' dir='ltr'><strong>illi</strong></span> <span class='ocrx_word' id='word_1_7' title='bbox 539 511 767 568; x_wconf 81' lang='lat' dir='ltr'><strong>omnino</strong></span> <span class='ocrx_word' id='word_1_8' title='bbox 788 514 1060 569; x_wconf 88' lang='lat' dir='ltr'><strong>contraria</strong></span> <span class='ocrx_word' id='word_1_9' title='bbox 1085 515 1195 571; x_wconf 86' lang='lat' dir='ltr'><strong>sint</strong></span> <span class='ocrx_word' id='word_1_10' title='bbox 1229 534 1243 572; x_wconf 89' lang='lat'><strong>:</strong></span> <span class='ocrx_word' id='word_1_11' title='bbox 1280 536 1298 569; x_wconf 72' lang='grc' dir='ltr'><strong>ι</strong></span> <span class='ocrx_word' id='word_1_12' title='bbox 1330 517 1559 587; x_wconf 83' lang='lat' dir='ltr'><strong>Lumen,</strong></span> <span class='ocrx_word' id='word_1_13' title='bbox 1597 522 1653 577; x_wconf 87' lang='lat' dir='ltr'><strong>in</strong></span> <span class='ocrx_word' id='word_1_14' title='bbox 1684 525 1829 591; x_wconf 89' lang='lat' dir='ltr'><strong>quod</strong></span> <span class='ocrx_word' id='word_1_15' title='bbox 1887 525 2001 578; x_wconf 59' lang='lat' dir='ltr'><strong>An.</strong></span> 
     </span>
    </p>
   </div>
   <div class='ocr_carea' id='block_1_5' title="bbox 2107 506 3678 601">
    <p class='ocr_par' dir='ltr' id='par_1_5' title="bbox 2107 506 3678 601">
     <span class='ocr_line' id='line_1_5' title="bbox 2107 506 3678 601; baseline 0.005 -22"><span class='ocrx_word' id='word_1_16' title='bbox 2107 526 2305 597; x_wconf 88' lang='grc' dir='ltr'>ρείδειν</span> <span class='ocrx_word' id='word_1_17' title='bbox 2358 529 2409 581; x_wconf 78' lang='grc' dir='ltr'>οἱ</span> <span class='ocrx_word' id='word_1_18' title='bbox 2457 528 2683 594; x_wconf 76' lang='grc' dir='ltr'>ἄγγελοι</span> <span class='ocrx_word' id='word_1_19' title='bbox 2717 528 2777 582; x_wconf 84' lang='grc' dir='ltr'><strong>τὸ</strong></span> <span class='ocrx_word' id='word_1_20' title='bbox 2825 506 2981 600; x_wconf 77' lang='grc' dir='ltr'>ὄμμα</span> <span class='ocrx_word' id='word_1_21' title='bbox 3016 530 3080 584; x_wconf 70' lang='grc' dir='ltr'>οὗ</span> <span class='ocrx_word' id='word_1_22' title='bbox 3138 529 3416 584; x_wconf 70' lang='grc' dir='ltr'>σθένουσι·</span> <span class='ocrx_word' id='word_1_23' title='bbox 3454 531 3593 601; x_wconf 76' lang='grc' dir='ltr'>φῶς,</span> <span class='ocrx_word' id='word_1_24' title='bbox 3647 533 3678 587; x_wconf 82' lang='grc' dir='ltr'><strong>δ</strong></span> 
     </span>
    </p>
   </div>
   <div class='ocr_carea' id='block_1_6' title="bbox 430 603 2006 684">
    <p class='ocr_par' dir='ltr' id='par_1_6' title="bbox 430 603 2006 684">
     <span class='ocr_line' id='line_1_6' title="bbox 430 603 2006 684; baseline 0.009 -27"><span class='ocrx_word' id='word_1_25' title='bbox 430 603 530 670; x_wconf 75' lang='lat' dir='ltr'><strong>geli</strong></span> <span class='ocrx_word' id='word_1_26' title='bbox 569 604 742 657; x_wconf 86' lang='lat' dir='ltr'><strong>aciem</strong></span> <span class='ocrx_word' id='word_1_27' title='bbox 782 604 1016 674; x_wconf 78' lang='lat' dir='ltr'><strong>deﬁgere</strong></span> <span class='ocrx_word' id='word_1_28' title='bbox 1065 622 1174 660; x_wconf 90' lang='lat' dir='ltr'><strong>non</strong></span> <span class='ocrx_word' id='word_1_29' title='bbox 1212 617 1441 674; x_wconf 87' lang='lat' dir='ltr'><strong>possunt</strong></span> <span class='ocrx_word' id='word_1_30' title='bbox 1512 626 1528 665; x_wconf 90' lang='lat'><strong>:</strong></span> <span class='ocrx_word' id='word_1_31' title='bbox 1612 611 1796 669; x_wconf 88' lang='lat' dir='ltr'><strong>lumen</strong></span> <span class='ocrx_word' id='word_1_32' title='bbox 1857 617 2006 684; x_wconf 89' lang='lat' dir='ltr'><strong>quod</strong></span> 
     </span>
    </p>
   </div>
   <div class='ocr_carea' id='block_1_7' title="bbox 431 695 2006 775">
    <p class='ocr_par' dir='ltr' id='par_1_7' title="bbox 431 695 2006 775">
     <span class='ocr_line' id='line_1_7' title="bbox 431 695 2006 775; baseline 0.011 -29"><span class='ocrx_word' id='word_1_33' title='bbox 431 695 657 750; x_wconf 83' lang='lat' dir='ltr'><strong>laudant</strong></span> <span class='ocrx_word' id='word_1_34' title='bbox 685 696 885 765; x_wconf 78' lang='lat' dir='ltr'><strong>angeli,</strong></span> <span class='ocrx_word' id='word_1_35' title='bbox 922 716 943 749; x_wconf 72' lang='grc' dir='ltr'><strong>ι</strong></span> <span class='ocrx_word' id='word_1_36' title='bbox 980 712 1092 766; x_wconf 91' lang='lat' dir='ltr'><strong>quo</strong></span> <span class='ocrx_word' id='word_1_37' title='bbox 1147 700 1328 755; x_wconf 90' lang='lat' dir='ltr'><strong>onmis</strong></span> <span class='ocrx_word' id='word_1_38' title='bbox 1390 701 1701 758; x_wconf 76' lang='lat' dir='ltr'><strong>ctelestium</strong></span> <span class='ocrx_word' id='word_1_39' title='bbox 1743 706 2006 775; x_wconf 84' lang='lat' dir='ltr'><strong>spiritalis</strong></span> 
     </span>
    </p>
   </div>
   <div class='ocr_carea' id='block_1_8' title="bbox 428 787 2007 861">
    <p class='ocr_par' dir='ltr' id='par_1_8' title="bbox 428 787 2007 861">
     <span class='ocr_line' id='line_1_8' title="bbox 428 787 2007 861; baseline 0.011 -24"><span class='ocrx_word' id='word_1_40' title='bbox 428 795 653 840; x_wconf 84' lang='lat' dir='ltr'><strong>ornatus</strong></span> <span class='ocrx_word' id='word_1_41' title='bbox 703 787 934 854; x_wconf 79' lang='lat' dir='ltr'><strong>spiritali</strong></span> <span class='ocrx_word' id='word_1_42' title='bbox 992 790 1220 858; x_wconf 83' lang='lat' dir='ltr'><strong>epulaus</strong></span> <span class='ocrx_word' id='word_1_43' title='bbox 1284 794 1520 861; x_wconf 79' lang='lat' dir='ltr'><strong>ratione,</strong></span> <span class='ocrx_word' id='word_1_44' title='bbox 1584 796 1747 851; x_wconf 83' lang='lat' dir='ltr'><strong>Verbi</strong></span> <span class='ocrx_word' id='word_1_45' title='bbox 1797 800 1850 853; x_wconf 92' lang='lat' dir='ltr'><strong>in</strong></span> <span class='ocrx_word' id='word_1_46' title='bbox 1906 814 2007 854; x_wconf 86' lang='lat' dir='ltr'><strong>nos</strong></span> 
     </span>
    </p>
   </div>
   <div class='ocr_carea' id='block_1_9' title="bbox 432 878 2006 953">
    <p class='ocr_par' dir='ltr' id='par_1_9' title="bbox 432 878 2006 953">
     <span class='ocr_line' id='line_1_9' title="bbox 432 878 2006 953; baseline 0.012 -26"><span class='ocrx_word' id='word_1_47' title='bbox 432 878 876 946; x_wconf 72' lang='lat' dir='ltr'><strong>propensissimae</strong></span> <span class='ocrx_word' id='word_1_48' title='bbox 924 880 1276 950; x_wconf 86' lang='lat' dir='ltr'><strong>benignitatis</strong></span> <span class='ocrx_word' id='word_1_49' title='bbox 1305 899 1371 939; x_wconf 84' lang='lat' dir='ltr'><strong>ae</strong></span> <span class='ocrx_word' id='word_1_50' title='bbox 1431 886 1760 953; x_wconf 78' lang='lat' dir='ltr'><strong>clementia-,</strong></span> <span class='ocrx_word' id='word_1_51' title='bbox 1830 891 2006 945; x_wconf 85' lang='lat' dir='ltr'><strong>mani-</strong></span> 
     </span>
    </p>
   </div>
   <div class='ocr_carea' id='block_1_10' title="bbox 431 967 2007 1050">
    <p class='ocr_par' dir='ltr' id='par_1_10' title="bbox 431 967 2007 1050">
     <span class='ocr_line' id='line_1_10' title="bbox 431 967 2007 1050; baseline 0.01 -30"><span class='ocrx_word' id='word_1_52' title='bbox 431 967 791 1024; x_wconf 68' lang='lat' dir='ltr'><strong>festissimum</strong></span> <span class='ocrx_word' id='word_1_53' title='bbox 825 984 1209 1040; x_wconf 75' lang='lat' dir='ltr'><strong>argumentum</strong></span> <span class='ocrx_word' id='word_1_54' title='bbox 1239 976 1460 1044; x_wconf 65' lang='lat' dir='ltr'><strong>pra‘bel.</strong></span> <span class='ocrx_word' id='word_1_55' title='bbox 1507 996 1527 1030; x_wconf 76' lang='grc' dir='ltr'><strong>ι</strong></span> <span class='ocrx_word' id='word_1_56' title='bbox 1555 978 1633 1032; x_wconf 89' lang='lat' dir='ltr'><strong>Ae</strong></span> <span class='ocrx_word' id='word_1_57' title='bbox 1660 994 1853 1035; x_wconf 84' lang='lat' dir='ltr'><strong>rursus</strong></span> <span class='ocrx_word' id='word_1_58' title='bbox 1881 989 2007 1050; x_wconf 87' lang='lat' dir='ltr'><strong>post</strong></span> 
     </span>
    </p>
   </div>
   <div class='ocr_carea' id='block_1_11' title="bbox 434 1061 2006 1143">
    <p class='ocr_par' dir='ltr' id='par_1_11' title="bbox 434 1061 2006 1143">
     <span class='ocr_line' id='line_1_11' title="bbox 434 1061 2006 1143; baseline 0.01 -31"><span class='ocrx_word' id='word_1_59' title='bbox 434 1061 600 1114; x_wconf 88' lang='lat' dir='ltr'><strong>multa</strong></span> <span class='ocrx_word' id='word_1_60' title='bbox 624 1061 808 1117; x_wconf 85' lang='lat' dir='ltr'><strong>divina</strong></span> <span class='ocrx_word' id='word_1_61' title='bbox 838 1064 1056 1120; x_wconf 88' lang='lat' dir='ltr'><strong>nomina</strong></span> <span class='ocrx_word' id='word_1_62' title='bbox 1084 1083 1097 1121; x_wconf 94' lang='lat'>:</span> <span class='ocrx_word' id='word_1_63' title='bbox 1139 1084 1158 1118; x_wconf 75' lang='grc' dir='ltr'><strong>ι</strong></span> <span class='ocrx_word' id='word_1_64' title='bbox 1183 1065 1418 1131; x_wconf 86' lang='lat' dir='ltr'><strong>Lumen,</strong></span> <span class='ocrx_word' id='word_1_65' title='bbox 1477 1069 1674 1139; x_wconf 79' lang='lat' dir='ltr'><strong>inquit,</strong></span> <span class='ocrx_word' id='word_1_66' title='bbox 1703 1086 1813 1143; x_wconf 90' lang='lat' dir='ltr'><strong>quo</strong></span> <span class='ocrx_word' id='word_1_67' title='bbox 1863 1070 2006 1129; x_wconf 84' lang='lat' dir='ltr'><strong>Deus</strong></span> 
     </span>
    </p>
   </div>
   <div class='ocr_carea' id='block_1_12' title="bbox 428 1152 900 1208">
    <p class='ocr_par' dir='ltr' id='par_1_12' title="bbox 428 1152 900 1208">
     <span class='ocr_line' id='line_1_12' title="bbox 428 1152 900 1208; baseline 0.008 -6"><span class='ocrx_word' id='word_1_68' title='bbox 428 1165 557 1204; x_wconf 91' lang='lat' dir='ltr'><strong>vere</strong></span> <span class='ocrx_word' id='word_1_69' title='bbox 576 1152 839 1208; x_wconf 90' lang='lat' dir='ltr'><strong>cernitur.</strong></span> <span class='ocrx_word' id='word_1_70' title='bbox 880 1172 900 1206; x_wconf 71' lang='grc' dir='ltr'><strong>ι</strong></span> 
     </span>
    </p>
   </div>
   <div class='ocr_carea' id='block_1_13' title="bbox 503 1240 2008 1323">
    <p class='ocr_par' dir='ltr' id='par_1_13' title="bbox 503 1240 2008 1323">
     <span class='ocr_line' id='line_1_13' title="bbox 503 1240 2008 1323; baseline 0.012 -30"><span class='ocrx_word' id='word_1_71' title='bbox 503 1240 852 1298; x_wconf 79' lang='lat' dir='ltr'><strong>Manifestum</strong></span> <span class='ocrx_word' id='word_1_72' title='bbox 892 1245 1059 1314; x_wconf 85' lang='lat' dir='ltr'><strong>igitur</strong></span> <span class='ocrx_word' id='word_1_73' title='bbox 1091 1256 1174 1302; x_wconf 84' lang='lat' dir='ltr'><strong>est</strong></span> <span class='ocrx_word' id='word_1_74' title='bbox 1202 1248 1298 1318; x_wconf 88' lang='lat' dir='ltr'><strong>qui</strong></span> <span class='ocrx_word' id='word_1_75' title='bbox 1328 1248 1547 1306; x_wconf 83' lang='lat' dir='ltr'><strong>funesto</strong></span> <span class='ocrx_word' id='word_1_76' title='bbox 1579 1252 1857 1323; x_wconf 82' lang='lat' dir='ltr'><strong>impioqtte</strong></span> <span class='ocrx_word' id='word_1_77' title='bbox 1876 1268 2008 1310; x_wconf 89' lang='lat' dir='ltr'><strong>con-</strong></span> 
     </span>
    </p>
   </div>
   <div class='ocr_carea' id='block_1_14' title="bbox 425 1331 2007 1414">
    <p class='ocr_par' dir='ltr' id='par_1_14' title="bbox 425 1331 2007 1414">
     <span class='ocr_line' id='line_1_14' title="bbox 425 1331 2007 1414; baseline 0.012 -30"><span class='ocrx_word' id='word_1_78' title='bbox 425 1331 548 1387; x_wconf 88' lang='lat' dir='ltr'><strong>silio</strong></span> <span class='ocrx_word' id='word_1_79' title='bbox 585 1342 782 1388; x_wconf 88' lang='lat' dir='ltr'><strong>cuncta</strong></span> <span class='ocrx_word' id='word_1_80' title='bbox 829 1337 1080 1403; x_wconf 78' lang='lat' dir='ltr'><strong>misceat,</strong></span> <span class='ocrx_word' id='word_1_81' title='bbox 1132 1339 1218 1395; x_wconf 87' lang='lat' dir='ltr'><strong>his</strong></span> <span class='ocrx_word' id='word_1_82' title='bbox 1271 1343 1490 1411; x_wconf 86' lang='lat' dir='ltr'><strong>quidem</strong></span> <span class='ocrx_word' id='word_1_83' title='bbox 1538 1345 1633 1414; x_wconf 87' lang='lat' dir='ltr'><strong>qui</strong></span> <span class='ocrx_word' id='word_1_84' title='bbox 1690 1346 1884 1400; x_wconf 90' lang='lat' dir='ltr'><strong>eodem</strong></span> <span class='ocrx_word' id='word_1_85' title='bbox 1943 1362 2007 1403; x_wconf 83' lang='lat' dir='ltr'><strong>ac</strong></span> 
     </span>
    </p>
   </div>
   <div class='ocr_carea' id='block_1_15' title="bbox 426 1423 2004 1506">
    <p class='ocr_par' dir='ltr' id='par_1_15' title="bbox 426 1423 2004 1506">
     <span class='ocr_line' id='line_1_15' title="bbox 426 1423 2004 1506; baseline 0.012 -30"><span class='ocrx_word' id='word_1_86' title='bbox 426 1423 517 1478; x_wconf 87' lang='lat' dir='ltr'><strong>ille</strong></span> <span class='ocrx_word' id='word_1_87' title='bbox 547 1433 778 1491; x_wconf 78' lang='lat' dir='ltr'><strong>agantur</strong></span> <span class='ocrx_word' id='word_1_88' title='bbox 826 1426 1037 1494; x_wconf 81' lang='lat' dir='ltr'><strong>furore,</strong></span> <span class='ocrx_word' id='word_1_89' title='bbox 1084 1431 1267 1487; x_wconf 86' lang='lat' dir='ltr'><strong>dicere</strong></span> <span class='ocrx_word' id='word_1_90' title='bbox 1322 1433 1491 1491; x_wconf 91' lang='lat' dir='ltr'><strong>Deum</strong></span> <span class='ocrx_word' id='word_1_91' title='bbox 1529 1451 1656 1492; x_wconf 82' lang='lat' dir='ltr'><strong>vere</strong></span> <span class='ocrx_word' id='word_1_92' title='bbox 1705 1438 1901 1506; x_wconf 80' lang='lat' dir='ltr'><strong>videri,</strong></span> <span class='ocrx_word' id='word_1_93' title='bbox 1954 1440 2004 1496; x_wconf 88' lang='lat' dir='ltr'><strong>id</strong></span> 
     </span>
    </p>
   </div>
   <div class='ocr_carea' id='block_1_16' title="bbox 423 1516 2003 1597">
    <p class='ocr_par' dir='ltr' id='par_1_16' title="bbox 423 1516 2003 1597">
     <span class='ocr_line' id='line_1_16' title="bbox 423 1516 2003 1597; baseline 0.011 -30"><span class='ocrx_word' id='word_1_94' title='bbox 423 1523 531 1581; x_wconf 89' lang='lat' dir='ltr'><strong>est,</strong></span> <span class='ocrx_word' id='word_1_95' title='bbox 565 1516 908 1582; x_wconf 88' lang='lat' dir='ltr'><strong>phantasiam</strong></span> <span class='ocrx_word' id='word_1_96' title='bbox 954 1519 1098 1576; x_wconf 90' lang='lat' dir='ltr'><strong>hanc</strong></span> <span class='ocrx_word' id='word_1_97' title='bbox 1156 1538 1253 1578; x_wconf 92' lang='lat' dir='ltr'><strong>nec</strong></span> <span class='ocrx_word' id='word_1_98' title='bbox 1278 1540 1404 1580; x_wconf 80' lang='lat' dir='ltr'><strong>vere</strong></span> <span class='ocrx_word' id='word_1_99' title='bbox 1452 1528 1728 1583; x_wconf 83' lang='lat' dir='ltr'><strong>exsistens</strong></span> <span class='ocrx_word' id='word_1_100' title='bbox 1785 1531 2003 1597; x_wconf 86' lang='lat' dir='ltr'><strong>lumen;</strong></span> 
     </span>
    </p>
   </div>
   <div class='ocr_carea' id='block_1_17' title="bbox 424 1608 2005 1691">
    <p class='ocr_par' dir='ltr' id='par_1_17' title="bbox 424 1608 2005 1691">
     <span class='ocr_line' id='line_1_17' title="bbox 424 1608 2005 1691; baseline 0.011 -31"><span class='ocrx_word' id='word_1_101' title='bbox 424 1608 647 1676; x_wconf 79' lang='lat' dir='ltr'><strong>angelos</strong></span> <span class='ocrx_word' id='word_1_102' title='bbox 672 1624 822 1678; x_wconf 86' lang='lat' dir='ltr'><strong>vero,</strong></span> <span class='ocrx_word' id='word_1_103' title='bbox 846 1628 947 1669; x_wconf 91' lang='lat' dir='ltr'><strong>nec</strong></span> <span class='ocrx_word' id='word_1_104' title='bbox 977 1616 1149 1671; x_wconf 88' lang='lat' dir='ltr'><strong>aciem</strong></span> <span class='ocrx_word' id='word_1_105' title='bbox 1210 1617 1263 1671; x_wconf 91' lang='lat' dir='ltr'><strong>in</strong></span> <span class='ocrx_word' id='word_1_106' title='bbox 1294 1618 1471 1687; x_wconf 85' lang='lat' dir='ltr'><strong>ipsum</strong></span> <span class='ocrx_word' id='word_1_107' title='bbox 1525 1618 1762 1690; x_wconf 80' lang='lat' dir='ltr'><strong>deﬁgere</strong></span> <span class='ocrx_word' id='word_1_108' title='bbox 1812 1621 2005 1691; x_wconf 86' lang='lat' dir='ltr'><strong>digna-</strong></span> 
     </span>
    </p>
   </div>
   <div class='ocr_carea' id='block_1_18' title="bbox 426 1702 2006 1784">
    <p class='ocr_par' dir='ltr' id='par_1_18' title="bbox 426 1702 2006 1784">
     <span class='ocr_line' id='line_1_18' title="bbox 426 1702 2006 1784; baseline 0.012 -32"><span class='ocrx_word' id='word_1_109' title='bbox 426 1702 949 1777; x_wconf 85' lang='lat' dir='ltr'><strong>tur.Hactenusque</strong></span> <span class='ocrx_word' id='word_1_110' title='bbox 1017 1726 1081 1765; x_wconf 81' lang='lat' dir='ltr'><strong>ex</strong></span> <span class='ocrx_word' id='word_1_111' title='bbox 1117 1710 1203 1766; x_wconf 91' lang='lat' dir='ltr'><strong>his</strong></span> <span class='ocrx_word' id='word_1_112' title='bbox 1263 1712 1496 1784; x_wconf 80' lang='lat' dir='ltr'><strong>aliisque</strong></span> <span class='ocrx_word' id='word_1_113' title='bbox 1553 1729 1582 1768; x_wconf 89' lang='lat' dir='ltr'><strong>a</strong></span> <span class='ocrx_word' id='word_1_114' title='bbox 1641 1731 1728 1769; x_wconf 91' lang='lat' dir='ltr'><strong>me</strong></span> <span class='ocrx_word' id='word_1_115' title='bbox 1782 1715 2006 1771; x_wconf 86' lang='lat' dir='ltr'><strong>omissis</strong></span> 
     </span>
    </p>
   </div>
   <div class='ocr_carea' id='block_1_19' title="bbox 2108 614 3679 696">
    <p class='ocr_par' dir='ltr' id='par_1_19' title="bbox 2108 614 3679 696">
     <span class='ocr_line' id='line_1_19' title="bbox 2108 614 3679 696; baseline 0.005 -24"><span class='ocrx_word' id='word_1_116' title='bbox 2108 618 2429 685; x_wconf 74' lang='grc' dir='ltr'><strong>δοξάζουσιν</strong></span> <span class='ocrx_word' id='word_1_117' title='bbox 2459 620 2687 688; x_wconf 79' lang='grc' dir='ltr'>ἄγγελοι</span> <span class='ocrx_word' id='word_1_118' title='bbox 2728 637 2745 653; x_wconf 76' lang='grc' dir='ltr'><strong><em>ο</em></strong></span> <span class='ocrx_word' id='word_1_119' title='bbox 2780 614 2825 689; x_wconf 76' lang='grc' dir='ltr'><strong>ᾧ</strong></span> <span class='ocrx_word' id='word_1_120' title='bbox 2879 622 3031 676; x_wconf 75' lang='grc' dir='ltr'>πᾶσα</span> <span class='ocrx_word' id='word_1_121' title='bbox 3057 622 3171 676; x_wconf 87' lang='grc' dir='ltr'><strong>τῶν</strong></span> <span class='ocrx_word' id='word_1_122' title='bbox 3222 622 3611 695; x_wconf 80' lang='grc' dir='ltr'>ὑπερκοσμίων</span> <span class='ocrx_word' id='word_1_123' title='bbox 3643 627 3679 696; x_wconf 80' lang='grc' dir='ltr'><strong>ἠ</strong></span> 
     </span>
    </p>
   </div>
   <div class='ocr_carea' id='block_1_20' title="bbox 2108 710 3683 787">
    <p class='ocr_par' dir='ltr' id='par_1_20' title="bbox 2108 710 3683 787">
     <span class='ocr_line' id='line_1_20' title="bbox 2108 710 3683 787; baseline 0.005 -25"><span class='ocrx_word' id='word_1_124' title='bbox 2108 710 2275 780; x_wconf 79' lang='grc' dir='ltr'>νοητὴ</span> <span class='ocrx_word' id='word_1_125' title='bbox 2336 710 2706 782; x_wconf 81' lang='grc' dir='ltr'><strong>διακόσμησις</strong></span> <span class='ocrx_word' id='word_1_126' title='bbox 2766 712 2947 777; x_wconf 81' lang='grc' dir='ltr'>ἀΰλως</span> <span class='ocrx_word' id='word_1_127' title='bbox 3001 714 3338 784; x_wconf 74' lang='grc' dir='ltr'>ἑστιωμένῃ,</span> <span class='ocrx_word' id='word_1_128' title='bbox 3380 715 3683 787; x_wconf 82' lang='grc' dir='ltr'>τεκμήριον</span> 
     </span>
    </p>
   </div>
   <div class='ocr_carea' id='block_1_21' title="bbox 2107 800 3685 877">
    <p class='ocr_par' dir='ltr' id='par_1_21' title="bbox 2107 800 3685 877">
     <span class='ocr_line' id='line_1_21' title="bbox 2107 800 3685 877; baseline 0.003 -21"><span class='ocrx_word' id='word_1_129' title='bbox 2107 800 2508 872; x_wconf 68' lang='grc' dir='ltr'>δναργέστατον</span> <span class='ocrx_word' id='word_1_130' title='bbox 2539 804 2751 859; x_wconf 75' lang='grc' dir='ltr'><strong>τίθεται</strong></span> <span class='ocrx_word' id='word_1_131' title='bbox 2780 803 2881 876; x_wconf 82' lang='grc' dir='ltr'>τῆς</span> <span class='ocrx_word' id='word_1_132' title='bbox 2909 806 3039 877; x_wconf 80' lang='grc' dir='ltr'>περὶ</span> <span class='ocrx_word' id='word_1_133' title='bbox 3065 806 3214 875; x_wconf 76' lang='grc' dir='ltr'>ἡμᾶς</span> <span class='ocrx_word' id='word_1_134' title='bbox 3243 803 3341 859; x_wconf 88' lang='grc' dir='ltr'><strong>τοῦ</strong></span> <span class='ocrx_word' id='word_1_135' title='bbox 3374 805 3550 875; x_wconf 81' lang='grc' dir='ltr'>Λόγου</span> <span class='ocrx_word' id='word_1_136' title='bbox 3594 822 3685 875; x_wconf 76' lang='lat' dir='ltr'><strong>cpt-</strong></span> 
     </span>
    </p>
   </div>
   <div class='ocr_carea' id='block_1_22' title="bbox 2106 895 3682 966">
    <p class='ocr_par' dir='ltr' id='par_1_22' title="bbox 2106 895 3682 966">
     <span class='ocr_line' id='line_1_22' title="bbox 2106 895 3682 966; baseline 0.003 -17"><span class='ocrx_word' id='word_1_137' title='bbox 2106 895 2482 965; x_wconf 84' lang='grc' dir='ltr'>λανθρωπίας.</span> <span class='ocrx_word' id='word_1_138' title='bbox 2522 915 2543 951; x_wconf 74' lang='grc' dir='ltr'><strong>ι</strong></span> <span class='ocrx_word' id='word_1_139' title='bbox 2577 897 2688 953; x_wconf 80' lang='grc' dir='ltr'><strong>Καὶ</strong></span> <span class='ocrx_word' id='word_1_140' title='bbox 2715 897 2884 951; x_wconf 84' lang='grc' dir='ltr'>πάλιν</span> <span class='ocrx_word' id='word_1_141' title='bbox 2927 897 3068 966; x_wconf 86' lang='grc' dir='ltr'><strong>μετά</strong></span> <span class='ocrx_word' id='word_1_142' title='bbox 3103 898 3310 961; x_wconf 72' lang='grc' dir='ltr'>πολλὰς</span> <span class='ocrx_word' id='word_1_143' title='bbox 3347 898 3447 960; x_wconf 84' lang='grc' dir='ltr'>τὰς</span> <span class='ocrx_word' id='word_1_144' title='bbox 3475 896 3682 953; x_wconf 75' lang='grc' dir='ltr'>θεωνυ-</span> 
     </span>
    </p>
   </div>
   <div class='ocr_carea' id='block_1_23' title="bbox 2109 980 3683 1063">
    <p class='ocr_par' dir='ltr' id='par_1_23' title="bbox 2109 980 3683 1063">
     <span class='ocr_line' id='line_1_23' title="bbox 2109 980 3683 1063; baseline 0.001 -26"><span class='ocrx_word' id='word_1_145' title='bbox 2109 985 2262 1063; x_wconf 79' lang='grc' dir='ltr'>μίας,</span> <span class='ocrx_word' id='word_1_146' title='bbox 2293 1004 2313 1039; x_wconf 77' lang='grc' dir='ltr'><strong>ι</strong></span> <span class='ocrx_word' id='word_1_147' title='bbox 2357 984 2500 1053; x_wconf 81' lang='grc' dir='ltr'>Φῶς,</span> <span class='ocrx_word' id='word_1_148' title='bbox 2540 1005 2559 1039; x_wconf 75' lang='grc' dir='ltr'><strong>ι</strong></span> <span class='ocrx_word' id='word_1_149' title='bbox 2599 986 2754 1057; x_wconf 75' lang='grc' dir='ltr'>φησὶ,</span> <span class='ocrx_word' id='word_1_150' title='bbox 2789 1004 2809 1039; x_wconf 72' lang='grc' dir='ltr'><strong>ι</strong></span> <span class='ocrx_word' id='word_1_151' title='bbox 2846 985 2916 1041; x_wconf 84' lang='grc' dir='ltr'><strong>δι’</strong></span> <span class='ocrx_word' id='word_1_152' title='bbox 2944 980 3008 1043; x_wconf 72' lang='grc' dir='ltr'><strong>οὗ</strong></span> <span class='ocrx_word' id='word_1_153' title='bbox 3036 987 3180 1042; x_wconf 80' lang='grc' dir='ltr'><strong>κατά</strong></span> <span class='ocrx_word' id='word_1_154' title='bbox 3205 987 3467 1059; x_wconf 76' lang='grc' dir='ltr'>ἀλήθειαν</span> <span class='ocrx_word' id='word_1_155' title='bbox 3493 988 3522 1040; x_wconf 83' lang='grc' dir='ltr'>ὁ</span> <span class='ocrx_word' id='word_1_156' title='bbox 3551 985 3683 1050; x_wconf 76' lang='grc' dir='ltr'>Θεὸς</span> 
     </span>
    </p>
   </div>
   <div class='ocr_carea' id='block_1_24' title="bbox 2106 1077 2381 1146">
    <p class='ocr_par' dir='ltr' id='par_1_24' title="bbox 2106 1077 2381 1146">
     <span class='ocr_line' id='line_1_24' title="bbox 2106 1077 2381 1146; baseline 0.007 -18"><span class='ocrx_word' id='word_1_157' title='bbox 2106 1077 2321 1146; x_wconf 78' lang='grc' dir='ltr'>ὁρᾶται.</span> <span class='ocrx_word' id='word_1_158' title='bbox 2359 1093 2381 1129; x_wconf 73' lang='grc' dir='ltr'><strong>ι</strong></span> 
     </span>
    </p>
   </div>
   <div class='ocr_carea' id='block_1_25' title="bbox 2176 1255 3682 1329">
    <p class='ocr_par' dir='ltr' id='par_1_25' title="bbox 2176 1255 3682 1329">
     <span class='ocr_line' id='line_1_25' title="bbox 2176 1255 3682 1329; baseline -0.003 -14"><span class='ocrx_word' id='word_1_159' title='bbox 2176 1260 2418 1329; x_wconf 71' lang='grc' dir='ltr'>Φανερὸν</span> <span class='ocrx_word' id='word_1_160' title='bbox 2476 1255 2572 1315; x_wconf 82' lang='grc' dir='ltr'><strong>οῦν</strong></span> <span class='ocrx_word' id='word_1_161' title='bbox 2622 1261 2705 1316; x_wconf 83' lang='grc' dir='ltr'>ὅτι</span> <span class='ocrx_word' id='word_1_162' title='bbox 2749 1260 2957 1326; x_wconf 80' lang='grc' dir='ltr'>σκαιῶς</span> <span class='ocrx_word' id='word_1_163' title='bbox 2998 1260 3095 1316; x_wconf 74' lang='grc' dir='ltr'>καὶ</span> <span class='ocrx_word' id='word_1_164' title='bbox 3147 1259 3329 1324; x_wconf 77' lang='grc' dir='ltr'>ἀθέως</span> <span class='ocrx_word' id='word_1_165' title='bbox 3379 1256 3451 1313; x_wconf 86' lang='grc' dir='ltr'><strong>τά</strong></span> <span class='ocrx_word' id='word_1_166' title='bbox 3506 1257 3682 1313; x_wconf 75' lang='grc' dir='ltr'>πάντα</span> 
     </span>
    </p>
   </div>
   <div class='ocr_carea' id='block_1_26' title="bbox 2111 1349 3683 1425">
    <p class='ocr_par' dir='ltr' id='par_1_26' title="bbox 2111 1349 3683 1425">
     <span class='ocr_line' id='line_1_26' title="bbox 2111 1349 3683 1425; baseline -0.003 -18"><span class='ocrx_word' id='word_1_167' title='bbox 2111 1352 2376 1425; x_wconf 79' lang='grc' dir='ltr'>μιγνύων,</span> <span class='ocrx_word' id='word_1_168' title='bbox 2409 1355 2524 1414; x_wconf 80' lang='grc' dir='ltr'>τοῖς</span> <span class='ocrx_word' id='word_1_169' title='bbox 2557 1352 2658 1411; x_wconf 74' lang='grc' dir='ltr'>μὲν</span> <span class='ocrx_word' id='word_1_170' title='bbox 2689 1352 2813 1406; x_wconf 85' lang='grc' dir='ltr'>κατ’</span> <span class='ocrx_word' id='word_1_171' title='bbox 2862 1351 3030 1410; x_wconf 85' lang='grc' dir='ltr'>αὐτὸν</span> <span class='ocrx_word' id='word_1_172' title='bbox 3084 1351 3420 1423; x_wconf 82' lang='grc' dir='ltr'><strong>δαιμονῶσιν</strong></span> <span class='ocrx_word' id='word_1_173' title='bbox 3450 1349 3683 1421; x_wconf 83' lang='grc' dir='ltr'>ὁρᾶσθαί</span> 
     </span>
    </p>
   </div>
   <div class='ocr_carea' id='block_1_27' title="bbox 2108 1441 3684 1518">
    <p class='ocr_par' dir='ltr' id='par_1_27' title="bbox 2108 1441 3684 1518">
     <span class='ocr_line' id='line_1_27' title="bbox 2108 1441 3684 1518; baseline -0.004 -18"><span class='ocrx_word' id='word_1_174' title='bbox 2108 1464 2244 1518; x_wconf 88' lang='grc' dir='ltr'>φησι</span> <span class='ocrx_word' id='word_1_175' title='bbox 2271 1449 2413 1500; x_wconf 87' lang='grc' dir='ltr'><strong>κατά</strong></span> <span class='ocrx_word' id='word_1_176' title='bbox 2448 1446 2714 1517; x_wconf 88' lang='grc' dir='ltr'>ἀλήθειαν</span> <span class='ocrx_word' id='word_1_177' title='bbox 2743 1446 2836 1499; x_wconf 88' lang='grc' dir='ltr'><strong>τὸν</strong></span> <span class='ocrx_word' id='word_1_178' title='bbox 2860 1444 3014 1508; x_wconf 59' lang='grc' dir='ltr'>Θεὸν,</span> <span class='ocrx_word' id='word_1_179' title='bbox 3046 1445 3226 1515; x_wconf 79' lang='grc' dir='ltr'>εἷτουν</span> <span class='ocrx_word' id='word_1_180' title='bbox 3250 1442 3349 1513; x_wconf 76' lang='grc' dir='ltr'>τὴν</span> <span class='ocrx_word' id='word_1_181' title='bbox 3385 1441 3684 1512; x_wconf 78' lang='grc' dir='ltr'><strong>φαντασίαν</strong></span> 
     </span>
    </p>
   </div>
   <div class='ocr_carea' id='block_1_28' title="bbox 2107 1536 3684 1612">
    <p class='ocr_par' dir='ltr' id='par_1_28' title="bbox 2107 1536 3684 1612">
     <span class='ocr_line' id='line_1_28' title="bbox 2107 1536 3684 1612; baseline -0.004 -17"><span class='ocrx_word' id='word_1_182' title='bbox 2107 1540 2315 1612; x_wconf 80' lang='grc' dir='ltr'>ταύτην</span> <span class='ocrx_word' id='word_1_183' title='bbox 2365 1540 2467 1609; x_wconf 84' lang='grc' dir='ltr'>τὴν</span> <span class='ocrx_word' id='word_1_184' title='bbox 2516 1539 2897 1593; x_wconf 83' lang='grc' dir='ltr'>ἀνυπόστατον</span> <span class='ocrx_word' id='word_1_185' title='bbox 2924 1555 2941 1571; x_wconf 76' lang='grc' dir='ltr'><strong>ο</strong></span> <span class='ocrx_word' id='word_1_186' title='bbox 2990 1539 3115 1602; x_wconf 72' lang='grc' dir='ltr'>τοὺς</span> <span class='ocrx_word' id='word_1_187' title='bbox 3163 1537 3220 1590; x_wconf 73' lang='grc' dir='ltr'>δὲ</span> <span class='ocrx_word' id='word_1_188' title='bbox 3270 1536 3540 1605; x_wconf 79' lang='grc' dir='ltr'><strong>ἀγγέλους</strong></span> <span class='ocrx_word' id='word_1_189' title='bbox 3580 1536 3684 1589; x_wconf 78' lang='grc' dir='ltr'>οὐκ</span> 
     </span>
    </p>
   </div>
   <div class='ocr_carea' id='block_1_29' title="bbox 2107 1625 3685 1700">
    <p class='ocr_par' dir='ltr' id='par_1_29' title="bbox 2107 1625 3685 1700">
     <span class='ocr_line' id='line_1_29' title="bbox 2107 1625 3685 1700; baseline -0.006 -16"><span class='ocrx_word' id='word_1_190' title='bbox 2107 1631 2253 1696; x_wconf 84' lang='grc' dir='ltr'><strong>ἀξιοῖ</strong></span> <span class='ocrx_word' id='word_1_191' title='bbox 2280 1629 2417 1700; x_wconf 84' lang='grc' dir='ltr'>πρὸς</span> <span class='ocrx_word' id='word_1_192' title='bbox 2439 1629 2607 1682; x_wconf 81' lang='grc' dir='ltr'>αὐτὸν</span> <span class='ocrx_word' id='word_1_193' title='bbox 2631 1629 2923 1700; x_wconf 68' lang='grc' dir='ltr'><strong>ἐπερείδειν</strong></span> <span class='ocrx_word' id='word_1_194' title='bbox 2954 1626 3219 1681; x_wconf 83' lang='grc' dir='ltr'>δύνασθαι</span> <span class='ocrx_word' id='word_1_195' title='bbox 3240 1628 3300 1680; x_wconf 85' lang='grc' dir='ltr'><strong>τὸ</strong></span> <span class='ocrx_word' id='word_1_196' title='bbox 3331 1626 3508 1696; x_wconf 74' lang='grc' dir='ltr'>ὄμμα.</span> <span class='ocrx_word' id='word_1_197' title='bbox 3535 1625 3685 1689; x_wconf 81' lang='grc' dir='ltr'><strong>Τέως</strong></span> 
     </span>
    </p>
   </div>
   <div class='ocr_carea' id='block_1_30' title="bbox 2107 1705 3682 1787">
    <p class='ocr_par' dir='ltr' id='par_1_30' title="bbox 2107 1705 3682 1787">
     <span class='ocr_line' id='line_1_30' title="bbox 2107 1705 3682 1787; baseline -0.004 -12"><span class='ocrx_word' id='word_1_198' title='bbox 2107 1722 2151 1775; x_wconf 82' lang='grc' dir='ltr'>δ’</span> <span class='ocrx_word' id='word_1_199' title='bbox 2179 1723 2244 1775; x_wconf 80' lang='grc' dir='ltr'>ὲκ</span> <span class='ocrx_word' id='word_1_200' title='bbox 2272 1705 2487 1777; x_wconf 78' lang='grc' dir='ltr'>τούτων</span> <span class='ocrx_word' id='word_1_201' title='bbox 2518 1740 2580 1775; x_wconf 87' lang='grc' dir='ltr'><strong>τε</strong></span> <span class='ocrx_word' id='word_1_202' title='bbox 2610 1722 2708 1775; x_wconf 81' lang='grc' dir='ltr'>καὶ</span> <span class='ocrx_word' id='word_1_203' title='bbox 2755 1720 2866 1774; x_wconf 83' lang='grc' dir='ltr'><strong>τῶν</strong></span> <span class='ocrx_word' id='word_1_204' title='bbox 2900 1720 3099 1786; x_wconf 76' lang='grc' dir='ltr'>ἄλλων,</span> <span class='ocrx_word' id='word_1_205' title='bbox 3131 1718 3168 1774; x_wconf 82' lang='grc' dir='ltr'><strong>ἀ</strong></span> <span class='ocrx_word' id='word_1_206' title='bbox 3200 1719 3287 1772; x_wconf 80' lang='grc' dir='ltr'>διὰ</span> <span class='ocrx_word' id='word_1_207' title='bbox 3317 1718 3418 1787; x_wconf 78' lang='grc' dir='ltr'>τὴν</span> <span class='ocrx_word' id='word_1_208' title='bbox 3453 1717 3682 1771; x_wconf 79' lang='grc' dir='ltr'>ἐνοῦσαν</span> 
     </span>
    </p>
   </div>
   <div class='ocr_carea' id='block_1_31' title="bbox 424 1800 2001 1884">
    <p class='ocr_par' dir='ltr' id='par_1_31' title="bbox 424 1800 2001 1877">
     <span class='ocr_line' id='line_1_31' title="bbox 424 1800 2001 1877; baseline 0.009 -28"><span class='ocrx_word' id='word_1_209' title='bbox 424 1811 537 1859; x_wconf 78' lang='lat' dir='ltr'><strong>pra:</strong></span> <span class='ocrx_word' id='word_1_210' title='bbox 558 1804 708 1851; x_wconf 88' lang='lat' dir='ltr'><strong>tanta</strong></span> <span class='ocrx_word' id='word_1_211' title='bbox 738 1800 815 1855; x_wconf 87' lang='lat' dir='ltr'><strong>rei</strong></span> <span class='ocrx_word' id='word_1_212' title='bbox 856 1800 1119 1858; x_wconf 73' lang='lat' dir='ltr'><strong>{utilitate</strong></span> <span class='ocrx_word' id='word_1_213' title='bbox 1145 1819 1211 1858; x_wconf 90' lang='lat' dir='ltr'><strong>ac</strong></span> <span class='ocrx_word' id='word_1_214' title='bbox 1245 1805 1473 1875; x_wconf 87' lang='lat' dir='ltr'><strong>ineptia,</strong></span> <span class='ocrx_word' id='word_1_215' title='bbox 1530 1822 1851 1877; x_wconf 87' lang='lat' dir='ltr'><strong>supremum</strong></span> <span class='ocrx_word' id='word_1_216' title='bbox 1912 1806 2001 1863; x_wconf 87' lang='lat' dir='ltr'><strong>dc-</strong></span> 
     </span>
    </p>
   </div>
   <div class='ocr_carea' id='block_1_32' title="bbox 2107 1800 3682 1884">
    <p class='ocr_par' dir='ltr' id='par_1_32' title="bbox 2113 1809 3682 1884">
     <span class='ocr_line' id='line_1_32' title="bbox 2113 1809 3682 1884; baseline -0.004 -17"><span class='ocrx_word' id='word_1_217' title='bbox 2113 1814 2343 1884; x_wconf 85' lang='grc' dir='ltr'>παρῆκα</span> <span class='ocrx_word' id='word_1_218' title='bbox 2375 1811 2741 1883; x_wconf 80' lang='grc' dir='ltr'><strong>βωμολοχίαν,</strong></span> <span class='ocrx_word' id='word_1_219' title='bbox 2768 1812 2879 1866; x_wconf 85' lang='grc' dir='ltr'><strong>τῶν</strong></span> <span class='ocrx_word' id='word_1_220' title='bbox 2913 1809 3123 1880; x_wconf 80' lang='grc' dir='ltr'>ἐφετῶν</span> <span class='ocrx_word' id='word_1_221' title='bbox 3156 1809 3217 1862; x_wconf 89' lang='grc' dir='ltr'><strong>τὸ</strong></span> <span class='ocrx_word' id='word_1_222' title='bbox 3246 1810 3551 1878; x_wconf 81' lang='grc' dir='ltr'>ἀκρότατον</span> <span class='ocrx_word' id='word_1_223' title='bbox 3579 1809 3682 1877; x_wconf 84' lang='grc' dir='ltr'>τὴν</span> 
     </span>
    </p>
   </div>
   <div class='ocr_carea' id='block_1_33' title="bbox 426 1889 2004 1967">
    <p class='ocr_par' dir='ltr' id='par_1_33' title="bbox 426 1889 2004 1967">
     <span class='ocr_line' id='line_1_33' title="bbox 426 1889 2004 1967; baseline 0.006 -22"><span class='ocrx_word' id='word_1_224' title='bbox 426 1889 800 1948; x_wconf 71' lang='lat' dir='ltr'><strong>silerabilium</strong></span> <span class='ocrx_word' id='word_1_225' title='bbox 872 1895 1095 1965; x_wconf 85' lang='lat' dir='ltr'><strong>impiam</strong></span> <span class='ocrx_word' id='word_1_226' title='bbox 1166 1898 1469 1967; x_wconf 82' lang='lat' dir='ltr'><strong>phantasiae</strong></span> <span class='ocrx_word' id='word_1_227' title='bbox 1523 1915 1637 1956; x_wconf 66' lang='lat' dir='ltr'><strong>sum</strong></span> <span class='ocrx_word' id='word_1_228' title='bbox 1672 1903 2004 1956; x_wconf 91' lang='lat' dir='ltr'><strong>emotionem</strong></span> 
     </span>
    </p>
   </div>
   <div class='ocr_carea' id='block_1_34' title="bbox 423 1999 986 2055">
    <p class='ocr_par' dir='ltr' id='par_1_34' title="bbox 423 1999 986 2055">
     <span class='ocr_line' id='line_1_34' title="bbox 423 1999 986 2055; baseline 0.011 -19"><span class='ocrx_word' id='word_1_229' title='bbox 423 2000 471 2036; x_wconf 84' lang='lat' dir='ltr'><strong>et</strong></span> <span class='ocrx_word' id='word_1_230' title='bbox 487 1999 780 2055; x_wconf 86' lang='lat' dir='ltr'><strong>roremque</strong></span> <span class='ocrx_word' id='word_1_231' title='bbox 810 1999 986 2044; x_wconf 86' lang='lat' dir='ltr'><strong>vocat.</strong></span> 
     </span>
    </p>
   </div>
   <div class='ocr_carea' id='block_1_35' title="bbox 498 2074 2008 2155">
    <p class='ocr_par' dir='ltr' id='par_1_35' title="bbox 498 2074 2008 2155">
     <span class='ocr_line' id='line_1_35' title="bbox 498 2074 2008 2155; baseline 0.007 -27"><span class='ocrx_word' id='word_1_232' title='bbox 498 2074 768 2133; x_wconf 73' lang='lat' dir='ltr'><strong>Prmterea</strong></span> <span class='ocrx_word' id='word_1_233' title='bbox 813 2095 920 2134; x_wconf 91' lang='lat' dir='ltr'><strong>non</strong></span> <span class='ocrx_word' id='word_1_234' title='bbox 963 2080 1098 2135; x_wconf 88' lang='lat' dir='ltr'><strong>dicit</strong></span> <span class='ocrx_word' id='word_1_235' title='bbox 1146 2079 1402 2138; x_wconf 80' lang='lat' dir='ltr'><strong>Palamas</strong></span> <span class='ocrx_word' id='word_1_236' title='bbox 1459 2084 1825 2155; x_wconf 74' lang='lat' dir='ltr'><strong>evangelicum</strong></span> <span class='ocrx_word' id='word_1_237' title='bbox 1883 2101 2008 2139; x_wconf 77' lang='lat' dir='ltr'><strong>sen-</strong></span> 
     </span>
    </p>
   </div>
   <div class='ocr_carea' id='block_1_36' title="bbox 423 2167 2006 2247">
    <p class='ocr_par' dir='ltr' id='par_1_36' title="bbox 423 2167 2006 2247">
     <span class='ocr_line' id='line_1_36' title="bbox 423 2167 2006 2247; baseline 0.008 -27"><span class='ocrx_word' id='word_1_238' title='bbox 423 2167 649 2223; x_wconf 81' lang='lat' dir='ltr'><strong>tentiam</strong></span> <span class='ocrx_word' id='word_1_239' title='bbox 690 2187 705 2222; x_wconf 92' lang='lat'><strong>:</strong></span> <span class='ocrx_word' id='word_1_240' title='bbox 736 2189 755 2223; x_wconf 84' lang='grc'><em>‹</em></span> <span class='ocrx_word' id='word_1_241' title='bbox 795 2171 962 2226; x_wconf 75' lang='lat' dir='ltr'><strong>Deum</strong></span> <span class='ocrx_word' id='word_1_242' title='bbox 992 2188 1153 2229; x_wconf 91' lang='lat' dir='ltr'><strong>nemo</strong></span> <span class='ocrx_word' id='word_1_243' title='bbox 1182 2173 1316 2229; x_wconf 84' lang='lat' dir='ltr'><strong>vidit</strong></span> <span class='ocrx_word' id='word_1_244' title='bbox 1352 2192 1590 2247; x_wconf 87' lang='lat' dir='ltr'><strong>unquam</strong></span> <span class='ocrx_word' id='word_1_245' title='bbox 1617 2177 1684 2243; x_wconf 83' lang='grc'><strong>³⁵,</strong></span> <span class='ocrx_word' id='word_1_246' title='bbox 1710 2196 1729 2229; x_wconf 72' lang='grc' dir='ltr'><strong>ι</strong></span> <span class='ocrx_word' id='word_1_247' title='bbox 1771 2192 1836 2232; x_wconf 88' lang='lat' dir='ltr'><strong>ac</strong></span> <span class='ocrx_word' id='word_1_248' title='bbox 1859 2177 2006 2246; x_wconf 87' lang='lat' dir='ltr'><strong>Apo-</strong></span> 
     </span>
    </p>
   </div>
   <div class='ocr_carea' id='block_1_37' title="bbox 423 2259 2005 2340">
    <p class='ocr_par' dir='ltr' id='par_1_37' title="bbox 423 2259 2005 2340">
     <span class='ocr_line' id='line_1_37' title="bbox 423 2259 2005 2340; baseline 0.008 -27"><span class='ocrx_word' id='word_1_249' title='bbox 423 2259 670 2316; x_wconf 72' lang='lat' dir='ltr'><strong>stolieam</strong></span> <span class='ocrx_word' id='word_1_250' title='bbox 703 2281 720 2316; x_wconf 79' lang='grc' dir='ltr'><strong>ι</strong></span> <span class='ocrx_word' id='word_1_251' title='bbox 761 2281 779 2315; x_wconf 77' lang='grc' dir='ltr'><strong>ι</strong></span> <span class='ocrx_word' id='word_1_252' title='bbox 827 2263 997 2331; x_wconf 87' lang='lat' dir='ltr'><strong>Quem</strong></span> <span class='ocrx_word' id='word_1_253' title='bbox 1051 2266 1235 2322; x_wconf 92' lang='lat' dir='ltr'><strong>nullus</strong></span> <span class='ocrx_word' id='word_1_254' title='bbox 1293 2268 1573 2322; x_wconf 83' lang='lat' dir='ltr'><strong>hominum</strong></span> <span class='ocrx_word' id='word_1_255' title='bbox 1622 2269 1777 2332; x_wconf 89' lang='lat' dir='ltr'><strong>vidit,</strong></span> <span class='ocrx_word' id='word_1_256' title='bbox 1829 2284 2005 2340; x_wconf 87' lang='lat' dir='ltr'><strong>neque</strong></span> 
     </span>
    </p>
   </div>
   <div class='ocr_carea' id='block_1_38' title="bbox 421 2350 2002 2431">
    <p class='ocr_par' dir='ltr' id='par_1_38' title="bbox 421 2350 2002 2431">
     <span class='ocr_line' id='line_1_38' title="bbox 421 2350 2002 2431; baseline 0.009 -30"><span class='ocrx_word' id='word_1_257' title='bbox 421 2350 606 2407; x_wconf 83' lang='lat' dir='ltr'><strong>videre</strong></span> <span class='ocrx_word' id='word_1_258' title='bbox 634 2356 899 2423; x_wconf 81' lang='lat' dir='ltr'><strong>potest“,</strong></span> <span class='ocrx_word' id='word_1_259' title='bbox 948 2375 967 2408; x_wconf 76' lang='grc' dir='ltr'><strong>ι</strong></span> <span class='ocrx_word' id='word_1_260' title='bbox 1010 2358 1305 2413; x_wconf 89' lang='lat' dir='ltr'><strong>universim</strong></span> <span class='ocrx_word' id='word_1_261' title='bbox 1357 2358 1447 2414; x_wconf 87' lang='lat' dir='ltr'><strong>Dei</strong></span> <span class='ocrx_word' id='word_1_262' title='bbox 1480 2360 1743 2416; x_wconf 84' lang='lat' dir='ltr'><strong>visionem</strong></span> <span class='ocrx_word' id='word_1_263' title='bbox 1780 2376 2002 2431; x_wconf 79' lang='lat' dir='ltr'><strong>negare,</strong></span> 
     </span>
    </p>
   </div>
   <div class='ocr_carea' id='block_1_39' title="bbox 425 2444 2000 2523">
    <p class='ocr_par' dir='ltr' id='par_1_39' title="bbox 425 2444 2000 2523">
     <span class='ocr_line' id='line_1_39' title="bbox 425 2444 2000 2523; baseline 0.01 -28"><span class='ocrx_word' id='word_1_264' title='bbox 425 2444 518 2496; x_wconf 89' lang='lat' dir='ltr'><strong>sed</strong></span> <span class='ocrx_word' id='word_1_265' title='bbox 561 2447 707 2514; x_wconf 88' lang='lat' dir='ltr'><strong>quod</strong></span> <span class='ocrx_word' id='word_1_266' title='bbox 747 2447 817 2501; x_wconf 85' lang='lat' dir='ltr'><strong>ita</strong></span> <span class='ocrx_word' id='word_1_267' title='bbox 851 2446 1076 2511; x_wconf 89' lang='lat' dir='ltr'><strong>dicitur,</strong></span> <span class='ocrx_word' id='word_1_268' title='bbox 1104 2465 1293 2504; x_wconf 91' lang='lat' dir='ltr'><strong>verum</strong></span> <span class='ocrx_word' id='word_1_269' title='bbox 1324 2453 1548 2523; x_wconf 81' lang='lat' dir='ltr'><strong>exponit</strong></span> <span class='ocrx_word' id='word_1_270' title='bbox 1598 2454 1666 2509; x_wconf 89' lang='lat' dir='ltr'><strong>dc</strong></span> <span class='ocrx_word' id='word_1_271' title='bbox 1718 2456 1956 2510; x_wconf 86' lang='lat' dir='ltr'><strong>essentia</strong></span> <span class='ocrx_word' id='word_1_272' title='bbox 1987 2473 2000 2520; x_wconf 89' lang='lat'><strong>;</strong></span> 
     </span>
    </p>
   </div>
   <div class='ocr_carea' id='block_1_40' title="bbox 422 2537 2005 2616">
    <p class='ocr_par' dir='ltr' id='par_1_40' title="bbox 422 2537 2005 2616">
     <span class='ocr_line' id='line_1_40' title="bbox 422 2537 2005 2616; baseline 0.009 -28"><span class='ocrx_word' id='word_1_273' title='bbox 422 2539 488 2590; x_wconf 87' lang='lat' dir='ltr'><strong>de</strong></span> <span class='ocrx_word' id='word_1_274' title='bbox 522 2537 762 2609; x_wconf 82' lang='lat' dir='ltr'><strong>cogitato</strong></span> <span class='ocrx_word' id='word_1_275' title='bbox 807 2549 984 2594; x_wconf 89' lang='lat' dir='ltr'><strong>autem</strong></span> <span class='ocrx_word' id='word_1_276' title='bbox 1049 2542 1149 2611; x_wconf 84' lang='lat' dir='ltr'><strong>ipsi</strong></span> <span class='ocrx_word' id='word_1_277' title='bbox 1197 2542 1426 2610; x_wconf 91' lang='lat' dir='ltr'><strong>lumine,</strong></span> <span class='ocrx_word' id='word_1_278' title='bbox 1488 2559 1611 2600; x_wconf 86' lang='lat' dir='ltr'><strong>eum</strong></span> <span class='ocrx_word' id='word_1_279' title='bbox 1659 2562 1753 2601; x_wconf 85' lang='lat' dir='ltr'><strong>sus</strong></span> <span class='ocrx_word' id='word_1_280' title='bbox 1828 2548 2005 2616; x_wconf 68' lang='lat' dir='ltr'><strong>deque</strong></span> 
     </span>
    </p>
   </div>
   <div class='ocr_carea' id='block_1_41' title="bbox 426 2629 2005 2704">
    <p class='ocr_par' dir='ltr' id='par_1_41' title="bbox 426 2629 2005 2704">
     <span class='ocr_line' id='line_1_41' title="bbox 426 2629 2005 2704; baseline 0.007 -22"><span class='ocrx_word' id='word_1_281' title='bbox 426 2629 595 2683; x_wconf 87' lang='lat' dir='ltr'><strong>Deum</strong></span> <span class='ocrx_word' id='word_1_282' title='bbox 630 2629 983 2697; x_wconf 68' lang='lat' dir='ltr'><strong>conﬁteatur,</strong></span> <span class='ocrx_word' id='word_1_283' title='bbox 1021 2635 1481 2704; x_wconf 79' lang='lat' dir='ltr'><strong>congenitamque</strong></span> <span class='ocrx_word' id='word_1_284' title='bbox 1545 2646 1601 2690; x_wconf 90' lang='lat' dir='ltr'><strong>et</strong></span> <span class='ocrx_word' id='word_1_285' title='bbox 1662 2637 1898 2692; x_wconf 88' lang='lat' dir='ltr'><strong>nativam</strong></span> <span class='ocrx_word' id='word_1_286' title='bbox 1952 2647 2005 2693; x_wconf 84' lang='lat' dir='ltr'><strong>et</strong></span> 
     </span>
    </p>
   </div>
   <div class='ocr_carea' id='block_1_42' title="bbox 421 2720 2001 2797">
    <p class='ocr_par' dir='ltr' id='par_1_42' title="bbox 421 2720 2001 2797">
     <span class='ocr_line' id='line_1_42' title="bbox 421 2720 2001 2797; baseline 0.005 -24"><span class='ocrx_word' id='word_1_287' title='bbox 421 2721 843 2776; x_wconf 75' lang='lat' dir='ltr'><strong>substantialem</strong></span> <span class='ocrx_word' id='word_1_288' title='bbox 870 2720 960 2777; x_wconf 88' lang='lat' dir='ltr'><strong>Dei</strong></span> <span class='ocrx_word' id='word_1_289' title='bbox 1000 2724 1257 2778; x_wconf 88' lang='lat' dir='ltr'><strong>virtutem</strong></span> <span class='ocrx_word' id='word_1_290' title='bbox 1302 2733 1356 2779; x_wconf 88' lang='lat' dir='ltr'><strong>et</strong></span> <span class='ocrx_word' id='word_1_291' title='bbox 1381 2726 1758 2794; x_wconf 86' lang='lat' dir='ltr'><strong>operationem</strong></span> <span class='ocrx_word' id='word_1_292' title='bbox 1821 2727 2001 2797; x_wconf 90' lang='lat' dir='ltr'><strong>ipsum</strong></span> 
     </span>
    </p>
   </div>
   <div class='ocr_carea' id='block_1_43' title="bbox 420 2798 2002 2889">
    <p class='ocr_par' dir='ltr' id='par_1_43' title="bbox 420 2798 2002 2889">
     <span class='ocr_line' id='line_1_43' title="bbox 420 2798 2002 2889; baseline 0.006 -25"><span class='ocrx_word' id='word_1_293' title='bbox 420 2811 718 2878; x_wconf 79' lang='lat' dir='ltr'><strong>amrmans,</strong></span> <span class='ocrx_word' id='word_1_294' title='bbox 743 2825 903 2885; x_wconf 84' lang='lat' dir='ltr'><strong>negat</strong></span> <span class='ocrx_word' id='word_1_295' title='bbox 933 2817 1360 2887; x_wconf 86' lang='lat' dir='ltr'><strong>comprehendi;</strong></span> <span class='ocrx_word' id='word_1_296' title='bbox 1397 2798 1785 2889; x_wconf 30' lang='lat' dir='ltr'><strong>tametsi‘quod</strong></span> <span class='ocrx_word' id='word_1_297' title='bbox 1835 2819 2002 2874; x_wconf 90' lang='lat' dir='ltr'><strong>Deum</strong></span> 
     </span>
    </p>
   </div>
   <div class='ocr_carea' id='block_1_44' title="bbox 421 2904 2001 2981">
    <p class='ocr_par' dir='ltr' id='par_1_44' title="bbox 421 2904 2001 2981">
     <span class='ocr_line' id='line_1_44' title="bbox 421 2904 2001 2981; baseline 0.007 -26"><span class='ocrx_word' id='word_1_298' title='bbox 421 2904 704 2962; x_wconf 84' lang='lat' dir='ltr'><strong>indeliuite</strong></span> <span class='ocrx_word' id='word_1_299' title='bbox 730 2908 888 2969; x_wconf 81' lang='lat' dir='ltr'><strong>dixit,</strong></span> <span class='ocrx_word' id='word_1_300' title='bbox 916 2909 1278 2978; x_wconf 75' lang='lat' dir='ltr'><strong>adiunxitque</strong></span> <span class='ocrx_word' id='word_1_301' title='bbox 1324 2911 1645 2979; x_wconf 77' lang='lat' dir='ltr'><strong>particulam</strong></span> <span class='ocrx_word' id='word_1_302' title='bbox 1693 2923 2001 2981; x_wconf 84' lang='lat' dir='ltr'><strong>negantem,</strong></span> 
     </span>
    </p>
   </div>
   <div class='ocr_carea' id='block_1_45' title="bbox 424 3000 2002 3065">
    <p class='ocr_par' dir='ltr' id='par_1_45' title="bbox 424 3000 2002 3065">
     <span class='ocr_line' id='line_1_45' title="bbox 424 3000 2002 3065; baseline 0.005 -15"><span class='ocrx_word' id='word_1_303' title='bbox 424 3019 444 3050; x_wconf 72' lang='grc' dir='ltr'><strong>ι</strong></span> <span class='ocrx_word' id='word_1_304' title='bbox 489 3015 673 3065; x_wconf 91' lang='lat' dir='ltr'><strong>nemo,</strong></span> <span class='ocrx_word' id='word_1_305' title='bbox 720 3019 740 3053; x_wconf 75' lang='grc' dir='ltr'><strong>ι</strong></span> <span class='ocrx_word' id='word_1_306' title='bbox 770 3000 854 3056; x_wconf 89' lang='lat' dir='ltr'><strong>vel</strong></span> <span class='ocrx_word' id='word_1_307' title='bbox 912 3004 957 3057; x_wconf 90' lang='lat' dir='ltr'><strong>si</strong></span> <span class='ocrx_word' id='word_1_308' title='bbox 979 3002 1118 3058; x_wconf 90' lang='lat' dir='ltr'><strong>alius</strong></span> <span class='ocrx_word' id='word_1_309' title='bbox 1149 3013 1297 3058; x_wconf 84' lang='lat' dir='ltr'><strong>esset</strong></span> <span class='ocrx_word' id='word_1_310' title='bbox 1331 3002 1473 3059; x_wconf 89' lang='lat' dir='ltr'><strong>Deus</strong></span> <span class='ocrx_word' id='word_1_311' title='bbox 1515 3003 1793 3058; x_wconf 87' lang='lat' dir='ltr'><strong>Palamico</strong></span> <span class='ocrx_word' id='word_1_312' title='bbox 1836 3019 2002 3059; x_wconf 88' lang='lat' dir='ltr'><strong>sensu</strong></span> 
     </span>
    </p>
   </div>
   <div class='ocr_carea' id='block_1_46' title="bbox 420 3095 2001 3167">
    <p class='ocr_par' dir='ltr' id='par_1_46' title="bbox 420 3095 2001 3167">
     <span class='ocr_line' id='line_1_46' title="bbox 420 3095 2001 3167; baseline 0.003 -20"><span class='ocrx_word' id='word_1_313' title='bbox 420 3103 584 3162; x_wconf 83' lang='lat' dir='ltr'><strong>atque</strong></span> <span class='ocrx_word' id='word_1_314' title='bbox 613 3103 947 3157; x_wconf 88' lang='lat' dir='ltr'><strong>commento,</strong></span> <span class='ocrx_word' id='word_1_315' title='bbox 978 3110 1042 3151; x_wconf 89' lang='lat' dir='ltr'><strong>ea</strong></span> <span class='ocrx_word' id='word_1_316' title='bbox 1084 3095 1376 3167; x_wconf 78' lang='lat' dir='ltr'><strong>negatione</strong></span> <span class='ocrx_word' id='word_1_317' title='bbox 1405 3110 1470 3151; x_wconf 87' lang='lat' dir='ltr'><strong>ac</strong></span> <span class='ocrx_word' id='word_1_318' title='bbox 1521 3097 1791 3153; x_wconf 86' lang='lat' dir='ltr'><strong>sententia</strong></span> <span class='ocrx_word' id='word_1_319' title='bbox 1851 3111 2001 3153; x_wconf 86' lang='lat' dir='ltr'><strong>eom-</strong></span> 
     </span>
    </p>
   </div>
   <div class='ocr_carea' id='block_1_47' title="bbox 420 3183 869 3253">
    <p class='ocr_par' dir='ltr' id='par_1_47' title="bbox 420 3183 869 3253">
     <span class='ocr_line' id='line_1_47' title="bbox 420 3183 869 3253; baseline 0.011 -19"><span class='ocrx_word' id='word_1_320' title='bbox 420 3183 869 3253; x_wconf 86' lang='lat' dir='ltr'><strong>prehenderetur.</strong></span> 
     </span>
    </p>
   </div>
   <div class='ocr_carea' id='block_1_48' title="bbox 928 3292 1382 3355">
    <p class='ocr_par' dir='ltr' id='par_1_48' title="bbox 928 3292 1382 3355">
     <span class='ocr_line' id='line_1_48' title="bbox 928 3292 1382 3355; baseline 0.007 -3"><span class='ocrx_word' id='word_1_321' title='bbox 928 3292 935 3309; x_wconf 74' lang='grc'>¹</span> <span class='ocrx_word' id='word_1_322' title='bbox 1026 3297 1256 3355; x_wconf 84' lang='lat' dir='ltr'><strong>CAPUT</strong></span> <span class='ocrx_word' id='word_1_323' title='bbox 1294 3298 1382 3355; x_wconf 82' lang='lat' dir='ltr'><strong>Vl.</strong></span> 
     </span>
    </p>
   </div>
   <div class='ocr_carea' id='block_1_49' title="bbox 421 3409 2006 3486">
    <p class='ocr_par' dir='ltr' id='par_1_49' title="bbox 421 3409 2006 3486">
     <span class='ocr_line' id='line_1_49' title="bbox 421 3409 2006 3486; baseline 0.003 -22"><span class='ocrx_word' id='word_1_324' title='bbox 421 3409 701 3486; x_wconf 65' lang='lat' dir='ltr'><strong>ngmodo</strong></span> <span class='ocrx_word' id='word_1_325' title='bbox 729 3428 794 3465; x_wconf 73' lang='lat' dir='ltr'><strong>ex</strong></span> <span class='ocrx_word' id='word_1_326' title='bbox 820 3412 1006 3466; x_wconf 81' lang='lat' dir='ltr'><strong>talium</strong></span> <span class='ocrx_word' id='word_1_327' title='bbox 1025 3429 1337 3467; x_wconf 62' lang='lat' dir='ltr'><strong>sermonum</strong></span> <span class='ocrx_word' id='word_1_328' title='bbox 1361 3416 1753 3486; x_wconf 79' lang='lat' dir='ltr'><strong>aggregatione,</strong></span> <span class='ocrx_word' id='word_1_329' title='bbox 1783 3416 1827 3470; x_wconf 72' lang='lat' dir='ltr'><strong>is</strong></span> <span class='ocrx_word' id='word_1_330' title='bbox 1853 3431 2006 3483; x_wconf 79' lang='lat' dir='ltr'><strong>quem</strong></span> 
     </span>
    </p>
   </div>
   <div class='ocr_carea' id='block_1_50' title="bbox 494 3479 2006 3552">
    <p class='ocr_par' dir='ltr' id='par_1_50' title="bbox 494 3479 2006 3552">
     <span class='ocr_line' id='line_1_50' title="bbox 494 3479 2006 3552; baseline 0.004 -20"><span class='ocrx_word' id='word_1_331' title='bbox 494 3479 744 3536; x_wconf 79' lang='lat' dir='ltr'><strong>Pulamas</strong></span> <span class='ocrx_word' id='word_1_332' title='bbox 776 3485 1207 3542; x_wconf 80' lang='lat' dir='ltr'><strong>comminiscitur.</strong></span> <span class='ocrx_word' id='word_1_333' title='bbox 1230 3479 1656 3552; x_wconf 51' lang='lat' dir='ltr'><strong>ipsum&#39;uon&#39;rere</strong></span> <span class='ocrx_word' id='word_1_334' title='bbox 1675 3479 2006 3541; x_wconf 63' lang='lat' dir='ltr'><strong>eminentem</strong></span> 
     </span>
    </p>
   </div>
   <div class='ocr_carea' id='block_1_51' title="bbox 492 3553 2005 3623">
    <p class='ocr_par' dir='ltr' id='par_1_51' title="bbox 492 3553 2005 3623">
     <span class='ocr_line' id='line_1_51' title="bbox 492 3553 2005 3623; baseline 0.002 -17"><span class='ocrx_word' id='word_1_335' title='bbox 492 3570 555 3606; x_wconf 84' lang='lat' dir='ltr'><strong>ac</strong></span> <span class='ocrx_word' id='word_1_336' title='bbox 596 3555 901 3607; x_wconf 71' lang='lat' dir='ltr'><strong>substantia</strong></span> <span class='ocrx_word' id='word_1_337' title='bbox 951 3553 1140 3616; x_wconf 86' lang='lat' dir='ltr'><strong>Deum,</strong></span> <span class='ocrx_word' id='word_1_338' title='bbox 1176 3554 1399 3610; x_wconf 85' lang='lat' dir='ltr'><strong>Creator</strong></span> <span class='ocrx_word' id='word_1_339' title='bbox 1453 3568 1706 3623; x_wconf 81' lang='lat' dir='ltr'><strong>appareat</strong></span> <span class='ocrx_word' id='word_1_340' title='bbox 1775 3556 2005 3609; x_wconf 86' lang='lat' dir='ltr'><strong>arbiter-</strong></span> 
     </span>
    </p>
   </div>
   <div class='ocr_carea' id='block_1_52' title="bbox 490 3627 1876 3697">
    <p class='ocr_par' dir='ltr' id='par_1_52' title="bbox 490 3627 1876 3697">
     <span class='ocr_line' id='line_1_52' title="bbox 490 3627 1876 3697; baseline 0.004 -22"><span class='ocrx_word' id='word_1_341' title='bbox 490 3639 590 3693; x_wconf 72' lang='grc' dir='ltr'><strong><em>(μεθ</em></strong></span> <span class='ocrx_word' id='word_1_342' title='bbox 626 3627 797 3679; x_wconf 77' lang='lat' dir='ltr'><strong>omnis</strong></span> <span class='ocrx_word' id='word_1_343' title='bbox 828 3633 1111 3691; x_wconf 72' lang='lat' dir='ltr'><strong>creatum,</strong></span> <span class='ocrx_word' id='word_1_344' title='bbox 1140 3642 1202 3679; x_wconf 88' lang='lat' dir='ltr'><strong>ac</strong></span> <span class='ocrx_word' id='word_1_345' title='bbox 1231 3630 1399 3681; x_wconf 83' lang='lat' dir='ltr'><strong>omnis</strong></span> <span class='ocrx_word' id='word_1_346' title='bbox 1431 3628 1698 3681; x_wconf 83' lang='lat' dir='ltr'><strong>beatitatis</strong></span> <span class='ocrx_word' id='word_1_347' title='bbox 1730 3628 1876 3697; x_wconf 76' lang='lat' dir='ltr'><strong>ﬁnis.</strong></span> 
     </span>
    </p>
   </div>
   <div class='ocr_carea' id='block_1_53' title="bbox 490 3737 2003 3811">
    <p class='ocr_par' dir='ltr' id='par_1_53' title="bbox 490 3737 2003 3811">
     <span class='ocr_line' id='line_1_53' title="bbox 490 3737 2003 3811; baseline 0.006 -18"><span class='ocrx_word' id='word_1_348' title='bbox 490 3738 635 3794; x_wconf 84' lang='lat' dir='ltr'><strong>Pene</strong></span> <span class='ocrx_word' id='word_1_349' title='bbox 667 3738 740 3794; x_wconf 87' lang='lat' dir='ltr'><strong>ita</strong></span> <span class='ocrx_word' id='word_1_350' title='bbox 772 3737 1047 3794; x_wconf 79' lang='lat' dir='ltr'><strong>Palamica</strong></span> <span class='ocrx_word' id='word_1_351' title='bbox 1082 3742 1261 3796; x_wconf 85' lang='lat' dir='ltr'><strong>omnis</strong></span> <span class='ocrx_word' id='word_1_352' title='bbox 1300 3743 1607 3811; x_wconf 62' lang='lat' dir='ltr'><strong>nugacitas,</strong></span> <span class='ocrx_word' id='word_1_353' title='bbox 1646 3744 1845 3800; x_wconf 86' lang='lat' dir='ltr'><strong>talibus</strong></span> <span class='ocrx_word' id='word_1_354' title='bbox 1905 3760 2003 3802; x_wconf 87' lang='lat' dir='ltr'><strong>sus</strong></span> 
     </span>
    </p>
   </div>
   <div class='ocr_carea' id='block_1_54' title="bbox 416 3831 2003 3905">
    <p class='ocr_par' dir='ltr' id='par_1_54' title="bbox 416 3831 2003 3905">
     <span class='ocr_line' id='line_1_54' title="bbox 416 3831 2003 3905; baseline 0.003 -21"><span class='ocrx_word' id='word_1_355' title='bbox 416 3831 591 3900; x_wconf 80' lang='lat' dir='ltr'><strong>deque</strong></span> <span class='ocrx_word' id='word_1_356' title='bbox 616 3833 1016 3901; x_wconf 87' lang='lat' dir='ltr'><strong>comprehensa</strong></span> <span class='ocrx_word' id='word_1_357' title='bbox 1050 3842 1134 3888; x_wconf 92' lang='lat' dir='ltr'><strong>est</strong></span> <span class='ocrx_word' id='word_1_358' title='bbox 1156 3833 1513 3899; x_wconf 80' lang='lat' dir='ltr'><strong>vanitatibus,</strong></span> <span class='ocrx_word' id='word_1_359' title='bbox 1546 3843 1709 3905; x_wconf 88' lang='lat' dir='ltr'><strong>atque</strong></span> <span class='ocrx_word' id='word_1_360' title='bbox 1760 3836 1846 3892; x_wconf 86' lang='lat' dir='ltr'><strong>his</strong></span> <span class='ocrx_word' id='word_1_361' title='bbox 1880 3838 2003 3890; x_wconf 88' lang='lat' dir='ltr'><strong>lou-</strong></span> 
     </span>
    </p>
   </div>
   <div class='ocr_carea' id='block_1_55' title="bbox 415 3923 2004 3998">
    <p class='ocr_par' dir='ltr' id='par_1_55' title="bbox 415 3923 2004 3998">
     <span class='ocr_line' id='line_1_55' title="bbox 415 3923 2004 3998; baseline 0.004 -22"><span class='ocrx_word' id='word_1_362' title='bbox 415 3939 483 3991; x_wconf 84' lang='lat' dir='ltr'><strong>ge</strong></span> <span class='ocrx_word' id='word_1_363' title='bbox 540 3923 932 3979; x_wconf 80' lang='lat' dir='ltr'><strong>deterioribus.</strong></span> <span class='ocrx_word' id='word_1_364' title='bbox 967 3925 1037 3981; x_wconf 92' lang='lat' dir='ltr'><strong>Ut</strong></span> <span class='ocrx_word' id='word_1_365' title='bbox 1089 3941 1218 3995; x_wconf 87' lang='lat' dir='ltr'><strong>ergo</strong></span> <span class='ocrx_word' id='word_1_366' title='bbox 1270 3928 1624 3993; x_wconf 85' lang='lat' dir='ltr'><strong>resumendo,</strong></span> <span class='ocrx_word' id='word_1_367' title='bbox 1683 3930 2004 3998; x_wconf 60' lang='lat' dir='ltr'><strong>atque&#39;hac</strong></span> 
     </span>
    </p>
   </div>
   <div class='ocr_carea' id='block_1_56' title="bbox 418 4014 2003 4087">
    <p class='ocr_par' dir='ltr' id='par_1_56' title="bbox 418 4014 2003 4087">
     <span class='ocr_line' id='line_1_56' title="bbox 418 4014 2003 4087; baseline 0.005 -22"><span class='ocrx_word' id='word_1_368' title='bbox 418 4028 637 4083; x_wconf 73' lang='lat' dir='ltr'><strong>quoque</strong></span> <span class='ocrx_word' id='word_1_369' title='bbox 670 4024 826 4081; x_wconf 91' lang='lat' dir='ltr'><strong>parte</strong></span> <span class='ocrx_word' id='word_1_370' title='bbox 851 4017 1085 4083; x_wconf 69' lang='lat' dir='ltr'><strong>repetito</strong></span> <span class='ocrx_word' id='word_1_371' title='bbox 1115 4014 1328 4069; x_wconf 90' lang='lat' dir='ltr'><strong>calculo</strong></span> <span class='ocrx_word' id='word_1_372' title='bbox 1357 4015 1687 4087; x_wconf 84' lang='lat' dir='ltr'><strong>colligendo,</strong></span> <span class='ocrx_word' id='word_1_373' title='bbox 1715 4020 1840 4073; x_wconf 78' lang='lat' dir='ltr'><strong>novi</strong></span> <span class='ocrx_word' id='word_1_374' title='bbox 1906 4018 2003 4073; x_wconf 87' lang='lat' dir='ltr'><strong>Dei</strong></span> 
     </span>
    </p>
   </div>
   <div class='ocr_carea' id='block_1_57' title="bbox 416 4088 2003 4183">
    <p class='ocr_par' dir='ltr' id='par_1_57' title="bbox 416 4088 2003 4183">
     <span class='ocr_line' id='line_1_57' title="bbox 416 4088 2003 4183; baseline 0.006 -25"><span class='ocrx_word' id='word_1_375' title='bbox 416 4107 832 4179; x_wconf 85' lang='lat' dir='ltr'><strong>productionem</strong></span> <span class='ocrx_word' id='word_1_376' title='bbox 865 4088 1378 4177; x_wconf 76' lang='lat' dir='ltr'><strong>apparitionemque</strong></span> <span class='ocrx_word' id='word_1_377' title='bbox 1409 4110 1843 4175; x_wconf 81' lang='lat' dir='ltr'><strong>consideremus,</strong></span> <span class='ocrx_word' id='word_1_378' title='bbox 1887 4114 2003 4183; x_wconf 87' lang='lat' dir='ltr'><strong>pri-</strong></span> 
     </span>
    </p>
   </div>
   <div class='ocr_carea' id='block_1_58' title="bbox 421 4196 1998 4267">
    <p class='ocr_par' dir='ltr' id='par_1_58' title="bbox 421 4196 1998 4267">
     <span class='ocr_line' id='line_1_58' title="bbox 421 4196 1998 4267; baseline 0.005 -18"><span class='ocrx_word' id='word_1_379' title='bbox 421 4213 568 4250; x_wconf 88' lang='lat' dir='ltr'><strong>mum</strong></span> <span class='ocrx_word' id='word_1_380' title='bbox 598 4196 842 4266; x_wconf 88' lang='lat' dir='ltr'><strong>quidem,</strong></span> <span class='ocrx_word' id='word_1_381' title='bbox 875 4196 996 4266; x_wconf 88' lang='lat' dir='ltr'><strong>ejus</strong></span> <span class='ocrx_word' id='word_1_382' title='bbox 1036 4208 1153 4251; x_wconf 90' lang='lat' dir='ltr'><strong>tum</strong></span> <span class='ocrx_word' id='word_1_383' title='bbox 1183 4206 1367 4252; x_wconf 90' lang='lat' dir='ltr'><strong>ortum</strong></span> <span class='ocrx_word' id='word_1_384' title='bbox 1410 4200 1816 4267; x_wconf 83' lang='lat' dir='ltr'><strong>complectitur,</strong></span> <span class='ocrx_word' id='word_1_385' title='bbox 1881 4210 1998 4257; x_wconf 84' lang='lat' dir='ltr'><strong>tum</strong></span> 
     </span>
    </p>
   </div>
   <div class='ocr_carea' id='block_1_59' title="bbox 416 4288 2002 4361">
    <p class='ocr_par' dir='ltr' id='par_1_59' title="bbox 416 4288 2002 4361">
     <span class='ocr_line' id='line_1_59' title="bbox 416 4288 2002 4361; baseline 0.003 -19"><span class='ocrx_word' id='word_1_386' title='bbox 416 4290 840 4356; x_wconf 88' lang='lat' dir='ltr'><strong>commercium,</strong></span> <span class='ocrx_word' id='word_1_387' title='bbox 872 4304 996 4344; x_wconf 90' lang='lat' dir='ltr'><strong>cum</strong></span> <span class='ocrx_word' id='word_1_388' title='bbox 1046 4288 1130 4344; x_wconf 91' lang='lat' dir='ltr'><strong>his</strong></span> <span class='ocrx_word' id='word_1_389' title='bbox 1178 4289 1272 4360; x_wconf 90' lang='lat' dir='ltr'><strong>qui</strong></span> <span class='ocrx_word' id='word_1_390' title='bbox 1338 4290 1525 4344; x_wconf 86' lang='lat' dir='ltr'><strong>vident</strong></span> <span class='ocrx_word' id='word_1_391' title='bbox 1578 4291 1805 4361; x_wconf 88' lang='lat' dir='ltr'><strong>ipsum;</strong></span> <span class='ocrx_word' id='word_1_392' title='bbox 1872 4294 2002 4348; x_wconf 88' lang='lat' dir='ltr'><strong>item</strong></span> 
     </span>
    </p>
   </div>
   <div class='ocr_carea' id='block_1_60' title="bbox 417 4381 2002 4453">
    <p class='ocr_par' dir='ltr' id='par_1_60' title="bbox 417 4381 2002 4453">
     <span class='ocr_line' id='line_1_60' title="bbox 417 4381 2002 4453; baseline 0.004 -20"><span class='ocrx_word' id='word_1_393' title='bbox 417 4381 658 4435; x_wconf 86' lang='lat' dir='ltr'><strong>rationes</strong></span> <span class='ocrx_word' id='word_1_394' title='bbox 684 4381 938 4449; x_wconf 86' lang='lat' dir='ltr'><strong>quisnam</strong></span> <span class='ocrx_word' id='word_1_395' title='bbox 982 4381 1201 4436; x_wconf 89' lang='lat' dir='ltr'><strong>tandem</strong></span> <span class='ocrx_word' id='word_1_396' title='bbox 1225 4381 1472 4446; x_wconf 82' lang='lat' dir='ltr'><strong>exsistat,</strong></span> <span class='ocrx_word' id='word_1_397' title='bbox 1494 4384 1750 4453; x_wconf 89' lang='lat' dir='ltr'><strong>quodque</strong></span> <span class='ocrx_word' id='word_1_398' title='bbox 1775 4399 1883 4439; x_wconf 93' lang='lat' dir='ltr'><strong>nou</strong></span> <span class='ocrx_word' id='word_1_399' title='bbox 1915 4400 2002 4440; x_wconf 90' lang='lat' dir='ltr'><strong>se-</strong></span> 
     </span>
    </p>
   </div>
   <div class='ocr_carea' id='block_1_61' title="bbox 2030 3147 2081 3211">
    <p class='ocr_par' dir='ltr' id='par_1_61' title="bbox 2030 3147 2081 3211">
     <span class='ocr_line' id='line_1_61' title="bbox 2030 3147 2081 3211; baseline 0 0"><span class='ocrx_word' id='word_1_400' title='bbox 2030 3147 2081 3211; x_wconf 78' lang='grc' dir='ltr'><strong>ϐ</strong></span> 
     </span>
    </p>
   </div>
   <div class='ocr_carea' id='block_1_62' title="bbox 2109 1897 3686 1971">
    <p class='ocr_par' dir='ltr' id='par_1_62' title="bbox 2109 1897 3686 1971">
     <span class='ocr_line' id='line_1_62' title="bbox 2109 1897 3686 1971; baseline -0.005 -14"><span class='ocrx_word' id='word_1_401' title='bbox 2109 1902 2270 1958; x_wconf 79' lang='grc' dir='ltr'>ἄθεον</span> <span class='ocrx_word' id='word_1_402' title='bbox 2306 1902 2408 1969; x_wconf 78' lang='grc' dir='ltr'><strong>τῆς</strong></span> <span class='ocrx_word' id='word_1_403' title='bbox 2434 1900 2745 1971; x_wconf 81' lang='grc' dir='ltr'>φαντασίας</span> <span class='ocrx_word' id='word_1_404' title='bbox 2780 1899 2947 1955; x_wconf 80' lang='grc' dir='ltr'>αὐτοῦ</span> <span class='ocrx_word' id='word_1_405' title='bbox 2991 1898 3360 1971; x_wconf 79' lang='grc' dir='ltr'>παρατροπὴν</span> <span class='ocrx_word' id='word_1_406' title='bbox 3402 1898 3499 1951; x_wconf 80' lang='grc' dir='ltr'>καὶ</span> <span class='ocrx_word' id='word_1_407' title='bbox 3548 1897 3686 1950; x_wconf 74' lang='grc' dir='ltr'>πλά-</span> 
     </span>
    </p>
   </div>
   <div class='ocr_carea' id='block_1_63' title="bbox 2109 1991 2522 2062">
    <p class='ocr_par' dir='ltr' id='par_1_63' title="bbox 2109 1991 2522 2062">
     <span class='ocr_line' id='line_1_63' title="bbox 2109 1991 2522 2062; baseline -0.002 -16"><span class='ocrx_word' id='word_1_408' title='bbox 2109 2010 2207 2062; x_wconf 87' lang='grc' dir='ltr'>νην</span> <span class='ocrx_word' id='word_1_409' title='bbox 2235 1991 2522 2045; x_wconf 76' lang='grc' dir='ltr'><strong>ἀποκαλεῖ.</strong></span> 
     </span>
    </p>
   </div>
   <div class='ocr_carea' id='block_1_64' title="bbox 2182 2076 3683 2151">
    <p class='ocr_par' dir='ltr' id='par_1_64' title="bbox 2182 2076 3683 2151">
     <span class='ocr_line' id='line_1_64' title="bbox 2182 2076 3683 2151; baseline -0.003 -18"><span class='ocrx_word' id='word_1_410' title='bbox 2182 2081 2309 2135; x_wconf 88' lang='grc' dir='ltr'>Ἔτι</span> <span class='ocrx_word' id='word_1_411' title='bbox 2336 2079 2398 2133; x_wconf 80' lang='grc' dir='ltr'>οὕ</span> <span class='ocrx_word' id='word_1_412' title='bbox 2435 2098 2570 2150; x_wconf 86' lang='grc' dir='ltr'>φησι</span> <span class='ocrx_word' id='word_1_413' title='bbox 2597 2079 2869 2151; x_wconf 80' lang='grc' dir='ltr'>Παλαμᾶς</span> <span class='ocrx_word' id='word_1_414' title='bbox 2913 2082 3012 2150; x_wconf 83' lang='grc' dir='ltr'>τὴν</span> <span class='ocrx_word' id='word_1_415' title='bbox 3062 2077 3432 2147; x_wconf 80' lang='grc' dir='ltr'>εὖαγγελικὴν</span> <span class='ocrx_word' id='word_1_416' title='bbox 3467 2076 3683 2145; x_wconf 84' lang='grc' dir='ltr'>ἀπόφα-</span> 
     </span>
    </p>
   </div>
   <div class='ocr_carea' id='block_1_65' title="bbox 2109 2170 3684 2245">
    <p class='ocr_par' dir='ltr' id='par_1_65' title="bbox 2109 2170 3684 2245">
     <span class='ocr_line' id='line_1_65' title="bbox 2109 2170 3684 2245; baseline -0.006 -16"><span class='ocrx_word' id='word_1_417' title='bbox 2109 2192 2195 2230; x_wconf 90' lang='grc' dir='ltr'><strong>σιν</strong></span> <span class='ocrx_word' id='word_1_418' title='bbox 2223 2174 2343 2245; x_wconf 84' lang='grc' dir='ltr'>τὴν,</span> <span class='ocrx_word' id='word_1_419' title='bbox 2382 2193 2401 2226; x_wconf 76' lang='grc' dir='ltr'><strong>ι</strong></span> <span class='ocrx_word' id='word_1_420' title='bbox 2446 2173 2791 2237; x_wconf 77' lang='grc' dir='ltr'>Θεὸν.οὑδε“ις</span> <span class='ocrx_word' id='word_1_421' title='bbox 2831 2171 3043 2245; x_wconf 76' lang='grc' dir='ltr'>ἑώρακε</span> <span class='ocrx_word' id='word_1_422' title='bbox 3067 2171 3311 2237; x_wconf 80' lang='grc' dir='ltr'>πώποτε,</span> <span class='ocrx_word' id='word_1_423' title='bbox 3345 2190 3364 2222; x_wconf 75' lang='grc' dir='ltr'><strong>ι</strong></span> <span class='ocrx_word' id='word_1_424' title='bbox 3397 2170 3684 2237; x_wconf 77' lang='grc' dir='ltr'>λέγουσαν,</span> 
     </span>
    </p>
   </div>
   <div class='ocr_carea' id='block_1_66' title="bbox 2107 2259 3683 2339">
    <p class='ocr_par' dir='ltr' id='par_1_66' title="bbox 2107 2259 3683 2339">
     <span class='ocr_line' id='line_1_66' title="bbox 2107 2259 3683 2339; baseline -0.002 -15"><span class='ocrx_word' id='word_1_425' title='bbox 2107 2269 2201 2324; x_wconf 79' lang='grc' dir='ltr'>καὶ</span> <span class='ocrx_word' id='word_1_426' title='bbox 2236 2268 2335 2339; x_wconf 82' lang='grc' dir='ltr'>τὴν</span> <span class='ocrx_word' id='word_1_427' title='bbox 2360 2267 2756 2337; x_wconf 79' lang='grc' dir='ltr'>ἀποστολικὴν,</span> <span class='ocrx_word' id='word_1_428' title='bbox 2796 2285 2815 2318; x_wconf 76' lang='grc' dir='ltr'><strong>ι</strong></span> <span class='ocrx_word' id='word_1_429' title='bbox 2859 2268 2958 2320; x_wconf 74' lang='lat' dir='ltr'><strong>“Ov</strong></span> <span class='ocrx_word' id='word_1_430' title='bbox 3003 2259 3146 2320; x_wconf 74' lang='grc' dir='ltr'>εἶδεν</span> <span class='ocrx_word' id='word_1_431' title='bbox 3173 2264 3372 2329; x_wconf 79' lang='grc' dir='ltr'>οὐδεὶς,</span> <span class='ocrx_word' id='word_1_432' title='bbox 3404 2264 3526 2318; x_wconf 80' lang='grc' dir='ltr'>οὐδὲ</span> <span class='ocrx_word' id='word_1_433' title='bbox 3553 2264 3683 2321; x_wconf 74' lang='grc' dir='ltr'>ἰδεῖν</span> 
     </span>
    </p>
   </div>
   <div class='ocr_carea' id='block_1_67' title="bbox 2107 2355 3686 2428">
    <p class='ocr_par' dir='ltr' id='par_1_67' title="bbox 2107 2355 3686 2428">
     <span class='ocr_line' id='line_1_67' title="bbox 2107 2355 3686 2428; baseline -0.006 -12"><span class='ocrx_word' id='word_1_434' title='bbox 2107 2361 2354 2425; x_wconf 86' lang='grc' dir='ltr'>δύναται,</span> <span class='ocrx_word' id='word_1_435' title='bbox 2386 2379 2406 2414; x_wconf 72' lang='grc' dir='ltr'><strong>ι</strong></span> <span class='ocrx_word' id='word_1_436' title='bbox 2439 2357 2669 2413; x_wconf 79' lang='grc' dir='ltr'>καθόλου</span> <span class='ocrx_word' id='word_1_437' title='bbox 2698 2358 2797 2428; x_wconf 84' lang='grc' dir='ltr'>τὴν</span> <span class='ocrx_word' id='word_1_438' title='bbox 2839 2356 2935 2411; x_wconf 88' lang='grc' dir='ltr'><strong>τοῦ</strong></span> <span class='ocrx_word' id='word_1_439' title='bbox 2976 2355 3113 2412; x_wconf 85' lang='grc' dir='ltr'>Θεοῦ</span> <span class='ocrx_word' id='word_1_440' title='bbox 3155 2356 3348 2427; x_wconf 81' lang='grc' dir='ltr'>ὅρασιν</span> <span class='ocrx_word' id='word_1_441' title='bbox 3375 2355 3686 2427; x_wconf 59' lang='grc' dir='ltr'>ἀποτρέπετ</span> 
     </span>
    </p>
   </div>
   <div class='ocr_carea' id='block_1_68' title="bbox 2108 2445 3684 2521">
    <p class='ocr_par' dir='ltr' id='par_1_68' title="bbox 2108 2445 3684 2521">
     <span class='ocr_line' id='line_1_68' title="bbox 2108 2445 3684 2521; baseline -0.007 -14"><span class='ocrx_word' id='word_1_442' title='bbox 2108 2453 2268 2507; x_wconf 88' lang='grc' dir='ltr'>σθαι·</span> <span class='ocrx_word' id='word_1_443' title='bbox 2313 2451 2450 2506; x_wconf 84' lang='grc' dir='ltr'><strong>ἀλλά</strong></span> <span class='ocrx_word' id='word_1_444' title='bbox 2486 2451 2618 2521; x_wconf 71' lang='grc' dir='ltr'>περὶ</span> <span class='ocrx_word' id='word_1_445' title='bbox 2674 2452 2774 2520; x_wconf 79' lang='grc' dir='ltr'>μὲν</span> <span class='ocrx_word' id='word_1_446' title='bbox 2828 2451 2928 2520; x_wconf 79' lang='grc' dir='ltr'>τῆς</span> <span class='ocrx_word' id='word_1_447' title='bbox 2964 2449 3119 2514; x_wconf 77' lang='grc' dir='ltr'>θείας</span> <span class='ocrx_word' id='word_1_448' title='bbox 3152 2448 3339 2512; x_wconf 82' lang='grc' dir='ltr'>οὐσίας</span> <span class='ocrx_word' id='word_1_449' title='bbox 3385 2446 3558 2516; x_wconf 82' lang='grc' dir='ltr'>ἀληθῆ</span> <span class='ocrx_word' id='word_1_450' title='bbox 3592 2445 3684 2499; x_wconf 85' lang='grc' dir='ltr'><strong>τὸν</strong></span> 
     </span>
    </p>
   </div>
   <div class='ocr_carea' id='block_1_69' title="bbox 2105 2534 3685 2613">
    <p class='ocr_par' dir='ltr' id='par_1_69' title="bbox 2105 2534 3685 2613">
     <span class='ocr_line' id='line_1_69' title="bbox 2105 2534 3685 2613; baseline -0.006 -15"><span class='ocrx_word' id='word_1_451' title='bbox 2105 2545 2264 2612; x_wconf 85' lang='grc' dir='ltr'>λόγον</span> <span class='ocrx_word' id='word_1_452' title='bbox 2299 2541 2668 2613; x_wconf 70' lang='grc' dir='ltr'>ἐκλαμϐάνει*</span> <span class='ocrx_word' id='word_1_453' title='bbox 2705 2543 2836 2611; x_wconf 76' lang='grc' dir='ltr'>περὶ</span> <span class='ocrx_word' id='word_1_454' title='bbox 2870 2539 2927 2593; x_wconf 83' lang='grc' dir='ltr'>δὲ</span> <span class='ocrx_word' id='word_1_455' title='bbox 2962 2538 3057 2593; x_wconf 90' lang='grc' dir='ltr'><strong>τοῦ</strong></span> <span class='ocrx_word' id='word_1_456' title='bbox 3092 2537 3490 2608; x_wconf 81' lang='grc' dir='ltr'>φαντασθέντος</span> <span class='ocrx_word' id='word_1_457' title='bbox 3535 2534 3685 2605; x_wconf 79' lang='grc' dir='ltr'><strong>αὐτῷ</strong></span> 
     </span>
    </p>
   </div>
   <div class='ocr_carea' id='block_1_70' title="bbox 2106 2630 3685 2708">
    <p class='ocr_par' dir='ltr' id='par_1_70' title="bbox 2106 2630 3685 2708">
     <span class='ocr_line' id='line_1_70' title="bbox 2106 2630 3685 2708; baseline -0.005 -18"><span class='ocrx_word' id='word_1_458' title='bbox 2106 2636 2305 2708; x_wconf 85' lang='grc' dir='ltr'>φωτὸς,</span> <span class='ocrx_word' id='word_1_459' title='bbox 2341 2634 2475 2688; x_wconf 85' lang='grc' dir='ltr'>Θεὸν</span> <span class='ocrx_word' id='word_1_460' title='bbox 2501 2633 2616 2689; x_wconf 84' lang='grc' dir='ltr'><strong>ἀνω</strong></span> <span class='ocrx_word' id='word_1_461' title='bbox 2645 2651 2708 2687; x_wconf 90' lang='grc' dir='ltr'><strong>τε</strong></span> <span class='ocrx_word' id='word_1_462' title='bbox 2743 2634 2841 2686; x_wconf 75' lang='grc' dir='ltr'>καὶ</span> <span class='ocrx_word' id='word_1_463' title='bbox 2871 2634 3024 2686; x_wconf 86' lang='grc' dir='ltr'><strong>κάτω</strong></span> <span class='ocrx_word' id='word_1_464' title='bbox 3072 2630 3441 2702; x_wconf 83' lang='grc' dir='ltr'>ἀνομολογῶν,</span> <span class='ocrx_word' id='word_1_465' title='bbox 3468 2630 3561 2685; x_wconf 69' lang='grc' dir='ltr'><strong>καλ⁸</strong></span> <span class='ocrx_word' id='word_1_466' title='bbox 3585 2630 3685 2699; x_wconf 78' lang='grc' dir='ltr'>τὴν</span> 
     </span>
    </p>
   </div>
   <div class='ocr_carea' id='block_1_71' title="bbox 2104 2722 3687 2800">
    <p class='ocr_par' dir='ltr' id='par_1_71' title="bbox 2104 2722 3687 2800">
     <span class='ocr_line' id='line_1_71' title="bbox 2104 2722 3687 2800; baseline -0.006 -16"><span class='ocrx_word' id='word_1_467' title='bbox 2104 2732 2346 2800; x_wconf 78' lang='grc' dir='ltr'>ἔμφυτον</span> <span class='ocrx_word' id='word_1_468' title='bbox 2388 2729 2480 2782; x_wconf 66' lang='grc' dir='ltr'>καὶ</span> <span class='ocrx_word' id='word_1_469' title='bbox 2510 2726 2748 2796; x_wconf 81' lang='grc' dir='ltr'>φυσικὴν</span> <span class='ocrx_word' id='word_1_470' title='bbox 2785 2727 2880 2779; x_wconf 83' lang='grc' dir='ltr'>καὶ</span> <span class='ocrx_word' id='word_1_471' title='bbox 2902 2724 3135 2794; x_wconf 83' lang='grc' dir='ltr'>οὐσιὼδη</span> <span class='ocrx_word' id='word_1_472' title='bbox 3168 2723 3399 2794; x_wconf 78' lang='grc' dir='ltr'>δύναμιν</span> <span class='ocrx_word' id='word_1_473' title='bbox 3421 2724 3513 2777; x_wconf 76' lang='grc' dir='ltr'>καὶ</span> <span class='ocrx_word' id='word_1_474' title='bbox 3536 2722 3687 2792; x_wconf 76' lang='grc' dir='ltr'><strong>ἐνέρ-</strong></span> 
     </span>
    </p>
   </div>
   <div class='ocr_carea' id='block_1_72' title="bbox 2104 2811 3682 2890">
    <p class='ocr_par' dir='ltr' id='par_1_72' title="bbox 2104 2811 3682 2890">
     <span class='ocr_line' id='line_1_72' title="bbox 2104 2811 3682 2890; baseline -0.006 -16"><span class='ocrx_word' id='word_1_475' title='bbox 2104 2838 2261 2890; x_wconf 89' lang='grc' dir='ltr'>γειαν</span> <span class='ocrx_word' id='word_1_476' title='bbox 2291 2819 2384 2874; x_wconf 90' lang='grc' dir='ltr'><strong>τοῦ</strong></span> <span class='ocrx_word' id='word_1_477' title='bbox 2429 2816 2567 2872; x_wconf 86' lang='grc' dir='ltr'>Θεοῦ</span> <span class='ocrx_word' id='word_1_478' title='bbox 2604 2817 2796 2871; x_wconf 81' lang='grc' dir='ltr'>τοῦτον</span> <span class='ocrx_word' id='word_1_479' title='bbox 2822 2811 2964 2870; x_wconf 79' lang='grc' dir='ltr'>εἶναι</span> <span class='ocrx_word' id='word_1_480' title='bbox 2996 2815 3426 2886; x_wconf 83' lang='grc' dir='ltr'>διατεινόμενος,</span> <span class='ocrx_word' id='word_1_481' title='bbox 3457 2813 3519 2868; x_wconf 76' lang='grc' dir='ltr'><strong>οῦ</strong></span> <span class='ocrx_word' id='word_1_482' title='bbox 3549 2829 3682 2884; x_wconf 82' lang='grc' dir='ltr'>φησι</span> 
     </span>
    </p>
   </div>
   <div class='ocr_carea' id='block_1_73' title="bbox 2106 2904 3684 2983">
    <p class='ocr_par' dir='ltr' id='par_1_73' title="bbox 2106 2904 3684 2983">
     <span class='ocr_line' id='line_1_73' title="bbox 2106 2904 3684 2983; baseline -0.006 -16"><span class='ocrx_word' id='word_1_483' title='bbox 2106 2911 2563 2983; x_wconf 80' lang='grc' dir='ltr'>περιλαμὸἀνειν.</span> <span class='ocrx_word' id='word_1_484' title='bbox 2625 2908 2821 2964; x_wconf 78' lang='grc' dir='ltr'>Καίτοι</span> <span class='ocrx_word' id='word_1_485' title='bbox 2880 2926 2946 2979; x_wconf 91' lang='grc' dir='ltr'><strong>γε</strong></span> <span class='ocrx_word' id='word_1_486' title='bbox 2998 2908 3133 2963; x_wconf 86' lang='grc' dir='ltr'>Θεὸν</span> <span class='ocrx_word' id='word_1_487' title='bbox 3175 2907 3444 2978; x_wconf 84' lang='grc' dir='ltr'>ἀορίστως</span> <span class='ocrx_word' id='word_1_488' title='bbox 3487 2904 3684 2971; x_wconf 63' lang='grc' dir='ltr'>εἰπὼν,</span> 
     </span>
    </p>
   </div>
   <div class='ocr_carea' id='block_1_74' title="bbox 2105 2992 3685 3070">
    <p class='ocr_par' dir='ltr' id='par_1_74' title="bbox 2105 2992 3685 3070">
     <span class='ocr_line' id='line_1_74' title="bbox 2105 2992 3685 3070; baseline -0.007 -10"><span class='ocrx_word' id='word_1_489' title='bbox 2105 3005 2203 3060; x_wconf 74' lang='grc' dir='ltr'>καὶ</span> <span class='ocrx_word' id='word_1_490' title='bbox 2232 3004 2293 3063; x_wconf 85' lang='grc' dir='ltr'><strong>τὸ</strong></span> <span class='ocrx_word' id='word_1_491' title='bbox 2332 3002 2534 3070; x_wconf 74' lang='grc' dir='ltr'>οὐδεὶς·</span> <span class='ocrx_word' id='word_1_492' title='bbox 2568 3001 2888 3070; x_wconf 77' lang='grc' dir='ltr'>ἐπαγαγὼν,</span> <span class='ocrx_word' id='word_1_493' title='bbox 2919 3001 3037 3070; x_wconf 73' lang='grc' dir='ltr'>εἴγε</span> <span class='ocrx_word' id='word_1_494' title='bbox 3069 3002 3165 3055; x_wconf 75' lang='grc' dir='ltr'>καὶ</span> <span class='ocrx_word' id='word_1_495' title='bbox 3208 2999 3397 3068; x_wconf 76' lang='grc' dir='ltr'>ἕτερος</span> <span class='ocrx_word' id='word_1_496' title='bbox 3443 2997 3577 3060; x_wconf 78' lang='grc' dir='ltr'>Θεὸς</span> <span class='ocrx_word' id='word_1_497' title='bbox 3614 2992 3685 3067; x_wconf 75' lang='grc' dir='ltr'>ἦν</span> 
     </span>
    </p>
   </div>
   <div class='ocr_carea' id='block_1_75' title="bbox 2108 3088 3687 3166">
    <p class='ocr_par' dir='ltr' id='par_1_75' title="bbox 2108 3088 3687 3166">
     <span class='ocr_line' id='line_1_75' title="bbox 2108 3088 3687 3166; baseline -0.006 -13"><span class='ocrx_word' id='word_1_498' title='bbox 2108 3100 2249 3153; x_wconf 85' lang='grc' dir='ltr'><strong>κατά</strong></span> <span class='ocrx_word' id='word_1_499' title='bbox 2282 3097 2374 3153; x_wconf 92' lang='grc' dir='ltr'><strong>τὸν</strong></span> <span class='ocrx_word' id='word_1_500' title='bbox 2425 3095 2714 3166; x_wconf 81' lang='grc' dir='ltr'>Παλαμᾶν,</span> <span class='ocrx_word' id='word_1_501' title='bbox 2743 3093 3210 3166; x_wconf 73' lang='grc' dir='ltr'>περιειλημμένος</span> <span class='ocrx_word' id='word_1_502' title='bbox 3252 3088 3323 3163; x_wconf 82' lang='grc' dir='ltr'>ἦν</span> <span class='ocrx_word' id='word_1_503' title='bbox 3354 3093 3425 3163; x_wconf 78' lang='grc' dir='ltr'><strong>τῇ</strong></span> <span class='ocrx_word' id='word_1_504' title='bbox 3475 3091 3687 3160; x_wconf 77' lang='grc' dir='ltr'>ἀποφά-</span> 
     </span>
    </p>
   </div>
   <div class='ocr_carea' id='block_1_76' title="bbox 2111 3209 2217 3248">
    <p class='ocr_par' dir='ltr' id='par_1_76' title="bbox 2111 3209 2217 3248">
     <span class='ocr_line' id='line_1_76' title="bbox 2111 3209 2217 3248; baseline 0.019 -2"><span class='ocrx_word' id='word_1_505' title='bbox 2111 3209 2217 3248; x_wconf 88' lang='grc' dir='ltr'>σει.</span> 
     </span>
    </p>
   </div>
   <div class='ocr_carea' id='block_1_77' title="bbox 2696 3298 3094 3366">
    <p class='ocr_par' dir='ltr' id='par_1_77' title="bbox 2696 3298 3094 3366">
     <span class='ocr_line' id='line_1_77' title="bbox 2696 3298 3094 3366; baseline 0.005 -14"><span class='ocrx_word' id='word_1_506' title='bbox 2696 3298 2949 3354; x_wconf 81' lang='grc' dir='ltr'><strong>ΚΕΦΔΔ.</strong></span> <span class='ocrx_word' id='word_1_507' title='bbox 3002 3298 3094 3366; x_wconf 76' lang='grc' dir='ltr'>ς’.</span> 
     </span>
    </p>
   </div>
   <div class='ocr_carea' id='block_1_78' title="bbox 2110 3403 3685 3480">
    <p class='ocr_par' dir='ltr' id='par_1_78' title="bbox 2110 3403 3685 3480">
     <span class='ocr_line' id='line_1_78' title="bbox 2110 3403 3685 3480; baseline -0.003 -13"><span class='ocrx_word' id='word_1_508' title='bbox 2110 3403 2300 3479; x_wconf 66' lang='grc' dir='ltr'>Ὀεὲως</span> <span class='ocrx_word' id='word_1_509' title='bbox 2326 3411 2395 3467; x_wconf 73' lang='grc' dir='ltr'>ἐκ</span> <span class='ocrx_word' id='word_1_510' title='bbox 2420 3414 2532 3479; x_wconf 82' lang='grc' dir='ltr'>τῆς</span> <span class='ocrx_word' id='word_1_511' title='bbox 2556 3410 3014 3480; x_wconf 68' lang='grc' dir='ltr'>ἐπισυναγωγῆς</span> <span class='ocrx_word' id='word_1_512' title='bbox 3036 3411 3160 3466; x_wconf 73' lang='grc' dir='ltr'>τῶν</span> <span class='ocrx_word' id='word_1_513' title='bbox 3180 3410 3469 3473; x_wconf 74' lang='grc' dir='ltr'>τοιούτων</span> <span class='ocrx_word' id='word_1_514' title='bbox 3484 3410 3685 3478; x_wconf 70' lang='grc' dir='ltr'>λόγων</span> 
     </span>
    </p>
   </div>
   <div class='ocr_carea' id='block_1_79' title="bbox 2179 3480 3733 3554">
    <p class='ocr_par' dir='ltr' id='par_1_79' title="bbox 2179 3480 3733 3554">
     <span class='ocr_line' id='line_1_79' title="bbox 2179 3480 3733 3554; baseline -0.006 -15"><span class='ocrx_word' id='word_1_515' title='bbox 2179 3485 2212 3539; x_wconf 89' lang='grc' dir='ltr'><em>ὁ</em></span> <span class='ocrx_word' id='word_1_516' title='bbox 2244 3482 2323 3549; x_wconf 82' lang='grc' dir='ltr'>τῷ</span> <span class='ocrx_word' id='word_1_517' title='bbox 2352 3480 2607 3554; x_wconf 78' lang='grc' dir='ltr'>Παλαμᾷ</span> <span class='ocrx_word' id='word_1_518' title='bbox 2651 3482 3014 3554; x_wconf 62' lang='grc' dir='ltr'>φαντασθεὶς</span> <span class='ocrx_word' id='word_1_519' title='bbox 3048 3482 3351 3554; x_wconf 59' lang='grc' dir='ltr'><strong>Δἀκούσιος</strong></span> <span class='ocrx_word' id='word_1_520' title='bbox 3390 3480 3683 3554; x_wconf 34' lang='grc' dir='ltr'>Θεὸς-δη·</span> <span class='ocrx_word' id='word_1_521' title='bbox 3717 3516 3733 3529; x_wconf 90' lang='grc'><strong>.</strong></span> 
     </span>
    </p>
   </div>
   <div class='ocr_carea' id='block_1_80' title="bbox 2174 3550 3685 3623">
    <p class='ocr_par' dir='ltr' id='par_1_80' title="bbox 2174 3550 3685 3623">
     <span class='ocr_line' id='line_1_80' title="bbox 2174 3550 3685 3623; baseline -0.003 -16"><span class='ocrx_word' id='word_1_522' title='bbox 2174 3554 2465 3623; x_wconf 77' lang='grc' dir='ltr'>μιουργὸς</span> <span class='ocrx_word' id='word_1_523' title='bbox 2519 3550 2617 3623; x_wconf 60' lang='grc' dir='ltr'>καὶ</span> <span class='ocrx_word' id='word_1_524' title='bbox 2655 3550 2981 3623; x_wconf 71' lang='grc' dir='ltr'>διοικητὴς</span> <span class='ocrx_word' id='word_1_525' title='bbox 3028 3552 3426 3620; x_wconf 67' lang='grc' dir='ltr'>ἀναφαίνεται</span> <span class='ocrx_word' id='word_1_526' title='bbox 3478 3550 3685 3617; x_wconf 75' lang='grc' dir='ltr'>πάσης</span> 
     </span>
    </p>
   </div>
   <div class='ocr_carea' id='block_1_81' title="bbox 2180 3621 3528 3692">
    <p class='ocr_par' dir='ltr' id='par_1_81' title="bbox 2180 3621 3528 3692">
     <span class='ocr_line' id='line_1_81' title="bbox 2180 3621 3528 3692; baseline -0.001 -16"><span class='ocrx_word' id='word_1_527' title='bbox 2180 3621 2457 3690; x_wconf 65' lang='grc' dir='ltr'>κτίσεως,</span> <span class='ocrx_word' id='word_1_528' title='bbox 2490 3621 2592 3676; x_wconf 76' lang='grc' dir='ltr'>καὶ</span> <span class='ocrx_word' id='word_1_529' title='bbox 2617 3623 2791 3688; x_wconf 76' lang='grc' dir='ltr'>τέλος</span> <span class='ocrx_word' id='word_1_530' title='bbox 2824 3622 3032 3690; x_wconf 78' lang='grc' dir='ltr'>πάσης</span> <span class='ocrx_word' id='word_1_531' title='bbox 3061 3623 3528 3692; x_wconf 77' lang='grc' dir='ltr'>μακαριότητος.</span> 
     </span>
    </p>
   </div>
   <div class='ocr_carea' id='block_1_82' title="bbox 2180 3730 3682 3808">
    <p class='ocr_par' dir='ltr' id='par_1_82' title="bbox 2180 3730 3682 3808">
     <span class='ocr_line' id='line_1_82' title="bbox 2180 3730 3682 3808; baseline -0.005 -17"><span class='ocrx_word' id='word_1_532' title='bbox 2180 3737 2375 3808; x_wconf 79' lang='grc' dir='ltr'>Σχεδὸν</span> <span class='ocrx_word' id='word_1_533' title='bbox 2417 3738 2519 3808; x_wconf 76' lang='grc' dir='ltr'>μὲν</span> <span class='ocrx_word' id='word_1_534' title='bbox 2557 3731 2651 3792; x_wconf 81' lang='grc' dir='ltr'><strong>οῦν</strong></span> <span class='ocrx_word' id='word_1_535' title='bbox 2681 3739 2831 3791; x_wconf 78' lang='grc' dir='ltr'>πᾶσα</span> <span class='ocrx_word' id='word_1_536' title='bbox 2866 3730 3161 3807; x_wconf 79' lang='grc' dir='ltr'>Παλαμικὴ</span> <span class='ocrx_word' id='word_1_537' title='bbox 3189 3730 3682 3807; x_wconf 80' lang='grc' dir='ltr'>τερατεία,τοσαύ-</span> 
     </span>
    </p>
   </div>
   <div class='ocr_carea' id='block_1_83' title="bbox 2107 3824 3684 3898">
    <p class='ocr_par' dir='ltr' id='par_1_83' title="bbox 2107 3824 3684 3898">
     <span class='ocr_line' id='line_1_83' title="bbox 2107 3824 3684 3898; baseline -0.007 -14"><span class='ocrx_word' id='word_1_538' title='bbox 2107 3848 2229 3892; x_wconf 85' lang='grc' dir='ltr'>ταις</span> <span class='ocrx_word' id='word_1_539' title='bbox 2292 3831 2407 3885; x_wconf 81' lang='grc' dir='ltr'><strong>ἀνω</strong></span> <span class='ocrx_word' id='word_1_540' title='bbox 2465 3828 2563 3882; x_wconf 71' lang='grc' dir='ltr'>καὶ</span> <span class='ocrx_word' id='word_1_541' title='bbox 2619 3829 2771 3883; x_wconf 84' lang='grc' dir='ltr'>κάτω</span> <span class='ocrx_word' id='word_1_542' title='bbox 2821 3827 3128 3893; x_wconf 78' lang='grc' dir='ltr'>διείληπται</span> <span class='ocrx_word' id='word_1_543' title='bbox 3178 3826 3530 3898; x_wconf 85' lang='grc' dir='ltr'>ματαιότησι,</span> <span class='ocrx_word' id='word_1_544' title='bbox 3587 3824 3684 3874; x_wconf 79' lang='grc' dir='ltr'>καὶ</span> 
     </span>
    </p>
   </div>
   <div class='ocr_carea' id='block_1_84' title="bbox 2105 3916 3683 3993">
    <p class='ocr_par' dir='ltr' id='par_1_84' title="bbox 2105 3916 3683 3993">
     <span class='ocr_line' id='line_1_84' title="bbox 2105 3916 3683 3993; baseline -0.005 -19"><span class='ocrx_word' id='word_1_545' title='bbox 2105 3920 2289 3993; x_wconf 79' lang='grc' dir='ltr'>πολλῷ</span> <span class='ocrx_word' id='word_1_546' title='bbox 2317 3919 2523 3975; x_wconf 82' lang='grc' dir='ltr'>τούτων</span> <span class='ocrx_word' id='word_1_547' title='bbox 2554 3920 2816 3991; x_wconf 87' lang='grc' dir='ltr'>χείροσιν.</span> <span class='ocrx_word' id='word_1_548' title='bbox 2848 3918 2945 3973; x_wconf 82' lang='lat' dir='ltr'><strong>&#39;lv‘</strong></span> <span class='ocrx_word' id='word_1_549' title='bbox 2980 3916 3075 3973; x_wconf 73' lang='grc' dir='ltr'><strong>οὖν</strong></span> <span class='ocrx_word' id='word_1_550' title='bbox 3107 3918 3471 3979; x_wconf 80' lang='grc' dir='ltr'>ἀναλαϐόντες</span> <span class='ocrx_word' id='word_1_551' title='bbox 3521 3930 3683 3969; x_wconf 78' lang='grc' dir='ltr'>κατο·</span> 
     </span>
    </p>
   </div>
   <div class='ocr_carea' id='block_1_85' title="bbox 2106 3998 3681 4085">
    <p class='ocr_par' dir='ltr' id='par_1_85' title="bbox 2106 3998 3681 4085">
     <span class='ocr_line' id='line_1_85' title="bbox 2106 3998 3681 4085; baseline -0.007 -17"><span class='ocrx_word' id='word_1_552' title='bbox 2106 3998 2456 4085; x_wconf 77' lang='grc' dir='ltr'>πτεύσωμεν,</span> <span class='ocrx_word' id='word_1_553' title='bbox 2504 4010 2939 4081; x_wconf 79' lang='grc' dir='ltr'>ὲπιλογιζόμενοι</span> <span class='ocrx_word' id='word_1_554' title='bbox 2987 4011 3080 4064; x_wconf 74' lang='grc' dir='ltr'>καὶ</span> <span class='ocrx_word' id='word_1_555' title='bbox 3127 4010 3268 4063; x_wconf 79' lang='grc' dir='ltr'>κατὰ</span> <span class='ocrx_word' id='word_1_556' title='bbox 3300 4007 3458 4061; x_wconf 77' lang='grc' dir='ltr'>τοῦτο</span> <span class='ocrx_word' id='word_1_557' title='bbox 3488 4007 3550 4059; x_wconf 89' lang='grc' dir='ltr'><strong>τὸ</strong></span> <span class='ocrx_word' id='word_1_558' title='bbox 3583 4004 3681 4073; x_wconf 84' lang='grc' dir='ltr'><strong>μὲ-</strong></span> 
     </span>
    </p>
   </div>
   <div class='ocr_carea' id='block_1_86' title="bbox 2109 4097 3679 4179">
    <p class='ocr_par' dir='ltr' id='par_1_86' title="bbox 2109 4097 3679 4179">
     <span class='ocr_line' id='line_1_86' title="bbox 2109 4097 3679 4179; baseline -0.007 -19"><span class='ocrx_word' id='word_1_559' title='bbox 2109 4125 2222 4179; x_wconf 86' lang='grc' dir='ltr'>ρος,</span> <span class='ocrx_word' id='word_1_560' title='bbox 2256 4106 2355 4177; x_wconf 80' lang='grc' dir='ltr'>τὴν</span> <span class='ocrx_word' id='word_1_561' title='bbox 2385 4104 2483 4157; x_wconf 90' lang='grc' dir='ltr'><strong>τοῦ</strong></span> <span class='ocrx_word' id='word_1_562' title='bbox 2516 4105 2637 4157; x_wconf 81' lang='grc' dir='ltr'>νέου</span> <span class='ocrx_word' id='word_1_563' title='bbox 2671 4102 2808 4156; x_wconf 84' lang='grc' dir='ltr'>Θεοῦ</span> <span class='ocrx_word' id='word_1_564' title='bbox 2837 4101 3171 4176; x_wconf 61' lang='grc' dir='ltr'>προαγωγὴν</span> <span class='ocrx_word' id='word_1_565' title='bbox 3205 4101 3297 4155; x_wconf 79' lang='grc' dir='ltr'>καὶ</span> <span class='ocrx_word' id='word_1_566' title='bbox 3336 4097 3679 4167; x_wconf 67' lang='grc' dir='ltr'>ἐπιφάνειαν,</span> 
     </span>
    </p>
   </div>
   <div class='ocr_carea' id='block_1_87' title="bbox 2104 4190 3783 4267">
    <p class='ocr_par' dir='ltr' id='par_1_87' title="bbox 2104 4190 3783 4267">
     <span class='ocr_line' id='line_1_87' title="bbox 2104 4190 3783 4267; baseline -0.008 -14"><span class='ocrx_word' id='word_1_567' title='bbox 2104 4200 2165 4254; x_wconf 89' lang='grc' dir='ltr'><strong>τὸ</strong></span> <span class='ocrx_word' id='word_1_568' title='bbox 2198 4198 2298 4266; x_wconf 82' lang='grc' dir='ltr'>μὲν</span> <span class='ocrx_word' id='word_1_569' title='bbox 2328 4197 2548 4267; x_wconf 80' lang='grc' dir='ltr'>πρῶτον</span> <span class='ocrx_word' id='word_1_570' title='bbox 2596 4196 2834 4267; x_wconf 76' lang='grc' dir='ltr'>περιέχει</span> <span class='ocrx_word' id='word_1_571' title='bbox 2867 4192 3082 4262; x_wconf 83' lang='grc' dir='ltr'>γένεσίν</span> <span class='ocrx_word' id='word_1_572' title='bbox 3113 4210 3170 4246; x_wconf 88' lang='grc' dir='ltr'><strong>τε</strong></span> <span class='ocrx_word' id='word_1_573' title='bbox 3203 4190 3415 4258; x_wconf 77' lang='grc' dir='ltr'>τούτου,</span> <span class='ocrx_word' id='word_1_574' title='bbox 3447 4190 3539 4244; x_wconf 61' lang='grc' dir='ltr'><strong>καὶ</strong></span> <span class='ocrx_word' id='word_1_575' title='bbox 3568 4205 3687 4242; x_wconf 78' lang='grc' dir='ltr'>κοι-</span> <span class='ocrx_word' id='word_1_576' title='bbox 3768 4214 3783 4229; x_wconf 77' lang='grc' dir='ltr'><strong>ο</strong></span> 
     </span>
    </p>
   </div>
   <div class='ocr_carea' id='block_1_88' title="bbox 2105 4278 3682 4361">
    <p class='ocr_par' dir='ltr' id='par_1_88' title="bbox 2105 4278 3682 4361">
     <span class='ocr_line' id='line_1_88' title="bbox 2105 4278 3682 4361; baseline -0.009 -15"><span class='ocrx_word' id='word_1_577' title='bbox 2105 4291 2304 4346; x_wconf 86' lang='grc' dir='ltr'>νωνίαν</span> <span class='ocrx_word' id='word_1_578' title='bbox 2333 4288 2471 4361; x_wconf 84' lang='grc' dir='ltr'><strong>μετά</strong></span> <span class='ocrx_word' id='word_1_579' title='bbox 2498 4288 2608 4341; x_wconf 85' lang='grc' dir='ltr'><strong>τῶν</strong></span> <span class='ocrx_word' id='word_1_580' title='bbox 2630 4285 2881 4358; x_wconf 85' lang='grc' dir='ltr'>ὁρώντων</span> <span class='ocrx_word' id='word_1_581' title='bbox 2907 4284 3071 4340; x_wconf 68' lang='grc' dir='ltr'>αὐτόν</span> <span class='ocrx_word' id='word_1_582' title='bbox 3092 4299 3106 4314; x_wconf 86' lang='grc'><strong>·</strong></span> <span class='ocrx_word' id='word_1_583' title='bbox 3139 4283 3233 4337; x_wconf 77' lang='grc' dir='ltr'>καὶ</span> <span class='ocrx_word' id='word_1_584' title='bbox 3255 4283 3469 4351; x_wconf 84' lang='grc' dir='ltr'>λόγους,</span> <span class='ocrx_word' id='word_1_585' title='bbox 3497 4278 3682 4338; x_wconf 72' lang='grc' dir='ltr'>ὁποῖός</span> 
     </span>
    </p>
   </div>
   <div class='ocr_carea' id='block_1_89' title="bbox 2104 4369 3681 4452">
    <p class='ocr_par' dir='ltr' id='par_1_89' title="bbox 2104 4369 3681 4452">
     <span class='ocr_line' id='line_1_89' title="bbox 2104 4369 3681 4452; baseline -0.011 -13"><span class='ocrx_word' id='word_1_586' title='bbox 2104 4403 2191 4449; x_wconf 88' lang='grc' dir='ltr'><strong>τις</strong></span> <span class='ocrx_word' id='word_1_587' title='bbox 2223 4383 2298 4437; x_wconf 83' lang='grc' dir='ltr'>ὢν</span> <span class='ocrx_word' id='word_1_588' title='bbox 2327 4381 2608 4452; x_wconf 82' lang='grc' dir='ltr'>τυγχάνει,</span> <span class='ocrx_word' id='word_1_589' title='bbox 2641 4379 2738 4432; x_wconf 65' lang='grc' dir='ltr'><strong>καλ⁸</strong></span> <span class='ocrx_word' id='word_1_590' title='bbox 2766 4379 2850 4432; x_wconf 88' lang='grc' dir='ltr'>ὅτι</span> <span class='ocrx_word' id='word_1_591' title='bbox 2886 4376 2960 4447; x_wconf 79' lang='grc' dir='ltr'>μὴ</span> <span class='ocrx_word' id='word_1_592' title='bbox 2984 4375 3363 4447; x_wconf 78' lang='grc' dir='ltr'>χωριζομένης</span> <span class='ocrx_word' id='word_1_593' title='bbox 3389 4369 3555 4425; x_wconf 83' lang='grc' dir='ltr'>αὐτοῦ</span> <span class='ocrx_word' id='word_1_594' title='bbox 3582 4369 3681 4439; x_wconf 74' lang='grc' dir='ltr'>τῆς</span> 
     </span>
    </p>
   </div>
   <div class='ocr_carea' id='block_1_90' title="bbox 344 4463 2001 4562">
    <p class='ocr_par' dir='ltr' id='par_1_90' title="bbox 344 4472 2001 4547">
     <span class='ocr_line' id='line_1_90' title="bbox 344 4472 2001 4547; baseline 0.001 -16"><span class='ocrx_word' id='word_1_595' title='bbox 344 4525 351 4531; x_wconf 87' lang='grc'><strong>.</strong></span> <span class='ocrx_word' id='word_1_596' title='bbox 419 4482 608 4545; x_wconf 88' lang='lat' dir='ltr'><strong>parata</strong></span> <span class='ocrx_word' id='word_1_597' title='bbox 635 4473 705 4527; x_wconf 89' lang='lat' dir='ltr'><strong>ab</strong></span> <span class='ocrx_word' id='word_1_598' title='bbox 734 4489 798 4527; x_wconf 90' lang='lat' dir='ltr'><strong>eo</strong></span> <span class='ocrx_word' id='word_1_599' title='bbox 829 4472 1055 4539; x_wconf 76' lang='lat' dir='ltr'><strong>tleitate,</strong></span> <span class='ocrx_word' id='word_1_600' title='bbox 1089 4474 1206 4544; x_wconf 91' lang='lat' dir='ltr'><strong>ipse</strong></span> <span class='ocrx_word' id='word_1_601' title='bbox 1236 4483 1319 4530; x_wconf 87' lang='lat' dir='ltr'><strong>est</strong></span> <span class='ocrx_word' id='word_1_602' title='bbox 1347 4477 1529 4530; x_wconf 87' lang='lat' dir='ltr'><strong>omnia</strong></span> <span class='ocrx_word' id='word_1_603' title='bbox 1569 4485 1623 4532; x_wconf 87' lang='lat' dir='ltr'><strong>et</strong></span> <span class='ocrx_word' id='word_1_604' title='bbox 1650 4479 1702 4532; x_wconf 91' lang='lat' dir='ltr'><strong>in</strong></span> <span class='ocrx_word' id='word_1_605' title='bbox 1732 4478 1851 4547; x_wconf 89' lang='lat' dir='ltr'><strong>ipso</strong></span> <span class='ocrx_word' id='word_1_606' title='bbox 1870 4487 2001 4535; x_wconf 86' lang='lat' dir='ltr'><strong>sunt</strong></span> 
     </span>
    </p>
   </div>
   <div class='ocr_carea' id='block_1_91' title="bbox 2107 4463 3682 4562">
    <p class='ocr_par' dir='ltr' id='par_1_91' title="bbox 2107 4463 3682 4546">
     <span class='ocr_line' id='line_1_91' title="bbox 2107 4463 3682 4546; baseline -0.01 -15"><span class='ocrx_word' id='word_1_607' title='bbox 2107 4476 2361 4546; x_wconf 82' lang='grc' dir='ltr'>θεότητος</span> <span class='ocrx_word' id='word_1_608' title='bbox 2399 4474 2562 4537; x_wconf 83' lang='grc' dir='ltr'>αὑτός</span> <span class='ocrx_word' id='word_1_609' title='bbox 2611 4475 2733 4525; x_wconf 73' lang='grc' dir='ltr'>ἐστι</span> <span class='ocrx_word' id='word_1_610' title='bbox 2783 4470 2851 4523; x_wconf 80' lang='grc' dir='ltr'>τὰ</span> <span class='ocrx_word' id='word_1_611' title='bbox 2909 4468 3110 4532; x_wconf 80' lang='grc' dir='ltr'>πάντα,</span> <span class='ocrx_word' id='word_1_612' title='bbox 3159 4467 3255 4522; x_wconf 77' lang='grc' dir='ltr'>καὶ</span> <span class='ocrx_word' id='word_1_613' title='bbox 3314 4467 3371 4518; x_wconf 83' lang='grc' dir='ltr'>ἐν</span> <span class='ocrx_word' id='word_1_614' title='bbox 3418 4464 3568 4535; x_wconf 82' lang='grc' dir='ltr'><strong>αὐτῷ</strong></span> <span class='ocrx_word' id='word_1_615' title='bbox 3612 4463 3682 4515; x_wconf 89' lang='grc' dir='ltr'><strong>τά</strong></span> 
     </span>
    </p>
   </div>
   <div class='ocr_carea' id='block_1_92' title="bbox 414 4567 2000 4641">
    <p class='ocr_par' dir='ltr' id='par_1_92' title="bbox 414 4567 2000 4641">
     <span class='ocr_line' id='line_1_92' title="bbox 414 4567 2000 4641; baseline 0.002 -18"><span class='ocrx_word' id='word_1_616' title='bbox 414 4568 624 4632; x_wconf 86' lang='lat' dir='ltr'><strong>omnia,</strong></span> <span class='ocrx_word' id='word_1_617' title='bbox 652 4567 1034 4637; x_wconf 85' lang='lat' dir='ltr'><strong>ipsequeprior</strong></span> <span class='ocrx_word' id='word_1_618' title='bbox 1055 4568 1306 4625; x_wconf 85' lang='lat' dir='ltr'><strong>omnibus</strong></span> <span class='ocrx_word' id='word_1_619' title='bbox 1319 4578 1401 4625; x_wconf 88' lang='lat' dir='ltr'><strong>est</strong></span> <span class='ocrx_word' id='word_1_620' title='bbox 1428 4588 1442 4624; x_wconf 90' lang='lat'><strong>:</strong></span> <span class='ocrx_word' id='word_1_621' title='bbox 1469 4580 1690 4641; x_wconf 88' lang='lat' dir='ltr'><strong>propter</strong></span> <span class='ocrx_word' id='word_1_622' title='bbox 1705 4586 1799 4625; x_wconf 88' lang='lat' dir='ltr'><strong>eos</strong></span> <span class='ocrx_word' id='word_1_623' title='bbox 1820 4580 2000 4626; x_wconf 85' lang='lat' dir='ltr'><strong>tamen</strong></span> 
     </span>
    </p>
   </div>
   <div class='ocr_carea' id='block_1_93' title="bbox 417 4659 1996 4733">
    <p class='ocr_par' dir='ltr' id='par_1_93' title="bbox 417 4659 1996 4733">
     <span class='ocr_line' id='line_1_93' title="bbox 417 4659 1996 4733; baseline 0.001 -19"><span class='ocrx_word' id='word_1_624' title='bbox 417 4661 509 4729; x_wconf 91' lang='lat' dir='ltr'><strong>qui</strong></span> <span class='ocrx_word' id='word_1_625' title='bbox 544 4660 598 4712; x_wconf 92' lang='lat' dir='ltr'><strong>iu</strong></span> <span class='ocrx_word' id='word_1_626' title='bbox 633 4659 871 4715; x_wconf 88' lang='lat' dir='ltr'><strong>tenebris</strong></span> <span class='ocrx_word' id='word_1_627' title='bbox 905 4659 1107 4715; x_wconf 90' lang='lat' dir='ltr'><strong>inclusi</strong></span> <span class='ocrx_word' id='word_1_628' title='bbox 1139 4670 1264 4717; x_wconf 89' lang='lat' dir='ltr'><strong>sunt</strong></span> <span class='ocrx_word' id='word_1_629' title='bbox 1293 4662 1674 4733; x_wconf 85' lang='lat' dir='ltr'><strong>aspirantque,</strong></span> <span class='ocrx_word' id='word_1_630' title='bbox 1739 4671 1905 4732; x_wconf 88' lang='lat' dir='ltr'><strong>atque</strong></span> <span class='ocrx_word' id='word_1_631' title='bbox 1926 4663 1996 4717; x_wconf 87' lang='lat' dir='ltr'><strong>ad</strong></span> 
     </span>
    </p>
   </div>
   <div class='ocr_carea' id='block_1_94' title="bbox 323 4750 1997 4821">
    <p class='ocr_par' dir='ltr' id='par_1_94' title="bbox 323 4750 1997 4821">
     <span class='ocr_line' id='line_1_94' title="bbox 323 4750 1997 4821; baseline 0.004 -17"><span class='ocrx_word' id='word_1_632' title='bbox 323 4803 331 4813; x_wconf 86' lang='grc'><strong>,</strong></span> <span class='ocrx_word' id='word_1_633' title='bbox 413 4750 741 4805; x_wconf 86' lang='lat' dir='ltr'><strong>umbilicum</strong></span> <span class='ocrx_word' id='word_1_634' title='bbox 806 4750 1052 4806; x_wconf 56' lang='lat' dir='ltr'><strong>innixam</strong></span> <span class='ocrx_word' id='word_1_635' title='bbox 1125 4768 1318 4821; x_wconf 83' lang='lat' dir='ltr'><strong>genam</strong></span> <span class='ocrx_word' id='word_1_636' title='bbox 1392 4753 1711 4809; x_wconf 78' lang='lat' dir='ltr'><strong>inferiorem</strong></span> <span class='ocrx_word' id='word_1_637' title='bbox 1773 4753 1997 4818; x_wconf 86' lang='lat' dir='ltr'><strong>habent,</strong></span> 
     </span>
    </p>
   </div>
   <div class='ocr_carea' id='block_1_95' title="bbox 415 4841 2000 4912">
    <p class='ocr_par' dir='ltr' id='par_1_95' title="bbox 415 4841 2000 4912">
     <span class='ocr_line' id='line_1_95' title="bbox 415 4841 2000 4912; baseline 0.003 -17"><span class='ocrx_word' id='word_1_638' title='bbox 415 4844 785 4912; x_wconf 87' lang='lat' dir='ltr'><strong>inqueipsum</strong></span> <span class='ocrx_word' id='word_1_639' title='bbox 822 4841 1049 4897; x_wconf 86' lang='lat' dir='ltr'><strong>immote</strong></span> <span class='ocrx_word' id='word_1_640' title='bbox 1104 4843 1396 4898; x_wconf 87' lang='lat' dir='ltr'><strong>intendunt</strong></span> <span class='ocrx_word' id='word_1_641' title='bbox 1453 4845 1704 4907; x_wconf 89' lang='lat' dir='ltr'><strong>oculum,</strong></span> <span class='ocrx_word' id='word_1_642' title='bbox 1760 4844 2000 4900; x_wconf 88' lang='lat' dir='ltr'><strong>visibilis</strong></span> 
     </span>
    </p>
   </div>
   <div class='ocr_carea' id='block_1_96' title="bbox 414 4933 1998 5006">
    <p class='ocr_par' dir='ltr' id='par_1_96' title="bbox 414 4933 1998 5006">
     <span class='ocr_line' id='line_1_96' title="bbox 414 4933 1998 5006; baseline 0.001 -16"><span class='ocrx_word' id='word_1_643' title='bbox 414 4933 1065 4998; x_wconf 52' lang='lat' dir='ltr'><strong>ciiiciatur.“Sccun.lun:,</strong></span> <span class='ocrx_word' id='word_1_644' title='bbox 1121 4934 1573 4990; x_wconf 67' lang='lat' dir='ltr'><strong>manifestissime</strong></span> <span class='ocrx_word' id='word_1_645' title='bbox 1606 4946 1660 4990; x_wconf 86' lang='lat' dir='ltr'><strong>et</strong></span> <span class='ocrx_word' id='word_1_646' title='bbox 1723 4937 1815 5006; x_wconf 91' lang='lat' dir='ltr'><strong>qui</strong></span> <span class='ocrx_word' id='word_1_647' title='bbox 1880 4954 1998 4992; x_wconf 81' lang='lat' dir='ltr'><strong>cre-</strong></span> 
     </span>
    </p>
   </div>
   <div class='ocr_carea' id='block_1_97' title="bbox 414 5022 1992 5093">
    <p class='ocr_par' dir='ltr' id='par_1_97' title="bbox 414 5022 1992 5093">
     <span class='ocr_line' id='line_1_97' title="bbox 414 5022 1992 5093; baseline -0.001 -11"><span class='ocrx_word' id='word_1_648' title='bbox 414 5027 598 5091; x_wconf 88' lang='lat' dir='ltr'><strong>datur,</strong></span> <span class='ocrx_word' id='word_1_649' title='bbox 634 5023 801 5078; x_wconf 85' lang='lat' dir='ltr'><strong>Deum</strong></span> <span class='ocrx_word' id='word_1_650' title='bbox 852 5025 996 5078; x_wconf 82' lang='lat' dir='ltr'><strong>hunc</strong></span> <span class='ocrx_word' id='word_1_651' title='bbox 1046 5040 1170 5079; x_wconf 86' lang='lat' dir='ltr'><strong>esse</strong></span> <span class='ocrx_word' id='word_1_652' title='bbox 1227 5024 1445 5093; x_wconf 76' lang='lat' dir='ltr'><strong>probat.</strong></span> <span class='ocrx_word' id='word_1_653' title='bbox 1505 5022 1784 5089; x_wconf 86' lang='lat' dir='ltr'><strong>Tertium,</strong></span> <span class='ocrx_word' id='word_1_654' title='bbox 1829 5027 1992 5081; x_wconf 87' lang='lat' dir='ltr'><strong>etiam</strong></span> 
     </span>
    </p>
   </div>
   <div class='ocr_carea' id='block_1_98' title="bbox 414 5115 1997 5188">
    <p class='ocr_par' dir='ltr' id='par_1_98' title="bbox 414 5115 1997 5188">
     <span class='ocr_line' id='line_1_98' title="bbox 414 5115 1997 5188; baseline -0.001 -14"><span class='ocrx_word' id='word_1_655' title='bbox 414 5134 537 5174; x_wconf 89' lang='lat' dir='ltr'><strong>eum</strong></span> <span class='ocrx_word' id='word_1_656' title='bbox 588 5133 712 5172; x_wconf 83' lang='lat' dir='ltr'><strong>vere</strong></span> <span class='ocrx_word' id='word_1_657' title='bbox 763 5116 934 5171; x_wconf 86' lang='lat' dir='ltr'><strong>videri</strong></span> <span class='ocrx_word' id='word_1_658' title='bbox 988 5118 1167 5171; x_wconf 82' lang='lat' dir='ltr'><strong>docet.</strong></span> <span class='ocrx_word' id='word_1_659' title='bbox 1231 5115 1523 5182; x_wconf 86' lang='lat' dir='ltr'><strong>Quartum,</strong></span> <span class='ocrx_word' id='word_1_660' title='bbox 1578 5117 1724 5170; x_wconf 92' lang='lat' dir='ltr'><strong>hunc</strong></span> <span class='ocrx_word' id='word_1_661' title='bbox 1775 5133 1997 5188; x_wconf 88' lang='lat' dir='ltr'><strong>quoque</strong></span> 
     </span>
    </p>
   </div>
   <div class='ocr_carea' id='block_1_99' title="bbox 420 5209 1994 5281">
    <p class='ocr_par' dir='ltr' id='par_1_99' title="bbox 420 5209 1994 5281">
     <span class='ocr_line' id='line_1_99' title="bbox 420 5209 1994 5281; baseline 0.003 -18"><span class='ocrx_word' id='word_1_662' title='bbox 420 5212 586 5265; x_wconf 72' lang='lat' dir='ltr'><strong>Deum</strong></span> <span class='ocrx_word' id='word_1_663' title='bbox 613 5227 736 5266; x_wconf 87' lang='lat' dir='ltr'><strong>esse</strong></span> <span class='ocrx_word' id='word_1_664' title='bbox 769 5211 860 5281; x_wconf 88' lang='lat' dir='ltr'><strong>qtti</strong></span> <span class='ocrx_word' id='word_1_665' title='bbox 887 5211 1148 5265; x_wconf 86' lang='lat' dir='ltr'><strong>omnibus</strong></span> <span class='ocrx_word' id='word_1_666' title='bbox 1176 5209 1420 5274; x_wconf 86' lang='lat' dir='ltr'><strong>uniatur,</strong></span> <span class='ocrx_word' id='word_1_667' title='bbox 1455 5212 1674 5266; x_wconf 88' lang='lat' dir='ltr'><strong>astruit.</strong></span> <span class='ocrx_word' id='word_1_668' title='bbox 1705 5211 1994 5279; x_wconf 88' lang='lat' dir='ltr'><strong>Quintum,</strong></span> 
     </span>
    </p>
   </div>
   <div class='ocr_carea' id='block_1_100' title="bbox 413 5300 1993 5371">
    <p class='ocr_par' dir='ltr' id='par_1_100' title="bbox 413 5300 1993 5371">
     <span class='ocr_line' id='line_1_100' title="bbox 413 5300 1993 5371; baseline 0.001 -14"><span class='ocrx_word' id='word_1_669' title='bbox 413 5303 578 5357; x_wconf 85' lang='lat' dir='ltr'><strong>etiam</strong></span> <span class='ocrx_word' id='word_1_670' title='bbox 627 5300 796 5371; x_wconf 85' lang='lat' dir='ltr'><strong>hujus</strong></span> <span class='ocrx_word' id='word_1_671' title='bbox 857 5315 1041 5354; x_wconf 89' lang='lat' dir='ltr'><strong>rerum</strong></span> <span class='ocrx_word' id='word_1_672' title='bbox 1094 5300 1463 5354; x_wconf 75' lang='lat' dir='ltr'><strong>universitatis</strong></span> <span class='ocrx_word' id='word_1_673' title='bbox 1517 5311 1794 5358; x_wconf 86' lang='lat' dir='ltr'><strong>auctorem</strong></span> <span class='ocrx_word' id='word_1_674' title='bbox 1868 5319 1993 5360; x_wconf 91' lang='lat' dir='ltr'><strong>eum</strong></span> 
     </span>
    </p>
   </div>
   <div class='ocr_carea' id='block_1_101' title="bbox 413 5392 1994 5464">
    <p class='ocr_par' dir='ltr' id='par_1_101' title="bbox 413 5392 1994 5464">
     <span class='ocr_line' id='line_1_101' title="bbox 413 5392 1994 5464; baseline 0.003 -17"><span class='ocrx_word' id='word_1_675' title='bbox 413 5394 754 5464; x_wconf 85' lang='lat' dir='ltr'><strong>pronuntiat.</strong></span> <span class='ocrx_word' id='word_1_676' title='bbox 788 5392 1043 5460; x_wconf 84' lang='lat' dir='ltr'><strong>Sextum,</strong></span> <span class='ocrx_word' id='word_1_677' title='bbox 1071 5392 1260 5446; x_wconf 88' lang='lat' dir='ltr'><strong>mundi</strong></span> <span class='ocrx_word' id='word_1_678' title='bbox 1288 5393 1408 5462; x_wconf 74' lang='lat' dir='ltr'><strong>eius</strong></span> <span class='ocrx_word' id='word_1_679' title='bbox 1465 5395 1559 5463; x_wconf 90' lang='lat' dir='ltr'><strong>qui</strong></span> <span class='ocrx_word' id='word_1_680' title='bbox 1591 5409 1772 5451; x_wconf 90' lang='lat' dir='ltr'><strong>mente</strong></span> <span class='ocrx_word' id='word_1_681' title='bbox 1839 5396 1994 5451; x_wconf 83' lang='lat' dir='ltr'><strong>intel-</strong></span> 
     </span>
    </p>
   </div>
   <div class='ocr_carea' id='block_1_102' title="bbox 416 5486 1996 5562">
    <p class='ocr_par' dir='ltr' id='par_1_102' title="bbox 416 5486 1996 5562">
     <span class='ocr_line' id='line_1_102' title="bbox 416 5486 1996 5562; baseline 0.005 -23"><span class='ocrx_word' id='word_1_682' title='bbox 416 5487 605 5559; x_wconf 80' lang='lat' dir='ltr'><strong>ligitur</strong></span> <span class='ocrx_word' id='word_1_683' title='bbox 634 5496 688 5541; x_wconf 87' lang='lat' dir='ltr'><strong>et</strong></span> <span class='ocrx_word' id='word_1_684' title='bbox 718 5486 810 5554; x_wconf 91' lang='lat' dir='ltr'><strong>qui</strong></span> <span class='ocrx_word' id='word_1_685' title='bbox 851 5500 1014 5539; x_wconf 87' lang='lat' dir='ltr'><strong>sensu</strong></span> <span class='ocrx_word' id='word_1_686' title='bbox 1046 5486 1365 5555; x_wconf 86' lang='lat' dir='ltr'><strong>percipitur,</strong></span> <span class='ocrx_word' id='word_1_687' title='bbox 1400 5488 1582 5544; x_wconf 89' lang='lat' dir='ltr'><strong>lumen</strong></span> <span class='ocrx_word' id='word_1_688' title='bbox 1624 5504 1745 5545; x_wconf 89' lang='lat' dir='ltr'><strong>esse</strong></span> <span class='ocrx_word' id='word_1_689' title='bbox 1802 5508 1996 5562; x_wconf 83' lang='lat' dir='ltr'><strong>supre-</strong></span> 
     </span>
    </p>
   </div>
   <div class='ocr_carea' id='block_1_103' title="bbox 416 5575 1996 5648">
    <p class='ocr_par' dir='ltr' id='par_1_103' title="bbox 416 5575 1996 5648">
     <span class='ocr_line' id='line_1_103' title="bbox 416 5575 1996 5648; baseline 0.005 -18"><span class='ocrx_word' id='word_1_690' title='bbox 416 5593 566 5632; x_wconf 86' lang='lat' dir='ltr'><strong>tnum</strong></span> <span class='ocrx_word' id='word_1_691' title='bbox 623 5584 678 5632; x_wconf 82' lang='lat' dir='ltr'><strong>et</strong></span> <span class='ocrx_word' id='word_1_692' title='bbox 732 5575 1100 5639; x_wconf 86' lang='lat' dir='ltr'><strong>inaccessum,</strong></span> <span class='ocrx_word' id='word_1_693' title='bbox 1152 5576 1341 5632; x_wconf 88' lang='lat' dir='ltr'><strong>tradit.</strong></span> <span class='ocrx_word' id='word_1_694' title='bbox 1394 5578 1733 5648; x_wconf 72' lang='lat' dir='ltr'><strong>Septimmn,‘</strong></span> <span class='ocrx_word' id='word_1_695' title='bbox 1793 5583 1996 5638; x_wconf 87' lang='lat' dir='ltr'><strong>nedum</strong></span> 
     </span>
    </p>
   </div>
   <div class='ocr_carea' id='block_1_104' title="bbox 419 5668 1993 5736">
    <p class='ocr_par' dir='ltr' id='par_1_104' title="bbox 419 5668 1993 5736">
     <span class='ocr_line' id='line_1_104' title="bbox 419 5668 1993 5736; baseline 0.008 -15"><span class='ocrx_word' id='word_1_696' title='bbox 419 5669 570 5722; x_wconf 89' lang='lat' dir='ltr'><strong>illum</strong></span> <span class='ocrx_word' id='word_1_697' title='bbox 597 5680 916 5736; x_wconf 89' lang='lat' dir='ltr'><strong>supremum</strong></span> <span class='ocrx_word' id='word_1_698' title='bbox 954 5668 1164 5733; x_wconf 91' lang='lat' dir='ltr'><strong>lumen,</strong></span> <span class='ocrx_word' id='word_1_699' title='bbox 1202 5668 1299 5724; x_wconf 90' lang='lat' dir='ltr'><strong>sed</strong></span> <span class='ocrx_word' id='word_1_700' title='bbox 1327 5678 1383 5726; x_wconf 87' lang='lat' dir='ltr'><strong>et</strong></span> <span class='ocrx_word' id='word_1_701' title='bbox 1443 5688 1631 5728; x_wconf 86' lang='lat' dir='ltr'><strong>verum</strong></span> <span class='ocrx_word' id='word_1_702' title='bbox 1688 5677 1993 5733; x_wconf 87' lang='lat' dir='ltr'><strong>contendit.</strong></span> 
     </span>
    </p>
   </div>
   <div class='ocr_carea' id='block_1_105' title="bbox 492 5842 1489 5916">
    <p class='ocr_par' dir='ltr' id='par_1_105' title="bbox 492 5842 1489 5916">
     <span class='ocr_line' id='line_1_105' title="bbox 492 5842 1489 5916; baseline 0.011 -19"><span class='ocrx_word' id='word_1_703' title='bbox 492 5845 537 5875; x_wconf 82' lang='grc'>⁸⁸</span> <span class='ocrx_word' id='word_1_704' title='bbox 582 5843 735 5898; x_wconf 81' lang='lat' dir='ltr'><strong>Juan.</strong></span> <span class='ocrx_word' id='word_1_705' title='bbox 771 5858 811 5910; x_wconf 82' lang='grc' dir='ltr'><strong>ι,</strong></span> <span class='ocrx_word' id='word_1_706' title='bbox 847 5842 935 5899; x_wconf 76' lang='grc'><strong>18.</strong></span> <span class='ocrx_word' id='word_1_707' title='bbox 1014 5846 1057 5878; x_wconf 71' lang='grc'>³⁸</span> <span class='ocrx_word' id='word_1_708' title='bbox 1084 5844 1104 5899; x_wconf 87' lang='grc' dir='ltr'><strong>Ι</strong></span> <span class='ocrx_word' id='word_1_709' title='bbox 1130 5845 1270 5903; x_wconf 79' lang='lat' dir='ltr'><strong>Tim.</strong></span> <span class='ocrx_word' id='word_1_710' title='bbox 1298 5863 1368 5916; x_wconf 81' lang='lat' dir='ltr'><strong>Vl,</strong></span> <span class='ocrx_word' id='word_1_711' title='bbox 1403 5848 1489 5909; x_wconf 70' lang='lat'><strong>16.</strong></span> 
     </span>
    </p>
   </div>
   <div class='ocr_carea' id='block_1_106' title="bbox 2111 4554 3679 4636">
    <p class='ocr_par' dir='ltr' id='par_1_106' title="bbox 2111 4554 3679 4636">
     <span class='ocr_line' id='line_1_106' title="bbox 2111 4554 3679 4636; baseline -0.01 -14"><span class='ocrx_word' id='word_1_712' title='bbox 2111 4570 2311 4633; x_wconf 84' lang='grc' dir='ltr'>πάντα,</span> <span class='ocrx_word' id='word_1_713' title='bbox 2342 4566 2440 4620; x_wconf 76' lang='grc' dir='ltr'>καὶ</span> <span class='ocrx_word' id='word_1_714' title='bbox 2490 4565 2598 4636; x_wconf 88' lang='grc' dir='ltr'><strong>πρὸ</strong></span> <span class='ocrx_word' id='word_1_715' title='bbox 2647 4564 2865 4617; x_wconf 81' lang='grc' dir='ltr'>πάντων</span> <span class='ocrx_word' id='word_1_716' title='bbox 2904 4562 3067 4624; x_wconf 77' lang='grc' dir='ltr'>αὐτός</span> <span class='ocrx_word' id='word_1_717' title='bbox 3098 4574 3113 4591; x_wconf 79' lang='grc' dir='ltr'><strong>ο</strong></span> <span class='ocrx_word' id='word_1_718' title='bbox 3142 4559 3281 4614; x_wconf 88' lang='grc' dir='ltr'><strong>ἀλλά</strong></span> <span class='ocrx_word' id='word_1_719' title='bbox 3308 4556 3399 4611; x_wconf 76' lang='grc' dir='ltr'><strong>διὰ</strong></span> <span class='ocrx_word' id='word_1_720' title='bbox 3426 4556 3554 4620; x_wconf 77' lang='grc' dir='ltr'>τοὺς</span> <span class='ocrx_word' id='word_1_721' title='bbox 3588 4554 3679 4621; x_wconf 78' lang='grc' dir='ltr'><strong>ὲγ-</strong></span> 
     </span>
    </p>
   </div>
   <div class='ocr_carea' id='block_1_107' title="bbox 2106 4645 3680 4728">
    <p class='ocr_par' dir='ltr' id='par_1_107' title="bbox 2106 4645 3680 4728">
     <span class='ocr_line' id='line_1_107' title="bbox 2106 4645 3680 4728; baseline -0.011 -15"><span class='ocrx_word' id='word_1_722' title='bbox 2106 4659 2458 4728; x_wconf 84' lang='grc' dir='ltr'>κλειομένους</span> <span class='ocrx_word' id='word_1_723' title='bbox 2500 4656 2577 4728; x_wconf 84' lang='grc' dir='ltr'>τῷ</span> <span class='ocrx_word' id='word_1_724' title='bbox 2612 4655 2817 4722; x_wconf 87' lang='grc' dir='ltr'>σκότει,</span> <span class='ocrx_word' id='word_1_725' title='bbox 2853 4653 2947 4706; x_wconf 74' lang='grc' dir='ltr'>καὶ</span> <span class='ocrx_word' id='word_1_726' title='bbox 2995 4653 3369 4713; x_wconf 74' lang='grc' dir='ltr'>εἰσπνέοντας,</span> <span class='ocrx_word' id='word_1_727' title='bbox 3400 4648 3497 4701; x_wconf 75' lang='grc' dir='ltr'>καὶ</span> <span class='ocrx_word' id='word_1_728' title='bbox 3548 4645 3680 4714; x_wconf 85' lang='grc' dir='ltr'>πρὸς</span> 
     </span>
    </p>
   </div>
   <div class='ocr_carea' id='block_1_108' title="bbox 2103 4734 3681 4818">
    <p class='ocr_par' dir='ltr' id='par_1_108' title="bbox 2103 4734 3681 4818">
     <span class='ocr_line' id='line_1_108' title="bbox 2103 4734 3681 4818; baseline -0.008 -16"><span class='ocrx_word' id='word_1_729' title='bbox 2103 4748 2182 4818; x_wconf 85' lang='grc' dir='ltr'><strong>τῷ</strong></span> <span class='ocrx_word' id='word_1_730' title='bbox 2214 4744 2448 4818; x_wconf 85' lang='grc' dir='ltr'>ὀμφαλῷ</span> <span class='ocrx_word' id='word_1_731' title='bbox 2485 4745 2587 4815; x_wconf 80' lang='grc' dir='ltr'>τὴν</span> <span class='ocrx_word' id='word_1_732' title='bbox 2626 4744 2778 4798; x_wconf 84' lang='grc' dir='ltr'>κάτω</span> <span class='ocrx_word' id='word_1_733' title='bbox 2812 4742 2972 4809; x_wconf 83' lang='grc' dir='ltr'>γένυν</span> <span class='ocrx_word' id='word_1_734' title='bbox 3002 4734 3403 4811; x_wconf 73' lang='grc' dir='ltr'>ἐρηρεισμένην</span> <span class='ocrx_word' id='word_1_735' title='bbox 3433 4736 3681 4806; x_wconf 76' lang='grc' dir='ltr'>ἔχοντας,</span> 
     </span>
    </p>
   </div>
   <div class='ocr_carea' id='block_1_109' title="bbox 2103 4829 3680 4907">
    <p class='ocr_par' dir='ltr' id='par_1_109' title="bbox 2103 4829 3680 4907">
     <span class='ocr_line' id='line_1_109' title="bbox 2103 4829 3680 4907; baseline -0.008 -16"><span class='ocrx_word' id='word_1_736' title='bbox 2103 4841 2199 4894; x_wconf 74' lang='grc' dir='ltr'>καὶ</span> <span class='ocrx_word' id='word_1_737' title='bbox 2246 4840 2384 4907; x_wconf 89' lang='grc' dir='ltr'>πρὸς</span> <span class='ocrx_word' id='word_1_738' title='bbox 2417 4834 2582 4892; x_wconf 85' lang='grc' dir='ltr'>αὑτὸν</span> <span class='ocrx_word' id='word_1_739' title='bbox 2617 4837 2710 4889; x_wconf 88' lang='grc' dir='ltr'><strong>τὸν</strong></span> <span class='ocrx_word' id='word_1_740' title='bbox 2759 4834 3038 4906; x_wconf 86' lang='grc' dir='ltr'>ὀφθαλμὸν</span> <span class='ocrx_word' id='word_1_741' title='bbox 3092 4831 3330 4893; x_wconf 83' lang='grc' dir='ltr'>ἀκλινῶς</span> <span class='ocrx_word' id='word_1_742' title='bbox 3379 4829 3680 4888; x_wconf 82' lang='grc' dir='ltr'>τείνοντας,</span> 
     </span>
    </p>
   </div>
   <div class='ocr_carea' id='block_1_110' title="bbox 2100 4917 3681 5001">
    <p class='ocr_par' dir='ltr' id='par_1_110' title="bbox 2100 4917 3681 5001">
     <span class='ocr_line' id='line_1_110' title="bbox 2100 4917 3681 5001; baseline -0.009 -17"><span class='ocrx_word' id='word_1_743' title='bbox 2100 4930 2297 5001; x_wconf 74' lang='grc' dir='ltr'>ὁρατὸς</span> <span class='ocrx_word' id='word_1_744' title='bbox 2331 4930 2641 4999; x_wconf 85' lang='grc' dir='ltr'>γινόμενος.</span> <span class='ocrx_word' id='word_1_745' title='bbox 2667 4928 2740 4980; x_wconf 87' lang='grc' dir='ltr'>Τὸ</span> <span class='ocrx_word' id='word_1_746' title='bbox 2780 4927 2835 4980; x_wconf 77' lang='grc' dir='ltr'>δὲ</span> <span class='ocrx_word' id='word_1_747' title='bbox 2866 4927 3142 4996; x_wconf 83' lang='grc' dir='ltr'>δεύτερον,</span> <span class='ocrx_word' id='word_1_748' title='bbox 3194 4922 3557 4993; x_wconf 84' lang='grc' dir='ltr'>ἀριδηλότατα</span> <span class='ocrx_word' id='word_1_749' title='bbox 3586 4917 3681 4970; x_wconf 76' lang='grc' dir='ltr'>καὶ</span> 
     </span>
    </p>
   </div>
   <div class='ocr_carea' id='block_1_111' title="bbox 2105 5010 3680 5087">
    <p class='ocr_par' dir='ltr' id='par_1_111' title="bbox 2105 5010 3680 5087">
     <span class='ocr_line' id='line_1_111' title="bbox 2105 5010 3680 5087; baseline -0.009 -11"><span class='ocrx_word' id='word_1_750' title='bbox 2105 5023 2500 5087; x_wconf 77' lang='grc' dir='ltr'>πιστευόμενον</span> <span class='ocrx_word' id='word_1_751' title='bbox 2540 5017 2683 5077; x_wconf 76' lang='grc' dir='ltr'>εἶναι</span> <span class='ocrx_word' id='word_1_752' title='bbox 2739 5020 2929 5076; x_wconf 86' lang='grc' dir='ltr'>τοῦτον</span> <span class='ocrx_word' id='word_1_753' title='bbox 2973 5017 3478 5087; x_wconf 77' lang='grc' dir='ltr'>Θεὸν’παρίστησι.</span> <span class='ocrx_word' id='word_1_754' title='bbox 3524 5013 3596 5065; x_wconf 86' lang='grc' dir='ltr'>Τὸ</span> <span class='ocrx_word' id='word_1_755' title='bbox 3622 5010 3680 5063; x_wconf 71' lang='grc' dir='ltr'>δὲ</span> 
     </span>
    </p>
   </div>
   <div class='ocr_carea' id='block_1_112' title="bbox 2106 5096 3682 5188">
    <p class='ocr_par' dir='ltr' id='par_1_112' title="bbox 2106 5096 3682 5188">
     <span class='ocr_line' id='line_1_112' title="bbox 2106 5096 3682 5188; baseline -0.01 -19"><span class='ocrx_word' id='word_1_756' title='bbox 2106 5118 2315 5188; x_wconf 86' lang='grc' dir='ltr'>τρίτον,</span> <span class='ocrx_word' id='word_1_757' title='bbox 2350 5117 2446 5170; x_wconf 76' lang='grc' dir='ltr'>καὶ</span> <span class='ocrx_word' id='word_1_758' title='bbox 2477 5096 2680 5185; x_wconf 72' lang='grc' dir='ltr'>κυρίως</span> <span class='ocrx_word' id='word_1_759' title='bbox 2706 5115 2870 5166; x_wconf 79' lang='grc' dir='ltr'>αὐτὸν</span> <span class='ocrx_word' id='word_1_760' title='bbox 2900 5110 3131 5183; x_wconf 79' lang='grc' dir='ltr'>ὁρᾶσθαι</span> <span class='ocrx_word' id='word_1_761' title='bbox 3161 5106 3504 5177; x_wconf 75' lang='grc' dir='ltr'>δογματίζει.</span> <span class='ocrx_word' id='word_1_762' title='bbox 3526 5103 3600 5157; x_wconf 89' lang='grc' dir='ltr'>Τὸ</span> <span class='ocrx_word' id='word_1_763' title='bbox 3624 5100 3682 5154; x_wconf 74' lang='grc' dir='ltr'>δὲ</span> 
     </span>
    </p>
   </div>
   <div class='ocr_carea' id='block_1_113' title="bbox 2107 5195 3683 5280">
    <p class='ocr_par' dir='ltr' id='par_1_113' title="bbox 2107 5195 3683 5280">
     <span class='ocr_line' id='line_1_113' title="bbox 2107 5195 3683 5280; baseline -0.011 -17"><span class='ocrx_word' id='word_1_764' title='bbox 2107 5209 2392 5280; x_wconf 77' lang='grc' dir='ltr'>τέταρτον,</span> <span class='ocrx_word' id='word_1_765' title='bbox 2429 5207 2527 5261; x_wconf 72' lang='grc' dir='ltr'>καὶ</span> <span class='ocrx_word' id='word_1_766' title='bbox 2580 5204 2770 5259; x_wconf 80' lang='grc' dir='ltr'>τοῦτον</span> <span class='ocrx_word' id='word_1_767' title='bbox 2829 5200 2972 5257; x_wconf 77' lang='grc' dir='ltr'>εῖναι</span> <span class='ocrx_word' id='word_1_768' title='bbox 3020 5202 3113 5254; x_wconf 91' lang='grc' dir='ltr'><strong>τὸν</strong></span> <span class='ocrx_word' id='word_1_769' title='bbox 3164 5198 3459 5269; x_wconf 78' lang='grc' dir='ltr'>ἑνούμενον</span> <span class='ocrx_word' id='word_1_770' title='bbox 3511 5195 3683 5250; x_wconf 80' lang='grc' dir='ltr'>ἀπασι</span> 
     </span>
    </p>
   </div>
   <div class='ocr_carea' id='block_1_114' title="bbox 2107 5289 3683 5366">
    <p class='ocr_par' dir='ltr' id='par_1_114' title="bbox 2107 5289 3683 5366">
     <span class='ocr_line' id='line_1_114' title="bbox 2107 5289 3683 5366; baseline -0.01 -10"><span class='ocrx_word' id='word_1_771' title='bbox 2107 5303 2240 5357; x_wconf 83' lang='grc' dir='ltr'>Θεὸν</span> <span class='ocrx_word' id='word_1_772' title='bbox 2270 5300 2636 5365; x_wconf 76' lang='grc' dir='ltr'>διασκευάζει.</span> <span class='ocrx_word' id='word_1_773' title='bbox 2696 5298 2771 5351; x_wconf 91' lang='grc' dir='ltr'><strong>Τὸ</strong></span> <span class='ocrx_word' id='word_1_774' title='bbox 2811 5297 2867 5350; x_wconf 77' lang='grc' dir='ltr'>δὲ</span> <span class='ocrx_word' id='word_1_775' title='bbox 2916 5296 3192 5366; x_wconf 83' lang='grc' dir='ltr'>πέμπτον,</span> <span class='ocrx_word' id='word_1_776' title='bbox 3222 5293 3318 5348; x_wconf 72' lang='grc' dir='ltr'>καὶ</span> <span class='ocrx_word' id='word_1_777' title='bbox 3349 5289 3683 5361; x_wconf 73' lang='grc' dir='ltr'>δημιουργὸν</span> 
     </span>
    </p>
   </div>
   <div class='ocr_carea' id='block_1_115' title="bbox 2104 5379 3680 5460">
    <p class='ocr_par' dir='ltr' id='par_1_115' title="bbox 2104 5379 3680 5460">
     <span class='ocr_line' id='line_1_115' title="bbox 2104 5379 3680 5460; baseline -0.011 -11"><span class='ocrx_word' id='word_1_778' title='bbox 2104 5394 2255 5449; x_wconf 89' lang='grc' dir='ltr'>τοῦδε</span> <span class='ocrx_word' id='word_1_779' title='bbox 2286 5393 2380 5448; x_wconf 90' lang='grc' dir='ltr'><strong>τοῦ</strong></span> <span class='ocrx_word' id='word_1_780' title='bbox 2407 5393 2611 5455; x_wconf 88' lang='grc' dir='ltr'>παντὸς</span> <span class='ocrx_word' id='word_1_781' title='bbox 2637 5390 3025 5460; x_wconf 84' lang='grc' dir='ltr'>ἀποφαίνεται.</span> <span class='ocrx_word' id='word_1_782' title='bbox 3053 5386 3127 5440; x_wconf 86' lang='grc' dir='ltr'>Τὸ</span> <span class='ocrx_word' id='word_1_783' title='bbox 3155 5385 3209 5438; x_wconf 79' lang='grc' dir='ltr'>δὲ</span> <span class='ocrx_word' id='word_1_784' title='bbox 3237 5384 3414 5446; x_wconf 65' lang='grc' dir='ltr'>ἕκτον,</span> <span class='ocrx_word' id='word_1_785' title='bbox 3442 5379 3536 5434; x_wconf 85' lang='grc' dir='ltr'><strong>τοῦ</strong></span> <span class='ocrx_word' id='word_1_786' title='bbox 3560 5394 3680 5447; x_wconf 86' lang='grc' dir='ltr'>νοη-</span> 
     </span>
    </p>
   </div>
   <div class='ocr_carea' id='block_1_116' title="bbox 2102 5469 3682 5556">
    <p class='ocr_par' dir='ltr' id='par_1_116' title="bbox 2102 5469 3682 5556">
     <span class='ocr_line' id='line_1_116' title="bbox 2102 5469 3682 5556; baseline -0.015 -12"><span class='ocrx_word' id='word_1_787' title='bbox 2102 5488 2201 5544; x_wconf 89' lang='grc' dir='ltr'><strong>τοῦ</strong></span> <span class='ocrx_word' id='word_1_788' title='bbox 2231 5487 2531 5556; x_wconf 83' lang='grc' dir='ltr'>διακόσμου</span> <span class='ocrx_word' id='word_1_789' title='bbox 2568 5484 2664 5537; x_wconf 77' lang='grc' dir='ltr'>καὶ</span> <span class='ocrx_word' id='word_1_790' title='bbox 2693 5481 2789 5537; x_wconf 88' lang='grc' dir='ltr'><strong>τοῦ</strong></span> <span class='ocrx_word' id='word_1_791' title='bbox 2819 5478 3080 5550; x_wconf 71' lang='grc' dir='ltr'>αἰσθητοῦ</span> <span class='ocrx_word' id='word_1_792' title='bbox 3117 5478 3233 5547; x_wconf 83' lang='grc' dir='ltr'><strong>φῶς</strong></span> <span class='ocrx_word' id='word_1_793' title='bbox 3266 5472 3406 5529; x_wconf 74' lang='grc' dir='ltr'>εἶναι</span> <span class='ocrx_word' id='word_1_794' title='bbox 3435 5473 3594 5527; x_wconf 83' lang='grc' dir='ltr'>τοῦτο</span> <span class='ocrx_word' id='word_1_795' title='bbox 3621 5469 3682 5524; x_wconf 78' lang='grc' dir='ltr'><strong>τὸ</strong></span> 
     </span>
    </p>
   </div>
   <div class='ocr_carea' id='block_1_117' title="bbox 2106 5566 3678 5653">
    <p class='ocr_par' dir='ltr' id='par_1_117' title="bbox 2106 5566 3678 5653">
     <span class='ocr_line' id='line_1_117' title="bbox 2106 5566 3678 5653; baseline -0.013 -16"><span class='ocrx_word' id='word_1_796' title='bbox 2106 5583 2413 5653; x_wconf 82' lang='grc' dir='ltr'>ἀκρότατον</span> <span class='ocrx_word' id='word_1_797' title='bbox 2445 5579 2540 5633; x_wconf 70' lang='grc' dir='ltr'>καὶ</span> <span class='ocrx_word' id='word_1_798' title='bbox 2566 5575 2867 5649; x_wconf 85' lang='grc' dir='ltr'>ἀπρόσιτον</span> <span class='ocrx_word' id='word_1_799' title='bbox 2899 5572 3212 5641; x_wconf 80' lang='grc' dir='ltr'>ὑποτίθησι.</span> <span class='ocrx_word' id='word_1_800' title='bbox 3238 5570 3313 5624; x_wconf 85' lang='grc' dir='ltr'>Τὸ</span> <span class='ocrx_word' id='word_1_801' title='bbox 3341 5569 3396 5621; x_wconf 85' lang='grc' dir='ltr'>δὲ</span> <span class='ocrx_word' id='word_1_802' title='bbox 3427 5566 3678 5634; x_wconf 73' lang='grc' dir='ltr'>ἕϐδομον,</span> 
     </span>
    </p>
   </div>
   <div class='ocr_carea' id='block_1_118' title="bbox 2092 5656 3681 5748">
    <p class='ocr_par' dir='ltr' id='par_1_118' title="bbox 2092 5656 3681 5748">
     <span class='ocr_line' id='line_1_118' title="bbox 2092 5656 3681 5748; baseline -0.014 -16"><span class='ocrx_word' id='word_1_803' title='bbox 2092 5676 2168 5733; x_wconf 69' lang='grc' dir='ltr'>οὐ</span> <span class='ocrx_word' id='word_1_804' title='bbox 2202 5675 2364 5748; x_wconf 84' lang='grc' dir='ltr'>μόνον</span> <span class='ocrx_word' id='word_1_805' title='bbox 2402 5673 2463 5729; x_wconf 90' lang='grc' dir='ltr'><strong>τὸ</strong></span> <span class='ocrx_word' id='word_1_806' title='bbox 2489 5670 2794 5743; x_wconf 86' lang='grc' dir='ltr'>ἀκρότατον</span> <span class='ocrx_word' id='word_1_807' title='bbox 2821 5667 2983 5724; x_wconf 78' lang='grc' dir='ltr'>αὐτὸν</span> <span class='ocrx_word' id='word_1_808' title='bbox 3008 5661 3148 5722; x_wconf 71' lang='grc' dir='ltr'>εἶναι</span> <span class='ocrx_word' id='word_1_809' title='bbox 3179 5664 3317 5736; x_wconf 79' lang='grc' dir='ltr'>φῶς,</span> <span class='ocrx_word' id='word_1_810' title='bbox 3339 5659 3478 5717; x_wconf 83' lang='grc' dir='ltr'><strong>ἀλλά</strong></span> <span class='ocrx_word' id='word_1_811' title='bbox 3502 5656 3681 5715; x_wconf 80' lang='grc' dir='ltr'>καὶτὸ</span> 
     </span>
    </p>
   </div>
  </div>
