4088 6480
365 459 473 522 703

1471 462 1479 469 ’
1536 458 1861 520 JOANNIS
1897 456 2463 521 CYPARISSIOT/E

3507 453 3614 518 706

363 580 827 644 paternarumque
883 573 1242 628 traditiouum
1312 571 1540 627 fundata
1563 571 1609 604 “
1639 589 1654 638 ;
1687 571 1936 638 nihilque

2055 570 2422 624 ὶποστολικῶν
2453 574 2548 626 καὶ
2577 575 2858 643 πατρικῶν
2909 573 3259 644 παραδόσεων
3289 572 3610 642 τεθεμελιω-

365 667 623 720 novitatis
673 665 986 730 admittens,
1024 666 1092 724 ad
1123 665 1414 722 evertenda
1459 678 1579 732 quae
1604 677 1634 718 a
1670 661 1939 732 principio

364 758 605 824 suscepit
634 755 911 826 dogmata.
940 755 1018 812 Ac
1040 758 1238 826 partim
1262 755 1429 819 cavit,
1468 764 1764 823 monetque
1795 753 1940 808 salu-

366 847 500 900 taris
524 845 746 901 Sermo:
778 865 796 898 ι
826 845 1098 902 Docentes
1128 862 1277 912 eos,»
1305 847 1505 913 inquit,
1535 858 1941 918 «servareom-

361 939 478 1002 nia,
512 952 848 1008 quaecunque
871 939 1125 993 mandavi
1153 938 1313 994 vobis
1341 939 1410 1003 “,
1447 957 1467 991 ι
1497 938 1698 1008 partim
1723 936 1940 990 divinus

364 1030 694 1096 Apostolus:
756 1030 1053 1087 «Prolanas
1077 1046 1277 1086 vocum
1330 1031 1596 1086 novitates
1627 1029 1806 1083 devita
1834 1030 1934 1081 “.n

363 1127 444 1174 Ac
478 1135 668 1176 rursus
699 1138 714 1174 :
758 1120 904 1175 «Etsi
937 1121 1254 1190 angelusﬁde
1285 1121 1428 1176 ccelo
1459 1118 1941 1189 evangelizaverit,

363 1221 727 1281 praeterquam
748 1213 894 1283 quod
921 1214 1475 1284 accepistis,etsiego
1526 1211 1752 1280 Paulus,
1796 1214 1943 1266 Ana—

367 1303 550 1357 thema
584 1305 654 1357 sit
683 1303 783 1366 η.»

434 1393 518 1448 Ad
553 1396 690 1460 haec,
724 1403 915 1450 sancta
959 1395 1054 1450 Dei
1085 1395 1330 1452 Ecclesia
1363 1405 1468 1462 est,
1507 1395 1814 1450 divinarum
1841 1395 1945 1447 hn-

368 1500 766 1555 manarumque
820 1502 1004 1540 rerum
1035 1487 1296 1557 magistra
1324 1503 1340 1550 ;
1371 1495 1446 1549 Εἴ,
1486 1496 1546 1541 ιιι
1579 1495 1769 1540 auctor
1826 1500 1944 1538 ma-

367 1591 511 1647 gnus
531 1577 826 1646 Apostolus
850 1586 962 1632 est:
1005 1578 1320 1646 «Captivam
1353 1579 1404 1630 in
1434 1577 1712 1631 Christum
1737 1575 1944 1630 ducens

374 1683 596 1722 omnem
632 1669 1022 1738 cogitationem
1061 1669 1162 1731 ιτ.»
1199 1669 1254 1723 in
1288 1685 1612 1724 communes
1638 1669 1843 1723 scilicet
1876 1667 1944 1724 de

2048 663 2208 732 μένη,
2244 664 2338 716 καὶ
2373 665 2541 734 μηδέν
2562 681 2614 718 τι
2637 665 2962 732 καινοφανὲς
3015 665 3102 717 ἐπ’
3157 664 3439 734 ἀναιρέσει
3505 667 3611 718 τῶν

2045 753 2281 824 ὲξαρχῆς
2338 755 2759 824 παραδεχομένη
2807 755 3119 824 δογμάτων.
3159 755 3234 808 Τὸ
3292 755 3392 824 μὲν
3432 754 3540 824 γὰρ
3585 758 3614 810 6

2044 848 2312 916 σωτήριος
2345 847 2802 918 προησφαλίσατο
2830 848 3025 914 Λόγος,
3061 865 3081 897 ι
3120 845 3481 910 Διδάσκοντες
3515 848 3615 900 αὐ-

2041 938 2190 1002 τοὺς,
2231 957 2252 991 ι
2315 941 2472 1009 φησὶ,
2537 957 2558 992 ι
2597 942 2788 1012 τηρεῖν
2851 939 3049 1003 πάντα,
3103 938 3203 991 ὅσα
3263 938 3616 1006 ἐνετειλάμην

2043 1031 2210 1099 ὑμῖνο
2244 1049 2263 1080 ι
2309 1032 2370 1083 τὸ
2401 1031 2494 1084 δ’ὁ
2543 1031 2682 1093 θεῖος
2723 1031 3064 1097 Ἀπόστολος,
3121 1048 3140 1081 ι
3188 1029 3302 1090 Τὰς
3361 1028 3618 1097 βεδήλους

2043 1123 2413 1188 καινοιρωνίας
2460 1123 2800 1193 περιίστασο.
2843 1141 2863 1174 ι
2927 1124 3036 1176 Καὶ
3080 1121 3264 1182 πάλιν,
3307 1139 3327 1172 ι
3373 1121 3494 1174 Κᾶν
3522 1121 3622 1188 άγ-
3687 1152 3705 1159 --

2045 1213 2202 1279 γελος
2243 1213 2302 1277 ἐξ
2329 1213 2558 1283 οὐρανοῦ
2586 1214 3014 1284 εὐαγγελίσηται
3047 1213 3178 1283 παρ’
3199 1212 3228 1265 ὃ
3255 1212 3614 1281 παρελάϐετε,

2045 1303 2149 1357 κᾶν
2183 1303 2293 1370 ἐγὼ
2322 1303 2557 1366 Παῦλος,
2587 1303 2838 1372 ἀνάθεμα
2867 1304 3029 1358 ἔστω.
3069 1321 3088 1354 ι

2036 1380 2053 1388 ’
2118 1397 2238 1448 Ἔτι
2273 1397 2431 1462 ’Δγία
2480 1394 2576 1448 τοῦ
2628 1396 2765 1450 Θεοῦ
2789 1398 2937 1448 ἐστιν
2973 1396 3270 1466 Ἐκκλησία
3302 1394 3619 1456 διδάσκαλος

2045 1485 2206 1539 θείων
2233 1488 2326 1539 καὶ
2358 1487 2716 1554 ἀνθρωπίνων
2747 1486 3096 1556 πραγμάτων
3116 1502 3131 1516 ο
3190 1488 3284 1539 καὶ
3333 1486 3476 1538 κατὰ
3531 1483 3618 1535 τὸν

2049 1577 2148 1644 μὲν
2187 1577 2536 1643 Ἀπόστολον,
2579 1596 2596 1628 ι
2637 1577 3118 1647 αίχμαλωτίζουσα
3160 1580 3268 1630 πᾶν
3320 1577 3499 1645 νιεημα
3543 1575 3618 1636 είς

2045 1671 2282 1738 Χριστόν
2303 1685 2317 1699 ⁸
2352 1689 2371 1722 ι
2408 1671 2655 1723 τουτέστι
2685 1671 2822 1741 πρὸς
2843 1672 2940 1734 τὰς
2986 1674 3170 1732 κοινὰς
3200 1672 3328 1740 περὶ
3376 1667 3511 1722 Θεοῦ
3539 1671 3622 1720 ὲν-

373 1759 485 1815 Deo
513 1761 751 1818 rationes
778 1778 791 1814 :
822 1770 983 1830 atque
1011 1777 1076 1816 ex
1107 1761 1315 1824 illis,ut
1345 1763 1421 1815 ait
1445 1763 1661 1816 divinus
1688 1760 1938 1829 Basilius,

2055 1760 2201 1823 νοίας
2226 1778 2239 1792 ·
2275 1761 2384 1813 κάκ
2405 1760 2638 1823 τούτων,
2669 1759 2745 1822 ὡς
2768 1762 2796 1812 ὁ
2824 1760 2967 1820 θεῖος
2995 1764 3131 1830 φησὶ
3159 1761 3460 1820 Βασίλειος,
3519 1759 3619 1826 ἀρ·

378 1863 595 1904 omnem
649 1851 1012 1920 quaestionum
1047 1849 1254 1905 ducens
1288 1850 1580 1919 originem,
1614 1865 1786 1919 eoque
1825 1867 1944 1903 rur-

376 1957 472 1997 sus
502 1942 705 1998 referre
735 1941 987 1998 studens.
1016 1941 1170 2008 Quod
1202 1944 1246 1999 si
1279 1945 1512 1998 verbum
1541 1943 1759 2012 aliquod
1797 1942 1946 1999 Scri-

374 2044 548 2106 ptura:
578 2035 856 2099 inciderit,
897 2036 978 2089 uti
1011 2047 1202 2092 sancta
1255 2051 1318 2093 ac
1347 2037 1672 2092 universalis
1705 2035 1945 2107 synodus

371 2126 832 2183 Chalcedonensis
877 2128 1090 2192 statuit,
1124 2144 1231 2183 non
1262 2108 1746 2199 aliter’expouens,
1777 2141 1944 2196 quam

375 2219 625 2292 Ecclesiae
653 2219 862 2274 lumina
900 2234 964 2274 ac
1006 2220 1256 2289 magistri
1289 2221 1444 2286 libris
1478 2221 1592 2274 suis
1623 2233 1688 2272 ac
1719 2217 1945 2286 scriptis

369 2321 778 2379 exposuerunt:
817 2311 870 2366 in
898 2311 1048 2365 nullo
1087 2311 1351 2365 terminos
1394 2311 1505 2379 jam
1532 2311 1740 2380 positos
1762 2319 1947 2364 trans-

371 2405 644 2473 grediens,
701 2413 798 2458 aut
820 2420 850 2458 a
876 2403 1128 2459 Patrihus
1157 2413 1434 2473 acceptam
1464 2403 1840 2460 traditionem.

443 2577 746 2643 Postremo,
783 2585 974 2632 sancta
1006 2576 1101 2632 Dei
1153 2576 1396 2634 Ecclesia
1420 2586 1526 2642 est,
1588 2578 1792 2633 Christi
1823 2592 1950 2634 coro

373 2671 522 2740 poris
571 2671 946 2724 membrorum
1008 2670 1318 2740 integritas,
1377 2671 1443 2723 ad
1489 2685 1657 2724 unum
1718 2671 1946 2728 reducta

373 2758 558 2833 caput,
603 2765 758 2832 juxta
784 2765 926 2830 quod
943 2763 1146 2817 dictum
1184 2777 1215 2817 a
1257 2761 1486 2817 Domino
1549 2771 1673 2818 est:
1707 2763 1803 2818 «Et
1843 2763 1952 2818 erit

373 2870 544 2908 unum
581 2855 742 2918 ovile,
771 2870 912 2909 unus
933 2863 1118 2924 pastor
1142 2854 1242 2909 ⁸⁸.»

441 2943 641 2998 Comes
670 2959 800 2997 vero
827 2943 1135 2998 necessario
1161 2953 1266 3008 est,
1295 2944 1376 2999 sic
1399 2944 1628 3014 pulchre
1647 2958 1712 2998 ex
1748 2942 1952 2998 divinis

374 3037 610 3106 eloquiis
655 3035 890 3092 deﬁnitae
943 3045 1148 3092 sanctae
1206 3037 1300 3092 Dei
1369 3038 1648 3104 Ecclesiae,
1706 3037 1951 3096 «fructus

2045 1849 2252 1919 χομένη
2293 1846 2472 1902 πάντα
2503 1849 2708 1920 ζητεῖν,
2738 1851 2994 1920 καὶπρὸς
3025 1850 3196 1912 αὑτὰς
3225 1849 3387 1902 πάλιν
3415 1849 3621 1900 ἀποκα-

2045 1941 2237 2011 θιστᾷν
2283 1942 2583 2011 ’τιτειρδίται⁹
2621 1925 2724 1995 κᾶν
2782 1943 3054 2014 γραφικδν
3107 1943 3323 2013 ἐμπέσῃ
3369 1959 3419 1994 τι
3448 1942 3618 2011 ῥῆμα,

2045 2031 2121 2094 ῶς
2151 2033 2182 2100 ἡ
2215 2035 2272 2084 ὲν
2303 2032 2605 2098 Χαλκηδόνι
2641 2034 2774 2103 ἁγία
2805 2035 2897 2089 καὶ
2931 2035 3288 2104 οίκουμενικὴ
3331 2032 3622 2102 διωρίσατο

2049 2121 2289 2184 σύνοδος,
2329 2121 2404 2193 μὴ
2433 2123 2612 2186 ἄλλως
2648 2123 3032 2194 ἑρμηνεύουσα
3054 2123 3233 2189 τοῦτο,
3265 2123 3297 2192 ἢ
3345 2123 3420 2180 ὡς
3449 2125 3498 2175 οι
3522 2123 3623 2190 τῆς

2064 2212 2389 2283 Ἐκκλησίας
2409 2214 2698 2286 φωστῆρες
2745 2216 2840 2268 καὶ
2905 2215 3218 2270 διδάσκαλοι
3250 2215 3337 2268 διὰ
3398 2215 3508 2266 τῶν
3549 2214 3632 2265 οἰ-

2049 2304 2214 2357 κείων
2253 2307 2705 2377 συγγραμμάτων
2737 2306 3072 2375 παρέθεντο·
3109 2307 3166 2358 ἰν
3213 2306 3392 2360 οὐδενὶ
3444 2321 3624 2372 παρα-

2049 2395 2317 2450 ϐαίνουσα
2345 2397 2470 2460 τοὺς
2503 2398 2604 2468 ἤδη
2637 2396 2892 2460 τεθέντας
2917 2396 3100 2467 ὅρους,
3157 2395 3191 2466 ἢ
3242 2395 3342 2467 τὴν
3406 2398 3470 2446 ἐκ
3514 2393 3622 2447 τῶν

2051 2487 2314 2558 Πατέρων
2344 2488 2644 2558 παράδοσιν

2127 2582 2273 2646 Ἔτι,
2315 2581 2475 2647 Ἀγία
2505 2579 2598 2632 τοῦ
2630 2579 2767 2634 Θεοῦ
2827 2581 2977 2633 ἐστιν
3012 2577 3312 2648 Ἐκκλησία
3373 2576 3624 2647 σώματος

2049 2672 2336 2742 ὁλομέλεια
2358 2671 2448 2725 τοῦ
2467 2670 2729 2742 Χριστοῦ,
2747 2672 2838 2724 ἐπὶ
2867 2671 2999 2742 μίαν
3020 2669 3333 2746 ἀναγομένη
3364 2667 3628 2738 κεφαλὴν,

2051 2764 2196 2818 κατὰ
2214 2766 2275 2817 τὸ
2303 2765 2597 2834 εἰρημένον
2625 2765 2729 2817 ὑπὸ
2755 2765 2848 2817 τοῦ
2882 2763 3114 2835 Κυρίου,
3139 2782 3157 2816 ι
3195 2765 3307 2819 Καὶ
3337 2763 3628 2834 γενήσεται

2056 2858 2152 2926 μία
2181 2857 2404 2927 ποίμνη.
2435 2852 2515 2918 εἷς
2549 2858 2775 2926 ποιμήν.
2813 2875 2832 2930 ι

2125 2949 2358 3001 Ἐπεται
2387 2947 2445 3000 δὲ
2472 2947 2534 3011 ἐξ
2567 2947 2818 3016 ἀνάγκης
2869 2950 2937 3016 τῇ
2987 2945 3169 3009 καλῶς
3207 2945 3273 2999 ἐκ
3310 2944 3417 2998 τῶν
3445 2943 3634 3012 θεουρο

2054 3037 2167 3107 γῶν
2191 3037 2478 3109 ὁρισθείσῃ
2510 3039 2708 3106 λογίων
2745 3037 2883 3109 ἁγίᾳ
2915 3037 3008 3091 τοῦ
3056 3037 3206 3090 Θεοῦ
3240 3033 3535 3104 Ἐκκλησία
3599 3034 3630 3085 ὁ

375 3125 671 3196 Spiritus.»
697 3123 793 3178 llic
824 3140 953 3180 vero
975 3135 1057 3179 est
1081 3134 1306 3180 auctore
1327 3125 1452 3181 divo
1479 3128 1773 3195 Apostolo:
1805 3128 1951 3184 Cha-

2055 3129 2266 3199 καρπὺς
2294 3128 2389 3182 τοῦ
2427 3129 2768 3199 Πνεύματος.
2802 3130 2864 3182 '0
2886 3129 2942 3182 δέ
2990 3131 3132 3192 ἐστι,
3169 3127 3308 3180 κατὰ
3345 3126 3438 3178 τὸν
3490 3125 3632 3176 θεῖον

375 3219 537 3282 ritas,
588 3216 874 3287 gaudium,
909 3231 1036 3285 pax,
1088 3216 1284 3272 lenitas
1314 3218 1647 3288 benignitas,
1710 3219 1951 3286 bonitas,

377 3307 543 3372 ﬁdes,
576 3308 965 3373 mansuetudo,
1015 3309 1377 3365 continentia.
1431 3308 1716 3366 Adversus
1769 3311 1956 3366 istius-

378 3396 522 3450 modi
568 3411 676 3450 non
735 3406 820 3452 est
866 3397 949 3453 lex
981 3397 1059 3461 ιθ,
1101 3406 1161 3452 ιιι
1212 3397 1358 3460 quod
1410 3399 1687 3469 spiritales
1747 3401 1858 3456 sint
1882 3401 1952 3463 ⁸ο,

374 3490 632 3558 omnique
662 3490 780 3559 lege
800 3492 1132 3559 superiores,
1185 3501 1238 3546 et
1282 3493 1349 3548 ad
1377 3509 1516 3564 quos
1540 3495 1712 3563 magis
1749 3502 1958 3562 Spectet

382 3590 442 3633 ut
473 3581 590 3652 lege
623 3583 876 3637 sauciant
911 3598 974 3638 ac
1000 3585 1337 3654 praecipiant,
1370 3601 1531 3656 quam
1556 3596 1610 3641 ut
1639 3586 1818 3657 legum
1845 3585 1956 3642 dis-

378 3672 576 3742 ciplina
617 3674 842 3730 creditis
876 3674 980 3745 ipsi
1016 3675 1347 3746 dirigantur.

1010 3790 1242 3848 CAPUT
1267 3791 1330 3847 ll.

377 3901 517 3957 Nunt
547 3912 759 3978 propter
784 3906 920 3958 hunc
969 3905 1228 3978 talem_ac
1260 3906 1460 3978 justm,
1497 3906 1585 3978 qui
1620 3907 1959 3978 patriarcha

587 3977 864 4041 exsistant,
905 3985 1090 4029 sancta
1126 3975 1218 4029 Dei
1250 3975 1482 4029 Ecclesia
1521 3977 1736 4031 dicitur.

452 4066 549 4120 His
572 4067 647 4120 ita
672 4067 991 4121 constitutis
1010 4082 1076 4121 ac
1107 4068 1412 4136 explicatis,
1435 4070 1784 4124 considerare
1799 4071 1960 4126 debet

377 4159 563 4214 omnis
620 4157 995 4220 Christianus,
1051 4172 1302 4226 quaenam
1359 4159 1605 4214 vocanda
1645 4161 1715 4214 sit
1770 4169 1960 4216 sancta

379 4251 474 4304 Dei
532 4246 794 4316 Ecclesia,
855 4266 920 4305 ac
946 4251 1171 4321 quinam
1203 4253 1294 4322 qui
1347 4253 1399 4308 in
1434 4269 1496 4308 ea
1530 4254 1808 4325 fulgeant:
1848 4272 1959 4313 non

378 4343 507 4410 quia
535 4342 805 4412 quispiam
836 4351 1056 4412 arrepto
1088 4345 1288 4400 throno
1309 4347 1425 4416 pari
1462 4360 1629 4401 sensu
1667 4347 1954 4403 hominum

2071 3222 2417 3288 Ἀπόστολον,
2473 3222 2707 3292 Ἀγάπη,
2775 3221 2947 3292 χαρὰ,
3003 3221 3223 3291 εἰρήνη,
3253 3217 3632 3289 μακροθυμία,

2058 3315 2391 3386 χρηστότης,
2408 3313 2758 3383 ἀγαθωσύνη,
2783 3314 2991 3380 πίστις,
3024 3313 3287 3382 πραότης,
3313 3310 3629 3379 ἐγκράτεια.

2062 3409 2224 3462 Κατὰ
2239 3409 2348 3462 τῶν
2369 3409 2628 3463 τοιούτων
2644 3410 2744 3462 οὑκ
2765 3409 2882 3462 ἐστι
2905 3413 3068 3482 νόμος
3085 3425 3100 3438 '
3122 3409 3218 3463 ἅτε
3249 3406 3638 3477 πνευματικῶν

2057 3500 2248 3563 ὄντων,
2287 3503 2380 3554 καὶ
2436 3501 2603 3570 νόμου
2665 3500 2865 3564 παντὸς
2906 3499 3489 3569 ὑπεραναδεϐηκότων,
3539 3497 3638 3550 καὶ

2061 3592 2380 3660 νομοθετεῖν
2418 3593 2624 3661 μᾶλλον
2654 3593 2810 3665 ἢτοῖς
2833 3593 2898 3647 ὲκ
2926 3592 3037 3646 τῶν
3088 3597 3269 3663 νόμων
3314 3591 3636 3644 εὐθύνεσθαι

2059 3684 2537 3753 πεπιστευμένων.

2673 3801 2929 3855 ΚΕΦΑΛ.
2956 3799 3033 3853 B'.

2055 3910 2124 3963 Et
2148 3909 2246 3964 διὰ
2266 3909 2373 3963 τὸν
2405 3897 2576 3965 δεῖνα
2603 3918 2704 3966 καὶ
2737 3912 2844 3966 τὸν
2901 3910 3072 3964 δεῖνα
3123 3907 3640 3977 πατριάρχεύοντα

2273 3981 2413 4050 ἁγία
2439 3982 2546 4036 τοῦ
2577 3983 2727 4036 Θεοῦ
2796 3983 3131 4048 Ἐκκλησία
3162 3980 3421 4049 λέγεται.

2137 4073 2359 4127 Τούτων
2391 4075 2800 4143 διορισθέντων,
2864 4078 3088 4127 σκοπεῖν
3146 4074 3412 4145 προσήκει
3465 4073 3641 4126 πάντα

2062 4163 2411 4234 Χριστιανὸν,
2439 4165 2561 4218 τίνα
2590 4183 2649 4218 τε
2685 4166 2766 4218 δεῖ
2799 4165 2983 4219 καλεῖν
3030 4164 3194 4232 ἁγίαν
3224 4163 3317 4217 τοῦ
3347 4163 3484 4217 Θεοῦ
3517 4165 3640 4217 Ἐκ-

2065 4254 2319 4318 κλησίαν¹
2365 4257 2460 4308 καὶ
2493 4256 2716 4318 ὁποίους
2752 4257 2879 4319 τοὺς
2922 4259 2980 4310 ὲν
3033 4257 3172 4326 αὐτῇ
3203 4255 3637 4326 διαλάμποντας,

2064 4347 2162 4400 καὶ
2198 4347 2273 4417 μὴ
2300 4347 2382 4400 ὅτι
2407 4365 2490 4410 τις
2513 4347 2816 4401 ὑπελάδετο
2854 4347 2947 4401 τοῦ
2975 4347 3167 4417 θρόνου
3193 4387 3208 4412 ,
3259 4348 3492 4418 φατρίαν
3531 4347 3640 4400 τῶν

380 4433 691 4488 sodalitium
749 4433 1025 4496 conﬂavit.
1065 4436 1266 4504 quibus
1327 4439 1482 4507 prius
1538 4437 1706 4507 hujus
1738 4439 1951 4495 illiusve

2065 4438 2593 4508 ὁμογνωμονοῦντων
2649 4439 3084 4508 συστησάμενος,
3117 4438 3241 4491 τάδε
3269 4437 3301 4508 ἢ
3334 4439 3463 4491 τάδε
3506 4437 3642 4506 πρό-

377 4526 654 4595 opiuionis
684 4537 875 4583 auctor
897 4529 1195 4594 exstiterit,
1223 4530 1562 4600 ejuscemodi
1595 4532 1960 4590 existimanda

381 4629 570 4675 saneta
631 4619 722 4676 Dei
741 4611 1019 4678 Ecclesia.
1055 4622 1172 4679 Hoc
1219 4624 1370 4678 enim
1436 4623 1565 4676 dato
1587 4661 1603 4686 ,
1632 4638 1660 4676 a
1692 4621 1960 4695 principio

378 4714 656 4769 videretur
686 4723 740 4769 et
763 4713 1090 4771 Arianorum
1119 4701 1700 4786 congregatiosancta
1726 4715 1822 4772 Dei
1853 4717 1959 4772 Ec-

378 4807 579 4866 clesia:
614 4808 852 4879 itemque
897 4807 1404 4874 Monothelitarum,
1453 4822 1516 4862 ac
1567 4806 1961 4866 lconomacho-

379 4912 523 4962 rum,
563 4914 686 4954 cum
720 4898 875 4954 multi
909 4901 1103 4955 talium
1139 4901 1460 4971 diversique
1503 4902 1700 4959 Sedem
1737 4905 1960 4972 arripu-

376 4991 541 5056 erint,
573 4999 735 5058 atque
761 4993 846 5046 his
871 4992 968 5062 qui
1004 5006 1152 5047 nunc
1184 5005 1553 5062 emerserunt,
1574 4995 1733 5066 longe
1769 4997 1959 5066 plures

377 5081 615 5151 synodos
647 5083 1052 5150 constituerint,
1076 5098 1408 5156 omnemque
1449 5092 1722 5140 terrarum
1773 5086 1960 5140 orbem

381 5172 609 5226 malitia:
644 5172 768 5227 labe
815 5173 1090 5242 complexi
1121 5174 1254 5239 sint,
1305 5189 1432 5230 cum
1489 5177 1646 5242 pauci
1708 5177 1957 5244 quidam,

379 5268 595 5340 ipsique
640 5271 790 5324 nullo
849 5270 1024 5339 pretio
1051 5270 1385 5326 adversariis
1420 5272 1586 5328 habiti
1633 5274 1826 5344 reliqui
1877 5291 1964 5328 es-

381 5370 522 5428 sent,
556 5359 648 5431 qui
690 5370 838 5415 recta
884 5367 1147 5431 dogmata
1205 5369 1261 5418 et
1295 5361 1667 5433 intelligerent
1722 5375 1776 5420 et
1805 5367 1964 5420 doce-

380 5463 526 5507 rent.

450 5629 743 5694 Praeterea,
802 5628 959 5699 juxta
989 5643 1110 5684 eam
1141 5643 1306 5700 quam
1341 5629 1772 5701 assignavimus,
1827 5647 1960 5689 san-

463 5807 984 5884 fprh.1t,ﬁ_0.__“
1010 5809 1197 5884 Matth.
1230 5827 1420 5872 xxvm.
1450 5811 1542 5884 20.
1623 5813 1669 5847 "
1698 5814 1717 5871 l
1755 5811 1897 5870 Tim.
1931 5830 2002 5884 vn,
2025 5815 2113 5870 20.
2197 5815 2240 5850 ⁸⁵
2271 5815 2443 5872 Galat.
2481 5834 2521 5882 ι,
2557 5816 2610 5872 8.

390 5874 431 5908 δ’
461 5874 631 5934 Galat.
668 5894 720 5945 v,
750 5879 839 5948 ετ,
864 5881 954 5938 25.
1029 5883 1074 5914 '°
1099 5881 1120 5938 ι
1149 5883 1273 5941 Cor.
1305 5899 1362 5950 ll,
1399 5883 1485 5938 l5.

1989 4483 2040 4541 D

2064 4545 2226 4600 τερον
2257 4532 2473 4599 φρονεῖν
2522 4531 2850 4593 ἀναπείσας,
2891 4531 3018 4592 τοὺς
3054 4530 3330 4592 τοιούτους
3386 4527 3526 4582 εἶναι
3554 4545 3641 4605 νοτ

2069 4621 2248 4690 μίζειν
2277 4621 2440 4690 ἁγίαν
2469 4619 2564 4672 τοῦ
2611 4619 2750 4672 Θεοῦ
2800 4619 3152 4688 Ἐκκλησίαν.
3219 4619 3281 4672 Εί
3337 4618 3447 4689 γὰρ
3501 4616 3643 4670 τοῦτ’

2063 4707 2160 4783 ἦν,
2188 4711 2427 4783 ἑξαρχῆς
2449 4712 2628 4765 ἐδόκει
2667 4710 2733 4764 ἂν
2759 4711 2856 4765 καὶ
2905 4711 2939 4780 ἡ
2995 4701 3120 4762 τῶν
3150 4710 3445 4779 Ἀρειανῶν
3481 4725 3644 4760 συναε-

2065 4803 2223 4874 γωγὴ
2259 4805 2391 4867 ἁγία
2425 4803 2521 4857 τοῦ
2555 4802 2693 4858 Θεοῦ
2737 4803 3058 4872 Ἐκκλησία·
3099 4804 3196 4856 καὶ
3257 4803 3290 4872 ὴ
3333 4801 3442 4853 τῶν
3471 4802 3673 4874 Μονοοη

2065 4887 2341 4967 θελητῶν,
2393 4899 2492 4951 καὶ
2547 4899 2578 4966 ἡ
2641 4894 2753 4954 τῶν
2787 4893 3213 4964 Είκονομάχων·
3273 4891 3484 4945 πολλῶν
3541 4893 3643 4959 μὲν

2067 4988 2332 5042 τοιούτων
2362 4991 2460 5042 καὶ
2486 4988 2766 5058 διαφόρων
2796 4985 3224 5056 έπειλημμένων
3259 4983 3355 5036 τοῦ
3399 4984 3589 5054 θρόνου
3623 4997 3639 5013 ⁸

2073 5079 2516 5150 μυριοπλασίους
2548 5079 2605 5132 δὲ
2629 5079 2739 5132 τῶν
2768 5078 2864 5132 νῦν
2890 5078 3060 5132 ὄντων
3089 5076 3342 5138 συνόδους
3375 5091 3649 5143 συστησα-

2071 5174 2267 5243 μένων,
2320 5175 2501 5226 πᾶσαν
2525 5172 2584 5225 δὲ
2617 5173 2718 5242 τὴν
2763 5171 3098 5240 οἰκουμένην
3141 5168 3550 5239 περιλαϐόντων
3576 5169 3642 5236 τῇ

2067 5264 2168 5333 τῆς
2208 5263 2409 5326 κακίας
2449 5262 2630 5332 λύμῃ,
2677 5254 3067 5333 εύαριῢμήτων
3109 5260 3169 5312 δέ
3193 5277 3376 5324 τινων,
3409 5260 3502 5312 καὶ
3535 5261 3647 5321 τοῖς

2068 5353 2370 5416 ἀντιθέτοις
2393 5356 2450 5407 ἐν
2478 5353 2654 5406 οὐδενὶ
2698 5351 3055 5422 τεταγμένων
3103 5351 3213 5404 τῶν
3249 5351 3648 5420 ὑπολελειμμέ-

2069 5463 2200 5513 νων,
2232 5447 2312 5509 είς
2333 5447 2396 5498 τὸ
2426 5445 2495 5498 τὰ
2545 5443 2683 5514 ὀρθὰ
2744 5443 2842 5496 καὶ
2882 5447 3023 5498 νοεῖν
3074 5445 3168 5498 καὶ
3203 5443 3475 5498 διδάσκειν
3522 5443 3647 5510 δόγ-

2075 5557 2242 5610 ματα.

2148 5633 2296 5699 Ἐτι,
2326 5634 2472 5688 κατά
2499 5633 2593 5688 τὸν
2618 5633 2843 5688 δοθέντα
2878 5633 2976 5704 τῆς
3015 5633 3175 5694 ἀνίας
3231 5631 3324 5684 τοῦ
3347 5628 3484 5684 Θεοῦ
3525 5628 3647 5679 Ἐκ-

2717 5813 2820 5869 "ll
2853 5814 2980 5881 Cor,
3016 5831 3066 5880 κ,
3094 5813 3146 5868 5.
3225 5810 3446 5864 "Jnan.
3477 5825 3527 5869 ιι,
3565 5808 3650 5859 lli.
