4088 6422
351 369 454 474 ros

1127 401 1376 464 PALAM
1391 400 1768 463 ITlCARUM
1822 399 2594 464 TRANSGRESSIONUM
2641 352 2878 465 ΗΒΕῐῖ

3527 403 3630 468 7οἶ

347 524 582 598 πλησίας
610 523 774 591 λόγον
828 520 911 574 δεῖ
963 517 1055 571 τὸν
1099 516 1311 586 ταύτης
1370 516 1773 586 προϊστάμενον
1829 516 1962 577 καὶ,

2066 524 2112 570 ta
2141 515 2231 571 Dei
2289 516 2548 572 Ecclesiae
2581 519 2870 581 rationem,
2931 529 3112 586 opera:
3163 514 3402 586 pretium
3450 528 3532 572 est
3573 529 3632 573 ut

349 620 572 690 φρονεῖν
605 615 699 669 καὶ
735 613 1010 667 διδάσκειν
1069 610 1226 679 ὀρθά.
1283 610 1381 662 Ἂν
1430 609 1486 661 δὲ
1527 610 1642 672 τοῖς
1698 609 1934 662 τεθεῖσιν

350 705 851 778 ἀντιπολιτεύηται,
897 703 1023 756 οὐδὲ
1072 704 1182 764 τοῖς
1214 702 1482 772 ὁρισθεῖσι
1530 701 1931 770 περικλείεται,

351 805 448 858 καὶ
481 800 629 855 οὕτω
675 799 740 853 τὸ
769 799 892 852 κατ’
932 796 1094 850 αὑτὸν
1123 795 1223 848 οὐκ
1281 795 1430 847 ἐστιν
1469 795 1602 861 ἀγία
1662 792 1756 846 τοῦ
1797 791 1935 845 Θεοῦ

363 893 684 964 Ἐκκλησία.
715 889 929 943 Οῦκουν
950 906 1013 952 γε
1032 886 1142 940 οὐδ’
1192 889 1220 940 6
1251 885 1496 949 τοιοῦτος
1548 885 1938 956 προσηκόντως

353 987 420 1042 ἂν
448 984 760 1039 διακούσειε
795 983 896 1050 τῆς
932 977 1086 1050 ἱερᾶς
1115 979 1320 1048 ταύτης
1351 979 1624 1050 κλήσεωςο
1684 978 1834 1032 δοκεῖ
1881 976 1938 1031 δὲ

359 1079 522 1149 μόνον
547 1076 623 1147 μὴ
657 1073 897 1138 τοιοῦτος
931 1072 1026 1128 ὢν.

431 1259 558 1312 Ἐτι
587 1256 762 1327 θύραν
788 1255 838 1308 οἱ
863 1254 970 1324 πρὸ
999 1251 1157 1324 ἡμῶν
1196 1251 1271 1322 μὴ
1324 1252 1484 1322 μόνον
1519 1252 1805 1306 καλεῖσθαι
1841 1252 1941 1322 τὴν

357 1352 470 1406 τῶν
499 1348 632 1419 περὶ
655 1345 893 1418 Χριστοῦ
930 1345 1093 1399 θείων
1154 1345 1444 1414 δογμάτων
1505 1342 1674 1414 ὀρθὴν
1729 1328 1966 1397 ἔννοιαν

361 1440 608 1512 ἀκριϐῶς
628 1439 888 1504 ὲξέδοντο,
917 1437 1054 1491 ἀλλὰ
1085 1436 1181 1489 καὶ
1209 1437 1309 1506 τὴν
1330 1435 1449 1506 μετ’
1470 1434 1942 1506 ἐκκλησιαστικῆς

361 1533 748 1593 καταστάσεως
774 1533 867 1585 καὶ
893 1530 1192 1598 κανονικῆς
1255 1529 1512 1592 εὐταξίας
1554 1529 1647 1580 ἐπὶ
1703 1528 1772 1581 τὰ
1824 1529 1944 1580 θεῖα

363 1627 616 1699 πρόοδον.
654 1626 714 1679 '0
736 1625 919 1678 τοίνυν
973 1623 1044 1676 δι’
1086 1621 1413 1692 ἀμφοτέρων
1456 1620 1666 1674 τούτων
1724 1621 1946 1688 εἰσαγό-

367 1741 527 1794 μενος
557 1723 649 1775 ἒπὶ
689 1721 750 1775 τδ
777 1720 1050 1790 ποίμνιον,
1096 1716 1365 1789 πρόδηλον
1397 1717 1480 1770 δτι
1509 1716 1600 1770 διὰ
1648 1716 1748 1788 τῆς
1775 1715 1946 1786 θύρας

365 1814 670 1882 εἰσάγεται,
708 1814 802 1866 καὶ
860 1813 1068 1879 ποιμήν
1117 1811 1298 1861 ἐστιν*
1336 1808 1362 1860 6
1393 1805 1686 1862 δ”ἀλλοθεν
1718 1807 1946 1860 ἀναϐαί-

2039 607 2129 677 qui
2170 608 2244 662 illi
2275 609 2598 677 praeﬁcitur,
2631 619 2742 664 tum
2780 623 2902 678 qua!
2930 617 3081 663 recta
3114 618 3243 664 sunt
3275 610 3628 673 sentiat,tum

2039 707 2092 753 et
2117 699 2327 754 doceat.
2362 699 2457 754 Sin
2486 710 2668 756 autem
2693 701 2989 765 contraria,
3020 701 3088 756 iis
3121 717 3242 764 quae
3272 703 3449 771 posita
3481 711 3631 767 sunt,

2039 793 2127 847 via
2177 791 2411 857 incedat,
2449 809 2549 849 nec
2600 795 2742 849 intra
2772 809 2836 850 ea
2872 809 2994 864 quae
3027 794 3250 848 deﬁnita
3307 804 3454 859 sunt,
3513 808 3636 850 sese

2039 883 2337 946 contineat,
2368 883 2449 938 sic
2473 899 2696 954 quoque
2717 886 2782 940 ad
2823 900 2947 941 eum
2983 885 3128 954 quod
3163 886 3379 950 attinet,
3409 901 3516 940 non
3548 895 3636 941 est

2041 981 2231 1029 sancta
2280 973 2374 1028 Dei
2406 975 2678 1030 Ecclesia.
2723 976 2889 1046 Igitur
2938 993 3005 1031 ne
3032 977 3157 1030 talis
3193 978 3411 1047 quidem
3473 992 3634 1032 sacra

2042 1067 2148 1120 boc
2186 1067 2382 1120 merito
2402 1066 2637 1137 gaudeat
2673 1067 3058 1137 appellatione,
3091 1068 3384 1138 solumque
3415 1070 3635 1124 videtur

2045 1171 2153 1210 non
2189 1155 2311 1211 talis
2336 1164 2636 1212 conventus
2669 1171 2811 1213 esse.

2114 1249 2196 1302 Ad
2237 1248 2352 1302 bace
2409 1248 2634 1314 ostium,
2703 1249 2796 1317 qui
2871 1263 2974 1302 nos
3027 1263 3200 1316 praeco
3235 1263 3375 1313 sere,
3435 1251 3636 1305 nedum

2049 1351 2250 1396 rectam
2271 1341 2338 1395 de
2364 1340 2562 1398 divinis
2583 1339 2789 1396 Christi
2810 1340 3103 1411 dogmatis,
3128 1341 3272 1396 serio
3295 1352 3633 1408 statuernn',

2047 1443 2530 1503 exposueruntque
2582 1435 2765 1488 vocari
2814 1434 3169 1497 sententiam,
3223 1437 3317 1489 sed
3349 1435 3510 1489 etiam
3543 1436 3640 1506 qui

2052 1529 2427 1584 ecclesiastica
2502 1528 2896 1583 constitutione
2918 1535 2972 1581 et
3024 1527 3290 1581 canonico
3357 1528 3548 1582 ordine
3573 1527 3642 1582 ad

2052 1616 2235 1670 divina
2261 1631 2554 1686 processus
2581 1627 2687 1672 est.
2713 1616 2818 1683 Qui
2849 1617 3018 1687 igitur
3043 1618 3253 1672 utrovis
3283 1617 3482 1671 horum
3515 1633 3642 1672 mu-

2054 1723 2188 1763 nere
2221 1709 2275 1762 in
2309 1724 2524 1779 gregem
2577 1711 2966 1780 introducitur,
2999 1710 3048 1764 is
3088 1711 3266 1781 palam
3298 1726 3395 1780 per
3441 1712 3640 1766 ostium

2053 1798 2382 1868 ingreditur,
2439 1799 2698 1869 gregique
2747 1809 3000 1869 aptatur;
3057 1802 3151 1869 qui
3185 1809 3368 1855 autem
3399 1803 3647 1857 ascendit

365 1925 472 1960 νων
528 1904 766 1975 κλέπτης
796 1903 915 1956 ἐστὶ
952 1902 1049 1956 καὶ
1105 1899 1333 1972 λῃστὴς,
1384 1898 1460 1962 ὡς
1509 1899 1537 1951 ὁ
1573 1898 1718 1969 ἱερὸς
1774 1899 1946 1969 ἔφησε

2066 1889 2290 1954 tliunde,
2343 1888 2434 1944 fur
2473 1901 2558 1946 est
2584 1900 2638 1945 et
2664 1891 2827 1958 latro,
2881 1901 2937 1945 ut
2963 1893 3139 1947 sacris
3180 1893 3422 1948 oraculis
3459 1894 3646 1963 prodi-

364 2001 545 2071 λόγος.

946 2083 1202 2138 ΚΕΦΑΛ,
1230 2079 1308 2138 Γ’.

365 2205 438 2259 ει
485 2203 626 2271 ἁγία
671 2199 778 2272 τοῦ
817 2196 966 2272 Θεοῦ
1019 2195 1360 2272 Ἐκκλησία
1409 2194 1592 2272 qam
1636 2193 1948 2272 σύγχυσιν

436 2265 547 2328 καῖ’
563 2271 789 2344 μισθὸν
812 2267 1150 2337 προδοσίας
1187 2267 1303 2334 τὴν
1329 2265 1530 2335 ἀρχὴν
1564 2265 1876 2320 συστᾶσα.

439 2367 562 2420 Ὀτι
592 2365 693 2434 δ’ἡ
740 2363 846 2415 τῶν
889 2359 1222 2428 Παλαμιτῶν
1291 2359 1499 2429 φατρία
1555 2357 1797 2426 ἀγεννῶς
1845 2356 1945 2422 τὴν

370 2460 547 2529 ἀρχὴν
572 2457 826 2525 συνέστη,
857 2457 1179 2524 συγχύσεως
1237 2448 1372 2506 οὖσαι
1424 2451 1638 2522 καρπὸς
1669 2450 1765 2503 καὶ
1809 2465 1948 2518 προ-

371 2553 556 2615 δοσίας
617 2550 826 2620 μισθὸς,
870 2549 1020 2602 ῐσασι
1085 2548 1322 2612 πάντες·
1378 2549 1471 2599 καὶ
1524 2547 1794 2617 μαρτυρεῖ
1857 2543 1950 2597 νῦν

374 2643 785 2712 ὲξαναλωθέντα
808 2642 1135 2713 πράγματα.
1166 2640 1364 2693 Φαῦλοι
1404 2639 1513 2709 γὰρ
1542 2639 1830 2709 τοπρῶτον
1853 2638 1950 2707 τὴν

379 2735 624 2806 μεγάλην
662 2733 1110 2804 περινοστοῦντες
1145 2732 1322 2794 πόλιν,
1346 2730 1653 2798 διελέγοντο
1700 2733 1801 2800 μὲν
1837 2731 1950 2803 τοῖς

376 2828 534 2890 ἐκτὸς
559 2829 787 2895 ἄρχουσι
835 2825 968 2895 περὶ⁸
1007 2824 1337 2895 προδοσίαςο
1403 2821 1841 2893 συνηγωνίζοντο
1894 2821 1950 2874 δὲ

342 2917 349 2922 ”
376 2919 490 2980 τοῖς
527 2916 678 2980 ἐντὸς
711 2917 1102 2982 στασιάζουσι,
1125 2915 1217 2966 καὶ
1248 2914 1386 2980 πρὸς
1414 2909 1647 2980 τοῦργον
1680 2912 1956 2966 ἐπέσπευ-

379 3009 491 3063 δον.
531 3009 774 3080 Λαμπρά
796 3009 841 3062 δ’
884 3007 1246 3068 ἀνεστακότες
1278 3006 1347 3060 τὰ
1377 3008 1478 3076 τῆς
1515 3007 1773 3071 ἀπιστίας
1825 3007 1952 3078 spli-

380 3117 538 3165 παια,
601 3101 850 3154 πείθουσι
915 3100 1008 3154 τὸν
1061 3099 1490 3170 βεϐασιλευκότα
1548 3099 1738 3169 μισθὶν
1795 3100 1956 3153 ἄλλον

2051 1990 2164 2036 tum
2189 1991 2274 2037 est
2297 1982 2366 2035 “.
2849 2014 2853 2017 -

2637 2086 2870 2144 CAPUT
2900 2088 2987 2146 Ill.

2053 2201 2198 2256 Num
2249 2210 2435 2255 sancta
2499 2199 2592 2255 Dei
2622 2201 2887 2264 Ecclesia,
2914 2221 3031 2272 qum
3066 2205 3128 2258 ob
3179 2208 3537 2274 confusionem
3583 2225 3647 2263 ac

2169 2274 2492 2335 proditionis
2509 2274 2797 2327 mercedem
2829 2277 3184 2343 principatum
3223 2281 3520 2343 εοηειὶιμὶι.

2122 2367 2284 2432 Quod
2320 2375 2504 2420 autem
2545 2365 2933 2421 Palamitarum
2980 2369 3319 2435 sodalitium,
3380 2372 3639 2441 degeneri

2053 2472 2252 2516 conatu
2289 2473 2563 2525 sensuque
2604 2459 2926 2529 pricipatum
2959 2462 3327 2527 constituerit,
3356 2465 3642 2518 confusio-

2054 2552 2140 2607 nis
2157 2551 2365 2606 iructus
2415 2549 2690 2604 exsistens
2717 2565 2780 2604 ac
2811 2551 3138 2620 proditionis
3178 2568 3410 2616 merces,
3478 2568 3646 2607 nove-

2055 2651 2182 2699 runt
2205 2658 2416 2709 onmes,
2445 2657 2507 2696 ac
2528 2651 2812 2698 testantur.
2835 2657 2956 2712 qua:
2971 2657 3119 2697 nunc
3143 2659 3229 2698 res
3248 2644 3472 2712 perditae
3495 2654 3646 2701 sunt.

2055 2738 2179 2792 Mali
2210 2739 2357 2792 enim
2394 2738 2629 2806 primum
2665 2750 2915 2804 magnam
2972 2736 3453 2791 circumobeuntes
3503 2737 3645 2791 civi-

2060 2839 2254 2894 tatem,
2285 2845 2409 2884 cum
2465 2830 2701 2884 tribunis
2727 2829 2822 2898 qui
2857 2838 3006 2882 extra
3039 2839 3218 2892 erant,
3251 2829 3318 2883 de
3337 2830 3643 2896 proditione

2059 2937 2372 2977 sermonem
2429 2921 3228 2991 conferebant,=seditiosisque
3283 2923 3423 2975 intra
3449 2922 3640 2978 urbem

2060 3015 2192 3069 socii
2227 3013 2577 3077 accedebant,
2614 3025 2776 3082 atque
2808 3015 2858 3066 in
2885 3029 2998 3066 rem
3047 3014 3234 3068 utilem
3295 3028 3516 3083 operam
3575 3015 3657 3067 eis

2070 3109 2325 3164 conferre
2359 3109 2724 3177 satagebant;
2759 3107 3066 3177 magniﬁcis
3111 3124 3241 3161 Vero
3275 3108 3529 3162 excitatis
3567 3107 3653 3160 in-

386 3191 590 3262 μηδένα
637 3192 893 3259 ἐθελῆσαι
949 3195 1254 3263 παρασχεῖν
1313 3194 1499 3255 αὐτοῖς
1561 3193 1670 3247 τῶν
1728 3194 1958 3266 μακρῶν

2067 3202 2406 3257 credulitatis
2433 3200 2674 3270 tr0pa-is.
2700 3209 2952 3254 auctores
3003 3209 3132 3253 sunt
3181 3201 3228 3253 ei
3283 3200 3374 3268 qui
3433 3199 3654 3253 functus

385 3283 612 3336 ἐκείνων
645 3282 896 3352 ἀγώνων,
931 3284 1046 3338 ἀλλ’
1081 3284 1298 3356 ἢμόνον
1326 3286 1425 3357 τὴν
1470 3286 1568 3355 τῆς
1609 3287 1962 3356 καινοτομίας

387 3377 720 3446 ἀνάρρησιν·
751 3377 934 3446 λόγοις
986 3376 1255 3449 πρότερον
1317 3377 1480 3432 αὐτὸν
1516 3377 1964 3448 ἐξαπατήσαντες

385 3467 633 3530 πιθανοῖς
673 3468 808 3539 πρὸς
839 3468 1121 3525 ἀσέΰειαν.
1156 3470 1216 3523 '0
1239 3469 1298 3523 δὲ
1336 3469 1835 3542 προσδαψιλεύεται
1867 3472 1964 3523 σὺν

384 3562 448 3629 τῇ
506 3562 833 3632 καινοτομίᾳ
854 3560 951 3613 καὶ
980 3561 1079 3631 τὴν
1107 3561 1206 3630 τῆς
1229 3546 1566 3632 Ἐκκλησίας
1595 3559 1964 3631 προστασίανο

388 3651 483 3706 καὶ
511 3650 654 3705 οὕτω
695 3654 756 3706 τδ
815 3655 1134 3725 Παλαμικὸν
1195 3655 1296 3728 τὴν
1345 3656 1522 3726 ἀρχὴν
1576 3655 1769 3727 εἴληφε
1813 3657 1968 3710 συνέ-

389 3742 556 3814 δριον,
621 3744 958 3808 ὑπέκκαυμα
1012 3745 1304 3817 προδοσίας
1361 3745 1423 3802 ὂν
1475 3747 1573 3802 καὶ
1645 3748 1970 3818 συγχύσεως

390 3836 642 3892 ἔπαθλον.

467 4104 617 4158 Εῐδὲ
647 4122 742 4158 και
805 4108 1086 4176 μακρόθεν
1143 4086 1576 4164 ἐπι-σκέπτεσθαι
1639 4110 1814 4164 ταῦτα
1866 4112 1974 4166 δέοι

397 4199 492 4253 καὶ
520 4197 864 4253 καθέκαστον
885 4201 1193 4270 ἐπιζητεῖν,
1239 4202 1337 4272 τὴν
1367 4205 1497 4272 περὶ
1527 4189 1703 4258 ταῦτα
1735 4222 1978 4275 συγγρα-

396 4293 589 4359 φεῖσαν
619 4289 697 4360 τῷ
732 4292 954 4362 μεγάλῳ
976 4294 1076 4363 τῆς
1131 4293 1397 4364 ἀληθείας
1451 4297 1735 4367 ἀγωνιστῇ
1799 4298 1978 4366 Νικη-

398 4383 550 4452 φόρῳ
581 4382 732 4436 διίτω
761 4401 844 4448 τις
884 4386 1068 4454 βίϐλον
1095 4403 1110 4417 ο
1136 4387 1232 4440 καὶ
1266 4387 1426 4441 πάντ’
1455 4381 1704 4458 ἀκριϐῶς
1744 4391 1974 4456 εἵσεται,

403 4474 631 4542 μηδενὲς
664 4477 720 4528 ὲν
753 4477 987 4540 ἐκείνοις
1018 4479 1319 4532 ἀποδέοντα
1351 4480 1462 4533 τῶν
1493 4482 1573 4544 εἰς
1603 4481 1980 4552 ἀλήθειανκαὶ

2069 3295 2300 3363 imperio
2334 3301 2473 3353 erat,
2509 3302 2567 3345 ut
2599 3291 3345 3358 unambancillislongorum
3375 3293 3648 3356 laborum,

2071 3403 2170 3440 nec
2208 3400 2335 3440 vero
2365 3385 2528 3438 aliam
2567 3383 2694 3435 velit
2734 3384 3030 3451 rependere
3057 3383 3386 3444 mercedem,
3439 3392 3498 3436 ut
3552 3385 3658 3438 sci-

2071 3479 2196 3534 licet
2221 3492 2360 3532 nova
2384 3491 2577 3531 eorum
2604 3476 2849 3529 doctrina
2885 3475 3191 3544 publicctur
3245 3491 3260 3539 ;
3323 3490 3447 3528 cum
3506 3475 3659 3545 prius

2069 3571 2426 3627 suasibilibus
2448 3570 2626 3624 verbis
2657 3568 2965 3632 seductum,
3008 3570 3074 3621 ad
3137 3569 3475 3638 impietatem
3543 3579 3658 3621 tra-

2069 3663 2299 3718 xissent.
2326 3661 2376 3716 Is
2410 3677 2539 3715 vero
2570 3661 2780 3728 majore
2813 3660 3138 3712 liberalitate
3169 3661 3234 3712 ad
3268 3661 3649 3725 novationem,

2072 3755 2236 3812 etiam
2272 3753 2529 3808 Ecclesia:
2559 3752 2938 3822 pra-lecturam
2973 3752 3225 3815 adiunxit
3260 3769 3275 3817 ;
3341 3753 3507 3819 inque
3535 3767 3660 3805 eum

2075 3851 2322 3912 modum,
2342 3846 2583 3916 primum
2602 3855 2843 3914 coeptum
2875 3859 2953 3897 (εει
2974 3842 3315 3896 Palamicum
3335 3843 3660 3908 concilium,

2077 3939 2404 4012 proditionis
2461 3935 2635 3992 fomes
2676 3938 2952 3992 exsistens
3003 3951 3068 3991 ac
3125 3935 3493 3992 confusionis
3529 3950 3670 4005 prac-

2078 4036 2273 4088 mium.
2343 4067 2364 4081 ..

2151 4126 2244 4182 Sin
2279 4140 2408 4179 vero
2435 4124 2596 4179 etiam
2631 4122 2743 4176 haec
2781 4121 2968 4192 procul
3000 4121 3400 4178 consideranda
3434 4119 3564 4185 sint,
3599 4133 3664 4173 ac

2031 4277 2039 4285 ,
2091 4220 2220 4274 νος-ιίι
2248 4215 2522 4286 quispiam
2556 4214 2773 4284 singula
2831 4216 3130 4276 discutere.
3196 4214 3242 4268 is
3307 4227 3433 4268 vero
3467 4212 3669 4266 librum

2081 4322 2387 4382 percurrat,
2431 4324 2594 4378 quem
2663 4322 2897 4378 magnus
2923 4307 3170 4362 veritatis
3202 4306 3349 4375 pugil
3403 4301 3672 4374 Nicepho-

2084 4421 2176 4458 rus
2209 4402 2561 4470 conscripsit,
2598 4415 2661 4454 ex
2691 4415 2798 4467 quo
2832 4409 3021 4454 exacte
3039 4399 3234 4454 omnia
3270 4399 3504 4461 noverit,
3537 4411 3662 4451 cum

2083 4499 2138 4551 in
2169 4497 2254 4559 bis
2281 4535 2295 4558 ,
2328 4492 2463 4546 nulli
2492 4506 2682 4546 eorum
2719 4491 2811 4561 qui
2846 4492 3012 4560 probe
3055 4491 3342 4544 veritatem
3415 4489 3674 4543 excolue-

401 4567 595 4630 κάλλος
631 4564 690 4620 εὖ
712 4568 1063 4640 ἠσκημένων.
1116 4570 1331 4625 Οῦκουν
1377 4589 1441 4641 γε
1503 4573 1537 4643 ἡ
1591 4574 1654 4625 ὲκ
1717 4575 1962 4628 τοιούτωι

2085 4600 2212 4643 runt
2239 4603 2301 4644 ac
2333 4597 2522 4642 ornate
2557 4588 2917 4652 scripserunt,
2949 4585 3125 4651 impar
3144 4582 3313 4636 videri
3342 4581 3530 4652 possit.
3555 4577 3672 4634 Non

399 4661 584 4730 ἀρχῶν
607 4664 853 4715 συστᾶσα
904 4663 1110 4734 φατρία
1143 4664 1372 4730 δικαίως
1406 4667 1473 4720 ἂν
1524 4667 1656 4747 ἁγία
1692 4669 1787 4722 τοῦ
1842 4667 1979 4722 Θεοῦ

406 4753 629 4806 καλοῖτο
666 4755 990 4826 ⁹Εκκλησία.

480 4845 626 4911 Ἔτι,
657 4846 758 4915 τῆς
783 4851 864 4911 είς
891 4849 992 4919 τὴν
1020 4847 1376 4903 διδασκαλίαν
1427 4851 1655 4922 προόδου
1689 4853 1784 4906 καὶ
1807 4853 1981 4924 ἀρχῆς

405 4939 506 5007 τὴν
535 4937 760 5009 εἰρήνην
782 4941 810 4992 ὁ
837 4939 1029 5010 Σωτὴρ
1060 4941 1350 5011 προέταξε.
1381 4943 1566 5013 Φήσας
1599 4944 1707 5014 γὰρ
1763 4946 1983 5016 τοπρῶ-

405 5045 526 5096 τον,
569 5047 588 5080 ι
631 5027 892 5102 Εἰρήνην,
937 5034 1038 5103 τὴν
1092 5035 1232 5104 ἐμὴν
1284 5035 1478 5106 δίδωμι
1525 5036 1677 5104 ὑμῖν,
1719 5056 1740 5090 ι
1811 5038 1985 5092 ἔπειτ’

407 5124 629 5190 ἐπάγει,
668 5141 688 5175 ι
746 5123 947 5189 Καθὼς
1003 5126 1313 5180 ἀπέσταλκέ
1384 5144 1452 5198 με
1490 5128 1518 5182 6
1576 5129 1789 5199 Πατὴρ,
1832 5133 1988 5200 κάγὼ

409 5214 615 5284 πέμπω
641 5213 808 5284 ὑμᾶς.
863 5232 882 5265 ι
933 5215 1172 5284 Φανερὲιν
1225 5211 1321 5269 οῦν
1358 5215 1434 5279 ὡς
1491 5217 1526 5286 ἡ
1585 5216 1679 5269 τοῦ
1738 5219 1989 5286 Σωτῆρος

410 5309 605 5377 εἰρήνη
643 5307 827 5376 πάσης
863 5306 966 5379 τῆς
999 5309 1138 5362 κατά
1167 5306 1328 5376 λόγον
1366 5307 1782 5380 ἀρχιερωσύνης
1815 5326 1989 5380 προη-

411 5402 616 5468 γεῖται.
658 5398 798 5452 Ἀλλ’
837 5402 871 5470 ἠ
934 5402 1043 5455 τῶν
1102 5399 1435 5472 Παλαμιτῶν
1491 5400 1718 5472 φατρία,
1771 5401 1836 5453 ἐκ
1892 5401 1991 5454 τοῦ

418 5491 669 5549 ἔναντίου
730 5491 831 5561 τῆς
887 5495 1134 5564 εἰρήνης,
1167 5495 1437 5557 ’στάσεως
1474 5495 1572 5547 καὶ
1608 5493 1853 5565 ταραχῆς
1895 5495 1993 5565 τὴν

416 5585 596 5655 ἀρχὴν
627 5581 864 5654 εἰλήφειο
895 5583 1154 5649 ἐναντίως
1171 5583 1264 5638 οῦν
1297 5588 1362 5657 τῇ
1390 5584 1484 5640 τοῦ
1525 5585 1662 5640 Θεοῦ
1701 5584 1836 5655 ἁγίᾳ
1873 5586 1996 5639 Ἐκ-

421 5680 622 5752 κλησίᾳ
646 5681 747 5751 τὴν
770 5679 944 5750 ἀρχὴν
981 5682 1239 5753 συνέστη.

497 5859 540 5888 ιι
571 5857 726 5910 .loan.
760 5874 813 5920 χ,
858 5856 900 5909 Ι.
983 5855 1184 5913 "Joan
1243 5879 1350 5929 xxv,
1385 5864 1474 5922 9.7.

1556 5868 1601 5900 ⁵³
1633 5867 1790 5924 Joan.
1828 5887 1919 5938 xx,
1949 5870 2040 5929 ‘22.

2086 4685 2254 4755 igitur
2274 4684 2420 4754 quod
2457 4684 2655 4739 talibus
2683 4680 2980 4736 conﬂatum
3034 4676 3301 4745 auspiciis
3350 4673 3670 4729 sodalitium

2084 4790 2190 4844 est,
2223 4781 2418 4832 merito
2447 4788 2633 4833 sancta
2665 4776 2756 4830 Dei
2789 4775 3032 4830 Ecclesia
3061 4785 3306 4827 vocetur.

2159 4871 2448 4930 Praeterea,
2480 4868 2799 4922 ordinanda:
2832 4867 3099 4920 doetrinae
3131 4863 3488 4932 ineundoque
3525 4864 3679 4934 prin-

2088 4961 2315 5030 cipatui,
2353 4959 2604 5014 Salvator
2628 4974 2816 5028 pacem
2855 4957 3138 5027 praemisit.
3162 4954 3299 5010 Cum
3359 4958 3507 5010 enim
3564 4956 3681 5026 pri-

2096 5070 2245 5108 mum
2275 5053 2507 5107 dixisset
2535 5069 2548 5106 :
2575 5050 2798 5106 «Pacem
2831 5065 3006 5104 meam
3039 5049 3108 5104 do
3136 5049 3293 5104 vobis
3318 5052 3386 5113 ",
3432 5068 3449 5100 ι
3496 5061 3682 5119 postea

2099 5150 2287 5205 subdit
2322 5168 2334 5203 :
2358 5170 2375 5200 ι
2404 5148 2557 5204 Sicut
2588 5148 2737 5204 misit
2769 5163 2853 5201 me
2873 5145 3056 5211 Pater,
3076 5154 3129 5210 et
3145 5161 3245 5215 ego
3265 5147 3420 5200 mitto
3439 5163 3533 5201 vos
3554 5147 3620 5200 ⁸³.
3657 5165 3676 5199 ι

2100 5241 2447 5297 Manifestum
2475 5242 2636 5312 igitur
2657 5250 2763 5306 est,
2792 5239 3094 5294 Salvatoris
3133 5253 3344 5308 pacem,
3363 5241 3526 5293 ornni
3575 5257 3686 5292 me-

2100 5336 2206 5388 rito
2240 5333 2434 5404 praeire
2452 5334 2780 5390 sacerdotio.
2816 5332 2982 5402 Atqui
3016 5330 3412 5386 Palamitarum
3477 5331 3680 5386 sodali-

2101 5438 2206 5494 tas,
2237 5435 2426 5482 contra
2451 5442 2516 5480 ac
2546 5441 2576 5479 a
2607 5440 2760 5494 pace,
2794 5439 2822 5476 a
2852 5425 3122 5480 seditione
3150 5423 3498 5489 tumultuque
3525 5421 3682 5473 duxit

2101 5519 2388 5574 exordium
2425 5535 2440 5584 ;
2475 5517 2766 5575 contrariis
2795 5531 2924 5587 ergo
2979 5513 3070 5569 Dei
3138 5511 3392 5569 Ecclesiae
3444 5510 3688 5566 moribus

2103 5613 2284 5690 primo
2327 5609 2561 5668 conﬂata
2593 5620 2696 5666 est.
3711 5591 3722 5602 ’
