4088 6498
352 392 454 456 7οἹ
1534 383 1858 445 JOANNlS
1893 379 2451 444 CYPARISSIOTE
3495 374 3602 438 708

422 507 840 576 Adlner,omuis
867 504 1104 576 proditio
1159 517 1223 555 ac
1284 501 1550 568 nequitia,
1615 515 1741 553 cum
1779 499 1923 550 inter
1958 498 2005 554 Α

353 601 621 655 maximas
651 597 959 666 reipublicm
983 591 1213 664 injurias
1235 591 1541 658 damnaque
1563 595 1924 656 computetur,

353 690 706 762 gravissimis
760 689 920 741 etiam
947 685 1123 755 legunt
1153 676 1330 753 rwuis
1362 683 1673 748 subjicitur.
1705 680 1930 756 “legiti-

357 783 726 849 mumitaque,
752 778 841 848 qui
905 779 983 831 sic
1013 793 1138 831 reus
1165 784 1433 836 teneatur,
1459 775 1524 828 ad
1556 773 1723 831 ullum
1751 772 1929 828 vocari

355 873 739 934 ministerium,
794 868 1060 935 lengeque
1103 865 1275 935 magis
1320 863 1526 934 legibus
1545 862 1933 928 adversutn,ut

353 964 574 1019 divinus
603 962 674 1013 illi
709 958 1046 1029 primipatus
1080 957 1355 1011 credatur.

426 1055 641 1114 Adhuc,
673 1063 850 1119 operae
881 1047 1116 1116 pretium
1147 1054 1326 1109 cst,ut
1351 1043 1602 1114 quisquis
1617 1044 1680 1102 ad
1703 1042 1929 1108 episco—

354 1157 538 1217 patum
566 1143 982 1208 animarumque
1006 1137 1381 1206 praeiet'turam
1409 1145 1658 1203 vocatur,
1677 1133 1766 1188 Dei
1788 1135 1839 1192 in
1876 1147 1936 1188 se

352 1237 718 1293 testimonium
748 1230 1113 1286 circumferat.
1146 1227 1200 1281 Id
1231 1237 1411 1282 autem
1469 1237 1554 1281 est
1583 1243 1598 1280 :
1643 1245 1661 1278 t
1718 1224 1931 1290 Justus,

351 1323 868 1396 irreprehensibilis,
899 1322 967 1374 ab
994 1321 1140 1373 omni
1171 1334 1228 1374 se
1255 1318 1396 1374 male
1424 1317 1812 1372 abstinens“.;
1839 1316 1934 1372 Se-

351 1434 452 1472 cus
480 1432 603 1468 vero
641 1401 915 1468 Pal-amitae
933 1411 1036 1466 sibi
1067 1411 1272 1464 conscii
1309 1410 1441 1472 sint,
1466 1409 1734 1478 siquidem
1775 1416 1922 1462 recte

352 1512 541 1564 animo
568 1508 816 1577 judicare
842 1505 1026 1558 veliut'.
1069 1503 1206 1570 Ergo
1230 1503 1391 1556 etiam
1424 1502 1644 1572 indigne
1681 1510 1931 1555 sanctam

357 1599 455 1655 Del
485 1599 783 1653 Ecclesiam
809 1597 1090 1664 arripuere
1122 1612 1136 1659 ;
1176 1609 1273 1647 nec
1303 1593 1417 1664 jam
1481 1593 1678 1648 merito
1745 1601 1936 1648 sancta

362 1690 455 1744 Dei
480 1688 716 1742 Ecclesia
735 1685 961 1738 vocandi
980 1684 1110 1748 sint,
1132 1684 1223 1737 sed
1255 1683 1411 1752 longe
1431 1684 1626 1750 potiori
1639 1681 1765 1752 jure
1792 1697 1821 1734 a
1844 1679 1935 1734 Dei

360 1781 601 1837 Ecclesia
637 1792 887 1848 segreges
919 1783 972 1830 et
1001 1783 1261 1845 apostatze
1284 1774 1582 1830 audierint.

964 1977 1194 2034 CAPUT
1233 1977 1320 2034 IV.

364 2097 510 2151 Num
568 2103 752 2148 sancta
791 2092 884 2146 Dei
933 2090 1186 2153 Ecclesia,
1213 2106 1330 2160 quis
1358 2089 1663 2160 priusquam
1685 2087 1945 2156 conﬂare-

433 2178 519 2219 tur
548 2185 578 2218 a
611 2165 793 2217 divina
828 2175 1113 2231 sanctaque
1145 2157 1347 2230 synodo
1403 2157 1608 2230 abjecta
1625 2174 1702 2213 est
1729 2169 1778 2213 et
1811 2173 1945 2211 ana-

438 2237 660 2290 themati
717 2233 938 2288 tradita.

442 2412 516 2467 Ut
555 2409 720 2479 igitur
751 2423 871 2476 quae
905 2405 986 2462 sic
1018 2405 1246 2473 turpiter
1284 2403 1513 2459 conﬂata
1553 2402 1810 2459 sodalitas
1842 2411 1946 2465 est,

365 2509 560 2560 nedum
584 2502 786 2573 quibus
819 2513 884 2553 ex
915 2497 1099 2552 causis
1155 2495 1388 2550 conﬂata
1442 2505 1534 2561 sit,
1593 2497 1945 2549 considerare

362 2596 551 2657 velint,
582 2594 782 2664 quibus
813 2591 884 2646 sit
907 2590 1290 2649 constitutum.
1322 2597 1384 2642 ut
1410 2602 1472 2640 ea
1537 2587 1758 2654 sapiant
1827 2599 1950 2654 quae

377 2682 584 2739 Christi
614 2688 743 2735 sunt
778 2698 791 2744 ;
820 2678 915 2734 sed
939 2686 998 2733 ut
1035 2678 1214 2732 adhuc
1246 2677 1443 2743 majori
1469 2674 1952 2730 dedecoreltabere

363 2789 486 2829 eam
515 2771 965 2835 existimaverint,
997 2785 1064 2824 ex
1096 2769 1179 2824 his
1209 2782 1432 2838 quoque
1455 2783 1576 2836 qua
1598 2774 1654 2821 et
1685 2775 1809 2820 ante
1823 2781 1951 2836 pro-

361 2859 647 2924 ditionem,
680 2859 735 2912 in
768 2857 934 2912 illosa
968 2872 1090 2914 vere
1125 2864 1313 2910 sancta
1347 2854 1439 2908 Dei
1501 2856 1744 2909 Ecclesia
1795 2863 1944 2926 gesta

365 2961 515 3017 sunt,
545 2950 835 3019 pomisque
854 2949 1132 3018 irrogatis,
1160 2963 1331 3017 pauca
1351 2961 1416 3002 ex
1437 2948 1611 3002 sacris
1631 2947 1778 3003 illius
1797 2964 1953 3002 com-

365 3043 651 3098 mentariis
675 3043 727 3097 in
768 3039 1004 3096 medium
1019 3041 1333 3110 producam.

441 3134 616 3187 Beatae
650 3133 815 3200 igitur
850 3131 1241 3185 recordationis
1283 3145 1623 3202 magnusque
1640 3132 1952 3201 patriarcha

367 3240 433 3280 ac
455 3223 738 3279 confessor
757 3220 991 3276 Joannes
1011 3221 1082 3291 (l)
1101 3222 1154 3275 in
1172 3222 1356 3277 multis
1383 3223 1599 3292 quidem
1619 3223 1956 3293 diversisque

369 3316 648 3388 synodicis
675 3315 789 3368 suis
829 3314 1163 3375 actionibus,
1197 3311 1496 3380 Palaznam,
1521 3329 1586 3369 ac
1601 3317 1692 3384 qtti
1711 3317 1949 3371 cumillo

373 3403 664 3464 sentirent,
689 3415 720 3454 a
752 3399 954 3455 divinis
1000 3401 1538 3456 excommunicatum
1605 3407 1957 3475 ejectumque

369 3494 561 3564 septis,
589 3492 855 3548 sententia
879 3492 983 3545 lata
1005 3493 1395 3561 pronuntiavit.
1434 3495 1491 3548 lu
1527 3495 1956 3551 defensionem:-

372 3596 480 3639 tem
513 3585 775 3638 adversus
796 3582 1197 3646 Latrocinalem
1227 3585 1375 3642 illam
1395 3587 1662 3656 synodum
1685 3588 1846 3659 cujus
1863 3605 1958 3644 ex-

377 3678 621 3740 ordium,
676 3676 945 3747 Objiciunt
981 3677 1221 3747 quidam,
1239 3685 1299 3732 ut
1329 3693 1585 3748 suprema
1613 3681 1712 3733 viri
1749 3696 1958 3735 memo-

377 3785 487 3823 rem
527 3781 668 3824 recte
703 3769 841 3826 facta
875 3785 939 3824 ac
970 3770 1202 3832 merita:
1242 3769 1570 3826 «Palamitas
1604 3772 1807 3842 itaque,
1874 3774 1960 3828 in-

377 3859 515 3930 quit,
550 3860 696 3919 velut
724 3860 818 3932 qui
843 3861 1128 3915 veritatem
1156 3860 1562 3916 calumnientur
1586 3862 1748 3933 eique
1781 3873 1963 3918 dett-ao

387 3952 541 4017 haut,
578 3967 852 4022 praveque
879 3968 946 4008 ac
967 3961 1144 4008 astute
1167 3953 1366 4022 prior-.s
1411 3955 1605 4022 synodi
1660 3955 1962 4012 sententias

379 4053 624 4098 evertere
653 4051 925 4112 satagaut,
983 4044 1562 4110 excommunicationi,
1618 4058 1742 4112 quae
1793 4054 1876 4099 est
1929 4060 1960 4098 a

385 4142 577 4187 saneta
611 4141 664 4188 et
687 4131 1139 4188 consubstantiali
1169 4142 1224 4188 et
1256 4133 1410 4188 beata
1437 4147 1500 4187 ac
1523 4131 1733 4188 vivifica
1779 4131 1963 4186 Triui-

382 4233 512 4288 tate,
546 4234 728 4278 nostra
764 4223 1116 4278 mediocritas
1151 4222 1374 4293 subjicit
1425 4225 1674 4295 dirisque
1731 4225 1963 4280 anathe-

381 4313 562 4380 matis,
589 4314 944 4383 quoadusque
976 4314 1306 4384 resipuerint
1341 4324 1396 4370 et
1423 4316 1872 4385 subscripserint,
1897 4331 1962 4374 ae

382 4404 620 4459 confessi
653 4404 932 4459 veritatem
966 4405 1187 4461 fuerint.
1221 4423 1240 4457 ›
1293 4404 1594 4475 Paucisque
1628 4406 1961 4472 interiectis:

390 4513 408 4546 ι
445 4492 804 4564 Quapropter,
824 4495 998 4565 ipsum
1017 4497 1233 4566 quoque
1255 4495 1529 4550 Palamam
1547 4506 1598 4548 et
1617 4495 1710 4565 qui
1729 4511 1854 4568 cum
1875 4495 1966 4549 illo

383 4583 646 4650 sentiunt,
678 4594 1014 4656 cunctosque
1033 4601 1167 4640 nova
1191 4585 1284 4640 illa
1309 4585 1562 4654 dogmata
1588 4582 1965 4649 defendentes,

385 4691 487 4730 nec
518 4675 607 4730 illa
635 4675 961 4748 rejicieutes,
1029 4679 1203 4740 eidem
1231 4673 1784 4740 excommunicationi
1804 4677 1975 4747 subji.

385 4783 580 4821 unius.
595 4785 614 4819 D

459 4994 567 5061 Qui
601 5010 728 5050 vero
756 4997 866 5053 duo
900 5013 964 5052 ac
995 4996 1185 5068 viginti
1218 5011 1448 5051 numero
1493 4997 1735 5067 episcOpi
1798 5011 1966 5070 syno-

387 5087 522 5142 dum
559 5089 867 5159 implevere,
903 5106 1014 5144 uuo
1035 5091 1342 5158 complexu,
1375 5102 1488 5144 tum
1517 5101 1646 5146 ante
1677 5091 1817 5158 illos,
1853 5103 1969 5144 tum

387 5179 528 5249 ipsis
555 5181 719 5237 sociis
761 5183 812 5235 in
848 5197 958 5236 rem
984 5181 1199 5250 pietatis
1221 5190 1396 5250 gesta,
1457 5196 1616 5236 saero
1644 5182 1974 5250 consignau-

393 5279 477 5326 tes
513 5271 706 5334 Tomo,
755 5287 819 5325 ac
846 5272 944 5340 qui
996 5271 1148 5339 prius
1203 5273 1661 5327 excommunicati
1721 5273 1974 5338 fuissent,

395 5362 474 5416 uti
505 5363 808 5429 audivistis,
844 5363 1156 5429 Palamitas,
1197 5362 1522 5432 proditionis
1577 5364 1804 5433 praemio
1845 5355 1998 5418 mu?

397 5468 529 5512 nera
563 5463 905 5521 consecutos,
934 5471 963 5506 a
991 5453 1211 5510 Christo
1237 5457 1464 5526 ejusque
1490 5459 1639 5512 omni
1671 5457 1975 5513 sacerdotio

471 5631 518 5664 “
555 5629 666 5685 Tit.
703 5644 743 5694 ι,
774 5629 832 5684 8.

1982 3181 2032 3243 ο

2105 497 2251 561 Ἔτι,
2279 498 2432 550 πᾶσα
2483 492 2748 566 προδοσία
2791 491 2885 547 καὶ
2945 487 3198 559 πονηρία,
3236 487 3496 556 μέγιστον
3542 487 3603 543 δν

2033 590 2092 642 ἐν
2120 591 2234 652 τοῖς
2262 587 2543 664 δημοσίοις
2571 586 2840 653 ἀδίκημα,
2871 585 2985 643 τοῖς
3017 582 3205 651 νόμοις
3247 583 3330 645 τίς
3386 580 3605 651 χείρους

2035 680 2322 734 ὑπόκειται
2360 679 2572 741 ποινάς.
2623 677 2952 748 Παράνομον
3026 675 3209 730 τοίνυν
3275 672 3370 726 τὸν
3429 672 3605 736 οὓτως

2034 771 2341 826 ὑπεύθυνον
2363 771 2458 824 ὲπί
2492 789 2544 829 τι
2570 769 2957 839 λειτούργημα
2980 767 3172 822 καλεῖν
3191 782 3205 795 ·
3235 765 3416 833 πολλῷ
3463 766 3603 834 μᾶλρ

2034 865 2127 920 λον
2152 863 2624 936 παρανομώτερον
2647 861 2979 934 ἐγχειρίζειν
3008 861 3158 930 αὐτῷ
3180 859 3282 930 τὴν
3310 859 3424 913 τῶν
3447 858 3608 912 θείων

2033 956 2232 1026 ἀρχήν.

2111 1047 2235 1097 Ἔτι
2275 1045 2353 1097 δεῖ
2382 1045 2555 1098 πάντα
2590 1043 2684 1096 τὸν
2714 1042 2853 1110 πρὸς
2928 1040 3351 1111 ἀρχιερωσύνην
3410 1041 3612 1094 καλοῦ-

2040 1151 2224 1204 μενον,
2267 1137 2364 1189 καὶ
2393 1133 2583 1203 ψυχῶν
2635 1133 2998 1202 προστασίαν,
3037 1132 3137 1202 τὴν
3165 1131 3258 1183 τοῦ
3289 1131 3425 1184 Θεοῦ
3461 1149 3616 1201 περι-

2039 1228 2229 1297 φέρειν
2257 1225 2436 1297 ἐαυτῷ
2505 1226 2914 1298 μαρτυρίανοὴ
2957 1224 3005 1278 δ’
3061 1226 3232 1290 ἐστὶν,
3289 1243 3305 1276 ι
3367 1223 3611 1288 Δίκαιος,

2040 1319 2353 1386 ἄμεμπτος,
2387 1319 2726 1386 ἀπεχόμενος
2753 1317 2861 1370 ἀπὸ
2892 1315 3094 1377 παντὸς
3123 1313 3390 1385 πονηροῦ.
3427 1333 3447 1367 ι
3479 1315 3616 1367 Τοὺ-

2040 1411 2252 1464 ναντίον
2277 1410 2333 1462 δὲ
2361 1411 2471 1466 πᾶν
2499 1412 2548 1462 oi
2577 1409 2889 1478 Παλαμῖται
2921 1409 3210 1476 συγγνοῖεν
3251 1407 3318 1462 ἂν
3380 1408 3614 1470 ἑαυτοῖς,

2041 1502 2096 1554 ετ
2115 1520 2174 1568 γε
2205 1501 2478 1555 ἐθέλουσιν
2498 1517 2513 1532 ⁶
2548 1502 2783 1577 ἀναξίως
2831 1501 2938 1571 ἄρα
2959 1496 3056 1554 οὖν
3084 1499 3184 1557 καὶ
3211 1501 3312 1569 τὴν
3345 1500 3440 1552 τοῦ
3471 1499 3607 1552 Θεοῦ

2043 1596 2208 1660 ἁγίαν
2246 1595 2574 1665 Ἐκκλησίαν
2606 1593 2832 1662 ἔλαχον·
2867 1594 2961 1646 καὶ
2991 1591 3174 1648 οὐκέτ’
3227 1591 3296 1646 ἂν
3355 1585 3504 1648 οὗτοι
3537 1593 3616 1645 δι,-

2041 1688 2214 1749 καίως
2241 1687 2374 1754 ἁγία
2421 1685 2517 1740 τοῦ
2559 1684 2695 1740 Θεοῦ
2737 1684 3049 1754 Ἐκκλησία
3099 1683 3386 1752 κληθεῖεν·
3415 1684 3616 1752 μᾶλλον

2057 1781 2155 1849 μὲν
2180 1776 2274 1833 οῦν
2305 1780 2406 1850 τῆς
2435 1779 2531 1832 τοῦ
2561 1778 2696 1840 Θεοῦ
2723 1777 3053 1847 Ἐκκλησίας
3084 1776 3400 1840 ἀποστάτας
3417 1777 3621 1830 δικαιό-

2054 1889 2212 1942 τερον
2235 1873 2300 1927 ἄν
2330 1889 2414 1934 τις
2457 1871 2660 1942 αὐτοὺς
2689 1867 2833 1924 εὶναι
2867 1870 3025 1939 φαίη.

2647 1986 2901 2040 ΚΕΦΑΛ.
2929 1988 3001 2040 Δ’.

2046 2105 2114 2158 El
2145 2103 2282 2169 ἁγία
2316 2099 2422 2154 τοῦ
2471 2099 2619 2153 Θεοῦ
2671 2099 2842 2169 ἐστιν
2881 2099 3217 2166 Ἐκκλησία
3273 2099 3312 2165 ἠ
3352 2099 3451 2169 καὶ
3507 2100 3622 2167 πρὸ

2117 2167 2223 2227 τοῦ
2251 2169 2562 2237 συστῆναι
2598 2168 2760 2239 παρὰ
2789 2169 3093 2239 τῆς-,θείας
3135 2169 3232 2225 καί
3265 2167 3427 2236 ἱερᾶς
3475 2187 3624 2224 συν-

2117 2243 2261 2297 όδου
2285 2241 2706 2306 καθαιρεθεῖσα
2732 2240 2833 2300 καί
2855 2238 2936 2304 τῷ
2958 2239 3284 2308 ἀναθέματι
3306 2255 3614 2310 παραπεμ-

2117 2313 2357 2381 φθεῖσα.

2079 2474 2088 2483 .
2131 2426 2219 2490 Ὠς
2244 2425 2311 2480 ἂν
2344 2425 2529 2479 τοίνυν
2563 2424 2662 2495 τὴν
2695 2423 2871 2489 οὕτως
2901 2423 3148 2496 αἰσχρῶς
3199 2427 3483 2478 συστᾶσαν
3518 2442 3623 2493 φα-

2048 2517 2207 2586 τρίαν
2239 2517 2315 2586 μὴ
2351 2517 2511 2583 μόνον
2537 2515 2597 2582 ἐξ
2633 2517 2761 2570 οἵων
2789 2515 2902 2570 τῶν
2939 2514 3210 2586 ἀφορμῶν
3232 2516 3468 2582 συνέστη
3496 2532 3622 2570 σκο-

2051 2613 2175 2665 πεῖν
2212 2611 2452 2666 ἐθέλοιεν
2483 2610 2535 2663 οί
2567 2609 2637 2662 τὰ
2685 2609 2778 2662 τοῦ
2811 2609 3054 2677 Χριστοῦ
3087 2611 3312 2680 φρονεῖν
3366 2609 3626 2677 βουλόμε-

2052 2721 2156 2764 νοι,
2219 2701 2336 2756 ἀλλ’
2384 2701 2466 2755 ἔτι
2507 2699 2901 2770 ἀγεννέστερον
2957 2699 3106 2769 ἔχειν
3146 2701 3386 2768 ἡγοῖντο,
3437 2698 3535 2752 καὶ
3567 2698 3625 2768 ἐξ

2055 2788 2131 2847 ὧν
2158 2795 2277 2846 κατ’
2305 2792 2514 2858 αὐτῶν)
2557 2792 2652 2846 καὶ
2707 2793 2814 2860 πρὸ
2840 2789 2938 2844 τοῦ
2968 2792 3068 2859 τὴν
3123 2791 3412 2859 προδοσίαν
3443 2790 3628 2853 αὐτοῖς

2055 2887 2134 2947 εἰς
2163 2885 2324 2957 ἔργον
2378 2885 2627 2956 ἐκϐῆναι,
2701 2882 2854 2953 παρὰ
2901 2881 3001 2954 τῆς
3046 2883 3262 2952 άληθῶς
3318 2882 3480 2950 ἁγίας
3531 2880 3626 2934 τοῦ

2058 2975 2194 3027 Θεοῦ
2269 2975 2598 3046 Ἐκκλησίας
2659 2975 3002 3043 πέπρακται,
3075 2973 3234 3040 ὀλίγα
3296 2973 3406 3026 τῶν
3469 2970 3628 3041 ἱερῶν

2058 3067 2274 3136 ἐκείνης
2305 3067 2717 3137 ὑπομνημάτων
2742 3068 2821 3129 εἰς
2848 3065 3012 3135 μέσον
3035 3066 3250 3134 ἀγάγω.

2143 3163 2200 3214 '0
2227 3163 2327 3231 μὲν
2359 3161 2454 3216 οῦν
2485 3160 2801 3232 μακαρίτης
2826 3160 2921 3216 καὶ
2947 3159 3122 3229 μέγας
3181 3159 3239 3219 ὲν
3265 3156 3631 3242 πατριάρχαις

2059 3251 2086 3303 ὁ
2128 3249 2468 3320 ὀμολογητὴς
2495 3248 2750 3318 Ἰωάννης
2783 3249 2842 3303 ιν
2894 3248 3117 3313 πολλαῖς
3171 3248 3274 3318 μὲν
3317 3249 3412 3302 καὶ
3446 3247 3634 3316 διαφόο

2061 3362 2174 3417 ροις
2207 3343 2375 3398 αὐτοῦ
2410 3343 2714 3405 συνοδικοῖς
2739 3341 3006 3412 πράξεσιν
3046 3332 3437 3412 ἀποκήρυκτον
3467 3339 3631 3394 θείων

2059 3435 2363 3506 περιϐόλων
2393 3435 2716 3503 ἀπεφήνατο
2752 3431 3046 3500 Παλαμᾶν,
3085 3432 3182 3485 καὶ
3215 3433 3342 3496 τοὺς
3389 3448 3634 3502 συμερροο

2059 3525 2284 3589 νοῦντας
2320 3523 2469 3594 αὐτῷ
2491 3541 2506 3556 ο
2534 3524 2593 3575 ὲν
2620 3523 2675 3577 δὲ
2701 3525 2769 3596 τῇ
2823 3523 2960 3593 πρὸς
2999 3523 3100 3594 τὴν
3134 3522 3434 3598 λῃστρικὴν
3491 3522 3634 3578 usi.-

2061 3634 2157 3686 νην
2189 3617 2406 3670 σύνοδον
2434 3615 2723 3688 ἀπολογίᾳ,
2775 3612 2843 3692 ἦς
2889 3617 2919 3686 ἡ
2967 3619 3130 3686 ἁρχὴ,
3182 3613 3635 3682 Προϐάλνιονταί

2060 3722 2243 3770 τινες,
2276 3724 2294 3757 ι
2333 3705 2420 3758 ἵνα
2444 3707 2511 3760 τὰ
2537 3704 2822 3760 τελευταῖα
2852 3705 3071 3776 τάνδρὸς
3088 3705 3419 3776 ἀναμνησθῶ
3445 3722 3636 3776 mrop-

2062 3798 2293 3867 θώματα
2327 3817 2342 3832 ο
2381 3819 2398 3850 ι
2440 3799 2580 3862 Τοὺς
2632 3799 2954 3869 Παλαμίτας
3010 3797 3127 3863 οῦν,
3166 3815 3186 3850 ι
3239 3801 3427 3868 φησὶν,
3486 3815 3506 3848 ι
3557 3799 3635 3860 ὡς

2063 3891 2541 3960 συκοφαντοῦντας
2616 3893 2711 3943 καὶ
2751 3890 3142 3954 διαϐάλλοντας
3199 3889 3302 3958 τὴν
3345 3890 3631 3960 ἀλήθειαν,

2063 3984 2162 4036 καὶ
2197 3983 2428 4046 σκολιῶς
2472 3983 2568 4036 καὶ
2618 3983 2946 4052 πανούργως
2989 3984 3319 4053 ἀνατρέπειν
3366 3981 3641 4052 πειρωμέ-

2065 4095 2196 4140 νους
2224 4076 2323 4138 τὰς
2348 4075 2452 4144 τῆς
2487 4074 2717 4144 πρώτης
2750 4071 2972 4128 συνόδου
3028 4075 3360 4141 ἀποφάσεις,
3407 4073 3483 4142 τῷ
3531 4074 3638 4126 ἀπὸ

2064 4169 2164 4238 τῆς
2195 4168 2360 4234 ἁγίας
2381 4169 2477 4219 καί
2511 4165 2801 4235 ὁμοουσίου
2836 4167 2930 4218 καὶ
2955 4166 3232 4235 μακαρίου
3261 4167 3357 4222 καὶ
3398 4165 3639 4233 ζωαρχι-

2066 4261 2168 4330 κῆς
2201 4259 2432 4330 Τριάδος
2461 4256 2754 4328 ἀφορισμῷ
2782 4259 2814 4327 ἡ
2865 4260 3159 4328 μετριότης
3192 4258 3348 4328 ἡμῶν
3395 4257 3640 4312 καθυπο-

2068 4353 2274 4418 ϐάλλει,
2310 4351 2404 4404 καὶ
2439 4353 2550 4422 ἀρᾷ
2612 4351 2979 4418 ἁναΟέματος,
3017 4350 3122 4412 ἓως
3156 4350 3222 4402 ἂν
3260 4352 3640 4419 μετανοήσωσι

2068 4445 2163 4496 καὶ
2218 4443 2575 4512 ἐπιγράφωσι
2611 4441 2706 4502 καὶ
2755 4442 3135 4512 ὁμολογήσωσι
3168 4444 3266 4510 τὴν
3293 4441 3576 4510 ἀλήθειαν.
3613 4457 3632 4491 ι

2001 4535 2043 4588 D
2075 4536 2184 4587 Καὶ
2217 4533 2359 4602 μετά
2381 4553 2500 4594 τινα
2529 4552 2541 4564 ·
2583 4553 2602 4585 ι
2633 4535 2711 4588 Δι’
2767 4533 2804 4588 ἃ.
2865 4538 2962 4587 καὶ
2999 4533 3163 4587 αὐτὸν
3215 4533 3307 4585 τὸν
3357 4533 3640 4602 Παλ-αμᾶν,

2074 4629 2168 4683 καὶ
2192 4628 2318 4690 τοὺς
2347 4627 2656 4702 ὁμόφρονας
2684 4627 2835 4696 αὐτῷ
2886 4627 2983 4680 καὶ
3013 4627 3221 4690 πάντας
3279 4625 3408 4688 τοὺς
3441 4626 3642 4678 διεκδι-

2075 4719 2307 4781 κοῦντας
2355 4718 2425 4770 τὰ
2480 4717 2704 4770 τοιαῦτα
2772 4717 3082 4790 καινοφανῆ
3133 4717 3380 4786 δόγματα
3416 4717 3511 4775 καὶ
3565 4715 3642 4785 μὴ

2075 4810 2548 4881 ἀποϐαλλομένους
2573 4811 2740 4884 αὐτὰ,
2771 4809 2850 4886 τῷ
2886 4809 3036 4882 αὑτῷ
3060 4808 3353 4880 ἀφορισμῷ
3409 4808 3646 4868 καθυπέ-

2077 4903 2260 4958 ϐαλεν.
2296 4923 2314 4955 ι

2139 4998 2199 5049 Οί
2229 4994 2526 5063 δ’ὕστερον
2579 4995 2672 5046 ἐπὶ
2699 4993 2821 5046 δυσὶ
2879 4993 2977 5048 καὶ
3022 4992 3199 5046 εἴκοσι
3257 4991 3355 5060 τὴν
3419 4989 3640 5044 σύνοδον

2072 5086 2518 5157 ἁποπληροῦντες
2571 5087 2876 5158 ἀρχιερεῖς,
2909 5082 3289 5153 συλληπτικῶς
3319 5081 3391 5144 τά
3441 5097 3500 5132 τε
3537 5079 3645 5147 πρὸ

2075 5181 2257 5233 αὐτῶν
2290 5181 2430 5250 ὑπὲρ
2496 5181 2595 5248 τῆς
2659 5178 2944 5240 εὐσεϐείας
2998 5175 3336 5246 πραχθέντα,
3399 5172 3646 5243 καυμετ⁹

2077 5271 2259 5325 αὐτῶν
2303 5274 2383 5337 είς
2416 5271 2564 5342 ἱερὸν
2625 5269 3112 5343 ἐπισημειούμενοι
3145 5269 3325 5338 Τόμον
3380 5269 3475 5322 καὶ
3519 5267 3648 5329 τοὺς

2075 5367 2343 5436 πρότερον
2386 5362 2766 5436 ἐκκηρύκτους
2790 5363 2970 5436 liv-mg,
3010 5362 3086 5426 ᾡς
3121 5361 3438 5432 ὴκηκόειτε,
3469 5359 3649 5420 Παλα-

2085 5458 2272 5528 μίτας,
2308 5451 2472 5518 ἆθλον
2523 5454 2815 5530 προδοσίας
2855 5455 2951 5530 τὰς
3006 5452 3369 5528 ἀρχαιρεσίας
3413 5465 3648 5522 κομισα-

477 5813 540 5882 (ι)
565 5811 802 5868 Joannes
837 5815 1148 5882 patriarcha
1195 5816 1472 5874 Palamitis
1520 5817 1800 5886 infensus;
1832 5829 1960 5888 puto
1993 5820 2220 5885 Beccus,
2256 5835 2362 5874 non
2389 5820 2414 5872 ὁ
2449 5816 2680 5879 Γλύκυς.

4009 281 4074 354 ‘5
