4088 6440
431 413 552 477 70]

1155 409 1792 474 PALAMITICARUM
1823 409 2577 473 TRANSGRESSIONUM
2613 413 2869 474 LIBER.

3577 411 3686 479 710

426 529 652 598 μένους,
709 519 951 592 Χριστοῦ
993 537 1082 586 τε,
1124 522 1219 576 καὶ
1280 523 1383 589 τῆς
1438 519 1561 574 κατ’
1602 519 1766 574 αὐτὸν
1818 519 2002 590 πάσης

2117 520 2508 589 ιὺερίηιιοιιιοε,
2533 537 2632 579 nec
2659 538 2765 578 non
2791 523 3017 594 paribus
3041 539 3137 582 eos
3167 527 3419 584 censuris
3471 529 3679 598 poenis-

426 619 729 693 ἱερωσύνης
756 618 1142 678 ἐκκόπτοντες,
1174 613 1266 667 καὶ
1300 616 1415 676 τοῖς
1467 616 1606 676 ῐσοις
1648 613 1846 676 αὐτοὺς
1895 629 1998 666 κα-

425 712 862 772 θυποόάλλοντες
893 707 1216 780 ἐπιτιμίοις,
1247 705 1392 768 οὕτω
1447 707 1611 774 φασὶν
1659 708 1718 760 ἐν
1769 705 1998 777 Πράξει,

423 803 490 878 ἧς
521 809 554 877 ἡ
589 805 758 875 ἁρχὴ,
786 797 1135 865 Ἀκούσατε,
1188 800 1376 870 φυλαί
1408 799 1519 869 τῆς
1547 799 1662 870 γῆς
1689 801 1782 853 καὶ
1810 801 2002 870 γλῶσ.

425 915 532 952 σαι
566 914 578 927 ·
623 918 641 950 ι
679 897 790 951 Καὶ
825 893 1049 965 πρῶτον
1077 891 1280 946 αὐτίκα
1311 890 1406 942 τὸν
1455 891 1537 951 είς
1571 891 1883 961 ύποψήιριον
1907 908 2000 942 τε-

427 991 624 1044 λοῦντα
670 990 768 1056 τῆς
801 985 1116 1054 ἁγιωτάτης
1171 982 1560 1054 μητροπόλεως
1606 970 2000 1051 Μονεμϐασῐας

439 1083 715 1149 Ἰσίδωρον
787 1077 1090 1147 πειρῶνται
1149 1077 1258 1128 τῶν
1299 1075 1394 1129 τοῦ
1457 1075 1696 1144 Παλαμᾶ
1749 1075 1845 1127 καὶ
1901 1073 2002 1135 τῆς

427 1175 638 1227 ἐκείνου
675 1171 989 1242 συμμορίας
1030 1170 1340 1234 ἀποστῆσαι
1385 1167 1702 1237 δογμάτων.
1735 1161 1845 1217 Ἶίν
1888 1163 2000 1232 γὰρ

426 1266 489 1332 δὴ
531 1265 625 1319 καὶ
652 1258 810 1326 οὗτος
836 1259 920 1324 εἷς
950 1262 1060 1315 τῶν
1087 1263 1155 1314 τὰ
1185 1261 1398 1314 ἐκείνου
1431 1257 1798 1329 φρονούντων,
1829 1255 1878 1308 εί
1907 1255 2000 1307 καὶ

427 1358 602 1412 λαθὼν
648 1360 766 1418 ταῖς
801 1356 1222 1427 ἀρχιερατικαίς
1255 1352 1498 1406 ὑπέπεσε
1547 1350 1772 1418 ψήφοις.
1822 1345 2000 1400 Ἀντί-

425 1468 596 1502 τυπον
642 1449 699 1502 δὲ
733 1449 827 1501 καὶ
860 1447 1052 1500 τοῦτον
1076 1444 1375 1514 εὑρηκότες
1407 1443 1502 1496 καὶ
1538 1439 1824 1500 παντελῶς
1845 1438 2002 1492 ἀνέν-

425 1541 595 1606 δοτον,
633 1539 725 1594 τοῦ
758 1537 904 1610 ἱεροῦ
936 1536 1264 1592 ἐκϐάλλουσι
1301 1535 1568 1604 βήματος,
1615 1546 1992 1600 παρεσκευασο

430 1634 590 1702 μένον
621 1633 722 1702 ἤδη
756 1630 1200 1698 συλλειτουργείν
1259 1628 1600 1700 πατριάρχῃ.
1640 1620 1770 1676 Εἶτα
1798 1623 1892 1676 καὶ
1920 1623 2000 1683 εἰς

426 1724 606 1792 κρίσιν
634 1721 910 1776 καλοῦσιν.
961 1718 1020 1771 'U
1038 1719 1095 1771 δὲ
1130 1714 1383 1785 φανερῶς
1422 1713 1768 1783 ὁμολογήσας
1798 1710 1901 1762 οὐκ
1934 1708 2002 1761 ἂν

427 1815 756 1886 αἱρήσεσθαι
796 1813 865 1866 τὰ
889 1812 1140 1875 ἐκείνων,
1180 1809 1318 1863 ἀλλὰ
1353 1807 1444 1860 καὶ
1487 1807 1586 1875 τὴν
1628 1804 1809 1874 ψυχὴν
1866 1817 2004 1872 προ-

426 1909 612 1962 δοῦναι
648 1908 790 1975 μετά
820 1903 922 1975 τῆς
973 1902 1330 1972 Ἐκκλησίας,
1381 1899 1414 1968 ἢ
1465 1897 1799 1967 ἀσύμφωνος
1849 1893 1998 1961 γενέ-

430 2001 554 2053 σθαι
577 1999 655 2069 τῷ
692 1998 949 2067 Παλαμᾷ,
979 1998 1029 2048 εί
1051 2013 1134 2059 τις
1169 1993 1434 2064 βιάσαιτοο
1461 1991 1790 2060 ἀπαρνεῖται
1814 1988 2000 2055 ἀρχιε-

429 2093 676 2168 ρωσύνην
708 2093 798 2144 καί
823 2089 1144 2158 ἐκκλησίαν,
1195 2081 1262 2157 ἦς
1285 2082 1640 2154 ἐπεκηρύχθη
1671 2078 1997 2140 ἐπίσκοπος·

427 2186 624 2240 οὐκοῦν
665 2187 760 2238 καὶ
801 2180 1123 2252 καθαιρέσει
1166 2177 1419 2247 συνοδικῇ
1482 2172 1888 2228 ὑποϐάλλεται·
1924 2170 2001 2232 ῶς

429 2278 525 2329 καὶ
554 2277 695 2345 μετά
716 2274 914 2346 μικρὸν
941 2271 1395 2345 χειροτονηθῆναι
1420 2268 1520 2338 τῆς
1546 2265 1823 2336 λαχούσης
1842 2261 2002 2316 αὐτὸν

429 2365 636 2434 ἕτερον.
680 2383 698 2416 ι

511 2458 570 2510 '0
607 2457 660 2509 δέ
691 2473 754 2525 γε
778 2453 1019 2526 ἀρχηγὸς
1042 2453 1138 2506 καὶ
1168 2445 1484 2519 προστάτης
1511 2443 1621 2498 τῶν
1640 2440 2006 2513 βλασφημιῶν

434 2549 716 2618 Παλαμᾶς,
769 2545 836 2598 τά
877 2545 967 2597 ίσα
994 2543 1088 2597 καὶ
1114 2540 1274 2604 αὐτὸς
1304 2539 1442 2610 μετά
1469 2539 1569 2606 τῆς
1607 2536 1883 2606 ἐταιρείας
1911 2535 2005 2589 αὑ-

431 2640 525 2694 τοῦ
556 2635 995 2709 καταψηφισθεὶς
1022 2632 1170 2705 (οὔτε
1198 2632 1307 2704 γὰρ
1347 2630 1448 2701 τῆς
1496 2628 1802 2692 ὲνστάσεως
1843 2625 2011 2679 ἐνεδί-

433 2734 548 2797 δου,
574 2730 688 2785 οὗθ’
717 2728 965 2784 ὁπωσοῦν
997 2726 1240 2797 καθυφίη
1275 2724 1375 2796 τῆς
1395 2723 1592 2791 ἀλόγου
1645 2719 2009 2789 ἀδολεσχίας),

433 2825 769 2895 ἐκκὴρυκτος
795 2822 895 2890 τῆς
941 2817 1267 2889 Ἐκκλησίας
1295 2813 1431 2869 Θεοῦ
1462 2813 1557 2868 καὶ
1584 2811 1888 2883 ἱερωσύνης
1921 2810 2010 2879 γί-

435 2928 606 2978 νεται,
633 2910 708 2972 ὥς
735 2926 796 2977 γε
827 2907 1062 2978 ,διέξεισι
1113 2907 1184 2959 τά
1213 2905 1336 2959 κατ’
1384 2903 1565 2958 αὐτῶν
1603 2902 2010 2982 ῥπομνήματα,

2105 625 2212 679 que
2240 613 2633 681 mancipantes,
2671 615 2750 668 sic
2783 615 2957 681 aiunt,
2995 616 3048 670 in
3072 617 3308 685 actione,
3341 624 3501 689 cujus
3519 637 3685 674 exor-

2103 704 2250 758 dium
2290 723 2304 758 :
2339 705 2532 760 Audite
2567 706 2735 760 tribus
2767 716 2922 762 terrm
2951 719 2999 762 et
3025 707 3220 778 lingua:
3245 725 3264 764 :
3302 713 3407 767 «Ac
3445 714 3682 780 primum

2102 796 2312 862 statim,
2338 798 2696 853 sanctissimae
2726 798 3119 856 Monembasete
3151 803 3514 872 metropolcos
3561 804 3685 859 suf-

2104 886 2415 962 iraganenm
2441 893 2788 950 cxsistentem
2815 893 3102 960 lsidorum,
3132 909 3160 948 a
3188 894 3438 957 Palamae,
3457 895 3690 964 ejusqve

2103 982 2357 1038 factionis
2394 998 2458 1036 ac
2485 983 2872 1052 partiariornm
2899 985 3169 1056 dogmatis
3189 1001 3419 1040 avocare
3479 1002 3688 1040 conan-

2103 1083 2213 1130 tur.
2276 1073 2403 1128 Erat
2429 1075 2571 1128 enim
2604 1076 2650 1128 is
2679 1091 2898 1145 quoque
2923 1093 3066 1131 unus
3091 1093 3281 1132 eorum
3304 1079 3396 1148 qui
3430 1080 3575 1134 illius
3629 1094 3689 1133 e-

2103 1173 2227 1220 rant
2251 1166 2544 1234 opinionis,
2571 1183 2883 1238 quanquam
2913 1168 3250 1237 imprudens,
3277 1171 3685 1238 episcOpalihus

2105 1257 2373 1312 obnoxius
2409 1257 2584 1314 factus
2613 1260 2902 1315 sententiis
2955 1271 3057 1315 est.
3116 1261 3494 1316 Reluctantem
3557 1276 3690 1315 vero

2106 1347 2254 1402 illum
2289 1348 2579 1418 innexique
2605 1366 2830 1421 prorsus
2867 1353 3034 1406 animi
3089 1368 3154 1408 ac
3217 1355 3481 1422 propositi
3547 1369 3674 1406 cum

2105 1434 2462 1506 invenissent,
2499 1456 2529 1495 e
2555 1457 2714 1496 sacro
2747 1443 3002 1496 tribunali
3026 1443 3551 1510 eiiciunt,'cumjam
3579 1459 3682 1512 pao

2106 1538 2257 1584 ratus
2291 1540 2436 1586 esset
2460 1545 2583 1584 cum
2619 1533 2929 1600 patriarcha
2957 1548 3067 1586 rem
3094 1549 3307 1588 sacram
3339 1533 3517 1588 facere
3549 1548 3688 1587 uua-

2105 1637 2213 1690 que
2249 1623 2545 1678 celebrare.
2587 1623 2790 1680 Deinde
2815 1626 2978 1682 etiam
3044 1627 3110 1680 ad
3143 1626 3407 1696 judicium
3463 1635 3685 1683 vocant.

2106 1712 2155 1766 is
2177 1728 2328 1780 vero,
2362 1715 2539 1784 palam
2565 1715 2868 1786 professus,
2902 1733 3181 1786 nunquam
3219 1733 3438 1787 se,quze
3471 1716 3692 1772 illorum

2105 1819 2308 1874 essent,
2347 1821 2715 1880 recepturum,
2747 1811 2879 1882 quin
2908 1823 2991 1866 .et
3026 1812 3262 1865 animam
3297 1810 3474 1879 potius
3526 1809 3700 1862 tradi-

2109 1909 2288 1957 turum
2311 1907 2366 1954 et
2390 1901 2706 1967 Ecclesiam,
2741 1918 2905 1972 quam
2936 1909 3046 1956 uta
3081 1901 3298 1956 Palama
3349 1903 3688 1970 dissentiret,

2103 1996 2150 2052 si
2176 2009 2297 2065 quae
2323 1994 2399 2048 illi
2437 1996 2517 2049 vis
2553 1996 2922 2061 adhiberetur,
2980 1996 3275 2060 pontiﬁcali
3299 1997 3542 2065 dignitati
3605 2012 3695 2050 re-

2103 2088 2342 2153 nuntiat,
2373 2095 2428 2141 et
2465 2085 2736 2153 Ecclesite,
2765 2089 2851 2142 cui
2884 2085 3182 2156 Episcopus
3213 2085 3389 2140 fuerat
3417 2089 3690 2142 constiti:-

2107 2185 2214 2232 tus.
2247 2176 2432 2242 Itaque
2455 2175 2620 2229 etiam
2646 2175 2920 2246 synodicae
2939 2175 3268 2244 depositioni
3287 2176 3596 2246 subjicitur,
3619 2180 3696 2234 ita

2107 2272 2166 2318 ut
2184 2265 2344 2332 paulo
2366 2274 2485 2334 p05t
2500 2264 2640 2318 alius
2662 2265 3008 2319 ordinaretur
3025 2263 3146 2333 ejus
3167 2263 3422 2319 Ecclesia;
3468 2269 3695 2336 praesul,

2107 2374 2269 2428 quam
2295 2358 2385 2413 ille
2416 2367 2560 2414 esset
2597 2365 2809 2412 nactus.

2177 2448 2280 2514 Qui
2309 2456 2490 2504 autem
2509 2447 2973 2516 blasphemiarum
3004 2462 3210 2516 auspex
3243 2458 3388 2504 esset
3421 2463 3484 2502 ac
3533 2449 3679 2503 Prm-

2110 2552 2200 2594 ses
2252 2537 2522 2601 Palamas,
2609 2535 2726 2606 ipse
2779 2551 2998 2606 quoque
3043 2538 3159 2607 pari
3205 2552 3331 2592 cum
3409 2538 3694 2594 sodalibus

2111 2635 2344 2689 innexus
2393 2629 2662 2686 sententia
2728 2630 2944 2700 (quippe
3001 2645 3128 2684 eum
3211 2629 3346 2685 nihil
3430 2631 3699 2700 pugnacis

2112 2722 2278 2778 animi
2330 2721 2688 2776 obnitentiam
2769 2721 3093 2784 remitteret,
3143 2735 3206 2776 ac
3262 2722 3345 2778 vel
3400 2722 3691 2776 minimum

2114 2816 2378 2873 absonam
2424 2815 2792 2884 nugacitatem
2847 2829 2910 2870 ac
2955 2815 3329 2881 garrulitatem
3399 2814 3696 2884 minueret)

2113 2907 2184 2962 ab
2217 2906 2460 2963 Ecclesia
2485 2904 2580 2960 Dei
2604 2919 2668 2960 ac
2692 2905 2999 2960 sacerdotio
3035 2905 3340 2968 abdicatur,
3371 2908 3446 2960 uti
3469 2915 3702 2962 narrant

437 3003 827 3074 σεσημασμένα
855 3000 960 3053 ὑπό
996 3017 1056 3052 τε
1083 2998 1180 3054 τοῦ
1227 2999 1348 3052 τότε
1402 2995 1866 3068 πατριαρχοῦντος
1916 2997 2011 3066 τῆς

2117 2996 2318 3068 scripta
2339 2997 2395 3052 in
2424 3010 2520 3052 eos
2565 2995 2983 3058 commentaria,
3049 2996 3210 3064 regite
3260 2995 3414 3050 urbis
3467 2997 3702 3066 patriar-

438 3094 715 3165 βασιλείας
743 3093 853 3146 τῶν
881 3093 1108 3156 πόλεων,
1138 3091 1246 3145 ὑπό
1274 3108 1333 3144 τε
1367 3089 1461 3144 τοῦ
1493 3088 1630 3160 Θεοῦ
1663 3089 1869 3151 πόλεως
1903 3086 2011 3142 Ἀν·

2118 3089 2254 3155 ειιιιι,
2294 3103 2393 3143 nec
2424 3103 2530 3142 non
2587 3084 2930 3155 Theopoleos
2964 3085 3289 3146 Antiochiae.
3327 3086 3701 3157 singulornma

440 3186 696 3256 τιοχείας,
719 3185 938 3240 καὶτῶν
968 3183 1090 3238 καθ’
1110 3184 1340 3238 ἕκαστον
1367 3182 1694 3254 ἀρχιερέων,
1719 3181 1900 3235 τῶντε
1921 3181 2011 3234 νῦν

2119 3197 2229 3250 que
2262 3181 2672 3251 episcoporum,
2735 3187 2868 3242 tun;
2911 3177 3003 3248 qui
3060 3193 3209 3234 nunc
3260 3179 3348 3234 hic
3402 3189 3702 3249 praesentes

441 3277 625 3331 ἐνθάδε
655 3280 956 3349 παρόντων,
989 3278 1085 3330 καὶ
1116 3275 1226 3329 τῶν
1254 3277 1333 3338 εἰς
1361 3275 1456 3337 τὰς
1479 3271 1752 3344 λαχούσας
1803 3272 2012 3328 ἰόντων.

440 3371 652 3424 Γίνεται
679 3370 778 3439 μέν
815 3368 990 3432 οὕτως
1022 3370 1056 3439 ἡ
1091 3367 1299 3428 τούτων
1325 3364 1643 3434 καθαίρεσις
1666 3363 1760 3417 καὶ
1789 3362 2013 3433 ἐπίσχεν

442 3480 524 3525 σις
557 3462 652 3515 καὶ
689 3461 860 3532 ἀργία
887 3475 900 3492 ³
940 3462 988 3512 εί
1015 3459 1109 3514 καὶ
1162 3457 1330 3530 μηδὲν
1385 3455 1721 3528 ἡγησάμενοι
1765 3452 1864 3524 τὴν
1893 3455 2018 3505 ἐπι-

437 3556 680 3626 τίμησιν,
713 3553 1022 3624 ἀντείχοντο
1046 3553 1143 3622 τῆς
1171 3549 1493 3622 ἱερωσύνης,
1545 3547 1836 3620 τολμηρῶς
1881 3548 2017 3603 ἀνα-

440 3648 697 3720 φέροντες
726 3646 823 3711 τὰς
851 3645 1118 3717 μυστικὰς
1148 3645 1206 3698 ἐν
1235 3641 1540 3715 ἀποκρύφῳ
1572 3640 1786 3708 θυσίας.

511 3921 585 3975 Te
604 3920 650 3974 δ’
680 3919 828 3990 ἐξῆς,
859 3917 1082 3988 εἰρήνης
1113 3914 1280 3985 οὔσης
1335 3915 1402 3984 τῇ
1455 3909 1551 3965 τοῦ
1585 3909 1723 3964 Θεοῦ
1786 3906 2020 3976 Ἐκκλη-

444 4017 554 4089 σίᾳ,
583 4015 678 4070 καὶ
706 4015 784 4084 τῷ
815 4014 973 4084 μέρει
1000 4013 1174 4080 τούτῳ
1198 4007 1308 4062 τῶν
1347 4005 1690 4077 πραγμάτων
1716 4002 2019 4074 ἡσυχαζόν-

441 4125 570 4170 των,
606 4105 810 4177 σφοδρά
836 4122 917 4169 τις
951 4104 1196 4158 ἀντιπνεῖ
1236 4100 1463 4169 λαῖλαψ,
1505 4101 1570 4152 ἐκ
1596 4098 1707 4150 τῶν
1758 4098 1852 4149 τοῦ
1910 4095 2019 4148 Σα-

442 4200 579 4269 τανᾷ
605 4195 934 4268 πνευμάτων
961 4193 1354 4264 ἐκφυσηθεῖσα,
1407 4200 1501 4245 καὶ
1548 4189 1660 4244 πᾶν
1716 4189 2018 4259 ἀνατρέπει

445 4290 540 4342 καὶ
575 4287 896 4357 μετατίθησι
930 4285 1010 4348 είς
1040 4282 1284 4336 κλύδωνα
1309 4281 1544 4352 χαλεπόν
1576 4295 1591 4310 ·
1646 4277 1740 4330 καὶ
1777 4278 1903 4340 τοὺς
1926 4273 2020 4328 οὒ-

446 4400 523 4435 τω
553 4381 904 4451 βλασφήμους
926 4379 1320 4443 ἀναφανέντας,
1356 4374 1482 4434 τοὺς
1528 4369 1704 4432 οὕτως
1761 4367 2022 4438 ἀληθείας

447 4473 695 4544 ἐχθροὺς,
718 4471 812 4523 ἐπὶ
840 4468 950 4521 τῶν
984 4467 1216 4536 πρώτων
1243 4462 1444 4516 οἰάκων
1471 4459 1683 4524 καθίζει
1718 4473 1735 4490 ο
1798 4457 1895 4510 καὶ
1946 4456 2022 4508 ίε-

2119 3283 2266 3335 sunt,
2310 3281 2425 3326 tum
2482 3272 2577 3342 qui
2631 3272 2684 3328 in
2742 3288 2872 3330 suas
2931 3271 3221 3343 parochias
3259 3271 3462 3335 ierunt,
3523 3288 3689 3328 manu

2116 3359 2460 3426 consignata.
2498 3359 2664 3430 lnque
2703 3375 2830 3414 enm
2861 3361 3081 3416 modum
3125 3360 3341 3416 illorum
3403 3360 3547 3418 facta
3602 3364 3701 3416 ab,

2117 3450 2322 3505 dicatio
2347 3460 2455 3513 est.
2485 3451 2904 3520 interdictioque
2946 3460 3000 3507 et
3057 3453 3320 3519 cessatio,
3381 3469 3696 3524 quanquam

2120 3543 2270 3598 nullo
2339 3543 2416 3598 illi
2465 3543 2588 3608 loco
2645 3544 2907 3600 habentes
2988 3542 3248 3602 inﬂictam
3322 3545 3695 3601 ecclesiaszica

2120 3633 2595 3690 animadversione
2657 3649 2877 3714 poenam
2915 3673 2932 3698 ,
2991 3633 3357 3689 sacerdotium
3423 3636 3712 3692 nihilomi-,

2121 3743 2224 3783 nus
2248 3727 2350 3784 sibi
2409 3727 2728 3792 retinentes,
2783 3726 3044 3796 mysticas
3099 3727 3153 3780 in
3215 3727 3430 3781 occulto
3490 3728 3697 3784 hostias

2121 3819 2414 3873 temerario
2467 3833 2603 3872 ausu
2669 3817 2990 3872 offerebant.

2191 3909 2401 3964 Exinde
2429 3925 2577 3974 vero,
2610 3925 2734 3964 cum
2783 3909 2876 3965 Dei
2939 3910 3177 3968 Ecclesia
3233 3927 3367 3980 pace
3419 3913 3731 3983 gauderet-

2123 4011 2287 4074 atque
2322 4002 2424 4059 hac
2457 4010 2609 4070 parte
2667 4003 2854 4074 quieto
2921 4019 3009 4060 res
3060 4012 3205 4058 statu
3263 4015 3473 4069 essent,
3541 4007 3704 4060 turbo

2123 4093 2341 4163 quidam
2403 4109 2468 4150 ex
2509 4095 2762 4158 adverso,
2813 4095 3114 4151 vehementi
3185 4097 3422 4166 erumpit
3474 4097 3700 4166 impetu,

2127 4185 2344 4242 Satanae
2375 4196 2666 4241 ventorum
2708 4184 2835 4242 ﬂatu
2866 4187 3098 4254 excitus,
3137 4197 3443 4256 cunctaque
3506 4199 3704 4244 evertat

2125 4291 2190 4331 ac
2212 4275 2266 4330 in
2294 4291 2512 4347 gravem
2546 4276 2807 4332 transfert
2837 4279 3172 4348 procellam:
3226 4279 3416 4350 sicqtte
3449 4279 3703 4349 blasphe-

2127 4383 2248 4423 mos
2290 4369 2554 4438 proditos,
2593 4369 2674 4424 sic
2705 4369 3242 4437 veritatisinimicos,
3285 4372 3474 4440 primis
3503 4373 3698 4442 gubeto

2127 4459 2338 4514 naculis
2380 4461 2640 4529 praeﬁcitf;
2679 4476 3075 4532 sacrorumque
3129 4463 3412 4521 ministros
3447 4474 3707 4522 etsacc.-

450 4583 540 4637 pou
549 4565 710 4634 ργοὺς
736 4562 861 4625 τοὺς
881 4558 1292 4631 ἁρρητουργοὺς
1311 4552 1674 4615 ἀναδείκνυσι,
1701 4552 1795 4603 καὶ
1815 4548 2011 4619 δογμά-

2128 4547 2285 4605 dotes
2321 4549 2678 4605 nefandarum
2711 4553 3185 4622 obscenarumque
3243 4569 3423 4607 rerum
3465 4555 3700 4610 attitiecs

445 4675 554 4712 των
583 4656 894 4729 προστάτας
922 4652 1050 4715 τοὺς
1077 4648 1388 4710 ἀποστάτας
1410 4664 1424 4679 ο
1454 4647 1547 4699 καὶ
1594 4643 1781 4716 ψυχῶν
1816 4643 2024 4696 οίκονό-

450 4767 606 4821 μους,
641 4749 765 4807 coit;
796 4743 1171 4834 παρανόμου

519 4839 724 4901 Πολλὰς
754 4837 799 4891 δ’
831 4837 969 4906 ἔχων
992 4823 1362 4886 ἐπιδεικνύναι
1389 4829 1496 4881 τῶν
1534 4843 1594 4880 τε
1661 4823 2024 4897 πατριαρχῶν

446 4937 541 4988 sui.
569 4933 676 4985 τῶν
704 4928 1014 4990 ύπάὺτοῦς
1059 4923 1363 4996 ἀρχιερέων
1415 4923 1568 4991 κοινῇ
1635 4935 1695 4971 τε
1759 4919 1854 4973 καὶ
1919 4917 2029 4988 ἰδίᾳ

448 5027 730 5088 meum
763 5023 902 5076 κατὰ
924 5020 1034 5073 τῶν
1062 5019 1154 5071 τοῦ
1184 5013 1422 5085 ιιαλαμᾶ
1473 5012 1760 5082 δογμάτων
1810 5009 2030 5076 ἀποφά-

453 5137 585 5185 σεις,
615 5119 701 5170 ἵνα
727 5116 822 5179 τάς
861 5114 1042 5175 πάσας
1072 5109 1250 5179 παρῶ,
1277 5107 1407 5178 μιᾶς
1433 5106 1529 5159 καὶ
1574 5103 1743 5174 μόνης
1797 5105 2032 5171 ἐπιμνη-

451 5213 745 5282 σθήσομαι,
778 5208 848 5278 ἢν
902 5207 953 5258 oi.
989 5204 1111 5256 τότε
1152 5203 1414 5272 παρεῖχον
1463 5197 1740 5267 ἀρχιερεῖς
1777 5195 2028 5263 ’γνώμην

450 5306 530 5368 εἰς
558 5305 758 5372 δεῖγμα
789 5301 887 5368 τῆς
911 5296 1090 5352 αὐτῶν
1116 5292 1398 5353 εὐσεϐείας
1417 5305 1434 5322 ο
1469 5307 1489 5341 ι
1537 5289 1662 5342 Ὅτι
1723 5287 1929 5358 μηδένα
1949 5287 2032 5348 είς

451 5393 863 5467 ἀρχιερωσύνης
889 5389 1105 5456 ἀξίωμα
1135 5385 1384 5456 δέχεσθαι
1420 5382 1526 5452 χρὴ
1555 5380 1664 5434 τῶν
1691 5380 1790 5440 τὰς
1841 5393 2032 5430 καινο-

454 5488 656 5558 φωνίας
685 5480 1044 5551 τοῦῐιαλαμᾶ
1073 5477 1413 5548 στεργόντων
1443 5475 1538 5526 καὶ
1589 5469 2028 5540 ἀποδεχομένων,

455 5583 560 5645 ἕως
588 5581 654 5634 ἂν
686 5576 912 5637 ταύταις
939 5574 1178 5643 ἐμμένῃ.
1219 5588 1239 5622 ι

528 5669 875 5743 Τηλικούτων
901 5667 1080 5720 τοίνυν
1127 5662 1249 5718 κατ’
1278 5661 1458 5716 αὐτῶν
1518 5654 2032 5730 προκεχωρηκότων

459 5763 684 5833 ἀγώνων
719 5763 817 5816 καὶ
839 5757 1111 5829 πράξεων,
1159 5757 1207 5807 oi
1263 5751 1421 5807 πάντ’
1453 5751 1693 5812 ἀναιδεῖς
1751 5748 2030 5818 ἄνθρωποι

464 5861 626 5929 μηδὲν
657 5858 858 5913 τούτων
896 5850 1374 5918 ὑπολογισάμενοι,
1414 5845 1716 5914 ἐπειδήπερ
1760 5837 2031 5910 λαμπρῶς

2129 4639 2280 4705 fat-it,
2320 4642 2650 4705 desertores,
2715 4643 3029 4713 dogtnatum
3105 4643 3380 4713 prtesides,
3445 4644 3700 4716 virosque

2130 4732 2426 4787 sceleratus
2459 4734 2764 4788 animarum
2821 4749 3137 4790 (monemus
3187 4735 3486 4791 constituit.

2201 4821 2452 4891 Cumque
2481 4823 2884 4888 tnultasliceat,
2919 4833 3030 4877 tum
3079 4823 3534 4893 patriarcharum,
3585 4835 3696 4882 tum

2130 4919 2500 4992 subjectorum
2528 4916 2636 4972 illis
2664 4917 2972 4985 przesulum,
3037 4916 3399 4970 communiter
3419 4916 3701 4986 privatim-

2130 5030 2236 5087 que
2290 5012 2578 5083 synodieas
2639 5009 3172 5064 adversusJ’alamm
3214 5008 3467 5078 dogmata
3529 5013 3705 5065 editas

2129 5105 2425 5162 sententias
2457 5115 2864 5174 reprarsetitarc,
2900 5111 2958 5156 ut
2995 5117 3184 5156 omnes
3231 5101 3424 5155 missas
3477 5100 3703 5168 faciam,

2131 5198 2294 5250 unius
2330 5196 2593 5250 duntaxat
2626 5195 2951 5256 meminero,
2984 5207 3170 5262 quam,
3227 5194 3319 5261 qui
3367 5201 3498 5247 tunc
3549 5206 3704 5248 erant

2130 5286 2392 5357 episcopi,
2434 5287 2500 5341 ad
2532 5301 2648 5342 sua:
2700 5286 2940 5354 ipsorum
2975 5283 3193 5355 pictatis
3251 5283 3554 5350 specimen,
3601 5289 3699 5337 ιιι--

2131 5385 2282 5432 creto
2313 5376 2591 5431 sancivere
2615 5393 2634 5431 :
2676 5394 2693 5426 ι
2734 5375 3012 5429 Neminem
3036 5373 3103 5426 ad
3152 5374 3484 5446 episcopatus
3516 5376 3700 5445 digni-

2134 5479 2296 5523 tatem
2360 5469 2756 5534 assumendum,
2806 5468 2896 5536 qui
2937 5466 3180 5522 Palaan
3228 5483 3406 5522 rocum
3447 5471 3702 5522 novitates

2131 5561 2269 5615 colat
2305 5577 2366 5613 ac
2399 5561 2638 5629 recipiat,
2691 5559 2927 5629 quandiu
2983 5563 3035 5613 in
3080 5561 3153 5614 eis
3213 5560 3637 5628 perseveraverit.
3675 5578 3696 5610 ι

2204 5651 2306 5706 Tot
2335 5654 2498 5723 igitur
2547 5654 2802 5722 autisque
2833 5654 2884 5705 in
2919 5668 3012 5706 eos
3038 5653 3359 5710 muneribus
3381 5666 3447 5706 ac
3515 5651 3692 5706 actin-

2136 5745 2296 5798 nibus
2341 5741 2526 5805 editis,
2581 5743 2680 5794 viri
2732 5756 2828 5811 per
2887 5743 3066 5796 omnia
3128 5739 3427 5812 impudenti
3478 5740 3702 5810 ingenio

2135 5837 2368 5908 praediti,
2393 5841 2540 5892 nulla
2578 5835 2770 5889 horum
2827 5833 3009 5890 habita
3063 5836 3291 5896 ratione,
3325 5835 3467 5902 quod
3515 5835 3699 5903 spieu-
