4088 6480
394 419 497 486 711

1562 419 1887 483 JOANNIS
1923 413 2489 482 CYPARlSSIOTdI
2583 407 2590 416 ’

3548 381 3660 470 71'2

393 537 523 592 dide
550 536 912 608 proditionem
943 535 1314 608 perfecerant,
1374 536 1606 592 cunctis-
1642 537 1841 607 spretis
1892 537 1977 590 di-

2093 535 2175 604 τὴν
2211 532 2501 603 προδοσίαν
2527 527 2816 600 ἐξήνυσαν,
2867 541 3088 580 παντων
3144 521 3661 596 ὐπερφρονὴσαντες

320 689 328 696 ,
393 629 538 682 vinis
597 629 819 699 regulis,
881 630 1256 684 ecclesiastica
1279 629 1429 683 omni
1483 629 1767 698 disciplina
1824 638 1978 696 post-

394 722 604 786 habita,
636 721 1003 776 sacerdotium
1062 722 1402 778 miserabiles
1459 723 1639 792 praeda
1690 718 1974 784 invadunt,

395 827 462 866 ac
488 813 816 881 impietatem
846 815 1023 883 palam
1075 815 1437 884 proﬁtentur;
1497 813 1700 884 quibus
1754 811 1975 867 obnoxii

393 902 523 958 facti
551 912 709 958 erant
749 907 1064 960 tremendas
1130 907 1252 960 illas
1299 921 1492 975 pinnas
1546 902 1976 960 ﬂocciiacientes

393 995 510 1056 sed,
543 1012 665 1064 quas
689 1005 821 1052 tunc
878 1007 1100 1063 essent,
1127 999 1420 1054 saeculares
1453 999 1623 1053 secuti
1655 1006 1974 1067 potestates,

394 1088 498 1158 ipsi
529 1092 632 1146 sibi
689 1105 931 1146 canones
987 1092 1127 1144 fiunt
1184 1099 1348 1159 atque
1395 1089 1595 1159 regula:
1664 1104 1729 1143 ac
1777 1089 1973 1158 leges:

392 1187 651 1256 velutque
686 1185 901 1249 sicarii,
932 1192 1194 1252 tanquam
1225 1199 1346 1248 sua,
1381 1199 1504 1250 qua:
1540 1183 1776 1237 aliorum
1796 1190 1978 1237 essent

392 1281 716 1348 decerpunt.
751 1277 1020 1346 Nullaque
1047 1275 1276 1345 jnstitiae
1321 1275 1541 1342 divinae,
1611 1290 1731 1344 qua:
1778 1275 1976 1341 saepius

394 1388 496 1427 nos
527 1371 832 1434 ulciscitur,
869 1368 1334 1434 consideratione,
1391 1368 1494 1437 ipsi
1555 1367 1765 1436 seipsos
1835 1366 1976 1420 fastu

395 1463 672 1531 ingerunt,
710 1461 1012 1516 clamantes
1047 1470 1292 1514 sanctam
1342 1475 1467 1514 esse
1525 1458 1619 1513 Dei
1671 1458 1976 1513 Ecclesiam

393 1555 510 1621 qui,
538 1562 596 1607 ut
619 1551 926 1616 audivistis,
964 1551 1123 1619 longe
1148 1550 1338 1620 procul
1367 1550 1436 1603 ab
1468 1564 1531 1603 ea
1581 1548 1819 1603 fuissent
1878 1563 1976 1602 ex-

393 1643 810 1697 communicati.
862 1641 982 1696 Non
1027 1639 1140 1712 jam
1173 1655 1304 1710 ergo
1352 1639 1465 1694 ullo
1506 1640 1668 1694 modo
1729 1637 1972 1693 Palami-

397 1745 573 1789 tarum
605 1734 979 1804 congregatio,
1038 1740 1229 1787 sancta
1277 1730 1372 1786 Dei
1418 1730 1692 1785 Ecclesia.

467 1907 758 1974 Praeterea,
795 1906 983 1962 divina
1045 1904 1228 1960 omnis
1275 1904 1421 1960 actio
1456 1917 1522 1958 ar.
1574 1897 1836 1968 humana,
1909 1914 1976 1955 ex
2009 1879 2053 1935 Β

397 1998 931 2068 prteexsistcnlibus,
959 2007 1019 2052 ut
1046 1998 1345 2068 plurimum
1403 1995 1706 2065 judicatur.
1762 1991 1838 2046 Ex
1890 1992 1979 2050 bis

395 2103 528 2158 ergo
582 2088 979 2145 Palauiitarum
1050 2090 1424 2160 congregatio,
1498 2088 1700 2142 nedum
1749 2085 1979 2156 profana

395 2181 757 2244 convincitur,
847 2197 1035 2235 verum
1063 2181 1231 2235 etiam
1282 2178 1494 2234 cunctis
1551 2177 1767 2249 repulsa
1807 2187 1984 2232 ccetus

399 2269 639 2325 ﬁdelium
670 2271 898 2326 calculis
945 2286 1010 2327 ac
1041 2270 1346 2325 sententiis.

467 2367 548 2420 Ad
583 2367 717 2430 lucc,
751 2366 1040 2437 dupliciter
1074 2365 1294 2435 ejicitnr
1347 2363 1625 2434 illegitima
1689 2360 1986 2416 Palamitav

397 2476 518 2514 rum
551 2460 923 2528 congregatio,
959 2469 1074 2512 tum
1119 2457 1330 2511 scilicet
1359 2455 1503 2526 quod
1543 2454 1778 2522 primum
1825 2466 1855 2506 a
1898 2465 1986 2504 sa-

396 2567 490 2606 cra
521 2551 610 2604 illa
638 2552 868 2620 expulsa
891 2559 976 2605 est
1003 2549 1240 2620 synodo,
1283 2558 1396 2603 tum
1435 2550 1636 2616 quibus
1663 2546 1987 2618 proditionis

397 2644 703 2714 praamium,
746 2641 1112 2697 sacerdotium
1180 2651 1265 2695 est
1312 2650 1632 2696 consecuta.

471 2733 762 2799 Pus-terea,
787 2733 1048 2812 humanis
1080 2733 1468 2801 potestatibus,
1493 2732 1730 2801 primum
1759 2728 1984 2800 quidem

400 2826 605 2882 bonum
626 2831 709 2881 est
742 2837 802 2880 ut
827 2827 1019 2881 ordine
1038 2825 1306 2894 ferantur,
1333 2826 1662 2896 quandoque
1688 2839 1816 2879 vero
1863 2838 1991 2877 con-

321 2935 327 2939 ·
400 2918 686 2988 tingat,ut
749 2925 804 2970 et
851 2917 1094 2980 fortuna,
1160 2916 1370 2971 divinis
1418 2926 1626 2979 autem,
1680 2924 1742 2967 ut
1805 2913 1984 2968 solum

402 3025 619 3080 semper
655 3010 870 3065 ordine.
897 3008 953 3064 ld
1022 3023 1244 3079 quoque
1317 3009 1584 3063 Dominus
1642 3004 1804 3060 Petro
1860 3009 1986 3059 ait:

406 3103 475 3158 Et
523 3115 579 3155 tu
626 3117 926 3167 conversus,
967 3102 1226 3170 conﬁrma
1273 3102 1466 3172 fratres
1527 3110 1642 3153 tuos
1668 3100 1737 3153 ⁸³.
1791 3097 1994 3164 Quem-

2072 2002 2550 2074 -προῦπαρξάντων
2583 2003 2658 2066 ὡς
2691 2003 2760 2057 τά
2792 2001 2964 2054 πολλὰ
2985 2001 3257 2070 κρίνεται.

2033 608 2323 681 ,κανόνων
2393 624 2579 688 θείων,
2633 621 2814 690 πάσης
2860 619 3322 690 έκκλησιαστικῆς
3376 614 3662 681 εὐταξίας,

2081 720 2282 773 συλῶσι
2309 718 2409 788 τὴν
2439 713 2740 785 ἱερωσύνην
2765 713 2816 766 οί
2839 712 3086 774 τάλανες.
3107 711 3200 764 καὶ
3221 705 3664 779 παρῤησιάζουσι

2077 812 2176 879 τὴν
2206 808 2482 871 ἀσέόειαν,
2511 807 2621 859 τῶν
2652 805 2779 872 πρὶν
2802 803 3164 871 ὑπαρξάντων
3203 800 3326 854 κατ’
3355 797 3538 852 αὐτῶν
3564 815 3665 866 φο-

2079 899 2255 968 ϐερῶν
2292 897 2514 950 ἐκείνων
2552 894 2847 960 ἐπιτιμίων
2889 892 3100 962 μηδένα
3153 892 3312 956 λόγον
3359 890 3666 958 πεποιημέ-

2079 1009 2183 1054 νοι,
2217 991 2353 1044 ἀλλά
2374 991 2491 1052 ταῖς
2529 986 2814 1060 τηνικαῦτ’
2841 984 3334 1054 ἐξηκολουοηκότες
3367 985 3666 1054 κοσμικαῖς

2080 1085 2374 1149 ἐξουσίαις,
2403 1082 2628 1146 κανόνες
2660 1081 2877 1139 ἑαυτοῖς
2902 1081 2950 1132 oi
2984 1078 3138 1132 αὐτοὶ
3167 1077 3263 1130 καὶ
3301 1076 3461 1128 τύποι
3490 1074 3669 1142 γίνον-

2078 1194 2168 1228 ται
2200 1191 2214 1205 ο
2255 1174 2352 1229 καὶ
2379 1173 2630 1243 καθάπερ
2653 1172 2992 1242 ἀνδροφόνοι,
3029 1171 3103 1233 ὡς
3149 1171 3328 1222 οἰκεῖα
3381 1167 3452 1220 τὰ
3509 1165 3666 1219 ἀλλό-

2079 1285 2204 1339 τρια
2237 1267 2601 1338 καρποῦνται.
2667 1265 2780 1318 Καὶ
2816 1265 2955 1332 πρὸς
2984 1262 3082 1332 τὴν
3106 1262 3200 1314 τοῦ
3230 1259 3367 1312 Θεοῦ
3423 1259 3601 1328 δίκην.
3627 1257 3662 1328 ἢ

2081 1359 2292 1430 συχνῶς
2331 1359 2480 1428 ἡμᾶς
2520 1357 2752 1426 μέτεισι,
2789 1354 2910 1426 μηδ’
2946 1354 3429 1424 ἐπιστρεφόμενοι,
3464 1349 3657 1403 60507.3-

2081 1470 2165 1505 σιν
2195 1450 2424 1513 ἑαυτοὺς
2449 1449 2854 1520 ἀνακράζοντες
2876 1449 3037 1516 ἁγίαν
3071 1443 3212 1500 εἶναι
3239 1446 3332 1499 τοῦ
3364 1444 3500 1498 Θεοῦ
3537 1444 3662 1496 Ἐκ-

2079 1545 2331 1615 κλησίαν,
2361 1545 2412 1596 οἱ
2433 1542 2612 1612 πολλῷ
2646 1543 3009 1612 μακρότερον,
3047 1540 3123 1602 ὡς
3152 1538 3469 1610 ἠκηκόειτε,
3533 1536 3667 1588 ταύ-

2080 1652 2180 1704 της
2213 1633 2568 1704 ἑκκήρυκτοι.
2601 1631 2812 1685 Οὐκουν
2843 1648 2906 1699 γε
2929 1631 3123 1684 λοιπὸν
3156 1631 3275 1684 κατ’
3318 1629 3508 1682 οὐδένα
3537 1629 3666 1698 τρό-

2083 1743 2182 1779 πον
2238 1725 2371 1792 ἁγία
2424 1724 2519 1777 τοῦ
2580 1723 2716 1776 Θεοῦ
2761 1722 3064 1792 Ἐκκλησία
3114 1721 3282 1793 ἡτῶν
3333 1720 3669 1790 Παλαμιτῶν

2085 1817 2398 1887 συναγωγή.

2158 1911 2304 1974 ΙἜτι,
2337 1910 2490 1963 πᾶσα
2523 1909 2722 1979 πρᾶξις
2745 1907 2865 1960 θεία
2915 1907 3011 1962 καὶ⁵
3062 1907 3410 1978 ἀνθρωπίνη,
3447 1907 3512 1959 ἐκ
3557 1906 3669 1958 τῶν

3334 2001 3431 2053 Ἐκ
3457 1999 3667 2052 τούτων

2082 2097 2165 2167 ἄρ’
2201 2093 2295 2150 οὐν
2323 2096 2489 2166 ἡτῶν
2514 2094 2845 2164 Παλαμιτῶν
2884 2093 3184 2163 συναγωγὴ
3220 2093 3296 2163 μὴ
3330 2093 3490 2162 μόνον
3520 2092 3671 2144 ἀνίε·

2087 2209 2179 2264 ρος
2210 2193 2517 2260 ἐλέγχεται,
2543 2191 2676 2244 ἀλλὰ
2703 2191 2802 2244 καὶ
2823 2191 3030 2254 πάσαις
3052 2188 3257 2260 ψήφοις
3299 2187 3397 2242 τοῦ
3437 2187 3548 2241 τῶν
3579 2187 3672 2257 όρ-

2085 2283 2315 2348 θοδόξων
2351 2283 2719 2353 πληρώματος
2743 2283 3102 2352 ἀπεωσμένη.
3189 2293 3194 2297 ’

2161 2376 2306 2436 Ἔτι,
2337 2374 2532 2436 διττῶς
2562 2375 2596 2444 ἡ
2621 2373 2733 2426 τῶν
2764 2372 3098 2444 Παλαμιτῶν
3130 2371 3452 2425 ἐκϐάλλεται
3493 2369 3676 2440 παρά-

2087 2483 2252 2537 νομος
2290 2467 2583 2537 συναγωγή
2605 2482 2619 2500 ·
2653 2461 2736 2528 οἷς
2764 2483 2822 2518 τε
2856 2465 2955 2534 τὴν
2981 2464 3157 2535 ἀρχὴν
3201 2464 3308 2516 ὑπὸ
3369 2465 3468 2534 τῆς
3521 2465 3675 2532 ἱερᾶς

2088 2557 2304 2628 ἐκείνης
2359 2557 2568 2626 ἐξώσθη
2599 2556 2845 2621 συνόδου,
2873 2557 2968 2610 καὶ
3023 2550 3104 2618 οἷς
3165 2550 3330 2609 ἆθλον
3383 2553 3678 2624 προδοσίας

2089 2651 2188 2720 τὴν
2220 2650 2526 2720 ἱερωσύνην
2557 2649 2930 2720 ἀπηνέγκατο.

2165 2743 2308 2806 Ἔτι,
2346 2743 2469 2804 ταῖς
2505 2741 2878 2811 ἀνθρωπίναις
2939 2740 3213 2807 ἐξουσίαις
3266 2756 3675 2812 προηγουμενον

2097 2835 2196 2906 μὲν
2213 2835 2364 2888 ἔστιν
2393 2833 2622 2902 ἀγαθὸν,
2651 2834 2718 2887 ἂν
2742 2833 2882 2887 κατά
2911 2834 3066 2899 τάξιν
3095 2835 3401 2904 φέρωνται·
3444 2836 3674 2901 ἐπισυμ-

2094 2927 2279 2981 6αἶνον
2304 2926 2349 2978 δ’
2379 2926 2549 2979 ἐνίοτε
2581 2925 2678 2979 καὶ
2716 2924 2777 2978 τδ
2801 2923 2944 2978 κατὰ
2966 2925 3141 2995 τύχην
3179 2941 3194 2956 ·
3243 2927 3365 2988 ταῖς
3403 2924 3458 2978 δὲ
3505 2925 3677 2986 θείαις

2099 3019 2259 3090 μόνον
2281 3018 2368 3071 ἀεὶ
2395 3017 2455 3070 τὺ
2485 3019 2629 3071 κατά
2661 3017 2836 3081 τάξιν.
2903 3017 2947 3070 Τ
2951 3015 3078 3070 οῦτυ
3113 3017 3208 3070 καὶ
3249 3020 3276 3070 ό
3306 3019 3509 3087 Κύριος
3544 3019 3680 3088 πρὸς

2095 3110 2187 3162 τὸν
2216 3109 2420 3180 Πέτρον
2445 3109 2617 3178 ἔφησε
2641 3124 2655 3138 ·
2690 3127 2708 3160 ι
2756 3109 2867 3161 Καὶ
2890 3108 2954 3162 σύ
2992 3109 3372 3177 ἐπιστραφεὶς,
3429 3107 3679 3178 στήριξνιν

403 3209 528 3250 nam
563 3195 727 3264 igitur
759 3193 1008 3248 ordinem
1045 3193 1329 3248 Palamitze
1382 3195 1436 3247 in
1509 3193 1684 3247 sacris
1745 3206 1990 3246 servave-

2097 3205 2222 3264 τοὺς
2254 3199 2517 3269 ἀδελφούς
2560 3219 2674 3256 σου.
2711 3220 2731 3253 ι
2779 3201 2912 3254 Τίνα
2944 3202 3124 3254 τοίνυν
3159 3203 3314 3268 τάξιν
3361 3203 3420 3254 ἐν
3446 3207 3556 3264 τοῖς
3603 3205 3682 3254 ἱε-

385 3287 579 3341 runt?
611 3285 786 3355 Cujus
815 3285 1011 3356 synodi
1037 3286 1306 3341 sententia
1349 3284 1542 3340 dilutis
1610 3285 1765 3356 prius
1808 3283 1993 3339 crimi-

406 3379 595 3444 nibus,
629 3378 982 3447 episcopatus
1006 3377 1182 3448 adepti
1226 3381 1402 3432 sunt?
1434 3377 1702 3444 Quisnam
1734 3392 1860 3432 vero
1909 3384 1994 3430 est

403 3469 754 3538 quiejectant
783 3471 1070 3538 receperit,
1104 3469 1308 3539 quique
1355 3471 1601 3524 solvendi
1657 3469 1860 3540 quibus
1917 3479 1995 3524 te-

407 3562 664 3628 nebatur,
697 3560 1014 3617 facultatem
1063 3561 1362 3618 habuerit?
1419 3561 1499 3618 Nc
1547 3579 1716 3618 unum
1766 3563 1994 3617 omnino

405 3652 654 3708 indicare
707 3654 939 3724 possint.

477 3859 573 3916 Sin
607 3870 790 3915 autem
826 3860 1208 3916 latrocinalem
1243 3860 1392 3915 illam
1423 3860 1699 3931 synodum
1729 3857 1995 3922 dixerint,

407 3970 529 4024 quae
559 3968 819 4025 magnum
881 3943 1104 4023 pietatis
1158 3953 1628 4022 propugnaculum
1694 3952 1997 4017 concussit,

414 4043 652 4112 primum
729 4040 952 4112 quidem
1023 4041 1264 4096 divinam
1321 4042 1651 4096 sententiam
1711 4041 1998 4112 diligenter

411 4130 718 4196 attendant,
753 4146 876 4200 quae
903 4129 1030 4186 illos
1059 4145 1089 4184 e
1119 4129 1352 4198 vestigio
1373 4130 1672 4201 redarguit.
1701 4129 1817 4184 Una
1850 4131 1998 4185 enim

416 4229 598 4285 nocte,
631 4229 746 4275 tum
771 4223 986 4292 justum
1053 4231 1112 4276 ut
1169 4224 1251 4278 eis
1306 4223 1555 4277 inutilem
1617 4223 1997 4286 ostenderunt,

417 4324 532 4365 tum
596 4313 664 4366 ab
745 4313 996 4368 ltosﬁbus
1065 4314 1445 4383 comprehensi
1510 4315 1789 4383 vinctique
1845 4321 1998 4368 sunt.

417 4405 622 4459 Deinde
652 4405 1066 4460 consideremus
1089 4405 1234 4474 quod
1267 4405 1321 4459 lii
1384 4405 1605 4474 quidem
1668 4413 1846 4468 erant,
1907 4403 1999 4473 qui

417 4493 750 4565 pu~nasillas
791 4509 855 4548 ac
885 4495 1275 4563 depositioncs,
1311 4495 1427 4565 pari
1479 4495 1690 4549 cabnlo
1749 4495 2003 4550 decreve-

2100 3297 2211 3364 ροῖς
2239 3295 2288 3346 οἱ
2325 3293 2638 3363 Παλαμῖται
2663 3292 3115 3362 παρεφυλάξαντο
3145 3309 3159 3358 ;
3227 3293 3362 3345 Ὑπύ
3419 3294 3581 3355 ποίας
3636 3293 3681 3342 δ’

2096 3386 2449 3449 ἀθωωθέντες
2471 3387 2582 3438 τῶν
2616 3386 2745 3457 πρὶν
2774 3387 3140 3454 ἐγκλημάτων
3172 3387 3413 3450 συνόδου,
3456 3389 3551 3450 τάς
3577 3387 3680 3456 ἀρα

2098 3477 2434 3550 χιερωσύνας
2463 3479 2883 3548 έκληρώσαντο;
2917 3478 3026 3532 Καὶ
3057 3477 3140 3541 τίς
3190 3474 3259 3548 ἦν
3284 3480 3311 3531 ὁ
3354 3477 3452 3549 τὴν
3486 3477 3684 3547 ἔκελη-

2097 3589 2189 3625 τον
2214 3570 2633 3641 ἀναδεξάμενος,
2659 3571 2753 3622 καὶ
2780 3569 2875 3622 τοῦ
2904 3569 3079 3624 ταῦτα
3107 3569 3257 3623 λύειν
3312 3569 3406 3640 τὴν
3430 3570 3682 3635 ἐξουσίαν

2097 3665 2555 3735 ἀπειλημμένος;
2613 3662 2728 3717 Οὐκ
2769 3663 2954 3734 έχουσι
3024 3663 3244 3726 πάντως
3318 3663 3505 3715 οὐδένα
3571 3663 3684 3715 δει-

2101 3758 2312 3811 κνύναι.

2173 3853 2319 3905 Είδέ
2344 3851 2444 3920 τὴν
2488 3850 2792 3922 λῃστρικὴν
2853 3851 3073 3920 ἐκείνην
3125 3849 3331 3902 εἴποιεν
3383 3849 3620 3912 σύνοῗον,
3651 3851 3685 3920 ἢ

2099 3945 2191 3998 τὸν
2217 3954 2390 4013 μεγαν
2414 3946 2699 3996 κατέσεισε
2732 3942 2830 4010 τῆς
2856 3943 3141 4005 εὐσεϐείας
3183 3942 3449 4014 πρόϐολον
3479 3960 3493 3974 ·
3539 3945 3647 4012 πριῖ
3663 3972 3688 3983 -

2100 4053 2192 4089 τον
2228 4036 2326 4106 μὲν
2350 4035 2448 4105 τὴν
2475 4035 2568 4087 τοῦ
2599 4034 2735 4087 Θεοῦ
2767 4035 2951 4104 ψῆφον
2989 4035 3453 4099 κατανοείτωσαν,
3489 4035 3523 4105 ἢ
3555 4035 3683 4086 τού-

2102 4146 2230 4190 τους
2263 4128 2589 4196 παραπόδας
2618 4127 2916 4197 ἀπήλεγξε.
2952 4127 3070 4197 Μιᾷ
3121 4127 3227 4198 γὰρ
3286 4127 3439 4180 νυκτὶ
3498 4129 3588 4180 τόν
3629 4144 3688 4179 τε

2102 4222 2313 4274 δίκαιον
2352 4219 2425 4282 ὡς
2447 4219 2785 4288 δύσχρηστον
2852 4220 3035 4280 αὐτοῖς
3093 4220 3403 4286 ἀνέφαινον,
3442 4219 3533 4271 καὶ
3585 4219 3690 4270 ὐπὸ

2102 4315 2209 4368 τῶν
2236 4311 2448 4384 ἐχθρῶν
2478 4302 3095 4378 συνελαμὸἀνοντο,’κα“ι
3119 4310 3470 4380 ἐδεσμοῦντο.
3501 4311 3692 4363 Ἐπει-

2105 4425 2171 4459 τα
2239 4402 2640 4472 σκεψάσθωσαν
2698 4403 2772 4466 ὼς
2807 4395 2950 4454 οὗτοι
2983 4404 3083 4470 μὲν
3119 4399 3259 4473 ἦσαν
3309 4404 3361 4456 οἱ
3386 4404 3494 4457 τῶν
3519 4405 3693 4456 ἐπιτι-

2110 4499 2249 4567 μίων
2289 4496 2513 4550 ἐκείνων
2549 4495 2780 4548 καὶ-τῶν
2805 4495 3180 4563 καΟαιρὲσεων
3216 4495 3498 4564 σύμψηφοι
3529 4512 3544 4526 θ
3604 4489 3694 4549 οὗ·

419 4599 556 4650 rant,
579 4587 631 4640 bi
658 4601 787 4640 vero
811 4587 902 4655 qui
938 4587 1252 4657 imperatori
1282 4586 1434 4656 prius
1464 4586 1788 4641 deiectionis
1815 4587 1990 4640 dicam

2108 4606 2190 4641 τοι
2217 4589 2262 4640 δ’
2291 4585 2433 4658 ἦσαν
2468 4589 2514 4640 οἱ
2543 4588 2634 4640 τὸν
2671 4587 3098 4659 βεϐασιλευκότα
3134 4589 3399 4657 πρότερον
3453 4589 3696 4641 ἀποστα-

415 4677 776 4751 scripserant,
819 4696 880 4734 ac
918 4681 1069 4734 illum
1100 4681 1320 4750 quidem
1351 4680 1588 4734 ﬁdelium
1619 4688 1765 4734 coetu
1827 4678 2002 4749 ejcce-

417 4780 563 4834 rant,
599 4786 655 4823 se
699 4767 1176 4838 verojuramentis
1199 4769 1442 4839 dirisque
1476 4770 1848 4835 crsecrandis,
1875 4785 1999 4824 eum

420 4877 480 4915 sc
520 4876 803 4930 nunquam
831 4871 1168 4929 recepturos,
1201 4878 1263 4916 ac
1301 4878 1401 4932 pro
1452 4863 1591 4916 virili
1657 4878 1756 4917 sua
1808 4864 2002 4932 expul-

421 4967 606 5012 suros,
639 4952 1008 5018 subiecerant.
1040 4952 1174 5017 Quis
1200 4968 1330 5024 ergo
1369 4953 1504 5018 haec,
1534 4953 1614 5009 sic
1659 4955 1742 5008 eis
1793 4955 2000 5009 consti-

422 5051 536 5096 tuta
563 5044 970 5112 praevaricatns,
1035 5041 1239 5099 talibu‘s
1291 5045 1551 5108 absolvit,
1611 5045 1998 5117 perjurosque,

423 5135 476 5189 in
509 5149 630 5204 quae
663 5133 1049 5203 prubavvrant,
1078 5135 1336 5192 innoxius
1369 5136 1544 5191 fecit?

498 5318 764 5372 Praeterea
795 5333 923 5371 vero
951 5318 1036 5372 bis
1067 5333 1287 5388 quoque
1323 5317 1574 5383 sublatis,
1605 5319 1729 5372 licet
1788 5318 2005 5388 quidem

425 5411 720 5482 episcopis,
779 5411 871 5478 qui
929 5411 1221 5479 provinci-.e
1281 5410 1515 5482 subjecti
1579 5421 1728 5478 sunt,
1788 5420 1847 5464 nt
1902 5411 2004 5463 sibi

428 5506 649 5574 dignum
679 5501 881 5572 eligant
912 5513 1070 5572 atque
1101 5504 1376 5570 ordinent,
1405 5514 1499 5558 aut
1530 5504 1696 5558 etiam
1757 5503 1810 5558 in
1855 5505 2005 5558 ordi-

432 5611 555 5650 nem
592 5602 981 5663 cogantatque
1041 5593 1336 5663 deponant,
1396 5595 1441 5649 si
1493 5595 1787 5650 criminum
1850 5609 2003 5647 reum

434 5690 764 5743 invenerint.
796 5683 926 5741 Sine
951 5688 1176 5756 praeside
1210 5703 1362 5758 vero,
1397 5688 1595 5745 nedum
1625 5688 1693 5744 de
1736 5687 2007 5759 dogmatis

491 5865 552 5948 :5
583 5863 719 5924 Luc.
769 5883 910 5938 xxu,
948 5869 1036 5925 52.

2111 4683 2228 4745 σίας
2256 4681 2599 4752 γραψάμενοι
2636 4680 2769 4734 ’τὸν
2820 4681 2920 4748 μὲν
2979 4681 3377 4752 ἐκκηρύττουσι
3435 4681 3526 4736 τοῦ
3584 4682 3693 4734 τῶν

2108 4774 2479 4828 εὐσεϐούντων
2522 4771 2930 4842 πληρώματοςο
2986 4773 3216 4834 ἐαυτούς
3265 4772 3310 4824 δ’
3352 4773 3531 4840 ὅρκοις
3597 4773 3692 4823 καὶ

2108 4866 2229 4925 ταῖς
2254 4863 2760 4931 παλαμναιυτάταις
2811 4863 2974 4932 ἀραῖς
3018 4861 3401 4925 ὑποϐάλλουσι,
3448 4859 3693 4928 δεδέχθαι

2114 4954 2213 5024 μὲν
2265 4955 2423 5006 αὐτὸν
2473 4953 2764 5025 μηδέποτε,
2811 4954 3137 5008 ἀπελαύνειν
3189 4954 3246 5007 δὲ
3301 4955 3400 5021 ὅση
3440 4953 3691 5023 δύναμις.

2113 5046 2210 5108 Τίς
2231 5045 2320 5118 ἀρ’
2352 5044 2445 5098 οὐν
2477 5046 2505 5098 ό
2537 5048 2634 5098 καὶ
2661 5045 2883 5108 τούτους
2916 5045 3024 5097 τῶν
3063 5043 3320 5098 τοιούτων
3363 5044 3700 5114 ἐπιλυσάμε-

2109 5156 2220 5201 νος,
2255 5138 2594 5207 ἠθετηκότας
2627 5137 2726 5206 μὲν
2749 5137 2819 5190 τὰ
2861 5137 3261 5207 διεγνωσμένα,
3327 5135 3703 5207 ἐπιορκήσαν-

2109 5249 2208 5294 τας
2227 5231 2282 5284 δέ
2312 5233 2389 5294 εἰς
2418 5231 2561 5300 άπερ
2596 5229 3000 5299 παρεδέξαντο;

2190 5323 2400 5386 ’Ἄλλως
2435 5323 2491 5374 δέ
2519 5323 2614 5374 καὶ
2639 5322 2844 5374 τούτων
2884 5322 3334 5393 περιῃρημένων,
3362 5323 3574 5391 ἐφεῖται
3611 5326 3704 5391 μὲν

2110 5417 2224 5478 τοῖς
2256 5415 2362 5467 ὐπὸ
2388 5414 2487 5484 τὴν
2524 5415 2796 5482 ἐπαρχίαν
2848 5412 3094 5465 τελοῦσιν
3125 5415 3451 5478 ἐπισκόποις
3491 5417 3699 5475 ἑαυτοῖς

2110 5510 2202 5562 τὸν
2233 5507 2381 5572 ἀξιον
2407 5505 2760 5574 ἐπιλέγεσθαι
2788 5505 2885 5556 καὶ
2921 5505 3274 5576 χειροῦετεῖν,
3309 5506 3340 5575 ἢ
3371 5510 3466 5561 καὶ⁸
3515 5507 3699 5560 καθαι-

2119 5600 2231 5669 ρεῖν
2259 5594 2346 5648 ἐπ’
2376 5595 2724 5666 ἐγκλήμασιν
2755 5596 3008 5665 ἡλωκότα
3039 5613 3054 5626 ·
3091 5597 3220 5651 ἄνευ
3277 5598 3332 5651 δὲ
3367 5599 3461 5650 τοῦ
3517 5599 3705 5667 ἄρχον-

2111 5708 2222 5755 τος,
2259 5689 2389 5759 μήτι
2443 5704 2508 5757 γε
2571 5689 2699 5757 περὶ
2759 5688 3047 5754 δογμάτων
3109 5693 3278 5742 κινεῖν
3325 5692 3705 5762 ἀπηγόρευται
