4088 6430
414 418 523 493 ⁵7ῒο

1582 418 1913 485 ἸΟᾹΝΝῐε
1952 415 2521 478 (ΖῩΡᾹΠῙΞΞῙΟΤῈ

3571 421 3679 484 7'30

415 549 902 616 qua-essc'pntest,
928 540 1118 596 virtuti
1155 539 1489 595 eminentem
1517 538 1661 591 trine
1698 535 2001 590 subsisten—

2120 547 2195 582 ιαι
2247 531 2557 599 δυνάμεως,
2608 531 2707 603 τὴν
2764 539 3203 601 temonis-:21?)
3268 535 3683 602 ἀνα-πλάσαντες

413 647 527 691 tem
566 635 861 691 essentiam
902 634 1220 699 contingunt
1268 630 1623 697 sentiuntth
1653 642 1668 690 ;
1702 640 1820 679 eam
1869 637 1998 676 vero

419 742 545 799 qua:
579 726 658 781 sic
710 725 909 780 habeat
946 725 1187 777 innatam
1227 721 1321 776 Dei
1355 722 1637 781 virtutem,
1686 715 1855 769 Deum
1892 729 1998 765 non

422 835 549 874 vere
580 833 643 871 ac
673 817 980 873 substantia
1011 815 1392 873 exsistentcm,
1427 812 1618 879 sicque
1646 808 1887 863 essentia
1919 805 2000 857 di-

421 911 548 965 vina
594 908 937 964 inferiorem.
984 898 1147 961 Certa
1202 906 1370 975 igitur
1416 905 1650 966 ratione,
1701 900 1797 971 qui
1851 900 2003 953 velut

422 1002 578 1064 deos,
618 1001 697 1053 sic
738 1009 794 1054 et
832 998 1069 1052 deitates
1100 1004 1369 1059 statuant,
1420 1004 1535 1049 tum
1586 994 1689 1047 hac
1732 991 2005 1046 divisione

423 1091 687 1162 distingui
741 1089 951 1152 volunt,
1015 1098 1131 1140 tum
1187 1086 1374 1140 multis
1422 1085 1548 1139 aliis
1592 1081 2001 1154 oppositionum

427 1183 627 1245 modis,
663 1181 739 1241 uti
771 1183 940 1235 etiam
986 1194 1045 1235 se
1079 1179 1244 1233 habet
1277 1177 1490 1232 visibile
1520 1177 1589 1230 ad
1622 1173 1921 1259 invisibile,
1951 1180 2006 1224 et

425 1266 572 1345 quOd
602 1284 781 1345 potest
814 1270 1136 1342 participari
1170 1268 1238 1325 ad
1279 1269 1330 1323 id
1366 1268 1518 1337 quod
1550 1263 2007 1337 imparticipahilc

427 1377 546 1425 est:
581 1375 637 1421 et
664 1382 786 1436 qua:
816 1376 943 1419 sunt
978 1365 1202 1433 relique
1223 1362 1625 1431 oppositiones.

502 1458 683 1522 Unum
718 1460 822 1513 hoc
851 1465 1152 1512 esteorum
1185 1453 1487 1522 impietatis
1514 1456 1700 1520 caput,
1734 1447 1880 1520 quod
1914 1448 2023 1502 [ιο-³

426 1552 557 1607 dum
599 1551 713 1606 Deo
755 1566 936 1604 veram
984 1547 1362 1603 exsistentiam
1410 1545 1636 1604 adimat,
1672 1558 1738 1597 ac
1786 1548 2007 1611 porten-

428 1654 604 1698 tosam
654 1645 879 1695 deorum
929 1640 1334 1695 multitudinem
1362 1637 1605 1698 invehat,
1637 1635 1730 1690 sed
1764 1642 1819 1687 et
1852 1630 2010 1686 nobis

427 1749 459 1788 a
516 1733 786 1804 principio
836 1733 1042 1803 positas
1087 1730 1154 1785 de
1203 1728 1523 1784 monarchia
1559 1728 1705 1794 leges
1771 1729 2007 1782 evertat,

423 1841 662 1897 quarum
693 1826 806 1879 haec
831 1825 992 1879 verba
1018 1825 1129 1877 sint
1151 1838 1215 1877 ac
1244 1821 1517 1876 sententia
1546 1836 1559 1873 :
1596 1835 1615 1870 ι
1642 1816 1805 1870 Fides
1827 1822 2007 1867 autem

424 1916 702 1971 catholica
734 1930 898 1969 unam
935 1913 1224 1985 proﬁtetur
1264 1910 1548 1975 Deitatem,
1584 1905 1763 1961 Patris
1799 1915 1856 1958 et
1885 1901 2008 1957 Filii

428 2020 485 2064 et
534 2008 777 2078 Spiritus
826 2007 1027 2072 sancti,
1068 2015 1266 2076 praeter
1312 2018 1478 2072 quam
1513 2016 1625 2056 non
1671 1995 2013 2069 reputabitur

422 2103 559 2156 alia.
592 2120 611 2153 ι
651 2099 757 2154 Et:
795 2118 812 2152 ο
846 2098 1017 2154 Nobis
1051 2114 1195 2153 unus
1229 2097 1373 2151 Deus
1405 2105 1514 2160 est,
1544 2094 1689 2165 quod
1732 2107 1838 2146 una
1878 2089 2008 2147 Dei-

432 2208 539 2252 tas.
572 2215 593 2250 ι
621 2196 686 2251 Et
716 2196 859 2251 sicut
891 2210 1059 2249 unum
1093 2196 1261 2249 Deum
1294 2191 1497 2245 scutire
1521 2188 1668 2244 docti
1695 2203 1912 2254 sumus,
1934 2188 2015 2244 sic

416 2301 488 2344 ~ct
514 2305 678 2344 unam
719 2287 961 2358 proﬁteri
996 2285 1261 2341 Deitatem
1292 2283 1623 2352 accepimus.
1646 2332 1667 2351 κ

509 2393 761 2449 Secundo
794 2407 946 2458 vero,
986 2390 1193 2461 quibus
1219 2388 1577 2443 constitutum
1625 2388 1716 2455 sit,
1749 2396 1814 2442 ut
1852 2403 2014 2459 quem

2100 623 2315 687 οὐσίαν,
2357 624 2655 693 φρονοῦσι·
2707 625 2812 693 τὴν
2851 626 2899 678 δ’
2945 626 3118 689 οὕτως
3176 627 3407 695 ἔχουσαν
3442 629 3686 697 ἔμφυτον

2100 713 2195 767 τοῦ
2225 713 2361 767 Θεοῦ
2410 713 2643 784 δύναμιν
2675 716 2808 769 Θεὸν
2838 716 3108 778 ἀνεύσιον,
3144 717 3405 772 καὶκοιτά
3430 721 3686 773 τοσοῦτον

2101 805 2202 875 τῆς
2232 806 2380 870 θείας
2421 807 2609 871 οὐσίας
2652 808 2967 877 ὑφειμένον.
3011 810 3300 879 Ἀνάλογον
3331 811 3420 879 ἀρ’
3461 808 3554 865 οὖν
3582 814 3687 867 αὖ·

2102 898 2227 961 τοὺς
2261 896 2449 967 ὥσπερ
2481 897 2660 961 θεοὺς,
2699 899 2844 953 οὕτω
2882 901 2976 953 καὶ
3023 900 3289 969 θεότητας
3324 902 3681 972 ὑποθέμενοι,

2098 985 2277 1059 ταύτῃ
2304 1005 2362 1040 τε
2383 990 2450 1058 τῇ
2486 988 2751 1059 διαιρέσει
2780 989 3086 1062 διαφέρειν,
3121 993 3216 1045 καὶ
3252 993 3468 1056 πολλοῖς
3499 994 3687 1058 ἄλλοις

2067 1097 2071 1102 ·
2105 1078 2434 1132 ἀντιθέσεων
2463 1081 2687 1146 τρόποις
2734 1082 3124 1137 δπιτάττουσιν
3152 1100 3166 1115 ’
3218 1082 3412 1156 ὥσπερ
3447 1086 3558 1157 ἔχει
3592 1089 3688 1140 καὶ

2106 1171 2167 1221 τὸ
2197 1170 2395 1239 ὁρατὸν
2429 1171 2566 1241 πρὸς
2596 1173 2658 1224 τὸ
2688 1172 2938 1242 ἀόρατον,
2967 1177 3063 1226 καὶ
3093 1173 3152 1227 τὸ
3180 1175 3449 1243 μεθεκτὸν
3474 1176 3609 1246 πρὸς
3627 1178 3687 1231 τὸ

2109 1262 2415 1333 ἀμέθεκτον
2443 1280 2458 1295 ⁸
2498 1264 2595 1318 καὶ
2617 1266 2790 1321 τᾶλλα
2818 1266 2928 1320 τῶν
2960 1267 3313 1323 ἀντιθέσεων.

2182 1445 2285 1498 Ἓν
2319 1444 2418 1513 μὲν
2442 1445 2508 1516 δὴ
2531 1443 2692 1499 τοῦτο
2717 1445 2818 1514 τῆς
2844 1445 3101 1510 ἀσεϐείας
3127 1447 3334 1501 τούτων
3360 1447 3478 1502 ἐστὶ
3507 1448 3569 1500 τὸ
3597 1465 3690 1502 κε-

2111 1536 2364 1602 φάλαιον,
2410 1538 2482 1590 ού
2516 1537 2679 1606 μόνον
2724 1537 3070 1607 ἀνυπαρξίαν
3122 1540 3344 1606 εἰσάγον
3390 1539 3553 1603 Θεοῦ,
3596 1540 3691 1592 καὶ

2113 1627 2408 1681 πολυθεῖαν
2457 1627 2775 1691 ἀλλόκοτον,
2813 1627 2950 1681 ἀλλά
2997 1627 3250 1690 καὶτοὺς
3282 1630 3523 1701 ἐξαρχῆς
3560 1631 3693 1702 ἡμῖν

2114 1722 2245 1790 περὶ
2264 1719 2366 1789 τῆς
2394 1720 2701 1790 μοναρχίας
2732 1720 3146 1789 παραδοθέντας
3169 1722 3481 1793 ἀνατρέ-τιον
3508 1724 3690 1792 ὅρους,

2115 1813 2448 1881 φάσκοντας,
2480 1829 2506 1863 τ
2549 1811 2615 1863 Ἦ
2643 1811 2703 1865 δὲ
2736 1811 3002 1882 καθολικὴ
3022 1812 3208 1875 πίστις
3234 1815 3364 1883 μίαν
3395 1816 3694 1885 πρεσϐεύει

2117 1902 2372 1973 θεότητα,
2404 1903 2645 1974 Πατρδς,
2687 1902 2816 1956 Υίοῦ
2845 1906 2942 1958 καὶ
2970 1905 3126 1972 ἁγίου
3156 1905 3481 1974 Πνεύματος
3509 1922 3524 1937 ο
3562 1906 3692 1976 παρ’

2115 1995 2183 2066 ἣν
2212 1997 2273 2047 οὐ
2307 1994 2706 2063 λογισθήσεται
2740 1995 2926 2065 ἑτέρα.
2958 2017 2977 2048 ι
3010 1996 3140 2059 Καὶ,
3168 2015 3188 2049 ‹
3236 1996 3400 2066 Ἡμῖν
3434 1990 3515 2059 εἷς
3538 1996 3689 2059 Θεὸς,

2115 2088 2199 2141 ὅτι
2236 2087 2334 2157 μία
2364 2086 2582 2157 θεότης.
2623 2106 2643 2138 t
2685 2088 2796 2141 Καὶ
2824 2087 3012 2158 ὥσπερ
3045 2089 3137 2141 ἕνα
3166 2088 3298 2143 Θεδν
3327 2092 3544 2160 φρονεῖν
3580 2088 3693 2142 ἐδι-

2115 2179 2413 2253 δάχθημεν,
2446 2179 2591 2233 οὕτω
2626 2182 2719 2234 καὶ
2765 2180 2895 2250 μίαν
2923 2179 3157 2250 θεότητα
3202 2180 3486 2250 ὁμολογεῖν
3526 2198 3694 2252 παρε-

2114 2272 2380 2343 λάϐομεν.
3694 2319 3698 2323 .

2186 2368 2453 2438 Δεύτερον
2483 2367 2562 2434 δὲ,
2603 2366 3017 2438 βεϐουλημένοι,
3052 2367 3145 2420 τὸν
3187 2366 3249 2420 δν
3278 2366 3530 2439 ἀνεῦρον,
3571 2367 3695 2422 δεύ-

418 2489 839 2543 :adinvenerunt
876 2484 1042 2538 Deum
1096 2483 1325 2537 alterum
1379 2496 1443 2535 ac
1486 2481 1775 2547 Deitntcm,
1824 2481 2014 2536 mundi

2120 2477 2275 2528 τερον
2325 2460 2460 2514 Θεὸν
2512 2461 2608 2513 καὶ
2668 2459 2915 2530 Θεότητα
2947 2463 3048 2529 τῆς
3080 2459 3176 2514 τοῦ
3228 2462 3432 2532 κόσμου
3491 2461 3694 2522 παντδς

434 2581 621 2636 omnis
649 2576 1141 2634 administrationis
1173 2592 1235 2629 ac
1265 2574 1579 2629 commercii
1625 2573 1913 2643 praesidem
1963 2583 2019 2629 et

2120 2551 2441 2620 διοικήσεως
2495 2551 2589 2605 καὶ
2642 2550 2918 2621 μεθέξεως
2977 2550 3175 2622 ἔφορον
3232 2551 3695 2621 ἀποκαταστῆσαι

441 2675 809 2743 inspectorem
839 2685 902 2724 ac
928 2668 1178 2738 opiﬁcem
1212 2674 1476 2724 statuant.
1507 2665 1560 2718 in
1600 2666 1897 2719 immanem
1924 2664 2019 2719 ad-

2120 2646 2215 2698 καὶ
2244 2643 2602 2715 δημιουργὸν.
2636 2645 2716 2707 είς
2743 2644 3035 2698 ἀλλόκοτον
3064 2646 3404 2715 ἐμπίπτουσι
3431 2648 3572 2700 κατά
3598 2647 3697 2709 τῖς

428 2778 632 2818 versus
674 2762 766 2815 Dei
813 2759 1129 2822 essentiam,
1185 2772 1307 2826 quae
1351 2756 1499 2810 omni
1541 2754 1735 2810 Deitati
1791 2755 2017 2821 eminet,

2121 2737 2395 2807 ὑπερθὲου
2420 2737 2607 2800 οὐσίας
2638 2738 2834 2805 μανίαν
2868 2754 2883 2771 ’
2911 2739 3003 2791 καί
3038 2756 3172 2808 φασι
3204 2739 3351 2792 κατά
3381 2739 3527 2804 λέξιν
3556 2739 3698 2794 οὕτω

438 2852 690 2908 incidunt
715 2849 1010 2904 insaniam.
1043 2848 1321 2915 Aiuntqne
1357 2846 1410 2900 in
1447 2846 1561 2899 haec
1595 2846 1757 2900 verba
1786 2853 1840 2900 et
1878 2848 2018 2899 scri-

2125 2828 2598 2898 συγγραφόμενοι,
2646 2848 2665 2880 ι
2698 2830 2869 2893 Ποῖος
2917 2829 3191 2901 βάσκανος
3232 2831 3443 2901 δαίμων
3468 2834 3531 2901 τῇ
3575 2832 3697 2884 Ἐκ-

438 2944 618 2997 bunt:
653 2959 671 2991 ι
703 2937 970 3005 Quisnam
1021 2934 1247 2990 invidus
1283 2933 1495 2989 daemon
1543 2934 1762 3003 procaci
1796 2932 2020 2988 audacia

2120 2920 2325 2993 κλησίᾳ
2366 2920 2462 2974 τοῦ
2496 2921 2633 2977 Θεοῦ
2681 2922 2969 2992 τολμηρῶς
3016 2924 3410 2995 ἐπεισήγαγεν.
3440 2925 3521 2978 ὅτι
3559 2925 3698 2995 αὐτὴ

446 3036 538 3090 Dei
571 3032 825 3089 Ecclesiae
855 3029 1082 3095 inve-xit,
1115 3029 1260 3098 quod
1293 3029 1410 3099 ipsa
1445 3026 1534 3082 Dei
1566 3026 1802 3082 essentia
1834 3027 1887 3080 in
1919 3027 2020 3081 h0-

2124 3013 2157 3082 ή
2208 3012 2367 3067 οὐσία
2416 3013 2511 3066 τοῦ
2546 3013 2684 3066 Θεοῦ
2733 3014 3070 3068 κατοικοῦσα
3117 3017 3175 3068 ὲν
3219 3018 3335 3079 τοῖς
3367 3014 3697 3085 ἀνθρώποις,

438 3127 684 3180 minibus
734 3124 1010 3187 habitans,
1048 3135 1144 3176 eos
1192 3120 1286 3190 qui
1339 3126 1928 3191 purgantur,.pnrget,
1964 3129 2023 3175 et

2122 3101 2251 3166 τοὺς
2289 3103 2722 3174 καθαιρομένους
2766 3103 3051 3174 καθαίρει,
3076 3104 3180 3158 καὶ
3212 3107 3341 3170 τοὺς
3373 3107 3697 3177 λαμπρυνο-

445 3219 539 3288 qui
588 3216 1014 3288 splendescunt,
1064 3196 1417 3284 splendorem
1471 3213 1704 3279 induat,
1757 3216 1919 3284 atque
1963 3217 2018 3269 in

2126 3197 2324 3267 μένους
2347 3196 2686 3269 λαμπρύνει,
2727 3198 2821 3250 καὶ
2844 3199 2970 3262 τοὺς
2995 3199 3138 3254 κατά
3157 3216 3278 3253 τινα
3308 3201 3468 3255 σάλον
3484 3202 3703 3271 ἀνίερον

444 3309 715 3364 creaturis
749 3307 780 3360 h
803 3306 1004 3361 ibitans
1051 3305 1168 3360 haec
1197 3303 1433 3358 efﬁciat?
1461 3302 1597 3367 Hoc,
1641 3304 1785 3373 quod
1818 3321 1884 3359 ex
1921 3320 2022 3359 vo-

2123 3288 2218 3341 τοῦ
2252 3288 2422 3342 καλοῦ
2456 3290 2927 3359 παρατραπὲντας
2989 3291 3279 3360 ἐπανάγει,
3305 3293 3399 3344 καὶ
3440 3296 3552 3355 τοῖς
3585 3293 3701 3346 κτί-

440 3400 534 3453 his
568 3399 825 3453 audimus
856 3400 873 3466 (
898 3397 1309 3465 atqne‘utinam
1339 3395 1755 3450 neraudiremus
1778 3397 2022 3467 quidem)

445 3485 756 3538 damonum
795 3497 922 3536 vere
958 3481 1313 3535 tenebrosum
1361 3479 1648 3533 inventum
1687 3490 1849 3534 est.»
1888 3477 2027 3538 Hinc

445 3576 674 3631 omnino
706 3574 940 3639 scilicet,
972 3579 1027 3626 et
1059 3588 1124 3626 ex
1157 3580 1307 3627 tanta
1338 3580 1628 3641 captantes
1687 3571 2026 3641 blasphemia

436 3682 556 3722 non
593 3666 739 3722 aliud
773 3680 937 3735 quam
965 3663 1111 3733 quod
1151 3663 1491 3727 dicebamus,
1537 3671 1596 3716 ut
1626 3662 1886 3717 nimirum
1923 3662 2019 3717 Dei

440 3760 664 3830 quidem
696 3758 989 3816 essentiam
1031 3756 1099 3824 ab
1141 3755 1292 3811 omni
1345 3770 1573 3825 prorsus
1616 3769 1800 3809 rerum
1846 3753 2026 3810 admi-

444 3849 776 3905 nistratione
829 3861 1072 3917 curaque
1121 3855 1433 3911 amoveant,
1497 3843 1842 3899 subdititium
1896 3860 2027 3901 vero

436 3940 603 3997 illum
647 3940 840 4015 Deum,
872 3954 1034 4008 quem
1088 3938 1144 3993 in
1182 3937 1403 3992 modum
1462 3936 1688 3992 luminis
1727 3937 2030 4008 cogitantes

438 4034 850 4103 produxerunt,
884 4031 1002 4100 ejus
1035 4029 1161 4083 luco
1192 4028 1474 4083 inducant.

519 4120 765 4175 Tettium
799 4127 980 4171 autem
1028 4117 1143 4186 pari
1192 4116 1615 4185 impietate,-aut
1655 4116 1871 4185 majori,
1908 4130 2030 4186 qua:

451 4221 582 4267 sunt
625 4210 906 4279 superiora
938 4221 1220 4277 superans
1253 4214 1359 4262 est.
1402 4205 1614 4261 Nedum
1664 4220 2030 4274 superessen-

452 4302 636 4357 tialem
664 4300 1307 4370 incircumscriptamque
1339 4298 1664 4362 essentiam,
1686 4312 1755 4351 ne
1783 4299 1838 4352 in
1871 4313 2032 4352 erea-

452 4396 526 4447 tis
568 4392 859 4457 inhabitet,
908 4390 1227 4455 eliminaut,
1278 4406 1352 4448 ac
1394 4393 1735 4462 Seripturam
1786 4393 2029 4457 abolent,

452 4483 598 4552 quod
630 4482 837 4537 diserte
873 4481 1112 4536 clamet:
1147 4501 1167 4535 ι
1199 4481 1520 4539 lnhabitabo
1545 4485 1596 4536 in
1633 4483 1735 4548 eis,
1768 4492 1824 4537 et
1856 4485 2032 4538 inam-

374 4554 400 4629 ζ’
446 4577 655 4632 ιυιιειικι
681 4592 696 4641 ;
724 4583 781 4631 et
817 4590 913 4631 ero
945 4575 1055 4632 illis
1078 4577 1132 4630 in
1161 4576 1356 4642 neum,
1388 4585 1443 4631 et
1477 4575 1578 4644 ipsi
1608 4583 1775 4630 erunt
1807 4576 1941 4630 mihi
1971 4575 2028 4631 in

453 4668 716 4739 populum
737 4668 781 4700 ⁵³
812 4685 876 4734 »ς
913 4684 1101 4724 verum
1152 4667 1316 4721 etiam
1369 4682 1437 4722 ne
1466 4666 1598 4736 quid
1645 4681 1811 4737 grave
1855 4667 2033 4729 homi-

384 4746 389 4795 ῗ
455 4761 616 4815 nibus
646 4759 716 4813 ab
735 4759 824 4813 illa
859 4760 1168 4827 proveniat,
1199 4757 1342 4812 hanc
1365 4757 1682 4815 hominibus
1713 4757 2029 4829 fugiendam

450 4851 761 4913 suadentes,
803 4848 1188 4920 corrumpendi
1244 4850 1293 4903 vi
1335 4850 1617 4919 praeditam
1642 4851 2031 4920 pronuntiave-

380 4948 383 4951 '
454 4951 606 5008 runt,
643 4941 727 4996 sic
753 4940 1016 4996 nimirum
1057 4944 1345 5011 loquentes
1384 4942 1439 4996 in
1469 4944 1593 5005 ﬁde,
1626 4956 1792 5010 quam
1825 4956 2030 5013 posue-

452 5044 579 5090 runt
611 5054 625 5090 :
673 5052 692 5086 ι
716 5031 982 5103 Quodque
1015 5033 1106 5088 Dei
1147 5033 1478 5098 essentiam,
1506 5034 1716 5090 ideirco
1743 5035 1889 5103 quod
1926 5034 2030 5089 itn-

453 5125 857 5197 partiripabilis
895 5140 961 5178 ac
1005 5125 1288 5180 inaccessa
1322 5124 1469 5180 dicta
1547 5124 1642 5190 sit,
1691 5122 2035 5194 corruptrice

455 5217 510 5273 vi
541 5216 822 5286 praeditam
841 5215 1255 5279 existimamus;
1292 5214 1383 5283 qui
1400 5214 1486 5271 sic
1506 5211 1573 5269 de
1595 5213 1685 5269 illa
1707 5211 2034 5279 sentiamtIs,

455 5323 491 5363 ο
536 5307 903 5362 temeritatem
954 5316 1007 5360 et
1047 5305 1371 5360 audaciam!
1426 5307 1629 5375 impios
1685 5320 2036 5375 nuncupave-

456 5408 586 5452 runt
615 5416 628 5463 ;
659 5390 824 5464 idque
860 5411 982 5450 cum
1024 5396 1164 5450 Deus
1192 5395 1260 5449 ad
1298 5393 1500 5451 Mosetn
1545 5396 1751 5452 dixerit
1801 5412 1817 5450 :
1864 5395 2035 5452 Nemo

376 5516 385 5525 -
461 5486 665 5540 videbit
695 5484 887 5540 faciem
923 5499 1123 5548 meam,
1148 5493 1206 5539 et
1233 5484 1378 5540 vivet
1401 5484 1471 5539 °“.
1504 5504 1524 5539 ι

532 5577 651 5632 Duo
680 5590 807 5630 vero
835 5576 973 5641 hanc,
1006 5576 1202 5631 nedum
1245 5576 1392 5631 omni
1444 5576 1650 5647 majora
1683 5585 1812 5631 sunt
1834 5576 2039 5645 impie-

456 5677 594 5732 tate,
641 5683 705 5723 ac
758 5668 952 5738 prioris
1002 5667 1308 5723 evidentius
1336 5669 1630 5723 adstruunt
1657 5667 2032 5737 impietatem,

2059 4533 2111 4601 Ι)

2127 3396 2333 3450 σμασιν
2395 3381 2684 3435 ἐνοικοῦσα
2739 3383 2916 3437 ταῦτα
2973 3385 3308 3454 ὲργάζεται;
3361 3385 3520 3439 Ί“οῦθ’
3567 3387 3704 3457 ὅπερ

2126 3472 2260 3544 παρ’
2294 3472 2452 3544 ὑμῶν
2507 3474 2803 3545 ἀκούομεν,
2833 3477 2910 3540 ὡς
2958 3477 3033 3547 μὴ
3064 3476 3262 3547 ὤφελε,
3309 3477 3578 3546 δαιμόνων
3629 3478 3703 3540 ὡς

2125 3564 2343 3636 ἀληθῶς
2396 3565 2610 3637 εὕρεμα
2678 3568 2990 3621 σκοτεινόν·
3036 3587 3065 3620 ει
3120 3569 3430 3641 θηρώμενοι
3486 3571 3704 3633 πάντως

2126 3657 2383 3711 ἐντεῦθεν
2400 3659 2494 3712 καὶ
2516 3659 2618 3727 τῆς
2639 3659 2911 3726 τοσαύτης
2937 3659 3286 3731 βλασφημίας
3309 3664 3408 3716 οὐκ
3424 3663 3569 3728 ἄλλο,
3589 3663 3702 3719 ἀλλ’

2131 3749 2269 3818 ὅπερ
2298 3750 2534 3822 ἔφαμεν,
2558 3749 2643 3815 ’ὡς
2688 3750 2757 3805 ἂν
2788 3753 2889 3824 τὴν
2931 3753 3030 3823 μὲν
3059 3754 3250 3808 οὐσίαν
3277 3755 3371 3809 τοῦ
3405 3757 3541 3810 Θεοῦ
3572 3759 3706 3811 ἀπο-

2131 3842 2372 3908 στήσωσι
2403 3842 2684 3906 παντελῶς
2717 3844 2816 3911 τῆς
2859 3844 3027 3896 τῶνδε
3058 3845 3381 3915 διοικήσεως
3402 3864 3415 3878 ·
3452 3847 3705 3900 ἀντεισά-

2127 3929 2263 3997 ξωσι
2296 3932 2353 3986 δὲ
2382 3932 2474 3987 τὸν
2519 3935 2954 4005 παρέγγραπτον
2973 3937 3360 4005 ἑκεῖνονθεδν,
3391 3936 3451 3990 ὃν
3480 3938 3556 4002 ὡς
3593 3938 3705 4007 φῶς

2123 4025 2535 4095 φανταζόμενοι
2564 4028 2909 4096 προήγαγον.

2200 4116 2400 4186 Τρίτον
2443 4116 2630 4185 ὅμοιον
2673 4118 2774 4187 τὴν
2805 4117 3018 4183 ἀθέῖαν,
3063 4119 3097 4190 ἢ
3147 4120 3292 4175 κατά
3323 4138 3377 4175 τι
3425 4123 3708 4192 νενικηκδς

2128 4207 2193 4259 οὐ
2229 4207 2389 4276 μόνον
2412 4207 2678 4276 ἀφιστᾶσι
2720 4209 2820 4280 τὴν
2870 4209 3208 4280 ὑπερούσιον
3248 4212 3355 4266 καὶ
3398 4212 3708 4287 ἀπερίγρα)

2131 4315 2266 4352 πτον
2293 4298 2487 4352 οὐσίαν
2521 4300 2620 4370 τῆς
2662 4301 2722 4355 ἰν
2761 4304 2877 4365 τοῖς
2910 4304 3205 4374 κτίσμασιν
3240 4306 3591 4377 ἐνοικήσεως,
3618 4307 3710 4358 καὶ

2131 4389 2193 4444 τὺ
2218 4390 2318 4461 τῆς
2344 4390 2566 4463 Γραφῆς
2587 4392 2876 4464 ἀναιροῦσι
2898 4393 3199 4466 διαρρήδην
3223 4394 3456 4467 βοὼσης,
3487 4415 3508 4449 ι
3545 4398 3713 4452 Ἐνοι-

2136 4484 2292 4553 κήσω
2335 4484 2394 4536 ἐν
2424 4484 2634 4550 αὐτοῖς,
2686 4486 2781 4539 καὶ
2833 4486 3314 4558 ὲμπεριπατήσω·
3353 4490 3449 4543 καὶ
3516 4490 3711 4561 ἔσομαι

2137 4576 2323 4637 αὐτοῖς
2355 4575 2438 4638 είς
2477 4574 2609 4630 Θεόν
2632 4591 2650 4607 ⁴
2688 4576 2785 4629 καὶ
2816 4577 2973 4631 αὐτοὶ
3005 4578 3220 4633 ἔσονταί
3253 4597 3344 4650 μοι
3372 4583 3456 4644 είς
3486 4574 3649 4635 λαόν·
3685 4600 3705 4632 ι

2137 4668 2255 4723 ἀλλ’
2278 4666 2360 4727 ὡς
2388 4667 2456 4720 ἂν
2475 4670 2577 4722 καὶ
2605 4668 2679 4738 μή
2709 4685 2765 4721 τι
2800 4670 3029 4726 πάθοιεν
3059 4670 3155 4724 ὑπ’
3184 4671 3361 4742 αὐτῆς
3407 4671 3710 4742 ἄνθρωποι,

2138 4758 2346 4827 ταύτην
2412 4758 2709 4829 ἐκφεύγειν
2764 4760 3189 4825 ἀναπείθοντες,
3247 4766 3345 4817 καὶ
3394 4763 3709 4833 τρθαρτικήν

2139 4850 2516 4918 ἀπεφήναντο,
2570 4853 2873 4920 φάσκοντες
2910 4853 2976 4906 ἐν
3007 4853 3073 4922 τῇ
3108 4852 3329 4924 τεθείσῃ
3366 4844 3710 4922 παρ”αὐτῶν

2138 4942 2349 5007 Πίστει,
2391 4960 2412 4994 ι
2448 4944 2558 4997 Καὶ
2599 4945 2699 5010 τὴν
2730 4943 2921 4995 οὐσίαν
2952 4942 3047 4997 τοῦ
3072 4944 3234 5011 Θεοῦ,
3267 4944 3361 4997 διὰ
3408 4944 3470 4996 τὸ
3511 4943 3713 5013 ἀμέθε-

2126 5048 2267 5085 ηκτον
2297 5033 2392 5085 καὶ
2430 5033 2891 5103 ἀπροσπέλαστον
2928 5033 3201 5105 εἰρῆσθαι,
3233 5034 3542 5106 φθαρτικὴν
3565 5036 3713 5106 ἡμᾶς

2137 5121 2276 5178 εἶναι
2307 5124 2554 5194 νομίζειν
2580 5141 2594 5155 ο
2620 5124 2753 5187 τοὺς
2796 5123 2941 5177 οὓτω
2979 5126 3114 5195 περὶ
3148 5126 3319 5197 αὐτῆς
3352 5125 3709 5195 φρονοῦντας,

2126 5213 2186 5268 ιῶ
2218 5217 2316 5287 τῆς
2342 5216 2551 5285 τόλμης
2579 5217 2591 5269 ι
2626 5216 2846 5280 ἀσεϐεῖς
2874 5216 3227 5287 ἀπεφήναντο
3248 5231 3263 5245 ’
3298 5217 3390 5269 καὶ
3415 5215 3588 5269 ταῦτα
3616 5215 3710 5268 τοῦ

2122 5305 2277 5360 Θεοῦ
2338 5307 2477 5375 πρὸς
2526 5305 2731 5373 Μωσῆν
2776 5306 3068 5375 ἐἰρηκότος
3096 5346 3110 5369 ,
3164 5305 3355 5369 Οὐδεὶς
3400 5303 3598 5374 δψεται
3651 5301 3716 5354 τὸ

2136 5396 2433 5466 πρόσωπόν
2464 5412 2592 5466 μου,
2618 5396 2716 5448 καὶ
2745 5394 2993 5466 ζήσεται.
3039 5414 3059 5447 ι
3426 5378 3429 5381 Α

2214 5574 2312 5627 Διά
2333 5573 2388 5627 δὲ
2414 5572 2608 5637 ταῦτα,
2634 5575 2695 5627 οὐ
2730 5574 2890 5644 μόνον
2941 5575 3125 5627 πᾶσαν
3181 5571 3438 5626 ἀσέϐειαν
3499 5581 3699 5631 νενικη-

2144 5666 2302 5731 κότα,
2334 5665 2435 5718 καὶ
2477 5654 2940 5735 περιφανέστερον
2988 5664 3086 5735 τὴν
3136 5663 3230 5717 τοῦ
3280 5664 3494 5735 πρώτου
3545 5671 3700 5710 κατα-

534 5839 580 5871 “
612 5838 946 5908 Levitnunn,
977 5843 1044 5909 (ἐς
1072 5843 1111 5898 ll
1146 5845 1272 5901 Cor.
1300 5862 1374 5911 vi,
1402 5845 1491 5900 ιο.
1562 5847 1615 5889 ρ⁶⁴
1653 5843 1821 5897 Exod.
1859 5858 2082 5909 χττιημ
2104 5842 2190 5905 28l-
