  <div class='ocr_page' id='page_1' title='image "/cluster/home/n/w/nwhite01/storage/ocr_20150623/152/coo.31924054870575/371.png"; bbox 0 0 4088 6452; ppageno 0'>
   <div class='ocr_carea' id='block_1_1' title="bbox 388 451 1997 523">
    <p class='ocr_par' dir='ltr' id='par_1_1' title="bbox 388 451 1997 519">
     <span class='ocr_line' id='line_1_1' title="bbox 388 451 1997 519; baseline -0.003 0"><span class='ocrx_word' id='word_1_1' title='bbox 388 451 499 519; x_wconf 75' lang='grc'><strong>727</strong></span> <span class='ocrx_word' id='word_1_2' title='bbox 1550 453 1879 516; x_wconf 73' lang='grc' dir='ltr'><strong>ΙΟΑΝΝίδ</strong></span> <span class='ocrx_word' id='word_1_3' title='bbox 1913 455 1997 514; x_wconf 76' lang='grc' dir='ltr'><strong>(ΣΥ</strong></span> 
     </span>
    </p>
   </div>
   <div class='ocr_carea' id='block_1_2' title="bbox 2098 451 3675 523">
    <p class='ocr_par' dir='ltr' id='par_1_2' title="bbox 2106 456 3675 523">
     <span class='ocr_line' id='line_1_2' title="bbox 2106 456 3675 523; baseline 0.004 -8"><span class='ocrx_word' id='word_1_4' title='bbox 2106 457 2151 515; x_wconf 79' lang='lat' dir='ltr'>R</span> <span class='ocrx_word' id='word_1_5' title='bbox 2166 456 2483 518; x_wconf 66' lang='lat' dir='ltr'><strong>lSSlOTAZ</strong></span> <span class='ocrx_word' id='word_1_6' title='bbox 2793 494 2796 497; x_wconf 61' lang='grc' dir='ltr'><strong>τ</strong></span> <span class='ocrx_word' id='word_1_7' title='bbox 3561 458 3675 523; x_wconf 68' lang='grc'><strong>728</strong></span> 
     </span>
    </p>
   </div>
   <div class='ocr_carea' id='block_1_3' title="bbox 390 569 1997 647">
    <p class='ocr_par' dir='ltr' id='par_1_3' title="bbox 390 569 1980 644">
     <span class='ocr_line' id='line_1_3' title="bbox 390 569 1980 644; baseline -0.001 -17"><span class='ocrx_word' id='word_1_8' title='bbox 390 574 703 644; x_wconf 79' lang='lat' dir='ltr'><strong>paratisque</strong></span> <span class='ocrx_word' id='word_1_9' title='bbox 718 569 951 634; x_wconf 79' lang='lat' dir='ltr'><strong>insidiis.</strong></span> <span class='ocrx_word' id='word_1_10' title='bbox 968 571 1334 640; x_wconf 75' lang='lat' dir='ltr'><strong>improbitatis</strong></span> <span class='ocrx_word' id='word_1_11' title='bbox 1357 572 1477 629; x_wconf 88' lang='lat' dir='ltr'><strong>illas</strong></span> <span class='ocrx_word' id='word_1_12' title='bbox 1500 572 1713 629; x_wconf 85' lang='lat' dir='ltr'><strong>tabulas</strong></span> <span class='ocrx_word' id='word_1_13' title='bbox 1730 586 1843 627; x_wconf 44' lang='lat' dir='ltr'><strong>exa&#39;</strong></span> <span class='ocrx_word' id='word_1_14' title='bbox 1864 581 1952 628; x_wconf 77' lang='lat' dir='ltr'><strong>an!</strong></span> <span class='ocrx_word' id='word_1_15' title='bbox 1966 615 1980 639; x_wconf 90' lang='lat'><strong>,</strong></span> 
     </span>
    </p>
   </div>
   <div class='ocr_carea' id='block_1_4' title="bbox 2098 569 3666 647">
    <p class='ocr_par' dir='ltr' id='par_1_4' title="bbox 2098 573 3666 647">
     <span class='ocr_line' id='line_1_4' title="bbox 2098 573 3666 647; baseline 0.003 -22"><span class='ocrx_word' id='word_1_16' title='bbox 2098 573 2333 644; x_wconf 70' lang='grc' dir='ltr'>ἐνέδραν,</span> <span class='ocrx_word' id='word_1_17' title='bbox 2366 574 2432 627; x_wconf 76' lang='grc' dir='ltr'><strong>τδ</strong></span> <span class='ocrx_word' id='word_1_18' title='bbox 2453 576 2551 643; x_wconf 86' lang='grc' dir='ltr'><strong>τῆς</strong></span> <span class='ocrx_word' id='word_1_19' title='bbox 2583 575 2813 645; x_wconf 84' lang='grc' dir='ltr'>ἀνομίας</span> <span class='ocrx_word' id='word_1_20' title='bbox 2841 575 3235 647; x_wconf 76' lang='grc' dir='ltr'>ἐγχαράττουσι</span> <span class='ocrx_word' id='word_1_21' title='bbox 3275 574 3458 631; x_wconf 80' lang='grc' dir='ltr'>ἒκεῖνο</span> <span class='ocrx_word' id='word_1_22' title='bbox 3486 593 3666 645; x_wconf 83' lang='grc' dir='ltr'>γραμ-</span> 
     </span>
    </p>
   </div>
   <div class='ocr_carea' id='block_1_5' title="bbox 391 662 1997 740">
    <p class='ocr_par' dir='ltr' id='par_1_5' title="bbox 391 662 1981 735">
     <span class='ocr_line' id='line_1_5' title="bbox 391 662 1981 735; baseline -0.001 -16"><span class='ocrx_word' id='word_1_23' title='bbox 391 666 661 735; x_wconf 87' lang='lat' dir='ltr'><strong>omnique</strong></span> <span class='ocrx_word' id='word_1_24' title='bbox 693 662 912 719; x_wconf 77' lang='lat' dir='ltr'><strong>licentia</strong></span> <span class='ocrx_word' id='word_1_25' title='bbox 940 665 1237 734; x_wconf 71' lang='lat' dir='ltr'><strong>impietatis</strong></span> <span class='ocrx_word' id='word_1_26' title='bbox 1271 664 1639 735; x_wconf 79' lang='lat' dir='ltr'><strong>colophonem</strong></span> <span class='ocrx_word' id='word_1_27' title='bbox 1673 665 1780 719; x_wconf 82' lang='lat' dir='ltr'><strong>alta</strong></span> <span class='ocrx_word' id='word_1_28' title='bbox 1809 666 1981 719; x_wconf 85' lang='lat' dir='ltr'><strong>edunt</strong></span> 
     </span>
    </p>
   </div>
   <div class='ocr_carea' id='block_1_6' title="bbox 2098 662 3673 740">
    <p class='ocr_par' dir='ltr' id='par_1_6' title="bbox 2098 666 3673 740">
     <span class='ocr_line' id='line_1_6' title="bbox 2098 666 3673 740; baseline 0.002 -22"><span class='ocrx_word' id='word_1_29' title='bbox 2098 666 2307 735; x_wconf 81' lang='grc' dir='ltr'><strong>μάτων,</strong></span> <span class='ocrx_word' id='word_1_30' title='bbox 2339 667 2552 720; x_wconf 75' lang='grc' dir='ltr'>καὶτὸν</span> <span class='ocrx_word' id='word_1_31' title='bbox 2590 667 2879 736; x_wconf 78' lang='grc' dir='ltr'><strong>κολοφῶνα</strong></span> <span class='ocrx_word' id='word_1_32' title='bbox 2911 668 3015 738; x_wconf 74' lang='grc' dir='ltr'>τῆς</span> <span class='ocrx_word' id='word_1_33' title='bbox 3049 669 3303 733; x_wconf 77' lang='grc' dir='ltr'>ἀσεϐείας</span> <span class='ocrx_word' id='word_1_34' title='bbox 3333 666 3455 740; x_wconf 82' lang='grc' dir='ltr'>μετ’</span> <span class='ocrx_word' id='word_1_35' title='bbox 3484 668 3673 734; x_wconf 76' lang='grc' dir='ltr'>ἀδείας</span> 
     </span>
    </p>
   </div>
   <div class='ocr_carea' id='block_1_7' title="bbox 392 754 1997 830">
    <p class='ocr_par' dir='ltr' id='par_1_7' title="bbox 392 754 1981 828">
     <span class='ocr_line' id='line_1_7' title="bbox 392 754 1981 828; baseline -0.001 -18"><span class='ocrx_word' id='word_1_36' title='bbox 392 754 660 820; x_wconf 61' lang='lat' dir='ltr'><strong>praeconis</strong></span> <span class='ocrx_word' id='word_1_37' title='bbox 686 768 857 821; x_wconf 73' lang='lat' dir='ltr'><strong>voce;</strong></span> <span class='ocrx_word' id='word_1_38' title='bbox 900 756 1200 811; x_wconf 86' lang='lat' dir='ltr'><strong>Ecclesiam</strong></span> <span class='ocrx_word' id='word_1_39' title='bbox 1259 756 1351 811; x_wconf 91' lang='lat' dir='ltr'><strong>Dei</strong></span> <span class='ocrx_word' id='word_1_40' title='bbox 1386 758 1695 812; x_wconf 79' lang='lat' dir='ltr'><strong>vocitantes</strong></span> <span class='ocrx_word' id='word_1_41' title='bbox 1757 757 1981 828; x_wconf 76' lang='lat' dir='ltr'><strong>impiam</strong></span> 
     </span>
    </p>
   </div>
   <div class='ocr_carea' id='block_1_8' title="bbox 2098 754 3674 830">
    <p class='ocr_par' dir='ltr' id='par_1_8' title="bbox 2098 755 3674 830">
     <span class='ocr_line' id='line_1_8' title="bbox 2098 755 3674 830; baseline 0.003 -22"><span class='ocrx_word' id='word_1_42' title='bbox 2098 755 2585 827; x_wconf 63' lang='lat' dir='ltr'><strong>hvaxnpdrtoucw,</strong></span> <span class='ocrx_word' id='word_1_43' title='bbox 2649 756 2983 830; x_wconf 77' lang='grc' dir='ltr'><strong>Ἐκκλησίαν</strong></span> <span class='ocrx_word' id='word_1_44' title='bbox 3032 761 3478 825; x_wconf 80' lang='grc' dir='ltr'>ἀποκαλέσαντες</span> <span class='ocrx_word' id='word_1_45' title='bbox 3535 760 3674 814; x_wconf 79' lang='grc' dir='ltr'>Θεοῦ</span> 
     </span>
    </p>
   </div>
   <div class='ocr_carea' id='block_1_9' title="bbox 396 845 1997 926">
    <p class='ocr_par' dir='ltr' id='par_1_9' title="bbox 396 849 1992 920">
     <span class='ocr_line' id='line_1_9' title="bbox 396 849 1992 920; baseline 0.003 -20"><span class='ocrx_word' id='word_1_46' title='bbox 396 860 462 902; x_wconf 88' lang='lat' dir='ltr'><strong>ac</strong></span> <span class='ocrx_word' id='word_1_47' title='bbox 495 849 751 903; x_wconf 80' lang='lat' dir='ltr'><strong>devotam</strong></span> <span class='ocrx_word' id='word_1_48' title='bbox 806 863 998 904; x_wconf 85' lang='lat' dir='ltr'><strong>eorum</strong></span> <span class='ocrx_word' id='word_1_49' title='bbox 1037 863 1386 920; x_wconf 84' lang='lat' dir='ltr'><strong>synagogam</strong></span> <span class='ocrx_word' id='word_1_50' title='bbox 1426 869 1440 904; x_wconf 89' lang='lat'><strong>:</strong></span> <span class='ocrx_word' id='word_1_51' title='bbox 1473 850 1738 920; x_wconf 76' lang='lat' dir='ltr'><strong>profanos</strong></span> <span class='ocrx_word' id='word_1_52' title='bbox 1769 865 1896 904; x_wconf 81' lang='lat' dir='ltr'><strong>vero</strong></span> <span class='ocrx_word' id='word_1_53' title='bbox 1930 858 1992 905; x_wconf 85' lang='lat' dir='ltr'><strong>et</strong></span> 
     </span>
    </p>
   </div>
   <div class='ocr_carea' id='block_1_10' title="bbox 2098 845 3677 926">
    <p class='ocr_par' dir='ltr' id='par_1_10' title="bbox 2098 845 3677 926">
     <span class='ocr_line' id='line_1_10' title="bbox 2098 845 3677 926; baseline 0.006 -26"><span class='ocrx_word' id='word_1_54' title='bbox 2098 845 2182 914; x_wconf 72' lang='grc' dir='ltr'>τὴν</span> <span class='ocrx_word' id='word_1_55' title='bbox 2215 848 2426 901; x_wconf 63' lang='grc' dir='ltr'>ἑαυτῶν</span> <span class='ocrx_word' id='word_1_56' title='bbox 2476 850 2694 904; x_wconf 82' lang='grc' dir='ltr'>ἀνόσιον</span> <span class='ocrx_word' id='word_1_57' title='bbox 2743 855 3111 923; x_wconf 78' lang='grc' dir='ltr'>συναγωγήν·</span> <span class='ocrx_word' id='word_1_58' title='bbox 3147 854 3413 926; x_wconf 75' lang='grc' dir='ltr'>βεόήλους</span> <span class='ocrx_word' id='word_1_59' title='bbox 3464 854 3523 908; x_wconf 72' lang='grc' dir='ltr'>δὲ</span> <span class='ocrx_word' id='word_1_60' title='bbox 3579 854 3677 909; x_wconf 72' lang='grc' dir='ltr'>καὶ</span> 
     </span>
    </p>
   </div>
   <div class='ocr_carea' id='block_1_11' title="bbox 391 939 1997 1017">
    <p class='ocr_par' dir='ltr' id='par_1_11' title="bbox 391 941 1983 1014">
     <span class='ocr_line' id='line_1_11' title="bbox 391 941 1983 1014; baseline 0.001 -18"><span class='ocrx_word' id='word_1_61' title='bbox 391 942 675 998; x_wconf 79' lang='lat' dir='ltr'><strong>abdicatos</strong></span> <span class='ocrx_word' id='word_1_62' title='bbox 722 941 870 998; x_wconf 81' lang='lat' dir='ltr'><strong>viros</strong></span> <span class='ocrx_word' id='word_1_63' title='bbox 926 952 1170 1009; x_wconf 89' lang='lat' dir='ltr'><strong>sanctos,</strong></span> <span class='ocrx_word' id='word_1_64' title='bbox 1203 954 1435 1008; x_wconf 87' lang='lat' dir='ltr'><strong>tomum,</strong></span> <span class='ocrx_word' id='word_1_65' title='bbox 1486 943 1780 1014; x_wconf 78' lang='lat' dir='ltr'><strong>impie&#39;atis</strong></span> <span class='ocrx_word' id='word_1_66' title='bbox 1835 944 1983 999; x_wconf 84' lang='lat' dir='ltr'><strong>illam</strong></span> 
     </span>
    </p>
   </div>
   <div class='ocr_carea' id='block_1_12' title="bbox 2098 939 3677 1017">
    <p class='ocr_par' dir='ltr' id='par_1_12' title="bbox 2098 939 3677 1017">
     <span class='ocr_line' id='line_1_12' title="bbox 2098 939 3677 1017; baseline 0.006 -25"><span class='ocrx_word' id='word_1_67' title='bbox 2098 939 2465 1010; x_wconf 66' lang='grc' dir='ltr'>ἑκκηρύκτους</span> <span class='ocrx_word' id='word_1_68' title='bbox 2492 943 2620 1003; x_wconf 85' lang='grc' dir='ltr'>τοὺς</span> <span class='ocrx_word' id='word_1_69' title='bbox 2669 943 2862 1011; x_wconf 85' lang='grc' dir='ltr'>ἁγίους</span> <span class='ocrx_word' id='word_1_70' title='bbox 2886 960 2902 975; x_wconf 87' lang='grc'><strong>·</strong></span> <span class='ocrx_word' id='word_1_71' title='bbox 2954 946 3123 1013; x_wconf 84' lang='grc' dir='ltr'>τόμον</span> <span class='ocrx_word' id='word_1_72' title='bbox 3162 946 3221 999; x_wconf 78' lang='grc' dir='ltr'>δὲ</span> <span class='ocrx_word' id='word_1_73' title='bbox 3248 950 3346 1017; x_wconf 72' lang='grc' dir='ltr'><strong>τὴν</strong></span> <span class='ocrx_word' id='word_1_74' title='bbox 3403 947 3504 1017; x_wconf 81' lang='grc' dir='ltr'>τῆς</span> <span class='ocrx_word' id='word_1_75' title='bbox 3546 950 3677 1003; x_wconf 74' lang='grc' dir='ltr'>ἀσσ-</span> 
     </span>
    </p>
   </div>
   <div class='ocr_carea' id='block_1_13' title="bbox 402 1031 1997 1110">
    <p class='ocr_par' dir='ltr' id='par_1_13' title="bbox 402 1031 1983 1103">
     <span class='ocr_line' id='line_1_13' title="bbox 402 1031 1983 1103; baseline 0.002 -19"><span class='ocrx_word' id='word_1_76' title='bbox 402 1031 935 1100; x_wconf 83' lang='lat' dir='ltr'><strong>promulgationem;</strong></span> <span class='ocrx_word' id='word_1_77' title='bbox 1008 1032 1194 1100; x_wconf 82' lang='lat' dir='ltr'><strong>ﬁdem,</strong></span> <span class='ocrx_word' id='word_1_78' title='bbox 1226 1046 1349 1103; x_wconf 70' lang='lat' dir='ltr'><strong>quae</strong></span> <span class='ocrx_word' id='word_1_79' title='bbox 1397 1047 1612 1088; x_wconf 89' lang='lat' dir='ltr'><strong>omnem</strong></span> <span class='ocrx_word' id='word_1_80' title='bbox 1654 1032 1746 1088; x_wconf 89' lang='lat' dir='ltr'><strong>Dei</strong></span> <span class='ocrx_word' id='word_1_81' title='bbox 1780 1033 1983 1089; x_wconf 89' lang='lat' dir='ltr'><strong>cultum</strong></span> 
     </span>
    </p>
   </div>
   <div class='ocr_carea' id='block_1_14' title="bbox 2098 1031 3679 1110">
    <p class='ocr_par' dir='ltr' id='par_1_14' title="bbox 2098 1032 3679 1110">
     <span class='ocr_line' id='line_1_14' title="bbox 2098 1032 3679 1110; baseline 0.006 -26"><span class='ocrx_word' id='word_1_82' title='bbox 2098 1032 2241 1094; x_wconf 76' lang='grc' dir='ltr'>5είας</span> <span class='ocrx_word' id='word_1_83' title='bbox 2278 1032 2587 1104; x_wconf 72' lang='grc' dir='ltr'>ἀνάρρησιν</span> <span class='ocrx_word' id='word_1_84' title='bbox 2615 1050 2629 1069; x_wconf 86' lang='grc'><strong>·</strong></span> <span class='ocrx_word' id='word_1_85' title='bbox 2672 1035 2860 1089; x_wconf 85' lang='grc' dir='ltr'>πίστιν</span> <span class='ocrx_word' id='word_1_86' title='bbox 2887 1036 2943 1090; x_wconf 80' lang='grc' dir='ltr'>δὲ</span> <span class='ocrx_word' id='word_1_87' title='bbox 2985 1037 3087 1107; x_wconf 82' lang='grc' dir='ltr'>τὴν</span> <span class='ocrx_word' id='word_1_88' title='bbox 3116 1038 3301 1091; x_wconf 77' lang='grc' dir='ltr'>πᾶσαν</span> <span class='ocrx_word' id='word_1_89' title='bbox 3333 1038 3679 1110; x_wconf 78' lang='grc' dir='ltr'><strong>ἀναιροῦσαν</strong></span> 
     </span>
    </p>
   </div>
   <div class='ocr_carea' id='block_1_15' title="bbox 392 1121 1997 1200">
    <p class='ocr_par' dir='ltr' id='par_1_15' title="bbox 392 1122 1981 1197">
     <span class='ocr_line' id='line_1_15' title="bbox 392 1122 1981 1197; baseline 0 -17"><span class='ocrx_word' id='word_1_90' title='bbox 392 1122 667 1180; x_wconf 79' lang='lat' dir='ltr'><strong>sublatum</strong></span> <span class='ocrx_word' id='word_1_91' title='bbox 701 1125 803 1177; x_wconf 68' lang='lat' dir='ltr'><strong>iret</strong></span> <span class='ocrx_word' id='word_1_92' title='bbox 825 1139 889 1179; x_wconf 86' lang='lat' dir='ltr'><strong>ac</strong></span> <span class='ocrx_word' id='word_1_93' title='bbox 906 1125 1248 1196; x_wconf 83' lang='lat' dir='ltr'><strong>religionem.</strong></span> <span class='ocrx_word' id='word_1_94' title='bbox 1274 1125 1696 1182; x_wconf 73' lang='lat' dir='ltr'><strong>Consideremus</strong></span> <span class='ocrx_word' id='word_1_95' title='bbox 1729 1127 1892 1197; x_wconf 83' lang='lat' dir='ltr'><strong>igitur</strong></span> <span class='ocrx_word' id='word_1_96' title='bbox 1914 1141 1981 1180; x_wconf 77' lang='lat' dir='ltr'><strong>ex</strong></span> 
     </span>
    </p>
   </div>
   <div class='ocr_carea' id='block_1_16' title="bbox 2098 1121 3673 1200">
    <p class='ocr_par' dir='ltr' id='par_1_16' title="bbox 2098 1121 3673 1200">
     <span class='ocr_line' id='line_1_16' title="bbox 2098 1121 3673 1200; baseline 0.006 -25"><span class='ocrx_word' id='word_1_97' title='bbox 2098 1121 2228 1175; x_wconf 75' lang='grc' dir='ltr'>Θεοῦ</span> <span class='ocrx_word' id='word_1_98' title='bbox 2273 1123 2548 1185; x_wconf 77' lang='grc' dir='ltr'>λατρείαν.</span> <span class='ocrx_word' id='word_1_99' title='bbox 2578 1125 2812 1177; x_wconf 81' lang='grc' dir='ltr'>Σκοπείν</span> <span class='ocrx_word' id='word_1_100' title='bbox 2844 1126 3041 1179; x_wconf 74' lang='grc' dir='ltr'>οὐκοῦν</span> <span class='ocrx_word' id='word_1_101' title='bbox 3074 1127 3134 1194; x_wconf 80' lang='grc' dir='ltr'>ἐξ</span> <span class='ocrx_word' id='word_1_102' title='bbox 3165 1129 3425 1182; x_wconf 81' lang='grc' dir='ltr'>ἁπάντων</span> <span class='ocrx_word' id='word_1_103' title='bbox 3458 1130 3673 1200; x_wconf 82' lang='grc' dir='ltr'>προσή-</span> 
     </span>
    </p>
   </div>
   <div class='ocr_carea' id='block_1_17' title="bbox 393 1212 1997 1297">
    <p class='ocr_par' dir='ltr' id='par_1_17' title="bbox 393 1212 1986 1288">
     <span class='ocr_line' id='line_1_17' title="bbox 393 1212 1986 1288; baseline 0.004 -22"><span class='ocrx_word' id='word_1_104' title='bbox 393 1212 651 1268; x_wconf 88' lang='lat' dir='ltr'><strong>omnibus</strong></span> <span class='ocrx_word' id='word_1_105' title='bbox 672 1228 851 1284; x_wconf 66' lang='lat' dir='ltr'><strong>operae</strong></span> <span class='ocrx_word' id='word_1_106' title='bbox 874 1215 1106 1284; x_wconf 78' lang='lat' dir='ltr'><strong>pretium</strong></span> <span class='ocrx_word' id='word_1_107' title='bbox 1124 1224 1228 1282; x_wconf 87' lang='lat' dir='ltr'><strong>est,</strong></span> <span class='ocrx_word' id='word_1_108' title='bbox 1253 1225 1435 1272; x_wconf 89' lang='lat' dir='ltr'><strong>utrum</strong></span> <span class='ocrx_word' id='word_1_109' title='bbox 1456 1217 1564 1272; x_wconf 81' lang='lat' dir='ltr'><strong>ullo</strong></span> <span class='ocrx_word' id='word_1_110' title='bbox 1585 1232 1825 1288; x_wconf 85' lang='lat' dir='ltr'><strong>unquam</strong></span> <span class='ocrx_word' id='word_1_111' title='bbox 1843 1226 1986 1273; x_wconf 87' lang='lat' dir='ltr'><strong>tem-</strong></span> 
     </span>
    </p>
   </div>
   <div class='ocr_carea' id='block_1_18' title="bbox 2098 1212 3669 1297">
    <p class='ocr_par' dir='ltr' id='par_1_18' title="bbox 2098 1216 3669 1297">
     <span class='ocr_line' id='line_1_18' title="bbox 2098 1216 3669 1297; baseline 0.006 -31"><span class='ocrx_word' id='word_1_112' title='bbox 2098 1230 2198 1280; x_wconf 74' lang='grc' dir='ltr'>κει,</span> <span class='ocrx_word' id='word_1_113' title='bbox 2227 1216 2276 1269; x_wconf 84' lang='grc' dir='ltr'><strong>εί</strong></span> <span class='ocrx_word' id='word_1_114' title='bbox 2320 1216 2675 1286; x_wconf 79' lang='grc' dir='ltr'>Χριστιανοῖς</span> <span class='ocrx_word' id='word_1_115' title='bbox 2718 1216 2894 1270; x_wconf 85' lang='grc' dir='ltr'>ταῦτα</span> <span class='ocrx_word' id='word_1_116' title='bbox 2939 1218 3162 1297; x_wconf 78' lang='grc' dir='ltr'>πώποτε</span> <span class='ocrx_word' id='word_1_117' title='bbox 3191 1218 3600 1287; x_wconf 80' lang='grc' dir='ltr'>πεπολίτευται,</span> <span class='ocrx_word' id='word_1_118' title='bbox 3633 1222 3669 1295; x_wconf 75' lang='grc' dir='ltr'><strong>ἦ</strong></span> 
     </span>
    </p>
   </div>
   <div class='ocr_carea' id='block_1_19' title="bbox 393 1304 1997 1385">
    <p class='ocr_par' dir='ltr' id='par_1_19' title="bbox 393 1304 1981 1380">
     <span class='ocr_line' id='line_1_19' title="bbox 393 1304 1981 1380; baseline 0.005 -23"><span class='ocrx_word' id='word_1_119' title='bbox 393 1317 528 1375; x_wconf 89' lang='lat' dir='ltr'><strong>pore</strong></span> <span class='ocrx_word' id='word_1_120' title='bbox 569 1304 1008 1362; x_wconf 86' lang='lat' dir='ltr'><strong>Christianorum</strong></span> <span class='ocrx_word' id='word_1_121' title='bbox 1052 1311 1296 1364; x_wconf 88' lang='lat' dir='ltr'><strong>moribus</strong></span> <span class='ocrx_word' id='word_1_122' title='bbox 1315 1309 1623 1367; x_wconf 84' lang='lat' dir='ltr'><strong>istiusmodi</strong></span> <span class='ocrx_word' id='word_1_123' title='bbox 1655 1319 1981 1380; x_wconf 85' lang='lat' dir='ltr'><strong>usurpatum</strong></span> 
     </span>
    </p>
   </div>
   <div class='ocr_carea' id='block_1_20' title="bbox 2098 1304 3674 1385">
    <p class='ocr_par' dir='ltr' id='par_1_20' title="bbox 2098 1307 3674 1385">
     <span class='ocr_line' id='line_1_20' title="bbox 2098 1307 3674 1385; baseline 0.006 -25"><span class='ocrx_word' id='word_1_124' title='bbox 2098 1308 2187 1361; x_wconf 76' lang='grc' dir='ltr'>καὶ</span> <span class='ocrx_word' id='word_1_125' title='bbox 2238 1307 2360 1362; x_wconf 83' lang='grc' dir='ltr'>κατ’</span> <span class='ocrx_word' id='word_1_126' title='bbox 2413 1309 2688 1379; x_wconf 73' lang='grc' dir='ltr'>ἐπιταγὴν</span> <span class='ocrx_word' id='word_1_127' title='bbox 2734 1310 3056 1382; x_wconf 73' lang='grc' dir='ltr'><strong>ἐπέπρακτο</strong></span> <span class='ocrx_word' id='word_1_128' title='bbox 3110 1314 3225 1378; x_wconf 73' lang='grc' dir='ltr'>τοῖς</span> <span class='ocrx_word' id='word_1_129' title='bbox 3279 1314 3443 1385; x_wconf 78' lang='grc' dir='ltr'>ἱεροῖς</span> <span class='ocrx_word' id='word_1_130' title='bbox 3486 1314 3674 1385; x_wconf 80' lang='grc' dir='ltr'><strong>’ἁρμό-</strong></span> 
     </span>
    </p>
   </div>
   <div class='ocr_carea' id='block_1_21' title="bbox 294 1394 1997 1475">
    <p class='ocr_par' dir='ltr' id='par_1_21' title="bbox 294 1394 1979 1475">
     <span class='ocr_line' id='line_1_21' title="bbox 294 1394 1979 1475; baseline 0.007 -27"><span class='ocrx_word' id='word_1_131' title='bbox 294 1461 309 1475; x_wconf 49' lang='lat'><em>.</em></span> <span class='ocrx_word' id='word_1_132' title='bbox 400 1394 784 1454; x_wconf 87' lang='lat' dir='ltr'><strong>sit.autetiam</strong></span> <span class='ocrx_word' id='word_1_133' title='bbox 810 1412 905 1466; x_wconf 86' lang='lat' dir='ltr'><strong>per</strong></span> <span class='ocrx_word' id='word_1_134' title='bbox 929 1401 1347 1470; x_wconf 67' lang='lat' dir='ltr'><strong>prreceptionem</strong></span> <span class='ocrx_word' id='word_1_135' title='bbox 1379 1403 1553 1458; x_wconf 84' lang='lat' dir='ltr'><strong>sacris</strong></span> <span class='ocrx_word' id='word_1_136' title='bbox 1587 1415 1979 1472; x_wconf 83' lang='lat' dir='ltr'><strong>congruentem</strong></span> 
     </span>
    </p>
   </div>
   <div class='ocr_carea' id='block_1_22' title="bbox 2098 1394 3678 1475">
    <p class='ocr_par' dir='ltr' id='par_1_22' title="bbox 2098 1399 3678 1475">
     <span class='ocr_line' id='line_1_22' title="bbox 2098 1399 3678 1475; baseline 0.003 -22"><span class='ocrx_word' id='word_1_137' title='bbox 2098 1399 2310 1465; x_wconf 69' lang='grc' dir='ltr'>ζουσαν.</span> <span class='ocrx_word' id='word_1_138' title='bbox 2346 1400 2411 1453; x_wconf 81' lang='lat' dir='ltr'><strong>El</strong></span> <span class='ocrx_word' id='word_1_139' title='bbox 2437 1399 2484 1453; x_wconf 75' lang='grc' dir='ltr'>δ’</span> <span class='ocrx_word' id='word_1_140' title='bbox 2511 1400 2610 1453; x_wconf 72' lang='grc' dir='ltr'>οὐκ</span> <span class='ocrx_word' id='word_1_141' title='bbox 2647 1400 2835 1471; x_wconf 74' lang='grc' dir='ltr'>ἔχουσι</span> <span class='ocrx_word' id='word_1_142' title='bbox 2877 1401 3040 1456; x_wconf 83' lang='grc' dir='ltr'>τοῦτο</span> <span class='ocrx_word' id='word_1_143' title='bbox 3070 1402 3370 1466; x_wconf 81' lang='grc' dir='ltr'><strong>δεικνύναι,</strong></span> <span class='ocrx_word' id='word_1_144' title='bbox 3405 1404 3678 1475; x_wconf 84' lang='grc' dir='ltr'>πανταχὸ-</span> 
     </span>
    </p>
   </div>
   <div class='ocr_carea' id='block_1_23' title="bbox 396 1481 1997 1565">
    <p class='ocr_par' dir='ltr' id='par_1_23' title="bbox 396 1481 1990 1560">
     <span class='ocr_line' id='line_1_23' title="bbox 396 1481 1990 1560; baseline 0.004 -21"><span class='ocrx_word' id='word_1_145' title='bbox 396 1481 672 1539; x_wconf 74' lang='grc' dir='ltr'>οίΐοοιιιιη.</span> <span class='ocrx_word' id='word_1_146' title='bbox 710 1484 806 1539; x_wconf 90' lang='lat' dir='ltr'><strong>Sin</strong></span> <span class='ocrx_word' id='word_1_147' title='bbox 843 1496 1025 1543; x_wconf 89' lang='lat' dir='ltr'><strong>autem</strong></span> <span class='ocrx_word' id='word_1_148' title='bbox 1053 1490 1197 1544; x_wconf 86' lang='lat' dir='ltr'><strong>istud</strong></span> <span class='ocrx_word' id='word_1_149' title='bbox 1260 1491 1552 1546; x_wconf 85' lang='lat' dir='ltr'><strong>ostendere</strong></span> <span class='ocrx_word' id='word_1_150' title='bbox 1579 1506 1688 1545; x_wconf 89' lang='lat' dir='ltr'><strong>non</strong></span> <span class='ocrx_word' id='word_1_151' title='bbox 1732 1499 1990 1560; x_wconf 88' lang='lat' dir='ltr'><strong>possunt,</strong></span> 
     </span>
    </p>
   </div>
   <div class='ocr_carea' id='block_1_24' title="bbox 2098 1481 3675 1565">
    <p class='ocr_par' dir='ltr' id='par_1_24' title="bbox 2098 1490 3675 1565">
     <span class='ocr_line' id='line_1_24' title="bbox 2098 1490 3675 1565; baseline 0.001 -21"><span class='ocrx_word' id='word_1_152' title='bbox 2098 1490 2187 1544; x_wconf 80' lang='grc' dir='ltr'><strong>θεν</strong></span> <span class='ocrx_word' id='word_1_153' title='bbox 2218 1490 2629 1562; x_wconf 72' lang='grc' dir='ltr'><strong>ἐξελεγχόμενοι</strong></span> <span class='ocrx_word' id='word_1_154' title='bbox 2664 1492 2764 1562; x_wconf 85' lang='grc' dir='ltr'>τὴν</span> <span class='ocrx_word' id='word_1_155' title='bbox 2803 1493 2903 1562; x_wconf 77' lang='grc' dir='ltr'>τῆς</span> <span class='ocrx_word' id='word_1_156' title='bbox 2941 1494 3273 1563; x_wconf 80' lang='grc' dir='ltr'>αὐτονομίας</span> <span class='ocrx_word' id='word_1_157' title='bbox 3319 1495 3675 1565; x_wconf 77' lang='grc' dir='ltr'>νενοσηκότες</span> 
     </span>
    </p>
   </div>
   <div class='ocr_carea' id='block_1_25' title="bbox 404 1575 1997 1658">
    <p class='ocr_par' dir='ltr' id='par_1_25' title="bbox 404 1575 1985 1650">
     <span class='ocr_line' id='line_1_25' title="bbox 404 1575 1985 1650; baseline 0.006 -23"><span class='ocrx_word' id='word_1_158' title='bbox 404 1575 499 1644; x_wconf 84' lang='lat' dir='ltr'><strong>qui</strong></span> <span class='ocrx_word' id='word_1_159' title='bbox 536 1575 780 1648; x_wconf 87' lang='lat' dir='ltr'><strong>undique</strong></span> <span class='ocrx_word' id='word_1_160' title='bbox 813 1589 1114 1650; x_wconf 84' lang='lat' dir='ltr'><strong>arguantur</strong></span> <span class='ocrx_word' id='word_1_161' title='bbox 1141 1581 1417 1637; x_wconf 70' lang='lat' dir='ltr'><strong>libertatis</strong></span> <span class='ocrx_word' id='word_1_162' title='bbox 1437 1597 1501 1638; x_wconf 86' lang='lat' dir='ltr'><strong>ac</strong></span> <span class='ocrx_word' id='word_1_163' title='bbox 1533 1582 1768 1637; x_wconf 73' lang='lat' dir='ltr'><strong>licentiae</strong></span> <span class='ocrx_word' id='word_1_164' title='bbox 1797 1595 1985 1637; x_wconf 84' lang='lat' dir='ltr'><strong>errore</strong></span> 
     </span>
    </p>
   </div>
   <div class='ocr_carea' id='block_1_26' title="bbox 2098 1575 3604 1658">
    <p class='ocr_par' dir='ltr' id='par_1_26' title="bbox 2098 1580 3604 1658">
     <span class='ocr_line' id='line_1_26' title="bbox 2098 1580 3604 1658; baseline 0.004 -23"><span class='ocrx_word' id='word_1_165' title='bbox 2098 1580 2320 1648; x_wconf 75' lang='grc' dir='ltr'>πλάνην;</span> <span class='ocrx_word' id='word_1_166' title='bbox 2361 1582 2475 1638; x_wconf 72' lang='grc' dir='ltr'>οὐδ’</span> <span class='ocrx_word' id='word_1_167' title='bbox 2501 1582 2611 1654; x_wconf 70' lang='grc' dir='ltr'>ἄρα</span> <span class='ocrx_word' id='word_1_168' title='bbox 2641 1583 2735 1639; x_wconf 86' lang='grc' dir='ltr'><strong>τοῦ</strong></span> <span class='ocrx_word' id='word_1_169' title='bbox 2763 1583 2903 1638; x_wconf 75' lang='grc' dir='ltr'>θεοῦ</span> <span class='ocrx_word' id='word_1_170' title='bbox 2935 1585 3068 1655; x_wconf 79' lang='grc' dir='ltr'>ἁγία</span> <span class='ocrx_word' id='word_1_171' title='bbox 3112 1584 3412 1658; x_wconf 79' lang='grc' dir='ltr'><strong>Ἐκκλησία</strong></span> <span class='ocrx_word' id='word_1_172' title='bbox 3441 1587 3604 1643; x_wconf 76' lang='grc' dir='ltr'>εἰσίν.</span> 
     </span>
    </p>
   </div>
   <div class='ocr_carea' id='block_1_27' title="bbox 395 1666 1908 1740">
    <p class='ocr_par' dir='ltr' id='par_1_27' title="bbox 395 1666 1908 1740">
     <span class='ocr_line' id='line_1_27' title="bbox 395 1666 1908 1740; baseline 0.005 -21"><span class='ocrx_word' id='word_1_173' title='bbox 395 1666 669 1732; x_wconf 78' lang='lat' dir='ltr'><strong>laborare,</strong></span> <span class='ocrx_word' id='word_1_174' title='bbox 703 1669 847 1724; x_wconf 85' lang='lat' dir='ltr'><strong>haud</strong></span> <span class='ocrx_word' id='word_1_175' title='bbox 883 1672 1043 1740; x_wconf 86' lang='lat' dir='ltr'><strong>plane</strong></span> <span class='ocrx_word' id='word_1_176' title='bbox 1074 1680 1265 1728; x_wconf 84' lang='lat' dir='ltr'><strong>sancta</strong></span> <span class='ocrx_word' id='word_1_177' title='bbox 1289 1671 1380 1726; x_wconf 85' lang='lat' dir='ltr'><strong>Dei</strong></span> <span class='ocrx_word' id='word_1_178' title='bbox 1415 1672 1656 1727; x_wconf 75' lang='lat' dir='ltr'><strong>Ecclesia</strong></span> <span class='ocrx_word' id='word_1_179' title='bbox 1686 1682 1814 1728; x_wconf 90' lang='lat' dir='ltr'><strong>sunt</strong></span> <span class='ocrx_word' id='word_1_180' title='bbox 1838 1671 1908 1726; x_wconf 77' lang='grc'><strong>⁷⁸.</strong></span> 
     </span>
    </p>
   </div>
   <div class='ocr_carea' id='block_1_28' title="bbox 466 1753 1997 1832">
    <p class='ocr_par' dir='ltr' id='par_1_28' title="bbox 466 1753 1985 1818">
     <span class='ocr_line' id='line_1_28' title="bbox 466 1753 1985 1818; baseline 0.007 -11"><span class='ocrx_word' id='word_1_181' title='bbox 466 1753 731 1811; x_wconf 79' lang='lat' dir='ltr'><strong>Praeterea</strong></span> <span class='ocrx_word' id='word_1_182' title='bbox 766 1757 1117 1815; x_wconf 79' lang='lat' dir='ltr'><strong>interdictum</strong></span> <span class='ocrx_word' id='word_1_183' title='bbox 1163 1770 1248 1817; x_wconf 90' lang='lat' dir='ltr'><strong>est</strong></span> <span class='ocrx_word' id='word_1_184' title='bbox 1287 1770 1340 1815; x_wconf 90' lang='lat' dir='ltr'><strong>et</strong></span> <span class='ocrx_word' id='word_1_185' title='bbox 1370 1764 1430 1816; x_wconf 78' lang='lat' dir='ltr'><strong>in</strong></span> <span class='ocrx_word' id='word_1_186' title='bbox 1451 1761 1706 1818; x_wconf 82' lang='lat' dir='ltr'><strong>civilibus</strong></span> <span class='ocrx_word' id='word_1_187' title='bbox 1739 1763 1985 1818; x_wconf 76' lang='lat' dir='ltr'><strong>tribuna-</strong></span> 
     </span>
    </p>
   </div>
   <div class='ocr_carea' id='block_1_29' title="bbox 2098 1753 3683 1832">
    <p class='ocr_par' dir='ltr' id='par_1_29' title="bbox 2163 1755 3683 1832">
     <span class='ocr_line' id='line_1_29' title="bbox 2163 1755 3683 1832; baseline 0.002 -21"><span class='ocrx_word' id='word_1_188' title='bbox 2163 1755 2288 1812; x_wconf 81' lang='grc' dir='ltr'>Ἔτι</span> <span class='ocrx_word' id='word_1_189' title='bbox 2330 1758 2427 1813; x_wconf 72' lang='grc' dir='ltr'>καὶ</span> <span class='ocrx_word' id='word_1_190' title='bbox 2456 1760 2518 1811; x_wconf 85' lang='grc' dir='ltr'>ὲν</span> <span class='ocrx_word' id='word_1_191' title='bbox 2543 1759 2658 1823; x_wconf 73' lang='grc' dir='ltr'>τοτς</span> <span class='ocrx_word' id='word_1_192' title='bbox 2704 1758 3008 1823; x_wconf 83' lang='grc' dir='ltr'>πολιτικοίς</span> <span class='ocrx_word' id='word_1_193' title='bbox 3035 1759 3420 1832; x_wconf 81' lang='grc' dir='ltr'>δικαστηρίοις</span> <span class='ocrx_word' id='word_1_194' title='bbox 3466 1761 3683 1831; x_wconf 74' lang='grc' dir='ltr'>ἀπηγό-</span> 
     </span>
    </p>
   </div>
   <div class='ocr_carea' id='block_1_30' title="bbox 397 1843 1997 1925">
    <p class='ocr_par' dir='ltr' id='par_1_30' title="bbox 397 1843 1979 1924">
     <span class='ocr_line' id='line_1_30' title="bbox 397 1843 1979 1924; baseline 0.006 -27"><span class='ocrx_word' id='word_1_195' title='bbox 397 1843 566 1912; x_wconf 85' lang='lat' dir='ltr'><strong>libus,</strong></span> <span class='ocrx_word' id='word_1_196' title='bbox 625 1859 723 1916; x_wconf 79' lang='lat' dir='ltr'><strong>per</strong></span> <span class='ocrx_word' id='word_1_197' title='bbox 784 1844 1196 1921; x_wconf 84' lang='lat' dir='ltr'><strong>oceupationem</strong></span> <span class='ocrx_word' id='word_1_198' title='bbox 1246 1853 1522 1923; x_wconf 73' lang='lat' dir='ltr'><strong>judicare,</strong></span> <span class='ocrx_word' id='word_1_199' title='bbox 1584 1868 1760 1924; x_wconf 85' lang='lat' dir='ltr'><strong>eaque</strong></span> <span class='ocrx_word' id='word_1_200' title='bbox 1824 1869 1979 1908; x_wconf 86' lang='lat' dir='ltr'><strong>reum</strong></span> 
     </span>
    </p>
   </div>
   <div class='ocr_carea' id='block_1_31' title="bbox 2098 1843 3678 1925">
    <p class='ocr_par' dir='ltr' id='par_1_31' title="bbox 2098 1851 3678 1925">
     <span class='ocr_line' id='line_1_31' title="bbox 2098 1851 3678 1925; baseline 0 -21"><span class='ocrx_word' id='word_1_201' title='bbox 2098 1867 2280 1922; x_wconf 81' lang='grc' dir='ltr'>ρευται</span> <span class='ocrx_word' id='word_1_202' title='bbox 2309 1851 2373 1905; x_wconf 76' lang='grc' dir='ltr'>τὸ</span> <span class='ocrx_word' id='word_1_203' title='bbox 2420 1851 2899 1922; x_wconf 79' lang='grc' dir='ltr'>προκατειλῆφθαι</span> <span class='ocrx_word' id='word_1_204' title='bbox 2926 1855 2993 1924; x_wconf 78' lang='grc' dir='ltr'>τῇ</span> <span class='ocrx_word' id='word_1_205' title='bbox 3044 1852 3266 1922; x_wconf 71' lang='grc' dir='ltr'>κρίσει*</span> <span class='ocrx_word' id='word_1_206' title='bbox 3305 1852 3488 1924; x_wconf 83' lang='grc' dir='ltr'>πολλῷ</span> <span class='ocrx_word' id='word_1_207' title='bbox 3537 1856 3678 1925; x_wconf 81' lang='grc' dir='ltr'>μᾶλ-</span> 
     </span>
    </p>
   </div>
   <div class='ocr_carea' id='block_1_32' title="bbox 396 1916 1997 2018">
    <p class='ocr_par' dir='ltr' id='par_1_32' title="bbox 396 1916 1982 2018">
     <span class='ocr_line' id='line_1_32' title="bbox 396 1916 1982 2018; baseline 0.008 -26"><span class='ocrx_word' id='word_1_208' title='bbox 396 1940 741 2010; x_wconf 75' lang='lat' dir='ltr'><strong>opprimere,</strong></span> <span class='ocrx_word' id='word_1_209' title='bbox 777 1916 938 2011; x_wconf 77' lang='lat' dir='ltr'><strong>longe</strong></span> <span class='ocrx_word' id='word_1_210' title='bbox 988 1946 1163 2015; x_wconf 83' lang='lat' dir='ltr'><strong>magis</strong></span> <span class='ocrx_word' id='word_1_211' title='bbox 1187 1916 1265 1999; x_wconf 65' lang='grc' dir='ltr'><strong>ἱιι⁷</strong></span> <span class='ocrx_word' id='word_1_212' title='bbox 1286 1916 1525 2012; x_wconf 75' lang='lat' dir='ltr'><strong>divinis,</strong></span> <span class='ocrx_word' id='word_1_213' title='bbox 1580 1916 1684 2002; x_wconf 43' lang='lat' dir='ltr'><strong>ubi.</strong></span> <span class='ocrx_word' id='word_1_214' title='bbox 1709 1956 1765 2003; x_wconf 90' lang='lat' dir='ltr'><strong>et</strong></span> <span class='ocrx_word' id='word_1_215' title='bbox 1805 1947 1982 2018; x_wconf 89' lang='lat' dir='ltr'><strong>majus</strong></span> 
     </span>
    </p>
   </div>
   <div class='ocr_carea' id='block_1_33' title="bbox 2098 1916 3680 2018">
    <p class='ocr_par' dir='ltr' id='par_1_33' title="bbox 2098 1916 3680 2014">
     <span class='ocr_line' id='line_1_33' title="bbox 2098 1916 3680 2014; baseline 0 -18"><span class='ocrx_word' id='word_1_216' title='bbox 2098 1916 2181 1996; x_wconf 74' lang='grc' dir='ltr'><strong>λον</strong></span> <span class='ocrx_word' id='word_1_217' title='bbox 2206 1943 2299 1997; x_wconf 70' lang='grc' dir='ltr'>ἐπὶ</span> <span class='ocrx_word' id='word_1_218' title='bbox 2329 1943 2442 1996; x_wconf 82' lang='grc' dir='ltr'><strong>τῶν</strong></span> <span class='ocrx_word' id='word_1_219' title='bbox 2465 1916 2649 2007; x_wconf 69' lang='grc' dir='ltr'>θείων,</span> <span class='ocrx_word' id='word_1_220' title='bbox 2683 1916 2817 2000; x_wconf 72' lang='grc' dir='ltr'>ἔνθα</span> <span class='ocrx_word' id='word_1_221' title='bbox 2851 1946 2949 1999; x_wconf 61' lang='grc' dir='ltr'><strong>καί</strong></span> <span class='ocrx_word' id='word_1_222' title='bbox 2968 1916 3187 2014; x_wconf 38' lang='grc' dir='ltr'>’μείξων</span> <span class='ocrx_word' id='word_1_223' title='bbox 3207 1947 3235 2000; x_wconf 95' lang='lat'><strong>6</strong></span> <span class='ocrx_word' id='word_1_224' title='bbox 3272 1916 3680 2008; x_wconf 41' lang='grc' dir='ltr'>κίνδυνος-τοῖς</span> 
     </span>
    </p>
   </div>
   <div class='ocr_carea' id='block_1_34' title="bbox 400 2031 1997 2110">
    <p class='ocr_par' dir='ltr' id='par_1_34' title="bbox 400 2031 1985 2110">
     <span class='ocr_line' id='line_1_34' title="bbox 400 2031 1985 2110; baseline 0.006 -25"><span class='ocrx_word' id='word_1_225' title='bbox 400 2031 702 2101; x_wconf 75' lang='lat' dir='ltr'><strong>periculum</strong></span> <span class='ocrx_word' id='word_1_226' title='bbox 733 2043 838 2097; x_wconf 87' lang='lat' dir='ltr'><strong>est,</strong></span> <span class='ocrx_word' id='word_1_227' title='bbox 876 2034 966 2092; x_wconf 80' lang='lat' dir='ltr'><strong>bis</strong></span> <span class='ocrx_word' id='word_1_228' title='bbox 996 2036 1089 2104; x_wconf 80' lang='lat' dir='ltr'><strong>qui</strong></span> <span class='ocrx_word' id='word_1_229' title='bbox 1144 2038 1340 2092; x_wconf 81' lang='lat' dir='ltr'><strong>horum</strong></span> <span class='ocrx_word' id='word_1_230' title='bbox 1396 2039 1603 2110; x_wconf 79' lang='lat' dir='ltr'><strong>aliquid</strong></span> <span class='ocrx_word' id='word_1_231' title='bbox 1641 2039 1985 2096; x_wconf 73' lang='lat' dir='ltr'><strong>violaverim.</strong></span> 
     </span>
    </p>
   </div>
   <div class='ocr_carea' id='block_1_35' title="bbox 2098 2031 3685 2110">
    <p class='ocr_par' dir='ltr' id='par_1_35' title="bbox 2098 2032 3685 2107">
     <span class='ocr_line' id='line_1_35' title="bbox 2098 2032 3685 2107; baseline 0.001 -18"><span class='ocrx_word' id='word_1_232' title='bbox 2098 2053 2144 2090; x_wconf 82' lang='grc' dir='ltr'><strong>τι</strong></span> <span class='ocrx_word' id='word_1_233' title='bbox 2167 2032 2376 2089; x_wconf 74' lang='grc' dir='ltr'>τούτων</span> <span class='ocrx_word' id='word_1_234' title='bbox 2397 2036 2890 2107; x_wconf 82' lang='grc' dir='ltr'>παραχαράττουσι</span> <span class='ocrx_word' id='word_1_235' title='bbox 2930 2037 3197 2105; x_wconf 80' lang='grc' dir='ltr'>πέφυκεν.</span> <span class='ocrx_word' id='word_1_236' title='bbox 3234 2038 3298 2092; x_wconf 80' lang='lat' dir='ltr'><strong>El</strong></span> <span class='ocrx_word' id='word_1_237' title='bbox 3326 2036 3384 2091; x_wconf 82' lang='grc' dir='ltr'>δέ</span> <span class='ocrx_word' id='word_1_238' title='bbox 3414 2054 3480 2106; x_wconf 86' lang='grc' dir='ltr'>γε</span> <span class='ocrx_word' id='word_1_239' title='bbox 3512 2040 3685 2107; x_wconf 79' lang='grc' dir='ltr'>φαῖεν</span> 
     </span>
    </p>
   </div>
   <div class='ocr_carea' id='block_1_36' title="bbox 400 2122 1997 2202">
    <p class='ocr_par' dir='ltr' id='par_1_36' title="bbox 400 2122 1989 2202">
     <span class='ocr_line' id='line_1_36' title="bbox 400 2122 1989 2202; baseline 0.007 -25"><span class='ocrx_word' id='word_1_240' title='bbox 400 2122 496 2178; x_wconf 87' lang='lat' dir='ltr'><strong>Sin</strong></span> <span class='ocrx_word' id='word_1_241' title='bbox 570 2124 759 2180; x_wconf 75' lang='lat' dir='ltr'><strong>dicant</strong></span> <span class='ocrx_word' id='word_1_242' title='bbox 818 2125 1123 2193; x_wconf 68' lang='lat' dir='ltr'><strong>Palamitze,</strong></span> <span class='ocrx_word' id='word_1_243' title='bbox 1164 2143 1278 2185; x_wconf 84' lang='lat' dir='ltr'><strong>non</strong></span> <span class='ocrx_word' id='word_1_244' title='bbox 1329 2144 1647 2202; x_wconf 82' lang='lat' dir='ltr'><strong>occupasse</strong></span> <span class='ocrx_word' id='word_1_245' title='bbox 1710 2139 1807 2187; x_wconf 86' lang='lat' dir='ltr'><strong>aut</strong></span> <span class='ocrx_word' id='word_1_246' title='bbox 1859 2146 1989 2188; x_wconf 77' lang='lat' dir='ltr'><strong>vero</strong></span> 
     </span>
    </p>
   </div>
   <div class='ocr_carea' id='block_1_37' title="bbox 2098 2122 3681 2202">
    <p class='ocr_par' dir='ltr' id='par_1_37' title="bbox 2098 2123 3681 2202">
     <span class='ocr_line' id='line_1_37' title="bbox 2098 2123 3681 2202; baseline 0.001 -21"><span class='ocrx_word' id='word_1_247' title='bbox 2098 2129 2142 2182; x_wconf 83' lang='lat' dir='ltr'><strong>ai</strong></span> <span class='ocrx_word' id='word_1_248' title='bbox 2174 2129 2490 2198; x_wconf 81' lang='grc' dir='ltr'>Παλαμῐται</span> <span class='ocrx_word' id='word_1_249' title='bbox 2519 2130 2595 2201; x_wconf 74' lang='grc' dir='ltr'>μὴ</span> <span class='ocrx_word' id='word_1_250' title='bbox 2619 2123 3113 2200; x_wconf 78' lang='grc' dir='ltr'>προκατειλῆφθαι,</span> <span class='ocrx_word' id='word_1_251' title='bbox 3146 2132 3489 2202; x_wconf 81' lang='grc' dir='ltr'>μακρότερον</span> <span class='ocrx_word' id='word_1_252' title='bbox 3514 2130 3681 2200; x_wconf 73' lang='grc' dir='ltr'>ὀφλή-</span> 
     </span>
    </p>
   </div>
   <div class='ocr_carea' id='block_1_38' title="bbox 398 2218 1984 2296">
    <p class='ocr_par' dir='ltr' id='par_1_38' title="bbox 398 2218 1984 2296">
     <span class='ocr_line' id='line_1_38' title="bbox 398 2218 1984 2296; baseline 0.008 -27"><span class='ocrx_word' id='word_1_253' title='bbox 398 2218 756 2285; x_wconf 81' lang='lat' dir='ltr'><strong>oppressisse,</strong></span> <span class='ocrx_word' id='word_1_254' title='bbox 820 2219 1015 2290; x_wconf 77' lang='lat' dir='ltr'><strong>majori</strong></span> <span class='ocrx_word' id='word_1_255' title='bbox 1058 2221 1176 2277; x_wconf 78' lang='lat' dir='ltr'><strong>risu</strong></span> <span class='ocrx_word' id='word_1_256' title='bbox 1209 2222 1443 2279; x_wconf 78' lang='lat' dir='ltr'><strong>habendi</strong></span> <span class='ocrx_word' id='word_1_257' title='bbox 1487 2226 1622 2290; x_wconf 91' lang='lat' dir='ltr'><strong>sint,</strong></span> <span class='ocrx_word' id='word_1_258' title='bbox 1658 2243 1764 2296; x_wconf 85' lang='lat' dir='ltr'><strong>pro</strong></span> <span class='ocrx_word' id='word_1_259' title='bbox 1793 2242 1897 2281; x_wconf 85' lang='lat' dir='ltr'><strong>sua</strong></span> <span class='ocrx_word' id='word_1_260' title='bbox 1930 2228 1984 2281; x_wconf 91' lang='lat' dir='ltr'><strong>in</strong></span> 
     </span>
    </p>
   </div>
   <div class='ocr_carea' id='block_1_39' title="bbox 397 2309 1987 2383">
    <p class='ocr_par' dir='ltr' id='par_1_39' title="bbox 397 2309 1987 2383">
     <span class='ocr_line' id='line_1_39' title="bbox 397 2309 1987 2383; baseline 0.006 -19"><span class='ocrx_word' id='word_1_261' title='bbox 397 2309 656 2365; x_wconf 84' lang='lat' dir='ltr'><strong>omnibus</strong></span> <span class='ocrx_word' id='word_1_262' title='bbox 710 2326 836 2366; x_wconf 78' lang='lat' dir='ltr'><strong>cum</strong></span> <span class='ocrx_word' id='word_1_263' title='bbox 903 2312 1676 2383; x_wconf 47' lang='lat' dir='ltr'><strong>impudentiawaluntniandl</strong></span> <span class='ocrx_word' id='word_1_264' title='bbox 1737 2318 1987 2375; x_wconf 77' lang='lat' dir='ltr'><strong>libidine.</strong></span> 
     </span>
    </p>
   </div>
   <div class='ocr_carea' id='block_1_40' title="bbox 399 2399 1984 2480">
    <p class='ocr_par' dir='ltr' id='par_1_40' title="bbox 399 2399 1984 2480">
     <span class='ocr_line' id='line_1_40' title="bbox 399 2399 1984 2480; baseline 0.008 -27"><span class='ocrx_word' id='word_1_265' title='bbox 399 2399 669 2455; x_wconf 81' lang='lat' dir='ltr'><strong>Mendacii</strong></span> <span class='ocrx_word' id='word_1_266' title='bbox 710 2403 856 2459; x_wconf 84' lang='lat' dir='ltr'><strong>enim</strong></span> <span class='ocrx_word' id='word_1_267' title='bbox 884 2403 1336 2463; x_wconf 79' lang='lat' dir='ltr'><strong>convincuntur:</strong></span> <span class='ocrx_word' id='word_1_268' title='bbox 1380 2423 1446 2464; x_wconf 88' lang='lat' dir='ltr'><strong>ac</strong></span> <span class='ocrx_word' id='word_1_269' title='bbox 1481 2409 1726 2479; x_wconf 81' lang='lat' dir='ltr'><strong>primum</strong></span> <span class='ocrx_word' id='word_1_270' title='bbox 1756 2409 1984 2480; x_wconf 84' lang='lat' dir='ltr'><strong>quidem</strong></span> 
     </span>
    </p>
   </div>
   <div class='ocr_carea' id='block_1_41' title="bbox 398 2491 1988 2559">
    <p class='ocr_par' dir='ltr' id='par_1_41' title="bbox 398 2491 1988 2559">
     <span class='ocr_line' id='line_1_41' title="bbox 398 2491 1988 2559; baseline 0.008 -15"><span class='ocrx_word' id='word_1_271' title='bbox 398 2491 544 2559; x_wconf 88' lang='lat' dir='ltr'><strong>quod</strong></span> <span class='ocrx_word' id='word_1_272' title='bbox 574 2491 841 2548; x_wconf 85' lang='lat' dir='ltr'><strong>lsidorum</strong></span> <span class='ocrx_word' id='word_1_273' title='bbox 868 2491 1157 2551; x_wconf 71' lang='lat' dir='ltr'><strong>Palamicze</strong></span> <span class='ocrx_word' id='word_1_274' title='bbox 1181 2496 1448 2555; x_wconf 73' lang='lat' dir='ltr'><strong>doctrina:</strong></span> <span class='ocrx_word' id='word_1_275' title='bbox 1464 2514 1633 2556; x_wconf 87' lang='lat' dir='ltr'><strong>causa</strong></span> <span class='ocrx_word' id='word_1_276' title='bbox 1659 2502 1715 2556; x_wconf 90' lang='lat' dir='ltr'><strong>in</strong></span> <span class='ocrx_word' id='word_1_277' title='bbox 1738 2501 1988 2556; x_wconf 86' lang='lat' dir='ltr'><strong>ordinem</strong></span> 
     </span>
    </p>
   </div>
   <div class='ocr_carea' id='block_1_42' title="bbox 399 2583 1986 2660">
    <p class='ocr_par' dir='ltr' id='par_1_42' title="bbox 399 2583 1986 2660">
     <span class='ocr_line' id='line_1_42' title="bbox 399 2583 1986 2660; baseline 0.008 -21"><span class='ocrx_word' id='word_1_278' title='bbox 399 2583 678 2640; x_wconf 84' lang='lat' dir='ltr'><strong>redactum</strong></span> <span class='ocrx_word' id='word_1_279' title='bbox 699 2600 765 2643; x_wconf 80' lang='lat' dir='ltr'><strong>ac</strong></span> <span class='ocrx_word' id='word_1_280' title='bbox 788 2587 1120 2660; x_wconf 80' lang='lat' dir='ltr'><strong>depositum,</strong></span> <span class='ocrx_word' id='word_1_281' title='bbox 1162 2592 1527 2660; x_wconf 85' lang='lat' dir='ltr'><strong>patriarcham</strong></span> <span class='ocrx_word' id='word_1_282' title='bbox 1547 2597 1986 2652; x_wconf 78' lang='lat' dir='ltr'><strong>constituerunt:</strong></span> 
     </span>
    </p>
   </div>
   <div class='ocr_carea' id='block_1_43' title="bbox 398 2677 1993 2756">
    <p class='ocr_par' dir='ltr' id='par_1_43' title="bbox 398 2677 1993 2756">
     <span class='ocr_line' id='line_1_43' title="bbox 398 2677 1993 2756; baseline 0.006 -23"><span class='ocrx_word' id='word_1_283' title='bbox 398 2689 527 2733; x_wconf 86' lang='lat' dir='ltr'><strong>cum</strong></span> <span class='ocrx_word' id='word_1_284' title='bbox 554 2677 652 2733; x_wconf 90' lang='lat' dir='ltr'><strong>illo</strong></span> <span class='ocrx_word' id='word_1_285' title='bbox 678 2693 809 2735; x_wconf 73' lang='lat' dir='ltr'><strong>vero</strong></span> <span class='ocrx_word' id='word_1_286' title='bbox 854 2682 1019 2736; x_wconf 78' lang='lat' dir='ltr'><strong>etiam</strong></span> <span class='ocrx_word' id='word_1_287' title='bbox 1050 2682 1346 2752; x_wconf 81' lang='lat' dir='ltr'><strong>impietatis</strong></span> <span class='ocrx_word' id='word_1_288' title='bbox 1372 2697 1666 2756; x_wconf 86' lang='lat' dir='ltr'><strong>parentem</strong></span> <span class='ocrx_word' id='word_1_289' title='bbox 1698 2688 1740 2741; x_wconf 85' lang='grc' dir='ltr'>Τ</span> <span class='ocrx_word' id='word_1_290' title='bbox 1746 2689 1993 2745; x_wconf 82' lang='lat' dir='ltr'><strong>bessalo-</strong></span> 
     </span>
    </p>
   </div>
   <div class='ocr_carea' id='block_1_44' title="bbox 404 2775 1993 2854">
    <p class='ocr_par' dir='ltr' id='par_1_44' title="bbox 404 2775 1993 2854">
     <span class='ocr_line' id='line_1_44' title="bbox 404 2775 1993 2854; baseline 0.005 -23"><span class='ocrx_word' id='word_1_291' title='bbox 404 2775 541 2831; x_wconf 68' lang='lat' dir='ltr'><strong>nica:</strong></span> <span class='ocrx_word' id='word_1_292' title='bbox 566 2778 888 2847; x_wconf 81' lang='lat' dir='ltr'><strong>episcopum</strong></span> <span class='ocrx_word' id='word_1_293' title='bbox 935 2780 1320 2849; x_wconf 60' lang='lat' dir='ltr'><strong>patefecerunt.</strong></span> <span class='ocrx_word' id='word_1_294' title='bbox 1348 2783 1602 2854; x_wconf 78' lang='lat' dir='ltr'><strong>Tumque</strong></span> <span class='ocrx_word' id='word_1_295' title='bbox 1630 2799 1826 2839; x_wconf 80' lang='lat' dir='ltr'><strong>rursus</strong></span> <span class='ocrx_word' id='word_1_296' title='bbox 1856 2785 1993 2839; x_wconf 73' lang='lat' dir='ltr'><strong>ulte-</strong></span> 
     </span>
    </p>
   </div>
   <div class='ocr_carea' id='block_1_45' title="bbox 400 2874 1991 2943">
    <p class='ocr_par' dir='ltr' id='par_1_45' title="bbox 400 2874 1991 2943">
     <span class='ocr_line' id='line_1_45' title="bbox 400 2874 1991 2943; baseline 0.004 -23"><span class='ocrx_word' id='word_1_297' title='bbox 400 2883 525 2925; x_wconf 86' lang='lat' dir='ltr'><strong>rum</strong></span> <span class='ocrx_word' id='word_1_298' title='bbox 561 2879 681 2938; x_wconf 84' lang='lat' dir='ltr'><strong>post</strong></span> <span class='ocrx_word' id='word_1_299' title='bbox 708 2884 836 2924; x_wconf 88' lang='lat' dir='ltr'><strong>eum</strong></span> <span class='ocrx_word' id='word_1_300' title='bbox 882 2874 1128 2928; x_wconf 83' lang='lat' dir='ltr'><strong>eamdem</strong></span> <span class='ocrx_word' id='word_1_301' title='bbox 1166 2875 1340 2943; x_wconf 85' lang='lat' dir='ltr'><strong>ipsam</strong></span> <span class='ocrx_word' id='word_1_302' title='bbox 1372 2876 1424 2929; x_wconf 91' lang='lat' dir='ltr'><strong>in</strong></span> <span class='ocrx_word' id='word_1_303' title='bbox 1459 2891 1568 2929; x_wconf 84' lang='lat' dir='ltr'><strong>rem</strong></span> <span class='ocrx_word' id='word_1_304' title='bbox 1631 2877 1991 2941; x_wconf 84' lang='lat' dir='ltr'><strong>accersitum,</strong></span> 
     </span>
    </p>
   </div>
   <div class='ocr_carea' id='block_1_46' title="bbox 401 2959 1990 3039">
    <p class='ocr_par' dir='ltr' id='par_1_46' title="bbox 401 2959 1990 3039">
     <span class='ocr_line' id='line_1_46' title="bbox 401 2959 1990 3039; baseline 0.005 -26"><span class='ocrx_word' id='word_1_305' title='bbox 401 2973 566 3029; x_wconf 87' lang='lat' dir='ltr'><strong>quem</strong></span> <span class='ocrx_word' id='word_1_306' title='bbox 625 2959 998 3029; x_wconf 60' lang='lat' dir='ltr'><strong>praedefuncto</strong></span> <span class='ocrx_word' id='word_1_307' title='bbox 1021 2964 1078 3017; x_wconf 88' lang='lat' dir='ltr'><strong>in</strong></span> <span class='ocrx_word' id='word_1_308' title='bbox 1103 2965 1221 3021; x_wconf 85' lang='lat' dir='ltr'><strong>suis</strong></span> <span class='ocrx_word' id='word_1_309' title='bbox 1267 2966 1510 3036; x_wconf 82' lang='lat' dir='ltr'><strong>ipsorum</strong></span> <span class='ocrx_word' id='word_1_310' title='bbox 1543 2966 1756 3024; x_wconf 85' lang='lat' dir='ltr'><strong>deliriis</strong></span> <span class='ocrx_word' id='word_1_311' title='bbox 1791 2968 1990 3039; x_wconf 83' lang='lat' dir='ltr'><strong>majori</strong></span> 
     </span>
    </p>
   </div>
   <div class='ocr_carea' id='block_1_47' title="bbox 402 3055 1457 3129">
    <p class='ocr_par' dir='ltr' id='par_1_47' title="bbox 402 3055 1457 3129">
     <span class='ocr_line' id='line_1_47' title="bbox 402 3055 1457 3129; baseline 0.006 -21"><span class='ocrx_word' id='word_1_312' title='bbox 402 3055 633 3109; x_wconf 75' lang='lat' dir='ltr'><strong>audacia</strong></span> <span class='ocrx_word' id='word_1_313' title='bbox 666 3056 951 3125; x_wconf 69' lang='lat' dir='ltr'><strong>praeditum</strong></span> <span class='ocrx_word' id='word_1_314' title='bbox 983 3072 1098 3113; x_wconf 81' lang='lat' dir='ltr'><strong>non</strong></span> <span class='ocrx_word' id='word_1_315' title='bbox 1123 3059 1457 3129; x_wconf 75' lang='lat' dir='ltr'><strong>ignorarent.</strong></span> 
     </span>
    </p>
   </div>
   <div class='ocr_carea' id='block_1_48' title="bbox 476 3146 1993 3226">
    <p class='ocr_par' dir='ltr' id='par_1_48' title="bbox 476 3146 1993 3226">
     <span class='ocr_line' id='line_1_48' title="bbox 476 3146 1993 3226; baseline 0.004 -25"><span class='ocrx_word' id='word_1_316' title='bbox 476 3146 961 3205; x_wconf 65' lang='lat' dir='ltr'><strong>Praetercadivinae</strong></span> <span class='ocrx_word' id='word_1_317' title='bbox 984 3151 1183 3221; x_wconf 79' lang='lat' dir='ltr'><strong>regulae</strong></span> <span class='ocrx_word' id='word_1_318' title='bbox 1216 3152 1481 3221; x_wconf 82' lang='lat' dir='ltr'><strong>legesque</strong></span> <span class='ocrx_word' id='word_1_319' title='bbox 1518 3168 1713 3209; x_wconf 86' lang='lat' dir='ltr'><strong>omnes</strong></span> <span class='ocrx_word' id='word_1_320' title='bbox 1741 3155 1993 3226; x_wconf 55' lang='grc' dir='ltr'>βιαιοτί-</span> 
     </span>
    </p>
   </div>
   <div class='ocr_carea' id='block_1_49' title="bbox 2093 2221 3681 2292">
    <p class='ocr_par' dir='ltr' id='par_1_49' title="bbox 2093 2221 3681 2292">
     <span class='ocr_line' id='line_1_49' title="bbox 2093 2221 3681 2292; baseline -0.001 -18"><span class='ocrx_word' id='word_1_321' title='bbox 2093 2237 2247 2274; x_wconf 81' lang='grc' dir='ltr'>σουσι</span> <span class='ocrx_word' id='word_1_322' title='bbox 2297 2221 2513 2289; x_wconf 79' lang='grc' dir='ltr'>γέλωτα</span> <span class='ocrx_word' id='word_1_323' title='bbox 2543 2221 2645 2290; x_wconf 84' lang='grc' dir='ltr'>τῆς</span> <span class='ocrx_word' id='word_1_324' title='bbox 2686 2224 2806 2292; x_wconf 79' lang='grc' dir='ltr'>μετ’</span> <span class='ocrx_word' id='word_1_325' title='bbox 2835 2221 3117 2286; x_wconf 79' lang='grc' dir='ltr'>ἀναιδείας</span> <span class='ocrx_word' id='word_1_326' title='bbox 3161 2224 3221 2276; x_wconf 72' lang='grc' dir='ltr'>ἂν</span> <span class='ocrx_word' id='word_1_327' title='bbox 3262 2222 3470 2276; x_wconf 73' lang='grc' dir='ltr'>ἅπασιν</span> <span class='ocrx_word' id='word_1_328' title='bbox 3496 2222 3681 2276; x_wconf 80' lang='grc' dir='ltr'>αὐτῶν</span> 
     </span>
    </p>
   </div>
   <div class='ocr_carea' id='block_1_50' title="bbox 2095 2313 3681 2384">
    <p class='ocr_par' dir='ltr' id='par_1_50' title="bbox 2095 2313 3681 2384">
     <span class='ocr_line' id='line_1_50' title="bbox 2095 2313 3681 2384; baseline 0 -18"><span class='ocrx_word' id='word_1_329' title='bbox 2095 2314 2482 2380; x_wconf 74' lang='grc' dir='ltr'>συκοφαντίας.</span> <span class='ocrx_word' id='word_1_330' title='bbox 2553 2313 2905 2384; x_wconf 74' lang='grc' dir='ltr'>Ἑλέγχονται</span> <span class='ocrx_word' id='word_1_331' title='bbox 2979 2314 3095 2384; x_wconf 80' lang='grc' dir='ltr'><strong>γὰρ</strong></span> <span class='ocrx_word' id='word_1_332' title='bbox 3171 2313 3681 2384; x_wconf 64' lang='grc' dir='ltr'>καταψευδόμενοιθ</span> 
     </span>
    </p>
   </div>
   <div class='ocr_carea' id='block_1_51' title="bbox 2093 2405 3680 2477">
    <p class='ocr_par' dir='ltr' id='par_1_51' title="bbox 2093 2405 3680 2477">
     <span class='ocr_line' id='line_1_51' title="bbox 2093 2405 3680 2477; baseline -0.001 -17"><span class='ocrx_word' id='word_1_333' title='bbox 2093 2406 2364 2476; x_wconf 82' lang='grc' dir='ltr'>πρότερον</span> <span class='ocrx_word' id='word_1_334' title='bbox 2425 2406 2526 2476; x_wconf 75' lang='grc' dir='ltr'>μὲν</span> <span class='ocrx_word' id='word_1_335' title='bbox 2581 2405 2673 2459; x_wconf 80' lang='grc' dir='ltr'>τὸν</span> <span class='ocrx_word' id='word_1_336' title='bbox 2731 2406 2826 2459; x_wconf 75' lang='grc' dir='ltr'><strong>ἐπὶ</strong></span> <span class='ocrx_word' id='word_1_337' title='bbox 2867 2407 2982 2470; x_wconf 78' lang='grc' dir='ltr'>τοῖς</span> <span class='ocrx_word' id='word_1_338' title='bbox 3017 2406 3366 2477; x_wconf 78' lang='grc' dir='ltr'>Παλαμικοτς</span> <span class='ocrx_word' id='word_1_339' title='bbox 3418 2407 3680 2475; x_wconf 67' lang='grc' dir='ltr'>καθαιρε-</span> 
     </span>
    </p>
   </div>
   <div class='ocr_carea' id='block_1_52' title="bbox 2095 2496 3681 2569">
    <p class='ocr_par' dir='ltr' id='par_1_52' title="bbox 2095 2496 3681 2569">
     <span class='ocr_line' id='line_1_52' title="bbox 2095 2496 3681 2569; baseline -0.001 -17"><span class='ocrx_word' id='word_1_340' title='bbox 2095 2499 2259 2552; x_wconf 83' lang='grc' dir='ltr'>θέντα</span> <span class='ocrx_word' id='word_1_341' title='bbox 2287 2498 2561 2569; x_wconf 76' lang='grc' dir='ltr'>δόγμασιν</span> <span class='ocrx_word' id='word_1_342' title='bbox 2603 2497 2881 2568; x_wconf 75' lang='grc' dir='ltr'>Ἰσίδωρον</span> <span class='ocrx_word' id='word_1_343' title='bbox 2938 2498 3290 2569; x_wconf 84' lang='grc' dir='ltr'>πατριάρχην</span> <span class='ocrx_word' id='word_1_344' title='bbox 3333 2496 3681 2566; x_wconf 71' lang='grc' dir='ltr'>ἀναδεδδιχόι-</span> 
     </span>
    </p>
   </div>
   <div class='ocr_carea' id='block_1_53' title="bbox 2034 2589 3676 2662">
    <p class='ocr_par' dir='ltr' id='par_1_53' title="bbox 2034 2589 3676 2662">
     <span class='ocr_line' id='line_1_53' title="bbox 2034 2589 3676 2662; baseline 0 -19"><span class='ocrx_word' id='word_1_345' title='bbox 2034 2648 2041 2653; x_wconf 51' lang='grc'><strong>,</strong></span> <span class='ocrx_word' id='word_1_346' title='bbox 2096 2606 2186 2654; x_wconf 85' lang='grc' dir='ltr'><strong>τες</strong></span> <span class='ocrx_word' id='word_1_347' title='bbox 2208 2606 2225 2623; x_wconf 77' lang='grc' dir='ltr'><strong>ο</strong></span> <span class='ocrx_word' id='word_1_348' title='bbox 2255 2592 2355 2645; x_wconf 84' lang='grc' dir='ltr'>σὺν</span> <span class='ocrx_word' id='word_1_349' title='bbox 2387 2589 2537 2662; x_wconf 81' lang='grc' dir='ltr'>αὐτῷ</span> <span class='ocrx_word' id='word_1_350' title='bbox 2575 2589 2634 2644; x_wconf 82' lang='grc' dir='ltr'>δὲ</span> <span class='ocrx_word' id='word_1_351' title='bbox 2663 2591 2756 2644; x_wconf 80' lang='grc' dir='ltr'><strong>καὶ</strong></span> <span class='ocrx_word' id='word_1_352' title='bbox 2804 2589 2896 2643; x_wconf 78' lang='grc' dir='ltr'>τὸν</span> <span class='ocrx_word' id='word_1_353' title='bbox 2922 2590 3023 2660; x_wconf 81' lang='grc' dir='ltr'>τῆς</span> <span class='ocrx_word' id='word_1_354' title='bbox 3067 2589 3324 2653; x_wconf 72' lang='grc' dir='ltr'>ἀσεϐείας</span> <span class='ocrx_word' id='word_1_355' title='bbox 3353 2589 3676 2660; x_wconf 79' lang='grc' dir='ltr'>γεννήτορα,</span> 
     </span>
    </p>
   </div>
   <div class='ocr_carea' id='block_1_54' title="bbox 2095 2676 3683 2753">
    <p class='ocr_par' dir='ltr' id='par_1_54' title="bbox 2095 2676 3683 2753">
     <span class='ocr_line' id='line_1_54' title="bbox 2095 2676 3683 2753; baseline -0.003 -16"><span class='ocrx_word' id='word_1_356' title='bbox 2095 2683 2507 2752; x_wconf 83' lang='grc' dir='ltr'>Θεσσαλονίκης</span> <span class='ocrx_word' id='word_1_357' title='bbox 2555 2682 2895 2753; x_wconf 77' lang='grc' dir='ltr'>προστάτην.</span> <span class='ocrx_word' id='word_1_358' title='bbox 2940 2681 3152 2736; x_wconf 81' lang='grc' dir='ltr'>Ἐπειτ’</span> <span class='ocrx_word' id='word_1_359' title='bbox 3203 2676 3361 2743; x_wconf 81' lang='grc' dir='ltr'>αὖθις</span> <span class='ocrx_word' id='word_1_360' title='bbox 3402 2682 3498 2734; x_wconf 73' lang='grc' dir='ltr'><strong>τὸν</strong></span> <span class='ocrx_word' id='word_1_361' title='bbox 3556 2681 3683 2751; x_wconf 79' lang='grc' dir='ltr'>μετ’</span> 
     </span>
    </p>
   </div>
   <div class='ocr_carea' id='block_1_55' title="bbox 2096 2776 3680 2849">
    <p class='ocr_par' dir='ltr' id='par_1_55' title="bbox 2096 2776 3680 2849">
     <span class='ocr_line' id='line_1_55' title="bbox 2096 2776 3680 2849; baseline -0.005 -16"><span class='ocrx_word' id='word_1_362' title='bbox 2096 2782 2306 2834; x_wconf 78' lang='grc' dir='ltr'>ἐκεῖνον</span> <span class='ocrx_word' id='word_1_363' title='bbox 2353 2778 2611 2849; x_wconf 85' lang='grc' dir='ltr'>δεύτερον</span> <span class='ocrx_word' id='word_1_364' title='bbox 2665 2779 2755 2831; x_wconf 79' lang='grc' dir='ltr'><strong>ἐπ’</strong></span> <span class='ocrx_word' id='word_1_365' title='bbox 2808 2777 2944 2832; x_wconf 75' lang='grc' dir='ltr'>αὐτὸ</span> <span class='ocrx_word' id='word_1_366' title='bbox 2996 2780 3089 2832; x_wconf 73' lang='grc' dir='ltr'>καὶ</span> <span class='ocrx_word' id='word_1_367' title='bbox 3150 2776 3680 2847; x_wconf 72' lang='grc' dir='ltr'>μετακαλεσάμενοι,</span> 
     </span>
    </p>
   </div>
   <div class='ocr_carea' id='block_1_56' title="bbox 2097 2866 3680 2945">
    <p class='ocr_par' dir='ltr' id='par_1_56' title="bbox 2097 2866 3680 2945">
     <span class='ocr_line' id='line_1_56' title="bbox 2097 2866 3680 2945; baseline -0.006 -17"><span class='ocrx_word' id='word_1_368' title='bbox 2097 2873 2282 2945; x_wconf 87' lang='grc' dir='ltr'>πολλῷ</span> <span class='ocrx_word' id='word_1_369' title='bbox 2309 2873 2406 2928; x_wconf 88' lang='grc' dir='ltr'><strong>τοῦ</strong></span> <span class='ocrx_word' id='word_1_370' title='bbox 2435 2872 2836 2944; x_wconf 82' lang='grc' dir='ltr'>παρῳχηκότος</span> <span class='ocrx_word' id='word_1_371' title='bbox 2867 2872 3280 2942; x_wconf 79' lang='grc' dir='ltr'>συνεωρακότες</span> <span class='ocrx_word' id='word_1_372' title='bbox 3302 2872 3359 2924; x_wconf 80' lang='grc' dir='ltr'>ὲν</span> <span class='ocrx_word' id='word_1_373' title='bbox 3391 2869 3501 2931; x_wconf 82' lang='grc' dir='ltr'>τοῖς</span> <span class='ocrx_word' id='word_1_374' title='bbox 3529 2866 3680 2937; x_wconf 74' lang='grc' dir='ltr'>σφῶν</span> 
     </span>
    </p>
   </div>
   <div class='ocr_carea' id='block_1_57' title="bbox 2097 2963 3379 3040">
    <p class='ocr_par' dir='ltr' id='par_1_57' title="bbox 2097 2963 3379 3040">
     <span class='ocr_line' id='line_1_57' title="bbox 2097 2963 3379 3040; baseline -0.006 -16"><span class='ocrx_word' id='word_1_375' title='bbox 2097 2967 2280 3024; x_wconf 74' lang='grc' dir='ltr'>αὐτῶν</span> <span class='ocrx_word' id='word_1_376' title='bbox 2298 2966 2759 3040; x_wconf 75' lang='grc' dir='ltr'>’παραληρήμασι</span> <span class='ocrx_word' id='word_1_377' title='bbox 2788 2964 3130 3035; x_wconf 83' lang='grc' dir='ltr'>θρασύτερον</span> <span class='ocrx_word' id='word_1_378' title='bbox 3161 2963 3379 3035; x_wconf 79' lang='grc' dir='ltr'>ἔχοντα.</span> 
     </span>
    </p>
   </div>
   <div class='ocr_carea' id='block_1_58' title="bbox 2171 3140 3684 3215">
    <p class='ocr_par' dir='ltr' id='par_1_58' title="bbox 2171 3140 3684 3215">
     <span class='ocr_line' id='line_1_58' title="bbox 2171 3140 3684 3215; baseline -0.008 -12"><span class='ocrx_word' id='word_1_379' title='bbox 2171 3147 2297 3203; x_wconf 82' lang='grc' dir='ltr'><strong>Ἔτι</strong></span> <span class='ocrx_word' id='word_1_380' title='bbox 2324 3148 2550 3211; x_wconf 82' lang='grc' dir='ltr'>κανόνες</span> <span class='ocrx_word' id='word_1_381' title='bbox 2582 3146 2717 3201; x_wconf 74' lang='grc' dir='ltr'>θεῖοι</span> <span class='ocrx_word' id='word_1_382' title='bbox 2746 3144 3125 3215; x_wconf 83' lang='grc' dir='ltr'>διαγορεύουσι</span> <span class='ocrx_word' id='word_1_383' title='bbox 3172 3146 3268 3197; x_wconf 62' lang='grc' dir='ltr'><strong>καί¹</strong></span> <span class='ocrx_word' id='word_1_384' title='bbox 3288 3142 3445 3210; x_wconf 78' lang='grc' dir='ltr'>νόμοι</span> <span class='ocrx_word' id='word_1_385' title='bbox 3480 3140 3684 3202; x_wconf 82' lang='grc' dir='ltr'>πάντες</span> 
     </span>
    </p>
   </div>
   <div class='ocr_carea' id='block_1_59' title="bbox 403 3233 1997 3317">
    <p class='ocr_par' dir='ltr' id='par_1_59' title="bbox 403 3239 1987 3315">
     <span class='ocr_line' id='line_1_59' title="bbox 403 3239 1987 3315; baseline 0.004 -21"><span class='ocrx_word' id='word_1_386' title='bbox 403 3239 563 3306; x_wconf 89' lang='lat' dir='ltr'><strong>bunt,</strong></span> <span class='ocrx_word' id='word_1_387' title='bbox 597 3240 893 3306; x_wconf 84' lang='lat' dir='ltr'><strong>neminem,</strong></span> <span class='ocrx_word' id='word_1_388' title='bbox 958 3243 1047 3298; x_wconf 84' lang='lat' dir='ltr'><strong>cui</strong></span> <span class='ocrx_word' id='word_1_389' title='bbox 1085 3243 1295 3299; x_wconf 87' lang='lat' dir='ltr'><strong>crimen</strong></span> <span class='ocrx_word' id='word_1_390' title='bbox 1341 3245 1617 3315; x_wconf 87' lang='lat' dir='ltr'><strong>objectum</strong></span> <span class='ocrx_word' id='word_1_391' title='bbox 1663 3247 1755 3314; x_wconf 81' lang='lat' dir='ltr'><strong>sit,</strong></span> <span class='ocrx_word' id='word_1_392' title='bbox 1788 3250 1987 3301; x_wconf 88' lang='lat' dir='ltr'><strong>nedum</strong></span> 
     </span>
    </p>
   </div>
   <div class='ocr_carea' id='block_1_60' title="bbox 2098 3233 3686 3317">
    <p class='ocr_par' dir='ltr' id='par_1_60' title="bbox 2098 3233 3686 3317">
     <span class='ocr_line' id='line_1_60' title="bbox 2098 3233 3686 3317; baseline -0.004 -24"><span class='ocrx_word' id='word_1_393' title='bbox 2098 3244 2307 3317; x_wconf 77' lang='grc' dir='ltr'>μηδένα</span> <span class='ocrx_word' id='word_1_394' title='bbox 2333 3241 2443 3295; x_wconf 83' lang='grc' dir='ltr'><strong>τῶν</strong></span> <span class='ocrx_word' id='word_1_395' title='bbox 2476 3242 2566 3295; x_wconf 69' lang='grc' dir='ltr'><strong>ἐπ’</strong></span> <span class='ocrx_word' id='word_1_396' title='bbox 2605 3238 2815 3303; x_wconf 86' lang='grc' dir='ltr'>αίτίαις</span> <span class='ocrx_word' id='word_1_397' title='bbox 2844 3237 3245 3307; x_wconf 82' lang='grc' dir='ltr'>ὲγκληθέντων,</span> <span class='ocrx_word' id='word_1_398' title='bbox 3283 3236 3445 3305; x_wconf 88' lang='grc' dir='ltr'>μήτοι</span> <span class='ocrx_word' id='word_1_399' title='bbox 3472 3252 3535 3302; x_wconf 86' lang='grc' dir='ltr'>γε</span> <span class='ocrx_word' id='word_1_400' title='bbox 3561 3233 3686 3299; x_wconf 60' lang='lat'><strong>867-</strong></span> 
     </span>
    </p>
   </div>
   <div class='ocr_carea' id='block_1_61' title="bbox 412 3331 1991 3409">
    <p class='ocr_par' dir='ltr' id='par_1_61' title="bbox 412 3331 1991 3409">
     <span class='ocr_line' id='line_1_61' title="bbox 412 3331 1991 3409; baseline 0.007 -25"><span class='ocrx_word' id='word_1_401' title='bbox 412 3331 467 3385; x_wconf 88' lang='lat' dir='ltr'><strong>in</strong></span> <span class='ocrx_word' id='word_1_402' title='bbox 502 3331 572 3388; x_wconf 84' lang='lat' dir='ltr'><strong>iis</strong></span> <span class='ocrx_word' id='word_1_403' title='bbox 595 3382 601 3388; x_wconf 89' lang='lat'>.</span> <span class='ocrx_word' id='word_1_404' title='bbox 624 3347 746 3400; x_wconf 55' lang='lat' dir='ltr'><strong>qut!</strong></span> <span class='ocrx_word' id='word_1_405' title='bbox 782 3332 849 3388; x_wconf 89' lang='lat' dir='ltr'><strong>ad</strong></span> <span class='ocrx_word' id='word_1_406' title='bbox 885 3332 1043 3389; x_wconf 82' lang='lat' dir='ltr'><strong>ﬁdem</strong></span> <span class='ocrx_word' id='word_1_407' title='bbox 1078 3349 1145 3390; x_wconf 86' lang='lat' dir='ltr'><strong>ac</strong></span> <span class='ocrx_word' id='word_1_408' title='bbox 1200 3336 1458 3409; x_wconf 77' lang='lat' dir='ltr'><strong>dogmata</strong></span> <span class='ocrx_word' id='word_1_409' title='bbox 1499 3347 1770 3409; x_wconf 84' lang='lat' dir='ltr'><strong>spectant,</strong></span> <span class='ocrx_word' id='word_1_410' title='bbox 1796 3340 1886 3394; x_wconf 88' lang='lat' dir='ltr'><strong>ubi</strong></span> <span class='ocrx_word' id='word_1_411' title='bbox 1935 3348 1991 3395; x_wconf 89' lang='lat' dir='ltr'><strong>et</strong></span> 
     </span>
    </p>
   </div>
   <div class='ocr_carea' id='block_1_62' title="bbox 404 3426 1990 3499">
    <p class='ocr_par' dir='ltr' id='par_1_62' title="bbox 404 3426 1990 3499">
     <span class='ocr_line' id='line_1_62' title="bbox 404 3426 1990 3499; baseline 0.007 -23"><span class='ocrx_word' id='word_1_412' title='bbox 404 3426 649 3497; x_wconf 76' lang='lat' dir='ltr'><strong>projeeta</strong></span> <span class='ocrx_word' id='word_1_413' title='bbox 698 3426 927 3482; x_wconf 82' lang='lat' dir='ltr'><strong>audacia</strong></span> <span class='ocrx_word' id='word_1_414' title='bbox 979 3428 1157 3499; x_wconf 88' lang='lat' dir='ltr'><strong>majus</strong></span> <span class='ocrx_word' id='word_1_415' title='bbox 1199 3427 1465 3485; x_wconf 88' lang='lat' dir='ltr'><strong>damnum</strong></span> <span class='ocrx_word' id='word_1_416' title='bbox 1518 3429 1702 3496; x_wconf 80' lang='lat' dir='ltr'><strong>oﬂ&#39;crt,</strong></span> <span class='ocrx_word' id='word_1_417' title='bbox 1733 3434 1831 3488; x_wconf 86' lang='lat' dir='ltr'><strong>sed</strong></span> <span class='ocrx_word' id='word_1_418' title='bbox 1854 3439 1907 3486; x_wconf 88' lang='lat' dir='ltr'><strong>et</strong></span> <span class='ocrx_word' id='word_1_419' title='bbox 1936 3434 1990 3487; x_wconf 92' lang='lat' dir='ltr'><strong>in</strong></span> 
     </span>
    </p>
   </div>
   <div class='ocr_carea' id='block_1_63' title="bbox 406 3512 1992 3595">
    <p class='ocr_par' dir='ltr' id='par_1_63' title="bbox 406 3512 1992 3595">
     <span class='ocr_line' id='line_1_63' title="bbox 406 3512 1992 3595; baseline 0.005 -24"><span class='ocrx_word' id='word_1_420' title='bbox 406 3520 531 3574; x_wconf 84' lang='lat' dir='ltr'><strong>aliis</strong></span> <span class='ocrx_word' id='word_1_421' title='bbox 579 3520 1021 3593; x_wconf 81' lang='lat' dir='ltr'><strong>quibuscunque,</strong></span> <span class='ocrx_word' id='word_1_422' title='bbox 1081 3520 1247 3578; x_wconf 87' lang='lat' dir='ltr'><strong>licere</strong></span> <span class='ocrx_word' id='word_1_423' title='bbox 1268 3523 1615 3593; x_wconf 79' lang='lat' dir='ltr'><strong>promoveri,</strong></span> <span class='ocrx_word' id='word_1_424' title='bbox 1673 3512 1742 3579; x_wconf 84' lang='lat' dir='ltr'><strong>ab</strong></span> <span class='ocrx_word' id='word_1_425' title='bbox 1772 3539 1835 3579; x_wconf 87' lang='lat' dir='ltr'><strong>ca</strong></span> <span class='ocrx_word' id='word_1_426' title='bbox 1887 3539 1992 3595; x_wconf 84' lang='lat' dir='ltr'><strong>qua</strong></span> 
     </span>
    </p>
   </div>
   <div class='ocr_carea' id='block_1_64' title="bbox 407 3610 1994 3686">
    <p class='ocr_par' dir='ltr' id='par_1_64' title="bbox 407 3610 1994 3686">
     <span class='ocr_line' id='line_1_64' title="bbox 407 3610 1994 3686; baseline 0.005 -21"><span class='ocrx_word' id='word_1_427' title='bbox 407 3610 579 3681; x_wconf 80' lang='lat' dir='ltr'><strong>fulget</strong></span> <span class='ocrx_word' id='word_1_428' title='bbox 623 3612 875 3682; x_wconf 64' lang='lat' dir='ltr'><strong>praesenti</strong></span> <span class='ocrx_word' id='word_1_429' title='bbox 923 3612 1210 3684; x_wconf 86' lang='lat' dir='ltr'><strong>dignitate,</strong></span> <span class='ocrx_word' id='word_1_430' title='bbox 1263 3613 1439 3669; x_wconf 85' lang='lat' dir='ltr'><strong>donec</strong></span> <span class='ocrx_word' id='word_1_431' title='bbox 1487 3615 1734 3686; x_wconf 74' lang='lat' dir='ltr'><strong>synodali</strong></span> <span class='ocrx_word' id='word_1_432' title='bbox 1783 3616 1994 3685; x_wconf 80' lang='lat' dir='ltr'><strong>judicio</strong></span> 
     </span>
    </p>
   </div>
   <div class='ocr_carea' id='block_1_65' title="bbox 405 3703 1993 3779">
    <p class='ocr_par' dir='ltr' id='par_1_65' title="bbox 405 3703 1993 3779">
     <span class='ocr_line' id='line_1_65' title="bbox 405 3703 1993 3779; baseline 0.005 -22"><span class='ocrx_word' id='word_1_433' title='bbox 405 3703 623 3774; x_wconf 67' lang='lat' dir='ltr'><strong>objecta</strong></span> <span class='ocrx_word' id='word_1_434' title='bbox 683 3704 922 3760; x_wconf 85' lang='lat' dir='ltr'><strong>diluerit.</strong></span> <span class='ocrx_word' id='word_1_435' title='bbox 961 3706 1265 3761; x_wconf 72' lang='lat' dir='ltr'><strong>Ostendam</strong></span> <span class='ocrx_word' id='word_1_436' title='bbox 1305 3706 1474 3776; x_wconf 77' lang='lat' dir='ltr'><strong>igitur</strong></span> <span class='ocrx_word' id='word_1_437' title='bbox 1508 3707 1603 3777; x_wconf 86' lang='lat' dir='ltr'><strong>qui</strong></span> <span class='ocrx_word' id='word_1_438' title='bbox 1649 3708 1839 3774; x_wconf 80' lang='lat' dir='ltr'><strong>velint,</strong></span> <span class='ocrx_word' id='word_1_439' title='bbox 1881 3724 1993 3779; x_wconf 88' lang='lat' dir='ltr'><strong>quo</strong></span> 
     </span>
    </p>
   </div>
   <div class='ocr_carea' id='block_1_66' title="bbox 405 3795 1994 3873">
    <p class='ocr_par' dir='ltr' id='par_1_66' title="bbox 405 3795 1994 3873">
     <span class='ocr_line' id='line_1_66' title="bbox 405 3795 1994 3873; baseline 0.004 -24"><span class='ocrx_word' id='word_1_440' title='bbox 405 3795 720 3864; x_wconf 85' lang='lat' dir='ltr'><strong>patriarcha</strong></span> <span class='ocrx_word' id='word_1_441' title='bbox 777 3798 1049 3868; x_wconf 82' lang='lat' dir='ltr'><strong>synodum</strong></span> <span class='ocrx_word' id='word_1_442' title='bbox 1114 3798 1269 3868; x_wconf 84' lang='lat' dir='ltr'><strong>prius</strong></span> <span class='ocrx_word' id='word_1_443' title='bbox 1301 3798 1603 3867; x_wconf 88' lang='lat' dir='ltr'><strong>indicente,</strong></span> <span class='ocrx_word' id='word_1_444' title='bbox 1660 3810 1994 3873; x_wconf 87' lang='lat' dir='ltr'><strong>arreptoque</strong></span> 
     </span>
    </p>
   </div>
   <div class='ocr_carea' id='block_1_67' title="bbox 403 3887 1993 3960">
    <p class='ocr_par' dir='ltr' id='par_1_67' title="bbox 403 3887 1993 3960">
     <span class='ocr_line' id='line_1_67' title="bbox 403 3887 1993 3960; baseline 0.006 -22"><span class='ocrx_word' id='word_1_445' title='bbox 403 3887 653 3957; x_wconf 85' lang='lat' dir='ltr'><strong>jndiciali</strong></span> <span class='ocrx_word' id='word_1_446' title='bbox 707 3888 904 3945; x_wconf 90' lang='lat' dir='ltr'><strong>ordine</strong></span> <span class='ocrx_word' id='word_1_447' title='bbox 955 3888 1066 3960; x_wconf 82' lang='lat' dir='ltr'><strong>(ut</strong></span> <span class='ocrx_word' id='word_1_448' title='bbox 1090 3889 1350 3945; x_wconf 79' lang='lat' dir='ltr'><strong>nimirum</strong></span> <span class='ocrx_word' id='word_1_449' title='bbox 1410 3891 1464 3946; x_wconf 88' lang='lat' dir='ltr'><strong>in</strong></span> <span class='ocrx_word' id='word_1_450' title='bbox 1502 3901 1753 3948; x_wconf 87' lang='lat' dir='ltr'><strong>neutram</strong></span> <span class='ocrx_word' id='word_1_451' title='bbox 1791 3891 1993 3948; x_wconf 77' lang='lat' dir='ltr'><strong>aﬂ‘ectu</strong></span> 
     </span>
    </p>
   </div>
   <div class='ocr_carea' id='block_1_68' title="bbox 405 3977 1996 4050">
    <p class='ocr_par' dir='ltr' id='par_1_68' title="bbox 405 3977 1996 4050">
     <span class='ocr_line' id='line_1_68' title="bbox 405 3977 1996 4050; baseline 0.004 -19"><span class='ocrx_word' id='word_1_452' title='bbox 405 3977 712 4035; x_wconf 86' lang='lat' dir='ltr'><strong>declinetur</strong></span> <span class='ocrx_word' id='word_1_453' title='bbox 739 3988 948 4050; x_wconf 88' lang='lat' dir='ltr'><strong>partem</strong></span> <span class='ocrx_word' id='word_1_454' title='bbox 977 3980 997 4050; x_wconf 93' lang='lat'>)</span> <span class='ocrx_word' id='word_1_455' title='bbox 1025 3979 1306 4039; x_wconf 63' lang='lat' dir='ltr'><strong>Palamim</strong></span> <span class='ocrx_word' id='word_1_456' title='bbox 1336 3983 1579 4040; x_wconf 86' lang='lat' dir='ltr'><strong>victores</strong></span> <span class='ocrx_word' id='word_1_457' title='bbox 1617 3985 1894 4041; x_wconf 80' lang='lat' dir='ltr'><strong>exierint:</strong></span> <span class='ocrx_word' id='word_1_458' title='bbox 1937 3992 1996 4038; x_wconf 88' lang='lat' dir='ltr'><strong>ut</strong></span> 
     </span>
    </p>
   </div>
   <div class='ocr_carea' id='block_1_69' title="bbox 405 4069 1994 4148">
    <p class='ocr_par' dir='ltr' id='par_1_69' title="bbox 405 4069 1994 4148">
     <span class='ocr_line' id='line_1_69' title="bbox 405 4069 1994 4148; baseline 0.003 -23"><span class='ocrx_word' id='word_1_459' title='bbox 405 4069 481 4125; x_wconf 87' lang='lat' dir='ltr'><strong>ita</strong></span> <span class='ocrx_word' id='word_1_460' title='bbox 513 4069 677 4125; x_wconf 88' lang='lat' dir='ltr'><strong>etiam</strong></span> <span class='ocrx_word' id='word_1_461' title='bbox 704 4069 853 4140; x_wconf 86' lang='lat' dir='ltr'><strong>juste</strong></span> <span class='ocrx_word' id='word_1_462' title='bbox 884 4073 1116 4142; x_wconf 90' lang='lat' dir='ltr'><strong>promoti</strong></span> <span class='ocrx_word' id='word_1_463' title='bbox 1149 4084 1501 4143; x_wconf 84' lang='lat' dir='ltr'><strong>censeantur,</strong></span> <span class='ocrx_word' id='word_1_464' title='bbox 1538 4091 1603 4133; x_wconf 89' lang='lat' dir='ltr'><strong>ac</strong></span> <span class='ocrx_word' id='word_1_465' title='bbox 1642 4078 1847 4148; x_wconf 85' lang='lat' dir='ltr'><strong>quibus</strong></span> <span class='ocrx_word' id='word_1_466' title='bbox 1884 4076 1994 4131; x_wconf 79' lang='lat' dir='ltr'><strong>ful-</strong></span> 
     </span>
    </p>
   </div>
   <div class='ocr_carea' id='block_1_70' title="bbox 407 4162 2000 4239">
    <p class='ocr_par' dir='ltr' id='par_1_70' title="bbox 407 4162 2000 4239">
     <span class='ocr_line' id='line_1_70' title="bbox 407 4162 2000 4239; baseline 0.002 -19"><span class='ocrx_word' id='word_1_467' title='bbox 407 4174 568 4234; x_wconf 82' lang='lat' dir='ltr'><strong>geant</strong></span> <span class='ocrx_word' id='word_1_468' title='bbox 595 4163 754 4219; x_wconf 82' lang='lat' dir='ltr'><strong>sedes</strong></span> <span class='ocrx_word' id='word_1_469' title='bbox 786 4163 987 4233; x_wconf 88' lang='lat' dir='ltr'><strong>adepti.</strong></span> <span class='ocrx_word' id='word_1_470' title='bbox 1020 4162 1115 4219; x_wconf 88' lang='lat' dir='ltr'><strong>Sin</strong></span> <span class='ocrx_word' id='word_1_471' title='bbox 1152 4175 1332 4222; x_wconf 89' lang='lat' dir='ltr'><strong>autem</strong></span> <span class='ocrx_word' id='word_1_472' title='bbox 1396 4184 1505 4224; x_wconf 89' lang='lat' dir='ltr'><strong>non</strong></span> <span class='ocrx_word' id='word_1_473' title='bbox 1553 4177 1788 4239; x_wconf 74' lang='lat' dir='ltr'><strong>possunt</strong></span> <span class='ocrx_word' id='word_1_474' title='bbox 1814 4176 2000 4224; x_wconf 86' lang='lat' dir='ltr'><strong>osten-</strong></span> 
     </span>
    </p>
   </div>
   <div class='ocr_carea' id='block_1_71' title="bbox 410 4253 1998 4327">
    <p class='ocr_par' dir='ltr' id='par_1_71' title="bbox 410 4253 1998 4327">
     <span class='ocr_line' id='line_1_71' title="bbox 410 4253 1998 4327; baseline 0.003 -19"><span class='ocrx_word' id='word_1_475' title='bbox 410 4255 565 4320; x_wconf 86' lang='lat' dir='ltr'><strong>dere,</strong></span> <span class='ocrx_word' id='word_1_476' title='bbox 617 4253 777 4324; x_wconf 88' lang='lat' dir='ltr'><strong>plane</strong></span> <span class='ocrx_word' id='word_1_477' title='bbox 809 4253 1152 4327; x_wconf 77' lang='lat' dir='ltr'><strong>illegitimum</strong></span> <span class='ocrx_word' id='word_1_478' title='bbox 1199 4258 1301 4315; x_wconf 80' lang='lat' dir='ltr'><strong>fuit</strong></span> <span class='ocrx_word' id='word_1_479' title='bbox 1360 4260 1492 4315; x_wconf 88' lang='lat' dir='ltr'><strong>illud</strong></span> <span class='ocrx_word' id='word_1_480' title='bbox 1542 4259 1861 4326; x_wconf 88' lang='lat' dir='ltr'><strong>concilium,</strong></span> <span class='ocrx_word' id='word_1_481' title='bbox 1896 4274 1998 4314; x_wconf 88' lang='lat' dir='ltr'><strong>nec</strong></span> 
     </span>
    </p>
   </div>
   <div class='ocr_carea' id='block_1_72' title="bbox 411 4347 1995 4422">
    <p class='ocr_par' dir='ltr' id='par_1_72' title="bbox 411 4347 1995 4422">
     <span class='ocr_line' id='line_1_72' title="bbox 411 4347 1995 4422; baseline 0.002 -20"><span class='ocrx_word' id='word_1_482' title='bbox 411 4347 705 4418; x_wconf 88' lang='lat' dir='ltr'><strong>quicquam</strong></span> <span class='ocrx_word' id='word_1_483' title='bbox 730 4349 1039 4405; x_wconf 89' lang='lat' dir='ltr'><strong>canonibus</strong></span> <span class='ocrx_word' id='word_1_484' title='bbox 1067 4348 1264 4406; x_wconf 73' lang='lat' dir='ltr'><strong>fultum</strong></span> <span class='ocrx_word' id='word_1_485' title='bbox 1295 4367 1313 4417; x_wconf 84' lang='lat'><strong>;</strong></span> <span class='ocrx_word' id='word_1_486' title='bbox 1345 4352 1490 4422; x_wconf 84' lang='lat' dir='ltr'><strong>quod</strong></span> <span class='ocrx_word' id='word_1_487' title='bbox 1518 4350 1702 4422; x_wconf 87' lang='lat' dir='ltr'><strong>ipsum</strong></span> <span class='ocrx_word' id='word_1_488' title='bbox 1731 4351 1850 4420; x_wconf 88' lang='lat' dir='ltr'><strong>pari</strong></span> <span class='ocrx_word' id='word_1_489' title='bbox 1868 4365 1995 4406; x_wconf 88' lang='lat' dir='ltr'><strong>cum</strong></span> 
     </span>
    </p>
   </div>
   <div class='ocr_carea' id='block_1_73' title="bbox 409 4439 2002 4513">
    <p class='ocr_par' dir='ltr' id='par_1_73' title="bbox 409 4439 2002 4513">
     <span class='ocr_line' id='line_1_73' title="bbox 409 4439 2002 4513; baseline 0.003 -16"><span class='ocrx_word' id='word_1_490' title='bbox 409 4439 788 4497; x_wconf 88' lang='lat' dir='ltr'><strong>condemnatis</strong></span> <span class='ocrx_word' id='word_1_491' title='bbox 822 4455 964 4496; x_wconf 83' lang='lat' dir='ltr'><strong>noxa</strong></span> <span class='ocrx_word' id='word_1_492' title='bbox 996 4439 1295 4510; x_wconf 78' lang='lat' dir='ltr'><strong>teneretur,</strong></span> <span class='ocrx_word' id='word_1_493' title='bbox 1346 4457 1410 4499; x_wconf 81' lang='lat' dir='ltr'><strong>ac</strong></span> <span class='ocrx_word' id='word_1_494' title='bbox 1462 4444 1517 4498; x_wconf 92' lang='lat' dir='ltr'><strong>in</strong></span> <span class='ocrx_word' id='word_1_495' title='bbox 1549 4458 1656 4513; x_wconf 92' lang='lat' dir='ltr'><strong>quo</strong></span> <span class='ocrx_word' id='word_1_496' title='bbox 1698 4445 1770 4500; x_wconf 91' lang='lat' dir='ltr'><strong>ob</strong></span> <span class='ocrx_word' id='word_1_497' title='bbox 1811 4445 2002 4513; x_wconf 88' lang='lat' dir='ltr'><strong>prodi-</strong></span> 
     </span>
    </p>
   </div>
   <div class='ocr_carea' id='block_1_74' title="bbox 413 4534 2001 4607">
    <p class='ocr_par' dir='ltr' id='par_1_74' title="bbox 413 4534 2001 4607">
     <span class='ocr_line' id='line_1_74' title="bbox 413 4534 2001 4607; baseline 0.004 -18"><span class='ocrx_word' id='word_1_498' title='bbox 413 4534 581 4590; x_wconf 90' lang='lat' dir='ltr'><strong>tionis</strong></span> <span class='ocrx_word' id='word_1_499' title='bbox 602 4534 783 4591; x_wconf 89' lang='lat' dir='ltr'><strong>scelus</strong></span> <span class='ocrx_word' id='word_1_500' title='bbox 824 4549 888 4591; x_wconf 84' lang='lat' dir='ltr'><strong>ac</strong></span> <span class='ocrx_word' id='word_1_501' title='bbox 919 4546 1239 4607; x_wconf 84' lang='lat' dir='ltr'><strong>occupatam</strong></span> <span class='ocrx_word' id='word_1_502' title='bbox 1274 4536 1717 4607; x_wconf 78' lang='lat' dir='ltr'><strong>Opinionem,qui</strong></span> <span class='ocrx_word' id='word_1_503' title='bbox 1739 4540 2001 4596; x_wconf 82' lang='lat' dir='ltr'><strong>sedebant</strong></span> 
     </span>
    </p>
   </div>
   <div class='ocr_carea' id='block_1_75' title="bbox 407 4600 2077 4696">
    <p class='ocr_par' dir='ltr' id='par_1_75' title="bbox 407 4600 2077 4696">
     <span class='ocr_line' id='line_1_75' title="bbox 407 4600 2077 4696; baseline 0.007 -17"><span class='ocrx_word' id='word_1_504' title='bbox 407 4625 646 4696; x_wconf 85' lang='lat' dir='ltr'><strong>judices,</strong></span> <span class='ocrx_word' id='word_1_505' title='bbox 669 4627 815 4681; x_wconf 89' lang='lat' dir='ltr'><strong>omni</strong></span> <span class='ocrx_word' id='word_1_506' title='bbox 860 4628 1189 4682; x_wconf 81' lang='lat' dir='ltr'><strong>anathemati</strong></span> <span class='ocrx_word' id='word_1_507' title='bbox 1245 4628 1467 4683; x_wconf 77' lang='lat' dir='ltr'><strong>obnoxii</strong></span> <span class='ocrx_word' id='word_1_508' title='bbox 1498 4640 1673 4685; x_wconf 88' lang='lat' dir='ltr'><strong>erant.</strong></span> <span class='ocrx_word' id='word_1_509' title='bbox 1702 4630 1820 4687; x_wconf 88' lang='lat' dir='ltr'><strong>Non</strong></span> <span class='ocrx_word' id='word_1_510' title='bbox 1841 4631 1989 4689; x_wconf 84' lang='lat' dir='ltr'><strong>enim</strong></span> <span class='ocrx_word' id='word_1_511' title='bbox 2027 4600 2077 4659; x_wconf 68' lang='grc' dir='ltr'>ο</span> 
     </span>
    </p>
   </div>
   <div class='ocr_carea' id='block_1_76' title="bbox 406 4717 1998 4790">
    <p class='ocr_par' dir='ltr' id='par_1_76' title="bbox 406 4717 1998 4790">
     <span class='ocr_line' id='line_1_76' title="bbox 406 4717 1998 4790; baseline 0.008 -20"><span class='ocrx_word' id='word_1_512' title='bbox 406 4717 522 4788; x_wconf 89' lang='lat' dir='ltr'><strong>jam</strong></span> <span class='ocrx_word' id='word_1_513' title='bbox 582 4718 672 4773; x_wconf 89' lang='lat' dir='ltr'><strong>illa</strong></span> <span class='ocrx_word' id='word_1_514' title='bbox 704 4719 945 4790; x_wconf 83' lang='lat' dir='ltr'><strong>synodus</strong></span> <span class='ocrx_word' id='word_1_515' title='bbox 985 4727 1079 4773; x_wconf 86' lang='lat' dir='ltr'><strong>aut</strong></span> <span class='ocrx_word' id='word_1_516' title='bbox 1108 4718 1200 4774; x_wconf 83' lang='lat' dir='ltr'><strong>Dci</strong></span> <span class='ocrx_word' id='word_1_517' title='bbox 1226 4727 1342 4774; x_wconf 87' lang='lat' dir='ltr'><strong>erat</strong></span> <span class='ocrx_word' id='word_1_518' title='bbox 1400 4718 1666 4790; x_wconf 73' lang='lat' dir='ltr'><strong>Ecclesia,</strong></span> <span class='ocrx_word' id='word_1_519' title='bbox 1700 4733 1797 4780; x_wconf 79' lang='lat' dir='ltr'><strong>aut</strong></span> <span class='ocrx_word' id='word_1_520' title='bbox 1849 4723 1998 4782; x_wconf 88' lang='lat' dir='ltr'><strong>illius</strong></span> 
     </span>
    </p>
   </div>
   <div class='ocr_carea' id='block_1_77' title="bbox 413 4811 1165 4867">
    <p class='ocr_par' dir='ltr' id='par_1_77' title="bbox 413 4811 1165 4867">
     <span class='ocr_line' id='line_1_77' title="bbox 413 4811 1165 4867; baseline -0.001 -1"><span class='ocrx_word' id='word_1_521' title='bbox 413 4820 576 4866; x_wconf 81' lang='lat' dir='ltr'><strong>sunta</strong></span> <span class='ocrx_word' id='word_1_522' title='bbox 603 4811 903 4867; x_wconf 79' lang='lat' dir='ltr'><strong>dmittenda</strong></span> <span class='ocrx_word' id='word_1_523' title='bbox 929 4813 1165 4867; x_wconf 75' lang='lat' dir='ltr'><strong>decreta.</strong></span> 
     </span>
    </p>
   </div>
   <div class='ocr_carea' id='block_1_78' title="bbox 487 4902 1989 4973">
    <p class='ocr_par' dir='ltr' id='par_1_78' title="bbox 487 4902 1989 4973">
     <span class='ocr_line' id='line_1_78' title="bbox 487 4902 1989 4973; baseline 0.009 -19"><span class='ocrx_word' id='word_1_524' title='bbox 487 4902 754 4959; x_wconf 65' lang='lat' dir='ltr'><strong>Prmtcrca</strong></span> <span class='ocrx_word' id='word_1_525' title='bbox 785 4905 862 4960; x_wconf 85' lang='lat' dir='ltr'><strong>ait</strong></span> <span class='ocrx_word' id='word_1_526' title='bbox 900 4904 1062 4959; x_wconf 83' lang='lat' dir='ltr'><strong>divus</strong></span> <span class='ocrx_word' id='word_1_527' title='bbox 1121 4904 1458 4973; x_wconf 78' lang='lat' dir='ltr'><strong>Apostolus:</strong></span> <span class='ocrx_word' id='word_1_528' title='bbox 1492 4906 1640 4964; x_wconf 69' lang='lat' dir='ltr'><strong>«Non</strong></span> <span class='ocrx_word' id='word_1_529' title='bbox 1678 4918 1763 4965; x_wconf 88' lang='lat' dir='ltr'><strong>est</strong></span> <span class='ocrx_word' id='word_1_530' title='bbox 1787 4912 1989 4968; x_wconf 63' lang='lat' dir='ltr'><strong>tumulo</strong></span> 
     </span>
    </p>
   </div>
   <div class='ocr_carea' id='block_1_79' title="bbox 416 4995 1998 5063">
    <p class='ocr_par' dir='ltr' id='par_1_79' title="bbox 416 4995 1998 5063">
     <span class='ocr_line' id='line_1_79' title="bbox 416 4995 1998 5063; baseline 0.009 -17"><span class='ocrx_word' id='word_1_531' title='bbox 416 4995 680 5051; x_wconf 89' lang='lat' dir='ltr'><strong>tuationis</strong></span> <span class='ocrx_word' id='word_1_532' title='bbox 703 4995 869 5062; x_wconf 86' lang='lat' dir='ltr'><strong>Deus,</strong></span> <span class='ocrx_word' id='word_1_533' title='bbox 918 4995 1009 5050; x_wconf 87' lang='lat' dir='ltr'><strong>sed</strong></span> <span class='ocrx_word' id='word_1_534' title='bbox 1031 4996 1203 5063; x_wconf 89' lang='lat' dir='ltr'><strong>pacis,</strong></span> <span class='ocrx_word' id='word_1_535' title='bbox 1233 4999 1366 5052; x_wconf 91' lang='lat' dir='ltr'><strong>utin</strong></span> <span class='ocrx_word' id='word_1_536' title='bbox 1423 5000 1682 5055; x_wconf 87' lang='lat' dir='ltr'><strong>omnibus</strong></span> <span class='ocrx_word' id='word_1_537' title='bbox 1736 5002 1998 5060; x_wconf 86' lang='lat' dir='ltr'><strong>Ecclesiis</strong></span> 
     </span>
    </p>
   </div>
   <div class='ocr_carea' id='block_1_80' title="bbox 417 5087 1999 5166">
    <p class='ocr_par' dir='ltr' id='par_1_80' title="bbox 417 5087 1999 5166">
     <span class='ocr_line' id='line_1_80' title="bbox 417 5087 1999 5166; baseline 0.006 -22"><span class='ocrx_word' id='word_1_538' title='bbox 417 5099 737 5144; x_wconf 75' lang='lat' dir='ltr'><strong>sanrtorum</strong></span> <span class='ocrx_word' id='word_1_539' title='bbox 788 5091 888 5142; x_wconf 71' lang='grc'><strong>⁷⁷.»</strong></span> <span class='ocrx_word' id='word_1_540' title='bbox 940 5087 1104 5158; x_wconf 74' lang='lat' dir='ltr'><strong>Atqui</strong></span> <span class='ocrx_word' id='word_1_541' title='bbox 1166 5088 1502 5146; x_wconf 83' lang='lat' dir='ltr'><strong>Palamicum</strong></span> <span class='ocrx_word' id='word_1_542' title='bbox 1554 5093 1685 5149; x_wconf 86' lang='lat' dir='ltr'><strong>illud</strong></span> <span class='ocrx_word' id='word_1_543' title='bbox 1729 5096 1999 5166; x_wconf 84' lang='lat' dir='ltr'><strong>judicium</strong></span> 
     </span>
    </p>
   </div>
   <div class='ocr_carea' id='block_1_81' title="bbox 418 5180 1999 5256">
    <p class='ocr_par' dir='ltr' id='par_1_81' title="bbox 418 5180 1999 5256">
     <span class='ocr_line' id='line_1_81' title="bbox 418 5180 1999 5256; baseline 0.007 -21"><span class='ocrx_word' id='word_1_544' title='bbox 418 5181 868 5237; x_wconf 86' lang='lat' dir='ltr'><strong>tmnultuationis</strong></span> <span class='ocrx_word' id='word_1_545' title='bbox 911 5189 1033 5236; x_wconf 87' lang='lat' dir='ltr'><strong>erat</strong></span> <span class='ocrx_word' id='word_1_546' title='bbox 1098 5180 1352 5249; x_wconf 72' lang='lat' dir='ltr'><strong>ollicina;</strong></span> <span class='ocrx_word' id='word_1_547' title='bbox 1406 5194 1604 5254; x_wconf 66' lang='lat' dir='ltr'><strong>praeter</strong></span> <span class='ocrx_word' id='word_1_548' title='bbox 1637 5201 1878 5256; x_wconf 87' lang='lat' dir='ltr'><strong>omnem,</strong></span> <span class='ocrx_word' id='word_1_549' title='bbox 1920 5192 1999 5246; x_wconf 88' lang='lat' dir='ltr'><strong>uti</strong></span> 
     </span>
    </p>
   </div>
   <div class='ocr_carea' id='block_1_82' title="bbox 414 5273 2006 5344">
    <p class='ocr_par' dir='ltr' id='par_1_82' title="bbox 414 5273 2006 5344">
     <span class='ocr_line' id='line_1_82' title="bbox 414 5273 2006 5344; baseline 0.007 -17"><span class='ocrx_word' id='word_1_550' title='bbox 414 5274 708 5342; x_wconf 87' lang='lat' dir='ltr'><strong>probatum</strong></span> <span class='ocrx_word' id='word_1_551' title='bbox 752 5282 856 5336; x_wconf 84' lang='lat' dir='ltr'><strong>cst,</strong></span> <span class='ocrx_word' id='word_1_552' title='bbox 887 5273 1218 5328; x_wconf 86' lang='lat' dir='ltr'><strong>canonicum</strong></span> <span class='ocrx_word' id='word_1_553' title='bbox 1251 5275 1490 5344; x_wconf 86' lang='lat' dir='ltr'><strong>primum</strong></span> <span class='ocrx_word' id='word_1_554' title='bbox 1517 5276 1817 5336; x_wconf 81' lang='lat' dir='ltr'><strong>conﬂatum</strong></span> <span class='ocrx_word' id='word_1_555' title='bbox 1853 5283 2006 5338; x_wconf 78' lang='lat' dir='ltr'><strong>ordi-</strong></span> 
     </span>
    </p>
   </div>
   <div class='ocr_carea' id='block_1_83' title="bbox 415 5364 2003 5439">
    <p class='ocr_par' dir='ltr' id='par_1_83' title="bbox 415 5364 2003 5439">
     <span class='ocr_line' id='line_1_83' title="bbox 415 5364 2003 5439; baseline 0.007 -19"><span class='ocrx_word' id='word_1_556' title='bbox 415 5382 540 5421; x_wconf 87' lang='lat' dir='ltr'><strong>nem</strong></span> <span class='ocrx_word' id='word_1_557' title='bbox 563 5382 628 5422; x_wconf 88' lang='lat' dir='ltr'><strong>ac</strong></span> <span class='ocrx_word' id='word_1_558' title='bbox 660 5364 1131 5435; x_wconf 86' lang='lat' dir='ltr'><strong>tranquillitatem,</strong></span> <span class='ocrx_word' id='word_1_559' title='bbox 1157 5368 1463 5439; x_wconf 83' lang='lat' dir='ltr'><strong>deindeque</strong></span> <span class='ocrx_word' id='word_1_560' title='bbox 1483 5369 1744 5426; x_wconf 88' lang='lat' dir='ltr'><strong>deteriori</strong></span> <span class='ocrx_word' id='word_1_561' title='bbox 1772 5376 2003 5432; x_wconf 83' lang='lat' dir='ltr'><strong>consilio</strong></span> 
     </span>
    </p>
   </div>
   <div class='ocr_carea' id='block_1_84' title="bbox 418 5457 2002 5526">
    <p class='ocr_par' dir='ltr' id='par_1_84' title="bbox 418 5457 2002 5526">
     <span class='ocr_line' id='line_1_84' title="bbox 418 5457 2002 5526; baseline 0.007 -14"><span class='ocrx_word' id='word_1_562' title='bbox 418 5473 484 5515; x_wconf 89' lang='lat' dir='ltr'><strong>ac</strong></span> <span class='ocrx_word' id='word_1_563' title='bbox 517 5457 796 5513; x_wconf 87' lang='lat' dir='ltr'><strong>molitione</strong></span> <span class='ocrx_word' id='word_1_564' title='bbox 819 5457 885 5511; x_wconf 86' lang='lat' dir='ltr'><strong>ad</strong></span> <span class='ocrx_word' id='word_1_565' title='bbox 914 5457 1167 5526; x_wconf 88' lang='lat' dir='ltr'><strong>pietatem</strong></span> <span class='ocrx_word' id='word_1_566' title='bbox 1188 5460 1408 5516; x_wconf 87' lang='lat' dir='ltr'><strong>decreto</strong></span> <span class='ocrx_word' id='word_1_567' title='bbox 1446 5460 1827 5520; x_wconf 85' lang='lat' dir='ltr'><strong>damnandam</strong></span> <span class='ocrx_word' id='word_1_568' title='bbox 1863 5483 2002 5523; x_wconf 87' lang='lat' dir='ltr'><strong>con-</strong></span> 
     </span>
    </p>
   </div>
   <div class='ocr_carea' id='block_1_85' title="bbox 418 5546 2000 5620">
    <p class='ocr_par' dir='ltr' id='par_1_85' title="bbox 418 5546 2000 5620">
     <span class='ocr_line' id='line_1_85' title="bbox 418 5546 2000 5620; baseline 0.008 -16"><span class='ocrx_word' id='word_1_569' title='bbox 418 5560 725 5619; x_wconf 76' lang='lat' dir='ltr'><strong>gregatum.</strong></span> <span class='ocrx_word' id='word_1_570' title='bbox 749 5546 867 5601; x_wconf 84' lang='lat' dir='ltr'><strong>Non</strong></span> <span class='ocrx_word' id='word_1_571' title='bbox 894 5562 1024 5620; x_wconf 84' lang='lat' dir='ltr'><strong>ergo</strong></span> <span class='ocrx_word' id='word_1_572' title='bbox 1057 5548 1201 5606; x_wconf 87' lang='lat' dir='ltr'><strong>Deus</strong></span> <span class='ocrx_word' id='word_1_573' title='bbox 1222 5552 1372 5606; x_wconf 88' lang='lat' dir='ltr'><strong>illius</strong></span> <span class='ocrx_word' id='word_1_574' title='bbox 1402 5562 1541 5618; x_wconf 88' lang='lat' dir='ltr'><strong>erat,</strong></span> <span class='ocrx_word' id='word_1_575' title='bbox 1576 5565 1634 5609; x_wconf 92' lang='lat' dir='ltr'><strong>ut</strong></span> <span class='ocrx_word' id='word_1_576' title='bbox 1658 5555 1711 5609; x_wconf 92' lang='lat' dir='ltr'><strong>in</strong></span> <span class='ocrx_word' id='word_1_577' title='bbox 1742 5556 2000 5617; x_wconf 84' lang='lat' dir='ltr'><strong>Ecclesiis</strong></span> 
     </span>
    </p>
   </div>
   <div class='ocr_carea' id='block_1_86' title="bbox 421 5640 2000 5722">
    <p class='ocr_par' dir='ltr' id='par_1_86' title="bbox 421 5640 2000 5722">
     <span class='ocr_line' id='line_1_86' title="bbox 421 5640 2000 5722; baseline 0.008 -26"><span class='ocrx_word' id='word_1_578' title='bbox 421 5650 764 5696; x_wconf 84' lang='lat' dir='ltr'><strong>sanctorum.</strong></span> <span class='ocrx_word' id='word_1_579' title='bbox 809 5641 965 5706; x_wconf 86' lang='lat' dir='ltr'><strong>Quod</strong></span> <span class='ocrx_word' id='word_1_580' title='bbox 999 5640 1045 5697; x_wconf 90' lang='lat' dir='ltr'><strong>si</strong></span> <span class='ocrx_word' id='word_1_581' title='bbox 1092 5641 1239 5701; x_wconf 86' lang='lat' dir='ltr'><strong>Deus</strong></span> <span class='ocrx_word' id='word_1_582' title='bbox 1273 5647 1393 5714; x_wconf 89' lang='lat' dir='ltr'><strong>ejus</strong></span> <span class='ocrx_word' id='word_1_583' title='bbox 1418 5662 1528 5706; x_wconf 91' lang='lat' dir='ltr'><strong>non</strong></span> <span class='ocrx_word' id='word_1_584' title='bbox 1561 5658 1702 5715; x_wconf 74' lang='lat' dir='ltr'><strong>erat,</strong></span> <span class='ocrx_word' id='word_1_585' title='bbox 1727 5666 1890 5722; x_wconf 73' lang='lat' dir='ltr'><strong>grave</strong></span> <span class='ocrx_word' id='word_1_586' title='bbox 1917 5662 2000 5709; x_wconf 85' lang='lat' dir='ltr'><strong>est</strong></span> 
     </span>
    </p>
   </div>
   <div class='ocr_carea' id='block_1_87' title="bbox 402 5727 1239 5803">
    <p class='ocr_par' dir='ltr' id='par_1_87' title="bbox 402 5727 1239 5803">
     <span class='ocr_line' id='line_1_87' title="bbox 402 5727 1239 5803; baseline 0.007 -18"><span class='ocrx_word' id='word_1_587' title='bbox 402 5742 487 5796; x_wconf 68' lang='grc' dir='ltr'>,ιιι</span> <span class='ocrx_word' id='word_1_588' title='bbox 526 5730 621 5785; x_wconf 86' lang='lat' dir='ltr'><strong>Dei</strong></span> <span class='ocrx_word' id='word_1_589' title='bbox 646 5727 891 5786; x_wconf 85' lang='lat' dir='ltr'><strong>Ecclesia</strong></span> <span class='ocrx_word' id='word_1_590' title='bbox 918 5731 1239 5803; x_wconf 84' lang='lat' dir='ltr'><strong>appelletur.</strong></span> 
     </span>
    </p>
   </div>
   <div class='ocr_carea' id='block_1_88' title="bbox 492 5907 1590 5987">
    <p class='ocr_par' dir='ltr' id='par_1_88' title="bbox 492 5907 1590 5987">
     <span class='ocr_line' id='line_1_88' title="bbox 492 5907 1590 5987; baseline 0.004 -21"><span class='ocrx_word' id='word_1_591' title='bbox 492 5909 586 5966; x_wconf 82' lang='lat' dir='ltr'><strong>&quot;l</strong></span> <span class='ocrx_word' id='word_1_592' title='bbox 617 5907 758 5975; x_wconf 83' lang='lat' dir='ltr'><strong>Tim.</strong></span> <span class='ocrx_word' id='word_1_593' title='bbox 794 5931 845 5986; x_wconf 73' lang='grc' dir='ltr'><strong>ν,</strong></span> <span class='ocrx_word' id='word_1_594' title='bbox 901 5912 992 5970; x_wconf 72' lang='grc'>21.</span> <span class='ocrx_word' id='word_1_595' title='bbox 1071 5911 1162 5968; x_wconf 80' lang='grc'><strong>⁷⁷1</strong></span> <span class='ocrx_word' id='word_1_596' title='bbox 1198 5912 1320 5971; x_wconf 82' lang='lat' dir='ltr'><strong>Cor.</strong></span> <span class='ocrx_word' id='word_1_597' title='bbox 1349 5930 1461 5987; x_wconf 73' lang='lat' dir='ltr'><strong>xiv,</strong></span> <span class='ocrx_word' id='word_1_598' title='bbox 1497 5913 1590 5971; x_wconf 77' lang='grc'><strong>55.</strong></span> 
     </span>
    </p>
   </div>
   <div class='ocr_carea' id='block_1_89' title="bbox 2095 3331 3681 3410">
    <p class='ocr_par' dir='ltr' id='par_1_89' title="bbox 2095 3331 3681 3410">
     <span class='ocr_line' id='line_1_89' title="bbox 2095 3331 3681 3410; baseline -0.005 -18"><span class='ocrx_word' id='word_1_599' title='bbox 2095 3340 2358 3410; x_wconf 85' lang='grc' dir='ltr'>ματικαῖς</span> <span class='ocrx_word' id='word_1_600' title='bbox 2397 3336 2590 3407; x_wconf 79' lang='grc' dir='ltr'>φάναι,</span> <span class='ocrx_word' id='word_1_601' title='bbox 2628 3335 2725 3388; x_wconf 71' lang='grc' dir='ltr'>καὶ</span> <span class='ocrx_word' id='word_1_602' title='bbox 2768 3335 2902 3388; x_wconf 82' lang='grc' dir='ltr'>ὅπου</span> <span class='ocrx_word' id='word_1_603' title='bbox 2933 3333 2994 3387; x_wconf 80' lang='grc' dir='ltr'>τὸ</span> <span class='ocrx_word' id='word_1_604' title='bbox 3042 3332 3354 3402; x_wconf 77' lang='grc' dir='ltr'>παράὁολον</span> <span class='ocrx_word' id='word_1_605' title='bbox 3406 3333 3498 3384; x_wconf 67' lang='grc' dir='ltr'><strong>ἐπὶ</strong></span> <span class='ocrx_word' id='word_1_606' title='bbox 3534 3331 3681 3400; x_wconf 77' lang='grc' dir='ltr'>μέγα</span> 
     </span>
    </p>
   </div>
   <div class='ocr_carea' id='block_1_90' title="bbox 2093 3423 3683 3503">
    <p class='ocr_par' dir='ltr' id='par_1_90' title="bbox 2093 3423 3683 3503">
     <span class='ocr_line' id='line_1_90' title="bbox 2093 3423 3683 3503; baseline -0.008 -17"><span class='ocrx_word' id='word_1_607' title='bbox 2093 3433 2441 3503; x_wconf 77' lang='grc' dir='ltr'>λυμαίνεται,</span> <span class='ocrx_word' id='word_1_608' title='bbox 2495 3429 2635 3483; x_wconf 82' lang='grc' dir='ltr'>ἀλλὰ</span> <span class='ocrx_word' id='word_1_609' title='bbox 2682 3428 2779 3482; x_wconf 72' lang='grc' dir='ltr'><strong>καὶ</strong></span> <span class='ocrx_word' id='word_1_610' title='bbox 2823 3429 2946 3489; x_wconf 82' lang='grc' dir='ltr'>ταῖς</span> <span class='ocrx_word' id='word_1_611' title='bbox 2999 3423 3517 3497; x_wconf 82' lang='grc' dir='ltr'>ὀποιαισδηποτοῦν,</span> <span class='ocrx_word' id='word_1_612' title='bbox 3549 3440 3683 3492; x_wconf 83' lang='grc' dir='ltr'>προ-</span> 
     </span>
    </p>
   </div>
   <div class='ocr_carea' id='block_1_91' title="bbox 2095 3516 3679 3594">
    <p class='ocr_par' dir='ltr' id='par_1_91' title="bbox 2095 3516 3679 3594">
     <span class='ocr_line' id='line_1_91' title="bbox 2095 3516 3679 3594; baseline -0.009 -13"><span class='ocrx_word' id='word_1_613' title='bbox 2095 3526 2417 3593; x_wconf 77' lang='grc' dir='ltr'>6ι6άζεσθαι</span> <span class='ocrx_word' id='word_1_614' title='bbox 2448 3525 2653 3591; x_wconf 72' lang='grc' dir='ltr'>ἐξεῖναι</span> <span class='ocrx_word' id='word_1_615' title='bbox 2689 3524 2790 3594; x_wconf 80' lang='grc' dir='ltr'>τῆς</span> <span class='ocrx_word' id='word_1_616' title='bbox 2820 3521 2889 3578; x_wconf 80' lang='grc' dir='ltr'>ἂν</span> <span class='ocrx_word' id='word_1_617' title='bbox 2916 3521 3078 3591; x_wconf 77' lang='grc' dir='ltr'>ἔτυχε</span> <span class='ocrx_word' id='word_1_618' title='bbox 3109 3519 3301 3591; x_wconf 88' lang='grc' dir='ltr'>παρὼν</span> <span class='ocrx_word' id='word_1_619' title='bbox 3331 3521 3465 3589; x_wconf 87' lang='grc' dir='ltr'>τιμῆ</span> <span class='ocrx_word' id='word_1_620' title='bbox 3479 3536 3521 3582; x_wconf 88' lang='lat'><strong>:,</strong></span> <span class='ocrx_word' id='word_1_621' title='bbox 3549 3516 3679 3583; x_wconf 70' lang='grc' dir='ltr'>πρὶν</span> 
     </span>
    </p>
   </div>
   <div class='ocr_carea' id='block_1_92' title="bbox 2095 3605 3684 3680">
    <p class='ocr_par' dir='ltr' id='par_1_92' title="bbox 2095 3605 3684 3680">
     <span class='ocr_line' id='line_1_92' title="bbox 2095 3605 3684 3680; baseline -0.009 -7"><span class='ocrx_word' id='word_1_622' title='bbox 2095 3617 2162 3673; x_wconf 87' lang='grc' dir='ltr'>ἂν</span> <span class='ocrx_word' id='word_1_623' title='bbox 2194 3617 2492 3680; x_wconf 83' lang='grc' dir='ltr'>συνοδικῶς</span> <span class='ocrx_word' id='word_1_624' title='bbox 2548 3616 2650 3680; x_wconf 71' lang='grc' dir='ltr'><strong>τὰς</strong></span> <span class='ocrx_word' id='word_1_625' title='bbox 2697 3613 2824 3668; x_wconf 85' lang='grc' dir='ltr'>κατ’</span> <span class='ocrx_word' id='word_1_626' title='bbox 2857 3611 3025 3667; x_wconf 84' lang='grc' dir='ltr'>αὐτοῦ</span> <span class='ocrx_word' id='word_1_627' title='bbox 3083 3610 3437 3680; x_wconf 77' lang='grc' dir='ltr'>βλασφημίας</span> <span class='ocrx_word' id='word_1_628' title='bbox 3490 3605 3684 3662; x_wconf 68' lang='grc' dir='ltr'>ἐπιλύ-</span> 
     </span>
    </p>
   </div>
   <div class='ocr_carea' id='block_1_93' title="bbox 2097 3701 3686 3780">
    <p class='ocr_par' dir='ltr' id='par_1_93' title="bbox 2097 3701 3686 3780">
     <span class='ocr_line' id='line_1_93' title="bbox 2097 3701 3686 3780; baseline -0.007 -16"><span class='ocrx_word' id='word_1_629' title='bbox 2097 3729 2273 3766; x_wconf 90' lang='grc' dir='ltr'>σαιτο.</span> <span class='ocrx_word' id='word_1_630' title='bbox 2313 3709 2650 3764; x_wconf 79' lang='grc' dir='ltr'>Δεικνύντων</span> <span class='ocrx_word' id='word_1_631' title='bbox 2692 3707 2783 3780; x_wconf 80' lang='grc' dir='ltr'><strong>ἄρ’</strong></span> <span class='ocrx_word' id='word_1_632' title='bbox 2830 3706 2924 3761; x_wconf 76' lang='grc' dir='ltr'>οὖν</span> <span class='ocrx_word' id='word_1_633' title='bbox 2972 3707 3023 3760; x_wconf 86' lang='grc' dir='ltr'><strong>οί</strong></span> <span class='ocrx_word' id='word_1_634' title='bbox 3073 3703 3487 3775; x_wconf 80' lang='grc' dir='ltr'>βεδουλημένοι.</span> <span class='ocrx_word' id='word_1_635' title='bbox 3538 3701 3686 3762; x_wconf 82' lang='grc' dir='ltr'>τίνος</span> 
     </span>
    </p>
   </div>
   <div class='ocr_carea' id='block_1_94' title="bbox 2098 3790 3683 3872">
    <p class='ocr_par' dir='ltr' id='par_1_94' title="bbox 2098 3790 3683 3872">
     <span class='ocr_line' id='line_1_94' title="bbox 2098 3790 3683 3872; baseline -0.008 -17"><span class='ocrx_word' id='word_1_636' title='bbox 2098 3803 2372 3872; x_wconf 85' lang='grc' dir='ltr'>πρότερον</span> <span class='ocrx_word' id='word_1_637' title='bbox 2403 3800 2756 3872; x_wconf 84' lang='grc' dir='ltr'>πατριάρχου</span> <span class='ocrx_word' id='word_1_638' title='bbox 2789 3798 3008 3852; x_wconf 81' lang='grc' dir='ltr'>σύνοδον</span> <span class='ocrx_word' id='word_1_639' title='bbox 3048 3795 3376 3856; x_wconf 85' lang='grc' dir='ltr'>καθίσαντος</span> <span class='ocrx_word' id='word_1_640' title='bbox 3409 3791 3501 3845; x_wconf 76' lang='grc' dir='ltr'>καὶ</span> <span class='ocrx_word' id='word_1_641' title='bbox 3526 3790 3683 3844; x_wconf 86' lang='grc' dir='ltr'>δικα-</span> 
     </span>
    </p>
   </div>
   <div class='ocr_carea' id='block_1_95' title="bbox 2098 3880 3685 3963">
    <p class='ocr_par' dir='ltr' id='par_1_95' title="bbox 2098 3880 3685 3963">
     <span class='ocr_line' id='line_1_95' title="bbox 2098 3880 3685 3963; baseline -0.009 -15"><span class='ocrx_word' id='word_1_642' title='bbox 2098 3893 2295 3962; x_wconf 81' lang='grc' dir='ltr'>στικῆς</span> <span class='ocrx_word' id='word_1_643' title='bbox 2328 3891 2739 3963; x_wconf 75' lang='grc' dir='ltr'>ὲπειλημμένου</span> <span class='ocrx_word' id='word_1_644' title='bbox 2774 3890 2981 3957; x_wconf 78' lang='grc' dir='ltr'>τάξεως</span> <span class='ocrx_word' id='word_1_645' title='bbox 3016 3891 3070 3961; x_wconf 75' lang='grc' dir='ltr'><strong>(ἡ</strong></span> <span class='ocrx_word' id='word_1_646' title='bbox 3113 3888 3160 3942; x_wconf 81' lang='grc' dir='ltr'>δ’</span> <span class='ocrx_word' id='word_1_647' title='bbox 3201 3885 3322 3940; x_wconf 75' lang='grc' dir='ltr'>ἔστι</span> <span class='ocrx_word' id='word_1_648' title='bbox 3366 3880 3685 3955; x_wconf 79' lang='grc' dir='ltr'>μηδετέροις</span> 
     </span>
    </p>
   </div>
   <div class='ocr_carea' id='block_1_96' title="bbox 2100 3973 3683 4058">
    <p class='ocr_par' dir='ltr' id='par_1_96' title="bbox 2100 3973 3683 4058">
     <span class='ocr_line' id='line_1_96' title="bbox 2100 3973 3683 4058; baseline -0.011 -16"><span class='ocrx_word' id='word_1_649' title='bbox 2100 3984 2521 4058; x_wconf 82' lang='grc' dir='ltr'>προσκεῖσθαι),</span> <span class='ocrx_word' id='word_1_650' title='bbox 2573 3986 2622 4038; x_wconf 92' lang='grc' dir='ltr'><strong>οί</strong></span> <span class='ocrx_word' id='word_1_651' title='bbox 2670 3983 2989 4052; x_wconf 82' lang='grc' dir='ltr'>Παλαμῖται</span> <span class='ocrx_word' id='word_1_652' title='bbox 3038 3981 3136 4051; x_wconf 76' lang='grc' dir='ltr'>τὴν</span> <span class='ocrx_word' id='word_1_653' title='bbox 3169 3977 3412 4033; x_wconf 81' lang='grc' dir='ltr'>νικῶσαν</span> <span class='ocrx_word' id='word_1_654' title='bbox 3439 3973 3683 4045; x_wconf 70' lang='grc' dir='ltr'><strong>ἀπηνέγο</strong></span> 
     </span>
    </p>
   </div>
   <div class='ocr_carea' id='block_1_97' title="bbox 2100 4062 3686 4143">
    <p class='ocr_par' dir='ltr' id='par_1_97' title="bbox 2100 4062 3686 4143">
     <span class='ocr_line' id='line_1_97' title="bbox 2100 4062 3686 4143; baseline -0.012 -9"><span class='ocrx_word' id='word_1_655' title='bbox 2100 4096 2288 4143; x_wconf 87' lang='grc' dir='ltr'>καντο,</span> <span class='ocrx_word' id='word_1_656' title='bbox 2339 4077 2407 4130; x_wconf 76' lang='grc' dir='ltr'><strong>ἵν’</strong></span> <span class='ocrx_word' id='word_1_657' title='bbox 2459 4071 2564 4130; x_wconf 79' lang='grc' dir='ltr'>ὦσι</span> <span class='ocrx_word' id='word_1_658' title='bbox 2612 4074 2840 4137; x_wconf 82' lang='grc' dir='ltr'>δικαίως</span> <span class='ocrx_word' id='word_1_659' title='bbox 2895 4073 2993 4127; x_wconf 71' lang='grc' dir='ltr'>καὶ</span> <span class='ocrx_word' id='word_1_660' title='bbox 3040 4067 3532 4143; x_wconf 79' lang='grc' dir='ltr'>προὸιὸαζόμενοι,</span> <span class='ocrx_word' id='word_1_661' title='bbox 3589 4062 3686 4116; x_wconf 68' lang='grc' dir='ltr'><strong>καλ⁸</strong></span> 
     </span>
    </p>
   </div>
   <div class='ocr_carea' id='block_1_98' title="bbox 2099 4158 3686 4240">
    <p class='ocr_par' dir='ltr' id='par_1_98' title="bbox 2099 4158 3686 4240">
     <span class='ocr_line' id='line_1_98' title="bbox 2099 4158 3686 4240; baseline -0.011 -13"><span class='ocrx_word' id='word_1_662' title='bbox 2099 4174 2223 4236; x_wconf 84' lang='grc' dir='ltr'>ταῖς</span> <span class='ocrx_word' id='word_1_663' title='bbox 2271 4169 2569 4240; x_wconf 83' lang='grc' dir='ltr'>καθέδραις</span> <span class='ocrx_word' id='word_1_664' title='bbox 2616 4166 2876 4221; x_wconf 82' lang='grc' dir='ltr'>ταυταισὶ</span> <span class='ocrx_word' id='word_1_665' title='bbox 2932 4165 3349 4237; x_wconf 83' lang='grc' dir='ltr'>διαπρέποντες.</span> <span class='ocrx_word' id='word_1_666' title='bbox 3397 4162 3461 4215; x_wconf 86' lang='lat' dir='ltr'><strong>El</strong></span> <span class='ocrx_word' id='word_1_667' title='bbox 3492 4158 3539 4213; x_wconf 79' lang='grc' dir='ltr'>δ’</span> <span class='ocrx_word' id='word_1_668' title='bbox 3585 4158 3686 4211; x_wconf 80' lang='grc' dir='ltr'>οὐκ</span> 
     </span>
    </p>
   </div>
   <div class='ocr_carea' id='block_1_99' title="bbox 2100 4244 3686 4332">
    <p class='ocr_par' dir='ltr' id='par_1_99' title="bbox 2100 4244 3686 4332">
     <span class='ocr_line' id='line_1_99' title="bbox 2100 4244 3686 4332; baseline -0.008 -18"><span class='ocrx_word' id='word_1_669' title='bbox 2100 4261 2287 4332; x_wconf 72' lang='grc' dir='ltr'>ἔχουσι</span> <span class='ocrx_word' id='word_1_670' title='bbox 2318 4262 2515 4327; x_wconf 74' lang='grc' dir='ltr'>δείξαι,</span> <span class='ocrx_word' id='word_1_671' title='bbox 2564 4260 2886 4329; x_wconf 84' lang='grc' dir='ltr'>παράνομον</span> <span class='ocrx_word' id='word_1_672' title='bbox 2936 4258 3046 4328; x_wconf 77' lang='grc' dir='ltr'>ἄρα</span> <span class='ocrx_word' id='word_1_673' title='bbox 3096 4257 3193 4312; x_wconf 70' lang='grc' dir='ltr'>καὶ</span> <span class='ocrx_word' id='word_1_674' title='bbox 3235 4255 3591 4310; x_wconf 83' lang='grc' dir='ltr'>ἀκανόνιστον</span> <span class='ocrx_word' id='word_1_675' title='bbox 3617 4244 3686 4320; x_wconf 81' lang='grc' dir='ltr'>ἦν</span> 
     </span>
    </p>
   </div>
   <div class='ocr_carea' id='block_1_100' title="bbox 2100 4340 3689 4421">
    <p class='ocr_par' dir='ltr' id='par_1_100' title="bbox 2100 4340 3689 4421">
     <span class='ocr_line' id='line_1_100' title="bbox 2100 4340 3689 4421; baseline -0.005 -15"><span class='ocrx_word' id='word_1_676' title='bbox 2100 4354 2162 4407; x_wconf 83' lang='grc' dir='ltr'>τὸ</span> <span class='ocrx_word' id='word_1_677' title='bbox 2188 4353 2468 4421; x_wconf 88' lang='grc' dir='ltr'>συνέδριον</span> <span class='ocrx_word' id='word_1_678' title='bbox 2497 4351 2677 4404; x_wconf 74' lang='grc' dir='ltr'>ἐκεῖνο</span> <span class='ocrx_word' id='word_1_679' title='bbox 2696 4365 2712 4381; x_wconf 79' lang='grc'><strong><em>⁸</em></strong></span> <span class='ocrx_word' id='word_1_680' title='bbox 2738 4350 2857 4412; x_wconf 81' lang='grc' dir='ltr'>ταῖς</span> <span class='ocrx_word' id='word_1_681' title='bbox 2873 4349 3021 4412; x_wconf 86' lang='grc' dir='ltr'>ίσαις</span> <span class='ocrx_word' id='word_1_682' title='bbox 3054 4346 3154 4416; x_wconf 70' lang='grc' dir='ltr'>μὲν</span> <span class='ocrx_word' id='word_1_683' title='bbox 3174 4345 3494 4416; x_wconf 70' lang='grc' dir='ltr'>ἐνεχόμενον</span> <span class='ocrx_word' id='word_1_684' title='bbox 3524 4340 3689 4398; x_wconf 78' lang='grc' dir='ltr'><strong>εὖθύο</strong></span> 
     </span>
    </p>
   </div>
   <div class='ocr_carea' id='block_1_101' title="bbox 2101 4434 3686 4509">
    <p class='ocr_par' dir='ltr' id='par_1_101' title="bbox 2101 4434 3686 4509">
     <span class='ocr_line' id='line_1_101' title="bbox 2101 4434 3686 4509; baseline -0.009 -9"><span class='ocrx_word' id='word_1_685' title='bbox 2101 4462 2222 4507; x_wconf 84' lang='grc' dir='ltr'>ναις</span> <span class='ocrx_word' id='word_1_686' title='bbox 2250 4447 2363 4509; x_wconf 76' lang='grc' dir='ltr'>τοίς</span> <span class='ocrx_word' id='word_1_687' title='bbox 2406 4440 2858 4497; x_wconf 83' lang='grc' dir='ltr'>καταδικασθεῖσι</span> <span class='ocrx_word' id='word_1_688' title='bbox 2881 4457 2896 4471; x_wconf 75' lang='grc' dir='ltr'><strong><em>ο</em></strong></span> <span class='ocrx_word' id='word_1_689' title='bbox 2924 4438 3013 4492; x_wconf 79' lang='grc' dir='ltr'><strong>διὰ</strong></span> <span class='ocrx_word' id='word_1_690' title='bbox 3035 4439 3093 4492; x_wconf 69' lang='grc' dir='ltr'>δὲ</span> <span class='ocrx_word' id='word_1_691' title='bbox 3127 4439 3225 4507; x_wconf 81' lang='grc' dir='ltr'>τὴν</span> <span class='ocrx_word' id='word_1_692' title='bbox 3263 4439 3326 4490; x_wconf 81' lang='grc' dir='ltr'>ὲκ</span> <span class='ocrx_word' id='word_1_693' title='bbox 3361 4435 3460 4505; x_wconf 82' lang='grc' dir='ltr'>τῆς</span> <span class='ocrx_word' id='word_1_694' title='bbox 3485 4434 3686 4505; x_wconf 85' lang='grc' dir='ltr'>προδο-</span> 
     </span>
    </p>
   </div>
   <div class='ocr_carea' id='block_1_102' title="bbox 2107 4528 3687 4607">
    <p class='ocr_par' dir='ltr' id='par_1_102' title="bbox 2107 4528 3687 4607">
     <span class='ocr_line' id='line_1_102' title="bbox 2107 4528 3687 4607; baseline -0.009 -14"><span class='ocrx_word' id='word_1_695' title='bbox 2107 4538 2228 4602; x_wconf 91' lang='grc' dir='ltr'>σίας</span> <span class='ocrx_word' id='word_1_696' title='bbox 2251 4535 2583 4607; x_wconf 82' lang='grc' dir='ltr'>αὐτονομίαν</span> <span class='ocrx_word' id='word_1_697' title='bbox 2621 4534 2716 4588; x_wconf 75' lang='grc' dir='ltr'>καὶ</span> <span class='ocrx_word' id='word_1_698' title='bbox 2758 4531 3030 4604; x_wconf 58' lang='grc' dir='ltr'>πρόληψιν</span> <span class='ocrx_word' id='word_1_699' title='bbox 3068 4530 3326 4585; x_wconf 77' lang='grc' dir='ltr'>δικασταὶ</span> <span class='ocrx_word' id='word_1_700' title='bbox 3359 4528 3687 4589; x_wconf 85' lang='grc' dir='ltr'>καθίσαντες</span> 
     </span>
    </p>
   </div>
   <div class='ocr_carea' id='block_1_103' title="bbox 2105 4617 3691 4700">
    <p class='ocr_par' dir='ltr' id='par_1_103' title="bbox 2105 4617 3691 4700">
     <span class='ocr_line' id='line_1_103' title="bbox 2105 4617 3691 4700; baseline -0.009 -13"><span class='ocrx_word' id='word_1_701' title='bbox 2105 4633 2155 4687; x_wconf 75' lang='lat' dir='ltr'><strong>oi.</strong></span> <span class='ocrx_word' id='word_1_702' title='bbox 2195 4629 2399 4694; x_wconf 77' lang='grc' dir='ltr'>παντὸς</span> <span class='ocrx_word' id='word_1_703' title='bbox 2430 4630 2772 4700; x_wconf 78' lang='grc' dir='ltr'>ἀναθέματος</span> <span class='ocrx_word' id='word_1_704' title='bbox 2804 4629 3003 4696; x_wconf 78' lang='grc' dir='ltr'>ἔνοχοι.</span> <span class='ocrx_word' id='word_1_705' title='bbox 3019 4622 3231 4680; x_wconf 78' lang='grc' dir='ltr'>Οὔκουν</span> <span class='ocrx_word' id='word_1_706' title='bbox 3259 4639 3324 4690; x_wconf 84' lang='grc' dir='ltr'>γε</span> <span class='ocrx_word' id='word_1_707' title='bbox 3354 4620 3541 4676; x_wconf 68' lang='grc' dir='ltr'>λοιπον</span> <span class='ocrx_word' id='word_1_708' title='bbox 3563 4617 3691 4673; x_wconf 70' lang='lat' dir='ltr'><strong>stiv-</strong></span> 
     </span>
    </p>
   </div>
   <div class='ocr_carea' id='block_1_104' title="bbox 2103 4711 3693 4797">
    <p class='ocr_par' dir='ltr' id='par_1_104' title="bbox 2103 4711 3693 4797">
     <span class='ocr_line' id='line_1_104' title="bbox 2103 4711 3693 4797; baseline -0.012 -18"><span class='ocrx_word' id='word_1_709' title='bbox 2103 4726 2220 4789; x_wconf 82' lang='grc' dir='ltr'>οδος</span> <span class='ocrx_word' id='word_1_710' title='bbox 2250 4720 2320 4797; x_wconf 79' lang='grc' dir='ltr'>ἦν</span> <span class='ocrx_word' id='word_1_711' title='bbox 2348 4721 2555 4792; x_wconf 70' lang='grc' dir='ltr'>εκείνη,</span> <span class='ocrx_word' id='word_1_712' title='bbox 2604 4719 2715 4775; x_wconf 75' lang='grc' dir='ltr'>οὔτ’</span> <span class='ocrx_word' id='word_1_713' title='bbox 2757 4717 3059 4789; x_wconf 83' lang='grc' dir='ltr'>Ἐκκλησία</span> <span class='ocrx_word' id='word_1_714' title='bbox 3109 4713 3271 4780; x_wconf 83' lang='grc' dir='ltr'>Θεοῦ,</span> <span class='ocrx_word' id='word_1_715' title='bbox 3305 4712 3432 4769; x_wconf 78' lang='grc' dir='ltr'>οὔτε</span> <span class='ocrx_word' id='word_1_716' title='bbox 3459 4714 3531 4768; x_wconf 77' lang='grc' dir='ltr'>τὰ</span> <span class='ocrx_word' id='word_1_717' title='bbox 3557 4711 3693 4781; x_wconf 70' lang='grc' dir='ltr'>ἑψη-</span> 
     </span>
    </p>
   </div>
   <div class='ocr_carea' id='block_1_105' title="bbox 2107 4812 3421 4894">
    <p class='ocr_par' dir='ltr' id='par_1_105' title="bbox 2107 4812 3421 4894">
     <span class='ocr_line' id='line_1_105' title="bbox 2107 4812 3421 4894; baseline -0.003 -22"><span class='ocrx_word' id='word_1_718' title='bbox 2107 4818 2347 4889; x_wconf 78' lang='grc' dir='ltr'>φισμένα</span> <span class='ocrx_word' id='word_1_719' title='bbox 2386 4813 2702 4887; x_wconf 79' lang='grc' dir='ltr'>παραδοχῆς</span> <span class='ocrx_word' id='word_1_720' title='bbox 2725 4812 2877 4877; x_wconf 72' lang='grc' dir='ltr'>ἄξια.</span> <span class='ocrx_word' id='word_1_721' title='bbox 3414 4887 3421 4894; x_wconf 86' lang='lat'>_</span> 
     </span>
    </p>
   </div>
   <div class='ocr_carea' id='block_1_106' title="bbox 2183 4895 3687 4974">
    <p class='ocr_par' dir='ltr' id='par_1_106' title="bbox 2183 4895 3687 4974">
     <span class='ocr_line' id='line_1_106' title="bbox 2183 4895 3687 4974; baseline -0.011 -11"><span class='ocrx_word' id='word_1_722' title='bbox 2183 4908 2426 4974; x_wconf 84' lang='grc' dir='ltr'>Ἔτι,ὡς</span> <span class='ocrx_word' id='word_1_723' title='bbox 2466 4907 2494 4961; x_wconf 97' lang='lat'><strong>6</strong></span> <span class='ocrx_word' id='word_1_724' title='bbox 2535 4906 2680 4966; x_wconf 76' lang='grc' dir='ltr'>θεῖος</span> <span class='ocrx_word' id='word_1_725' title='bbox 2725 4900 3054 4961; x_wconf 77' lang='grc' dir='ltr'>’Δπόστολός</span> <span class='ocrx_word' id='word_1_726' title='bbox 3086 4915 3273 4969; x_wconf 77' lang='grc' dir='ltr'>φησιν,</span> <span class='ocrx_word' id='word_1_727' title='bbox 3317 4915 3338 4951; x_wconf 76' lang='grc' dir='ltr'><strong>ι</strong></span> <span class='ocrx_word' id='word_1_728' title='bbox 3379 4897 3495 4951; x_wconf 80' lang='grc' dir='ltr'><strong>Οὐκ</strong></span> <span class='ocrx_word' id='word_1_729' title='bbox 3535 4895 3687 4948; x_wconf 73' lang='grc' dir='ltr'>ἔστιν</span> 
     </span>
    </p>
   </div>
   <div class='ocr_carea' id='block_1_107' title="bbox 2104 4988 3688 5062">
    <p class='ocr_par' dir='ltr' id='par_1_107' title="bbox 2104 4988 3688 5062">
     <span class='ocr_line' id='line_1_107' title="bbox 2104 4988 3688 5062; baseline -0.011 -6"><span class='ocrx_word' id='word_1_730' title='bbox 2104 5000 2517 5062; x_wconf 79' lang='grc' dir='ltr'>ἀκαταστασίας</span> <span class='ocrx_word' id='word_1_731' title='bbox 2543 5001 2571 5052; x_wconf 91' lang='lat'><strong>6</strong></span> <span class='ocrx_word' id='word_1_732' title='bbox 2603 4995 2760 5061; x_wconf 80' lang='grc' dir='ltr'>Θεὸς,</span> <span class='ocrx_word' id='word_1_733' title='bbox 2806 4991 2928 5049; x_wconf 78' lang='grc' dir='ltr'>ἀλλ’</span> <span class='ocrx_word' id='word_1_734' title='bbox 2974 4993 3229 5062; x_wconf 74' lang='grc' dir='ltr'>είρήνης,</span> <span class='ocrx_word' id='word_1_735' title='bbox 3264 4989 3341 5051; x_wconf 82' lang='grc' dir='ltr'>ὡς</span> <span class='ocrx_word' id='word_1_736' title='bbox 3387 4989 3447 5044; x_wconf 72' lang='grc' dir='ltr'>ὲν</span> <span class='ocrx_word' id='word_1_737' title='bbox 3484 4988 3688 5048; x_wconf 77' lang='grc' dir='ltr'>πάσαις</span> 
     </span>
    </p>
   </div>
   <div class='ocr_carea' id='block_1_108' title="bbox 2104 5079 3703 5166">
    <p class='ocr_par' dir='ltr' id='par_1_108' title="bbox 2104 5079 3703 5166">
     <span class='ocr_line' id='line_1_108' title="bbox 2104 5079 3703 5166; baseline -0.011 -17"><span class='ocrx_word' id='word_1_738' title='bbox 2104 5093 2431 5166; x_wconf 73' lang='grc' dir='ltr'>ἐκκλησίαις</span> <span class='ocrx_word' id='word_1_739' title='bbox 2500 5092 2613 5145; x_wconf 79' lang='grc' dir='ltr'><strong>τῶν</strong></span> <span class='ocrx_word' id='word_1_740' title='bbox 2692 5089 2885 5157; x_wconf 81' lang='grc' dir='ltr'>ἁγίων.</span> <span class='ocrx_word' id='word_1_741' title='bbox 2922 5104 2942 5138; x_wconf 73' lang='grc' dir='ltr'><strong>ι</strong></span> <span class='ocrx_word' id='word_1_742' title='bbox 3006 5084 3171 5139; x_wconf 81' lang='grc' dir='ltr'>Ἀλλὰ</span> <span class='ocrx_word' id='word_1_743' title='bbox 3231 5083 3296 5137; x_wconf 77' lang='grc' dir='ltr'>τὸ</span> <span class='ocrx_word' id='word_1_744' title='bbox 3367 5079 3703 5150; x_wconf 75' lang='grc' dir='ltr'>Παλαμικὺνι</span> 
     </span>
    </p>
   </div>
   <div class='ocr_carea' id='block_1_109' title="bbox 2105 5169 3688 5250">
    <p class='ocr_par' dir='ltr' id='par_1_109' title="bbox 2105 5169 3688 5250">
     <span class='ocr_line' id='line_1_109' title="bbox 2105 5169 3688 5250; baseline -0.009 -12"><span class='ocrx_word' id='word_1_745' title='bbox 2105 5184 2286 5238; x_wconf 75' lang='grc' dir='ltr'>δκείνο</span> <span class='ocrx_word' id='word_1_746' title='bbox 2337 5181 2696 5250; x_wconf 83' lang='grc' dir='ltr'>δικαστήριον</span> <span class='ocrx_word' id='word_1_747' title='bbox 2752 5175 3164 5238; x_wconf 79' lang='grc' dir='ltr'>ἀκαταστασίας</span> <span class='ocrx_word' id='word_1_748' title='bbox 3190 5169 3259 5246; x_wconf 75' lang='grc' dir='ltr'>ἦν</span> <span class='ocrx_word' id='word_1_749' title='bbox 3290 5175 3652 5244; x_wconf 74' lang='grc' dir='ltr'>ἐργαστήριον</span> <span class='ocrx_word' id='word_1_750' title='bbox 3674 5186 3688 5203; x_wconf 92' lang='grc'><strong>·</strong></span> 
     </span>
    </p>
   </div>
   <div class='ocr_carea' id='block_1_110' title="bbox 2106 5263 3693 5350">
    <p class='ocr_par' dir='ltr' id='par_1_110' title="bbox 2106 5263 3693 5350">
     <span class='ocr_line' id='line_1_110' title="bbox 2106 5263 3693 5350; baseline -0.009 -18"><span class='ocrx_word' id='word_1_751' title='bbox 2106 5276 2258 5350; x_wconf 71' lang='grc' dir='ltr'>παρά</span> <span class='ocrx_word' id='word_1_752' title='bbox 2309 5275 2514 5340; x_wconf 81' lang='grc' dir='ltr'>πᾶσαν,</span> <span class='ocrx_word' id='word_1_753' title='bbox 2547 5271 2627 5335; x_wconf 85' lang='grc' dir='ltr'>ὼς</span> <span class='ocrx_word' id='word_1_754' title='bbox 2679 5269 2974 5331; x_wconf 66' lang='grc' dir='ltr'>δέδεικται,</span> <span class='ocrx_word' id='word_1_755' title='bbox 3012 5269 3346 5322; x_wconf 72' lang='grc' dir='ltr'>κατάστασιν</span> <span class='ocrx_word' id='word_1_756' title='bbox 3398 5263 3693 5334; x_wconf 79' lang='grc' dir='ltr'>κανονικὴν</span> 
     </span>
    </p>
   </div>
   <div class='ocr_carea' id='block_1_111' title="bbox 2107 5354 3695 5440">
    <p class='ocr_par' dir='ltr' id='par_1_111' title="bbox 2107 5354 3695 5440">
     <span class='ocr_line' id='line_1_111' title="bbox 2107 5354 3695 5440; baseline -0.011 -17"><span class='ocrx_word' id='word_1_757' title='bbox 2107 5370 2209 5440; x_wconf 80' lang='grc' dir='ltr'>τήν</span> <span class='ocrx_word' id='word_1_758' title='bbox 2234 5383 2293 5422; x_wconf 90' lang='grc' dir='ltr'><strong>τε</strong></span> <span class='ocrx_word' id='word_1_759' title='bbox 2325 5365 2503 5438; x_wconf 75' lang='grc' dir='ltr'>ἀρχὴν</span> <span class='ocrx_word' id='word_1_760' title='bbox 2531 5363 2759 5427; x_wconf 84' lang='grc' dir='ltr'>συστὰς,</span> <span class='ocrx_word' id='word_1_761' title='bbox 2789 5362 2884 5415; x_wconf 82' lang='grc' dir='ltr'>καὶ</span> <span class='ocrx_word' id='word_1_762' title='bbox 2915 5361 3215 5428; x_wconf 82' lang='grc' dir='ltr'>μετέπειτα</span> <span class='ocrx_word' id='word_1_763' title='bbox 3240 5356 3421 5427; x_wconf 87' lang='grc' dir='ltr'>πολλῷ</span> <span class='ocrx_word' id='word_1_764' title='bbox 3444 5354 3695 5425; x_wconf 80' lang='grc' dir='ltr'>χαλεπώ-</span> 
     </span>
    </p>
   </div>
   <div class='ocr_carea' id='block_1_112' title="bbox 2109 5449 3685 5532">
    <p class='ocr_par' dir='ltr' id='par_1_112' title="bbox 2109 5449 3685 5532">
     <span class='ocr_line' id='line_1_112' title="bbox 2109 5449 3685 5532; baseline -0.012 -16"><span class='ocrx_word' id='word_1_765' title='bbox 2109 5477 2268 5532; x_wconf 83' lang='grc' dir='ltr'>τερον</span> <span class='ocrx_word' id='word_1_766' title='bbox 2300 5459 2393 5513; x_wconf 69' lang='grc' dir='ltr'><strong>ἐπὶ</strong></span> <span class='ocrx_word' id='word_1_767' title='bbox 2421 5457 2501 5528; x_wconf 85' lang='grc' dir='ltr'>τῷ</span> <span class='ocrx_word' id='word_1_768' title='bbox 2534 5453 3027 5525; x_wconf 75' lang='grc' dir='ltr'>καταψηφίσασθαι</span> <span class='ocrx_word' id='word_1_769' title='bbox 3075 5451 3174 5522; x_wconf 85' lang='grc' dir='ltr'>τῆς</span> <span class='ocrx_word' id='word_1_770' title='bbox 3208 5449 3497 5510; x_wconf 76' lang='grc' dir='ltr'>εὐσεϐείας</span> <span class='ocrx_word' id='word_1_771' title='bbox 3526 5460 3685 5501; x_wconf 84' lang='grc' dir='ltr'>συνα-</span> 
     </span>
    </p>
   </div>
   <div class='ocr_carea' id='block_1_113' title="bbox 2112 5534 3680 5623">
    <p class='ocr_par' dir='ltr' id='par_1_113' title="bbox 2112 5534 3680 5623">
     <span class='ocr_line' id='line_1_113' title="bbox 2112 5534 3680 5623; baseline -0.013 -16"><span class='ocrx_word' id='word_1_772' title='bbox 2112 5551 2387 5623; x_wconf 73' lang='grc' dir='ltr'>θροισθὲν.</span> <span class='ocrx_word' id='word_1_773' title='bbox 2420 5548 2544 5604; x_wconf 79' lang='grc' dir='ltr'>Οὐδ’</span> <span class='ocrx_word' id='word_1_774' title='bbox 2578 5548 2689 5617; x_wconf 81' lang='grc' dir='ltr'>ἄρα</span> <span class='ocrx_word' id='word_1_775' title='bbox 2715 5550 2743 5601; x_wconf 87' lang='grc' dir='ltr'>ὁ</span> <span class='ocrx_word' id='word_1_776' title='bbox 2782 5546 2916 5608; x_wconf 80' lang='grc' dir='ltr'>Θεὸς</span> <span class='ocrx_word' id='word_1_777' title='bbox 2945 5540 3014 5615; x_wconf 84' lang='grc' dir='ltr'>ἦν</span> <span class='ocrx_word' id='word_1_778' title='bbox 3045 5541 3212 5597; x_wconf 83' lang='grc' dir='ltr'>αὐτοῦ</span> <span class='ocrx_word' id='word_1_779' title='bbox 3240 5540 3434 5609; x_wconf 81' lang='grc' dir='ltr'>ὥσπερ</span> <span class='ocrx_word' id='word_1_780' title='bbox 3480 5540 3538 5591; x_wconf 72' lang='grc' dir='ltr'>ἐν</span> <span class='ocrx_word' id='word_1_781' title='bbox 3565 5534 3680 5594; x_wconf 79' lang='grc' dir='ltr'>ταῖς</span> 
     </span>
    </p>
   </div>
   <div class='ocr_carea' id='block_1_114' title="bbox 2112 5623 3681 5712">
    <p class='ocr_par' dir='ltr' id='par_1_114' title="bbox 2112 5623 3681 5712">
     <span class='ocr_line' id='line_1_114' title="bbox 2112 5623 3681 5712; baseline -0.008 -14"><span class='ocrx_word' id='word_1_782' title='bbox 2112 5644 2434 5712; x_wconf 77' lang='grc' dir='ltr'>ἐκκλησίαις</span> <span class='ocrx_word' id='word_1_783' title='bbox 2469 5641 2579 5694; x_wconf 85' lang='grc' dir='ltr'><strong>τῶν</strong></span> <span class='ocrx_word' id='word_1_784' title='bbox 2612 5640 2807 5709; x_wconf 86' lang='grc' dir='ltr'>ἁγίων.</span> <span class='ocrx_word' id='word_1_785' title='bbox 2836 5638 2898 5691; x_wconf 83' lang='grc' dir='ltr'><strong>Εί</strong></span> <span class='ocrx_word' id='word_1_786' title='bbox 2927 5636 2972 5691; x_wconf 78' lang='grc' dir='ltr'>δ’</span> <span class='ocrx_word' id='word_1_787' title='bbox 3022 5637 3125 5689; x_wconf 83' lang='grc' dir='ltr'>οὐκ</span> <span class='ocrx_word' id='word_1_788' title='bbox 3164 5630 3232 5704; x_wconf 80' lang='grc' dir='ltr'>ἦν</span> <span class='ocrx_word' id='word_1_789' title='bbox 3279 5631 3445 5688; x_wconf 78' lang='grc' dir='ltr'>αὐτοῦ</span> <span class='ocrx_word' id='word_1_790' title='bbox 3476 5631 3505 5682; x_wconf 83' lang='grc' dir='ltr'>ὁ</span> <span class='ocrx_word' id='word_1_791' title='bbox 3531 5623 3681 5690; x_wconf 69' lang='grc' dir='ltr'><strong>Θεὸς,</strong></span> 
     </span>
    </p>
   </div>
   <div class='ocr_carea' id='block_1_115' title="bbox 2117 5717 3545 5807">
    <p class='ocr_par' dir='ltr' id='par_1_115' title="bbox 2117 5717 3545 5807">
     <span class='ocr_line' id='line_1_115' title="bbox 2117 5717 3545 5807; baseline -0.012 -16"><span class='ocrx_word' id='word_1_792' title='bbox 2117 5720 2358 5807; x_wconf 49' lang='lat' dir='ltr'><strong>inlexe»</strong></span> <span class='ocrx_word' id='word_1_793' title='bbox 2404 5732 2738 5804; x_wconf 82' lang='grc' dir='ltr'>Ἐκκλησίαν</span> <span class='ocrx_word' id='word_1_794' title='bbox 2773 5727 3167 5801; x_wconf 79' lang='grc' dir='ltr'>ἀποφήνασθαι</span> <span class='ocrx_word' id='word_1_795' title='bbox 3194 5723 3359 5780; x_wconf 88' lang='grc' dir='ltr'>τοῦτο</span> <span class='ocrx_word' id='word_1_796' title='bbox 3390 5717 3545 5777; x_wconf 76' lang='grc' dir='ltr'>Θεοῦ.</span> 
     </span>
    </p>
   </div>
  </div>
