4088 6436
383 458 490 524 γε)
1175 467 1266 529 PA
1278 469 1833 540 LAMITIPARUM‘
1861 475 2622 543 TRANSGRESSIONUM
2656 434 2911 544 tIBEn:
3573 491 3706 558 ’γεω

458 578 582 631 Ἔτι
616 576 645 630 ὁ
670 582 836 638 αὐτὸς
875 575 1020 642 θεῖος
1057 577 1382 648 ’Δπόστολος
1407 581 1566 652 αὖθίς
1597 605 1792 660 φησιν,
1827 609 1848 641 ‹
1891 589 1979 651 Ὠς
2013 593 2054 647 Α

2155 591 2421 648 Prmterea
2490 594 2565 649 ait
2623 611 2819 651 rursus
2873 596 3013 652 idem
3069 597 3290 655 divinus
3338 600 3681 672 Apostolus:

386 670 599 735 ὤφελον
648 670 744 723 καὶ
806 669 1185 741 ἀποκόψονται
1236 676 1287 727 οἱ
1326 677 1763 744 ἀναστατοῦντες
1810 682 1979 751 ὑμᾶς.

2095 699 2113 731 ι
2159 678 2377 736 Utinam
2416 693 2471 738 et
2503 684 2899 742 abscindantur
2930 689 3022 757 qui
3056 704 3155 746 vos
3190 669 3542 749 conturbant.
3570 695 3683 753 Vos

399 764 590 833 Ὑμεῖς
665 764 775 834 γὰρ
844 762 931 818 ἐπ’
986 765 1274 838 ἐλευθερίᾳ
1323 769 1635 842 ἐκλήθητε,
1672 772 1915 845 ἀδελφοί.
1958 794 1977 828 ι

2086 775 2230 829 enim
2265 774 2317 829 in
2354 776 2658 834 libertatem
2691 782 2865 836 vocali
2901 783 3036 837 estis
3063 824 3080 850 ,
3116 784 3318 841 fratres
3343 786 3410 840 ’⁸.
3459 806 3478 839 ι
3518 787 3677 843 Ροιοο

389 856 667 911 οιτοίνυν
700 856 1017 927 Παλαμῖται
1045 859 1178 922 τοὺς
1219 861 1322 930 τῆς
1358 862 1692 930 Ἐκκλησίας
1722 865 1982 935 θεσμοὺς,

2088 865 2232 921 mitae
2279 866 2444 937 igitur
2477 870 2570 939 qui
2602 871 2860 927 Ecclesiae
2918 873 3059 944 jura
3091 876 3419 945 rcgulasque
3464 880 3681 949 pietatis

390 948 516 1011 τούς
548 965 611 1001 τε
643 951 740 1018 τῆς
772 948 1061 1035 εὐσξσείας
1092 952 1254 1021 ὄρους
1281 954 1736 1027 ἀνατετροφότες.
1767 959 1862 1014 καὶ
1884 960 1986 1031 τὴν

2088 959 2413 1024 everterint,
2446 974 2512 1016 ac
2548 971 2796 1018 nostram
2839 964 2909 1019 ob
2954 965 3239 1022 Christum
3289 948 3591 1026 libertatem
3626 974 3696 1027 in.

392 1041 549 1112 ἡμῶν
597 1041 690 1095 διὰ
741 1043 983 1112 Χριστὸν
1031 1044 1981 1124 ἐλευθερίαν-καταδουλωσάμενοι,

2087 1062 2407 1117 servitutem
2450 1060 2724 1130 redigant,
2765 1060 2964 1115 merito
2998 1062 3164 1116 etiam
3215 1077 3245 1116 a
3279 1064 3497 1133 piorum
3527 1075 3700 1135 parte-

391 1134 616 1197 δικαίως
655 1135 724 1188 ἂν
756 1135 852 1188 καὶ
898 1137 995 1205 τῆς
1025 1137 1137 1192 τῶν
1167 1138 1542 1196 εὐσεϐούντων
1577 1143 1795 1215 μερίδος
1837 1145 1982 1200 ἄνω-

2085 1153 2296 1222 pridem
2324 1151 2644 1208 debuissent
2695 1152 2965 1208 exscindi.
2998 1171 3016 1205 ι
3048 1152 3191 1221 Quid
3221 1156 3367 1209 enim
3391 1134 3682 1213 commune

395 1224 486 1276 θεν
534 1227 922 1280 ἐκκόπτοιντο.
959 1246 978 1279 ι
1017 1227 1084 1281 Τί
1132 1229 1243 1298 γὰρ
1276 1234 1458 1284 κοινὸν
1499 1233 1724 1303 Χριστῷ
1769 1236 1862 1288 καὶ
1885 1236 1988 1288 Bs-

2085 1245 2305 1302 Christo
2333 1254 2389 1300 et
2419 1244 2752 1301 Belial-"21
2779 1244 2957 1301 Excisi
2992 1261 3123 1302 vero
3153 1248 3355 1313 semel,
3386 1258 3445 1303 ut
3474 1251 3564 1320 qui
3586 1266 3698 1305 ηου-

393 1316 522 1384 λίαρ
545 1332 561 1382 ;
590 1335 609 1369 ι
649 1315 1010 1382 Ἑκκοπέντες
1028 1318 1078 1372 δ’
1100 1319 1325 1388 ἐφάπαξ
1342 1321 1416 1387 ὡς
1433 1324 1859 1390 ἀναστατοῦντες
1888 1326 1993 1398 τὴν

2178 1352 2256 1392 am
2292 1337 2603 1393 libertatem
2634 1337 2984 1399 conturbent.
3020 1352 3127 1407 nec
3162 1352 3267 1394 nos
3296 1338 3455 1396 decet
3474 1315 3507 1404 ξ
3528 1342 3681 1410 quieo
3783 1329 3792 1337 ”

396 1411 559 1478 ἡμῶν
586 1410 927 1481 ἐλευθερίαν,
955 1412 1066 1466 οὐδ’
1091 1415 1243 1482 ἡμᾶς
1266 1417 1400 1486 χρὴ,
1434 1419 1536 1470 ὅσα
1574 1417 1640 1472 ἂν
1671 1420 1795 1473 καθ’
1826 1422 1988 1492 ἡμῶν

2087 1430 2221 1500 quid
2253 1431 2541 1486 adversum
2569 1445 2671 1486 nos
2694 1431 3307 1501 blasphemaverintaut
3333 1432 3587 1489 devoveri
3600 1443 3695 1496 nt,.

402 1502 557 1554 αὐτοὶ
590 1502 1124 1577 βλασφημήσωσινῆ
1157 1507 1567 1578 ὲπαράσωνται,
1597 1512 1656 1564 ἐν
1689 1512 1833 1582 λόγῳ
1867 1531 1987 1568 ποι-

2090 1523 2256 1578 ullam
2285 1523 2554 1578 rationem
2589 1523 2810 1578 habere.
2846 1521 3147 1578 Probatum
3177 1539 3412 1595 namque
3442 1536 3548 1589 est,
3582 1542 3681 1582 nec

404 1595 604 1650 εἰσθαι.
666 1597 945 1653 Δέδεικται
991 1603 1100 1670 γάρ
1141 1619 1225 1656 τοι
1262 1604 1391 1674 μήτ’
1431 1607 1514 1669 είς
1570 1606 1765 1677 ἱερέων
1810 1611 1987 1664 τελεῖν

2087 1617 2144 1669 in
2173 1612 2522 1669 sacerdotum
2566 1613 2691 1667 illos
2729 1613 2909 1669 classe
2953 1628 3100 1680 esse,
3135 1630 3237 1671 nec
3270 1631 3498 1683 prorsus
3546 1617 3679 1672 lide-

404 1691 603 1755 αὐτοὺς
626 1692 801 1759 τάξιν,
834 1695 964 1765 μήτ’
990 1699 1071 1759 είς
1111 1695 1360 1749 εὐσεϐῶν
1390 1699 1530 1763 ὅλως
1558 1717 1574 1731 ·
1610 1702 1693 1764 είς
1740 1702 1914 1772 κρίμα
1938 1703 1987 1757 δ’

2089 1707 2221 1761 lium
2251 1722 2265 1759 :
2294 1705 2349 1760 in
2393 1721 2553 1762 suum
2587 1721 2721 1761 vero
2748 1705 3013 1762 duntaxat
3043 1706 3313 1774 judicium
3361 1707 3543 1761 divina
3594 1707 3679 1762 in-

404 1785 593 1848 αὐτοῖς
627 1787 789 1855 μόνον
820 1787 932 1841 τῶν
966 1787 1131 1843 θείων
1176 1792 1530 1862 κατατολμᾷν
1557 1793 1654 1846 καὶ
1681 1794 1986 1865 ἐπιχωριά-

2087 1796 2304 1859 vadere,
2339 1793 2678 1864 profaneque
2705 1794 2873 1866 (quod
2906 1810 2974 1850 ne
3008 1795 3201 1851 fuisset
3222 1796 3485 1867 unquam)
3518 1797 3701 1867 inque

403 1878 518 1939 ζειν
542 1877 807 1949 βεϐήλως,
840 1880 916 1943 ὡς
944 1881 1020 1953 μὴ
1045 1880 1275 1953 ὤφελεν,
1307 1884 1367 1937 ἐν
1393 1900 1451 1937 τε
1476 1887 1662 1949 τόποις
1692 1887 1860 1956 ἱεροῖς
1887 1887 1983 1939 καὶ

1692 1887 1860 1956 ἱεροῖς
1887 1887 1983 1939 καὶ
2091 1886 2225 1943 locis
2251 1886 2423 1943 sacris
2451 1901 2516 1942 ac
2553 1889 2760 1943 sanctis
2796 1885 3065 1944 altaribus
3093 1897 3296 1942 astare.

402 1969 810 2044 θυσιαστηρίοις
846 1973 1045 2042 ἀγίοιςζ
1944 1972 1947 1975 ’
2014 1956 2056 2013 Β
2128 1988 2141 2003 “

475 2064 596 2119 Ἔτι
638 2067 667 2118 ό
711 2067 889 2136 μέγας
932 2068 1068 2135 φησὶ
1133 2067 1437 2133 Βασίλειος,
1480 2088 1499 2122 ι
1540 2068 1752 2140 Μηδεὶς
1787 2069 1987 2124 οίῦσθω

2155 2063 2236 2120 Ad
2273 2067 2389 2120 haec
2416 2065 2494 2120 ait
2522 2080 2755 2136 magnus
2780 2065 3022 2122 Basilius
3050 2083 3065 2119 :
3103 2084 3122 2118 ι
3159 2063 3641 2126 Νεοτοεκίειὶηιεῑ
3662 2115 3677 2133 .

402 2156 514 2211 τῶν
550 2157 899 2227 ὲσφαλμὲνας
939 2158 1075 2230 περὶ
1103 2159 1241 2214 Θεοῦ
1291 2159 1529 2232 ἐχόντων
1576 2161 1873 2231 ὑπολήψεις
1902 2163 1985 2216 ὅτι

2085 2173 2275 2213 eorum
2304 2159 2397 2228 qui
2444 2156 2612 2215 falsas
2647 2159 2717 2213 de
2760 2157 2872 2214 Deo
2920 2160 3129 2215 habent
3160 2160 3473 2230 opiniones,
3526 2161 3671 2216 inter

407 2249 594 2303 δεκταί
638 2252 782 2304 είσιν
829 2253 886 2305 αἱ
933 2254 991 2306 ἒν
1041 2252 1390 2323 ψαλμῳδίαις
1428 2251 1611 2306 αὐτῶν
1653 2254 1917 2316 αίνέσειςέ
1956 2273 1978 2307 δ

2086 2251 2432 2322 psallendum
2482 2260 2737 2319 acceptas
2765 2265 2891 2306 esse
2937 2250 3148 2306 laudes.
3189 2269 3207 2303 ι
3256 2250 3351 2305 Sin
3383 2263 3563 2307 autem
3598 2253 3682 2310 lue

410 2340 473 2393 Εί
502 2339 683 2393 τοίνυν
711 2332 874 2394 αὗται
922 2341 1022 2393 οὐκ
1063 2342 1169 2395 alat
1217 2343 1428 2401 δεκταὶ,
1462 2340 1643 2411 πολλῷ
1700 2340 1903 2410 μᾶλλον
1929 2341 1986 2394 αἱ

2088 2358 2194 2398 non
2240 2350 2369 2398 sunt
2413 2353 2651 2413 acceptae
2676 2385 2691 2407 ,
2725 2343 2897 2398 multo
2928 2344 3110 2398 minus
3135 2381 3152 2406 ,
3186 2359 3325 2413 quas
3357 2345 3411 2398 in
3446 2358 3541 2399 eos
3585 2345 3696 2414 qui

407 2431 549 2484 κατὰ
578 2431 689 2485 τῶν
726 2433 978 2487 εὐσεϐεῖν
1020 2433 1293 2502 ἑλομένων
1328 2433 1821 2502 ἐπανατεινόμεναι
1853 2433 2001 2502 παρ’-

2088 2436 2343 2505 pietatem
2370 2436 2543 2491 velint
2586 2438 2790 2503 colere,
2840 2437 3113 2491 intentant
3146 2436 3677 2493 excommunicatio-

408 2522 588 2577 αὐτῶν
640 2525 1015 2597 ἀποκηρύξεις
1051 2529 1146 2581 καὶ
1175 2529 1308 2598 ἀραὶ
1344 2525 1659 2598 παραδοχῆς
1704 2527 1806 2580 οὐκ
1843 2527 1986 2580 εἰσὶν

2088 2546 2187 2586 nes
2226 2545 2292 2585 ac
2317 2531 2467 2586 diras
2491 2568 2509 2595 ,
2551 2531 2730 2600 digna:
2787 2537 2921 2585 sunt
2955 2545 3076 2599 qua:
3107 2514 3411 2598 probentur
3442 2542 3508 2584 ac
3539 2530 3680 2586 reci-

410 2613 578 2680 ἄξιαι.

2089 2622 2329 2693 piantur.

483 2707 608 2762 Ἔτι
662 2710 711 2762 εί
739 2708 813 2772 ὡς
841 2709 870 2761 ὁ
900 2710 996 2763 τοῦ
1034 2709 1288 2763 Στουδίου
1324 2711 1492 2771 πολὺς
1514 2710 1588 2764 τὰ
1632 2707 1989 2767 θεῖαθιόδω-

2162 2715 2466 2780 Postremo,
2495 2713 2543 2769 si
2574 2712 2660 2783 (ut
2693 2714 2764 2767 ait
2801 2712 2855 2767 in
2886 2712 3197 2768 divinorum
3234 2714 3464 2771 scientia
3498 2716 3684 2770 clarus

411 2799 505 2871 ρός
531 2817 692 2870 φησι,
729 2818 749 2851 ι
783 2802 892 2853 Kal.
922 2801 1085 2870 μόνον
1113 2803 1173 2854 ὲν
1205 2801 1282 2871 τῷ
1312 2803 1606 2872 ἀναφέρειν
1629 2801 1802 2873 ὄνομα
1836 2804 1990 2874 alpe-

2088 2805 2406 2862 Theodorus
2457 2805 2691 2876 Studita)
2733 2822 2752 2856 ι
2790 2804 2874 2860 vel
2925 2805 3028 2860 hoc
3080 2819 3211 2869 uno,
3245 2807 3388 2875 quod
3441 2804 3691 2861 heretici.

407 2890 564 2946 τικοῦ
588 2894 646 2944 ὲν
675 2894 742 2962 τῇ
776 2892 1076 2964 Ἐκκλησία
1106 2893 1297 2964 μῶμον
1327 2894 1443 2964 ἔχει
1479 2895 1512 2964 ή
1557 2895 1873 2965 Ἐκκλησία,
1904 2896 1989 2949 ὅτι

2089 2914 2290 2955 nomen
2320 2898 2376 2953 in
2421 2896 2666 2955 Ecclesia
2701 2897 2992 2962 referatur,
3027 2897 3273 2953 Ecclesia
3309 2897 3693 2952 commacula-

407 2987 436 3039 ὁ
458 2984 601 3049 θεῖος
650 2985 824 3073 φύλαξ
852 2988 881 3039 ό
909 2985 1145 3055 ἄγγελος
1185 2988 1244 3040 ὲν
1271 2986 1349 3056 τῷ
1382 2986 1562 3057 καιρῷ
1589 2989 1690 3057 τῆς
1723 2988 1990 3059 αἱρέσεως

2090 3000 2200 3057 tur,
2233 2991 2439 3047 idcirco
2469 2991 2617 3059 quod
2654 2989 2880 3061 angelus
2910 2999 3095 3045 custos
3127 2990 3195 3042 ab
3243 3005 3306 3045 ea
3357 2990 3538 3045 avolat
3569 2990 3682 3045 hrc-

408 3078 715 3147 ἀφίπταται
765 3079 862 3134 ἀπ’
905 3080 1109 3150 αὕτῆςο
1144 3081 1241 3134 καὶ
1293 3080 1480 3135 λοιπὸν
1516 3082 1544 3135 ὁ
1575 3081 1817 3144 τοιοῦτος
1862 3081 1989 3145 ναὸς

2091 3077 2229 3141 rosis
2286 3087 2534 3152 temmre
2568 3095 2586 3137 :
2617 3081 2877 3152 jamque,
2923 3079 3069 3150 quod
3106 3078 3373 3148 ejusmodi
3422 3081 3685 3150 templum

411 3176 540 3236 vao;
568 3174 747 3236 κοινὸς
780 3175 874 3229 καὶ
913 3175 1319 3244 μεμολυσμένος
1349 3174 1700 3229 καθίσταται.
1738 3195 1756 3227 ι
1794 3174 1856 3228 Εί
1880 3177 1991 3230 τοί-

2090 3182 2194 3240 est,
2229 3173 2490 3243 templum
2518 3186 2812 3227 commune
2841 3186 2907 3227 ac
2934 3170 3201 3241 pollutum
3231 3179 3317 3226 est
3344 3187 3359 3225 :
3383 3188 3401 3222 ι
3434 3171 3479 3226 si
3516 3171 3686 3239 igitur

410 3281 510 3317 vuv
540 3262 699 3317 τοῦτο
731 3264 904 3324 οὕτως
930 3263 1062 3335 ἔχει,
1101 3265 1152 3317 τί
1181 3264 1245 3319 ἄν
1274 3282 1361 3328 τις
1389 3265 1535 3319 εἴποι
1560 3267 1657 3329 τὰς
1682 3266 1742 3318 ἐν
1779 3267 1844 3335 τῇ
1879 3267 1988 3319 Ιῐαο
2017 3307 2024 3348 ε

2091 3281 2149 3320 se
2182 3278 2272 3321 res
2306 3264 2385 3320 sic
2427 3261 2611 3324 habet,
2644 3261 2906 3330 quidnam
2943 3261 3068 3331 quis
3111 3262 3259 3317 dicat
3286 3277 3407 3331 qua:
3441 3261 3495 3316 in
3529 3261 3685 3316 Pala-

410 3356 673 3426 λαμιτικῇ
769 3355 1054 3424 Εκκλησίᾳ
1129 3354 1252 3408 καθ’
1328 3356 1492 3427 ἡμῶν
1563 3357 1985 3425 ἀκφωνουμένας

2093 3357 2348 3411 mitarum
2379 3353 2617 3409 Ecclesia
2649 3353 2941 3408 adversum
2988 3367 3090 3407 nos
3130 3351 3480 3421 publicantur
3512 3352 3682 3406 male-

410 3447 800 3520 βλασφημίαςς
836 3446 1110 3517 Πρόδηλον
1129 3447 1204 3511 ὡς
1231 3445 1344 3501 οὐθ’
1372 3449 1422 3501 οί
1459 3447 1708 3516 λέγοντε;
1747 3448 1987 3518 παραδο-

2092 3447 2275 3501 dicta?
2303 3444 2646 3501 Manifestum
2685 3445 2850 3514 igitur
2879 3451 2985 3510 est,
3019 3458 3195 3514 neque
3231 3443 3327 3513 qui
3357 3443 3688 3514 loquuntur,

408 3542 509 3612 χῆς
541 3538 702 3605 ἄξιοι,
732 3538 894 3594 οὔθ’ὀ
925 3539 1102 3610 χῶρος
1126 3541 1183 3593 ὲν
1214 3532 1257 3607 ᾧ
1291 3539 1565 3608 λέγονται,
1596 3539 1987 3608 ἐκλελεγμένος

2092 3541 2286 3612 dignos
2316 3554 2437 3594 esse
2467 3538 2561 3608 qui
2591 3537 2966 3607 suscipiantur
2993 3553 3009 3601 ;
3059 3551 3236 3606 neque
3266 3536 3447 3592 locum
3483 3537 3538 3590 in
3569 3551 3679 3605 quo

411 3632 533 3702 Θεῷ
556 3650 571 3664 ο
615 3632 751 3685 ἀλλὰ
781 3632 958 3697 κοινὸς
985 3632 1082 3685 καὶ
1120 3650 1185 3702 με
1195 3632 1536 3704 μολυσμᾶνος
1562 3633 1653 3687 ὐπ’
1685 3632 1868 3685 αὐτῶν
1891 3649 1991 3685 κα-

2092 3634 2371 3697 dicuntur,
2409 3630 2518 3686 Deo
2551 3631 2785 3686 electum
2833 3644 2995 3696 esse,
3041 3628 3136 3685 sed
3174 3641 3466 3683 commune
3513 3635 3570 3681 et
3616 3627 3687 3679 ab

414 3720 678 3791 θέστηκεν
705 3740 719 3755 ο
744 3722 856 3776 οὐδ’
901 3723 960 3776 αί
995 3725 1130 3792 παρ’
1160 3723 1341 3777 αὐτῶν
1376 3723 1797 3795 ὲξενηνεγμέναι
1846 3723 1989 3778 κατὰ

2095 3728 2173 3782 eis
2219 3725 2539 3796 pollutum:
2586 3738 2686 3778 nec
2740 3737 2872 3792 ergo
2904 3735 3044 3792 quas
3102 3718 3180 3774 illi
3220 3718 3511 3774 adversum
3564 3721 3709 3787 pios.

410 3814 530 3886 τῶν.
551 3814 918 3868 εὐσεϐούντων
946 3814 1054 3883 ἄρα
1085 3814 1428 3885 βλασφημίαι
1456 3817 1549 3869 καὶ
1580 3815 1991 3885 καταψηφίσεις

2088 3818 2301 3890 jactant
2329 3816 2480 3871 diras
2511 3824 2566 3870 et
2610 3814 2910 3870 sententias
2962 3828 3027 3868 ac
3072 3812 3508 3883 proscriptiones
3532 3852 3547 3875 ,
3582 3811 3686 3865 hoc

411 3905 556 3962 τοῦτ’
600 3908 740 3961 ιίσὶν
771 3907 907 3978 ὅπερ
956 3906 1202 3975 λέγονται
1229 3946 1245 3971 ,
1274 3908 1537 3978 φλυαρίαι
1564 3907 1609 3961 δ’
1634 3907 1813 3970 ἄλλως
1832 3946 1845 3971 ,
1898 3909 1991 3961 καὶ

2094 3917 2223 3966 Sunt
2247 3907 2394 3978 quod
2430 3908 2710 3965 dicuntur.
2738 3904 2834 3961 sed
2886 3920 3043 3974 nugae
3075 3914 3281 3959 temere
3314 3903 3449 3959 fusae
3474 3946 3489 3970 ,
3520 3913 3590 3957 ret
3629 3910 3687 3956 ut

411 4000 498 4054 ἵνα
520 4000 579 4054 τὸ
604 4000 702 4070 τῆς
728 3999 952 4071 Γραφῆς
974 4000 1185 4071 φῶμεν,
1209 4000 1585 4071 βαττολογία
1603 4001 1784 4072 μόνη,
1810 4001 1993 4055 πᾶσαν

2095 4000 2396 4070 Scriptura:
2424 3998 2607 4054 verbis
2632 3997 2830 4062 dicam,
2858 3995 3002 4050 aliud
3037 3995 3173 4050 nihil
3207 4004 3403 4064 praeter
3429 3994 3683 4049 «inanem

411 4094 730 4164 ἀδολεσχίαν
758 4092 1198 4163 ὑπερϐαίνουσα.

2096 4094 2468 4163 garrulitatem
2500 4090 2551 4123 ⁸ο
2581 4108 2600 4142 ι
2638 4087 3005 4160 (βαττολογία)
3033 4103 3156 4159 quae
3179 4102 3396 4145 omnem
3417 4086 3689 4155 ejusmodi

1676 4194 1681 4199 '
2096 4184 2427 4257 superﬂuam
2452 4183 2842 4253 loquacitatem
2876 4184 3126 4237 excedat.
3197 4179 3201 4183 ’

1018 4296 1270 4351 ΚΕΦΑΛ.
1315 4296 1395 4351 Θ’.
2613 4316 2618 4323 ’

2613 4316 2618 4323 ’
2699 4292 2929 4351 CAPUT
2992 4294 3085 4349 IX.

414 4413 482 4467 El
522 4414 658 4481 ἁγία
693 4411 800 4466 τοῦ
829 4412 978 4467 Θεοῦ
1013 4412 1185 4467 ἐστιν
1214 4414 1356 4468 Ἐκκ
1373 4414 1570 4479 ὶησία,
1602 4415 1640 4481 ἡ
1676 4415 1996 4480 ποικίλους

2103 4414 2249 4469 Num
2283 4425 2470 4468 sancta
2506 4410 2600 4465 Dei
2652 4409 2925 4481 Ecclesia,
2958 4426 3074 4482 qua:
3111 4410 3347 4465 diversas
3394 4424 3687 4466 (erumnas.

485 4483 861 4551 πειρασμοὺς
894 4482 993 4537 καὶ
1024 4484 1257 4553 μακρὰς
1287 4485 1528 4554 ἐιξορίας
1560 4484 1661 4538 καὶ
1686 4485 2000 4539 κατακλεί-
2033 4549 2063 4554 λ

2173 4489 2432 4554 longaque
2459 4482 2652 4554 exsilia
2685 4492 2731 4537 et
2760 4482 3036 4554 ergastula
3065 4490 3112 4533 et
3155 4495 3414 4554 carceres
3439 4482 3692 4533 adversus

488 4549 647 4627 ονειᾳ
673 4549 769 4607 καὶ
829 4549 1403 4627 φυλαςέᾲςςπανζὸςῖ
1441 4549 1997 4625 καταψηφισαμένη
2031 4549 2075 4605 ι)

1843 4554 1997 4625 μέν-η
2031 4549 2075 4605 ι)
2164 4549 2545 4627 ἀαιὶοεόηηιει
2574 4553 2790 4623 piosque
2819 4549 3048 4607 decrevit
3087 4567 3152 4605 ac
3174 4550 3457 4620 judicarit.

484 4624 720 4678 δικαίου
759 4623 856 4679 καὶ
888 4623 1181 4690 εὐσεϐοῦς
1211 4624 1458 4692 ἀνδρός.

491 4738 610 4791 Ἵνα
641 4735 774 4806 γοῦν
795 4736 891 4791 καὶ
916 4735 1045 4799 τοὺς
1076 4737 1169 4791 τοῦ
1201 4737 1485 4809 συνεδρίου
1519 4738 1712 4792 τούτου
1749 4738 2000 4808 καρποὺς

2175 4733 2245 4788 Ut
2273 4733 2437 4804 igitur
2461 4732 2625 4787 etiam
2654 4730 2871 4786 concilii
2906 4729 3076 4799 hujus
3109 4727 3320 4783 fructus
3346 4724 3688 4787 noverimus.

417 4830 708 4901 γνοίημεν,
767 4829 841 4902 μὴ
877 4830 1070 4900 τιόρρω
1100 4829 1195 4882 τοῦ
1251 4829 1394 4882 κατὰ
1440 4829 1680 4899 Χριστοῦ
1730 4830 1999 4899 πρότερον

2104 4827 2246 4882 haud
2305 4825 2495 4893 procul
2555 4826 2626 4879 ab
2669 4839 2734 4878 eo
2782 4823 2926 4891 quod
2975 4830 3102 4876 ante
3152 4820 3434 4875 Christum
3487 4817 3690 4886 petiit,

418 4923 693 4995 βαλόντος,
731 4922 1030 4993 σκοπῶμεν
1076 4922 1271 4986 οὕτως.
1318 4922 1532 4977 Ἐκεῖνο
1557 4924 1665 4992 γὰρ
1697 4921 1798 4975 οὐκ
1831 4923 2025 4990 ἔφερε,

2104 4916 2253 4970 hunc
2282 4915 2337 4969 in
2370 4913 2589 4969 modum
2619 4913 3050 4967 consideremus.
3072 4910 3221 4967 illud
3256 4907 3401 4963 enim
3449 4922 3557 4960 non
3613 4905 3691 4960 fe-

422 5015 514 5068 τὶν
552 5015 763 5069 δίκαιον
813 5014 1077 5086 καθορᾷν,
1109 5014 1223 5067 οὐδ’
1281 5013 1640 5084 ἐλεγχόμενον
1683 5014 1778 5066 ὑπ’
1832 5012 2021 5068 αὐτοῦ’

2104 5009 2488 5080 rebatjustum
2528 5006 2734 5065 videre.
2791 5022 2889 5060 nec
2941 5020 3061 5058 cum
3112 5004 3180 5058 ab
3229 5003 3321 5058 illo
3374 5010 3695 5072 argueretur

423 5108 713 5177 καρτερεῖν
739 5123 754 5139 ’
787 5107 1003 5177 ἐρήμην
1027 5106 1073 5158 δ’
1104 5104 1271 5158 αὐτοῦ
1301 5104 1705 5175 κατεψηφίζετο
1768 5104 2003 5174 σταύρὸν

2106 5101 2413 5159 sustinebat
2448 5117 2461 5152 :
2500 5100 2827 5168 descrtoquc
2883 5099 3219 5158 vadimonio.
3270 5095 3421 5151 cruci
3458 5108 3584 5149 eum
3631 5108 3697 5149 ac

423 5198 518 5250 καὶ
557 5196 808 5252 θάνατον.
842 5193 1014 5248 Τοῦτο
1054 5194 1111 5248 δὲ
1152 5192 1337 5263 πολλῷ
1389 5193 1728 5264 μακρότερον
1760 5193 1829 5246 τὰ
1853 5192 2000 5244 ὲκεί-

2107 5195 2267 5250 morti
2320 5193 2634 5248 damnabat.
2693 5191 2806 5245 llnc
2860 5207 2992 5246 vero
3040 5192 3196 5259 longe
3250 5189 3515 5260 prolixius
3550 5188 3700 5243 illius

420 5305 512 5340 νου
540 5287 753 5352 νοσοῦν,
807 5288 1182 5356 μανικώτερον
1227 5286 1475 5352 ἐπέξεισι
1524 5286 1649 5347 τοὺς
1686 5284 2031 5353 ἡγωνισμέι

2109 5285 2264 5338 malis
2301 5284 2579 5348 laborans,
2605 5284 2814 5355 majore
2862 5281 3047 5338 furere
3096 5284 3220 5338 illos
3256 5283 3566 5345 ulciscitur,
3602 5279 3696 5349 qui

421 5394 544 5440 v00;
588 5380 1006 5448 περὶ’Χριστοῦ.
1055 5380 1292 5433 Κάκεῖνο
1339 5379 1460 5447 μὲν,
1504 5372 1580 5439 ὡς
1608 5379 1637 5429 ὁ
1664 5374 1806 5435 θεῖός
1834 5391 1999 5444 φησιν

2107 5393 2208 5449 pro
2253 5377 2471 5432 Christo
2523 5386 2801 5431 certamen
2855 5375 3283 5432 desudaverant.
3329 5376 3505 5443 Atque
3564 5370 3694 5425 illud

434 5469 777 5537 Ἀπόστολος,
820 5470 985 5539 ζῆ).ον
1036 5466 1203 5540 εῖχεν,
1253 5469 1371 5522 ἀλλ’
1407 5470 1469 5522 οὐ
1510 5469 1634 5522 κατ’
1682 5469 1996 5533 ἐπίγνωσιν,

2106 5470 2347 5538 quidem.
2381 5472 2550 5539 uta't
2580 5469 2799 5523 divinus
2847 5468 3142 5538 ApOStolus
3186 5454 3692 5537 “,-mtnulationem

424 5563 564 5631 ὓπερ
603 5562 713 5616 τῶν
744 5564 1229 5631 πεπολιτευμένων
1257 5562 1419 5629 δῆθεν
1467 5560 1868 5629 ἀνθιστάμενον
1907 5557 1997 5612 νό-

2109 5561 2362 5625 habcbat,
2392 5561 2485 5615 sed
2531 5575 2639 5613 non
2677 5561 2976 5615 secundum
3005 5558 3324 5619 scientiam;
3363 5555 3506 5626 quod
3538 5552 3698 5607 nimi-

428 5667 581 5723 μων⁶
623 5652 786 5707 τοῦτο
818 5654 896 5719 δὲ,
956 5655 1319 5725 μηδεπώποτε
1373 5653 1832 5721 πεπολιτευμένα,
1875 5651 2000 5722 μηδ’

2111 5667 2231 5705 rum
2263 5660 2454 5710 earum
2498 5651 2675 5720 legum
2711 5650 3085 5706 defensionem
3141 5648 3524 5716 susciperent,
3576 5660 3700 5712 qua:

424 5744 557 5798 ὠσὶν
582 5746 919 5816 ἠκουσμένα,
981 5746 1172 5815 μηδενὶ
1218 5746 1273 5799 δὲ
1305 5746 1415 5799 τῶν
1466 5745 1526 5811 ἐξ
1576 5745 1772 5808 αἰῶνος
1800 5745 1889 5799 διὰ
1942 5738 2011 5798 ἰδ’

2110 5744 2377 5798 hactenus
2408 5743 2718 5811 viguerant,
2752 5756 2954 5812 easque
2974 5738 3182 5796 'vcllcut
3213 5736 3516 5799 incolumes
3547 5750 3562 5788 :
3593 5735 3697 5788 hoc

498 5928 548 5963 ⁷⁸
577 5926 753 5983 Galat.
798 5941 854 5991 ν,
895 5924 979 5978 12.
1023 5926 1100 5960 ·“⁷³
1131 5927 1175 5982 ll
1195 5928 1321 5984 Cor.
1346 5944 1420 5995 vt,
1455 5928 1536 5982 l3.
1616 5927 1659 5958 9°
1693 5925 1879 5981 )lattlt.
1914 5941 1983 5989 v1,
2025 5924 2073 5977 7.

968 5964 979 5977 .
1023 5926 1100 5960 -"’
1131 5927 1175 5982 ll
1195 5928 1321 5984 Cor.
1346 5944 1420 5995 vt,
1455 5928 1536 5982 l3.
1616 5927 1659 5958 9°
1693 5925 1879 5981 )lattlt.
1914 5941 1983 5989 v1,
2025 5924 2073 5977 7.
2152 5923 2195 5956 δι
2226 5921 2382 5979 Rom.
2427 5939 2482 5989 κ,
2521 5904 2582 5976 ἓξ
