4088 6478
382 550 489 616 Ἷ33

1148 551 1337 613 PALA
1352 532 1786 614 MITICARUM
1820 551 2578 617 TBANSGRESSIONUM
2614 557 2873 619 LIBER.
2972 568 2977 573 ’

3540 560 3663 627 ’Ῑ3ι

380 671 505 741 ρίαν
539 666 1028 738 ἐπαγγελλόμενοι,
1053 668 1208 723 αὐτοὶ
1250 669 1430 722 δοῦλοι
1476 670 1815 741 ὑπάρχοντες
1862 671 1940 740 τῆ‹

2067 667 2416 735 pollicentur,
2439 684 2563 726 cum
2593 670 2696 743 ipsi
2718 671 2859 726 servi
2880 668 2990 727 sint
3018 666 3416 744 corruptionis.
3452 681 3495 732 Α
3519 695 3636 748 quo

380 764 612 834 φθορᾶς.
638 755 708 829 Ὦ
740 762 875 832 γάρ·
901 778 987 823 τις
1034 762 1288 832 ἥττηται,
1331 761 1504 829 τούτῳ
1547 763 1644 815 καὶ
1701 761 1940 815 δεδούλω

2061 759 2204 814 enim
2222 760 2345 830 quis
2360 769 2646 831 superatus
2663 773 2764 828 esu
2786 762 2862 817 illi
2879 769 2934 817 et
2951 777 3143 820 servus
3160 765 3411 823 addictus
3426 778 3511 825 est
3531 770 3599 826 ⁸⁸.
3618 789 3639 821 ι

378 870 491 907 ται.
519 871 539 904 ι
576 851 853 921 Πρὶῦηλον
884 850 1065 904 τοίνυν
1102 850 1177 914 ὡς
1225 851 1322 903 καὶ
1375 853 1518 905 κατὰ
1567 852 1635 905 τὰ
1674 851 1959 921 ἀμφότερα

375 942 455 997 διγ
485 941 643 1014 ὄχλου
692 944 806 1008 τοῖς
837 941 1054 1007 πολλοῖς
1103 942 1153 995 οί
1196 942 1509 1012 Παλαμῖται
1564 942 1954 999 καθίστανται·

373 1035 499 1097 τοὺς
525 1037 631 1105 γάρ
662 1035 740 1103 μὴ
772 1033 1133 1103 πειθομένους
1170 1034 1449 1099 δελεάζειν
1485 1035 1854 1105 ἐπιχειροῦσιν
1900 1036 1958 1088 ἐν

376 1128 701 1198 ἐπιθυμίαις
739 1127 962 1195 σαρκὸς,
995 1127 1366 1198 ἀρχαιρεσίας
1414 1126 1955 1198 καθυπισχνούμενοι

376 1224 470 1277 καὶ
506 1222 677 1275 τᾶλλα
706 1221 994 1291 παρέξειν,
1030 1221 1097 1291 ἢν
1128 1220 1327 1284 αὐτοὺς
1356 1221 1743 1288 ἐπαγάγωνται
1773 1236 1788 1252 ⁸
1825 1221 1958 1285 τοὺς

373 1317 430 1371 δὲ
475 1315 575 1383 τῆς
617 1313 831 1385 πλάνης
860 1312 1043 1366 αὐτῶν
1070 1314 1483 1382 μετεσχηκότας
1507 1312 1701 1379 ἄφεσιν
1731 1313 1957 1381 σχήσειν

373 1406 824 1476 ἐπαγγέλλονται,
871 1407 921 1458 εί
983 1405 1079 1459 καὶ
1134 1403 1201 1458 τά
1248 1403 1497 1473 χείριστα
1555 1404 1949 1474 πλημμελοῖεν.

372 1500 558 1554 Δοῦλοι
588 1499 794 1570 φθορᾶς
821 1498 950 1568 άρα,
994 1497 1087 1550 καὶ
1108 1496 1210 1550 οὐκ
1253 1494 1577 1565 Ἑκκλησίας
1616 1497 1749 1550 υἱοί.

449 1593 572 1646 Ἔτι
609 1592 636 1643 ὁ
674 1592 848 1661 μέγας
891 1587 1028 1660 φησὶ
1083 1587 1389 1652 Βασίλειος,
1428 1607 1449 1640 ι
1496 1578 1835 1658 Διωκόμενός
1867 1602 1964 1653 τις

375 1684 525 1756 παρὰ
552 1683 660 1738 τῶν
677 1682 977 1737 δοκούντων
1005 1681 1318 1752 ἁμοπίστων
1346 1680 1532 1734 ἕνεκεν
1558 1680 1651 1733 τοῦ
1680 1679 1842 1751 ὀρθοὖ
1868 1681 1954 1735 λό-

369 1794 488 1846 γου,
517 1775 740 1845 μείζονα
785 1773 1051 1841 στέφανον
1087 1770 1203 1842 ἔχει
1246 1769 1342 1825 τοῦ
1378 1769 1786 1841 μαρτυροῦντος
1818 1771 1951 1842 παρ’

366 1864 783 1934 είδωλολάτρου.
817 1882 836 1917 ι
872 1861 1205 1932 Τηλικοῦτον
1230 1860 1338 1928 ἄρα
1369 1863 1461 1912 τὸν
1491 1859 1755 1927 στέφανον
1776 1861 1803 1912 ὁ
1827 1860 1954 1912 διω-

364 1961 595 2030 κόμενος
624 1957 739 2023 ἕξει
764 1972 779 1988 ·
824 1953 1216 2028 εἰδωλολάτρου
1250 1951 1296 2004 δ’
1322 1951 1484 2022 ἔργον
1506 1951 1625 2022 ⁵καὶ
1669 1951 1862 2022 κλῆσιν
1896 1954 1947 2008 οί

361 2053 552 2110 τοῦτον
581 2047 872 2112 διώκοντες
902 2047 1144 2119 λάχοιεν.

438 2326 559 2379 Ἔτι
598 2325 626 2377 ὁ
676 2321 942 2389 Θεολόγος
984 2319 1120 2388 φησὶ
1171 2317 1493 2388 Γρηγόριος,
1542 2333 1561 2367 ι
1600 2314 1673 2369 Τδ
1715 2312 1937 2369 διώκειν

362 2415 691 2489 Χριστιανὸν
715 2414 1078 2485 Χριστιανοὺς
1104 2409 1266 2465 ἄθεον
1287 2426 1301 2441 ·
1332 2408 1655 2470 άθετοῦντος
1682 2409 1792 2478 γάρ
1817 2410 1935 2463 ἐστι

361 2510 454 2563 τὸν
484 2509 721 2580 Χριστὸν
753 2506 810 2560 τὸ
843 2506 1060 2560 διώκειν
1099 2504 1227 2567 τοὺς
1254 2501 1350 2555 τοῦ
1379 2501 1642 2571 Χριστοῦ.
1687 2523 1706 2555 ι
1751 2503 1933 2574 Πάντη

364 2619 470 2656 που
502 2601 680 2654 τοίνυν
704 2598 865 2669 δῆλον
880 2596 961 2663 ὼς
994 2597 1042 2649 οἱ
1074 2595 1389 2664 Παλαμῖται
1418 2595 1784 2664 Χριστιανοὺς
1811 2595 1937 2650 διώ-

363 2709 482 2747 κειν
512 2686 779 2760 ἑλόμενοι,
811 2687 962 2757 άθεοί
986 2688 1047 2740 τέ
1077 2685 1183 2739 είσι
1209 2684 1304 2739 καὶ
1329 2688 1419 2740 τὸν
1446 2685 1685 2756 Χριστὸν
1709 2686 1937 2742 ἀθετοῦο

363 2795 467 2831 σιν.

438 2871 560 2924 Ἔτι
580 2870 609 2924 ὀ
635 2867 776 2931 θεῖός
804 2883 938 2939 φησι
962 2867 1374 2938 Χρυσὸοτομος·
1410 2885 1431 2920 σ
1468 2866 1624 2938 Ἐμοὶ
1654 2869 1764 2941 γάρ
1784 2869 1937 2925 ἔστιν

358 2963 480 3027 ἔθος
505 2961 822 3027 διώκεσθαι,
854 2961 950 3014 καὶ
976 2962 1050 3027 μὴ
1082 2960 1303 3014 διώκειν
1326 2978 1340 2994 ο
1370 2960 1826 3027 ὲλαύνεσθαι,καὶ
1857 2964 1932 3034 μὴ

356 3055 545 3109 ὲλαύνε
557 3070 625 3108 ιν.
657 3052 816 3106 Οῦτω
847 3052 941 3105 καὶ
963 3054 989 3106 ὁ
1011 3053 1247 3121 Χριστὸς
1278 3053 1649 3123 περιεγένετο,
1677 3054 1738 3107 οὐ
1767 3070 1937 3108 σταυο

361 3146 564 3216 ρὼσας,
601 3144 738 3197 ἀλλὰ
775 3143 1142 3213 σταυρωθείς·
1197 3143 1258 3195 οὐ
1297 3144 1556 3214 ῥαπίσας,
1594 3145 1732 3200 ἀλλὰ
1767 3148 1934 3215 ῥαπι-

360 3236 509 3300 σθείς
531 3251 546 3267 ο
571 3236 664 3289 καὶ
693 3234 799 3305 γὰρ
825 3234 1124 3303 δυνάμενος
1155 3234 1418 3305 κεραυνὸν
1445 3236 1688 3304 ἀφεῖναι,
1712 3238 1812 3292 καὶ
1833 3238 1934 3306 τὴν

355 3326 462 3395 γῆν
503 3329 701 3391 σεῖσαι,
732 3326 827 3379 καὶ
856 3325 956 3397 τὴν
990 3328 1148 3397 χεῖρα
1197 3326 1292 3381 τοῦ
1326 3326 1512 3380 δούλου
1547 3328 1805 3400 ξηρᾶναι,
1840 3333 1932 3385 οὐ·
1961 3363 2006 3421 C

251 3460 259 3467 .
353 3420 442 3473 δέν
488 3420 695 3472 τούτων
751 3417 1046 3486 ἐποίησεν·
1079 3417 1214 3472 ἀλλὰ
1262 3422 1534 3493 πραότητι
1571 3422 1932 3491 περιγίνεται,

357 3507 417 3561 σὲ
462 3507 734 3562 παιδεύων
772 3506 1049 3578 μηδέποτε
1084 3508 1436 3576 ἀγανακτεῖν.
1479 3529 1498 3562 ι
1560 3510 1702 3564 Ἀλλ’
1739 3513 1790 3565 οἱ
1822 3513 1937 3566 Πα-

356 3598 577 3669 λαμίται
605 3599 696 3653 τὸν
739 3598 986 3654 ἐναντίον
1030 3599 1238 3654 εἵλοντο
1282 3601 1378 3655 καὶ
1420 3601 1516 3655 τοῦ
1554 3602 1795 3672 Χριστοῦ
1840 3605 1937 3656 καὶ

357 3691 467 3742 τῶν
492 3692 665 3758 ἁγίων
697 3693 917 3762 τρόπον,
949 3692 1263 3757 διώκοντες,
1303 3692 1642 3759 ἐλαύνοντες,
1671 3696 1934 3766 ῥαπίζον-

356 3796 451 3842 τες
484 3782 867 3851 σταυροῦντες,
897 3786 1126 3856 εἰτύχοι
1146 3802 1160 3818 ο
1195 3787 1295 3840 οὐκ
1335 3787 1445 3856 ἄρα
1479 3788 1667 3841 λοιπὸν
1699 3788 1844 3843 κατὰ
1874 3791 1935 3843 τὸ

354 3868 479 3931 ἔθος
502 3871 741 3941 Χριστοῦ
775 3873 998 3927 καὶτῶν
1032 3878 1126 3929 τοῦ
1159 3876 1402 3945 Χριστοῦ
1434 3877 1535 3947 τὴν
1574 3877 1740 3946 φύσιν
1765 3879 1936 3950 ἠσκή-

355 3977 537 4016 κασιν.
565 3960 774 4017 υῦκουν
799 3980 863 4033 γε
883 3964 1068 4020 λοιπὸν
1093 3966 1203 4020 οὐδ’
1240 3966 1538 4040 Ἐκκλησία
1567 3968 1807 4038 Χριστοῦ
1839 3987 1935 4023 πε-

353 4068 587 4121 φυκασπ

977 4171 1229 4228 ΚΕΦΑΔ.
1272 4174 1329 4230 1¹.

352 4279 421 4336 El
444 4281 582 4349 ἁγία
611 4282 718 4363 τοῦ
737 4283 924 4363 ’Θεοῦ
961 4285 1136 4363 eam:
1167 4290 1520 4363 Ἐκκλησία,
1542 4296 1581 4363 ἠ
1627 4294 1930 4363 διαθηκῶν

420 4353 875 4438 κατατολμῷᾳα,
913 4356 1013 4438 καὶ
1056 4355 1177 4411 τῶν
1204 4353 1656 4438 θείωνξῼᾴνδρῶν
1672 4353 1930 4438 νεκροὺς

420 4421 690 4491 ἀτάφους
729 4424 1004 4495 ἐῤῥίφθαι
1030 4421 1602 4497 παρασκευάζουοῖα.

434 4512 873 4580 Ἐπεκτείνοντες
913 4518 969 4573 δὲ
1010 4523 1140 4585 τοὺς
1173 4523 1276 4593 τῆς
1314 4526 1515 4591 κακίας
1548 4529 1753 4602 ταύτης
1792 4548 1928 4603 καρ-

350 4604 511 4670 ποὺς,
551 4606 646 4659 καὶ
676 4607 869 4677 στῆναί
893 4626 969 4679 πη
997 4612 1209 4676 τούτοις
1234 4614 1462 4688 μηδαμῆ
1492 4620 1922 4692 συγχωροῦντες,

2061 848 2245 905 Palam
2278 852 2443 922 igitur
2467 861 2576 921 est,
2603 862 2657 909 et
2684 853 2977 913 Palamitas
3011 859 3275 928 utrinque
3309 861 3496 917 multis
3526 878 3625 917 tuo

2063 942 2229 998 lestos
2264 958 2388 1001 esse
2417 959 2481 1000 ac
2542 948 2862 1006 obtundere.
2919 950 3031 1007 Eos
3083 953 3228 1006 enim
3279 954 3372 1022 qui
3431 970 3635 1009 morem

2058 1047 2171 1087 non
2200 1045 2407 1104 gerant,
2440 1037 2697 1105 pellicere
2746 1050 3020 1096 conantur
3069 1043 3122 1096 in
3177 1045 3639 1108 concupiscentiis

2060 1117 2265 1193 carnis,
2298 1144 2524 1185 munera
2557 1131 2894 1199 pollicentes,
2922 1135 3139 1204 aliaque
3194 1137 3541 1206 prmbituros,
3592 1139 3637 1193 si

2062 1217 2223 1271 modo
2256 1218 2309 1273 in
2342 1221 2668 1276 sententiam
2725 1225 3014 1280 traxcrint.
3051 1225 3147 1281 His
3183 1244 3312 1281 vero
3349 1229 3439 1296 qui
3481 1245 3638 1284 erro-

2058 1308 2139 1362 ris
2164 1307 2271 1364 illis
2299 1311 2433 1365 socii
2463 1313 2591 1373 sint,
2622 1315 3003 1370 remissionem
3072 1317 3418 1386 pollicentur,
3459 1337 3636 1390 quan-

2059 1400 2256 1454 tumvis
2279 1403 2516 1469 pessima
2543 1404 2889 1473 deliquerint.
2921 1406 3297 1478 Corruptionis
3340 1424 3470 1480 ergo
3510 1417 3638 1464 sunt

2054 1488 2218 1552 servi,
2254 1506 2363 1545 non
2394 1490 2649 1548 Ecclesiae
2700 1494 2819 1551 lilii.

2123 1581 2201 1636 Ad
2232 1581 2348 1638 haec
2375 1586 2451 1637 ait
2486 1600 2715 1656 magnus
2749 1586 2980 1641 Basilius
3011 1604 3025 1641 :
3121 1586 3182 1642 Si
3204 1589 3317 1659 quis
3345 1589 3635 1656 persecuti-

2058 1689 2205 1727 onem
2244 1676 2468 1742 patitur,
2492 1675 2556 1730 ab
2589 1678 2654 1731 iis
2689 1679 2779 1748 qui
2815 1678 3051 1741 eiusdem
3081 1696 3142 1732 ac
3166 1681 3255 1735 ille
3285 1680 3410 1749 ﬁdei
3450 1682 3635 1735 videns
3738 1740 3745 1749 ,

2053 1777 2162 1830 tur,
2192 1765 2256 1818 ob
2280 1774 2476 1821 rectam
2497 1768 2652 1836 ﬁdem
2682 1780 2839 1838 atque
2873 1770 3200 1837 doctrinam,
3236 1772 3279 1826 is
3340 1773 3635 1827 illustriore

2050 1856 2328 1912 donandus
2359 1876 2554 1914 corona
2589 1870 2686 1924 est,
2718 1878 2882 1932 quant
2918 1863 3011 1928 qui
3066 1865 3307 1917 saeviente
3369 1864 3634 1919 idolorum

2051 1948 2256 2003 cultore
2287 1952 2605 2021 martyrium
2636 1951 2788 2020 facit.
2902 1951 3017 2007 Tali
3063 1953 3230 2022 igitur
3291 1968 3494 2010 comma
3536 1957 3635 2009 do-

1983 2027 2277 2096 Bnandus
2347 2043 2443 2112 qui
2505 2044 2941 2119 persecutionem
2999 2046 3278 2115 patiatur;
3335 2047 3673 2104 idololatrre.

2043 2143 2176 2184 vero
2219 2146 2333 2185 rem
2364 2147 2676 2204 nomenque
2740 2136 3063 2204 sortiantur,
3110 2137 3203 2208 qui
3248 2138 3394 2194 hunc
3443 2155 3632 2209 perse-

2039 2227 2304 2289 quuntur.
2959 2286 2971 2295 _

2109 2312 2238 2370 Item
2298 2316 2375 2371 ait
2427 2315 2724 2388 Gregorius
2770 2316 3082 2391 Theologus
3117 2337 3133 2377 :
3171 2322 3402 2392 Impium
3438 2331 3513 2377 est
3573 2333 3631 2377 ut

2039 2405 2330 2464 Christiani
2358 2408 2681 2467 Christianos
2725 2426 3123 2484 persequantur.
3181 2414 3311 2486 Ejus
3366 2416 3504 2469 enim
3550 2424 3633 2471 es!

2036 2501 2125 2577 qui
2194 2499 2458 2556 Christum
2498 2514 2733 2573 spernat,
2768 2521 2855 2559 eos
2932 2508 3167 2576 persequi
3202 2507 3290 2577 qui
3325 2516 3444 2561 sunt
3485 2505 3632 2560 Chri-

2037 2575 2130 2645 sti.
2183 2589 2419 2647 Omnino
2488 2593 2653 2663 igitur
2724 2575 3096 2652 manifestum,
3137 2575 3241 2660 est,
3316 2596 3631 2665 Palamitas,

2036 2681 2235 2750 quibus
2271 2683 2627 2738 constitutum
2659 2688 2730 2738 sit
2781 2696 2843 2741 ut
2885 2686 3228 2743 Christianos
3280 2701 3623 2758 persequan:

2038 2780 2144 2837 tur,
2176 2772 2369 2843 impios
2392 2788 2514 2829 esse
2538 2791 2603 2831 ac
2631 2776 2908 2832 Christum
2935 2793 3217 2849 spernere.

2106 2862 2386 2919 Po~trcmo
2435 2866 2513 2920 ait
2561 2867 2716 2922 divus
2766 2868 3248 2940 Chrysostomus:
3294 2868 3429 2925 Alibi
3485 2871 3626 2925 enim

2036 2951 2200 3004 moris
2239 2959 2315 3005 est
2355 2957 2777 3020 persecutionem
2825 2958 2966 3026 pati,
3020 2973 3123 3010 non
3165 2957 3362 3025 facere,
3419 2957 3622 3029 fugari,

2036 3059 2142 3097 non
2197 3060 2318 3098 rero
2367 3044 2576 3116 fugare.
2635 3046 2726 3104 Sic
2783 3059 2835 3104 et
2882 3050 3127 3105 Christus
3168 3051 3334 3104 uictor
3374 3051 3623 3115 exstitit;

2036 3149 2142 3188 non
2177 3135 2268 3196 qui
2289 3134 2401 3203 ipse
2430 3136 2486 3188 in
2514 3152 2718 3192 crucem
2739 3141 2921 3211 egerit,
2951 3141 3039 3194 sed
3097 3140 3188 3211 qui
3240 3148 3392 3194 actus
3420 3141 3476 3194 in
3504 3156 3628 3194 cru‘

2036 3246 2147 3284 rem
2162 3231 2270 3284 sit:
2314 3248 2419 3287 non
2443 3234 2535 3304 qui
2564 3235 2751 3300 alapas
2780 3237 3005 3297 dederit,
3043 3234 3135 3289 sed
3207 3234 3292 3304 qui
3340 3234 3621 3303 acceperit.

2037 3321 2247 3377 Etenim
2277 3341 2395 3379 cum
2423 3327 2629 3394 fulmen
2651 3326 2858 3381 vibrare
2883 3313 3060 3392 posset
3087 3341 3150 3378 ac
3180 3334 3376 3378 terram
3427 3340 3620 3378 concu-

2039 3422 2166 3479 tere,
2197 3425 2355 3486 atque
2417 3419 2559 3473 serui
2608 3435 2825 3471 manum
2875 3418 3144 3485 arefacere
3177 3458 3194 3484 ,
3242 3415 3377 3470 nihil
3430 3420 3619 3470 horum

2036 3507 2159 3576 fecit
2191 3525 2206 3573 ;
2239 3510 2329 3563 sed
2359 3509 2574 3564 lenitate
2605 3510 2787 3571 vincit,
2823 3509 3068 3562 erudiens
3097 3517 3144 3562 te
3171 3503 3446 3578 nequando
3480 3524 3619 3578 a’gre

2035 3598 2177 3668 feras
2217 3617 2281 3655 ac
2308 3602 2621 3670 indigneris.
2653 3603 2723 3655 At
2772 3599 3055 3655 Palamita:
3106 3601 3414 3656 contrarios
3465 3600 3623 3656 Chri-

2034 3695 2120 3740 sto
2152 3690 2461 3758 sanctisquc
2516 3705 2694 3743 mores
2761 3689 3024 3754 inierunt,
3071 3699 3135 3743 ut
3199 3699 3619 3757 persequantur,

2036 3775 2335 3845 fugentque
2365 3787 2418 3832 et
2439 3778 2672 3840 caedant,
2712 3791 2796 3841 ac,
2856 3776 2901 3829 si
2928 3792 3014 3830 res
3074 3775 3233 3835 lerat,
3285 3773 3342 3829 in
3400 3789 3619 3830 crucem

2034 3872 2221 3929 agant.
2256 3863 2371 3920 Non
2401 3880 2530 3936 ergo
2558 3866 2692 3933 jam,
2722 3881 2787 3920 ex
2808 3862 3009 3919 Christi
3036 3863 3195 3933 genio
3221 3871 3275 3918 et
3296 3877 3482 3916 eorum
3525 3863 3618 3930 qui

2033 3955 2234 4010 Christi
2269 3965 2417 4017 sunt,
2480 3955 2717 4011 indolem
2766 3956 3080 4012 coluerunt.
3129 3953 3237 4008 Nec
3284 3953 3396 4024 jam
3455 3953 3620 4024 igitur

2031 4046 2235 4102 Christi
2271 4045 2514 4104 Ecclesia
2549 4056 2697 4102 sunt.

2642 4162 2873 4221 CAPUT
2919 4165 2987 4220 X.

2031 4279 2176 4335 Nam
2211 4292 2394 4337 sancta
2422 4283 2515 4338 Dei
2549 4282 2811 4347 Ecclesia,
2861 4300 2978 4353 quae
3023 4291 3337 4338 testamenta
3382 4281 3623 4344 invadat,

2095 4361 2143 4405 et
2208 4353 2501 4408 divinorum
2549 4356 2782 4409 virorum
2854 4355 3113 4409 cadavera
3174 4354 3436 4410 insepulta
3499 4369 3624 4410 m'o-
3695 4404 3702 4411 .

2086 4421 2263 4491 jiciat.
2292 4493 2300 4500 .
2728 4433 2734 4439 '

2056 4508 2059 4509 ⁷
2101 4514 2372 4584 Augcntes
2402 4530 2530 4570 vero
2553 4515 2717 4584 hujus
2753 4516 2973 4571 malitia:
2998 4515 3229 4581 fructus,
3264 4530 3364 4570 nec
3402 4513 3621 4568 modum

2029 4606 2263 4675 aliquem
2300 4622 2397 4662 eos
2428 4608 2630 4663 habere
2677 4609 2943 4672 sinentes,
2992 4598 3150 4678 quod
3200 4622 3300 4662 nec
3350 4607 3619 4661 idolorum

349 4695 378 4749 ὃ
411 4698 551 4768 μηδὲ
584 4700 698 4763 τοῖς
727 4700 1150 4775 εἰδωλολάτραις
1193 4709 1335 4759 κατὰ
1362 4707 1474 4763 τῶν
1517 4711 1817 4783 μαρτύρων
1847 4732 1935 4768 τε·

2042 4700 2280 4754 cultores
2333 4699 2388 4755 in
2474 4711 2746 4771 martyres
2816 4713 3240 4770 praesumpsere,
3305 4705 3619 4752 sanctorum

350 4786 643 4875 τόλμηται,
681 4789 955 4862 διαθηκῶν
995 4794 1158 4847 ὁσίων
1204 4799 1622 4869 κατορχοῦνται,
1652 4805 1745 4858 καὶ
1775 4804 1933 4875 βεὸη-

351 4874 532 4932 λοῦσιν
560 4879 639 4944 εἰς
668 4881 795 4946 τοὺς
824 4884 931 4936 τῶν
961 4884 1248 4956 μακαρίων
1274 4892 1528 4956 νεκροὺς,
1551 4892 1651 4956 τάς
1677 4874 1785 4963 μὲν
1805 4897 1933 4949 ἀνα-

350 4965 663 5035 τρέποντες,
692 4972 819 5034 τοὺς
847 4971 892 5022 δ’
918 4973 1163 5042 ἀτάφους
1196 4976 1454 5049 ὲῤῥίφθαι
1481 4984 1933 5052 παρασκευάζον-

350 5073 464 5120 τες.
495 5060 704 5130 Δεῖγμα
724 5062 780 5115 δὲ
809 5063 906 5135 τῆς
947 5064 1127 5119 αὐτῶν
1157 5071 1423 5140 αἰσχύνης
1454 5073 1647 5145 ἀνδρὸς
1675 5076 1931 5144 εὐγενοῦς

351 5150 564 5220 νεκρδς,
588 5152 674 5222 ἐφ’
695 5153 824 5223 ὃλην
856 5156 955 5226 τὴν
986 5158 1207 5229 θερινὴν
1236 5162 1453 5231 ἡμέραν
1489 5167 1566 5237 μὴ
1611 5168 1930 5238 συγχωρού-

354 5256 512 5306 μενος
537 5241 636 5317 τὴν
677 5244 779 5314 τῆς
827 5246 1062 5319 ἀρχαίας
1094 5251 1457 5320 ἀποφάνσεως
1506 5254 1768 5328 ὑποσχεῖν
1811 5262 1930 5314 πεῖ-

351 5345 471 5399 ραν.
1863 5403 1873 5411 .

423 5424 566 5496 Πρὸς
598 5427 808 5493 τούτοις
854 5431 911 5484 δὲ
960 5433 1051 5485 καὶ
1098 5434 1159 5488 τὸ
1215 5436 1531 5505 θαυμαστὸν
1562 5440 1740 5494 ἐκεῖνο
1769 5436 1930 5511 σῶμα

348 5515 441 5569 τοῦ
489 5519 731 5587 μεγάλου
767 5521 869 5590 τῆς
919 5525 1182 5594 ἀληθείας
1230 5531 1472 5599 κήρυκος
1505 5535 1840 5604 παιζόμενόν
1870 5553 1930 5589 τε

348 5611 445 5698 καὶ
466 5614 902 5682 περιφερόμενον
928 5616 1014 5685 ἐφ’
1051 5620 1236 5673 ἱκανόν
1259 5608 1281 5652 ”
1303 5623 1399 5676 καὶ
1426 5623 1587 5678 τοῦτο
1620 5627 1719 5695 μὲν
1755 5629 1814 5681 ὲν
1841 5646 1933 5698 φιο

348 5696 599 5768 λοσὸφοις
629 5702 799 5765 ὄντος,
826 5699 940 5767 οἷος
965 5707 1140 5772 οὐδεὶς
1163 5713 1221 5763 ἐν
1242 5713 1425 5782 αύτοτς
1451 5714 1929 5790 θαυμασιώτερος*

347 5788 513 5844 τοῦτο
539 5792 584 5846 δ’
607 5797 665 5847 ὲν
703 5796 995 5866 ἀσκηταῖς,
1026 5794 1137 5866 οἷος
1161 5803 1339 5871 οὐδεὶς
1367 5805 1560 5879 ἕτερος
1587 5811 1932 5866 σπουδαιότε-

427 5970 472 6003 ⁸³
519 5970 565 6026 ιι
592 5970 734 6027 Pelr.
777 5988 837 6037 ιι,
880 5972 964 6030 i8.

2038 4789 2376 4845 testamentis
2438 4791 2721 4851 insultant,
2756 4807 2819 4846 ac
2851 4791 3133 4845 beatorum
3165 4788 3407 4843 virorum
3459 4787 3623 4843 cada-

2038 4868 2167 4933 uera
2201 4880 2620 4947 contaminant,
2675 4881 2763 4936 illa
2822 4882 3037 4951 quidem
3104 4889 3434 4943 revertentes,
3506 4878 3621 4933 haec

2039 4986 2172 5025 vero
2204 4970 2473 5041 insepulta
2530 4972 2906 5040 projicientes.
2966 4969 3211 5037 Quorum
3260 4969 3448 5041 probri
3498 4979 3620 5024 esto
3665 5024 3669 5028 _

2042 5066 2312 5135 specimen
2367 5068 2472 5122 viri
2501 5067 2719 5139 ingenui
2758 5067 3015 5132 cadaver,
3046 5082 3140 5138 per
3191 5066 3332 5122 diem
3396 5081 3616 5121 omnem

2037 5154 2311 5235 aestivum,
2343 5161 2678 5232 insepultum
2706 5163 2994 5230 iactatum,
3025 5178 3120 5215 ncc
3146 5159 3285 5229 ejus,
3335 5162 3421 5215 cui
3452 5159 3620 5216 veleri

2037 5252 2312 5308 sententia
2377 5254 2654 5311 obnoxius
2713 5263 2819 5321 est,
2880 5257 3210 5324 permissum
3264 5254 3446 5310 facere
3521 5269 3621 5324 pe-

2038 5340 2292 5397 riculum.

2105 5432 2186 5486 Ad
2224 5434 2339 5490 haec
2369 5453 2497 5492 vero
2535 5438 2920 5494 admirandum
2978 5439 3110 5494 illud
3154 5437 3332 5508 magni
3380 5433 3619 5490 veritatis

2036 5528 2304 5595 pra-conis
2342 5529 2595 5588 cadaver.
2623 5531 2714 5585 diu
2760 5531 3105 5601 multumque
3160 5528 3395 5583 ludibrio
3463 5526 3621 5580 habi-

2035 5624 2151 5673 tum
2180 5636 2242 5675 ac
2270 5623 2650 5678 circumlatum
2685 5641 2700 5692 ;
2729 5623 2892 5694 idque
2913 5625 3048 5679 adeo
3072 5639 3195 5679 eum
3255 5620 3615 5691 philosophus

2034 5725 2202 5781 esset,
2232 5716 2413 5784 qualis
2449 5731 2611 5771 nemo
2638 5716 2781 5770 inter
2811 5716 2934 5772 illos
2967 5717 3225 5786 majorem
3278 5723 3470 5766 nactus
3538 5720 3621 5766 cst

2033 5811 2452 5867 admirationem
2482 5827 2497 5873 ;
2537 5811 2680 5866 inter
2709 5821 3029 5867 exercentes
3060 5807 3315 5879 rcligiosa
3342 5805 3615 5878 palmstru,
3666 5797 3670 5801 ’
