4088 6418
451 378 559 440 73⁷5

1601 381 1925 442 ῙΟΛΝἺῙΞ
1972 383 2153 441 (ΖΥΡΛ
2167 380 2544 440 RiSSltiT‘E

3598 378 3728 443 736‘-

451 493 633 559 qnalis
655 506 814 546 nemo
845 493 1034 560 majori
1087 489 1372 549 sedulitate
1434 509 1537 565 pro
1597 498 1800 566 pietate
1858 497 2025 552 desu-

2138 511 2262 564 ρος⁶
2302 491 2462 548 τοῦτο
2495 497 2542 550 δ’
2593 499 2653 549 ἐν
2712 497 2823 557 τοῖς
2874 495 3014 564 ὑπὲρ
3067 491 3347 555 εὐσεϐείας
3397 495 3572 563 ἀγῶσι
3615 498 3729 550 καὶ·

449 585 643 638 dandis
675 584 976 651 laboribus,
1013 585 1420 654 piratarumqne
1449 601 1513 642 ac
1541 589 1854 657 prmdonnm
1905 590 2023 642 vel-

454 675 800 730 ticationibus
858 686 914 730 et
966 676 1272 732 maledictis
1328 693 1393 732 ac
1448 679 1787 743 carceribus,
1845 680 2025 749 qualis

450 781 611 818 nemo
665 765 859 830 majori
937 769 1240 824 tnlerantia-
1279 770 1332 824 in
1385 771 1686 837 omnibus;
1732 770 2023 841 Nicephori

449 856 660 911 scilicet
684 859 990 913 admirandi
1027 860 1300 931 Gregorm,
1346 877 1411 917 ac
1441 862 1576 917 nihil
1607 862 1754 916 aliud
1797 871 2026 931 utraque

453 949 870 1015 appellationea
907 949 1016 1005 Deo
1087 953 1466 1021 prtejudicium
1526 953 2026 1022 indicationemque

452 1040 724 1104 habentis,
758 1057 918 1109 quam
951 1043 1019 1098 ab
1050 1044 1286 1100 inimicis
1334 1046 1587 1102 veritatis
1643 1046 1786 1118 vigili
1847 1057 2029 1100 mente

450 1126 704 1182 victorias
735 1140 898 1198 atque
962 1133 1269 1203 triumphos
1305 1135 1647 1190 sublaturum
1665 1151 1826 1192 esse,

521 1213 598 1266 Ad
635 1215 750 1270 haec
782 1217 893 1282 ipse
936 1221 1144 1286 pariter
1195 1222 1390 1276 horum
1445 1226 1600 1279 testis
1646 1225 1866 1279 accedat
1915 1241 2036 1279 ma-

451 1321 590 1374 guns
615 1307 1099 1378 illesapientiaquc
1127 1327 1188 1366 ac
1220 1315 1418 1368 virtute
1437 1317 1772 1372 admirabilis
1788 1319 2029 1388 lgnatius

455 1396 696 1466 nihilque
751 1401 851 1453 hac
899 1400 950 1452 in
997 1413 1148 1469 parte
1199 1403 1272 1458 illi
1331 1405 1576 1470 inferior,
1615 1407 1705 1477 qui
1733 1410 1860 1463 ait:
1924 1405 2023 1462 Ze-

455 1485 597 1538 lalus
657 1505 776 1542 sum
821 1507 975 1555 super
1030 1494 1262 1562 iniquas,
1325 1513 1502 1566 pacem
1560 1513 1890 1568 peccatorum
1953 1503 2002 1556 υἱ

451 1581 575 1630 deus
606 1580 672 1633 ".
711 1582 773 1634 Et
805 1600 820 1635 :
873 1583 1029 1638 Odit'i
1058 1587 1332 1642 ecclesiam
1377 1592 1781 1662 malignantium
1814 1596 1879 1650 ⁸⁷.
1917 1596 1984 1649 Ει
2014 1615 2029 1650 :

453 1666 696 1737 Perfecto
755 1673 874 1726 odio
933 1675 1147 1731 oderam
1222 1681 1341 1734 illo:
1393 1700 1406 1736 :
1464 1684 1663 1739 inimici
1735 1687 1868 1755 [acti
1908 1697 2032 1740 sunt

451 1757 582 1810 mihi
624 1759 709 1814 ⁸⁸ι
746 1763 848 1817 sub
905 1766 1028 1818 vitae
1096 1768 1256 1836 hujus
1330 1771 1592 1829 curriculi
1659 1774 1866 1836 ﬁnem,
1909 1786 2031 1846 post

2124 590 2234 646 τοῖς

2309 588 2418 641 ἀπὸ
2484 588 2592 640 τῶν
2686 585 2965 656 πειρατῶν
3060 585 3540 655 προπηλακισμοῖς
3616 589 3710 640 καὶ

2131 678 2427 749 λονδορίαις
2490 679 2585 730 καὶ
2643 677 2994 747 καθείρξεσιν
3050 673 3162 740 οἷος
3212 677 3385 737 οὐδεὶς
3437 677 3597 740 ἄλλος
3653 680 3724 730 ἐν

2129 770 2299 821 ἅπασι
2329 765 2802 836 καρτερικὼτερος
2827 783 2842 796 °
2888 766 3226 834 Νικηφόρον,
3256 767 3423 832 φημὶ,
3450 765 3546 817 τοῦ
3583 767 3712 818 θαυ-

2133 859 2342 930 μαστοῦ
2373 861 2654 930 Γρηγορᾶ,
2705 859 2799 912 καὶ
2849 859 3016 926 μηδὲν
3046 859 3233 924 ἓτερον
3279 858 3339 921 ἐξ
3377 859 3711 926 ἀμφοτέρων

2126 954 2234 1006 τῶν
2264 952 2514 1022 κλήσεων
2547 953 2672 1018 περὶ
2705 949 2874 1004 αὑτοῦ
2899 949 2994 1001 τοῦ
3029 949 3170 1000 Θεοῦ
3191 949 3558 1018 δηλώσαντος,
3592 949 3732 1001 ἀλλ”

2130 1043 2162 1111 ἢ
2196 1042 2352 1103 νίκας
2386 1043 2444 1094 ἐν
2477 1041 2805 1110 ἐγρηγορότι
2840 1037 2924 1109 τῷΔ
2943 1039 3018 1108 νῷ
3039 1037 3179 1090 κατὰ
3201 1037 3312 1091 τῶν
3331 1039 3431 1108 τῆς
3452 1037 3707 1107 ἀληθείας

2129 1135 2339 1204 ἐχθρῶν
2370 1134 2644 1204 ἄρασθαι..

2206 1227 2602 1295 Συμμαρτυρεῖ
2644 1223 2690 1277 δ’
2731 1223 2824 1276 ἐπὶ
2871 1222 3084 1285 τούτοις
3116 1223 3212 1275 καὶ
3239 1221 3268 1273 ὁ
3302 1222 3468 1284 πολὺς
3497 1224 3704 1284 ἐκεῖνος

2129 1318 2188 1370 ἐν
2217 1334 2275 1368 τε
2328 1316 2490 1386 σοφία
2526 1315 2622 1370 καὶ⁸
2674 1317 2845 1387 ἀρετῇ
2900 1315 3214 1384 θαυμαστὸς
3277 1313 3555 1382 Ἰγνάτιος,
3613 1316 3704 1366 καὶ

2135 1408 2301 1476 μηδὲν
2329 1407 2424 1460 τοῦ
2456 1409 2585 1477 πρὶν
2612 1409 2657 1459 εί
2668 1409 2893 1477 ρηκότος
2924 1407 3167 1459 ἀποδέων
3194 1407 3250 1458 ὲν
3283 1404 3476 1473 τούτῳ.
3510 1425 3529 1456 ι
3551 1405 3722 1474 Ἐζὴ--

2131 1501 2280 1554 λωσια
2302 1503 2392 1554 ἐπὶ
2411 1505 2522 1562 τοῖς
2539 1500 2784 1571 ἀνόμοις,
2808 1502 3032 1570 είρήνην
3059 1499 3403 1570 ἁμαρτωλῶν
3425 1497 3706 1567 θεωρῶν,›

2132 1591 2301 1657 κα³,,ι
2353 1593 2622 1662 Ἐμίσησα
2673 1591 2969 1661 ἐκκλησίαν
3002 1591 3477 1660 πονηρευομένων,
3521 1604 3540 1639 ι
3587 1587 3701 1646 καὶ,

2138 1701 2156 1734 ι
2200 1683 2421 1735 Τέλειον
2476 1685 2630 1753 μῖσος
2665 1682 2894 1751 ἐμίσουν
2936 1681 3168 1743 αὐτούς·
3201 1683 3282 1744 είς
3329 1680 3560 1750 ἐχθροὺς
3590 1678 3710 1746 ἐγέ-

2135 1773 2288 1827 νοντό
2324 1793 2414 1845 μοι
2441 1792 2455 1806 '
2503 1793 2526 1826 ι
2558 1777 2699 1841 πρὸς
2730 1773 2881 1845 αὐτῷ
2912 1775 2991 1845 τῷ
3029 1776 3170 1828 τέλει
3198 1774 3296 1842 τῆς
3331 1773 3564 1826 ἐνταῦθα
3606 1788 3713 1823 πα-

451 1849 652 1906 multas
690 1865 721 1906 a
776 1861 1224 1922 persecutoribus
1287 1878 1479 1930 graves
1539 1865 1768 1936 injurias
1817 1877 1872 1922 et
1935 1869 2033 1922 de-

2140 1867 2250 1940 ρὼν
2284 1866 2586 1937 διαγωγῆς,
2639 1867 2777 1936 μετά
2815 1866 3018 1929 πολλὰς
3066 1865 3165 1927 τὰς
3211 1866 3276 1917 ἐκ
3309 1863 3418 1915 τῶν
3465 1863 3730 1916 διωκτῶν-

456 1939 889 2011 honestamenta,
949 1963 1307 2022 rareeresque
1351 1963 1407 2009 et
1449 1957 1673 2013 verbera
1701 1999 1716 2023 ,
1749 1974 1779 2014 a
1839 1975 2030 2014 mona-

455 2034 642 2099 sterio,
681 2037 735 2090 in
767 2054 876 2108 quo
903 2043 1152 2108 degwbat,
1193 2047 1516 2115 translatus,
1580 2065 1644 2105 ac
1704 2052 1759 2106 in
1812 2053 2031 2108 occulto

452 2125 667 2180 vivendi
698 2130 853 2184 linem
881 2141 1072 2188 nactus
1105 2136 1231 2206 (εἰς’
1260 2137 1514 2194 nimirum
1569 2144 2034 2199 comminantibus

455 2219 550 2285 qui
585 2219 810 2276 insidias
842 2228 1167 2292 strucrent),
1202 2239 1256 2282 ut
1289 2229 1408 2302 ejus
1436 2231 1770 2300 insepultum
1805 2237 2034 2291 cadaver

455 2311 833 2378 proiiceretur,
867 2325 922 2369 ut
957 2319 1051 2388 qui
1078 2333 1267 2378 revera
1336 2323 1606 2394 pretiosus
1631 2324 1844 2382 Christi
1893 2345 2044 2383 mar-

455 2402 626 2473 gat-ita
664 2414 806 2461 esset
837 2406 906 2464 θ’.

529 2518 686 2573 Mitto
713 2521 896 2578 dicere
929 2523 996 2578 de
1027 2525 1200 2582 beatis
1238 2528 1365 2594 illis,
1422 2531 1748 2587 admirando
1821 2534 2035 2589 scilicet

458 2610 658 2679 Burde,
723 2614 1018 2684 divinaque
1070 2615 1422 2688 Polerianita,
1473 2639 1573 2680 nec
1628 2639 1737 2679 non
1799 2627 2033 2682 mirabili

457 2701 718 2772 Lybdice.
749 2706 818 2759 At
847 2722 1023 2776 neque
1044 2709 1309 2778 plurimos
1357 2713 1659 2785 beatosque
1715 2716 1866 2773 viros
1915 2735 2033 2772 mc-

457 2809 635 2861 moro,
661 2813 916 2867 magnum
937 2801 1294 2872 phitosopliiae
1319 2814 1484 2875 atque
1505 2809 1722 2864 virtutis
1743 2813 2041 2879 praemium-

457 2896 822 2944 eonsecutos:
854 2891 1059 2960 quique
1087 2893 1223 2948 adeo
1275 2895 1592 2965 priusquam
1642 2915 1821 2970 prava
1849 2901 2037 2970 opinio

458 2976 740 3034 licentiam
773 2983 1118 3052 frontemque
1141 2987 1572 3054 nancisceretur,
1607 2993 1794 3048 multis
1837 2995 2037 3062 saepius

458 3067 820 3140 maximisque
852 3072 1088 3127 comitiis
1116 3077 1399 3144 prmsentia
1447 3080 1639 3136 adesse
1701 3091 1755 3135 et
1799 3081 2038 3138 functio-

2135 1959 2402 2030 ἐπηρείας
2437 1958 2534 2012 καὶ
2578 1957 2832 2028 φυλακὰς
2863 1958 2960 2012 καὶ
3012 1957 3289 2027 μάστιγας
3344 1954 3714 2024 μετακομιζό-

2138 2070 2298 2121 μενος
2355 2053 2450 2120 ἀφ⁹
2493 2046 2558 2124 ᾖς
2592 2053 2724 2122 ᾧκει
2766 2051 2937 2121 μονῆς
2984 2051 3044 2102 ἐν
3088 2047 3394 2120 ἀποκρύφῳ
3443 2047 3710 2116 τελευτᾷο

2135 2143 2278 2197 οὕτω
2318 2147 2432 2208 τοῖς
2477 2144 2858 2215 ἐνεδρεύουσιν
2887 2143 3280 2212 ἡπειλημένον,
3312 2141 3522 2208 ἄταφον
3563 2139 3716 2208 ἐρῤί-

2136 2235 2289 2304 φθαι,
2323 2236 2416 2290 καὶ
2444 2236 2570 2288 κυσὶ
2607 2241 2701 2290 καὶ
2727 2237 2933 2306 χοίροις
2958 2232 3249 2301 προέσθαι,
3280 2232 3372 2287 τὸν
3398 2235 3472 2295 ὡς
3495 2230 3722 2301 ἀληθῶς,

2135 2329 2316 2400 τίμιον
2341 2323 2435 2382 τοῦ
2459 2327 2697 2400 Χριστοῦ
2731 2327 3111 2398 μαργαρίτην.

2221 2537 2323 2589 Ἑῶ
2351 2535 2515 2604 φάναι
2548 2534 2678 2604 περὶ
2706 2532 2817 2586 τῶν
2865 2533 3156 2602 μακαρίων
3191 2531 3440 2594 ἐκείνων,
3474 2531 3732 2600 Βουρδήνς

2137 2647 2280 2701 φημι
2313 2629 2403 2681 τὸν
2443 2626 2783 2696 θαυμαστὸν,
2822 2624 2918 2677 καὶ
2963 2625 3354 2694 ΙΙολεριανίτην
3403 2623 3493 2676 τὸν
3544 2623 3710 2688 θεῖον,

2136 2724 2231 2776 καὶ
2264 2720 2542 2788 Λυϐδίκην
2586 2719 2680 2770 τὸν
2717 2717 3061 2786 θαυμάσιον⁶
3107 2717 3224 2769 ἀλλ’
3257 2715 3380 2768 οὔτε
3428 2715 3730 2777 πλείστους

2137 2817 2230 2868 καὶ
2261 2812 2568 2883 μακαρίους
2602 2811 2826 2880 ἄνδρας,
2853 2809 2992 2878 μέγα
3026 2827 3080 2862 τι
3111 2807 3428 2876 φιλοσοφίας
3458 2805 3556 2858 καὶ
3586 2805 3713 2874 ἀρε-

2137 2910 2236 2976 τῆς
2276 2903 2439 2960 ἆθλον
2475 2904 2926 2974 κομισαμένους)
2964 2903 3062 2955 καὶ
3113 2904 3243 2972 πρὶν
3275 2901 3372 2968 μὲν
3417 2900 3516 2969 τὴν
3551 2915 3718 2951 κακο-

2136 3001 2317 3066 δοξίαν
2346 2996 2854 3070 παρρησιάσασθαι,
2882 2995 3083 3065 ψήφοις
3113 2996 3167 3047 ἐν
3191 2992 3410 3055 πολλοῖς
3443 2993 3537 3044 καὶ
3588 2989 3720 3042 πολ-

2137 3091 2295 3151 λάκις
2347 3084 2718 3157 ἀρχαιρεσιῶν
2766 3085 2875 3137 τῶν
2935 3083 3210 3152 μεγίστων
3263 3078 3717 3148 ἠναγκασμένους

459 3173 560 3212 nes
623 3159 777 3214 obire
829 3162 1065 3218 decretis
1108 3167 1279 3220 coacti
1339 3168 1468 3234 sint,
1561 3172 2034 3244 deterioribusq’ue

2141 3184 2424 3256 προελθεῖν
2446 3199 2457 3211 °
2482 3181 2692 3252 χείροσι
2703 3179 2748 3233 δ’
2767 3179 2960 3232 ἔπειτα
2983 3175 3478 3248 προσωμιληκότας
3500 3173 3716 3234 κακοῖςο

460 3251 803 3318 postmodum
843 3254 894 3307 in
933 3256 1089 3311 malis
1149 3261 1374 3328 versati,
1425 3254 1702 3334 tantisque
1751 3266 1910 3330 adeo,
1973 3279 2036 3322 ut

461 3357 639 3410 neque
662 3343 807 3410 justa
837 3347 916 3402 eis
958 3349 1094 3415 ﬁeri,
1123 3349 1397 3423 funusque
1447 3369 1638 3411 eorum
1706 3357 1885 3413 ellerri
1940 3375 2038 3430 per

455 3433 575 3489 dies
617 3436 908 3493 sineretur.

527 3544 815 3604 Enimvero
877 3559 1326 3610 testamentorum
1395 3573 1643 3615 eversum
1723 3563 1815 3632 jus
1875 3575 2040 3635 atque

459 3639 667 3706 reitgio,
719 3641 822 3696 viri
876 3647 1078 3709 sancti,
1107 3650 1386 3720 probeque
1442 3654 1807 3712 confessionis
1869 3674 2034 3713 cursu

455 3730 752 3798 perfuncti,
810 3737 973 3792 cellas
1039 3737 1269 3801 dirutas,
1345 3742 1538 3812 jactat,
1588 3762 1708 3816 quae
1752 3764 2037 3806 sei-Verum

456 3825 724 3890 pontiﬁcis
756 3829 957 3893 rapinae
989 3831 1484 3899 acligtrritionibus
1537 3839 1800 3894 cesserint
1835 3858 1851 3907 ;
1907 3845 2043 3897 alia-

453 3933 558 3984 que
596 3917 716 3985 ejus
763 3922 976 3988 generis
1026 3921 1334 3991 innumera,
1381 3943 1502 3996 qua
1548 3940 1604 3984 et
1653 3935 1928 3998 omittam,
1971 3954 2034 3992 ea

454 4008 661 4064 scilicet
689 4012 919 4074 rat'one,
945 4013 1088 4082 quod
1115 4015 1301 4069 multis
1339 4017 1510 4076 beatis
1553 4026 1796 4092 quotidie
1838 4039 2040 4097 praesto

455 4110 586 4154 sunt
611 4111 667 4153 ut
707 4101 1017 4156 videantur.

524 4215 701 4280 Atque
731 4214 846 4266 haec
876 4215 1096 4283 quidem
1133 4220 1429 4285 5nﬁiciunt.
1462 4236 1522 4282 ut
1542 4243 1708 4282 nemo
1763 4229 1858 4299 qui
1926 4230 2051 4286 hare

391 4331 395 4334 ~
455 4305 601 4357 scrin
631 4295 938 4373 percurrat,
979 4307 1179 4366 Christi
1227 4313 1522 4372 Ecelcsiam
1569 4335 1763 4375 vocare
1811 4321 1865 4375 in
1921 4325 2041 4376 ani-

455 4414 605 4451 mum
640 4399 960 4466 induxerit;
1002 4404 1095 4458 sed
1133 4410 1304 4476 magis
1353 4411 1821 4466 considerandum
1881 4423 2040 4482 puta-

2141 3277 2236 3331 καὶ
2267 3275 2358 3329 ἐπὶ
2391 3273 2670 3338 τοσοῦτον,
2701 3271 2777 3334 ὡς
2815 3272 2952 3341 μηδέ
2979 3271 3079 3336 τῆς
3125 3268 3524 3338 νενομισμένης
3564 3264 3738 3326 ὁσίας.

2141 3363 2236 3416 καὶ
2261 3361 2487 3424 τούτους
2517 3362 2706 3430 τυχεῖν
2736 3358 2824 3430 ἐφ’
2849 3360 3064 3430 ἡμέρας
3107 3354 3539 3428 συγχωρεῖσθαι.

2211 3567 2286 3620 Oti
2323 3565 2430 3635 μὴν
2459 3561 2594 3615 ἀλλὰ
2621 3561 3063 3633 παρρησιάζεται
3096 3560 3191 3613 καὶ
3221 3559 3280 3613 τὸ
3310 3559 3418 3612 τῶν
3445 3557 3738 3626 διαθηκῶν⁴

2141 3653 2458 3724 ἀνατραπὲν
2488 3651 2703 3722 χρῆμα,
2737 3651 2933 3721 ἀνδρὸς
2976 3650 3128 3703 ὁσίου
3162 3650 3260 3703 καὶ
3294 3648 3478 3712 καλῶς
3507 3647 3598 3700 τὸν
3626 3647 3721 3714 τῆς

2142 3745 2428 3816 ὁμολογίας
2457 3743 2773 3814 διηνυκότος
2823 3741 3046 3813 δρόμον,
3079 3741 3462 3813 ἐρηριμμένας
3509 3737 3723 3800 κέλλας,

2139 3817 2251 3891 τῶν
2280 3836 2374 3891 τοῦ
2404 3837 2710 3910 ἀρχιερέως
2737 3835 3034 3906 ὑπηρετῶν
3056 3833 3228 3898 οὔσας
3265 3832 3406 3904 πρὸς
3432 3833 3492 3886 τὸ
3519 3830 3726 3898 καθαρ-

2145 3930 2388 4001 παγῆναι
2437 3931 2534 3984 καὶ
2589 3930 3007 4002 παρανάλωμα·
3056 3928 3153 3980 καὶ
3205 3928 3378 3997 μυρία
3410 3925 3656 3985 τοιαῦτα,
3687 3923 3735 3976 e-

2142 4024 2242 4076 καὶ
2270 4023 2618 4093 παραλείψω,
2643 4024 2720 4094 τῷ
2749 4022 2962 4086 πολλοῖς
2994 4023 3093 4076 καὶ
3125 4019 3419 4090 μακαρίοις
3443 4019 3570 4071 καθ’
3599 4018 3728 4070 ἕκα-

2144 4133 2268 4168 στον
2299 4117 2584 4185 ἱστορῆσαι
2616 4113 3009 4182 παρίστασθαι.

2224 4230 2413 4284 Ἱκανὰ
2446 4229 2632 4298 μέντοι
2662 4230 2758 4281 καὶ⁸
2805 4227 2982 4281 ταῦτα
3013 4228 3150 4298 πρός
3182 4228 3230 4282 θ’
3285 4227 3597 4296 ὑπόμνησιν
3632 4226 3728 4278 καὶ

2141 4324 2201 4376 τὺ
2239 4322 2442 4391 μηδένα
2474 4323 2564 4372 τὸν
2601 4319 2718 4390 μετ’
2773 4320 3064 4389 ἀκριϐείας
3116 4322 3276 4373 ταυτὶ
3336 4319 3544 4372 διιόντα
3607 4318 3725 4370 Ἐκ-

2143 4412 2377 4481 κλησίαν
2411 4411 2713 4464 ἀποκαλεῖν
2751 4408 2990 4480 Χριστοῦ
3015 4425 3030 4439 °
3073 4410 3386 4479 μεμνῆσθαι
3422 4407 3482 4460 δὲ
3520 4407 3721 4477 μᾶλλον

456 4496 614 4559 verit,
641 4511 932 4564 quemnam
977 4513 1100 4555 esse
1158 4501 1398 4572 Spiritus
1459 4505 1700 4560 fructum
1753 4506 2034 4564 deﬁnitum

2147 4506 2390 4568 σκοπεῖν,
2420 4501 2503 4564 τίς
2527 4505 2554 4556 ὁ
2583 4502 2676 4555 τοῦ
2709 4505 3028 4572 Πνεύματος
3055 4502 3341 4570 διώρισται
3370 4500 3607 4570 καρπός·
3633 4497 3724 4548 καὶ

456 4585 526 4640 sit
554 4601 568 4648 ;
601 4594 652 4639 et
683 4589 954 4656 quomodo
993 4606 1151 4646 secus
1180 4595 1408 4648 omnino
1436 4595 1680 4659 habeat,‘
1723 4599 1818 4666 qui
1845 4613 1874 4651 a
1904 4599 2038 4655 viris

454 4679 572 4733 istis
596 4677 803 4735 fructus
831 4683 1074 4738 emersit.
1110 4683 1268 4739 Unde
1299 4701 1399 4741 nec
1460 4688 1660 4744 merito
1709 4688 1803 4745 Dei
1861 4690 2043 4747 Eccle-

453 4772 533 4822 sia
569 4771 809 4825 vocanda
839 4773 930 4836 sit,
998 4775 1092 4829 sed
1148 4775 1362 4831 adversi
1437 4779 1702 4848 Spiritus,
1768 4783 1927 4853 cujus
1989 4793 2046 4839 et

451 4862 637 4932 gignat
669 4863 946 4919 fructusct
1003 4876 1220 4934 augeat,
1268 4867 1544 4937 libereque
1586 4874 1653 4928 iis
1716 4873 1930 4930 fruatur
1977 4892 2042 4932 ac

452 4957 818 5023 impartiatur.
856 4957 1148 5028 Tantoth
1208 4962 1364 5028 adeo,
1414 4975 1622 5034 quanto
1675 4976 1727 5020 et
1785 4971 2037 5024 salutaris

451 5060 652 5110 sermo,
686 5064 748 5102 ex
797 5048 1069 5104 fructibus
1089 5055 1526 5120 cognoscendam
1577 5058 1828 5113 arborem
1858 5062 2038 5128 prolo-

449 5149 610 5193 cutus
645 5149 730 5195 est
756 5141 824 5194 9°.
867 5140 991 5194 Sive
1041 5157 1180 5210 quos
1223 5144 1387 5213 igitur
1410 5145 1624 5203 fructus
1666 5155 2040 5208 numeraverit

450 5226 711 5284 Ecclesiae
761 5231 1204 5300 malignantium,
1259 5236 1381 5305 ejus
1428 5239 1688 5293 nimirum
1775 5245 2039 5310 prolixius

448 5320 773 5388 pravitatem
807 5323 1124 5388 pernoverit
1152 5340 1167 5382 :
1196 5325 1311 5380 sive
1343 5342 1508 5397 quam
1549 5330 1653 5384 sibi
1682 5331 2034 5403 disciplinam

449 5410 738 5464 constituit
773 5410 1120 5477 intellexerit,
1154 5422 1208 5468 et
1241 5428 1305 5470 ex
1349 5419 1552 5486 quibus
1606 5421 1843 5476 conﬂata
1889 5426 2037 5493 prin-

449 5501 608 5569 cipiis
647 5502 742 5566 sit,
785 5516 976 5567 quaeve
1017 5504 1272 5574 dogmata
1317 5513 1584 5574 sanxerit,
1644 5515 1778 5568 nihil
1851 5516 2037 5572 minus

449 5595 569 5664 (jus
620 5597 874 5666 nequitia:
925 5611 989 5651 ac
1035 5602 1258 5657 malitia:
1326 5608 1757 5676 magnitudinem
1810 5611 2035 5666 invene-

524 5795 542 5824 ⁸
615 5795 754 5852 ινδλι.
795 5815 822 5853 ι.
869 5800 1005 5867 ιυὸ
1112 5804 1152 5835 ⁸⁷
1182 5803 1323 5861 Pani.
1366 5825 1494 5875 xxv,
1523 5807 1571 5861 5,

1654 5809 1696 5840 "‘3
1736 5809 1880 5865 I‘sai.
1910 5802 2213 5876 ὀξκςιίιι,
2258 5811 2348 5864 22..

2143 4597 2292 4659 ὅπως
2324 4595 2570 4658 ἐναντίος
2603 4595 2632 4646 ὁ
2659 4597 2898 4648 τουτοισὶ
2921 4595 3037 4658 τοῖς
3068 4595 3328 4666 ἀνδράσιν
3361 4590 3724 4660 ὲκπονηθείςο

2143 4688 2220 4750 ὼς
2251 4686 2374 4740 οὐδὲ
2427 4686 2654 4750 δικαίως
2680 4687 2746 4740 ἂν
2789 4687 3087 4758 Ἐκκλησία
3141 4685 3370 4756 κληθείη
3400 4684 3536 4737 Θεοῦ
3569 4683 3600 4750 ἡ
3633 4679 3726 4732 τοῦ

2145 4779 2391 4833 ἐναντίου
2424 4777 2741 4847 πνεύματος
2784 4781 2914 4843 τοὺς
2955 4779 3204 4848 καρποὺς
3237 4779 3334 4830 καὶ
3383 4776 3602 4844 φύσασα
3632 4772 3726 4823 καὶ

2145 4871 2453 4940 αὖξήσασα,
2487 4871 2585 4923 καὶ
2611 4871 2748 4940 πρὸς
2781 4871 3085 4924 ἀπόλαυσιν
3127 4869 3300 4933 ἀδεῶς
3339 4866 3686 4939 μετασχοῦσα
3710 4879 3726 4895 ο

2146 4964 2292 5033 τόσῳ
2332 4963 2559 5033 μᾶλλον,
2587 4963 2813 5033 ὅσῳπερ
2843 4965 2870 5014 ὁ
2907 4963 3173 5030 σωτήριος
3202 4961 3372 5030 ἔφησε
3403 4959 3578 5026 λόγος,
3635 4955 3732 5008 Ἐκ

2145 5055 2238 5108 τοῦ
2264 5055 2479 5124 καρποῦ
2503 5055 2565 5109 τδ
2579 5056 2799 5126 δένδρον
2821 5053 3220 5121 ἐπιγνώσεσθε.
3249 5054 3358 5106 Ei’t‘
3381 5047 3475 5106 οὖν
3500 5067 3583 5114 τις
3607 5051 3732 5111 τοὺς

2143 5147 2397 5218 καρποὺς
2444 5146 2776 5218 ὲξαριθμοίη
2807 5147 2905 5216 τῆς
2961 5147 3070 5200 τῶν
3102 5145 3560 5216 πονηρευομένων
3608 5143 3733 5194 Ἐκ·
3766 5194 3776 5208 ,

2143 5243 2400 5312 κλησίας,
2444 5243 2790 5312 μακρότερον
2849 5241 3022 5312 δήπου
3075 5242 3174 5310 τὴν
3225 5240 3428 5305 ταύτης
3477 5233 3769 5303 ἐπιγνοίη⁴

2145 5333 2478 5404 μοχθηρίανο
2535 5337 2647 5387 εἴτε
2694 5333 2802 5404 μὴν
2847 5333 2941 5402 ἀφ’
2997 5326 3074 5386 ὧν
3106 5332 3423 5385 ἐπολίτευσε
3462 5327 3763 5414 συνορ‹ξ›η,,

2141 5429 2233 5479 καὶ
2263 5425 2323 5491 ἐξ
2350 5427 2479 5480 οίων
2509 5426 2740 5495 συνέστη
2785 5415 2894 5478 τῶν
2941 5425 3154 5494 ἀρχῶν,
3189 5425 3286 5475 κα)⁵
3317 5425 3446 5475 ὁποῖ
3482 5422 3616 5474 ἄττα
3643 5420 3722 5468 ξε·
3755 5459 3758 5462 .

2140 5517 2498 5587 δογμάτικεν,
2533 5517 2637 5569 ούκ
2687 5516 2914 5567 ἔλασσον
2971 5516 3277 5586 μοχθηρίας
3317 5517 3409 5568 καὶ
3462 5507 3718 5579 πονηρίας

2140 5609 2346 5678 ταύτης
2378 5608 2604 5678 ἀνεύροι
2640 5608 2892 5676 μέγεθος.
2931 5608 3143 5663 Οῦκουν
3178 5625 3242 5677 γε
3274 5605 3463 5659 lett-iv
3501 5602 3619 5658 κατ’
3645 5602 3724 5652 0;-

2430 5809 2473 5840 ”
2503 5811 2698 5865 Matth.
2725 5827 2821 5875 VII,
2849 5807 2899 5864 0.
2985 5812 3028 5841 ’θ
3065 5813 3139 5866 Lu
3166 5834 3192 5864 ·.
3233 5827 3302 5876 vt,
3350 5808 3434 5863 ιι.
