  <div class='ocr_page' id='page_1' title='image "/cluster/home/n/w/nwhite01/storage/ocr_20150623/152/coo.31924054870575/380.png"; bbox 0 0 4048 6460; ppageno 0'>
   <div class='ocr_carea' id='block_1_1' title="bbox 385 359 493 424">
    <p class='ocr_par' dir='ltr' id='par_1_1' title="bbox 385 359 493 424">
     <span class='ocr_line' id='line_1_1' title="bbox 385 359 493 424; baseline 0.009 -2"><span class='ocrx_word' id='word_1_1' title='bbox 385 359 493 424; x_wconf 68' lang='grc'><strong>745</strong></span> 
     </span>
    </p>
   </div>
   <div class='ocr_carea' id='block_1_2' title="bbox 1239 305 3156 429">
    <p class='ocr_par' dir='ltr' id='par_1_2' title="bbox 1239 305 3156 429">
     <span class='ocr_line' id='line_1_2' title="bbox 1239 305 3156 429; baseline 0 -16"><span class='ocrx_word' id='word_1_2' title='bbox 1239 353 1475 414; x_wconf 66' lang='lat' dir='ltr'><strong>necas</strong></span> <span class='ocrx_word' id='word_1_3' title='bbox 1510 354 1557 412; x_wconf 88' lang='lat' dir='ltr'><strong>t.</strong></span> <span class='ocrx_word' id='word_1_4' title='bbox 1592 377 1660 389; x_wconf 81' lang='lat'><strong>-</strong></span> <span class='ocrx_word' id='word_1_5' title='bbox 1709 353 1802 412; x_wconf 90' lang='lat' dir='ltr'><strong>DE</strong></span> <span class='ocrx_word' id='word_1_6' title='bbox 1846 321 2292 412; x_wconf 77' lang='lat' dir='ltr'><strong>TitEOLoeIA</strong></span> <span class='ocrx_word' id='word_1_7' title='bbox 2338 351 2796 429; x_wconf 69' lang='lat' dir='ltr'><strong>smmum.</strong></span> <span class='ocrx_word' id='word_1_8' title='bbox 3096 305 3156 416; x_wconf 18' lang='lat'><strong>--</strong></span> 
     </span>
    </p>
   </div>
   <div class='ocr_carea' id='block_1_3' title="bbox 3533 351 3636 415">
    <p class='ocr_par' dir='ltr' id='par_1_3' title="bbox 3533 351 3636 415">
     <span class='ocr_line' id='line_1_3' title="bbox 3533 351 3636 415; baseline -0.019 0"><span class='ocrx_word' id='word_1_9' title='bbox 3533 351 3636 415; x_wconf 62' lang='grc'>746</span> 
     </span>
    </p>
   </div>
   <div class='ocr_carea' id='block_1_4' title="bbox 382 443 3642 540">
    <p class='ocr_par' dir='ltr' id='par_1_4' title="bbox 382 443 3642 540">
     <span class='ocr_line' id='line_1_4' title="bbox 382 443 3642 540; baseline -0.002 -12"><span class='ocrx_word' id='word_1_10' title='bbox 382 475 526 528; x_wconf 87' lang='lat' dir='ltr'><strong>riora</strong></span> <span class='ocrx_word' id='word_1_11' title='bbox 557 471 650 526; x_wconf 84' lang='lat' dir='ltr'><strong>Dei</strong></span> <span class='ocrx_word' id='word_1_12' title='bbox 679 469 819 540; x_wconf 88' lang='lat' dir='ltr'><strong>apud</strong></span> <span class='ocrx_word' id='word_1_13' title='bbox 855 443 1073 538; x_wconf 77' lang='lat' dir='ltr'><strong>Moysen</strong></span> <span class='ocrx_word' id='word_1_14' title='bbox 1097 504 1112 529; x_wconf 86' lang='lat'><strong>,</strong></span> <span class='ocrx_word' id='word_1_15' title='bbox 1146 466 1273 520; x_wconf 87' lang='lat' dir='ltr'><strong>item</strong></span> <span class='ocrx_word' id='word_1_16' title='bbox 1310 467 1398 520; x_wconf 86' lang='lat' dir='ltr'><strong>illa</strong></span> <span class='ocrx_word' id='word_1_17' title='bbox 1433 467 1572 537; x_wconf 88' lang='lat' dir='ltr'><strong>apud</strong></span> <span class='ocrx_word' id='word_1_18' title='bbox 1603 465 1818 532; x_wconf 90' lang='lat' dir='ltr'><strong>Isaiam,</strong></span> <span class='ocrx_word' id='word_1_19' title='bbox 1860 466 1962 522; x_wconf 92' lang='lat' dir='ltr'><strong>Da-</strong></span> <span class='ocrx_word' id='word_1_20' title='bbox 1987 480 2036 540; x_wconf 74' lang='grc' dir='ltr'><strong>Α</strong></span> <span class='ocrx_word' id='word_1_21' title='bbox 2061 465 2404 522; x_wconf 83' lang='lat' dir='ltr'><strong>aﬂirmantis.</strong></span> <span class='ocrx_word' id='word_1_22' title='bbox 2428 466 2563 522; x_wconf 83' lang='lat' dir='ltr'><strong>Pars</strong></span> <span class='ocrx_word' id='word_1_23' title='bbox 2587 482 2716 521; x_wconf 88' lang='lat' dir='ltr'><strong>vero</strong></span> <span class='ocrx_word' id='word_1_24' title='bbox 2747 466 3034 538; x_wconf 74' lang='lat' dir='ltr'><strong>theolOgiae</strong></span> <span class='ocrx_word' id='word_1_25' title='bbox 3060 467 3497 522; x_wconf 72' lang='lat' dir='ltr'><strong>demonstrativa:</strong></span> <span class='ocrx_word' id='word_1_26' title='bbox 3521 483 3642 538; x_wconf 73' lang='lat' dir='ltr'><strong>qua:</strong></span> 
     </span>
    </p>
   </div>
   <div class='ocr_carea' id='block_1_5' title="bbox 385 559 1962 633">
    <p class='ocr_par' dir='ltr' id='par_1_5' title="bbox 385 559 1962 633">
     <span class='ocr_line' id='line_1_5' title="bbox 385 559 1962 633; baseline -0.008 -10"><span class='ocrx_word' id='word_1_27' title='bbox 385 570 606 633; x_wconf 85' lang='lat' dir='ltr'><strong>nielein,</strong></span> <span class='ocrx_word' id='word_1_28' title='bbox 656 573 712 621; x_wconf 92' lang='lat' dir='ltr'><strong>et</strong></span> <span class='ocrx_word' id='word_1_29' title='bbox 741 562 1083 618; x_wconf 84' lang='lat' dir='ltr'><strong>Ezechielem</strong></span> <span class='ocrx_word' id='word_1_30' title='bbox 1107 601 1123 627; x_wconf 93' lang='lat'><strong>,</strong></span> <span class='ocrx_word' id='word_1_31' title='bbox 1152 570 1206 615; x_wconf 91' lang='lat' dir='ltr'><strong>et</strong></span> <span class='ocrx_word' id='word_1_32' title='bbox 1235 560 1372 614; x_wconf 89' lang='lat' dir='ltr'><strong>alios</strong></span> <span class='ocrx_word' id='word_1_33' title='bbox 1407 559 1709 614; x_wconf 87' lang='lat' dir='ltr'><strong>secundum</strong></span> <span class='ocrx_word' id='word_1_34' title='bbox 1742 573 1962 614; x_wconf 82' lang='lat' dir='ltr'><strong>sensum</strong></span> 
     </span>
    </p>
   </div>
   <div class='ocr_carea' id='block_1_6' title="bbox 383 646 1964 724">
    <p class='ocr_par' dir='ltr' id='par_1_6' title="bbox 383 646 1964 724">
     <span class='ocr_line' id='line_1_6' title="bbox 383 646 1964 724; baseline -0.009 -10"><span class='ocrx_word' id='word_1_35' title='bbox 383 659 655 724; x_wconf 89' lang='lat' dir='ltr'><strong>formata;</strong></span> <span class='ocrx_word' id='word_1_36' title='bbox 707 664 801 711; x_wconf 88' lang='lat' dir='ltr'><strong>aut</strong></span> <span class='ocrx_word' id='word_1_37' title='bbox 833 653 1169 710; x_wconf 75' lang='lat' dir='ltr'><strong>describitur</strong></span> <span class='ocrx_word' id='word_1_38' title='bbox 1220 667 1318 721; x_wconf 91' lang='lat' dir='ltr'><strong>per</strong></span> <span class='ocrx_word' id='word_1_39' title='bbox 1370 650 1782 705; x_wconf 73' lang='lat' dir='ltr'><strong>translationem</strong></span> <span class='ocrx_word' id='word_1_40' title='bbox 1816 646 1964 702; x_wconf 89' lang='lat' dir='ltr'><strong>verbi</strong></span> 
     </span>
    </p>
   </div>
   <div class='ocr_carea' id='block_1_7' title="bbox 385 740 1961 810">
    <p class='ocr_par' dir='ltr' id='par_1_7' title="bbox 385 740 1961 810">
     <span class='ocr_line' id='line_1_7' title="bbox 385 740 1961 810; baseline -0.011 -2"><span class='ocrx_word' id='word_1_41' title='bbox 385 753 687 808; x_wconf 87' lang='lat' dir='ltr'><strong>secundum</strong></span> <span class='ocrx_word' id='word_1_42' title='bbox 717 749 1080 810; x_wconf 83' lang='lat' dir='ltr'><strong>intellectum,</strong></span> <span class='ocrx_word' id='word_1_43' title='bbox 1114 752 1174 799; x_wconf 92' lang='lat' dir='ltr'><strong>ut</strong></span> <span class='ocrx_word' id='word_1_44' title='bbox 1212 744 1445 799; x_wconf 80' lang='lat' dir='ltr'><strong>ebrietas</strong></span> <span class='ocrx_word' id='word_1_45' title='bbox 1483 750 1536 796; x_wconf 86' lang='lat' dir='ltr'><strong>et</strong></span> <span class='ocrx_word' id='word_1_46' title='bbox 1579 741 1797 810; x_wconf 83' lang='lat' dir='ltr'><strong>crapula</strong></span> <span class='ocrx_word' id='word_1_47' title='bbox 1829 740 1920 792; x_wconf 59' lang='lat' dir='ltr'><strong>Dei</strong></span> <span class='ocrx_word' id='word_1_48' title='bbox 1945 779 1961 803; x_wconf 96' lang='lat'><strong>,</strong></span> 
     </span>
    </p>
   </div>
   <div class='ocr_carea' id='block_1_8' title="bbox 381 833 1965 915">
    <p class='ocr_par' dir='ltr' id='par_1_8' title="bbox 381 833 1965 915">
     <span class='ocr_line' id='line_1_8' title="bbox 381 833 1965 915; baseline -0.009 -15"><span class='ocrx_word' id='word_1_49' title='bbox 381 847 602 915; x_wconf 83' lang='lat' dir='ltr'><strong>vigilia,</strong></span> <span class='ocrx_word' id='word_1_50' title='bbox 641 856 871 896; x_wconf 85' lang='lat' dir='ltr'><strong>somnus</strong></span> <span class='ocrx_word' id='word_1_51' title='bbox 906 853 1058 893; x_wconf 89' lang='lat' dir='ltr'><strong>arma</strong></span> <span class='ocrx_word' id='word_1_52' title='bbox 1105 838 1172 892; x_wconf 89' lang='lat' dir='ltr'><strong>ad</strong></span> <span class='ocrx_word' id='word_1_53' title='bbox 1222 837 1616 905; x_wconf 82' lang='lat' dir='ltr'><strong>protegendum</strong></span> <span class='ocrx_word' id='word_1_54' title='bbox 1665 843 1716 887; x_wconf 89' lang='lat' dir='ltr'><strong>et</strong></span> <span class='ocrx_word' id='word_1_55' title='bbox 1760 833 1825 885; x_wconf 85' lang='lat' dir='ltr'><strong>ad</strong></span> <span class='ocrx_word' id='word_1_56' title='bbox 1868 847 1965 885; x_wconf 91' lang='lat' dir='ltr'><strong>no—</strong></span> 
     </span>
    </p>
   </div>
   <div class='ocr_carea' id='block_1_9' title="bbox 382 922 1966 999">
    <p class='ocr_par' dir='ltr' id='par_1_9' title="bbox 382 922 1966 999">
     <span class='ocr_line' id='line_1_9' title="bbox 382 922 1966 999; baseline -0.009 -9"><span class='ocrx_word' id='word_1_57' title='bbox 382 937 618 990; x_wconf 85' lang='lat' dir='ltr'><strong>cendum</strong></span> <span class='ocrx_word' id='word_1_58' title='bbox 643 976 658 999; x_wconf 93' lang='lat'><strong>,</strong></span> <span class='ocrx_word' id='word_1_59' title='bbox 683 941 738 986; x_wconf 87' lang='lat' dir='ltr'><strong>et</strong></span> <span class='ocrx_word' id='word_1_60' title='bbox 776 941 970 984; x_wconf 68' lang='lat' dir='ltr'><strong>cmtera</strong></span> <span class='ocrx_word' id='word_1_61' title='bbox 1007 929 1192 984; x_wconf 81' lang='lat' dir='ltr'><strong>omnia</strong></span> <span class='ocrx_word' id='word_1_62' title='bbox 1223 943 1344 996; x_wconf 87' lang='lat' dir='ltr'><strong>quae</strong></span> <span class='ocrx_word' id='word_1_63' title='bbox 1371 928 1435 980; x_wconf 91' lang='lat' dir='ltr'><strong>ad</strong></span> <span class='ocrx_word' id='word_1_64' title='bbox 1469 926 1830 978; x_wconf 80' lang='lat' dir='ltr'><strong>imitationem</strong></span> <span class='ocrx_word' id='word_1_65' title='bbox 1867 922 1966 976; x_wconf 82' lang='lat' dir='ltr'><strong>ho-</strong></span> 
     </span>
    </p>
   </div>
   <div class='ocr_carea' id='block_1_10' title="bbox 385 1015 1964 1087">
    <p class='ocr_par' dir='ltr' id='par_1_10' title="bbox 385 1015 1964 1087">
     <span class='ocr_line' id='line_1_10' title="bbox 385 1015 1964 1087; baseline -0.007 -8"><span class='ocrx_word' id='word_1_66' title='bbox 385 1027 591 1079; x_wconf 89' lang='lat' dir='ltr'><strong>minum</strong></span> <span class='ocrx_word' id='word_1_67' title='bbox 629 1025 770 1078; x_wconf 89' lang='lat' dir='ltr'><strong>facta</strong></span> <span class='ocrx_word' id='word_1_68' title='bbox 808 1029 959 1077; x_wconf 89' lang='lat' dir='ltr'><strong>sunt.</strong></span> <span class='ocrx_word' id='word_1_69' title='bbox 986 1022 1118 1074; x_wconf 50' lang='lat' dir='ltr'><strong>Alia,</strong></span> <span class='ocrx_word' id='word_1_70' title='bbox 1150 1020 1271 1074; x_wconf 69' lang='lat' dir='ltr'><strong>dum</strong></span> <span class='ocrx_word' id='word_1_71' title='bbox 1305 1027 1486 1087; x_wconf 84' lang='lat' dir='ltr'><strong>partes</strong></span> <span class='ocrx_word' id='word_1_72' title='bbox 1512 1027 1658 1081; x_wconf 81' lang='lat' dir='ltr'><strong>sunt,</strong></span> <span class='ocrx_word' id='word_1_73' title='bbox 1684 1030 1790 1068; x_wconf 88' lang='lat' dir='ltr'><strong>una</strong></span> <span class='ocrx_word' id='word_1_74' title='bbox 1815 1015 1964 1069; x_wconf 80' lang='lat' dir='ltr'><strong>theo-</strong></span> 
     </span>
    </p>
   </div>
   <div class='ocr_carea' id='block_1_11' title="bbox 381 1108 1956 1186">
    <p class='ocr_par' dir='ltr' id='par_1_11' title="bbox 381 1108 1956 1186">
     <span class='ocr_line' id='line_1_11' title="bbox 381 1108 1956 1186; baseline -0.008 -14"><span class='ocrx_word' id='word_1_75' title='bbox 381 1119 536 1186; x_wconf 67' lang='lat' dir='ltr'><strong>IOgiae</strong></span> <span class='ocrx_word' id='word_1_76' title='bbox 571 1114 927 1176; x_wconf 84' lang='lat' dir='ltr'><strong>aﬂirmantis,</strong></span> <span class='ocrx_word' id='word_1_77' title='bbox 961 1120 1020 1166; x_wconf 93' lang='lat' dir='ltr'><strong>ut</strong></span> <span class='ocrx_word' id='word_1_78' title='bbox 1047 1127 1168 1166; x_wconf 92' lang='lat' dir='ltr'><strong>cum</strong></span> <span class='ocrx_word' id='word_1_79' title='bbox 1202 1112 1460 1171; x_wconf 90' lang='lat' dir='ltr'><strong>dicimus,</strong></span> <span class='ocrx_word' id='word_1_80' title='bbox 1498 1109 1663 1162; x_wconf 88' lang='lat' dir='ltr'><strong>Deutn</strong></span> <span class='ocrx_word' id='word_1_81' title='bbox 1715 1108 1918 1161; x_wconf 90' lang='lat' dir='ltr'><strong>bonum</strong></span> <span class='ocrx_word' id='word_1_82' title='bbox 1941 1147 1956 1170; x_wconf 90' lang='lat'><strong>,</strong></span> 
     </span>
    </p>
   </div>
   <div class='ocr_carea' id='block_1_12' title="bbox 337 1199 1959 1277">
    <p class='ocr_par' dir='ltr' id='par_1_12' title="bbox 337 1199 1959 1277">
     <span class='ocr_line' id='line_1_12' title="bbox 337 1199 1959 1277; baseline -0.008 -13"><span class='ocrx_word' id='word_1_83' title='bbox 337 1255 341 1258; x_wconf 49' lang='grc' dir='ltr'>ς</span> <span class='ocrx_word' id='word_1_84' title='bbox 382 1209 710 1277; x_wconf 85' lang='lat' dir='ltr'><strong>sapientem,</strong></span> <span class='ocrx_word' id='word_1_85' title='bbox 731 1215 1006 1266; x_wconf 88' lang='lat' dir='ltr'><strong>sanctum,</strong></span> <span class='ocrx_word' id='word_1_86' title='bbox 1031 1203 1273 1266; x_wconf 88' lang='lat' dir='ltr'><strong>beatum,</strong></span> <span class='ocrx_word' id='word_1_87' title='bbox 1300 1201 1649 1262; x_wconf 75' lang='lat' dir='ltr'><strong>salvatorem,</strong></span> <span class='ocrx_word' id='word_1_88' title='bbox 1674 1207 1729 1253; x_wconf 88' lang='lat' dir='ltr'><strong>et</strong></span> <span class='ocrx_word' id='word_1_89' title='bbox 1752 1199 1959 1268; x_wconf 90' lang='lat' dir='ltr'><strong>reliqua</strong></span> 
     </span>
    </p>
   </div>
   <div class='ocr_carea' id='block_1_13' title="bbox 381 1279 1960 1368">
    <p class='ocr_par' dir='ltr' id='par_1_13' title="bbox 381 1279 1960 1368">
     <span class='ocr_line' id='line_1_13' title="bbox 381 1279 1960 1368; baseline -0.004 -16"><span class='ocrx_word' id='word_1_90' title='bbox 381 1301 588 1362; x_wconf 84' lang='lat' dir='ltr'><strong>omnia,</strong></span> <span class='ocrx_word' id='word_1_91' title='bbox 631 1279 988 1368; x_wconf 76' lang='lat' dir='ltr'><strong>quibuscum</strong></span> <span class='ocrx_word' id='word_1_92' title='bbox 1032 1296 1240 1348; x_wconf 84' lang='lat' dir='ltr'><strong>aientes</strong></span> <span class='ocrx_word' id='word_1_93' title='bbox 1289 1294 1612 1351; x_wconf 85' lang='lat' dir='ltr'><strong>laudamus;</strong></span> <span class='ocrx_word' id='word_1_94' title='bbox 1648 1291 1731 1344; x_wconf 88' lang='lat' dir='ltr'><strong>vel</strong></span> <span class='ocrx_word' id='word_1_95' title='bbox 1769 1305 1960 1345; x_wconf 87' lang='lat' dir='ltr'><strong>rursus</strong></span> 
     </span>
    </p>
   </div>
   <div class='ocr_carea' id='block_1_14' title="bbox 381 1381 1960 1460">
    <p class='ocr_par' dir='ltr' id='par_1_14' title="bbox 381 1381 1960 1460">
     <span class='ocr_line' id='line_1_14' title="bbox 381 1381 1960 1460; baseline -0.008 -15"><span class='ocrx_word' id='word_1_96' title='bbox 381 1390 653 1460; x_wconf 78' lang='lat' dir='ltr'><strong>negantis,</strong></span> <span class='ocrx_word' id='word_1_97' title='bbox 685 1398 742 1440; x_wconf 93' lang='lat' dir='ltr'><strong>ut</strong></span> <span class='ocrx_word' id='word_1_98' title='bbox 799 1401 922 1440; x_wconf 88' lang='lat' dir='ltr'><strong>cum</strong></span> <span class='ocrx_word' id='word_1_99' title='bbox 955 1385 1133 1454; x_wconf 86' lang='lat' dir='ltr'><strong>ipsum</strong></span> <span class='ocrx_word' id='word_1_100' title='bbox 1181 1397 1440 1437; x_wconf 67' lang='lat' dir='ltr'><strong>vocamus</strong></span> <span class='ocrx_word' id='word_1_101' title='bbox 1488 1381 1833 1441; x_wconf 88' lang='lat' dir='ltr'><strong>invisibilem.</strong></span> <span class='ocrx_word' id='word_1_102' title='bbox 1871 1381 1960 1434; x_wconf 83' lang='lat' dir='ltr'><strong>in-</strong></span> 
     </span>
    </p>
   </div>
   <div class='ocr_carea' id='block_1_15' title="bbox 383 1472 1957 1549">
    <p class='ocr_par' dir='ltr' id='par_1_15' title="bbox 383 1472 1957 1549">
     <span class='ocr_line' id='line_1_15' title="bbox 383 1472 1957 1549; baseline -0.009 -12"><span class='ocrx_word' id='word_1_103' title='bbox 383 1477 962 1549; x_wconf 86' lang='lat' dir='ltr'><strong>comprehensibilem,</strong></span> <span class='ocrx_word' id='word_1_104' title='bbox 982 1474 1537 1545; x_wconf 87' lang='lat' dir='ltr'><strong>suprasuhstantiain,</strong></span> <span class='ocrx_word' id='word_1_105' title='bbox 1561 1472 1957 1542; x_wconf 88' lang='lat' dir='ltr'><strong>suprabonum,</strong></span> 
     </span>
    </p>
   </div>
   <div class='ocr_carea' id='block_1_16' title="bbox 381 1562 1957 1644">
    <p class='ocr_par' dir='ltr' id='par_1_16' title="bbox 381 1562 1957 1644">
     <span class='ocr_line' id='line_1_16' title="bbox 381 1562 1957 1644; baseline -0.007 -18"><span class='ocrx_word' id='word_1_106' title='bbox 381 1571 848 1644; x_wconf 67' lang='lat' dir='ltr'><strong>supraviventem,</strong></span> <span class='ocrx_word' id='word_1_107' title='bbox 881 1565 1353 1636; x_wconf 84' lang='lat' dir='ltr'><strong>suprasapientcm</strong></span> <span class='ocrx_word' id='word_1_108' title='bbox 1393 1580 1408 1620; x_wconf 87' lang='lat'><strong>:</strong></span> <span class='ocrx_word' id='word_1_109' title='bbox 1442 1564 1557 1618; x_wconf 61' lang='lat' dir='ltr'><strong>hate</strong></span> <span class='ocrx_word' id='word_1_110' title='bbox 1597 1562 1740 1616; x_wconf 88' lang='lat' dir='ltr'><strong>enim</strong></span> <span class='ocrx_word' id='word_1_111' title='bbox 1774 1562 1957 1615; x_wconf 83' lang='lat' dir='ltr'><strong>omnia</strong></span> 
     </span>
    </p>
   </div>
   <div class='ocr_carea' id='block_1_17' title="bbox 384 1652 1958 1731">
    <p class='ocr_par' dir='ltr' id='par_1_17' title="bbox 384 1652 1958 1731">
     <span class='ocr_line' id='line_1_17' title="bbox 384 1652 1958 1731; baseline -0.007 -13"><span class='ocrx_word' id='word_1_112' title='bbox 384 1664 496 1718; x_wconf 84' lang='lat' dir='ltr'><strong>sive</strong></span> <span class='ocrx_word' id='word_1_113' title='bbox 551 1661 850 1731; x_wconf 87' lang='lat' dir='ltr'><strong>privanter,</strong></span> <span class='ocrx_word' id='word_1_114' title='bbox 907 1658 1186 1727; x_wconf 88' lang='lat' dir='ltr'><strong>superlate</strong></span> <span class='ocrx_word' id='word_1_115' title='bbox 1235 1656 1530 1718; x_wconf 86' lang='lat' dir='ltr'><strong>dicantur,</strong></span> <span class='ocrx_word' id='word_1_116' title='bbox 1579 1652 1958 1723; x_wconf 79' lang='lat' dir='ltr'><strong>negationibus</strong></span> 
     </span>
    </p>
   </div>
   <div class='ocr_carea' id='block_1_18' title="bbox 381 1743 1955 1816">
    <p class='ocr_par' dir='ltr' id='par_1_18' title="bbox 381 1743 1955 1816">
     <span class='ocr_line' id='line_1_18' title="bbox 381 1743 1955 1816; baseline -0.006 -10"><span class='ocrx_word' id='word_1_117' title='bbox 381 1753 749 1808; x_wconf 74' lang='lat' dir='ltr'><strong>declarantur.</strong></span> <span class='ocrx_word' id='word_1_118' title='bbox 805 1748 940 1804; x_wconf 90' lang='lat' dir='ltr'><strong>Cum</strong></span> <span class='ocrx_word' id='word_1_119' title='bbox 988 1749 1154 1816; x_wconf 81' lang='lat' dir='ltr'><strong>igitur</strong></span> <span class='ocrx_word' id='word_1_120' title='bbox 1192 1755 1428 1815; x_wconf 85' lang='lat' dir='ltr'><strong>quatuor</strong></span> <span class='ocrx_word' id='word_1_121' title='bbox 1459 1753 1640 1815; x_wconf 88' lang='lat' dir='ltr'><strong>partes</strong></span> <span class='ocrx_word' id='word_1_122' title='bbox 1691 1743 1840 1804; x_wconf 86' lang='lat' dir='ltr'><strong>sint.</strong></span> <span class='ocrx_word' id='word_1_123' title='bbox 1889 1757 1955 1797; x_wconf 84' lang='lat' dir='ltr'><strong>ex</strong></span> 
     </span>
    </p>
   </div>
   <div class='ocr_carea' id='block_1_19' title="bbox 2069 555 3639 629">
    <p class='ocr_par' dir='ltr' id='par_1_19' title="bbox 2069 555 3639 629">
     <span class='ocr_line' id='line_1_19' title="bbox 2069 555 3639 629; baseline 0.003 -17"><span class='ocrx_word' id='word_1_124' title='bbox 2069 569 2251 629; x_wconf 82' lang='lat' dir='ltr'><strong>negat,</strong></span> <span class='ocrx_word' id='word_1_125' title='bbox 2290 562 2530 629; x_wconf 84' lang='lat' dir='ltr'><strong>partitur</strong></span> <span class='ocrx_word' id='word_1_126' title='bbox 2564 569 2678 614; x_wconf 89' lang='lat' dir='ltr'><strong>tum</strong></span> <span class='ocrx_word' id='word_1_127' title='bbox 2723 560 2774 612; x_wconf 90' lang='lat' dir='ltr'><strong>in</strong></span> <span class='ocrx_word' id='word_1_128' title='bbox 2806 555 3127 614; x_wconf 82' lang='lat' dir='ltr'><strong>infinitatem</strong></span> <span class='ocrx_word' id='word_1_129' title='bbox 3163 561 3276 625; x_wconf 85' lang='lat' dir='ltr'><strong>Dei,</strong></span> <span class='ocrx_word' id='word_1_130' title='bbox 3319 575 3439 628; x_wconf 73' lang='lat' dir='ltr'><strong>quae</strong></span> <span class='ocrx_word' id='word_1_131' title='bbox 3471 571 3554 616; x_wconf 81' lang='lat' dir='ltr'><strong>est</strong></span> <span class='ocrx_word' id='word_1_132' title='bbox 3585 564 3639 616; x_wconf 91' lang='lat' dir='ltr'><strong>in</strong></span> 
     </span>
    </p>
   </div>
   <div class='ocr_carea' id='block_1_20' title="bbox 2070 651 3642 715">
    <p class='ocr_par' dir='ltr' id='par_1_20' title="bbox 2070 651 3642 715">
     <span class='ocr_line' id='line_1_20' title="bbox 2070 651 3642 715; baseline 0.001 -11"><span class='ocrx_word' id='word_1_133' title='bbox 2070 653 2254 714; x_wconf 84' lang='lat' dir='ltr'><strong>rebus,</strong></span> <span class='ocrx_word' id='word_1_134' title='bbox 2291 661 2345 704; x_wconf 89' lang='lat' dir='ltr'><strong>et</strong></span> <span class='ocrx_word' id='word_1_135' title='bbox 2374 651 2506 705; x_wconf 85' lang='lat' dir='ltr'><strong>facit</strong></span> <span class='ocrx_word' id='word_1_136' title='bbox 2533 661 2780 706; x_wconf 83' lang='lat' dir='ltr'><strong>octavam</strong></span> <span class='ocrx_word' id='word_1_137' title='bbox 2813 652 3097 715; x_wconf 74' lang='lat' dir='ltr'><strong>deoadem,</strong></span> <span class='ocrx_word' id='word_1_138' title='bbox 3144 659 3261 706; x_wconf 82' lang='lat' dir='ltr'><strong>tum</strong></span> <span class='ocrx_word' id='word_1_139' title='bbox 3291 653 3342 705; x_wconf 94' lang='lat' dir='ltr'><strong>in</strong></span> <span class='ocrx_word' id='word_1_140' title='bbox 3376 653 3642 706; x_wconf 86' lang='lat' dir='ltr'><strong>divinita-</strong></span> 
     </span>
    </p>
   </div>
   <div class='ocr_carea' id='block_1_21' title="bbox 2072 733 3643 812">
    <p class='ocr_par' dir='ltr' id='par_1_21' title="bbox 2072 733 3643 812">
     <span class='ocr_line' id='line_1_21' title="bbox 2072 733 3643 812; baseline 0.001 -15"><span class='ocrx_word' id='word_1_141' title='bbox 2072 751 2200 808; x_wconf 88' lang='lat' dir='ltr'><strong>tem,</strong></span> <span class='ocrx_word' id='word_1_142' title='bbox 2235 759 2356 812; x_wconf 69' lang='lat' dir='ltr'><strong>qute</strong></span> <span class='ocrx_word' id='word_1_143' title='bbox 2385 755 2468 798; x_wconf 89' lang='lat' dir='ltr'><strong>cst</strong></span> <span class='ocrx_word' id='word_1_144' title='bbox 2502 745 2552 796; x_wconf 91' lang='lat' dir='ltr'><strong>in</strong></span> <span class='ocrx_word' id='word_1_145' title='bbox 2584 733 2714 811; x_wconf 81' lang='lat' dir='ltr'><strong>Deo,</strong></span> <span class='ocrx_word' id='word_1_146' title='bbox 2750 759 2802 800; x_wconf 90' lang='lat' dir='ltr'><strong>et</strong></span> <span class='ocrx_word' id='word_1_147' title='bbox 2832 743 2962 799; x_wconf 85' lang='lat' dir='ltr'><strong>facit</strong></span> <span class='ocrx_word' id='word_1_148' title='bbox 2995 759 3191 798; x_wconf 89' lang='lat' dir='ltr'><strong>nonam</strong></span> <span class='ocrx_word' id='word_1_149' title='bbox 3222 785 3236 809; x_wconf 94' lang='lat'><strong>,</strong></span> <span class='ocrx_word' id='word_1_150' title='bbox 3266 753 3379 800; x_wconf 90' lang='lat' dir='ltr'><strong>tum</strong></span> <span class='ocrx_word' id='word_1_151' title='bbox 3413 746 3465 798; x_wconf 91' lang='lat' dir='ltr'><strong>in</strong></span> <span class='ocrx_word' id='word_1_152' title='bbox 3503 746 3643 798; x_wconf 85' lang='lat' dir='ltr'><strong>divi-</strong></span> 
     </span>
    </p>
   </div>
   <div class='ocr_carea' id='block_1_22' title="bbox 2069 837 3643 906">
    <p class='ocr_par' dir='ltr' id='par_1_22' title="bbox 2069 837 3643 906">
     <span class='ocr_line' id='line_1_22' title="bbox 2069 837 3643 906; baseline 0.001 -18"><span class='ocrx_word' id='word_1_153' title='bbox 2069 850 2192 889; x_wconf 89' lang='lat' dir='ltr'><strong>nam</strong></span> <span class='ocrx_word' id='word_1_154' title='bbox 2227 837 2650 905; x_wconf 83' lang='lat' dir='ltr'><strong>simplicitatem,</strong></span> <span class='ocrx_word' id='word_1_155' title='bbox 2704 848 2756 890; x_wconf 86' lang='lat' dir='ltr'><strong>et</strong></span> <span class='ocrx_word' id='word_1_156' title='bbox 2805 838 3036 891; x_wconf 74' lang='lat' dir='ltr'><strong>edit-itur</strong></span> <span class='ocrx_word' id='word_1_157' title='bbox 3078 839 3290 892; x_wconf 89' lang='lat' dir='ltr'><strong>decima</strong></span> <span class='ocrx_word' id='word_1_158' title='bbox 3337 838 3643 906; x_wconf 80' lang='lat' dir='ltr'><strong>eademque</strong></span> 
     </span>
    </p>
   </div>
   <div class='ocr_carea' id='block_1_23' title="bbox 2063 927 3644 1000">
    <p class='ocr_par' dir='ltr' id='par_1_23' title="bbox 2063 927 3644 1000">
     <span class='ocr_line' id='line_1_23' title="bbox 2063 927 3644 1000; baseline 0.004 -22"><span class='ocrx_word' id='word_1_159' title='bbox 2063 937 2302 1000; x_wconf 78' lang='lat' dir='ltr'><strong>extrema</strong></span> <span class='ocrx_word' id='word_1_160' title='bbox 2342 927 2527 981; x_wconf 86' lang='lat' dir='ltr'><strong>decas.</strong></span> <span class='ocrx_word' id='word_1_161' title='bbox 2565 927 2829 983; x_wconf 84' lang='lat' dir='ltr'><strong>Universa</strong></span> <span class='ocrx_word' id='word_1_162' title='bbox 2863 928 3049 997; x_wconf 87' lang='lat' dir='ltr'><strong>itaque</strong></span> <span class='ocrx_word' id='word_1_163' title='bbox 3088 929 3356 998; x_wconf 78' lang='lat' dir='ltr'><strong>expositio</strong></span> <span class='ocrx_word' id='word_1_164' title='bbox 3387 929 3644 984; x_wconf 89' lang='lat' dir='ltr'><strong>materia-</strong></span> 
     </span>
    </p>
   </div>
   <div class='ocr_carea' id='block_1_24' title="bbox 2063 1018 3640 1089">
    <p class='ocr_par' dir='ltr' id='par_1_24' title="bbox 2063 1018 3640 1089">
     <span class='ocr_line' id='line_1_24' title="bbox 2063 1018 3640 1089; baseline 0.004 -19"><span class='ocrx_word' id='word_1_165' title='bbox 2063 1018 2144 1070; x_wconf 90' lang='lat' dir='ltr'><strong>ria</strong></span> <span class='ocrx_word' id='word_1_166' title='bbox 2191 1031 2380 1071; x_wconf 89' lang='lat' dir='ltr'><strong>eorum</strong></span> <span class='ocrx_word' id='word_1_167' title='bbox 2432 1033 2554 1086; x_wconf 83' lang='lat' dir='ltr'><strong>quae.</strong></span> <span class='ocrx_word' id='word_1_168' title='bbox 2598 1019 2664 1071; x_wconf 84' lang='lat' dir='ltr'><strong>de</strong></span> <span class='ocrx_word' id='word_1_169' title='bbox 2716 1019 2825 1072; x_wconf 90' lang='lat' dir='ltr'><strong>Deo</strong></span> <span class='ocrx_word' id='word_1_170' title='bbox 2875 1036 2902 1072; x_wconf 89' lang='lat' dir='ltr'><strong>a</strong></span> <span class='ocrx_word' id='word_1_171' title='bbox 2945 1019 3208 1089; x_wconf 84' lang='lat' dir='ltr'><strong>theologis</strong></span> <span class='ocrx_word' id='word_1_172' title='bbox 3239 1020 3513 1085; x_wconf 87' lang='lat' dir='ltr'><strong>dicuntur,</strong></span> <span class='ocrx_word' id='word_1_173' title='bbox 3554 1021 3640 1077; x_wconf 86' lang='lat' dir='ltr'><strong>his</strong></span> 
     </span>
    </p>
   </div>
   <div class='ocr_carea' id='block_1_25' title="bbox 2065 1095 3637 1183">
    <p class='ocr_par' dir='ltr' id='par_1_25' title="bbox 2065 1095 3637 1183">
     <span class='ocr_line' id='line_1_25' title="bbox 2065 1095 3637 1183; baseline 0.004 -23"><span class='ocrx_word' id='word_1_174' title='bbox 2065 1095 2408 1163; x_wconf 67' lang='lat' dir='ltr'><strong>terminatur.</strong></span> <span class='ocrx_word' id='word_1_175' title='bbox 2437 1107 2660 1162; x_wconf 82' lang='lat' dir='ltr'><strong>Poterat</strong></span> <span class='ocrx_word' id='word_1_176' title='bbox 2705 1111 2871 1164; x_wconf 87' lang='lat' dir='ltr'><strong>etiam</strong></span> <span class='ocrx_word' id='word_1_177' title='bbox 2923 1112 3194 1166; x_wconf 83' lang='lat' dir='ltr'><strong>subdividi</strong></span> <span class='ocrx_word' id='word_1_178' title='bbox 3225 1123 3334 1166; x_wconf 91' lang='lat' dir='ltr'><strong>tota</strong></span> <span class='ocrx_word' id='word_1_179' title='bbox 3372 1114 3637 1183; x_wconf 75' lang='lat' dir='ltr'><strong>theologia</strong></span> 
     </span>
    </p>
   </div>
   <div class='ocr_carea' id='block_1_26' title="bbox 2061 1193 3641 1274">
    <p class='ocr_par' dir='ltr' id='par_1_26' title="bbox 2061 1193 3641 1274">
     <span class='ocr_line' id='line_1_26' title="bbox 2061 1193 3641 1274; baseline 0.003 -19"><span class='ocrx_word' id='word_1_180' title='bbox 2061 1202 2128 1256; x_wconf 86' lang='lat' dir='ltr'><strong>ad</strong></span> <span class='ocrx_word' id='word_1_181' title='bbox 2161 1201 2405 1272; x_wconf 87' lang='lat' dir='ltr'><strong>synibola</strong></span> <span class='ocrx_word' id='word_1_182' title='bbox 2440 1203 2740 1271; x_wconf 87' lang='lat' dir='ltr'><strong>pertinens,</strong></span> <span class='ocrx_word' id='word_1_183' title='bbox 2777 1203 2829 1256; x_wconf 86' lang='lat' dir='ltr'><strong>iii</strong></span> <span class='ocrx_word' id='word_1_184' title='bbox 2867 1204 3228 1259; x_wconf 80' lang='lat' dir='ltr'><strong>coitu-identia</strong></span> <span class='ocrx_word' id='word_1_185' title='bbox 3259 1204 3335 1274; x_wconf 73' lang='grc'><strong>(1)</strong></span> <span class='ocrx_word' id='word_1_186' title='bbox 3366 1193 3496 1258; x_wconf 86' lang='lat' dir='ltr'><strong>:sed</strong></span> <span class='ocrx_word' id='word_1_187' title='bbox 3527 1208 3641 1260; x_wconf 79' lang='lat' dir='ltr'><strong>Iure</strong></span> 
     </span>
    </p>
   </div>
   <div class='ocr_carea' id='block_1_27' title="bbox 2062 1294 3645 1363">
    <p class='ocr_par' dir='ltr' id='par_1_27' title="bbox 2062 1294 3645 1363">
     <span class='ocr_line' id='line_1_27' title="bbox 2062 1294 3645 1363; baseline 0.002 -17"><span class='ocrx_word' id='word_1_188' title='bbox 2062 1294 2196 1356; x_wconf 88' lang='lat' dir='ltr'><strong>fere,</strong></span> <span class='ocrx_word' id='word_1_189' title='bbox 2229 1296 2472 1363; x_wconf 81' lang='lat' dir='ltr'><strong>exceptis</strong></span> <span class='ocrx_word' id='word_1_190' title='bbox 2517 1295 2943 1363; x_wconf 79' lang='lat' dir='ltr'><strong>proprietatibus</strong></span> <span class='ocrx_word' id='word_1_191' title='bbox 2975 1311 3163 1349; x_wconf 89' lang='lat' dir='ltr'><strong>eorum</strong></span> <span class='ocrx_word' id='word_1_192' title='bbox 3187 1335 3202 1360; x_wconf 97' lang='lat'><strong>,</strong></span> <span class='ocrx_word' id='word_1_193' title='bbox 3252 1295 3304 1347; x_wconf 89' lang='lat' dir='ltr'><strong>in</strong></span> <span class='ocrx_word' id='word_1_194' title='bbox 3348 1297 3519 1363; x_wconf 70' lang='lat' dir='ltr'><strong>prima</strong></span> <span class='ocrx_word' id='word_1_195' title='bbox 3555 1297 3645 1349; x_wconf 84' lang='lat' dir='ltr'><strong>de-</strong></span> 
     </span>
    </p>
   </div>
   <div class='ocr_carea' id='block_1_28' title="bbox 2060 1386 3638 1456">
    <p class='ocr_par' dir='ltr' id='par_1_28' title="bbox 2060 1386 3638 1456">
     <span class='ocr_line' id='line_1_28' title="bbox 2060 1386 3638 1456; baseline 0.001 -16"><span class='ocrx_word' id='word_1_196' title='bbox 2060 1386 2192 1440; x_wconf 86' lang='lat' dir='ltr'><strong>cade</strong></span> <span class='ocrx_word' id='word_1_197' title='bbox 2232 1394 2463 1439; x_wconf 87' lang='lat' dir='ltr'><strong>tractata</strong></span> <span class='ocrx_word' id='word_1_198' title='bbox 2494 1399 2639 1440; x_wconf 89' lang='lat' dir='ltr'><strong>sunt.</strong></span> <span class='ocrx_word' id='word_1_199' title='bbox 2689 1386 2962 1441; x_wconf 81' lang='lat' dir='ltr'><strong>Fortassis</strong></span> <span class='ocrx_word' id='word_1_200' title='bbox 2990 1397 3168 1440; x_wconf 90' lang='lat' dir='ltr'><strong>autem</strong></span> <span class='ocrx_word' id='word_1_201' title='bbox 3203 1388 3314 1442; x_wconf 89' lang='lat' dir='ltr'><strong>Deo</strong></span> <span class='ocrx_word' id='word_1_202' title='bbox 3361 1388 3638 1456; x_wconf 85' lang='lat' dir='ltr'><strong>adjutore.</strong></span> 
     </span>
    </p>
   </div>
   <div class='ocr_carea' id='block_1_29' title="bbox 2061 1478 3644 1545">
    <p class='ocr_par' dir='ltr' id='par_1_29' title="bbox 2061 1478 3644 1545">
     <span class='ocr_line' id='line_1_29' title="bbox 2061 1478 3644 1545; baseline 0.004 -17"><span class='ocrx_word' id='word_1_203' title='bbox 2061 1488 2112 1528; x_wconf 87' lang='lat' dir='ltr'><strong>et</strong></span> <span class='ocrx_word' id='word_1_204' title='bbox 2145 1479 2357 1545; x_wconf 55' lang='lat' dir='ltr'><strong>copiam</strong></span> <span class='ocrx_word' id='word_1_205' title='bbox 2404 1479 2670 1532; x_wconf 88' lang='lat' dir='ltr'><strong>librorum</strong></span> <span class='ocrx_word' id='word_1_206' title='bbox 2704 1480 2846 1532; x_wconf 88' lang='lat' dir='ltr'><strong>nacti</strong></span> <span class='ocrx_word' id='word_1_207' title='bbox 2877 1478 2942 1532; x_wconf 89' lang='lat' dir='ltr'><strong>de</strong></span> <span class='ocrx_word' id='word_1_208' title='bbox 2975 1479 3058 1533; x_wconf 91' lang='lat' dir='ltr'><strong>his</strong></span> <span class='ocrx_word' id='word_1_209' title='bbox 3087 1480 3248 1532; x_wconf 75' lang='lat' dir='ltr'><strong>etiam</strong></span> <span class='ocrx_word' id='word_1_210' title='bbox 3288 1480 3644 1543; x_wconf 82' lang='lat' dir='ltr'><strong>disseremus,</strong></span> 
     </span>
    </p>
   </div>
   <div class='ocr_carea' id='block_1_30' title="bbox 2063 1567 3640 1638">
    <p class='ocr_par' dir='ltr' id='par_1_30' title="bbox 2063 1567 3640 1638">
     <span class='ocr_line' id='line_1_30' title="bbox 2063 1567 3640 1638; baseline 0.004 -21"><span class='ocrx_word' id='word_1_211' title='bbox 2063 1581 2209 1619; x_wconf 88' lang='lat' dir='ltr'><strong>nunc</strong></span> <span class='ocrx_word' id='word_1_212' title='bbox 2254 1567 2396 1620; x_wconf 91' lang='lat' dir='ltr'><strong>enim</strong></span> <span class='ocrx_word' id='word_1_213' title='bbox 2443 1567 2568 1637; x_wconf 88' lang='lat' dir='ltr'><strong>quia</strong></span> <span class='ocrx_word' id='word_1_214' title='bbox 2609 1570 3045 1637; x_wconf 81' lang='lat' dir='ltr'><strong>exagitabantur,</strong></span> <span class='ocrx_word' id='word_1_215' title='bbox 3079 1577 3133 1623; x_wconf 88' lang='lat' dir='ltr'><strong>et</strong></span> <span class='ocrx_word' id='word_1_216' title='bbox 3187 1569 3313 1623; x_wconf 86' lang='lat' dir='ltr'><strong>odio</strong></span> <span class='ocrx_word' id='word_1_217' title='bbox 3355 1573 3526 1638; x_wconf 82' lang='lat' dir='ltr'><strong>gratis</strong></span> <span class='ocrx_word' id='word_1_218' title='bbox 3571 1571 3640 1624; x_wconf 87' lang='lat' dir='ltr'><strong>ab</strong></span> 
     </span>
    </p>
   </div>
   <div class='ocr_carea' id='block_1_31' title="bbox 2060 1656 3645 1721">
    <p class='ocr_par' dir='ltr' id='par_1_31' title="bbox 2060 1656 3645 1721">
     <span class='ocr_line' id='line_1_31' title="bbox 2060 1656 3645 1721; baseline 0.005 -14"><span class='ocrx_word' id='word_1_219' title='bbox 2060 1656 2311 1711; x_wconf 89' lang='lat' dir='ltr'><strong>omnibus</strong></span> <span class='ocrx_word' id='word_1_220' title='bbox 2349 1658 2706 1721; x_wconf 82' lang='lat' dir='ltr'><strong>habebantur,</strong></span> <span class='ocrx_word' id='word_1_221' title='bbox 2741 1659 2894 1714; x_wconf 86' lang='lat' dir='ltr'><strong>libris</strong></span> <span class='ocrx_word' id='word_1_222' title='bbox 2925 1670 2977 1714; x_wconf 85' lang='lat' dir='ltr'><strong>et</strong></span> <span class='ocrx_word' id='word_1_223' title='bbox 3022 1659 3134 1714; x_wconf 91' lang='lat' dir='ltr'><strong>otio</strong></span> <span class='ocrx_word' id='word_1_224' title='bbox 3182 1661 3246 1714; x_wconf 88' lang='lat' dir='ltr'><strong>ad</strong></span> <span class='ocrx_word' id='word_1_225' title='bbox 3305 1660 3421 1716; x_wconf 76' lang='lat' dir='ltr'><strong>hth</strong></span> <span class='ocrx_word' id='word_1_226' title='bbox 3470 1661 3645 1715; x_wconf 82' lang='lat' dir='ltr'><strong>medi-</strong></span> 
     </span>
    </p>
   </div>
   <div class='ocr_carea' id='block_1_32' title="bbox 2060 1748 3642 1820">
    <p class='ocr_par' dir='ltr' id='par_1_32' title="bbox 2060 1748 3642 1820">
     <span class='ocr_line' id='line_1_32' title="bbox 2060 1748 3642 1820; baseline 0.003 -19"><span class='ocrx_word' id='word_1_227' title='bbox 2060 1748 2245 1812; x_wconf 86' lang='lat' dir='ltr'><strong>tanda,</strong></span> <span class='ocrx_word' id='word_1_228' title='bbox 2268 1759 2321 1801; x_wconf 89' lang='lat' dir='ltr'><strong>et</strong></span> <span class='ocrx_word' id='word_1_229' title='bbox 2346 1749 2414 1803; x_wconf 91' lang='lat' dir='ltr'><strong>iis</strong></span> <span class='ocrx_word' id='word_1_230' title='bbox 2445 1765 2567 1818; x_wconf 70' lang='lat' dir='ltr'><strong>qua:</strong></span> <span class='ocrx_word' id='word_1_231' title='bbox 2588 1751 2652 1803; x_wconf 90' lang='lat' dir='ltr'><strong>ad</strong></span> <span class='ocrx_word' id='word_1_232' title='bbox 2679 1749 2840 1803; x_wconf 88' lang='lat' dir='ltr'><strong>aliam</strong></span> <span class='ocrx_word' id='word_1_233' title='bbox 2873 1750 3155 1804; x_wconf 86' lang='lat' dir='ltr'><strong>meliorem</strong></span> <span class='ocrx_word' id='word_1_234' title='bbox 3183 1751 3642 1820; x_wconf 84' lang='lat' dir='ltr'><strong>compositionem</strong></span> 
     </span>
    </p>
   </div>
   <div class='ocr_carea' id='block_1_33' title="bbox 385 1818 3647 1912">
    <p class='ocr_par' dir='ltr' id='par_1_33' title="bbox 385 1818 3647 1912">
     <span class='ocr_line' id='line_1_33' title="bbox 385 1818 3647 1912; baseline -0.002 -14"><span class='ocrx_word' id='word_1_235' title='bbox 385 1846 600 1899; x_wconf 90' lang='lat' dir='ltr'><strong>duabus</strong></span> <span class='ocrx_word' id='word_1_236' title='bbox 654 1843 874 1910; x_wconf 83' lang='lat' dir='ltr'><strong>quidem</strong></span> <span class='ocrx_word' id='word_1_237' title='bbox 910 1841 1081 1912; x_wconf 89' lang='lat' dir='ltr'><strong>prima</strong></span> <span class='ocrx_word' id='word_1_238' title='bbox 1112 1839 1277 1894; x_wconf 86' lang='lat' dir='ltr'><strong>decas</strong></span> <span class='ocrx_word' id='word_1_239' title='bbox 1328 1837 1640 1898; x_wconf 87' lang='lat' dir='ltr'><strong>conficitur,</strong></span> <span class='ocrx_word' id='word_1_240' title='bbox 1669 1851 1776 1906; x_wconf 89' lang='lat' dir='ltr'><strong>qua</strong></span> <span class='ocrx_word' id='word_1_241' title='bbox 1805 1837 1954 1890; x_wconf 88' lang='lat' dir='ltr'><strong>theo-</strong></span> <span class='ocrx_word' id='word_1_242' title='bbox 1985 1818 2024 1878; x_wconf 69' lang='grc' dir='ltr'><strong>Β</strong></span> <span class='ocrx_word' id='word_1_243' title='bbox 2055 1839 2358 1906; x_wconf 85' lang='lat' dir='ltr'><strong>pertinent,</strong></span> <span class='ocrx_word' id='word_1_244' title='bbox 2390 1841 2669 1894; x_wconf 83' lang='lat' dir='ltr'><strong>caruimus</strong></span> <span class='ocrx_word' id='word_1_245' title='bbox 2691 1857 2708 1905; x_wconf 91' lang='lat'><strong>;</strong></span> <span class='ocrx_word' id='word_1_246' title='bbox 2733 1855 2839 1908; x_wconf 87' lang='lat' dir='ltr'><strong>quo</strong></span> <span class='ocrx_word' id='word_1_247' title='bbox 2873 1841 3017 1895; x_wconf 89' lang='lat' dir='ltr'><strong>circa</strong></span> <span class='ocrx_word' id='word_1_248' title='bbox 3068 1840 3182 1895; x_wconf 70' lang='lat' dir='ltr'><strong>haec</strong></span> <span class='ocrx_word' id='word_1_249' title='bbox 3210 1818 3332 1910; x_wconf 49' lang='lat' dir='ltr'><strong>qua;</strong></span> <span class='ocrx_word' id='word_1_250' title='bbox 3373 1855 3520 1895; x_wconf 91' lang='lat' dir='ltr'><strong>nunc</strong></span> <span class='ocrx_word' id='word_1_251' title='bbox 3547 1855 3647 1894; x_wconf 83' lang='lat' dir='ltr'><strong>ex-</strong></span> 
     </span>
    </p>
   </div>
   <div class='ocr_carea' id='block_1_34' title="bbox 379 1929 1960 2004">
    <p class='ocr_par' dir='ltr' id='par_1_34' title="bbox 379 1929 1960 2004">
     <span class='ocr_line' id='line_1_34' title="bbox 379 1929 1960 2004; baseline -0.005 -16"><span class='ocrx_word' id='word_1_252' title='bbox 379 1935 522 2003; x_wconf 86' lang='lat' dir='ltr'><strong>logia</strong></span> <span class='ocrx_word' id='word_1_253' title='bbox 577 1934 871 2004; x_wconf 79' lang='lat' dir='ltr'><strong>symbolica</strong></span> <span class='ocrx_word' id='word_1_254' title='bbox 931 1933 983 1985; x_wconf 92' lang='lat' dir='ltr'><strong>in</strong></span> <span class='ocrx_word' id='word_1_255' title='bbox 1035 1931 1348 1984; x_wconf 86' lang='lat' dir='ltr'><strong>universum</strong></span> <span class='ocrx_word' id='word_1_256' title='bbox 1394 1929 1747 1994; x_wconf 84' lang='lat' dir='ltr'><strong>continetur;</strong></span> <span class='ocrx_word' id='word_1_257' title='bbox 1775 1942 1838 1982; x_wconf 82' lang='lat' dir='ltr'><strong>ex</strong></span> <span class='ocrx_word' id='word_1_258' title='bbox 1872 1941 1960 1981; x_wconf 87' lang='lat' dir='ltr'><strong>re-</strong></span> 
     </span>
    </p>
   </div>
   <div class='ocr_carea' id='block_1_35' title="bbox 361 2019 1962 2096">
    <p class='ocr_par' dir='ltr' id='par_1_35' title="bbox 361 2019 1962 2096">
     <span class='ocr_line' id='line_1_35' title="bbox 361 2019 1962 2096; baseline -0.006 -16"><span class='ocrx_word' id='word_1_259' title='bbox 361 2027 548 2096; x_wconf 77' lang='lat' dir='ltr'><strong>liquis</strong></span> <span class='ocrx_word' id='word_1_260' title='bbox 644 2040 773 2079; x_wconf 77' lang='lat' dir='ltr'><strong>vero</strong></span> <span class='ocrx_word' id='word_1_261' title='bbox 871 2023 1086 2078; x_wconf 84' lang='lat' dir='ltr'><strong>duabus</strong></span> <span class='ocrx_word' id='word_1_262' title='bbox 1173 2020 1455 2085; x_wconf 84' lang='lat' dir='ltr'><strong>secunda,</strong></span> <span class='ocrx_word' id='word_1_263' title='bbox 1511 2033 1617 2089; x_wconf 91' lang='lat' dir='ltr'><strong>qua</strong></span> <span class='ocrx_word' id='word_1_264' title='bbox 1690 2019 1962 2087; x_wconf 73' lang='lat' dir='ltr'><strong>theologia</strong></span> 
     </span>
    </p>
   </div>
   <div class='ocr_carea' id='block_1_36' title="bbox 381 2109 1959 2179">
    <p class='ocr_par' dir='ltr' id='par_1_36' title="bbox 381 2109 1959 2179">
     <span class='ocr_line' id='line_1_36' title="bbox 381 2109 1959 2179; baseline -0.006 -7"><span class='ocrx_word' id='word_1_265' title='bbox 381 2116 810 2172; x_wconf 87' lang='lat' dir='ltr'><strong>demonstrativa</strong></span> <span class='ocrx_word' id='word_1_266' title='bbox 884 2115 937 2168; x_wconf 93' lang='lat' dir='ltr'><strong>in</strong></span> <span class='ocrx_word' id='word_1_267' title='bbox 984 2114 1296 2168; x_wconf 84' lang='lat' dir='ltr'><strong>universum</strong></span> <span class='ocrx_word' id='word_1_268' title='bbox 1369 2111 1496 2166; x_wconf 86' lang='lat' dir='ltr'><strong>item</strong></span> <span class='ocrx_word' id='word_1_269' title='bbox 1561 2109 1959 2179; x_wconf 89' lang='lat' dir='ltr'><strong>comprehensa</strong></span> 
     </span>
    </p>
   </div>
   <div class='ocr_carea' id='block_1_37' title="bbox 381 2202 1958 2276">
    <p class='ocr_par' dir='ltr' id='par_1_37' title="bbox 381 2202 1958 2276">
     <span class='ocr_line' id='line_1_37' title="bbox 381 2202 1958 2276; baseline -0.003 -14"><span class='ocrx_word' id='word_1_270' title='bbox 381 2218 503 2274; x_wconf 86' lang='lat' dir='ltr'><strong>est;</strong></span> <span class='ocrx_word' id='word_1_271' title='bbox 536 2208 726 2263; x_wconf 87' lang='lat' dir='ltr'><strong>deinde</strong></span> <span class='ocrx_word' id='word_1_272' title='bbox 759 2207 1028 2276; x_wconf 82' lang='lat' dir='ltr'><strong>theologia</strong></span> <span class='ocrx_word' id='word_1_273' title='bbox 1063 2205 1495 2260; x_wconf 88' lang='lat' dir='ltr'><strong>demonstrativa</strong></span> <span class='ocrx_word' id='word_1_274' title='bbox 1544 2202 1813 2271; x_wconf 86' lang='lat' dir='ltr'><strong>generalis</strong></span> <span class='ocrx_word' id='word_1_275' title='bbox 1842 2202 1958 2257; x_wconf 80' lang='lat' dir='ltr'><strong>dis-</strong></span> 
     </span>
    </p>
   </div>
   <div class='ocr_carea' id='block_1_38' title="bbox 383 2292 1953 2366">
    <p class='ocr_par' dir='ltr' id='par_1_38' title="bbox 383 2292 1953 2366">
     <span class='ocr_line' id='line_1_38' title="bbox 383 2292 1953 2366; baseline -0.004 -16"><span class='ocrx_word' id='word_1_276' title='bbox 383 2297 649 2366; x_wconf 79' lang='lat' dir='ltr'><strong>tinguitur</strong></span> <span class='ocrx_word' id='word_1_277' title='bbox 717 2295 770 2349; x_wconf 94' lang='lat' dir='ltr'><strong>in</strong></span> <span class='ocrx_word' id='word_1_278' title='bbox 819 2305 1041 2365; x_wconf 87' lang='lat' dir='ltr'><strong>partes:</strong></span> <span class='ocrx_word' id='word_1_279' title='bbox 1070 2293 1390 2347; x_wconf 78' lang='lat' dir='ltr'><strong>aliirmativa</strong></span> <span class='ocrx_word' id='word_1_280' title='bbox 1433 2292 1651 2362; x_wconf 87' lang='lat' dir='ltr'><strong>quidem</strong></span> <span class='ocrx_word' id='word_1_281' title='bbox 1698 2292 1953 2360; x_wconf 86' lang='lat' dir='ltr'><strong>partitur,</strong></span> 
     </span>
    </p>
   </div>
   <div class='ocr_carea' id='block_1_39' title="bbox 384 2383 1957 2453">
    <p class='ocr_par' dir='ltr' id='par_1_39' title="bbox 384 2383 1957 2453">
     <span class='ocr_line' id='line_1_39' title="bbox 384 2383 1957 2453; baseline -0.003 -10"><span class='ocrx_word' id='word_1_282' title='bbox 384 2399 502 2443; x_wconf 86' lang='lat' dir='ltr'><strong>tum</strong></span> <span class='ocrx_word' id='word_1_283' title='bbox 533 2389 584 2442; x_wconf 92' lang='lat' dir='ltr'><strong>in</strong></span> <span class='ocrx_word' id='word_1_284' title='bbox 622 2388 835 2443; x_wconf 85' lang='lat' dir='ltr'><strong>divinas</strong></span> <span class='ocrx_word' id='word_1_285' title='bbox 869 2388 1248 2442; x_wconf 89' lang='lat' dir='ltr'><strong>emanatioues</strong></span> <span class='ocrx_word' id='word_1_286' title='bbox 1272 2425 1287 2450; x_wconf 93' lang='lat'><strong>,</strong></span> <span class='ocrx_word' id='word_1_287' title='bbox 1322 2395 1375 2439; x_wconf 90' lang='lat' dir='ltr'><strong>et</strong></span> <span class='ocrx_word' id='word_1_288' title='bbox 1425 2383 1556 2439; x_wconf 87' lang='lat' dir='ltr'><strong>facit</strong></span> <span class='ocrx_word' id='word_1_289' title='bbox 1588 2383 1703 2438; x_wconf 70' lang='lat' dir='ltr'><strong>haec</strong></span> <span class='ocrx_word' id='word_1_290' title='bbox 1737 2383 1957 2453; x_wconf 91' lang='lat' dir='ltr'><strong>partitio</strong></span> 
     </span>
    </p>
   </div>
   <div class='ocr_carea' id='block_1_40' title="bbox 383 2464 1958 2544">
    <p class='ocr_par' dir='ltr' id='par_1_40' title="bbox 383 2464 1958 2544">
     <span class='ocr_line' id='line_1_40' title="bbox 383 2464 1958 2544; baseline -0.004 -9"><span class='ocrx_word' id='word_1_291' title='bbox 383 2481 603 2535; x_wconf 88' lang='lat' dir='ltr'><strong>tertiam</strong></span> <span class='ocrx_word' id='word_1_292' title='bbox 635 2479 932 2544; x_wconf 86' lang='lat' dir='ltr'><strong>decadem;</strong></span> <span class='ocrx_word' id='word_1_293' title='bbox 969 2488 1083 2533; x_wconf 90' lang='lat' dir='ltr'><strong>tum</strong></span> <span class='ocrx_word' id='word_1_294' title='bbox 1115 2478 1169 2531; x_wconf 91' lang='lat' dir='ltr'><strong>in</strong></span> <span class='ocrx_word' id='word_1_295' title='bbox 1214 2475 1380 2530; x_wconf 90' lang='lat' dir='ltr'><strong>divini</strong></span> <span class='ocrx_word' id='word_1_296' title='bbox 1423 2473 1660 2530; x_wconf 88' lang='lat' dir='ltr'><strong>nominis</strong></span> <span class='ocrx_word' id='word_1_297' title='bbox 1690 2464 1958 2529; x_wconf 80' lang='lat' dir='ltr'><strong>informa-</strong></span> 
     </span>
    </p>
   </div>
   <div class='ocr_carea' id='block_1_41' title="bbox 387 2565 1959 2637">
    <p class='ocr_par' dir='ltr' id='par_1_41' title="bbox 387 2565 1959 2637">
     <span class='ocr_line' id='line_1_41' title="bbox 387 2565 1959 2637; baseline -0.003 -13"><span class='ocrx_word' id='word_1_298' title='bbox 387 2571 616 2634; x_wconf 82' lang='lat' dir='ltr'><strong>tionem,</strong></span> <span class='ocrx_word' id='word_1_299' title='bbox 672 2579 726 2624; x_wconf 88' lang='lat' dir='ltr'><strong>et</strong></span> <span class='ocrx_word' id='word_1_300' title='bbox 779 2569 908 2624; x_wconf 81' lang='lat' dir='ltr'><strong>facit</strong></span> <span class='ocrx_word' id='word_1_301' title='bbox 959 2577 1231 2637; x_wconf 88' lang='lat' dir='ltr'><strong>quartam.</strong></span> <span class='ocrx_word' id='word_1_302' title='bbox 1279 2565 1492 2620; x_wconf 75' lang='lat' dir='ltr'><strong>Rursus</strong></span> <span class='ocrx_word' id='word_1_303' title='bbox 1537 2565 1650 2634; x_wconf 89' lang='lat' dir='ltr'><strong>ipsa</strong></span> <span class='ocrx_word' id='word_1_304' title='bbox 1704 2566 1959 2620; x_wconf 89' lang='lat' dir='ltr'><strong>materies</strong></span> 
     </span>
    </p>
   </div>
   <div class='ocr_carea' id='block_1_42' title="bbox 386 2658 1961 2729">
    <p class='ocr_par' dir='ltr' id='par_1_42' title="bbox 386 2658 1961 2729">
     <span class='ocr_line' id='line_1_42' title="bbox 386 2658 1961 2729; baseline -0.001 -15"><span class='ocrx_word' id='word_1_305' title='bbox 386 2661 695 2729; x_wconf 62' lang='lat' dir='ltr'><strong>diyiuarutu</strong></span> <span class='ocrx_word' id='word_1_306' title='bbox 744 2663 1151 2722; x_wconf 86' lang='lat' dir='ltr'><strong>emanationum</strong></span> <span class='ocrx_word' id='word_1_307' title='bbox 1204 2660 1466 2719; x_wconf 76' lang='lat' dir='ltr'><strong>dividitur</strong></span> <span class='ocrx_word' id='word_1_308' title='bbox 1506 2659 1559 2712; x_wconf 92' lang='lat' dir='ltr'><strong>in</strong></span> <span class='ocrx_word' id='word_1_309' title='bbox 1601 2658 1961 2726; x_wconf 86' lang='lat' dir='ltr'><strong>proprietates</strong></span> 
     </span>
    </p>
   </div>
   <div class='ocr_carea' id='block_1_43' title="bbox 386 2749 1968 2820">
    <p class='ocr_par' dir='ltr' id='par_1_43' title="bbox 386 2749 1968 2820">
     <span class='ocr_line' id='line_1_43' title="bbox 386 2749 1968 2820; baseline -0.003 -13"><span class='ocrx_word' id='word_1_310' title='bbox 386 2754 693 2808; x_wconf 88' lang='lat' dir='ltr'><strong>divinorum</strong></span> <span class='ocrx_word' id='word_1_311' title='bbox 727 2753 1029 2819; x_wconf 90' lang='lat' dir='ltr'><strong>nominum,</strong></span> <span class='ocrx_word' id='word_1_312' title='bbox 1075 2761 1128 2807; x_wconf 91' lang='lat' dir='ltr'><strong>et</strong></span> <span class='ocrx_word' id='word_1_313' title='bbox 1177 2751 1407 2805; x_wconf 89' lang='lat' dir='ltr'><strong>efIicitur</strong></span> <span class='ocrx_word' id='word_1_314' title='bbox 1453 2750 1644 2820; x_wconf 90' lang='lat' dir='ltr'><strong>quinta</strong></span> <span class='ocrx_word' id='word_1_315' title='bbox 1689 2749 1873 2812; x_wconf 89' lang='lat' dir='ltr'><strong>decas,</strong></span> <span class='ocrx_word' id='word_1_316' title='bbox 1915 2759 1968 2803; x_wconf 90' lang='lat' dir='ltr'><strong>et</strong></span> 
     </span>
    </p>
   </div>
   <div class='ocr_carea' id='block_1_44' title="bbox 386 2840 1968 2912">
    <p class='ocr_par' dir='ltr' id='par_1_44' title="bbox 386 2840 1968 2912">
     <span class='ocr_line' id='line_1_44' title="bbox 386 2840 1968 2912; baseline -0.004 -11"><span class='ocrx_word' id='word_1_317' title='bbox 386 2856 536 2901; x_wconf 85' lang='lat' dir='ltr'><strong>sexta</strong></span> <span class='ocrx_word' id='word_1_318' title='bbox 569 2863 582 2900; x_wconf 93' lang='lat'><strong>:</strong></span> <span class='ocrx_word' id='word_1_319' title='bbox 612 2858 666 2900; x_wconf 86' lang='lat' dir='ltr'><strong>et</strong></span> <span class='ocrx_word' id='word_1_320' title='bbox 697 2847 748 2900; x_wconf 92' lang='lat' dir='ltr'><strong>in</strong></span> <span class='ocrx_word' id='word_1_321' title='bbox 780 2845 996 2900; x_wconf 87' lang='lat' dir='ltr'><strong>divinas</strong></span> <span class='ocrx_word' id='word_1_322' title='bbox 1043 2843 1506 2912; x_wconf 76' lang='lat' dir='ltr'><strong>partieipationes,</strong></span> <span class='ocrx_word' id='word_1_323' title='bbox 1537 2847 1593 2894; x_wconf 91' lang='lat' dir='ltr'><strong>et</strong></span> <span class='ocrx_word' id='word_1_324' title='bbox 1641 2840 1699 2893; x_wconf 89' lang='lat' dir='ltr'><strong>fit</strong></span> <span class='ocrx_word' id='word_1_325' title='bbox 1735 2840 1968 2908; x_wconf 83' lang='lat' dir='ltr'><strong>septima</strong></span> 
     </span>
    </p>
   </div>
   <div class='ocr_carea' id='block_1_45' title="bbox 392 2931 1970 3006">
    <p class='ocr_par' dir='ltr' id='par_1_45' title="bbox 392 2931 1970 3006">
     <span class='ocr_line' id='line_1_45' title="bbox 392 2931 1970 3006; baseline -0.005 -13"><span class='ocrx_word' id='word_1_326' title='bbox 392 2941 556 2995; x_wconf 88' lang='lat' dir='ltr'><strong>decas</strong></span> <span class='ocrx_word' id='word_1_327' title='bbox 589 2957 605 2993; x_wconf 86' lang='lat'><strong>:</strong></span> <span class='ocrx_word' id='word_1_328' title='bbox 646 2940 737 2995; x_wconf 90' lang='lat' dir='ltr'><strong>hic</strong></span> <span class='ocrx_word' id='word_1_329' title='bbox 778 2939 980 2993; x_wconf 85' lang='lat' dir='ltr'><strong>desinit</strong></span> <span class='ocrx_word' id='word_1_330' title='bbox 1021 2951 1148 3006; x_wconf 87' lang='lat' dir='ltr'><strong>pars</strong></span> <span class='ocrx_word' id='word_1_331' title='bbox 1197 2933 1480 3004; x_wconf 73' lang='lat' dir='ltr'><strong>theologia:</strong></span> <span class='ocrx_word' id='word_1_332' title='bbox 1528 2931 1970 2986; x_wconf 66' lang='lat' dir='ltr'><strong>demonstrativa:</strong></span> 
     </span>
    </p>
   </div>
   <div class='ocr_carea' id='block_1_46' title="bbox 2064 1929 3732 2001">
    <p class='ocr_par' dir='ltr' id='par_1_46' title="bbox 2064 1929 3732 2001">
     <span class='ocr_line' id='line_1_46' title="bbox 2064 1929 3732 2001; baseline 0.002 -19"><span class='ocrx_word' id='word_1_333' title='bbox 2064 1929 2350 1998; x_wconf 88' lang='lat' dir='ltr'><strong>posuimus</strong></span> <span class='ocrx_word' id='word_1_334' title='bbox 2379 1970 2393 1996; x_wconf 89' lang='lat'><strong>,</strong></span> <span class='ocrx_word' id='word_1_335' title='bbox 2432 1946 2629 2001; x_wconf 80' lang='lat' dir='ltr'><strong>magno</strong></span> <span class='ocrx_word' id='word_1_336' title='bbox 2663 1931 2850 1985; x_wconf 87' lang='lat' dir='ltr'><strong>labore</strong></span> <span class='ocrx_word' id='word_1_337' title='bbox 2900 1933 3245 2001; x_wconf 79' lang='lat' dir='ltr'><strong>collegimus,</strong></span> <span class='ocrx_word' id='word_1_338' title='bbox 3288 1935 3536 2001; x_wconf 80' lang='lat' dir='ltr'><strong>quaedam</strong></span> <span class='ocrx_word' id='word_1_339' title='bbox 3572 1947 3640 1986; x_wconf 76' lang='lat' dir='ltr'><strong>ex</strong></span> <span class='ocrx_word' id='word_1_340' title='bbox 3726 1965 3732 1968; x_wconf 95' lang='lat'><strong><em>-</em></strong></span> 
     </span>
    </p>
   </div>
   <div class='ocr_carea' id='block_1_47' title="bbox 2062 2019 3641 2092">
    <p class='ocr_par' dir='ltr' id='par_1_47' title="bbox 2062 2019 3641 2092">
     <span class='ocr_line' id='line_1_47' title="bbox 2062 2019 3641 2092; baseline 0.004 -20"><span class='ocrx_word' id='word_1_341' title='bbox 2062 2020 2147 2075; x_wconf 89' lang='lat' dir='ltr'><strong>his</strong></span> <span class='ocrx_word' id='word_1_342' title='bbox 2172 2023 2384 2076; x_wconf 88' lang='lat' dir='ltr'><strong>occulte</strong></span> <span class='ocrx_word' id='word_1_343' title='bbox 2411 2033 2462 2077; x_wconf 89' lang='lat' dir='ltr'><strong>et</strong></span> <span class='ocrx_word' id='word_1_344' title='bbox 2499 2021 2706 2086; x_wconf 86' lang='lat' dir='ltr'><strong>furtim,</strong></span> <span class='ocrx_word' id='word_1_345' title='bbox 2738 2025 2801 2076; x_wconf 83' lang='lat' dir='ltr'><strong>ad</strong></span> <span class='ocrx_word' id='word_1_346' title='bbox 2820 2019 2972 2078; x_wconf 83' lang='lat' dir='ltr'><strong>&#39;alios</strong></span> <span class='ocrx_word' id='word_1_347' title='bbox 3005 2040 3136 2078; x_wconf 90' lang='lat' dir='ltr'><strong>usus</strong></span> <span class='ocrx_word' id='word_1_348' title='bbox 3172 2034 3224 2078; x_wconf 91' lang='lat' dir='ltr'><strong>et</strong></span> <span class='ocrx_word' id='word_1_349' title='bbox 3257 2034 3474 2092; x_wconf 71' lang='lat' dir='ltr'><strong>propter</strong></span> <span class='ocrx_word' id='word_1_350' title='bbox 3504 2024 3590 2079; x_wconf 84' lang='lat' dir='ltr'><strong>ali:</strong></span> <span class='ocrx_word' id='word_1_351' title='bbox 3615 2040 3641 2078; x_wconf 93' lang='lat' dir='ltr'><strong>s</strong></span> 
     </span>
    </p>
   </div>
   <div class='ocr_carea' id='block_1_48' title="bbox 2063 2115 3631 2184">
    <p class='ocr_par' dir='ltr' id='par_1_48' title="bbox 2063 2115 3631 2184">
     <span class='ocr_line' id='line_1_48' title="bbox 2063 2115 3631 2184; baseline 0.001 -17"><span class='ocrx_word' id='word_1_352' title='bbox 2063 2115 2385 2184; x_wconf 85' lang='lat' dir='ltr'><strong>occasiones</strong></span> <span class='ocrx_word' id='word_1_353' title='bbox 2427 2115 2712 2169; x_wconf 89' lang='lat' dir='ltr'><strong>nobiscum</strong></span> <span class='ocrx_word' id='word_1_354' title='bbox 2746 2123 3026 2182; x_wconf 84' lang='lat' dir='ltr'><strong>portantes</strong></span> <span class='ocrx_word' id='word_1_355' title='bbox 3058 2131 3073 2170; x_wconf 89' lang='lat'><strong>:</strong></span> <span class='ocrx_word' id='word_1_356' title='bbox 3105 2116 3174 2170; x_wconf 91' lang='lat' dir='ltr'><strong>ob</strong></span> <span class='ocrx_word' id='word_1_357' title='bbox 3225 2121 3363 2169; x_wconf 88' lang='lat' dir='ltr'><strong>hanc</strong></span> <span class='ocrx_word' id='word_1_358' title='bbox 3409 2131 3631 2169; x_wconf 74' lang='lat' dir='ltr'><strong>causam</strong></span> 
     </span>
    </p>
   </div>
   <div class='ocr_carea' id='block_1_49' title="bbox 2064 2203 3640 2274">
    <p class='ocr_par' dir='ltr' id='par_1_49' title="bbox 2064 2203 3640 2274">
     <span class='ocr_line' id='line_1_49' title="bbox 2064 2203 3640 2274; baseline 0 -16"><span class='ocrx_word' id='word_1_359' title='bbox 2064 2204 2254 2258; x_wconf 90' lang='lat' dir='ltr'><strong>multis</strong></span> <span class='ocrx_word' id='word_1_360' title='bbox 2299 2203 2634 2272; x_wconf 77' lang='lat' dir='ltr'><strong>adiumentis</strong></span> <span class='ocrx_word' id='word_1_361' title='bbox 2665 2204 2730 2258; x_wconf 90' lang='lat' dir='ltr'><strong>ad</strong></span> <span class='ocrx_word' id='word_1_362' title='bbox 2769 2204 3160 2272; x_wconf 76' lang='lat' dir='ltr'><strong>perfectionem</strong></span> <span class='ocrx_word' id='word_1_363' title='bbox 3197 2205 3392 2259; x_wconf 89' lang='lat' dir='ltr'><strong>horum</strong></span> <span class='ocrx_word' id='word_1_364' title='bbox 3441 2204 3640 2274; x_wconf 83' lang='lat' dir='ltr'><strong>privati</strong></span> 
     </span>
    </p>
   </div>
   <div class='ocr_carea' id='block_1_50' title="bbox 2061 2295 3637 2364">
    <p class='ocr_par' dir='ltr' id='par_1_50' title="bbox 2061 2295 3637 2364">
     <span class='ocr_line' id='line_1_50' title="bbox 2061 2295 3637 2364; baseline 0 -14"><span class='ocrx_word' id='word_1_365' title='bbox 2061 2295 2292 2358; x_wconf 87' lang='lat' dir='ltr'><strong>fuimus,</strong></span> <span class='ocrx_word' id='word_1_366' title='bbox 2319 2295 2414 2349; x_wconf 90' lang='lat' dir='ltr'><strong>sed</strong></span> <span class='ocrx_word' id='word_1_367' title='bbox 2451 2295 2666 2349; x_wconf 87' lang='lat' dir='ltr'><strong>interim</strong></span> <span class='ocrx_word' id='word_1_368' title='bbox 2695 2297 2764 2350; x_wconf 83' lang='lat' dir='ltr'><strong>ab</strong></span> <span class='ocrx_word' id='word_1_369' title='bbox 2791 2295 2857 2350; x_wconf 92' lang='lat' dir='ltr'><strong>iis</strong></span> <span class='ocrx_word' id='word_1_370' title='bbox 2905 2311 3025 2364; x_wconf 86' lang='lat' dir='ltr'><strong>quae</strong></span> <span class='ocrx_word' id='word_1_371' title='bbox 3057 2296 3291 2360; x_wconf 80' lang='lat' dir='ltr'><strong>maxime</strong></span> <span class='ocrx_word' id='word_1_372' title='bbox 3326 2300 3637 2352; x_wconf 86' lang='lat' dir='ltr'><strong>necessaria</strong></span> 
     </span>
    </p>
   </div>
   <div class='ocr_carea' id='block_1_51' title="bbox 2058 2386 3643 2457">
    <p class='ocr_par' dir='ltr' id='par_1_51' title="bbox 2058 2386 3643 2457">
     <span class='ocr_line' id='line_1_51' title="bbox 2058 2386 3643 2457; baseline 0.001 -18"><span class='ocrx_word' id='word_1_373' title='bbox 2058 2394 2234 2451; x_wconf 89' lang='lat' dir='ltr'><strong>erant,</strong></span> <span class='ocrx_word' id='word_1_374' title='bbox 2261 2401 2368 2441; x_wconf 90' lang='lat' dir='ltr'><strong>non</strong></span> <span class='ocrx_word' id='word_1_375' title='bbox 2407 2386 2806 2443; x_wconf 85' lang='lat' dir='ltr'><strong>aberravimus.</strong></span> <span class='ocrx_word' id='word_1_376' title='bbox 2849 2388 3124 2457; x_wconf 76' lang='lat' dir='ltr'><strong>Expositio</strong></span> <span class='ocrx_word' id='word_1_377' title='bbox 3158 2397 3337 2444; x_wconf 87' lang='lat' dir='ltr'><strong>autem</strong></span> <span class='ocrx_word' id='word_1_378' title='bbox 3383 2391 3643 2445; x_wconf 82' lang='lat' dir='ltr'><strong>materia-</strong></span> 
     </span>
    </p>
   </div>
   <div class='ocr_carea' id='block_1_52' title="bbox 2065 2477 3642 2549">
    <p class='ocr_par' dir='ltr' id='par_1_52' title="bbox 2065 2477 3642 2549">
     <span class='ocr_line' id='line_1_52' title="bbox 2065 2477 3642 2549; baseline 0.004 -19"><span class='ocrx_word' id='word_1_379' title='bbox 2065 2477 2174 2540; x_wconf 89' lang='lat' dir='ltr'><strong>ria,</strong></span> <span class='ocrx_word' id='word_1_380' title='bbox 2205 2493 2327 2547; x_wconf 74' lang='lat' dir='ltr'><strong>qua:</strong></span> <span class='ocrx_word' id='word_1_381' title='bbox 2354 2479 2408 2532; x_wconf 92' lang='lat' dir='ltr'><strong>in</strong></span> <span class='ocrx_word' id='word_1_382' title='bbox 2429 2494 2757 2549; x_wconf 82' lang='lat' dir='ltr'><strong>unaquaque</strong></span> <span class='ocrx_word' id='word_1_383' title='bbox 2781 2480 2981 2534; x_wconf 86' lang='lat' dir='ltr'><strong>decade</strong></span> <span class='ocrx_word' id='word_1_384' title='bbox 3007 2489 3110 2545; x_wconf 91' lang='lat' dir='ltr'><strong>est,</strong></span> <span class='ocrx_word' id='word_1_385' title='bbox 3136 2481 3292 2536; x_wconf 85' lang='lat' dir='ltr'><strong>docet</strong></span> <span class='ocrx_word' id='word_1_386' title='bbox 3313 2481 3365 2535; x_wconf 93' lang='lat' dir='ltr'><strong>in</strong></span> <span class='ocrx_word' id='word_1_387' title='bbox 3391 2489 3642 2536; x_wconf 80' lang='lat' dir='ltr'><strong>extremo</strong></span> 
     </span>
    </p>
   </div>
   <div class='ocr_carea' id='block_1_53' title="bbox 2062 2569 3645 2642">
    <p class='ocr_par' dir='ltr' id='par_1_53' title="bbox 2062 2569 3645 2642">
     <span class='ocr_line' id='line_1_53' title="bbox 2062 2569 3645 2642; baseline 0.004 -20"><span class='ocrx_word' id='word_1_388' title='bbox 2062 2569 2300 2631; x_wconf 84' lang='lat' dir='ltr'><strong>decadis,</strong></span> <span class='ocrx_word' id='word_1_389' title='bbox 2330 2569 2432 2624; x_wconf 93' lang='lat' dir='ltr'><strong>hoc</strong></span> <span class='ocrx_word' id='word_1_390' title='bbox 2461 2570 2819 2639; x_wconf 68' lang='lat' dir='ltr'><strong>ipsumquod</strong></span> <span class='ocrx_word' id='word_1_391' title='bbox 2851 2573 2903 2624; x_wconf 87' lang='lat' dir='ltr'><strong>iit</strong></span> <span class='ocrx_word' id='word_1_392' title='bbox 2929 2573 3136 2642; x_wconf 85' lang='lat' dir='ltr'><strong>decade</strong></span> <span class='ocrx_word' id='word_1_393' title='bbox 3159 2574 3489 2636; x_wconf 88' lang='lat' dir='ltr'><strong>continetur.</strong></span> <span class='ocrx_word' id='word_1_394' title='bbox 3519 2589 3645 2628; x_wconf 85' lang='lat' dir='ltr'><strong>esse</strong></span> 
     </span>
    </p>
   </div>
   <div class='ocr_carea' id='block_1_54' title="bbox 2062 2661 3643 2736">
    <p class='ocr_par' dir='ltr' id='par_1_54' title="bbox 2062 2661 3643 2736">
     <span class='ocr_line' id='line_1_54' title="bbox 2062 2661 3643 2736; baseline 0.004 -21"><span class='ocrx_word' id='word_1_395' title='bbox 2062 2661 2458 2729; x_wconf 74' lang='lat' dir='ltr'><strong>expositionem</strong></span> <span class='ocrx_word' id='word_1_396' title='bbox 2499 2665 2865 2716; x_wconf 79' lang='lat' dir='ltr'><strong>materiariant</strong></span> <span class='ocrx_word' id='word_1_397' title='bbox 2910 2679 3100 2718; x_wconf 89' lang='lat' dir='ltr'><strong>eorum</strong></span> <span class='ocrx_word' id='word_1_398' title='bbox 3145 2681 3268 2734; x_wconf 64' lang='lat' dir='ltr'><strong>quae</strong></span> <span class='ocrx_word' id='word_1_399' title='bbox 3312 2667 3364 2719; x_wconf 93' lang='lat' dir='ltr'><strong>in</strong></span> <span class='ocrx_word' id='word_1_400' title='bbox 3395 2668 3516 2736; x_wconf 76' lang='lat' dir='ltr'><strong>ipsa</strong></span> <span class='ocrx_word' id='word_1_401' title='bbox 3553 2682 3643 2722; x_wconf 83' lang='lat' dir='ltr'><strong>se-</strong></span> 
     </span>
    </p>
   </div>
   <div class='ocr_carea' id='block_1_55' title="bbox 2067 2751 3640 2822">
    <p class='ocr_par' dir='ltr' id='par_1_55' title="bbox 2067 2751 3640 2822">
     <span class='ocr_line' id='line_1_55' title="bbox 2067 2751 3640 2822; baseline 0.001 -17"><span class='ocrx_word' id='word_1_402' title='bbox 2067 2752 2304 2805; x_wconf 87' lang='lat' dir='ltr'><strong>cundum</strong></span> <span class='ocrx_word' id='word_1_403' title='bbox 2337 2751 2800 2808; x_wconf 87' lang='lat' dir='ltr'><strong>continuationem</strong></span> <span class='ocrx_word' id='word_1_404' title='bbox 2837 2763 3175 2822; x_wconf 85' lang='lat' dir='ltr'><strong>sequuntur,</strong></span> <span class='ocrx_word' id='word_1_405' title='bbox 3225 2756 3434 2810; x_wconf 83' lang='lat' dir='ltr'><strong>accedit</strong></span> <span class='ocrx_word' id='word_1_406' title='bbox 3477 2756 3640 2810; x_wconf 85' lang='lat' dir='ltr'><strong>etiam</strong></span> 
     </span>
    </p>
   </div>
   <div class='ocr_carea' id='block_1_56' title="bbox 2090 2843 3645 2917">
    <p class='ocr_par' dir='ltr' id='par_1_56' title="bbox 2090 2843 3645 2917">
     <span class='ocr_line' id='line_1_56' title="bbox 2090 2843 3645 2917; baseline 0.003 -21"><span class='ocrx_word' id='word_1_407' title='bbox 2090 2844 2232 2897; x_wconf 83' lang='lat' dir='ltr'><strong>ratio</strong></span> <span class='ocrx_word' id='word_1_408' title='bbox 2273 2843 2647 2910; x_wconf 77' lang='lat' dir='ltr'><strong>inscriptionis</strong></span> <span class='ocrx_word' id='word_1_409' title='bbox 2679 2845 2918 2902; x_wconf 71' lang='lat' dir='ltr'><strong>det&#39;ﬂdis.</strong></span> <span class='ocrx_word' id='word_1_410' title='bbox 2955 2855 3008 2900; x_wconf 92' lang='lat' dir='ltr'><strong>et</strong></span> <span class='ocrx_word' id='word_1_411' title='bbox 3034 2847 3492 2915; x_wconf 90' lang='lat' dir='ltr'><strong>quemadmodum</strong></span> <span class='ocrx_word' id='word_1_412' title='bbox 3522 2863 3645 2917; x_wconf 79' lang='lat' dir='ltr'><strong>qua:</strong></span> 
     </span>
    </p>
   </div>
   <div class='ocr_carea' id='block_1_57' title="bbox 2077 2933 3254 3006">
    <p class='ocr_par' dir='ltr' id='par_1_57' title="bbox 2077 2933 3254 3006">
     <span class='ocr_line' id='line_1_57' title="bbox 2077 2933 3254 3006; baseline 0.005 -20"><span class='ocrx_word' id='word_1_413' title='bbox 2077 2933 2144 2987; x_wconf 89' lang='lat' dir='ltr'><strong>ad</strong></span> <span class='ocrx_word' id='word_1_414' title='bbox 2180 2948 2296 2987; x_wconf 86' lang='lat' dir='ltr'><strong>eam</strong></span> <span class='ocrx_word' id='word_1_415' title='bbox 2337 2935 2627 3003; x_wconf 77' lang='lat' dir='ltr'><strong>pertinent,</strong></span> <span class='ocrx_word' id='word_1_416' title='bbox 2662 2937 2797 2991; x_wconf 89' lang='lat' dir='ltr'><strong>satis</strong></span> <span class='ocrx_word' id='word_1_417' title='bbox 2831 2937 3098 3006; x_wconf 84' lang='lat' dir='ltr'><strong>completa</strong></span> <span class='ocrx_word' id='word_1_418' title='bbox 3124 2938 3254 2992; x_wconf 90' lang='lat' dir='ltr'><strong>sint.</strong></span> 
     </span>
    </p>
   </div>
   <div class='ocr_carea' id='block_1_58' title="bbox 1056 3156 2975 3225">
    <p class='ocr_par' dir='ltr' id='par_1_58' title="bbox 1056 3156 2975 3225">
     <span class='ocr_line' id='line_1_58' title="bbox 1056 3156 2975 3225; baseline 0.001 -2"><span class='ocrx_word' id='word_1_419' title='bbox 1056 3161 1310 3223; x_wconf 79' lang='lat' dir='ltr'><strong>PRIMA</strong></span> <span class='ocrx_word' id='word_1_420' title='bbox 1355 3159 1618 3221; x_wconf 88' lang='lat' dir='ltr'><strong>DECAS.</strong></span> <span class='ocrx_word' id='word_1_421' title='bbox 1651 3191 1727 3206; x_wconf 89' lang='lat'><strong>—-</strong></span> <span class='ocrx_word' id='word_1_422' title='bbox 1759 3159 1879 3221; x_wconf 88' lang='lat' dir='ltr'><strong>DE</strong></span> <span class='ocrx_word' id='word_1_423' title='bbox 1920 3156 2416 3221; x_wconf 83' lang='lat' dir='ltr'><strong>THEOLOGIA</strong></span> <span class='ocrx_word' id='word_1_424' title='bbox 2460 3159 2975 3225; x_wconf 82' lang='lat' dir='ltr'><strong>SYMBOLICA.</strong></span> 
     </span>
    </p>
   </div>
   <div class='ocr_carea' id='block_1_59' title="bbox 1023 3302 1320 3359">
    <p class='ocr_par' dir='ltr' id='par_1_59' title="bbox 1023 3302 1320 3359">
     <span class='ocr_line' id='line_1_59' title="bbox 1023 3302 1320 3359; baseline -0.003 -2"><span class='ocrx_word' id='word_1_425' title='bbox 1023 3302 1249 3359; x_wconf 82' lang='lat' dir='ltr'><strong>CAPUT</strong></span> <span class='ocrx_word' id='word_1_426' title='bbox 1282 3304 1320 3357; x_wconf 95' lang='lat' dir='ltr'><strong>I.</strong></span> 
     </span>
    </p>
   </div>
   <div class='ocr_carea' id='block_1_60' title="bbox 784 3395 1571 3466">
    <p class='ocr_par' dir='ltr' id='par_1_60' title="bbox 784 3395 1571 3466">
     <span class='ocr_line' id='line_1_60' title="bbox 784 3395 1571 3466; baseline -0.001 -17"><span class='ocrx_word' id='word_1_427' title='bbox 784 3395 936 3462; x_wconf 84' lang='lat' dir='ltr'><strong>Quod</strong></span> <span class='ocrx_word' id='word_1_428' title='bbox 971 3396 1165 3465; x_wconf 69' lang='lat' dir='ltr'><strong>duplex</strong></span> <span class='ocrx_word' id='word_1_429' title='bbox 1190 3397 1257 3449; x_wconf 78' lang='lat' dir='ltr'><strong>sit</strong></span> <span class='ocrx_word' id='word_1_430' title='bbox 1288 3395 1571 3466; x_wconf 76' lang='lat' dir='ltr'><strong>theologia.</strong></span> 
     </span>
    </p>
   </div>
   <div class='ocr_carea' id='block_1_61' title="bbox 463 3486 1971 3561">
    <p class='ocr_par' dir='ltr' id='par_1_61' title="bbox 463 3486 1971 3561">
     <span class='ocr_line' id='line_1_61' title="bbox 463 3486 1971 3561; baseline -0.001 -16"><span class='ocrx_word' id='word_1_431' title='bbox 463 3489 754 3561; x_wconf 82' lang='lat' dir='ltr'><strong>Dionysius</strong></span> <span class='ocrx_word' id='word_1_432' title='bbox 792 3489 847 3544; x_wconf 92' lang='lat' dir='ltr'><strong>in</strong></span> <span class='ocrx_word' id='word_1_433' title='bbox 884 3488 1112 3559; x_wconf 83' lang='lat' dir='ltr'><strong>epistola</strong></span> <span class='ocrx_word' id='word_1_434' title='bbox 1136 3489 1201 3542; x_wconf 87' lang='lat' dir='ltr'><strong>ad</strong></span> <span class='ocrx_word' id='word_1_435' title='bbox 1261 3486 1444 3542; x_wconf 85' lang='lat' dir='ltr'><strong>Titum</strong></span> <span class='ocrx_word' id='word_1_436' title='bbox 1501 3488 1818 3558; x_wconf 82' lang='lat' dir='ltr'><strong>episcopum</strong></span> <span class='ocrx_word' id='word_1_437' title='bbox 1880 3488 1971 3544; x_wconf 86' lang='lat' dir='ltr'><strong>sic.</strong></span> 
     </span>
    </p>
   </div>
   <div class='ocr_carea' id='block_1_62' title="bbox 393 3580 1957 3648">
    <p class='ocr_par' dir='ltr' id='par_1_62' title="bbox 393 3580 1957 3648">
     <span class='ocr_line' id='line_1_62' title="bbox 393 3580 1957 3648; baseline -0.004 -10"><span class='ocrx_word' id='word_1_438' title='bbox 393 3585 528 3646; x_wconf 81' lang='lat' dir='ltr'><strong>ait:</strong></span> <span class='ocrx_word' id='word_1_439' title='bbox 576 3584 846 3637; x_wconf 70' lang='lat' dir='ltr'><strong>Caeterum</strong></span> <span class='ocrx_word' id='word_1_440' title='bbox 923 3583 1024 3635; x_wconf 93' lang='lat' dir='ltr'><strong>hoc</strong></span> <span class='ocrx_word' id='word_1_441' title='bbox 1081 3580 1473 3635; x_wconf 85' lang='lat' dir='ltr'><strong>advertendum</strong></span> <span class='ocrx_word' id='word_1_442' title='bbox 1521 3590 1625 3645; x_wconf 83' lang='lat' dir='ltr'><strong>est,</strong></span> <span class='ocrx_word' id='word_1_443' title='bbox 1683 3581 1957 3648; x_wconf 88' lang='lat' dir='ltr'><strong>duplicem</strong></span> 
     </span>
    </p>
   </div>
   <div class='ocr_carea' id='block_1_63' title="bbox 343 3673 1962 3755">
    <p class='ocr_par' dir='ltr' id='par_1_63' title="bbox 343 3673 1962 3755">
     <span class='ocr_line' id='line_1_63' title="bbox 343 3673 1962 3755; baseline -0.003 -26"><span class='ocrx_word' id='word_1_444' title='bbox 343 3741 362 3755; x_wconf 42' lang='grc' dir='ltr'><em>ν</em></span> <span class='ocrx_word' id='word_1_445' title='bbox 388 3691 513 3732; x_wconf 86' lang='lat' dir='ltr'><strong>esse</strong></span> <span class='ocrx_word' id='word_1_446' title='bbox 542 3675 888 3729; x_wconf 87' lang='lat' dir='ltr'><strong>traditionem</strong></span> <span class='ocrx_word' id='word_1_447' title='bbox 915 3673 1316 3742; x_wconf 85' lang='lat' dir='ltr'><strong>theologorum,</strong></span> <span class='ocrx_word' id='word_1_448' title='bbox 1385 3686 1549 3726; x_wconf 90' lang='lat' dir='ltr'><strong>unam</strong></span> <span class='ocrx_word' id='word_1_449' title='bbox 1594 3687 1849 3726; x_wconf 87' lang='lat' dir='ltr'><strong>arcanam</strong></span> <span class='ocrx_word' id='word_1_450' title='bbox 1907 3679 1962 3724; x_wconf 91' lang='lat' dir='ltr'><strong>et</strong></span> 
     </span>
    </p>
   </div>
   <div class='ocr_carea' id='block_1_64' title="bbox 391 3763 1958 3837">
    <p class='ocr_par' dir='ltr' id='par_1_64' title="bbox 391 3763 1958 3837">
     <span class='ocr_line' id='line_1_64' title="bbox 391 3763 1958 3837; baseline -0.004 -15"><span class='ocrx_word' id='word_1_451' title='bbox 391 3768 704 3837; x_wconf 86' lang='lat' dir='ltr'><strong>mysticam.</strong></span> <span class='ocrx_word' id='word_1_452' title='bbox 731 3765 956 3820; x_wconf 88' lang='lat' dir='ltr'><strong>alteratn</strong></span> <span class='ocrx_word' id='word_1_453' title='bbox 988 3780 1116 3819; x_wconf 81' lang='lat' dir='ltr'><strong>vero</strong></span> <span class='ocrx_word' id='word_1_454' title='bbox 1159 3763 1592 3834; x_wconf 87' lang='lat' dir='ltr'><strong>pbilosophicam</strong></span> <span class='ocrx_word' id='word_1_455' title='bbox 1653 3763 1958 3818; x_wconf 86' lang='lat' dir='ltr'><strong>etdemon-</strong></span> 
     </span>
    </p>
   </div>
   <div class='ocr_carea' id='block_1_65' title="bbox 389 3855 1955 3926">
    <p class='ocr_par' dir='ltr' id='par_1_65' title="bbox 389 3855 1955 3926">
     <span class='ocr_line' id='line_1_65' title="bbox 389 3855 1955 3926; baseline -0.006 -12"><span class='ocrx_word' id='word_1_456' title='bbox 389 3867 655 3915; x_wconf 87' lang='lat' dir='ltr'><strong>strantem</strong></span> <span class='ocrx_word' id='word_1_457' title='bbox 695 3874 709 3909; x_wconf 89' lang='lat'><strong>:</strong></span> <span class='ocrx_word' id='word_1_458' title='bbox 743 3857 889 3910; x_wconf 90' lang='lat' dir='ltr'><strong>illam</strong></span> <span class='ocrx_word' id='word_1_459' title='bbox 924 3856 1144 3926; x_wconf 81' lang='lat' dir='ltr'><strong>quidem</strong></span> <span class='ocrx_word' id='word_1_460' title='bbox 1199 3856 1556 3926; x_wconf 88' lang='lat' dir='ltr'><strong>symbolicatn</strong></span> <span class='ocrx_word' id='word_1_461' title='bbox 1582 3863 1634 3908; x_wconf 89' lang='lat' dir='ltr'><strong>et</strong></span> <span class='ocrx_word' id='word_1_462' title='bbox 1668 3855 1734 3908; x_wconf 89' lang='lat' dir='ltr'><strong>ad</strong></span> <span class='ocrx_word' id='word_1_463' title='bbox 1755 3864 1955 3924; x_wconf 85' lang='lat' dir='ltr'><strong>myste-</strong></span> 
     </span>
    </p>
   </div>
   <div class='ocr_carea' id='block_1_66' title="bbox 393 3944 1962 4018">
    <p class='ocr_par' dir='ltr' id='par_1_66' title="bbox 393 3944 1962 4018">
     <span class='ocr_line' id='line_1_66' title="bbox 393 3944 1962 4018; baseline -0.003 -16"><span class='ocrx_word' id='word_1_464' title='bbox 393 3949 476 4003; x_wconf 84' lang='lat' dir='ltr'><strong>ria</strong></span> <span class='ocrx_word' id='word_1_465' title='bbox 505 3949 887 4018; x_wconf 86' lang='lat' dir='ltr'><strong>pertinentem,</strong></span> <span class='ocrx_word' id='word_1_466' title='bbox 912 3947 1053 4000; x_wconf 89' lang='lat' dir='ltr'><strong>hanc</strong></span> <span class='ocrx_word' id='word_1_467' title='bbox 1083 3961 1209 4000; x_wconf 90' lang='lat' dir='ltr'><strong>vero</strong></span> <span class='ocrx_word' id='word_1_468' title='bbox 1254 3955 1496 4014; x_wconf 85' lang='lat' dir='ltr'><strong>apertam</strong></span> <span class='ocrx_word' id='word_1_469' title='bbox 1524 3954 1573 3999; x_wconf 89' lang='lat' dir='ltr'><strong>et</strong></span> <span class='ocrx_word' id='word_1_470' title='bbox 1629 3944 1962 3998; x_wconf 87' lang='lat' dir='ltr'><strong>manifestio-</strong></span> 
     </span>
    </p>
   </div>
   <div class='ocr_carea' id='block_1_67' title="bbox 393 4033 1966 4109">
    <p class='ocr_par' dir='ltr' id='par_1_67' title="bbox 393 4033 1966 4109">
     <span class='ocr_line' id='line_1_67' title="bbox 393 4033 1966 4109; baseline -0.003 -15"><span class='ocrx_word' id='word_1_471' title='bbox 393 4057 512 4094; x_wconf 86' lang='lat' dir='ltr'><strong>retn</strong></span> <span class='ocrx_word' id='word_1_472' title='bbox 558 4057 572 4095; x_wconf 89' lang='lat'><strong>:</strong></span> <span class='ocrx_word' id='word_1_473' title='bbox 617 4051 809 4109; x_wconf 89' lang='lat' dir='ltr'><strong>estque</strong></span> <span class='ocrx_word' id='word_1_474' title='bbox 861 4033 1123 4094; x_wconf 82' lang='lat' dir='ltr'><strong>arcanum</strong></span> <span class='ocrx_word' id='word_1_475' title='bbox 1179 4040 1293 4093; x_wconf 87' lang='lat' dir='ltr'><strong>sive</strong></span> <span class='ocrx_word' id='word_1_476' title='bbox 1336 4037 1626 4107; x_wconf 88' lang='lat' dir='ltr'><strong>mysticum</strong></span> <span class='ocrx_word' id='word_1_477' title='bbox 1665 4051 1786 4090; x_wconf 91' lang='lat' dir='ltr'><strong>cum</strong></span> <span class='ocrx_word' id='word_1_478' title='bbox 1820 4049 1966 4105; x_wconf 63' lang='lat' dir='ltr'><strong>syme</strong></span> 
     </span>
    </p>
   </div>
   <div class='ocr_carea' id='block_1_68' title="bbox 395 4123 1960 4198">
    <p class='ocr_par' dir='ltr' id='par_1_68' title="bbox 395 4123 1960 4198">
     <span class='ocr_line' id='line_1_68' title="bbox 395 4123 1960 4198; baseline -0.005 -14"><span class='ocrx_word' id='word_1_479' title='bbox 395 4131 526 4185; x_wconf 87' lang='lat' dir='ltr'><strong>bolo</strong></span> <span class='ocrx_word' id='word_1_480' title='bbox 585 4131 659 4198; x_wconf 84' lang='lat' dir='ltr'><strong>(l)</strong></span> <span class='ocrx_word' id='word_1_481' title='bbox 701 4130 1038 4198; x_wconf 84' lang='lat' dir='ltr'><strong>implicatum</strong></span> <span class='ocrx_word' id='word_1_482' title='bbox 1081 4135 1136 4182; x_wconf 90' lang='lat' dir='ltr'><strong>et</strong></span> <span class='ocrx_word' id='word_1_483' title='bbox 1167 4129 1496 4190; x_wconf 80' lang='lat' dir='ltr'><strong>connexum,</strong></span> <span class='ocrx_word' id='word_1_484' title='bbox 1559 4124 1689 4178; x_wconf 92' lang='lat' dir='ltr'><strong>illud</strong></span> <span class='ocrx_word' id='word_1_485' title='bbox 1742 4123 1960 4191; x_wconf 86' lang='lat' dir='ltr'><strong>quidem</strong></span> 
     </span>
    </p>
   </div>
   <div class='ocr_carea' id='block_1_69' title="bbox 393 4216 1967 4291">
    <p class='ocr_par' dir='ltr' id='par_1_69' title="bbox 393 4216 1967 4291">
     <span class='ocr_line' id='line_1_69' title="bbox 393 4216 1967 4291; baseline -0.004 -17"><span class='ocrx_word' id='word_1_486' title='bbox 393 4222 832 4291; x_wconf 81' lang='lat' dir='ltr'><strong>philosophicuut</strong></span> <span class='ocrx_word' id='word_1_487' title='bbox 898 4229 952 4275; x_wconf 86' lang='lat' dir='ltr'><strong>et.</strong></span> <span class='ocrx_word' id='word_1_488' title='bbox 1007 4220 1395 4275; x_wconf 87' lang='lat' dir='ltr'><strong>demonstrans</strong></span> <span class='ocrx_word' id='word_1_489' title='bbox 1478 4218 1638 4272; x_wconf 88' lang='lat' dir='ltr'><strong>fidem</strong></span> <span class='ocrx_word' id='word_1_490' title='bbox 1679 4216 1857 4276; x_wconf 81' lang='lat' dir='ltr'><strong>facit,</strong></span> <span class='ocrx_word' id='word_1_491' title='bbox 1912 4225 1967 4269; x_wconf 75' lang='lat' dir='ltr'><strong>tl</strong></span> 
     </span>
    </p>
   </div>
   <div class='ocr_carea' id='block_1_70' title="bbox 390 4307 1964 4381">
    <p class='ocr_par' dir='ltr' id='par_1_70' title="bbox 390 4307 1964 4381">
     <span class='ocr_line' id='line_1_70' title="bbox 390 4307 1964 4381; baseline -0.007 -12"><span class='ocrx_word' id='word_1_492' title='bbox 390 4315 655 4376; x_wconf 74' lang='lat' dir='ltr'><strong>astriapit</strong></span> <span class='ocrx_word' id='word_1_493' title='bbox 719 4313 1000 4367; x_wconf 85' lang='lat' dir='ltr'><strong>veritatem</strong></span> <span class='ocrx_word' id='word_1_494' title='bbox 1033 4327 1227 4366; x_wconf 89' lang='lat' dir='ltr'><strong>eorum</strong></span> <span class='ocrx_word' id='word_1_495' title='bbox 1282 4326 1402 4381; x_wconf 59' lang='lat' dir='ltr'><strong>qua:</strong></span> <span class='ocrx_word' id='word_1_496' title='bbox 1445 4310 1706 4363; x_wconf 91' lang='lat' dir='ltr'><strong>dicuntur</strong></span> <span class='ocrx_word' id='word_1_497' title='bbox 1765 4327 1778 4362; x_wconf 87' lang='lat'><strong>:</strong></span> <span class='ocrx_word' id='word_1_498' title='bbox 1835 4307 1964 4360; x_wconf 84' lang='lat' dir='ltr'><strong>illud</strong></span> 
     </span>
    </p>
   </div>
   <div class='ocr_carea' id='block_1_71' title="bbox 1889 4400 2162 4463">
    <p class='ocr_par' dir='ltr' id='par_1_71' title="bbox 1889 4400 2162 4463">
     <span class='ocr_line' id='line_1_71' title="bbox 1889 4400 2162 4463; baseline 0.004 -2"><span class='ocrx_word' id='word_1_499' title='bbox 1889 4400 2162 4463; x_wconf 80' lang='lat' dir='ltr'><strong>Scholia.</strong></span> 
     </span>
    </p>
   </div>
   <div class='ocr_carea' id='block_1_72' title="bbox 1988 3303 3666 3386">
    <p class='ocr_par' dir='ltr' id='par_1_72' title="bbox 1988 3303 3666 3386">
     <span class='ocr_line' id='line_1_72' title="bbox 1988 3303 3666 3386; baseline 0.007 -32"><span class='ocrx_word' id='word_1_500' title='bbox 1988 3304 2034 3364; x_wconf 77' lang='grc' dir='ltr'>ο</span> <span class='ocrx_word' id='word_1_501' title='bbox 2066 3315 2197 3356; x_wconf 83' lang='lat' dir='ltr'><strong>vero</strong></span> <span class='ocrx_word' id='word_1_502' title='bbox 2231 3317 2489 3356; x_wconf 87' lang='lat' dir='ltr'><strong>arcanum</strong></span> <span class='ocrx_word' id='word_1_503' title='bbox 2517 3314 2571 3356; x_wconf 91' lang='lat' dir='ltr'><strong>et</strong></span> <span class='ocrx_word' id='word_1_504' title='bbox 2591 3306 2876 3374; x_wconf 85' lang='lat' dir='ltr'><strong>mysticum</strong></span> <span class='ocrx_word' id='word_1_505' title='bbox 2902 3303 3061 3359; x_wconf 83' lang='lat' dir='ltr'><strong>aliicit</strong></span> <span class='ocrx_word' id='word_1_506' title='bbox 3093 3307 3222 3360; x_wconf 88' lang='lat' dir='ltr'><strong>etin</strong></span> <span class='ocrx_word' id='word_1_507' title='bbox 3257 3306 3368 3362; x_wconf 87' lang='lat' dir='ltr'><strong>Deo</strong></span> <span class='ocrx_word' id='word_1_508' title='bbox 3403 3309 3470 3363; x_wconf 85' lang='lat' dir='ltr'><strong>iis</strong></span> <span class='ocrx_word' id='word_1_509' title='bbox 3522 3325 3666 3386; x_wconf 61' lang='lat' dir='ltr'><strong>quze</strong></span> 
     </span>
    </p>
   </div>
   <div class='ocr_carea' id='block_1_73' title="bbox 2059 3393 3638 3456">
    <p class='ocr_par' dir='ltr' id='par_1_73' title="bbox 2059 3393 3638 3456">
     <span class='ocr_line' id='line_1_73' title="bbox 2059 3393 3638 3456; baseline 0.006 -10"><span class='ocrx_word' id='word_1_510' title='bbox 2059 3408 2166 3446; x_wconf 91' lang='lat' dir='ltr'><strong>non</strong></span> <span class='ocrx_word' id='word_1_511' title='bbox 2200 3393 2466 3447; x_wconf 88' lang='lat' dir='ltr'><strong>docentur</strong></span> <span class='ocrx_word' id='word_1_512' title='bbox 2526 3395 2970 3450; x_wconf 88' lang='lat' dir='ltr'><strong>institutionibus</strong></span> <span class='ocrx_word' id='word_1_513' title='bbox 3018 3399 3219 3455; x_wconf 88' lang='lat' dir='ltr'><strong>firmat.</strong></span> <span class='ocrx_word' id='word_1_514' title='bbox 3277 3399 3392 3454; x_wconf 85' lang='lat' dir='ltr'><strong>Hoc</strong></span> <span class='ocrx_word' id='word_1_515' title='bbox 3431 3401 3638 3456; x_wconf 89' lang='lat' dir='ltr'><strong>dictum</strong></span> 
     </span>
    </p>
   </div>
   <div class='ocr_carea' id='block_1_74' title="bbox 2057 3485 3640 3558">
    <p class='ocr_par' dir='ltr' id='par_1_74' title="bbox 2057 3485 3640 3558">
     <span class='ocr_line' id='line_1_74' title="bbox 2057 3485 3640 3558; baseline 0.007 -19"><span class='ocrx_word' id='word_1_516' title='bbox 2057 3496 2284 3541; x_wconf 89' lang='lat' dir='ltr'><strong>sanctus</strong></span> <span class='ocrx_word' id='word_1_517' title='bbox 2319 3485 2593 3541; x_wconf 80' lang='lat' dir='ltr'><strong>Maximus</strong></span> <span class='ocrx_word' id='word_1_518' title='bbox 2627 3497 2682 3541; x_wconf 90' lang='lat' dir='ltr'><strong>et</strong></span> <span class='ocrx_word' id='word_1_519' title='bbox 2708 3488 2996 3558; x_wconf 83' lang='lat' dir='ltr'><strong>Dionysius</strong></span> <span class='ocrx_word' id='word_1_520' title='bbox 3030 3490 3438 3548; x_wconf 61' lang='lat' dir='ltr'><strong>Alexandrinus</strong></span> <span class='ocrx_word' id='word_1_521' title='bbox 3468 3495 3640 3550; x_wconf 86' lang='lat' dir='ltr'><strong>adno-</strong></span> 
     </span>
    </p>
   </div>
   <div class='ocr_carea' id='block_1_75' title="bbox 2058 3577 3647 3654">
    <p class='ocr_par' dir='ltr' id='par_1_75' title="bbox 2058 3577 3647 3654">
     <span class='ocr_line' id='line_1_75' title="bbox 2058 3577 3647 3654; baseline 0.005 -24"><span class='ocrx_word' id='word_1_522' title='bbox 2058 3584 2247 3630; x_wconf 89' lang='lat' dir='ltr'><strong>tarunt</strong></span> <span class='ocrx_word' id='word_1_523' title='bbox 2287 3596 2302 3632; x_wconf 91' lang='lat'><strong>:</strong></span> <span class='ocrx_word' id='word_1_524' title='bbox 2333 3577 2598 3632; x_wconf 77' lang='lat' dir='ltr'><strong>Maximus</strong></span> <span class='ocrx_word' id='word_1_525' title='bbox 2631 3579 2987 3650; x_wconf 87' lang='lat' dir='ltr'><strong>symbolicam</strong></span> <span class='ocrx_word' id='word_1_526' title='bbox 3025 3590 3078 3635; x_wconf 89' lang='lat' dir='ltr'><strong>et</strong></span> <span class='ocrx_word' id='word_1_527' title='bbox 3110 3581 3176 3634; x_wconf 89' lang='lat' dir='ltr'><strong>ad</strong></span> <span class='ocrx_word' id='word_1_528' title='bbox 3207 3583 3461 3652; x_wconf 89' lang='lat' dir='ltr'><strong>mysteria</strong></span> <span class='ocrx_word' id='word_1_529' title='bbox 3521 3600 3647 3654; x_wconf 89' lang='lat' dir='ltr'><strong>per-</strong></span> 
     </span>
    </p>
   </div>
   <div class='ocr_carea' id='block_1_76' title="bbox 2042 3669 3760 3744">
    <p class='ocr_par' dir='ltr' id='par_1_76' title="bbox 2042 3669 3760 3744">
     <span class='ocr_line' id='line_1_76' title="bbox 2042 3669 3760 3744; baseline 0.005 -23"><span class='ocrx_word' id='word_1_530' title='bbox 2042 3669 2316 3733; x_wconf 53' lang='lat' dir='ltr'><strong>,tinentem</strong></span> <span class='ocrx_word' id='word_1_531' title='bbox 2339 3669 2670 3738; x_wconf 67' lang='lat' dir='ltr'><strong>theologiam</strong></span> <span class='ocrx_word' id='word_1_532' title='bbox 2705 3669 2851 3722; x_wconf 88' lang='lat' dir='ltr'><strong>illam</strong></span> <span class='ocrx_word' id='word_1_533' title='bbox 2884 3671 3036 3728; x_wconf 85' lang='lat' dir='ltr'><strong>dicit.</strong></span> <span class='ocrx_word' id='word_1_534' title='bbox 3105 3686 3226 3739; x_wconf 66' lang='lat' dir='ltr'><strong>qua:</strong></span> <span class='ocrx_word' id='word_1_535' title='bbox 3255 3689 3321 3725; x_wconf 83' lang='lat' dir='ltr'><strong>ex</strong></span> <span class='ocrx_word' id='word_1_536' title='bbox 3378 3675 3644 3744; x_wconf 81' lang='lat' dir='ltr'><strong>symbolis</strong></span> <span class='ocrx_word' id='word_1_537' title='bbox 3722 3699 3724 3702; x_wconf 54' lang='grc' dir='ltr'>ν</span> <span class='ocrx_word' id='word_1_538' title='bbox 3752 3690 3760 3702; x_wconf 79' lang='lat'><em>‘</em></span> 
     </span>
    </p>
   </div>
   <div class='ocr_carea' id='block_1_77' title="bbox 2066 3761 3639 3833">
    <p class='ocr_par' dir='ltr' id='par_1_77' title="bbox 2066 3761 3639 3833">
     <span class='ocr_line' id='line_1_77' title="bbox 2066 3761 3639 3833; baseline 0.006 -19"><span class='ocrx_word' id='word_1_539' title='bbox 2066 3761 2374 3824; x_wconf 83' lang='lat' dir='ltr'><strong>conficitur,</strong></span> <span class='ocrx_word' id='word_1_540' title='bbox 2401 3762 2709 3830; x_wconf 75' lang='lat' dir='ltr'><strong>cuiusmodi</strong></span> <span class='ocrx_word' id='word_1_541' title='bbox 2749 3773 2878 3817; x_wconf 87' lang='lat' dir='ltr'><strong>sunt</strong></span> <span class='ocrx_word' id='word_1_542' title='bbox 2916 3769 3167 3833; x_wconf 86' lang='lat' dir='ltr'><strong>mysteria</strong></span> <span class='ocrx_word' id='word_1_543' title='bbox 3209 3767 3390 3821; x_wconf 88' lang='lat' dir='ltr'><strong>cultus</strong></span> <span class='ocrx_word' id='word_1_544' title='bbox 3435 3767 3639 3824; x_wconf 86' lang='lat' dir='ltr'><strong>Mosai-</strong></span> 
     </span>
    </p>
   </div>
   <div class='ocr_carea' id='block_1_78' title="bbox 2067 3852 3638 3922">
    <p class='ocr_par' dir='ltr' id='par_1_78' title="bbox 2067 3852 3638 3922">
     <span class='ocr_line' id='line_1_78' title="bbox 2067 3852 3638 3922; baseline 0.006 -16"><span class='ocrx_word' id='word_1_545' title='bbox 2067 3852 2138 3915; x_wconf 88' lang='lat' dir='ltr'><strong>ci,</strong></span> <span class='ocrx_word' id='word_1_546' title='bbox 2173 3861 2227 3906; x_wconf 92' lang='lat' dir='ltr'><strong>et</strong></span> <span class='ocrx_word' id='word_1_547' title='bbox 2262 3853 2516 3922; x_wconf 89' lang='lat' dir='ltr'><strong>mysteria</strong></span> <span class='ocrx_word' id='word_1_548' title='bbox 2552 3855 2722 3907; x_wconf 88' lang='lat' dir='ltr'><strong>nostri</strong></span> <span class='ocrx_word' id='word_1_549' title='bbox 2750 3856 2893 3908; x_wconf 87' lang='lat' dir='ltr'><strong>sacri</strong></span> <span class='ocrx_word' id='word_1_550' title='bbox 2948 3856 3166 3922; x_wconf 88' lang='lat' dir='ltr'><strong>cultus;</strong></span> <span class='ocrx_word' id='word_1_551' title='bbox 3200 3859 3416 3912; x_wconf 88' lang='lat' dir='ltr'><strong>tametsi</strong></span> <span class='ocrx_word' id='word_1_552' title='bbox 3445 3860 3638 3916; x_wconf 88' lang='lat' dir='ltr'><strong>altiora</strong></span> 
     </span>
    </p>
   </div>
   <div class='ocr_carea' id='block_1_79' title="bbox 2068 3945 3636 4019">
    <p class='ocr_par' dir='ltr' id='par_1_79' title="bbox 2068 3945 3636 4019">
     <span class='ocr_line' id='line_1_79' title="bbox 2068 3945 3636 4019; baseline 0.006 -22"><span class='ocrx_word' id='word_1_553' title='bbox 2068 3951 2197 3998; x_wconf 88' lang='lat' dir='ltr'><strong>sunt</strong></span> <span class='ocrx_word' id='word_1_554' title='bbox 2237 3953 2291 3997; x_wconf 91' lang='lat' dir='ltr'><strong>et</strong></span> <span class='ocrx_word' id='word_1_555' title='bbox 2355 3945 2530 4011; x_wconf 80' lang='lat' dir='ltr'><strong>magis</strong></span> <span class='ocrx_word' id='word_1_556' title='bbox 2576 3945 2846 4012; x_wconf 88' lang='lat' dir='ltr'><strong>spiritalia</strong></span> <span class='ocrx_word' id='word_1_557' title='bbox 2904 3956 3131 4012; x_wconf 75' lang='lat' dir='ltr'><strong>nostra;</strong></span> <span class='ocrx_word' id='word_1_558' title='bbox 3199 3947 3636 4019; x_wconf 65' lang='lat' dir='ltr'><strong>philosotihicam</strong></span> 
     </span>
    </p>
   </div>
   <div class='ocr_carea' id='block_1_80' title="bbox 2064 4035 3636 4110">
    <p class='ocr_par' dir='ltr' id='par_1_80' title="bbox 2064 4035 3636 4110">
     <span class='ocr_line' id='line_1_80' title="bbox 2064 4035 3636 4110; baseline 0.005 -22"><span class='ocrx_word' id='word_1_559' title='bbox 2064 4047 2196 4088; x_wconf 85' lang='lat' dir='ltr'><strong>vero</strong></span> <span class='ocrx_word' id='word_1_560' title='bbox 2219 4044 2272 4086; x_wconf 91' lang='lat' dir='ltr'><strong>et</strong></span> <span class='ocrx_word' id='word_1_561' title='bbox 2303 4035 2766 4088; x_wconf 87' lang='lat' dir='ltr'><strong>demonstrantem</strong></span> <span class='ocrx_word' id='word_1_562' title='bbox 2794 4035 3122 4104; x_wconf 78' lang='lat' dir='ltr'><strong>theologiam</strong></span> <span class='ocrx_word' id='word_1_563' title='bbox 3160 4037 3305 4092; x_wconf 91' lang='lat' dir='ltr'><strong>illam</strong></span> <span class='ocrx_word' id='word_1_564' title='bbox 3335 4041 3488 4104; x_wconf 88' lang='lat' dir='ltr'><strong>dicit,</strong></span> <span class='ocrx_word' id='word_1_565' title='bbox 3515 4058 3636 4110; x_wconf 69' lang='lat' dir='ltr'><strong>quae</strong></span> 
     </span>
    </p>
   </div>
   <div class='ocr_carea' id='block_1_81' title="bbox 2065 4125 3640 4203">
    <p class='ocr_par' dir='ltr' id='par_1_81' title="bbox 2065 4125 3640 4203">
     <span class='ocr_line' id='line_1_81' title="bbox 2065 4125 3640 4203; baseline 0.006 -23"><span class='ocrx_word' id='word_1_566' title='bbox 2065 4125 2275 4180; x_wconf 81' lang='lat' dir='ltr'><strong>exsistit</strong></span> <span class='ocrx_word' id='word_1_567' title='bbox 2303 4141 2368 4178; x_wconf 80' lang='lat' dir='ltr'><strong>ex</strong></span> <span class='ocrx_word' id='word_1_568' title='bbox 2413 4126 2796 4194; x_wconf 88' lang='lat' dir='ltr'><strong>perspicientia</strong></span> <span class='ocrx_word' id='word_1_569' title='bbox 2855 4137 3256 4190; x_wconf 77' lang='lat' dir='ltr'><strong>creaturarum,</strong></span> <span class='ocrx_word' id='word_1_570' title='bbox 3333 4132 3640 4203; x_wconf 72' lang='lat' dir='ltr'><strong>divinaeque</strong></span> 
     </span>
    </p>
   </div>
   <div class='ocr_carea' id='block_1_82' title="bbox 2065 4217 3641 4294">
    <p class='ocr_par' dir='ltr' id='par_1_82' title="bbox 2065 4217 3641 4294">
     <span class='ocr_line' id='line_1_82' title="bbox 2065 4217 3641 4294; baseline 0.007 -24"><span class='ocrx_word' id='word_1_571' title='bbox 2065 4217 2467 4285; x_wconf 89' lang='lat' dir='ltr'><strong>inquibusdam</strong></span> <span class='ocrx_word' id='word_1_572' title='bbox 2528 4219 2691 4272; x_wconf 88' lang='lat' dir='ltr'><strong>rebus</strong></span> <span class='ocrx_word' id='word_1_573' title='bbox 2742 4221 3115 4286; x_wconf 61' lang='lat' dir='ltr'><strong>providenti-.9,</strong></span> <span class='ocrx_word' id='word_1_574' title='bbox 3174 4231 3226 4274; x_wconf 85' lang='lat' dir='ltr'><strong>et</strong></span> <span class='ocrx_word' id='word_1_575' title='bbox 3291 4226 3641 4294; x_wconf 78' lang='lat' dir='ltr'><strong>expositione</strong></span> 
     </span>
    </p>
   </div>
   <div class='ocr_carea' id='block_1_83' title="bbox 2065 4308 3642 4384">
    <p class='ocr_par' dir='ltr' id='par_1_83' title="bbox 2065 4308 3642 4384">
     <span class='ocr_line' id='line_1_83' title="bbox 2065 4308 3642 4384; baseline 0.008 -25"><span class='ocrx_word' id='word_1_576' title='bbox 2065 4308 2422 4380; x_wconf 66' lang='lat' dir='ltr'><strong>speculati-ioc</strong></span> <span class='ocrx_word' id='word_1_577' title='bbox 2450 4324 2638 4362; x_wconf 91' lang='lat' dir='ltr'><strong>eorum</strong></span> <span class='ocrx_word' id='word_1_578' title='bbox 2687 4326 2806 4380; x_wconf 76' lang='lat' dir='ltr'><strong>quae</strong></span> <span class='ocrx_word' id='word_1_579' title='bbox 2845 4310 2912 4362; x_wconf 89' lang='lat' dir='ltr'><strong>de</strong></span> <span class='ocrx_word' id='word_1_580' title='bbox 2946 4313 3051 4364; x_wconf 80' lang='lat' dir='ltr'><strong>Deo</strong></span> <span class='ocrx_word' id='word_1_581' title='bbox 3103 4313 3156 4365; x_wconf 92' lang='lat' dir='ltr'><strong>in</strong></span> <span class='ocrx_word' id='word_1_582' title='bbox 3214 4311 3510 4384; x_wconf 65' lang='lat' dir='ltr'><strong>Sciipturis</strong></span> <span class='ocrx_word' id='word_1_583' title='bbox 3561 4317 3642 4370; x_wconf 85' lang='lat' dir='ltr'><strong>di-</strong></span> 
     </span>
    </p>
   </div>
   <div class='ocr_carea' id='block_1_84' title="bbox 3247 4455 3268 4484">
    <p class='ocr_par' dir='ltr' id='par_1_84' title="bbox 3247 4455 3268 4484">
     <span class='ocr_line' id='line_1_84' title="bbox 3247 4455 3268 4484; baseline 0 0"><span class='ocrx_word' id='word_1_584' title='bbox 3247 4455 3268 4484; x_wconf 58' lang='grc' dir='ltr'>δ</span> 
     </span>
    </p>
   </div>
   <div class='ocr_carea' id='block_1_85' title="bbox 468 4479 3636 4580">
    <p class='ocr_par' dir='ltr' id='par_1_85' title="bbox 468 4479 3636 4580">
     <span class='ocr_line' id='line_1_85' title="bbox 468 4479 3636 4580; baseline 0.002 -21"><span class='ocrx_word' id='word_1_585' title='bbox 468 4507 543 4580; x_wconf 89' lang='lat' dir='ltr'><strong>(l)</strong></span> <span class='ocrx_word' id='word_1_586' title='bbox 586 4479 1016 4580; x_wconf 52' lang='lat' dir='ltr'><strong>’Yuoﬁtalpsatg,</strong></span> <span class='ocrx_word' id='word_1_587' title='bbox 1057 4505 1126 4580; x_wconf 33' lang='lat' dir='ltr'><strong>id-</strong></span> <span class='ocrx_word' id='word_1_588' title='bbox 1152 4514 1256 4569; x_wconf 87' lang='lat' dir='ltr'><strong>est,</strong></span> <span class='ocrx_word' id='word_1_589' title='bbox 1301 4501 1606 4580; x_wconf 62' lang='lat' dir='ltr'><strong>subdivisio</strong></span> <span class='ocrx_word' id='word_1_590' title='bbox 1665 4500 1975 4567; x_wconf 77' lang='lat' dir='ltr'><strong>Theologia:</strong></span> <span class='ocrx_word' id='word_1_591' title='bbox 2008 4504 2306 4580; x_wconf 22' lang='lat' dir='ltr'><strong>D‘sensum</strong></span> <span class='ocrx_word' id='word_1_592' title='bbox 2340 4500 2586 4554; x_wconf 85' lang='lat' dir='ltr'><strong>incidens</strong></span> <span class='ocrx_word' id='word_1_593' title='bbox 2602 4500 2668 4580; x_wconf 70' lang='lat' dir='ltr'><strong>in</strong></span> <span class='ocrx_word' id='word_1_594' title='bbox 2703 4504 3114 4580; x_wconf 74' lang='lat' dir='ltr'><strong>translationem</strong></span> <span class='ocrx_word' id='word_1_595' title='bbox 3137 4479 3283 4562; x_wconf 77' lang='lat' dir='ltr'><strong>verbi</strong></span> <span class='ocrx_word' id='word_1_596' title='bbox 3335 4509 3636 4564; x_wconf 89' lang='lat' dir='ltr'><strong>secundum</strong></span> 
     </span>
    </p>
   </div>
   <div class='ocr_carea' id='block_1_86' title="bbox 387 4571 1966 4641">
    <p class='ocr_par' dir='ltr' id='par_1_86' title="bbox 387 4571 1966 4641">
     <span class='ocr_line' id='line_1_86' title="bbox 387 4571 1966 4641; baseline -0.006 -10"><span class='ocrx_word' id='word_1_597' title='bbox 387 4571 706 4640; x_wconf 62' lang='lat' dir='ltr'><strong>symbolice:</strong></span> <span class='ocrx_word' id='word_1_598' title='bbox 735 4578 788 4628; x_wconf 81' lang='lat' dir='ltr'><strong>in</strong></span> <span class='ocrx_word' id='word_1_599' title='bbox 810 4571 1182 4638; x_wconf 79' lang='lat' dir='ltr'><strong>coincideutia,</strong></span> <span class='ocrx_word' id='word_1_600' title='bbox 1212 4590 1332 4641; x_wconf 65' lang='lat' dir='ltr'><strong>quae</strong></span> <span class='ocrx_word' id='word_1_601' title='bbox 1352 4571 1525 4626; x_wconf 71' lang='lat' dir='ltr'><strong>Graeci</strong></span> <span class='ocrx_word' id='word_1_602' title='bbox 1577 4580 1783 4641; x_wconf 13' lang='lat' dir='ltr'><strong>vocant,</strong></span> <span class='ocrx_word' id='word_1_603' title='bbox 1829 4588 1966 4639; x_wconf 84' lang='grc' dir='ltr'><strong>συμ-</strong></span> 
     </span>
    </p>
   </div>
   <div class='ocr_carea' id='block_1_87' title="bbox 389 4640 1962 4709">
    <p class='ocr_par' dir='ltr' id='par_1_87' title="bbox 389 4640 1962 4709">
     <span class='ocr_line' id='line_1_87' title="bbox 389 4640 1962 4709; baseline -0.006 -8"><span class='ocrx_word' id='word_1_604' title='bbox 389 4641 687 4707; x_wconf 64' lang='grc' dir='ltr'><strong>σὲίπτοντα,</strong></span> <span class='ocrx_word' id='word_1_605' title='bbox 717 4652 800 4696; x_wconf 80' lang='lat' dir='ltr'><strong>est</strong></span> <span class='ocrx_word' id='word_1_606' title='bbox 824 4644 1023 4697; x_wconf 85' lang='lat' dir='ltr'><strong>divisio</strong></span> <span class='ocrx_word' id='word_1_607' title='bbox 1053 4644 1107 4695; x_wconf 92' lang='lat' dir='ltr'><strong>in</strong></span> <span class='ocrx_word' id='word_1_608' title='bbox 1128 4658 1190 4695; x_wconf 88' lang='lat' dir='ltr'><strong>ea</strong></span> <span class='ocrx_word' id='word_1_609' title='bbox 1222 4640 1342 4709; x_wconf 58' lang='lat' dir='ltr'><strong>(iure</strong></span> <span class='ocrx_word' id='word_1_610' title='bbox 1378 4641 1692 4709; x_wconf 78' lang='lat' dir='ltr'><strong>promiscue</strong></span> <span class='ocrx_word' id='word_1_611' title='bbox 1723 4640 1789 4694; x_wconf 87' lang='lat' dir='ltr'><strong>ad</strong></span> <span class='ocrx_word' id='word_1_612' title='bbox 1816 4653 1962 4694; x_wconf 83' lang='lat' dir='ltr'><strong>tran-</strong></span> 
     </span>
    </p>
   </div>
   <div class='ocr_carea' id='block_1_88' title="bbox 386 4710 1968 4777">
    <p class='ocr_par' dir='ltr' id='par_1_88' title="bbox 386 4710 1968 4777">
     <span class='ocr_line' id='line_1_88' title="bbox 386 4710 1968 4777; baseline -0.007 -6"><span class='ocrx_word' id='word_1_613' title='bbox 386 4718 680 4772; x_wconf 87' lang='lat' dir='ltr'><strong>slationem</strong></span> <span class='ocrx_word' id='word_1_614' title='bbox 712 4713 858 4764; x_wconf 82' lang='lat' dir='ltr'><strong>verbi</strong></span> <span class='ocrx_word' id='word_1_615' title='bbox 893 4710 1261 4766; x_wconf 78' lang='lat' dir='ltr'><strong>intellectiletn</strong></span> <span class='ocrx_word' id='word_1_616' title='bbox 1306 4711 1599 4777; x_wconf 86' lang='lat' dir='ltr'><strong>pertinent,</strong></span> <span class='ocrx_word' id='word_1_617' title='bbox 1633 4725 1686 4763; x_wconf 90' lang='lat' dir='ltr'><strong>et</strong></span> <span class='ocrx_word' id='word_1_618' title='bbox 1716 4712 1781 4762; x_wconf 88' lang='lat' dir='ltr'><strong>ad</strong></span> <span class='ocrx_word' id='word_1_619' title='bbox 1833 4713 1968 4772; x_wconf 63' lang='lat' dir='ltr'><strong>ligu-</strong></span> 
     </span>
    </p>
   </div>
   <div class='ocr_carea' id='block_1_89' title="bbox 389 4781 1967 4842">
    <p class='ocr_par' dir='ltr' id='par_1_89' title="bbox 389 4781 1967 4842">
     <span class='ocr_line' id='line_1_89' title="bbox 389 4781 1967 4842; baseline -0.006 -1"><span class='ocrx_word' id='word_1_620' title='bbox 389 4788 668 4841; x_wconf 75' lang='lat' dir='ltr'><strong>rationent</strong></span> <span class='ocrx_word' id='word_1_621' title='bbox 700 4783 956 4836; x_wconf 82' lang='lat' dir='ltr'><strong>Sensilem</strong></span> <span class='ocrx_word' id='word_1_622' title='bbox 999 4798 1014 4835; x_wconf 88' lang='lat'><strong>:</strong></span> <span class='ocrx_word' id='word_1_623' title='bbox 1053 4789 1110 4833; x_wconf 89' lang='lat' dir='ltr'><strong>nt</strong></span> <span class='ocrx_word' id='word_1_624' title='bbox 1143 4781 1326 4833; x_wconf 87' lang='lat' dir='ltr'><strong>dicere</strong></span> <span class='ocrx_word' id='word_1_625' title='bbox 1367 4781 1419 4830; x_wconf 91' lang='lat' dir='ltr'><strong>in</strong></span> <span class='ocrx_word' id='word_1_626' title='bbox 1455 4781 1586 4840; x_wconf 78' lang='lat' dir='ltr'><strong>Deo,</strong></span> <span class='ocrx_word' id='word_1_627' title='bbox 1619 4796 1702 4842; x_wconf 89' lang='lat' dir='ltr'><strong>os,</strong></span> <span class='ocrx_word' id='word_1_628' title='bbox 1756 4781 1967 4841; x_wconf 86' lang='lat' dir='ltr'><strong>oculos,</strong></span> 
     </span>
    </p>
   </div>
   <div class='ocr_carea' id='block_1_90' title="bbox 389 4849 1971 4917">
    <p class='ocr_par' dir='ltr' id='par_1_90' title="bbox 389 4849 1971 4917">
     <span class='ocr_line' id='line_1_90' title="bbox 389 4849 1971 4917; baseline -0.006 -7"><span class='ocrx_word' id='word_1_629' title='bbox 389 4859 858 4916; x_wconf 58' lang='lat' dir='ltr'><strong>l‘acicm,tnanus,</strong></span> <span class='ocrx_word' id='word_1_630' title='bbox 893 4853 1077 4917; x_wconf 85' lang='lat' dir='ltr'><strong>pedes,</strong></span> <span class='ocrx_word' id='word_1_631' title='bbox 1111 4859 1165 4901; x_wconf 87' lang='lat' dir='ltr'><strong>et</strong></span> <span class='ocrx_word' id='word_1_632' title='bbox 1210 4849 1462 4900; x_wconf 85' lang='lat' dir='ltr'><strong>similiter</strong></span> <span class='ocrx_word' id='word_1_633' title='bbox 1523 4849 1575 4900; x_wconf 89' lang='lat' dir='ltr'><strong>in</strong></span> <span class='ocrx_word' id='word_1_634' title='bbox 1637 4851 1756 4902; x_wconf 82' lang='lat' dir='ltr'><strong>aliis</strong></span> <span class='ocrx_word' id='word_1_635' title='bbox 1807 4851 1971 4915; x_wconf 78' lang='lat' dir='ltr'><strong>parti-</strong></span> 
     </span>
    </p>
   </div>
   <div class='ocr_carea' id='block_1_91' title="bbox 388 4918 1964 4992">
    <p class='ocr_par' dir='ltr' id='par_1_91' title="bbox 388 4918 1964 4992">
     <span class='ocr_line' id='line_1_91' title="bbox 388 4918 1964 4992; baseline -0.006 -13"><span class='ocrx_word' id='word_1_636' title='bbox 388 4929 498 4980; x_wconf 82' lang='lat' dir='ltr'><strong>bus</strong></span> <span class='ocrx_word' id='word_1_637' title='bbox 540 4922 810 4992; x_wconf 83' lang='lat' dir='ltr'><strong>corporis,</strong></span> <span class='ocrx_word' id='word_1_638' title='bbox 839 4938 961 4990; x_wconf 79' lang='lat' dir='ltr'><strong>qua:</strong></span> <span class='ocrx_word' id='word_1_639' title='bbox 1019 4931 1072 4972; x_wconf 90' lang='lat' dir='ltr'><strong>et</strong></span> <span class='ocrx_word' id='word_1_640' title='bbox 1092 4918 1314 4992; x_wconf 78' lang='lat' dir='ltr'><strong>figurari</strong></span> <span class='ocrx_word' id='word_1_641' title='bbox 1371 4929 1618 4992; x_wconf 71' lang='lat' dir='ltr'><strong>possunt</strong></span> <span class='ocrx_word' id='word_1_642' title='bbox 1664 4921 1964 4992; x_wconf 59' lang='lat' dir='ltr'><strong>Secundum</strong></span> 
     </span>
    </p>
   </div>
   <div class='ocr_carea' id='block_1_92' title="bbox 386 4986 1963 5058">
    <p class='ocr_par' dir='ltr' id='par_1_92' title="bbox 386 4986 1963 5058">
     <span class='ocr_line' id='line_1_92' title="bbox 386 4986 1963 5058; baseline -0.008 -8"><span class='ocrx_word' id='word_1_643' title='bbox 386 4986 722 5056; x_wconf 50' lang='lat' dir='ltr'><strong>sensimu&#39;et</strong></span> <span class='ocrx_word' id='word_1_644' title='bbox 756 4986 885 5058; x_wconf 50' lang='lat' dir='ltr'><strong>idic&#39;i</strong></span> <span class='ocrx_word' id='word_1_645' title='bbox 948 4990 1214 5058; x_wconf 88' lang='lat' dir='ltr'><strong>translate</strong></span> <span class='ocrx_word' id='word_1_646' title='bbox 1265 4986 1558 5040; x_wconf 84' lang='lat' dir='ltr'><strong>secundum</strong></span> <span class='ocrx_word' id='word_1_647' title='bbox 1609 4987 1963 5049; x_wconf 86' lang='lat' dir='ltr'><strong>intellectum,</strong></span> 
     </span>
    </p>
   </div>
   <div class='ocr_carea' id='block_1_93' title="bbox 387 5057 1967 5123">
    <p class='ocr_par' dir='ltr' id='par_1_93' title="bbox 387 5057 1967 5123">
     <span class='ocr_line' id='line_1_93' title="bbox 387 5057 1967 5123; baseline -0.006 -7"><span class='ocrx_word' id='word_1_648' title='bbox 387 5073 449 5117; x_wconf 90' lang='lat' dir='ltr'><strong>ut</strong></span> <span class='ocrx_word' id='word_1_649' title='bbox 486 5065 530 5116; x_wconf 88' lang='lat' dir='ltr'><strong>si</strong></span> <span class='ocrx_word' id='word_1_650' title='bbox 555 5064 729 5114; x_wconf 69' lang='lat' dir='ltr'><strong>diviso</strong></span> <span class='ocrx_word' id='word_1_651' title='bbox 753 5057 1063 5116; x_wconf 78' lang='lat' dir='ltr'><strong>animaliin</strong></span> <span class='ocrx_word' id='word_1_652' title='bbox 1101 5057 1368 5111; x_wconf 88' lang='lat' dir='ltr'><strong>rationale</strong></span> <span class='ocrx_word' id='word_1_653' title='bbox 1405 5057 1712 5123; x_wconf 89' lang='lat' dir='ltr'><strong>oppositum</strong></span> <span class='ocrx_word' id='word_1_654' title='bbox 1749 5058 1967 5110; x_wconf 81' lang='lat' dir='ltr'><strong>irratio-</strong></span> 
     </span>
    </p>
   </div>
   <div class='ocr_carea' id='block_1_94' title="bbox 388 5125 1966 5196">
    <p class='ocr_par' dir='ltr' id='par_1_94' title="bbox 388 5125 1966 5196">
     <span class='ocr_line' id='line_1_94' title="bbox 388 5125 1966 5196; baseline -0.003 -11"><span class='ocrx_word' id='word_1_655' title='bbox 388 5134 524 5195; x_wconf 87' lang='lat' dir='ltr'><strong>nali,</strong></span> <span class='ocrx_word' id='word_1_656' title='bbox 563 5140 617 5183; x_wconf 90' lang='lat' dir='ltr'><strong>et</strong></span> <span class='ocrx_word' id='word_1_657' title='bbox 649 5131 700 5182; x_wconf 90' lang='lat' dir='ltr'><strong>in</strong></span> <span class='ocrx_word' id='word_1_658' title='bbox 744 5131 1059 5183; x_wconf 84' lang='lat' dir='ltr'><strong>irrationale</strong></span> <span class='ocrx_word' id='word_1_659' title='bbox 1091 5125 1400 5196; x_wconf 88' lang='lat' dir='ltr'><strong>oppositum</strong></span> <span class='ocrx_word' id='word_1_660' title='bbox 1431 5125 1707 5186; x_wconf 86' lang='lat' dir='ltr'><strong>rationali,</strong></span> <span class='ocrx_word' id='word_1_661' title='bbox 1772 5140 1966 5180; x_wconf 87' lang='lat' dir='ltr'><strong>rursus</strong></span> 
     </span>
    </p>
   </div>
   <div class='ocr_carea' id='block_1_95' title="bbox 391 5196 1965 5254">
    <p class='ocr_par' dir='ltr' id='par_1_95' title="bbox 391 5196 1965 5254">
     <span class='ocr_line' id='line_1_95' title="bbox 391 5196 1965 5254; baseline -0.003 0"><span class='ocrx_word' id='word_1_662' title='bbox 391 5208 490 5254; x_wconf 87' lang='lat' dir='ltr'><strong>fiat</strong></span> <span class='ocrx_word' id='word_1_663' title='bbox 515 5201 818 5254; x_wconf 88' lang='lat' dir='ltr'><strong>subdivisio</strong></span> <span class='ocrx_word' id='word_1_664' title='bbox 865 5199 1113 5252; x_wconf 85' lang='lat' dir='ltr'><strong>animalis</strong></span> <span class='ocrx_word' id='word_1_665' title='bbox 1147 5199 1200 5249; x_wconf 85' lang='lat' dir='ltr'><strong>iit</strong></span> <span class='ocrx_word' id='word_1_666' title='bbox 1233 5196 1608 5254; x_wconf 77' lang='lat' dir='ltr'><strong>herbivorum;</strong></span> <span class='ocrx_word' id='word_1_667' title='bbox 1631 5203 1684 5246; x_wconf 85' lang='lat' dir='ltr'><strong>et</strong></span> <span class='ocrx_word' id='word_1_668' title='bbox 1709 5197 1965 5249; x_wconf 67' lang='lat' dir='ltr'><strong>carnito-</strong></span> 
     </span>
    </p>
   </div>
   <div class='ocr_carea' id='block_1_96' title="bbox 392 5263 1962 5337">
    <p class='ocr_par' dir='ltr' id='par_1_96' title="bbox 392 5263 1962 5337">
     <span class='ocr_line' id='line_1_96' title="bbox 392 5263 1962 5337; baseline -0.006 -13"><span class='ocrx_word' id='word_1_669' title='bbox 392 5286 541 5330; x_wconf 86' lang='lat' dir='ltr'><strong>rum,</strong></span> <span class='ocrx_word' id='word_1_670' title='bbox 570 5285 690 5337; x_wconf 58' lang='lat' dir='ltr'><strong>qure</strong></span> <span class='ocrx_word' id='word_1_671' title='bbox 724 5285 829 5322; x_wconf 92' lang='lat' dir='ltr'><strong>non</strong></span> <span class='ocrx_word' id='word_1_672' title='bbox 859 5280 982 5323; x_wconf 88' lang='lat' dir='ltr'><strong>sunt</strong></span> <span class='ocrx_word' id='word_1_673' title='bbox 1029 5268 1298 5337; x_wconf 85' lang='lat' dir='ltr'><strong>opposita,</strong></span> <span class='ocrx_word' id='word_1_674' title='bbox 1330 5266 1422 5337; x_wconf 85' lang='lat' dir='ltr'><strong>sed</strong></span> <span class='ocrx_word' id='word_1_675' title='bbox 1446 5263 1764 5337; x_wconf 78' lang='lat' dir='ltr'><strong>coincidunt</strong></span> <span class='ocrx_word' id='word_1_676' title='bbox 1792 5269 1844 5317; x_wconf 92' lang='lat' dir='ltr'><strong>in</strong></span> <span class='ocrx_word' id='word_1_677' title='bbox 1875 5283 1962 5332; x_wconf 76' lang='lat' dir='ltr'><strong>ge-</strong></span> 
     </span>
    </p>
   </div>
   <div class='ocr_carea' id='block_1_97' title="bbox 389 5335 1960 5400">
    <p class='ocr_par' dir='ltr' id='par_1_97' title="bbox 389 5335 1960 5400">
     <span class='ocr_line' id='line_1_97' title="bbox 389 5335 1960 5400; baseline -0.004 -6"><span class='ocrx_word' id='word_1_678' title='bbox 389 5355 530 5394; x_wconf 79' lang='lat' dir='ltr'><strong>nere</strong></span> <span class='ocrx_word' id='word_1_679' title='bbox 553 5335 808 5392; x_wconf 85' lang='lat' dir='ltr'><strong>animalis</strong></span> <span class='ocrx_word' id='word_1_680' title='bbox 865 5339 1144 5390; x_wconf 84' lang='lat' dir='ltr'><strong>rationalis</strong></span> <span class='ocrx_word' id='word_1_681' title='bbox 1166 5345 1220 5389; x_wconf 88' lang='lat' dir='ltr'><strong>et</strong></span> <span class='ocrx_word' id='word_1_682' title='bbox 1271 5335 1602 5388; x_wconf 85' lang='lat' dir='ltr'><strong>irrationalis</strong></span> <span class='ocrx_word' id='word_1_683' title='bbox 1636 5352 1649 5385; x_wconf 89' lang='lat'>:</span> <span class='ocrx_word' id='word_1_684' title='bbox 1690 5336 1960 5400; x_wconf 85' lang='lat' dir='ltr'><strong>siquidem</strong></span> 
     </span>
    </p>
   </div>
   <div class='ocr_carea' id='block_1_98' title="bbox 389 5404 1967 5477">
    <p class='ocr_par' dir='ltr' id='par_1_98' title="bbox 389 5404 1967 5477">
     <span class='ocr_line' id='line_1_98' title="bbox 389 5404 1967 5477; baseline -0.003 -17"><span class='ocrx_word' id='word_1_685' title='bbox 389 5410 748 5477; x_wconf 83' lang='lat' dir='ltr'><strong>reperiuntur</strong></span> <span class='ocrx_word' id='word_1_686' title='bbox 773 5409 983 5461; x_wconf 86' lang='lat' dir='ltr'><strong>ratione</strong></span> <span class='ocrx_word' id='word_1_687' title='bbox 1015 5418 1231 5460; x_wconf 87' lang='lat' dir='ltr'><strong>utentes</strong></span> <span class='ocrx_word' id='word_1_688' title='bbox 1279 5404 1644 5464; x_wconf 78' lang='lat' dir='ltr'><strong>herhivori,et</strong></span> <span class='ocrx_word' id='word_1_689' title='bbox 1706 5404 1806 5477; x_wconf 86' lang='lat' dir='ltr'><strong>alii</strong></span> <span class='ocrx_word' id='word_1_690' title='bbox 1847 5419 1967 5477; x_wconf 74' lang='lat' dir='ltr'><strong>car-</strong></span> 
     </span>
    </p>
   </div>
   <div class='ocr_carea' id='block_1_99' title="bbox 391 5474 1964 5537">
    <p class='ocr_par' dir='ltr' id='par_1_99' title="bbox 391 5474 1964 5537">
     <span class='ocr_line' id='line_1_99' title="bbox 391 5474 1964 5537; baseline -0.003 -7"><span class='ocrx_word' id='word_1_691' title='bbox 391 5474 596 5537; x_wconf 70' lang='lat' dir='ltr'><strong>nivuri,</strong></span> <span class='ocrx_word' id='word_1_692' title='bbox 637 5479 1020 5530; x_wconf 83' lang='lat' dir='ltr'><strong>ctanimantes</strong></span> <span class='ocrx_word' id='word_1_693' title='bbox 1046 5479 1174 5530; x_wconf 85' lang='lat' dir='ltr'><strong>item</strong></span> <span class='ocrx_word' id='word_1_694' title='bbox 1235 5478 1444 5527; x_wconf 79' lang='lat' dir='ltr'><strong>ratione</strong></span> <span class='ocrx_word' id='word_1_695' title='bbox 1474 5485 1724 5528; x_wconf 87' lang='lat' dir='ltr'><strong>carentes</strong></span> <span class='ocrx_word' id='word_1_696' title='bbox 1767 5474 1964 5527; x_wconf 85' lang='lat' dir='ltr'><strong>simili-</strong></span> 
     </span>
    </p>
   </div>
   <div class='ocr_carea' id='block_1_100' title="bbox 391 5542 1967 5611">
    <p class='ocr_par' dir='ltr' id='par_1_100' title="bbox 391 5542 1967 5611">
     <span class='ocr_line' id='line_1_100' title="bbox 391 5542 1967 5611; baseline -0.001 -13"><span class='ocrx_word' id='word_1_697' title='bbox 391 5559 478 5598; x_wconf 72' lang='lat' dir='ltr'><strong>ter</strong></span> <span class='ocrx_word' id='word_1_698' title='bbox 511 5547 833 5611; x_wconf 71' lang='lat' dir='ltr'><strong>hei-biverte,</strong></span> <span class='ocrx_word' id='word_1_699' title='bbox 863 5556 914 5599; x_wconf 91' lang='lat' dir='ltr'><strong>et</strong></span> <span class='ocrx_word' id='word_1_700' title='bbox 945 5547 1066 5599; x_wconf 74' lang='lat' dir='ltr'><strong>alia:</strong></span> <span class='ocrx_word' id='word_1_701' title='bbox 1087 5545 1408 5599; x_wconf 67' lang='lat' dir='ltr'><strong>carnirorm.</strong></span> <span class='ocrx_word' id='word_1_702' title='bbox 1433 5544 1522 5597; x_wconf 89' lang='lat' dir='ltr'><strong>Sic</strong></span> <span class='ocrx_word' id='word_1_703' title='bbox 1538 5542 1709 5597; x_wconf 80' lang='lat' dir='ltr'><strong>divisa</strong></span> <span class='ocrx_word' id='word_1_704' title='bbox 1756 5543 1967 5596; x_wconf 84' lang='lat' dir='ltr'><strong>theolo-</strong></span> 
     </span>
    </p>
   </div>
   <div class='ocr_carea' id='block_1_101' title="bbox 391 5615 1968 5685">
    <p class='ocr_par' dir='ltr' id='par_1_101' title="bbox 391 5615 1968 5685">
     <span class='ocr_line' id='line_1_101' title="bbox 391 5615 1968 5685; baseline 0.001 -20"><span class='ocrx_word' id='word_1_705' title='bbox 391 5619 479 5684; x_wconf 77' lang='lat' dir='ltr'><strong>gia</strong></span> <span class='ocrx_word' id='word_1_706' title='bbox 515 5617 806 5685; x_wconf 71' lang='lat' dir='ltr'><strong>symbolica</strong></span> <span class='ocrx_word' id='word_1_707' title='bbox 855 5619 906 5668; x_wconf 87' lang='lat' dir='ltr'><strong>in</strong></span> <span class='ocrx_word' id='word_1_708' title='bbox 960 5617 1335 5683; x_wconf 81' lang='lat' dir='ltr'><strong>figurationem</strong></span> <span class='ocrx_word' id='word_1_709' title='bbox 1395 5615 1693 5669; x_wconf 86' lang='lat' dir='ltr'><strong>secundum</strong></span> <span class='ocrx_word' id='word_1_710' title='bbox 1747 5629 1968 5685; x_wconf 74' lang='lat' dir='ltr'><strong>sensum</strong></span> 
     </span>
    </p>
   </div>
   <div class='ocr_carea' id='block_1_102' title="bbox 391 5684 1964 5753">
    <p class='ocr_par' dir='ltr' id='par_1_102' title="bbox 391 5684 1964 5753">
     <span class='ocr_line' id='line_1_102' title="bbox 391 5684 1964 5753; baseline -0.001 -17"><span class='ocrx_word' id='word_1_711' title='bbox 391 5684 704 5753; x_wconf 73' lang='lat' dir='ltr'><strong>oppoSttam</strong></span> <span class='ocrx_word' id='word_1_712' title='bbox 738 5687 1079 5738; x_wconf 82' lang='lat' dir='ltr'><strong>translationi</strong></span> <span class='ocrx_word' id='word_1_713' title='bbox 1109 5686 1260 5738; x_wconf 78' lang='lat' dir='ltr'><strong>verbi</strong></span> <span class='ocrx_word' id='word_1_714' title='bbox 1286 5686 1587 5736; x_wconf 80' lang='lat' dir='ltr'><strong>secundum</strong></span> <span class='ocrx_word' id='word_1_715' title='bbox 1632 5684 1964 5737; x_wconf 76' lang='lat' dir='ltr'><strong>intellectum</strong></span> 
     </span>
    </p>
   </div>
   <div class='ocr_carea' id='block_1_103' title="bbox 394 5753 1962 5824">
    <p class='ocr_par' dir='ltr' id='par_1_103' title="bbox 394 5753 1962 5824">
     <span class='ocr_line' id='line_1_103' title="bbox 394 5753 1962 5824; baseline 0.001 -18"><span class='ocrx_word' id='word_1_716' title='bbox 394 5760 671 5824; x_wconf 82' lang='lat' dir='ltr'><strong>repetitur</strong></span> <span class='ocrx_word' id='word_1_717' title='bbox 704 5770 896 5808; x_wconf 84' lang='lat' dir='ltr'><strong>rursus</strong></span> <span class='ocrx_word' id='word_1_718' title='bbox 931 5771 982 5806; x_wconf 86' lang='lat' dir='ltr'><strong>in</strong></span> <span class='ocrx_word' id='word_1_719' title='bbox 1020 5757 1344 5824; x_wconf 83' lang='lat' dir='ltr'><strong>quibusdam</strong></span> <span class='ocrx_word' id='word_1_720' title='bbox 1376 5755 1627 5823; x_wconf 68' lang='lat' dir='ltr'><strong>ligntatio</strong></span> <span class='ocrx_word' id='word_1_721' title='bbox 1660 5753 1962 5808; x_wconf 81' lang='lat' dir='ltr'><strong>secundum</strong></span> 
     </span>
    </p>
   </div>
   <div class='ocr_carea' id='block_1_104' title="bbox 721 5850 1350 5913">
    <p class='ocr_par' dir='ltr' id='par_1_104' title="bbox 721 5850 1350 5913">
     <span class='ocr_line' id='line_1_104' title="bbox 721 5850 1350 5913; baseline 0.006 -5"><span class='ocrx_word' id='word_1_722' title='bbox 721 5851 988 5909; x_wconf 73' lang='lat' dir='ltr'><strong>PATROL.</strong></span> <span class='ocrx_word' id='word_1_723' title='bbox 1024 5851 1140 5910; x_wconf 79' lang='lat' dir='ltr'><strong>Gn.</strong></span> <span class='ocrx_word' id='word_1_724' title='bbox 1175 5850 1350 5913; x_wconf 82' lang='lat' dir='ltr'><strong>CLlI.</strong></span> 
     </span>
    </p>
   </div>
   <div class='ocr_carea' id='block_1_105' title="bbox 2073 4571 3636 4632">
    <p class='ocr_par' dir='ltr' id='par_1_105' title="bbox 2073 4571 3636 4632">
     <span class='ocr_line' id='line_1_105' title="bbox 2073 4571 3636 4632; baseline 0.005 -8"><span class='ocrx_word' id='word_1_725' title='bbox 2073 4571 2444 4632; x_wconf 85' lang='lat' dir='ltr'><strong>intellectum,</strong></span> <span class='ocrx_word' id='word_1_726' title='bbox 2477 4581 2532 4622; x_wconf 90' lang='lat' dir='ltr'><strong>et</strong></span> <span class='ocrx_word' id='word_1_727' title='bbox 2565 4571 2806 4624; x_wconf 82' lang='lat' dir='ltr'><strong>vicissim</strong></span> <span class='ocrx_word' id='word_1_728' title='bbox 2835 4576 3122 4629; x_wconf 79' lang='lat' dir='ltr'><strong>translatio</strong></span> <span class='ocrx_word' id='word_1_729' title='bbox 3154 4579 3299 4629; x_wconf 50' lang='lat' dir='ltr'><strong>verbi</strong></span> <span class='ocrx_word' id='word_1_730' title='bbox 3334 4581 3636 4632; x_wconf 85' lang='lat' dir='ltr'><strong>secundum</strong></span> 
     </span>
    </p>
   </div>
   <div class='ocr_carea' id='block_1_106' title="bbox 2074 4640 3635 4712">
    <p class='ocr_par' dir='ltr' id='par_1_106' title="bbox 2074 4640 3635 4712">
     <span class='ocr_line' id='line_1_106' title="bbox 2074 4640 3635 4712; baseline 0.003 -14"><span class='ocrx_word' id='word_1_731' title='bbox 2074 4640 2714 4712; x_wconf 26' lang='lat' dir='ltr'><strong>intellectumAincitlens</strong></span> <span class='ocrx_word' id='word_1_732' title='bbox 2780 4643 2832 4694; x_wconf 91' lang='lat' dir='ltr'><strong>in</strong></span> <span class='ocrx_word' id='word_1_733' title='bbox 2885 4645 3261 4712; x_wconf 81' lang='lat' dir='ltr'><strong>figurationem</strong></span> <span class='ocrx_word' id='word_1_734' title='bbox 3334 4647 3635 4702; x_wconf 71' lang='lat' dir='ltr'><strong>secundqu</strong></span> 
     </span>
    </p>
   </div>
   <div class='ocr_carea' id='block_1_107' title="bbox 2074 4709 3488 4779">
    <p class='ocr_par' dir='ltr' id='par_1_107' title="bbox 2074 4709 3488 4779">
     <span class='ocr_line' id='line_1_107' title="bbox 2074 4709 3488 4779; baseline 0.006 -19"><span class='ocrx_word' id='word_1_735' title='bbox 2074 4725 2316 4779; x_wconf 71' lang='lat' dir='ltr'><strong>sensum,</strong></span> <span class='ocrx_word' id='word_1_736' title='bbox 2348 4717 2402 4759; x_wconf 88' lang='lat' dir='ltr'><strong>ut</strong></span> <span class='ocrx_word' id='word_1_737' title='bbox 2437 4709 2490 4760; x_wconf 90' lang='lat' dir='ltr'><strong>in</strong></span> <span class='ocrx_word' id='word_1_738' title='bbox 2521 4711 2787 4778; x_wconf 82' lang='lat' dir='ltr'><strong>exemplis</strong></span> <span class='ocrx_word' id='word_1_739' title='bbox 2806 4709 3153 4779; x_wconf 62' lang='lat' dir='ltr'><strong>superiorum</strong></span> <span class='ocrx_word' id='word_1_740' title='bbox 3185 4718 3488 4769; x_wconf 85' lang='lat' dir='ltr'><strong>nominum.</strong></span> 
     </span>
    </p>
   </div>
   <div class='ocr_carea' id='block_1_108' title="bbox 2144 4777 3644 4856">
    <p class='ocr_par' dir='ltr' id='par_1_108' title="bbox 2144 4777 3644 4856">
     <span class='ocr_line' id='line_1_108' title="bbox 2144 4777 3644 4856; baseline 0.006 -25"><span class='ocrx_word' id='word_1_741' title='bbox 2144 4777 2693 4856; x_wconf 43' lang='lat' dir='ltr'><strong>(Qinlifysticumeui‘n</strong></span> <span class='ocrx_word' id='word_1_742' title='bbox 2720 4777 2978 4856; x_wconf 59' lang='lat' dir='ltr'><strong>symbolo.</strong></span> <span class='ocrx_word' id='word_1_743' title='bbox 3022 4783 3110 4837; x_wconf 63' lang='lat' dir='ltr'><strong>list</strong></span> <span class='ocrx_word' id='word_1_744' title='bbox 3144 4787 3313 4846; x_wconf 85' lang='lat' dir='ltr'><strong>enim,</strong></span> <span class='ocrx_word' id='word_1_745' title='bbox 3371 4788 3446 4838; x_wconf 85' lang='lat' dir='ltr'><strong>ait</strong></span> <span class='ocrx_word' id='word_1_746' title='bbox 3509 4803 3644 4841; x_wconf 83' lang='lat' dir='ltr'><strong>san-</strong></span> 
     </span>
    </p>
   </div>
   <div class='ocr_carea' id='block_1_109' title="bbox 2071 4847 3639 4925">
    <p class='ocr_par' dir='ltr' id='par_1_109' title="bbox 2071 4847 3639 4925">
     <span class='ocr_line' id='line_1_109' title="bbox 2071 4847 3639 4925; baseline 0.008 -25"><span class='ocrx_word' id='word_1_747' title='bbox 2071 4860 2190 4925; x_wconf 77' lang='lat' dir='ltr'><strong>ctus</strong></span> <span class='ocrx_word' id='word_1_748' title='bbox 2224 4847 2512 4925; x_wconf 77' lang='lat' dir='ltr'><strong>Maximus,</strong></span> <span class='ocrx_word' id='word_1_749' title='bbox 2548 4849 2598 4898; x_wconf 91' lang='lat' dir='ltr'><strong>in</strong></span> <span class='ocrx_word' id='word_1_750' title='bbox 2632 4847 2910 4925; x_wconf 61' lang='lat' dir='ltr'><strong>Syrtibolo</strong></span> <span class='ocrx_word' id='word_1_751' title='bbox 2947 4863 3206 4921; x_wconf 88' lang='lat' dir='ltr'><strong>tanquam</strong></span> <span class='ocrx_word' id='word_1_752' title='bbox 3240 4855 3432 4908; x_wconf 89' lang='lat' dir='ltr'><strong>umbra</strong></span> <span class='ocrx_word' id='word_1_753' title='bbox 3497 4868 3639 4912; x_wconf 77' lang='lat' dir='ltr'><strong>tecta</strong></span> 
     </span>
    </p>
   </div>
   <div class='ocr_carea' id='block_1_110' title="bbox 2073 4919 3641 4990">
    <p class='ocr_par' dir='ltr' id='par_1_110' title="bbox 2073 4919 3641 4990">
     <span class='ocr_line' id='line_1_110' title="bbox 2073 4919 3641 4990; baseline 0.004 -18"><span class='ocrx_word' id='word_1_754' title='bbox 2073 4920 2297 4990; x_wconf 80' lang='lat' dir='ltr'><strong>veritas,</strong></span> <span class='ocrx_word' id='word_1_755' title='bbox 2328 4927 2385 4968; x_wconf 85' lang='grc' dir='ltr'><strong>ιιι</strong></span> <span class='ocrx_word' id='word_1_756' title='bbox 2425 4919 2478 4967; x_wconf 92' lang='lat' dir='ltr'><strong>in</strong></span> <span class='ocrx_word' id='word_1_757' title='bbox 2511 4920 2710 4990; x_wconf 67' lang='lat' dir='ltr'><strong>pascha</strong></span> <span class='ocrx_word' id='word_1_758' title='bbox 2744 4919 2984 4974; x_wconf 81' lang='lat' dir='ltr'><strong>Mosaico</strong></span> <span class='ocrx_word' id='word_1_759' title='bbox 3016 4919 3206 4975; x_wconf 74' lang='lat' dir='ltr'><strong>verum</strong></span> <span class='ocrx_word' id='word_1_760' title='bbox 3241 4928 3464 4990; x_wconf 83' lang='lat' dir='ltr'><strong>pascha,</strong></span> <span class='ocrx_word' id='word_1_761' title='bbox 3496 4929 3641 4982; x_wconf 79' lang='lat' dir='ltr'><strong>sicut</strong></span> 
     </span>
    </p>
   </div>
   <div class='ocr_carea' id='block_1_111' title="bbox 2069 4984 3638 5057">
    <p class='ocr_par' dir='ltr' id='par_1_111' title="bbox 2069 4984 3638 5057">
     <span class='ocr_line' id='line_1_111' title="bbox 2069 4984 3638 5057; baseline 0.004 -13"><span class='ocrx_word' id='word_1_762' title='bbox 2069 4989 2334 5057; x_wconf 72' lang='lat' dir='ltr'><strong>scripturn</strong></span> <span class='ocrx_word' id='word_1_763' title='bbox 2362 4996 2444 5038; x_wconf 86' lang='lat' dir='ltr'><strong>est</strong></span> <span class='ocrx_word' id='word_1_764' title='bbox 2475 5002 2488 5038; x_wconf 90' lang='lat'>:</span> <span class='ocrx_word' id='word_1_765' title='bbox 2531 4984 2734 5057; x_wconf 68' lang='lat' dir='ltr'><strong>Pascha</strong></span> <span class='ocrx_word' id='word_1_766' title='bbox 2763 4999 3002 5042; x_wconf 84' lang='lat' dir='ltr'><strong>nostrum</strong></span> <span class='ocrx_word' id='word_1_767' title='bbox 3035 4984 3342 5047; x_wconf 63' lang='lat' dir='ltr'><strong>immolatus</strong></span> <span class='ocrx_word' id='word_1_768' title='bbox 3375 4984 3458 5049; x_wconf 77' lang='lat' dir='ltr'><strong>est</strong></span> <span class='ocrx_word' id='word_1_769' title='bbox 3479 4998 3638 5050; x_wconf 77' lang='lat' dir='ltr'><strong>Chri-</strong></span> 
     </span>
    </p>
   </div>
   <div class='ocr_carea' id='block_1_112' title="bbox 2069 5053 3636 5130">
    <p class='ocr_par' dir='ltr' id='par_1_112' title="bbox 2069 5053 3636 5130">
     <span class='ocr_line' id='line_1_112' title="bbox 2069 5053 3636 5130; baseline 0.006 -22"><span class='ocrx_word' id='word_1_770' title='bbox 2069 5053 2201 5130; x_wconf 60' lang='lat' dir='ltr'><strong>stus.</strong></span> <span class='ocrx_word' id='word_1_771' title='bbox 2229 5055 2269 5130; x_wconf 84' lang='lat' dir='ltr'><strong>(_l</strong></span> <span class='ocrx_word' id='word_1_772' title='bbox 2297 5053 2424 5130; x_wconf 80' lang='lat' dir='ltr'><strong>Ger.</strong></span> <span class='ocrx_word' id='word_1_773' title='bbox 2459 5056 2616 5130; x_wconf 30' lang='grc' dir='ltr'><strong>ν,.7.)</strong></span> <span class='ocrx_word' id='word_1_774' title='bbox 2653 5055 2769 5130; x_wconf 74' lang='lat' dir='ltr'><strong>line</strong></span> <span class='ocrx_word' id='word_1_775' title='bbox 2791 5063 3025 5126; x_wconf 77' lang='lat' dir='ltr'><strong>pertinet</strong></span> <span class='ocrx_word' id='word_1_776' title='bbox 3086 5064 3213 5116; x_wconf 90' lang='lat' dir='ltr'><strong>illud</strong></span> <span class='ocrx_word' id='word_1_777' title='bbox 3248 5067 3504 5119; x_wconf 71' lang='lat' dir='ltr'><strong>athalat.</strong></span> <span class='ocrx_word' id='word_1_778' title='bbox 3561 5083 3636 5130; x_wconf 86' lang='lat' dir='ltr'><strong>tv,</strong></span> 
     </span>
    </p>
   </div>
   <div class='ocr_carea' id='block_1_113' title="bbox 2067 5125 3642 5194">
    <p class='ocr_par' dir='ltr' id='par_1_113' title="bbox 2067 5125 3642 5194">
     <span class='ocr_line' id='line_1_113' title="bbox 2067 5125 3642 5194; baseline 0.006 -12"><span class='ocrx_word' id='word_1_779' title='bbox 2067 5129 2175 5182; x_wconf 59' lang='grc' dir='ltr'>Ἧι</span> <span class='ocrx_word' id='word_1_780' title='bbox 2201 5125 2466 5180; x_wconf 80' lang='lat' dir='ltr'><strong>Abraham</strong></span> <span class='ocrx_word' id='word_1_781' title='bbox 2491 5125 2624 5178; x_wconf 83' lang='lat' dir='ltr'><strong>duos</strong></span> <span class='ocrx_word' id='word_1_782' title='bbox 2653 5125 2804 5194; x_wconf 73' lang='lat' dir='ltr'><strong>filios</strong></span> <span class='ocrx_word' id='word_1_783' title='bbox 2827 5131 3030 5192; x_wconf 80' lang='lat' dir='ltr'><strong>habuit,</strong></span> <span class='ocrx_word' id='word_1_784' title='bbox 3057 5143 3158 5186; x_wconf 82' lang='lat' dir='ltr'><strong>etc.</strong></span> <span class='ocrx_word' id='word_1_785' title='bbox 3192 5134 3302 5186; x_wconf 75' lang='lat' dir='ltr'><strong>inec</strong></span> <span class='ocrx_word' id='word_1_786' title='bbox 3324 5135 3466 5188; x_wconf 73' lang='lat' dir='ltr'><strong>etiiin</strong></span> <span class='ocrx_word' id='word_1_787' title='bbox 3511 5125 3642 5192; x_wconf 76' lang='lat' dir='ltr'><strong>situt</strong></span> 
     </span>
    </p>
   </div>
   <div class='ocr_carea' id='block_1_114' title="bbox 2069 5198 3637 5265">
    <p class='ocr_par' dir='ltr' id='par_1_114' title="bbox 2069 5198 3637 5265">
     <span class='ocr_line' id='line_1_114' title="bbox 2069 5198 3637 5265; baseline 0.005 -15"><span class='ocrx_word' id='word_1_788' title='bbox 2069 5201 2179 5252; x_wconf 91' lang='lat' dir='ltr'><strong>duo</strong></span> <span class='ocrx_word' id='word_1_789' title='bbox 2203 5204 2522 5249; x_wconf 84' lang='lat' dir='ltr'><strong>testamenta</strong></span> <span class='ocrx_word' id='word_1_790' title='bbox 2548 5213 2562 5259; x_wconf 94' lang='lat'><strong>;</strong></span> <span class='ocrx_word' id='word_1_791' title='bbox 2584 5207 2634 5249; x_wconf 89' lang='lat' dir='ltr'><strong>et</strong></span> <span class='ocrx_word' id='word_1_792' title='bbox 2658 5198 2784 5251; x_wconf 74' lang='lat' dir='ltr'><strong>tum</strong></span> <span class='ocrx_word' id='word_1_793' title='bbox 2810 5199 2827 5252; x_wconf 87' lang='grc' dir='ltr'><strong>Ι</strong></span> <span class='ocrx_word' id='word_1_794' title='bbox 2855 5203 2978 5253; x_wconf 75' lang='lat' dir='ltr'><strong>(lor.</strong></span> <span class='ocrx_word' id='word_1_795' title='bbox 3003 5204 3107 5265; x_wconf 55' lang='lat'><strong>1,5</strong></span> <span class='ocrx_word' id='word_1_796' title='bbox 3141 5221 3153 5255; x_wconf 91' lang='lat'>:</span> <span class='ocrx_word' id='word_1_797' title='bbox 3188 5203 3436 5257; x_wconf 67' lang='lat' dir='ltr'><strong>Bibarbant</strong></span> <span class='ocrx_word' id='word_1_798' title='bbox 3462 5217 3637 5259; x_wconf 76' lang='lat' dir='ltr'><strong>aniu&#39;es</strong></span> 
     </span>
    </p>
   </div>
   <div class='ocr_carea' id='block_1_115' title="bbox 2073 5269 3642 5342">
    <p class='ocr_par' dir='ltr' id='par_1_115' title="bbox 2073 5269 3642 5342">
     <span class='ocr_line' id='line_1_115' title="bbox 2073 5269 3642 5342; baseline 0.007 -25"><span class='ocrx_word' id='word_1_799' title='bbox 2073 5269 2136 5320; x_wconf 85' lang='lat' dir='ltr'><strong>de</strong></span> <span class='ocrx_word' id='word_1_800' title='bbox 2162 5274 2504 5342; x_wconf 64' lang='lat' dir='ltr'><strong>consequente</strong></span> <span class='ocrx_word' id='word_1_801' title='bbox 2535 5282 2620 5342; x_wconf 71' lang='lat' dir='ltr'><strong>eos</strong></span> <span class='ocrx_word' id='word_1_802' title='bbox 2654 5281 2824 5336; x_wconf 83' lang='lat' dir='ltr'><strong>petra,</strong></span> <span class='ocrx_word' id='word_1_803' title='bbox 2857 5282 3006 5337; x_wconf 82' lang='lat' dir='ltr'><strong>petra</strong></span> <span class='ocrx_word' id='word_1_804' title='bbox 3042 5285 3219 5325; x_wconf 72' lang='lat' dir='ltr'><strong>(intem</strong></span> <span class='ocrx_word' id='word_1_805' title='bbox 3252 5284 3364 5325; x_wconf 81' lang='lat' dir='ltr'><strong>erat</strong></span> <span class='ocrx_word' id='word_1_806' title='bbox 3395 5275 3642 5328; x_wconf 66' lang='lat' dir='ltr'><strong>Christus</strong></span> 
     </span>
    </p>
   </div>
   <div class='ocr_carea' id='block_1_116' title="bbox 2069 5336 3641 5411">
    <p class='ocr_par' dir='ltr' id='par_1_116' title="bbox 2069 5336 3641 5411">
     <span class='ocr_line' id='line_1_116' title="bbox 2069 5336 3641 5411; baseline 0.003 -22"><span class='ocrx_word' id='word_1_807' title='bbox 2069 5346 2122 5390; x_wconf 85' lang='lat' dir='ltr'><strong>et</strong></span> <span class='ocrx_word' id='word_1_808' title='bbox 2153 5336 2570 5411; x_wconf 49' lang='lat' dir='ltr'><strong>_Sillllii8._‘-Qunti</strong></span> <span class='ocrx_word' id='word_1_809' title='bbox 2592 5349 2802 5411; x_wconf 59' lang='lat' dir='ltr'><strong>autem</strong></span> <span class='ocrx_word' id='word_1_810' title='bbox 2834 5336 3145 5409; x_wconf 75' lang='lat' dir='ltr'><strong>Symbolum</strong></span> <span class='ocrx_word' id='word_1_811' title='bbox 3171 5343 3329 5406; x_wconf 82' lang='lat' dir='ltr'><strong>verti,</strong></span> <span class='ocrx_word' id='word_1_812' title='bbox 3371 5345 3466 5396; x_wconf 70' lang='lat' dir='ltr'><strong>inti</strong></span> <span class='ocrx_word' id='word_1_813' title='bbox 3488 5361 3641 5411; x_wconf 74' lang='lat' dir='ltr'><strong>rpre-</strong></span> 
     </span>
    </p>
   </div>
   <div class='ocr_carea' id='block_1_117' title="bbox 2071 5403 3669 5483">
    <p class='ocr_par' dir='ltr' id='par_1_117' title="bbox 2071 5403 3669 5483">
     <span class='ocr_line' id='line_1_117' title="bbox 2071 5403 3669 5483; baseline 0.003 -25"><span class='ocrx_word' id='word_1_814' title='bbox 2071 5406 2331 5483; x_wconf 74' lang='lat' dir='ltr'><strong>tationetn</strong></span> <span class='ocrx_word' id='word_1_815' title='bbox 2371 5403 2554 5483; x_wconf 64' lang='lat' dir='ltr'><strong>Sancti</strong></span> <span class='ocrx_word' id='word_1_816' title='bbox 2589 5403 3080 5483; x_wconf 70' lang='lat' dir='ltr'><strong>Maximisémtus,</strong></span> <span class='ocrx_word' id='word_1_817' title='bbox 3118 5403 3410 5481; x_wconf 81' lang='lat' dir='ltr'><strong>Dionysius</strong></span> <span class='ocrx_word' id='word_1_818' title='bbox 3458 5403 3669 5475; x_wconf 54' lang='lat' dir='ltr'><strong>rn&#39;cat,</strong></span> 
     </span>
    </p>
   </div>
   <div class='ocr_carea' id='block_1_118' title="bbox 2071 5476 3640 5551">
    <p class='ocr_par' dir='ltr' id='par_1_118' title="bbox 2071 5476 3640 5551">
     <span class='ocr_line' id='line_1_118' title="bbox 2071 5476 3640 5551; baseline 0.007 -26"><span class='ocrx_word' id='word_1_819' title='bbox 2071 5478 2130 5551; x_wconf 57' lang='grc' dir='ltr'><strong>τὸ</strong></span> <span class='ocrx_word' id='word_1_820' title='bbox 2173 5476 2357 5551; x_wconf 52' lang='lat' dir='ltr'><strong>put-ev,</strong></span> <span class='ocrx_word' id='word_1_821' title='bbox 2385 5476 2433 5525; x_wconf 90' lang='lat' dir='ltr'><strong>id</strong></span> <span class='ocrx_word' id='word_1_822' title='bbox 2452 5490 2570 5551; x_wconf 50' lang='grc' dir='ltr'>ἐς),</span> <span class='ocrx_word' id='word_1_823' title='bbox 2599 5493 2704 5529; x_wconf 91' lang='lat' dir='ltr'><strong>non</strong></span> <span class='ocrx_word' id='word_1_824' title='bbox 2731 5481 2976 5551; x_wconf 78' lang='lat' dir='ltr'><strong>tacitum,</strong></span> <span class='ocrx_word' id='word_1_825' title='bbox 3045 5484 3174 5551; x_wconf 86' lang='lat' dir='ltr'><strong>quia</strong></span> <span class='ocrx_word' id='word_1_826' title='bbox 3215 5476 3358 5549; x_wconf 61' lang='lat' dir='ltr'><strong>quod</strong></span> <span class='ocrx_word' id='word_1_827' title='bbox 3413 5485 3640 5548; x_wconf 77' lang='lat' dir='ltr'><strong>mystice</strong></span> 
     </span>
    </p>
   </div>
   <div class='ocr_carea' id='block_1_119' title="bbox 2075 5544 3637 5621">
    <p class='ocr_par' dir='ltr' id='par_1_119' title="bbox 2075 5544 3637 5621">
     <span class='ocr_line' id='line_1_119' title="bbox 2075 5544 3637 5621; baseline 0.004 -24"><span class='ocrx_word' id='word_1_828' title='bbox 2075 5544 2210 5597; x_wconf 83' lang='lat' dir='ltr'><strong>latet</strong></span> <span class='ocrx_word' id='word_1_829' title='bbox 2239 5545 2290 5621; x_wconf 83' lang='lat' dir='ltr'><strong>in</strong></span> <span class='ocrx_word' id='word_1_830' title='bbox 2327 5544 2598 5621; x_wconf 79' lang='lat' dir='ltr'><strong>symbolo,</strong></span> <span class='ocrx_word' id='word_1_831' title='bbox 2625 5557 2705 5599; x_wconf 87' lang='lat' dir='ltr'><strong>est</strong></span> <span class='ocrx_word' id='word_1_832' title='bbox 2748 5544 3164 5619; x_wconf 62' lang='lat' dir='ltr'><strong>dndpp-qeo~2;_itl</strong></span> <span class='ocrx_word' id='word_1_833' title='bbox 3189 5544 3294 5612; x_wconf 79' lang='lat' dir='ltr'><strong>est,</strong></span> <span class='ocrx_word' id='word_1_834' title='bbox 3351 5544 3637 5616; x_wconf 42' lang='lat' dir='ltr'><strong>arca—nunt,</strong></span> 
     </span>
    </p>
   </div>
   <div class='ocr_carea' id='block_1_120' title="bbox 2071 5615 3638 5687">
    <p class='ocr_par' dir='ltr' id='par_1_120' title="bbox 2071 5615 3638 5687">
     <span class='ocr_line' id='line_1_120' title="bbox 2071 5615 3638 5687; baseline 0.003 -20"><span class='ocrx_word' id='word_1_835' title='bbox 2071 5615 2406 5687; x_wconf 69' lang='lat' dir='ltr'><strong>etiamtum,</strong></span> <span class='ocrx_word' id='word_1_836' title='bbox 2451 5615 2636 5681; x_wconf 88' lang='lat' dir='ltr'><strong>itaque</strong></span> <span class='ocrx_word' id='word_1_837' title='bbox 2670 5615 3096 5685; x_wconf 53' lang='lat' dir='ltr'><strong>tnysteria,&#39;quze</strong></span> <span class='ocrx_word' id='word_1_838' title='bbox 3133 5622 3184 5674; x_wconf 90' lang='lat' dir='ltr'><strong>in</strong></span> <span class='ocrx_word' id='word_1_839' title='bbox 3248 5623 3509 5687; x_wconf 78' lang='lat' dir='ltr'><strong>symbolis</strong></span> <span class='ocrx_word' id='word_1_840' title='bbox 3561 5624 3638 5674; x_wconf 87' lang='lat' dir='ltr'><strong>si-</strong></span> 
     </span>
    </p>
   </div>
   <div class='ocr_carea' id='block_1_121' title="bbox 2073 5682 3639 5759">
    <p class='ocr_par' dir='ltr' id='par_1_121' title="bbox 2073 5682 3639 5759">
     <span class='ocr_line' id='line_1_121' title="bbox 2073 5682 3639 5759; baseline 0.008 -25"><span class='ocrx_word' id='word_1_841' title='bbox 2073 5682 2591 5759; x_wconf 77' lang='lat' dir='ltr'><strong>gnificatttttt&#39;,_sun_t_</strong></span> <span class='ocrx_word' id='word_1_842' title='bbox 2623 5682 2911 5756; x_wconf 63' lang='grc' dir='ltr'><strong>ἁπόρῤητα</strong></span> <span class='ocrx_word' id='word_1_843' title='bbox 2950 5682 3008 5742; x_wconf 55' lang='lat' dir='ltr'><strong>eo</strong></span> <span class='ocrx_word' id='word_1_844' title='bbox 3048 5691 3228 5759; x_wconf 73' lang='grc' dir='ltr'><strong>ῥητοῖς</strong></span> <span class='ocrx_word' id='word_1_845' title='bbox 3254 5682 3544 5758; x_wconf 49' lang='lat' dir='ltr'><strong>remigi-sva,</strong></span> <span class='ocrx_word' id='word_1_846' title='bbox 3585 5688 3639 5746; x_wconf 76' lang='lat' dir='ltr'><strong>id</strong></span> 
     </span>
    </p>
   </div>
   <div class='ocr_carea' id='block_1_122' title="bbox 2066 5754 3130 5827">
    <p class='ocr_par' dir='ltr' id='par_1_122' title="bbox 2066 5754 3130 5827">
     <span class='ocr_line' id='line_1_122' title="bbox 2066 5754 3130 5827; baseline 0.006 -21"><span class='ocrx_word' id='word_1_847' title='bbox 2066 5763 2172 5817; x_wconf 84' lang='lat' dir='ltr'><strong>est,</strong></span> <span class='ocrx_word' id='word_1_848' title='bbox 2199 5754 2412 5807; x_wconf 86' lang='lat' dir='ltr'><strong>occulta</strong></span> <span class='ocrx_word' id='word_1_849' title='bbox 2446 5755 2716 5810; x_wconf 86' lang='lat' dir='ltr'><strong>intellecta</strong></span> <span class='ocrx_word' id='word_1_850' title='bbox 2736 5754 2805 5810; x_wconf 84' lang='lat' dir='ltr'><strong>in</strong></span> <span class='ocrx_word' id='word_1_851' title='bbox 2832 5754 3130 5827; x_wconf 72' lang='lat' dir='ltr'><strong>Syutbolis.</strong></span> 
     </span>
    </p>
   </div>
   <div class='ocr_carea' id='block_1_123' title="bbox 3127 5851 3204 5910">
    <p class='ocr_par' dir='ltr' id='par_1_123' title="bbox 3127 5851 3204 5910">
     <span class='ocr_line' id='line_1_123' title="bbox 3127 5851 3204 5910; baseline 0.026 -2"><span class='ocrx_word' id='word_1_852' title='bbox 3127 5851 3204 5910; x_wconf 55' lang='lat' dir='ltr'><strong>2’s</strong></span> 
     </span>
    </p>
   </div>
  </div>
