  <div class='ocr_page' id='page_1' title='image "/cluster/home/n/w/nwhite01/storage/ocr_20150623/152/coo.31924054870575/382.png"; bbox 0 0 4048 6432; ppageno 0'>
   <div class='ocr_carea' id='block_1_1' title="bbox 457 357 569 422">
    <p class='ocr_par' dir='ltr' id='par_1_1' title="bbox 457 357 569 422">
     <span class='ocr_line' id='line_1_1' title="bbox 457 357 569 422; baseline -0.018 -1"><span class='ocrx_word' id='word_1_1' title='bbox 457 357 569 422; x_wconf 62' lang='lat'><strong>729</strong></span> 
     </span>
    </p>
   </div>
   <div class='ocr_carea' id='block_1_2' title="bbox 457 551 2036 626">
    <p class='ocr_par' dir='ltr' id='par_1_2' title="bbox 457 551 2036 626">
     <span class='ocr_line' id='line_1_2' title="bbox 457 551 2036 626; baseline -0.008 -11"><span class='ocrx_word' id='word_1_2' title='bbox 457 569 512 615; x_wconf 92' lang='lat' dir='ltr'><strong>et</strong></span> <span class='ocrx_word' id='word_1_3' title='bbox 544 555 706 610; x_wconf 85' lang='lat' dir='ltr'><strong>sedes</strong></span> <span class='ocrx_word' id='word_1_4' title='bbox 736 555 852 626; x_wconf 74' lang='lat'><strong>(27)</strong></span> <span class='ocrx_word' id='word_1_5' title='bbox 879 556 1159 625; x_wconf 88' lang='lat' dir='ltr'><strong>supponit,</strong></span> <span class='ocrx_word' id='word_1_6' title='bbox 1194 565 1245 610; x_wconf 92' lang='lat' dir='ltr'><strong>et</strong></span> <span class='ocrx_word' id='word_1_7' title='bbox 1299 553 1552 608; x_wconf 82' lang='lat' dir='ltr'><strong>convivia</strong></span> <span class='ocrx_word' id='word_1_8' title='bbox 1601 551 1717 623; x_wconf 74' lang='lat'><strong>(‘28)</strong></span> <span class='ocrx_word' id='word_1_9' title='bbox 1787 551 2036 619; x_wconf 78' lang='lat' dir='ltr'><strong>quaedam</strong></span> 
     </span>
    </p>
   </div>
   <div class='ocr_carea' id='block_1_3' title="bbox 463 643 2036 722">
    <p class='ocr_par' dir='ltr' id='par_1_3' title="bbox 463 643 2036 722">
     <span class='ocr_line' id='line_1_3' title="bbox 463 643 2036 722; baseline -0.008 -15"><span class='ocrx_word' id='word_1_10' title='bbox 463 653 646 722; x_wconf 77' lang='lat' dir='ltr'><strong>epulis</strong></span> <span class='ocrx_word' id='word_1_11' title='bbox 683 651 949 705; x_wconf 85' lang='lat' dir='ltr'><strong>instructa</strong></span> <span class='ocrx_word' id='word_1_12' title='bbox 975 657 1222 718; x_wconf 86' lang='lat' dir='ltr'><strong>apparat,</strong></span> <span class='ocrx_word' id='word_1_13' title='bbox 1256 647 1384 700; x_wconf 90' lang='lat' dir='ltr'><strong>item</strong></span> <span class='ocrx_word' id='word_1_14' title='bbox 1420 645 1718 704; x_wconf 75' lang='lat' dir='ltr'><strong>bibentem,</strong></span> <span class='ocrx_word' id='word_1_15' title='bbox 1753 654 1806 697; x_wconf 91' lang='lat' dir='ltr'><strong>et</strong></span> <span class='ocrx_word' id='word_1_16' title='bbox 1827 643 2036 696; x_wconf 86' lang='lat' dir='ltr'><strong>ebrium</strong></span> 
     </span>
    </p>
   </div>
   <div class='ocr_carea' id='block_1_4' title="bbox 459 733 2041 809">
    <p class='ocr_par' dir='ltr' id='par_1_4' title="bbox 459 733 2041 809">
     <span class='ocr_line' id='line_1_4' title="bbox 459 733 2041 809; baseline -0.009 -9"><span class='ocrx_word' id='word_1_17' title='bbox 459 753 514 800; x_wconf 82' lang='lat' dir='ltr'><strong>et</strong></span> <span class='ocrx_word' id='word_1_18' title='bbox 581 757 844 798; x_wconf 84' lang='lat' dir='ltr'><strong>somnum</strong></span> <span class='ocrx_word' id='word_1_19' title='bbox 901 741 1208 809; x_wconf 86' lang='lat' dir='ltr'><strong>capientem</strong></span> <span class='ocrx_word' id='word_1_20' title='bbox 1238 748 1288 792; x_wconf 85' lang='lat' dir='ltr'><strong>et</strong></span> <span class='ocrx_word' id='word_1_21' title='bbox 1327 736 1552 804; x_wconf 80' lang='lat' dir='ltr'><strong>crapula</strong></span> <span class='ocrx_word' id='word_1_22' title='bbox 1621 735 1734 804; x_wconf 74' lang='lat'><strong>(29)</strong></span> <span class='ocrx_word' id='word_1_23' title='bbox 1783 733 2041 788; x_wconf 82' lang='lat' dir='ltr'><strong>affectum</strong></span> 
     </span>
    </p>
   </div>
   <div class='ocr_carea' id='block_1_5' title="bbox 463 825 2042 899">
    <p class='ocr_par' dir='ltr' id='par_1_5' title="bbox 463 825 2042 899">
     <span class='ocr_line' id='line_1_5' title="bbox 463 825 2042 899; baseline -0.01 -9"><span class='ocrx_word' id='word_1_24' title='bbox 463 836 616 890; x_wconf 89' lang='lat' dir='ltr'><strong>facit.</strong></span> <span class='ocrx_word' id='word_1_25' title='bbox 649 830 789 899; x_wconf 86' lang='lat' dir='ltr'><strong>Quid</strong></span> <span class='ocrx_word' id='word_1_26' title='bbox 822 833 1019 887; x_wconf 91' lang='lat' dir='ltr'><strong>attinet</strong></span> <span class='ocrx_word' id='word_1_27' title='bbox 1041 831 1357 885; x_wconf 83' lang='lat' dir='ltr'><strong>dicereiras</strong></span> <span class='ocrx_word' id='word_1_28' title='bbox 1396 828 1512 896; x_wconf 78' lang='lat'><strong>(50)</strong></span> <span class='ocrx_word' id='word_1_29' title='bbox 1551 826 1769 881; x_wconf 78' lang='lat' dir='ltr'><strong>dolores</strong></span> <span class='ocrx_word' id='word_1_30' title='bbox 1791 825 1906 894; x_wconf 80' lang='lat'><strong>(5|)</strong></span> <span class='ocrx_word' id='word_1_31' title='bbox 1947 839 2042 876; x_wconf 86' lang='lat' dir='ltr'><strong>va-</strong></span> 
     </span>
    </p>
   </div>
   <div class='ocr_carea' id='block_1_6' title="bbox 461 915 2043 999">
    <p class='ocr_par' dir='ltr' id='par_1_6' title="bbox 461 915 2043 999">
     <span class='ocr_line' id='line_1_6' title="bbox 461 915 2043 999; baseline -0.01 -16"><span class='ocrx_word' id='word_1_32' title='bbox 461 930 541 983; x_wconf 90' lang='lat' dir='ltr'><strong>ria</strong></span> <span class='ocrx_word' id='word_1_33' title='bbox 571 930 883 999; x_wconf 72' lang='lat' dir='ltr'><strong>iuramenta</strong></span> <span class='ocrx_word' id='word_1_34' title='bbox 916 924 1053 994; x_wconf 73' lang='lat'><strong>(&#39;52).</strong></span> <span class='ocrx_word' id='word_1_35' title='bbox 1115 921 1466 992; x_wconf 70' lang='lat' dir='ltr'><strong>pmnitentias</strong></span> <span class='ocrx_word' id='word_1_36' title='bbox 1497 919 1632 988; x_wconf 80' lang='lat'><strong>(5&#39;5),</strong></span> <span class='ocrx_word' id='word_1_37' title='bbox 1702 915 2043 971; x_wconf 85' lang='lat' dir='ltr'><strong>maledictio-</strong></span> 
     </span>
    </p>
   </div>
   <div class='ocr_carea' id='block_1_7' title="bbox 364 1006 2044 1090">
    <p class='ocr_par' dir='ltr' id='par_1_7' title="bbox 364 1006 2044 1090">
     <span class='ocr_line' id='line_1_7' title="bbox 364 1006 2044 1090; baseline -0.011 -13"><span class='ocrx_word' id='word_1_38' title='bbox 364 1048 370 1053; x_wconf 90' lang='lat'><strong>-</strong></span> <span class='ocrx_word' id='word_1_39' title='bbox 462 1037 560 1075; x_wconf 90' lang='lat' dir='ltr'><strong>nes</strong></span> <span class='ocrx_word' id='word_1_40' title='bbox 586 1021 724 1090; x_wconf 74' lang='grc'><strong>(54),</strong></span> <span class='ocrx_word' id='word_1_41' title='bbox 756 1019 867 1073; x_wconf 76' lang='lat' dir='ltr'><strong>iras</strong></span> <span class='ocrx_word' id='word_1_42' title='bbox 901 1017 1232 1070; x_wconf 89' lang='lat' dir='ltr'><strong>inveteratas</strong></span> <span class='ocrx_word' id='word_1_43' title='bbox 1265 1012 1400 1083; x_wconf 78' lang='lat'><strong>(55),</strong></span> <span class='ocrx_word' id='word_1_44' title='bbox 1434 1008 1762 1079; x_wconf 82' lang='lat' dir='ltr'><strong>multiplices</strong></span> <span class='ocrx_word' id='word_1_45' title='bbox 1801 1017 1854 1061; x_wconf 89' lang='lat' dir='ltr'><strong>et</strong></span> <span class='ocrx_word' id='word_1_46' title='bbox 1904 1006 2044 1062; x_wconf 87' lang='lat' dir='ltr'><strong>obli-</strong></span> 
     </span>
    </p>
   </div>
   <div class='ocr_carea' id='block_1_8' title="bbox 461 1099 2044 1181">
    <p class='ocr_par' dir='ltr' id='par_1_8' title="bbox 461 1099 2044 1181">
     <span class='ocr_line' id='line_1_8' title="bbox 461 1099 2044 1181; baseline -0.009 -15"><span class='ocrx_word' id='word_1_47' title='bbox 461 1129 600 1181; x_wconf 87' lang='lat' dir='ltr'><strong>quas</strong></span> <span class='ocrx_word' id='word_1_48' title='bbox 629 1111 876 1163; x_wconf 84' lang='lat' dir='ltr'><strong>rationes</strong></span> <span class='ocrx_word' id='word_1_49' title='bbox 939 1105 1237 1160; x_wconf 87' lang='lat' dir='ltr'><strong>frustrandi</strong></span> <span class='ocrx_word' id='word_1_50' title='bbox 1294 1101 1688 1172; x_wconf 89' lang='lat' dir='ltr'><strong>promissiones</strong></span> <span class='ocrx_word' id='word_1_51' title='bbox 1743 1099 1857 1168; x_wconf 78' lang='lat'><strong>(56)</strong></span> <span class='ocrx_word' id='word_1_52' title='bbox 1915 1099 2044 1152; x_wconf 86' lang='lat' dir='ltr'><strong>item</strong></span> 
     </span>
    </p>
   </div>
   <div class='ocr_carea' id='block_1_9' title="bbox 465 1183 2042 1257">
    <p class='ocr_par' dir='ltr' id='par_1_9' title="bbox 465 1183 2042 1257">
     <span class='ocr_line' id='line_1_9' title="bbox 465 1183 2042 1257; baseline -0.009 -7"><span class='ocrx_word' id='word_1_53' title='bbox 465 1198 610 1251; x_wconf 86' lang='lat' dir='ltr'><strong>illam</strong></span> <span class='ocrx_word' id='word_1_54' title='bbox 644 1196 697 1247; x_wconf 91' lang='lat' dir='ltr'><strong>iu</strong></span> <span class='ocrx_word' id='word_1_55' title='bbox 720 1191 917 1248; x_wconf 85' lang='lat' dir='ltr'><strong>Genesi</strong></span> <span class='ocrx_word' id='word_1_56' title='bbox 961 1205 1085 1244; x_wconf 89' lang='lat' dir='ltr'><strong>cum</strong></span> <span class='ocrx_word' id='word_1_57' title='bbox 1128 1187 1440 1257; x_wconf 73' lang='lat' dir='ltr'><strong>gigantibus</strong></span> <span class='ocrx_word' id='word_1_58' title='bbox 1497 1199 1735 1254; x_wconf 72' lang='lat' dir='ltr'><strong>pugnam</strong></span> <span class='ocrx_word' id='word_1_59' title='bbox 1799 1184 1938 1251; x_wconf 78' lang='lat'><strong>(37),</strong></span> <span class='ocrx_word' id='word_1_60' title='bbox 1991 1183 2042 1236; x_wconf 90' lang='lat' dir='ltr'><strong>in</strong></span> 
     </span>
    </p>
   </div>
   <div class='ocr_carea' id='block_1_10' title="bbox 465 1279 2044 1357">
    <p class='ocr_par' dir='ltr' id='par_1_10' title="bbox 465 1279 2044 1357">
     <span class='ocr_line' id='line_1_10' title="bbox 465 1279 2044 1357; baseline -0.009 -17"><span class='ocrx_word' id='word_1_61' title='bbox 465 1304 569 1357; x_wconf 87' lang='lat' dir='ltr'><strong>qua</strong></span> <span class='ocrx_word' id='word_1_62' title='bbox 595 1287 798 1340; x_wconf 88' lang='lat' dir='ltr'><strong>dicitur</strong></span> <span class='ocrx_word' id='word_1_63' title='bbox 820 1285 960 1336; x_wconf 85' lang='lat' dir='ltr'><strong>Deus</strong></span> <span class='ocrx_word' id='word_1_64' title='bbox 999 1281 1240 1334; x_wconf 83' lang='lat' dir='ltr'><strong>robustis</strong></span> <span class='ocrx_word' id='word_1_65' title='bbox 1269 1279 1376 1333; x_wconf 90' lang='lat' dir='ltr'><strong>illis</strong></span> <span class='ocrx_word' id='word_1_66' title='bbox 1409 1281 1542 1332; x_wconf 84' lang='lat' dir='ltr'><strong>viris</strong></span> <span class='ocrx_word' id='word_1_67' title='bbox 1586 1286 1808 1346; x_wconf 85' lang='lat' dir='ltr'><strong>preptcr</strong></span> <span class='ocrx_word' id='word_1_68' title='bbox 1840 1284 2044 1329; x_wconf 88' lang='lat' dir='ltr'><strong>metum</strong></span> 
     </span>
    </p>
   </div>
   <div class='ocr_carea' id='block_1_11' title="bbox 467 1366 2042 1439">
    <p class='ocr_par' dir='ltr' id='par_1_11' title="bbox 467 1366 2042 1439">
     <span class='ocr_line' id='line_1_11' title="bbox 467 1366 2042 1439; baseline -0.008 -7"><span class='ocrx_word' id='word_1_69' title='bbox 467 1379 784 1439; x_wconf 76' lang='lat' dir='ltr'><strong>insidiatus,</strong></span> <span class='ocrx_word' id='word_1_70' title='bbox 819 1389 940 1428; x_wconf 90' lang='lat' dir='ltr'><strong>cum</strong></span> <span class='ocrx_word' id='word_1_71' title='bbox 961 1372 1192 1439; x_wconf 90' lang='lat' dir='ltr'><strong>alioqui,</strong></span> <span class='ocrx_word' id='word_1_72' title='bbox 1236 1385 1346 1423; x_wconf 89' lang='lat' dir='ltr'><strong>non</strong></span> <span class='ocrx_word' id='word_1_73' title='bbox 1377 1379 1433 1422; x_wconf 91' lang='lat' dir='ltr'><strong>ut</strong></span> <span class='ocrx_word' id='word_1_74' title='bbox 1459 1369 1594 1422; x_wconf 85' lang='lat' dir='ltr'><strong>alios</strong></span> <span class='ocrx_word' id='word_1_75' title='bbox 1633 1369 1914 1431; x_wconf 72' lang='lat' dir='ltr'><strong>lmderent,</strong></span> <span class='ocrx_word' id='word_1_76' title='bbox 1948 1366 2042 1420; x_wconf 89' lang='lat' dir='ltr'><strong>sed</strong></span> 
     </span>
    </p>
   </div>
   <div class='ocr_carea' id='block_1_12' title="bbox 471 1461 2047 1526">
    <p class='ocr_par' dir='ltr' id='par_1_12' title="bbox 471 1461 2047 1526">
     <span class='ocr_line' id='line_1_12' title="bbox 471 1461 2047 1526; baseline -0.007 -2"><span class='ocrx_word' id='word_1_77' title='bbox 471 1479 608 1524; x_wconf 85' lang='lat' dir='ltr'><strong>utse</strong></span> <span class='ocrx_word' id='word_1_78' title='bbox 640 1467 942 1522; x_wconf 88' lang='lat' dir='ltr'><strong>incolumes</strong></span> <span class='ocrx_word' id='word_1_79' title='bbox 984 1474 1290 1526; x_wconf 83' lang='lat' dir='ltr'><strong>servarent,</strong></span> <span class='ocrx_word' id='word_1_80' title='bbox 1353 1461 1483 1516; x_wconf 92' lang='lat' dir='ltr'><strong>illud</strong></span> <span class='ocrx_word' id='word_1_81' title='bbox 1531 1461 1818 1515; x_wconf 61' lang='lat' dir='ltr'><strong>aedilicium</strong></span> <span class='ocrx_word' id='word_1_82' title='bbox 1876 1461 2047 1513; x_wconf 79' lang='lat' dir='ltr'><strong>moliti</strong></span> 
     </span>
    </p>
   </div>
   <div class='ocr_carea' id='block_1_13' title="bbox 473 1551 2048 1625">
    <p class='ocr_par' dir='ltr' id='par_1_13' title="bbox 473 1551 2048 1625">
     <span class='ocr_line' id='line_1_13' title="bbox 473 1551 2048 1625; baseline -0.006 -10"><span class='ocrx_word' id='word_1_83' title='bbox 473 1569 658 1615; x_wconf 87' lang='lat' dir='ltr'><strong>essent</strong></span> <span class='ocrx_word' id='word_1_84' title='bbox 694 1567 784 1614; x_wconf 90' lang='lat' dir='ltr'><strong>:et</strong></span> <span class='ocrx_word' id='word_1_85' title='bbox 810 1556 1100 1612; x_wconf 88' lang='lat' dir='ltr'><strong>concilium</strong></span> <span class='ocrx_word' id='word_1_86' title='bbox 1145 1555 1275 1608; x_wconf 88' lang='lat' dir='ltr'><strong>illud</strong></span> <span class='ocrx_word' id='word_1_87' title='bbox 1312 1554 1427 1625; x_wconf 76' lang='lat'><strong>(38)</strong></span> <span class='ocrx_word' id='word_1_88' title='bbox 1494 1553 1548 1606; x_wconf 82' lang='lat' dir='ltr'><strong>in‘</strong></span> <span class='ocrx_word' id='word_1_89' title='bbox 1583 1554 1722 1607; x_wconf 62' lang='lat' dir='ltr'><strong>caelo</strong></span> <span class='ocrx_word' id='word_1_90' title='bbox 1778 1553 1842 1606; x_wconf 85' lang='lat' dir='ltr'><strong>ad</strong></span> <span class='ocrx_word' id='word_1_91' title='bbox 1901 1551 2048 1606; x_wconf 61' lang='lat' dir='ltr'><strong>decio</strong></span> 
     </span>
    </p>
   </div>
   <div class='ocr_carea' id='block_1_14' title="bbox 475 1643 2050 1720">
    <p class='ocr_par' dir='ltr' id='par_1_14' title="bbox 475 1643 2050 1720">
     <span class='ocr_line' id='line_1_14' title="bbox 475 1643 2050 1720; baseline -0.006 -16"><span class='ocrx_word' id='word_1_92' title='bbox 475 1651 727 1720; x_wconf 89' lang='lat' dir='ltr'><strong>piendum</strong></span> <span class='ocrx_word' id='word_1_93' title='bbox 765 1650 953 1704; x_wconf 80' lang='lat' dir='ltr'><strong>Achab</strong></span> <span class='ocrx_word' id='word_1_94' title='bbox 989 1647 1340 1710; x_wconf 87' lang='lat' dir='ltr'><strong>fabricatum,</strong></span> <span class='ocrx_word' id='word_1_95' title='bbox 1367 1654 1419 1698; x_wconf 89' lang='lat' dir='ltr'><strong>et</strong></span> <span class='ocrx_word' id='word_1_96' title='bbox 1469 1645 1591 1700; x_wconf 82' lang='lat' dir='ltr'><strong>illas</strong></span> <span class='ocrx_word' id='word_1_97' title='bbox 1613 1659 1807 1698; x_wconf 82' lang='lat' dir='ltr'><strong>rursus</strong></span> <span class='ocrx_word' id='word_1_98' title='bbox 1865 1643 2050 1696; x_wconf 72' lang='lat' dir='ltr'><strong>(Tanti-</strong></span> 
     </span>
    </p>
   </div>
   <div class='ocr_carea' id='block_1_15' title="bbox 475 1737 2040 1808">
    <p class='ocr_par' dir='ltr' id='par_1_15' title="bbox 475 1737 2040 1808">
     <span class='ocr_line' id='line_1_15' title="bbox 475 1737 2040 1808; baseline -0.006 -11"><span class='ocrx_word' id='word_1_99' title='bbox 475 1759 664 1797; x_wconf 87' lang='lat' dir='ltr'><strong>corum</strong></span> <span class='ocrx_word' id='word_1_100' title='bbox 701 1742 869 1796; x_wconf 89' lang='lat' dir='ltr'><strong>veluti</strong></span> <span class='ocrx_word' id='word_1_101' title='bbox 910 1755 1201 1808; x_wconf 85' lang='lat' dir='ltr'><strong>corporeas</strong></span> <span class='ocrx_word' id='word_1_102' title='bbox 1230 1750 1283 1793; x_wconf 90' lang='lat' dir='ltr'><strong>et</strong></span> <span class='ocrx_word' id='word_1_103' title='bbox 1317 1738 1656 1792; x_wconf 86' lang='lat' dir='ltr'><strong>meretricias</strong></span> <span class='ocrx_word' id='word_1_104' title='bbox 1684 1737 1987 1805; x_wconf 91' lang='lat' dir='ltr'><strong>voluptates</strong></span> <span class='ocrx_word' id='word_1_105' title='bbox 2026 1752 2040 1788; x_wconf 91' lang='lat'><strong>:</strong></span> 
     </span>
    </p>
   </div>
   <div class='ocr_carea' id='block_1_16' title="bbox 473 1793 2124 1902">
    <p class='ocr_par' dir='ltr' id='par_1_16' title="bbox 473 1793 2124 1902">
     <span class='ocr_line' id='line_1_16' title="bbox 473 1793 2124 1902; baseline -0.005 -15"><span class='ocrx_word' id='word_1_106' title='bbox 473 1844 529 1887; x_wconf 82' lang='lat' dir='ltr'><strong>et</strong></span> <span class='ocrx_word' id='word_1_107' title='bbox 551 1848 888 1902; x_wconf 74' lang='lat' dir='ltr'><strong>quaecunque</strong></span> <span class='ocrx_word' id='word_1_108' title='bbox 914 1832 1018 1885; x_wconf 88' lang='lat' dir='ltr'><strong>alia</strong></span> <span class='ocrx_word' id='word_1_109' title='bbox 1048 1845 1204 1884; x_wconf 82' lang='lat' dir='ltr'><strong>sacra</strong></span> <span class='ocrx_word' id='word_1_110' title='bbox 1239 1829 1430 1899; x_wconf 85' lang='lat' dir='ltr'><strong>Signa,</strong></span> <span class='ocrx_word' id='word_1_111' title='bbox 1459 1844 1580 1898; x_wconf 60' lang='lat' dir='ltr'><strong>qua</strong></span> <span class='ocrx_word' id='word_1_112' title='bbox 1606 1829 1878 1896; x_wconf 89' lang='lat' dir='ltr'><strong>scriptura</strong></span> <span class='ocrx_word' id='word_1_113' title='bbox 1933 1825 2044 1879; x_wconf 88' lang='lat' dir='ltr'><strong>val-</strong></span> <span class='ocrx_word' id='word_1_114' title='bbox 2077 1793 2124 1852; x_wconf 73' lang='grc' dir='ltr'><strong>Β</strong></span> 
     </span>
    </p>
   </div>
   <div class='ocr_carea' id='block_1_17' title="bbox 473 1918 2050 1992">
    <p class='ocr_par' dir='ltr' id='par_1_17' title="bbox 473 1918 2050 1992">
     <span class='ocr_line' id='line_1_17' title="bbox 473 1918 2050 1992; baseline -0.004 -14"><span class='ocrx_word' id='word_1_115' title='bbox 473 1925 541 1978; x_wconf 88' lang='lat' dir='ltr'><strong>de</strong></span> <span class='ocrx_word' id='word_1_116' title='bbox 565 1925 728 1978; x_wconf 86' lang='lat' dir='ltr'><strong>audet</strong></span> <span class='ocrx_word' id='word_1_117' title='bbox 751 1927 803 1978; x_wconf 91' lang='lat' dir='ltr'><strong>io</strong></span> <span class='ocrx_word' id='word_1_118' title='bbox 827 1924 936 1978; x_wconf 90' lang='lat' dir='ltr'><strong>Deo</strong></span> <span class='ocrx_word' id='word_1_119' title='bbox 953 1923 1212 1984; x_wconf 87' lang='lat' dir='ltr'><strong>formare,</strong></span> <span class='ocrx_word' id='word_1_120' title='bbox 1236 1922 1476 1992; x_wconf 78' lang='lat' dir='ltr'><strong>patentia</strong></span> <span class='ocrx_word' id='word_1_121' title='bbox 1499 1921 1726 1975; x_wconf 87' lang='lat' dir='ltr'><strong>occultis</strong></span> <span class='ocrx_word' id='word_1_122' title='bbox 1747 1918 2050 1980; x_wconf 74' lang='lat' dir='ltr'><strong>obducens,</strong></span> 
     </span>
    </p>
   </div>
   <div class='ocr_carea' id='block_1_18' title="bbox 475 2008 2043 2084">
    <p class='ocr_par' dir='ltr' id='par_1_18' title="bbox 475 2008 2043 2084">
     <span class='ocr_line' id='line_1_18' title="bbox 475 2008 2043 2084; baseline -0.006 -12"><span class='ocrx_word' id='word_1_123' title='bbox 475 2017 831 2084; x_wconf 87' lang='lat' dir='ltr'><strong>mult&#39;plicata</strong></span> <span class='ocrx_word' id='word_1_124' title='bbox 859 2025 913 2070; x_wconf 92' lang='lat' dir='ltr'><strong>et</strong></span> <span class='ocrx_word' id='word_1_125' title='bbox 943 2015 1143 2084; x_wconf 88' lang='lat' dir='ltr'><strong>partita</strong></span> <span class='ocrx_word' id='word_1_126' title='bbox 1172 2013 1517 2082; x_wconf 79' lang='lat' dir='ltr'><strong>simplicibus</strong></span> <span class='ocrx_word' id='word_1_127' title='bbox 1549 2020 1714 2079; x_wconf 87' lang='lat' dir='ltr'><strong>atque</strong></span> <span class='ocrx_word' id='word_1_128' title='bbox 1744 2008 2043 2064; x_wconf 83' lang='lat' dir='ltr'><strong>individuis</strong></span> 
     </span>
    </p>
   </div>
   <div class='ocr_carea' id='block_1_19' title="bbox 476 2101 2054 2179">
    <p class='ocr_par' dir='ltr' id='par_1_19' title="bbox 476 2101 2054 2179">
     <span class='ocr_line' id='line_1_19' title="bbox 476 2101 2054 2179; baseline -0.007 -14"><span class='ocrx_word' id='word_1_129' title='bbox 476 2109 841 2179; x_wconf 89' lang='lat' dir='ltr'><strong>imprimentia</strong></span> <span class='ocrx_word' id='word_1_130' title='bbox 874 2109 1112 2178; x_wconf 82' lang='lat' dir='ltr'><strong>signum,</strong></span> <span class='ocrx_word' id='word_1_131' title='bbox 1144 2117 1198 2161; x_wconf 91' lang='lat' dir='ltr'><strong>et</strong></span> <span class='ocrx_word' id='word_1_132' title='bbox 1257 2105 1616 2160; x_wconf 78' lang='lat' dir='ltr'><strong>multiformia</strong></span> <span class='ocrx_word' id='word_1_133' title='bbox 1674 2104 1743 2158; x_wconf 93' lang='lat' dir='ltr'><strong>iis</strong></span> <span class='ocrx_word' id='word_1_134' title='bbox 1800 2117 1920 2172; x_wconf 74' lang='lat' dir='ltr'><strong>qua:</strong></span> <span class='ocrx_word' id='word_1_135' title='bbox 1978 2101 2054 2155; x_wconf 88' lang='lat' dir='ltr'><strong>si-</strong></span> 
     </span>
    </p>
   </div>
   <div class='ocr_carea' id='block_1_20' title="bbox 479 2190 2054 2266">
    <p class='ocr_par' dir='ltr' id='par_1_20' title="bbox 479 2190 2054 2266">
     <span class='ocr_line' id='line_1_20' title="bbox 479 2190 2054 2266; baseline -0.006 -14"><span class='ocrx_word' id='word_1_136' title='bbox 479 2215 642 2266; x_wconf 66' lang='lat' dir='ltr'><strong>gnum</strong></span> <span class='ocrx_word' id='word_1_137' title='bbox 681 2208 733 2250; x_wconf 90' lang='lat' dir='ltr'><strong>et</strong></span> <span class='ocrx_word' id='word_1_138' title='bbox 751 2197 978 2250; x_wconf 89' lang='lat' dir='ltr'><strong>formam</strong></span> <span class='ocrx_word' id='word_1_139' title='bbox 1008 2211 1204 2265; x_wconf 87' lang='lat' dir='ltr'><strong>capere</strong></span> <span class='ocrx_word' id='word_1_140' title='bbox 1242 2211 1350 2250; x_wconf 89' lang='lat' dir='ltr'><strong>non</strong></span> <span class='ocrx_word' id='word_1_141' title='bbox 1372 2201 1623 2263; x_wconf 84' lang='lat' dir='ltr'><strong>possunt,</strong></span> <span class='ocrx_word' id='word_1_142' title='bbox 1654 2207 1886 2262; x_wconf 89' lang='lat' dir='ltr'><strong>quorum</strong></span> <span class='ocrx_word' id='word_1_143' title='bbox 1930 2190 2054 2260; x_wconf 85' lang='lat' dir='ltr'><strong>pul-</strong></span> 
     </span>
    </p>
   </div>
   <div class='ocr_carea' id='block_1_21' title="bbox 481 2281 2047 2354">
    <p class='ocr_par' dir='ltr' id='par_1_21' title="bbox 481 2281 2047 2354">
     <span class='ocr_line' id='line_1_21' title="bbox 481 2281 2047 2354; baseline -0.007 -11"><span class='ocrx_word' id='word_1_144' title='bbox 481 2289 843 2344; x_wconf 88' lang='lat' dir='ltr'><strong>chritudinem</strong></span> <span class='ocrx_word' id='word_1_145' title='bbox 886 2288 1032 2342; x_wconf 92' lang='lat' dir='ltr'><strong>intus</strong></span> <span class='ocrx_word' id='word_1_146' title='bbox 1072 2287 1328 2342; x_wconf 89' lang='lat' dir='ltr'><strong>latentem</strong></span> <span class='ocrx_word' id='word_1_147' title='bbox 1355 2287 1400 2340; x_wconf 88' lang='lat' dir='ltr'><strong>si</strong></span> <span class='ocrx_word' id='word_1_148' title='bbox 1465 2283 1817 2354; x_wconf 87' lang='lat' dir='ltr'><strong>quisiutueri</strong></span> <span class='ocrx_word' id='word_1_149' title='bbox 1853 2281 2047 2351; x_wconf 64' lang='lat' dir='ltr'><strong>possit,</strong></span> 
     </span>
    </p>
   </div>
   <div class='ocr_carea' id='block_1_22' title="bbox 481 2372 2049 2450">
    <p class='ocr_par' dir='ltr' id='par_1_22' title="bbox 481 2372 2049 2450">
     <span class='ocr_line' id='line_1_22' title="bbox 481 2372 2049 2450; baseline -0.006 -16"><span class='ocrx_word' id='word_1_150' title='bbox 481 2380 717 2450; x_wconf 82' lang='lat' dir='ltr'><strong>reperiet</strong></span> <span class='ocrx_word' id='word_1_151' title='bbox 741 2380 921 2433; x_wconf 87' lang='lat' dir='ltr'><strong>omnia</strong></span> <span class='ocrx_word' id='word_1_152' title='bbox 953 2378 1181 2447; x_wconf 84' lang='lat' dir='ltr'><strong>mystica</strong></span> <span class='ocrx_word' id='word_1_153' title='bbox 1217 2384 1270 2431; x_wconf 88' lang='lat' dir='ltr'><strong>et</strong></span> <span class='ocrx_word' id='word_1_154' title='bbox 1292 2376 1500 2439; x_wconf 86' lang='lat' dir='ltr'><strong>divina,</strong></span> <span class='ocrx_word' id='word_1_155' title='bbox 1539 2384 1592 2428; x_wconf 92' lang='lat' dir='ltr'><strong>et</strong></span> <span class='ocrx_word' id='word_1_156' title='bbox 1617 2375 1788 2428; x_wconf 87' lang='lat' dir='ltr'><strong>multo</strong></span> <span class='ocrx_word' id='word_1_157' title='bbox 1841 2372 2049 2427; x_wconf 86' lang='lat' dir='ltr'><strong>lumine</strong></span> 
     </span>
    </p>
   </div>
   <div class='ocr_carea' id='block_1_23' title="bbox 481 2465 2050 2538">
    <p class='ocr_par' dir='ltr' id='par_1_23' title="bbox 481 2465 2050 2538">
     <span class='ocr_line' id='line_1_23' title="bbox 481 2465 2050 2538; baseline -0.005 -13"><span class='ocrx_word' id='word_1_158' title='bbox 481 2471 722 2525; x_wconf 83' lang='lat' dir='ltr'><strong>scientiae</strong></span> <span class='ocrx_word' id='word_1_159' title='bbox 743 2470 810 2525; x_wconf 89' lang='lat' dir='ltr'><strong>de</strong></span> <span class='ocrx_word' id='word_1_160' title='bbox 848 2471 958 2524; x_wconf 85' lang='lat' dir='ltr'><strong>Deo</strong></span> <span class='ocrx_word' id='word_1_161' title='bbox 991 2469 1150 2538; x_wconf 89' lang='lat' dir='ltr'><strong>plena</strong></span> <span class='ocrx_word' id='word_1_162' title='bbox 1177 2486 1191 2534; x_wconf 90' lang='lat'>;</span> <span class='ocrx_word' id='word_1_163' title='bbox 1232 2477 1287 2523; x_wconf 87' lang='lat' dir='ltr'><strong>et</strong></span> <span class='ocrx_word' id='word_1_164' title='bbox 1309 2468 1442 2522; x_wconf 92' lang='lat' dir='ltr'><strong>illud</strong></span> <span class='ocrx_word' id='word_1_165' title='bbox 1475 2485 1488 2522; x_wconf 92' lang='lat'><strong>:</strong></span> <span class='ocrx_word' id='word_1_166' title='bbox 1519 2465 1586 2520; x_wconf 84' lang='lat' dir='ltr'><strong>In</strong></span> <span class='ocrx_word' id='word_1_167' title='bbox 1615 2465 1818 2520; x_wconf 72' lang='lat' dir='ltr'><strong>limine</strong></span> <span class='ocrx_word' id='word_1_168' title='bbox 1873 2465 2050 2519; x_wconf 82' lang='lat' dir='ltr'><strong>vultus</strong></span> 
     </span>
    </p>
   </div>
   <div class='ocr_carea' id='block_1_24' title="bbox 553 2607 1793 2675">
    <p class='ocr_par' dir='ltr' id='par_1_24' title="bbox 553 2607 1793 2675">
     <span class='ocr_line' id='line_1_24' title="bbox 553 2607 1793 2675; baseline -0.002 -13"><span class='ocrx_word' id='word_1_169' title='bbox 553 2608 736 2664; x_wconf 67' lang='lat' dir='ltr'><strong>‘Psal.</strong></span> <span class='ocrx_word' id='word_1_170' title='bbox 766 2625 1022 2675; x_wconf 79' lang='lat' dir='ltr'><strong>Luxvm,</strong></span> <span class='ocrx_word' id='word_1_171' title='bbox 1065 2607 1152 2662; x_wconf 77' lang='grc'><strong>16.</strong></span> <span class='ocrx_word' id='word_1_172' title='bbox 1231 2609 1272 2641; x_wconf 78' lang='grc'><strong>⁸·</strong></span> <span class='ocrx_word' id='word_1_173' title='bbox 1303 2608 1449 2664; x_wconf 78' lang='lat' dir='ltr'><strong>Psal.</strong></span> <span class='ocrx_word' id='word_1_174' title='bbox 1492 2625 1656 2669; x_wconf 74' lang='lat' dir='ltr'><strong>xxxv,</strong></span> <span class='ocrx_word' id='word_1_175' title='bbox 1706 2607 1793 2661; x_wconf 77' lang='grc'><strong>10.</strong></span> 
     </span>
    </p>
   </div>
   <div class='ocr_carea' id='block_1_25' title="bbox 1322 349 2872 415">
    <p class='ocr_par' dir='ltr' id='par_1_25' title="bbox 1322 349 2872 415">
     <span class='ocr_line' id='line_1_25' title="bbox 1322 349 2872 415; baseline -0.001 -1"><span class='ocrx_word' id='word_1_176' title='bbox 1322 353 1562 414; x_wconf 84' lang='lat' dir='ltr'><strong>DECAS</strong></span> <span class='ocrx_word' id='word_1_177' title='bbox 1606 351 1656 415; x_wconf 82' lang='grc' dir='ltr'><strong>Ι.</strong></span> <span class='ocrx_word' id='word_1_178' title='bbox 1700 375 1767 388; x_wconf 89' lang='grc'><strong>-··</strong></span> <span class='ocrx_word' id='word_1_179' title='bbox 1811 349 1907 412; x_wconf 86' lang='lat' dir='ltr'><strong>DE</strong></span> <span class='ocrx_word' id='word_1_180' title='bbox 1942 351 2392 415; x_wconf 79' lang='lat' dir='ltr'><strong>THEOLOGIA</strong></span> <span class='ocrx_word' id='word_1_181' title='bbox 2427 352 2872 414; x_wconf 74' lang='lat' dir='ltr'><strong>SYMBOIJCA.</strong></span> 
     </span>
    </p>
   </div>
   <div class='ocr_carea' id='block_1_26' title="bbox 457 458 2753 540">
    <p class='ocr_par' dir='ltr' id='par_1_26' title="bbox 457 458 2753 540">
     <span class='ocr_line' id='line_1_26' title="bbox 457 458 2753 540; baseline -0.004 -17"><span class='ocrx_word' id='word_1_182' title='bbox 457 471 586 524; x_wconf 84' lang='lat' dir='ltr'><strong>dido</strong></span> <span class='ocrx_word' id='word_1_183' title='bbox 617 465 867 520; x_wconf 84' lang='lat' dir='ltr'><strong>attribuit</strong></span> <span class='ocrx_word' id='word_1_184' title='bbox 899 483 913 530; x_wconf 84' lang='lat'><strong>;</strong></span> <span class='ocrx_word' id='word_1_185' title='bbox 941 472 996 519; x_wconf 80' lang='lat' dir='ltr'><strong>et</strong></span> <span class='ocrx_word' id='word_1_186' title='bbox 1020 479 1194 534; x_wconf 84' lang='lat' dir='ltr'><strong>equos</strong></span> <span class='ocrx_word' id='word_1_187' title='bbox 1229 462 1342 534; x_wconf 67' lang='lat'><strong>(25)</strong></span> <span class='ocrx_word' id='word_1_188' title='bbox 1376 463 1502 530; x_wconf 88' lang='lat' dir='ltr'><strong>ipsi,</strong></span> <span class='ocrx_word' id='word_1_189' title='bbox 1551 469 1605 516; x_wconf 90' lang='lat' dir='ltr'><strong>et</strong></span> <span class='ocrx_word' id='word_1_190' title='bbox 1644 473 1841 514; x_wconf 89' lang='lat' dir='ltr'><strong>currus</strong></span> <span class='ocrx_word' id='word_1_191' title='bbox 1901 458 2036 530; x_wconf 75' lang='lat'><strong>(‘26),</strong></span> <span class='ocrx_word' id='word_1_192' title='bbox 2067 463 2114 520; x_wconf 80' lang='grc' dir='ltr'><strong>Α</strong></span> <span class='ocrx_word' id='word_1_193' title='bbox 2145 483 2220 536; x_wconf 59' lang='lat' dir='ltr'><strong>m5</strong></span> <span class='ocrx_word' id='word_1_194' title='bbox 2271 482 2615 540; x_wconf 48' lang='lat' dir='ltr'><strong>ambulabunt</strong></span> <span class='ocrx_word' id='word_1_195' title='bbox 2642 482 2659 513; x_wconf 81' lang='grc' dir='ltr'><strong>ι</strong></span> <span class='ocrx_word' id='word_1_196' title='bbox 2699 491 2753 535; x_wconf 63' lang='grc' dir='ltr'>ει</span> 
     </span>
    </p>
   </div>
   <div class='ocr_carea' id='block_1_27' title="bbox 3612 349 3718 408">
    <p class='ocr_par' dir='ltr' id='par_1_27' title="bbox 3612 349 3718 408">
     <span class='ocr_line' id='line_1_27' title="bbox 3612 349 3718 408; baseline 0 -1"><span class='ocrx_word' id='word_1_197' title='bbox 3612 349 3718 408; x_wconf 68' lang='grc' dir='ltr'><strong>Ἷὸἷὶ</strong></span> 
     </span>
    </p>
   </div>
   <div class='ocr_carea' id='block_1_28' title="bbox 2811 476 3722 534">
    <p class='ocr_par' dir='ltr' id='par_1_28' title="bbox 2811 476 3722 534">
     <span class='ocr_line' id='line_1_28' title="bbox 2811 476 3722 534; baseline -0.004 0"><span class='ocrx_word' id='word_1_198' title='bbox 2811 495 2826 534; x_wconf 93' lang='lat'><strong>:</strong></span> <span class='ocrx_word' id='word_1_199' title='bbox 2884 477 2948 532; x_wconf 87' lang='grc' dir='ltr'>1ιι</span> <span class='ocrx_word' id='word_1_200' title='bbox 3019 479 3218 532; x_wconf 82' lang='lat' dir='ltr'><strong>lumine</strong></span> <span class='ocrx_word' id='word_1_201' title='bbox 3278 487 3366 530; x_wconf 87' lang='lat' dir='ltr'><strong>luo</strong></span> <span class='ocrx_word' id='word_1_202' title='bbox 3432 476 3722 530; x_wconf 78' lang='lat' dir='ltr'><strong>videbimus</strong></span> 
     </span>
    </p>
   </div>
   <div class='ocr_carea' id='block_1_29' title="bbox 2146 568 3723 641">
    <p class='ocr_par' dir='ltr' id='par_1_29' title="bbox 2146 568 3723 641">
     <span class='ocr_line' id='line_1_29' title="bbox 2146 568 3723 641; baseline -0.005 -12"><span class='ocrx_word' id='word_1_203' title='bbox 2146 575 2320 629; x_wconf 82' lang='lat' dir='ltr'><strong>lumen</strong></span> <span class='ocrx_word' id='word_1_204' title='bbox 2353 574 2415 641; x_wconf 67' lang='grc' dir='ltr'><strong>ι’,</strong></span> <span class='ocrx_word' id='word_1_205' title='bbox 2479 579 2552 628; x_wconf 89' lang='lat' dir='ltr'><strong>et&#39;</strong></span> <span class='ocrx_word' id='word_1_206' title='bbox 2590 571 2811 627; x_wconf 90' lang='lat' dir='ltr'><strong>similia.</strong></span> <span class='ocrx_word' id='word_1_207' title='bbox 2874 570 2949 625; x_wconf 78' lang='lat' dir='ltr'><strong>Ex</strong></span> <span class='ocrx_word' id='word_1_208' title='bbox 3012 569 3098 625; x_wconf 93' lang='lat' dir='ltr'><strong>his</strong></span> <span class='ocrx_word' id='word_1_209' title='bbox 3158 569 3321 637; x_wconf 74' lang='lat' dir='ltr'><strong>igitur</strong></span> <span class='ocrx_word' id='word_1_210' title='bbox 3375 568 3723 637; x_wconf 79' lang='lat' dir='ltr'><strong>perspicitur,</strong></span> 
     </span>
    </p>
   </div>
   <div class='ocr_carea' id='block_1_30' title="bbox 2145 658 3722 732">
    <p class='ocr_par' dir='ltr' id='par_1_30' title="bbox 2145 658 3722 732">
     <span class='ocr_line' id='line_1_30' title="bbox 2145 658 3722 732; baseline -0.002 -18"><span class='ocrx_word' id='word_1_211' title='bbox 2145 662 2291 732; x_wconf 91' lang='lat' dir='ltr'><strong>quod</strong></span> <span class='ocrx_word' id='word_1_212' title='bbox 2359 659 2657 732; x_wconf 84' lang='lat' dir='ltr'><strong>symbolica</strong></span> <span class='ocrx_word' id='word_1_213' title='bbox 2725 659 3021 732; x_wconf 81' lang='lat' dir='ltr'><strong>Theologia</strong></span> <span class='ocrx_word' id='word_1_214' title='bbox 3088 670 3174 714; x_wconf 89' lang='lat' dir='ltr'><strong>est</strong></span> <span class='ocrx_word' id='word_1_215' title='bbox 3232 673 3386 713; x_wconf 90' lang='lat' dir='ltr'><strong>sacra</strong></span> <span class='ocrx_word' id='word_1_216' title='bbox 3446 658 3722 721; x_wconf 83' lang='lat' dir='ltr'><strong>formatio,</strong></span> 
     </span>
    </p>
   </div>
   <div class='ocr_carea' id='block_1_31' title="bbox 2146 751 3726 825">
    <p class='ocr_par' dir='ltr' id='par_1_31' title="bbox 2146 751 3726 825">
     <span class='ocr_line' id='line_1_31' title="bbox 2146 751 3726 825; baseline -0.001 -20"><span class='ocrx_word' id='word_1_217' title='bbox 2146 769 2265 824; x_wconf 70' lang='lat' dir='ltr'><strong>qua:</strong></span> <span class='ocrx_word' id='word_1_218' title='bbox 2318 753 2519 808; x_wconf 87' lang='lat' dir='ltr'><strong>divinis</strong></span> <span class='ocrx_word' id='word_1_219' title='bbox 2563 753 2734 825; x_wconf 80' lang='lat' dir='ltr'><strong>signis</strong></span> <span class='ocrx_word' id='word_1_220' title='bbox 2785 763 2838 807; x_wconf 74' lang='lat' dir='ltr'><strong>et</strong></span> <span class='ocrx_word' id='word_1_221' title='bbox 2883 755 3027 805; x_wconf 91' lang='lat' dir='ltr'><strong>uotis</strong></span> <span class='ocrx_word' id='word_1_222' title='bbox 3077 768 3141 806; x_wconf 75' lang='lat' dir='ltr'><strong>ex</strong></span> <span class='ocrx_word' id='word_1_223' title='bbox 3202 751 3268 806; x_wconf 91' lang='lat' dir='ltr'><strong>iis</strong></span> <span class='ocrx_word' id='word_1_224' title='bbox 3304 767 3424 821; x_wconf 66' lang='lat' dir='ltr'><strong>quae</strong></span> <span class='ocrx_word' id='word_1_225' title='bbox 3462 765 3726 820; x_wconf 80' lang='lat' dir='ltr'><strong>corporeo</strong></span> 
     </span>
    </p>
   </div>
   <div class='ocr_carea' id='block_1_32' title="bbox 2147 831 3726 916">
    <p class='ocr_par' dir='ltr' id='par_1_32' title="bbox 2147 831 3726 916">
     <span class='ocr_line' id='line_1_32' title="bbox 2147 831 3726 916; baseline -0.002 -14"><span class='ocrx_word' id='word_1_226' title='bbox 2147 831 2412 903; x_wconf 86' lang='lat' dir='ltr'><strong>delineata</strong></span> <span class='ocrx_word' id='word_1_227' title='bbox 2434 857 2581 914; x_wconf 91' lang='lat' dir='ltr'><strong>sunt,</strong></span> <span class='ocrx_word' id='word_1_228' title='bbox 2621 847 2913 902; x_wconf 86' lang='lat' dir='ltr'><strong>adumbrat</strong></span> <span class='ocrx_word' id='word_1_229' title='bbox 2955 856 3009 901; x_wconf 85' lang='lat' dir='ltr'><strong>et</strong></span> <span class='ocrx_word' id='word_1_230' title='bbox 3050 845 3220 916; x_wconf 78' lang='lat' dir='ltr'><strong>pingit</strong></span> <span class='ocrx_word' id='word_1_231' title='bbox 3249 861 3333 910; x_wconf 84' lang='lat' dir='ltr'><strong>ea,</strong></span> <span class='ocrx_word' id='word_1_232' title='bbox 3375 861 3496 914; x_wconf 80' lang='lat' dir='ltr'><strong>qua:</strong></span> <span class='ocrx_word' id='word_1_233' title='bbox 3523 847 3573 899; x_wconf 94' lang='lat' dir='ltr'><strong>in</strong></span> <span class='ocrx_word' id='word_1_234' title='bbox 3619 845 3726 899; x_wconf 80' lang='lat' dir='ltr'><strong>llco</strong></span> 
     </span>
    </p>
   </div>
   <div class='ocr_carea' id='block_1_33' title="bbox 2145 935 3722 1006">
    <p class='ocr_par' dir='ltr' id='par_1_33' title="bbox 2145 935 3722 1006">
     <span class='ocr_line' id='line_1_33' title="bbox 2145 935 3722 1006; baseline -0.003 -13"><span class='ocrx_word' id='word_1_235' title='bbox 2145 939 2339 1004; x_wconf 84' lang='lat' dir='ltr'><strong>latent,</strong></span> <span class='ocrx_word' id='word_1_236' title='bbox 2413 939 2657 1006; x_wconf 85' lang='lat' dir='ltr'><strong>corporis</strong></span> <span class='ocrx_word' id='word_1_237' title='bbox 2706 947 2760 990; x_wconf 88' lang='lat' dir='ltr'><strong>et</strong></span> <span class='ocrx_word' id='word_1_238' title='bbox 2821 935 3010 990; x_wconf 73' lang='lat' dir='ltr'><strong>forma:</strong></span> <span class='ocrx_word' id='word_1_239' title='bbox 3062 937 3329 1006; x_wconf 77' lang='lat' dir='ltr'><strong>expertia.</strong></span> <span class='ocrx_word' id='word_1_240' title='bbox 3389 935 3482 989; x_wconf 85' lang='lat' dir='ltr'><strong>Est</strong></span> <span class='ocrx_word' id='word_1_241' title='bbox 3537 945 3722 990; x_wconf 87' lang='lat' dir='ltr'><strong>autem</strong></span> 
     </span>
    </p>
   </div>
   <div class='ocr_carea' id='block_1_34' title="bbox 2147 1027 3726 1099">
    <p class='ocr_par' dir='ltr' id='par_1_34' title="bbox 2147 1027 3726 1099">
     <span class='ocr_line' id='line_1_34' title="bbox 2147 1027 3726 1099; baseline -0.002 -15"><span class='ocrx_word' id='word_1_242' title='bbox 2147 1031 2732 1090; x_wconf 85' lang='lat' dir='ltr'><strong>animadvertendum,</strong></span> <span class='ocrx_word' id='word_1_243' title='bbox 2793 1029 2938 1096; x_wconf 90' lang='lat' dir='ltr'><strong>quod</strong></span> <span class='ocrx_word' id='word_1_244' title='bbox 2998 1029 3111 1083; x_wconf 69' lang='lat' dir='ltr'><strong>inec</strong></span> <span class='ocrx_word' id='word_1_245' title='bbox 3180 1029 3476 1099; x_wconf 85' lang='lat' dir='ltr'><strong>symbolica</strong></span> <span class='ocrx_word' id='word_1_246' title='bbox 3545 1027 3726 1081; x_wconf 83' lang='lat' dir='ltr'><strong>Theo-</strong></span> 
     </span>
    </p>
   </div>
   <div class='ocr_carea' id='block_1_35' title="bbox 2147 1119 3723 1192">
    <p class='ocr_par' dir='ltr' id='par_1_35' title="bbox 2147 1119 3723 1192">
     <span class='ocr_line' id='line_1_35' title="bbox 2147 1119 3723 1192; baseline -0.003 -16"><span class='ocrx_word' id='word_1_247' title='bbox 2147 1121 2287 1192; x_wconf 73' lang='lat' dir='ltr'><strong>logia</strong></span> <span class='ocrx_word' id='word_1_248' title='bbox 2353 1119 2546 1176; x_wconf 79' lang='lat' dir='ltr'><strong>rursus</strong></span> <span class='ocrx_word' id='word_1_249' title='bbox 2605 1124 2862 1190; x_wconf 85' lang='lat' dir='ltr'><strong>partitur.</strong></span> <span class='ocrx_word' id='word_1_250' title='bbox 2939 1123 3046 1174; x_wconf 79' lang='lat' dir='ltr'><strong>Aut</strong></span> <span class='ocrx_word' id='word_1_251' title='bbox 3117 1120 3264 1174; x_wconf 89' lang='lat' dir='ltr'><strong>enim</strong></span> <span class='ocrx_word' id='word_1_252' title='bbox 3339 1122 3606 1174; x_wconf 87' lang='lat' dir='ltr'><strong>formatur</strong></span> <span class='ocrx_word' id='word_1_253' title='bbox 3669 1121 3723 1174; x_wconf 89' lang='lat' dir='ltr'><strong>in</strong></span> 
     </span>
    </p>
   </div>
   <div class='ocr_carea' id='block_1_36' title="bbox 2149 1211 3723 1282">
    <p class='ocr_par' dir='ltr' id='par_1_36' title="bbox 2149 1211 3723 1282">
     <span class='ocr_line' id='line_1_36' title="bbox 2149 1211 3723 1282; baseline 0 -15"><span class='ocrx_word' id='word_1_254' title='bbox 2149 1215 2352 1277; x_wconf 85' lang='lat' dir='ltr'><strong>verbis,</strong></span> <span class='ocrx_word' id='word_1_255' title='bbox 2383 1212 2691 1282; x_wconf 74' lang='lat' dir='ltr'><strong>cuiusmodi</strong></span> <span class='ocrx_word' id='word_1_256' title='bbox 2743 1219 2872 1265; x_wconf 80' lang='lat' dir='ltr'><strong>sunt</strong></span> <span class='ocrx_word' id='word_1_257' title='bbox 2909 1212 3169 1274; x_wconf 89' lang='lat' dir='ltr'><strong>dormire,</strong></span> <span class='ocrx_word' id='word_1_258' title='bbox 3211 1211 3455 1282; x_wconf 73' lang='lat' dir='ltr'><strong>vigilare,</strong></span> <span class='ocrx_word' id='word_1_259' title='bbox 3510 1213 3723 1267; x_wconf 89' lang='lat' dir='ltr'><strong>ebrium</strong></span> 
     </span>
    </p>
   </div>
   <div class='ocr_carea' id='block_1_37' title="bbox 2148 1301 3728 1373">
    <p class='ocr_par' dir='ltr' id='par_1_37' title="bbox 2148 1301 3728 1373">
     <span class='ocr_line' id='line_1_37' title="bbox 2148 1301 3728 1373; baseline -0.004 -13"><span class='ocrx_word' id='word_1_260' title='bbox 2148 1320 2290 1371; x_wconf 87' lang='lat' dir='ltr'><strong>esse,</strong></span> <span class='ocrx_word' id='word_1_261' title='bbox 2342 1305 2628 1373; x_wconf 69' lang='lat' dir='ltr'><strong>pmuitere,</strong></span> <span class='ocrx_word' id='word_1_262' title='bbox 2683 1315 3022 1372; x_wconf 71' lang='lat' dir='ltr'><strong>qurecunque</strong></span> <span class='ocrx_word' id='word_1_263' title='bbox 3075 1301 3179 1354; x_wconf 89' lang='lat' dir='ltr'><strong>alia</strong></span> <span class='ocrx_word' id='word_1_264' title='bbox 3228 1301 3306 1356; x_wconf 89' lang='lat' dir='ltr'><strong>sic</strong></span> <span class='ocrx_word' id='word_1_265' title='bbox 3357 1303 3538 1356; x_wconf 88' lang='lat' dir='ltr'><strong>verbis</strong></span> <span class='ocrx_word' id='word_1_266' title='bbox 3580 1303 3728 1357; x_wconf 81' lang='lat' dir='ltr'><strong>sim-</strong></span> 
     </span>
    </p>
   </div>
   <div class='ocr_carea' id='block_1_38' title="bbox 2151 1394 3726 1468">
    <p class='ocr_par' dir='ltr' id='par_1_38' title="bbox 2151 1394 3726 1468">
     <span class='ocr_line' id='line_1_38' title="bbox 2151 1394 3726 1468; baseline -0.003 -16"><span class='ocrx_word' id='word_1_267' title='bbox 2151 1399 2362 1468; x_wconf 84' lang='lat' dir='ltr'><strong>pliciter</strong></span> <span class='ocrx_word' id='word_1_268' title='bbox 2405 1398 2458 1451; x_wconf 91' lang='lat' dir='ltr'><strong>in</strong></span> <span class='ocrx_word' id='word_1_269' title='bbox 2500 1395 2778 1465; x_wconf 87' lang='lat' dir='ltr'><strong>Scriptura</strong></span> <span class='ocrx_word' id='word_1_270' title='bbox 2815 1395 2997 1458; x_wconf 88' lang='lat' dir='ltr'><strong>dicta,</strong></span> <span class='ocrx_word' id='word_1_271' title='bbox 3039 1394 3210 1462; x_wconf 89' lang='lat' dir='ltr'><strong>posita</strong></span> <span class='ocrx_word' id='word_1_272' title='bbox 3265 1406 3426 1460; x_wconf 89' lang='lat' dir='ltr'><strong>sunt;</strong></span> <span class='ocrx_word' id='word_1_273' title='bbox 3473 1403 3570 1448; x_wconf 89' lang='lat' dir='ltr'><strong>aut</strong></span> <span class='ocrx_word' id='word_1_274' title='bbox 3616 1395 3726 1448; x_wconf 90' lang='lat' dir='ltr'><strong>for-</strong></span> 
     </span>
    </p>
   </div>
   <div class='ocr_carea' id='block_1_39' title="bbox 2150 1475 3728 1557">
    <p class='ocr_par' dir='ltr' id='par_1_39' title="bbox 2150 1475 3728 1557">
     <span class='ocr_line' id='line_1_39' title="bbox 2150 1475 3728 1557; baseline -0.004 -11"><span class='ocrx_word' id='word_1_275' title='bbox 2150 1475 2329 1546; x_wconf 67' lang='lat' dir='ltr'><strong>matur</strong></span> <span class='ocrx_word' id='word_1_276' title='bbox 2361 1491 2412 1544; x_wconf 90' lang='lat' dir='ltr'><strong>in</strong></span> <span class='ocrx_word' id='word_1_277' title='bbox 2469 1489 2663 1544; x_wconf 88' lang='lat' dir='ltr'><strong>formis</strong></span> <span class='ocrx_word' id='word_1_278' title='bbox 2715 1488 3114 1557; x_wconf 76' lang='lat' dir='ltr'><strong>corporalibus,</strong></span> <span class='ocrx_word' id='word_1_279' title='bbox 3149 1486 3460 1555; x_wconf 88' lang='lat' dir='ltr'><strong>cujusmodi</strong></span> <span class='ocrx_word' id='word_1_280' title='bbox 3513 1495 3595 1540; x_wconf 89' lang='lat' dir='ltr'><strong>cst</strong></span> <span class='ocrx_word' id='word_1_281' title='bbox 3637 1487 3728 1539; x_wconf 89' lang='lat' dir='ltr'><strong>ille</strong></span> 
     </span>
    </p>
   </div>
   <div class='ocr_carea' id='block_1_40' title="bbox 2149 1577 3726 1652">
    <p class='ocr_par' dir='ltr' id='par_1_40' title="bbox 2149 1577 3726 1652">
     <span class='ocr_line' id='line_1_40' title="bbox 2149 1577 3726 1652; baseline -0.003 -16"><span class='ocrx_word' id='word_1_282' title='bbox 2149 1583 2292 1652; x_wconf 64' lang='lat' dir='ltr'><strong>ignis</strong></span> <span class='ocrx_word' id='word_1_283' title='bbox 2345 1583 2397 1637; x_wconf 92' lang='lat' dir='ltr'><strong>in</strong></span> <span class='ocrx_word' id='word_1_284' title='bbox 2426 1583 2600 1646; x_wconf 83' lang='lat' dir='ltr'><strong>&#39;rubo,</strong></span> <span class='ocrx_word' id='word_1_285' title='bbox 2639 1580 2806 1634; x_wconf 88' lang='lat' dir='ltr'><strong>videri</strong></span> <span class='ocrx_word' id='word_1_286' title='bbox 2857 1579 3023 1634; x_wconf 89' lang='lat' dir='ltr'><strong>Deum</strong></span> <span class='ocrx_word' id='word_1_287' title='bbox 3063 1580 3252 1634; x_wconf 88' lang='lat' dir='ltr'><strong>sedere</strong></span> <span class='ocrx_word' id='word_1_288' title='bbox 3293 1581 3344 1632; x_wconf 93' lang='lat' dir='ltr'><strong>in</strong></span> <span class='ocrx_word' id='word_1_289' title='bbox 3366 1582 3587 1642; x_wconf 89' lang='lat' dir='ltr'><strong>throno,</strong></span> <span class='ocrx_word' id='word_1_290' title='bbox 3636 1577 3726 1631; x_wconf 89' lang='lat' dir='ltr'><strong>illa</strong></span> 
     </span>
    </p>
   </div>
   <div class='ocr_carea' id='block_1_41' title="bbox 2150 1671 3562 1743">
    <p class='ocr_par' dir='ltr' id='par_1_41' title="bbox 2150 1671 3562 1743">
     <span class='ocr_line' id='line_1_41' title="bbox 2150 1671 3562 1743; baseline -0.002 -12"><span class='ocrx_word' id='word_1_291' title='bbox 2150 1677 2204 1731; x_wconf 89' lang='lat' dir='ltr'><strong>in</strong></span> <span class='ocrx_word' id='word_1_292' title='bbox 2231 1675 2464 1730; x_wconf 84' lang='lat' dir='ltr'><strong>Jordaue</strong></span> <span class='ocrx_word' id='word_1_293' title='bbox 2483 1673 2756 1738; x_wconf 88' lang='lat' dir='ltr'><strong>columba,</strong></span> <span class='ocrx_word' id='word_1_294' title='bbox 2782 1673 2886 1726; x_wconf 74' lang='lat' dir='ltr'><strong>illae</strong></span> <span class='ocrx_word' id='word_1_295' title='bbox 2909 1672 3102 1741; x_wconf 71' lang='lat' dir='ltr'><strong>linguae</strong></span> <span class='ocrx_word' id='word_1_296' title='bbox 3137 1672 3328 1743; x_wconf 70' lang='lat' dir='ltr'><strong>igneae,</strong></span> <span class='ocrx_word' id='word_1_297' title='bbox 3351 1680 3404 1726; x_wconf 90' lang='lat' dir='ltr'><strong>et</strong></span> <span class='ocrx_word' id='word_1_298' title='bbox 3435 1671 3562 1728; x_wconf 83' lang='lat' dir='ltr'><strong>alia.</strong></span> 
     </span>
    </p>
   </div>
   <div class='ocr_carea' id='block_1_42' title="bbox 2752 1760 3118 1820">
    <p class='ocr_par' dir='ltr' id='par_1_42' title="bbox 2752 1760 3118 1820">
     <span class='ocr_line' id='line_1_42' title="bbox 2752 1760 3118 1820; baseline -0.005 -1"><span class='ocrx_word' id='word_1_299' title='bbox 2752 1760 2984 1820; x_wconf 72' lang='lat' dir='ltr'><strong>CAPUT</strong></span> <span class='ocrx_word' id='word_1_300' title='bbox 3027 1763 3118 1818; x_wconf 88' lang='lat' dir='ltr'><strong>Ill.</strong></span> 
     </span>
    </p>
   </div>
   <div class='ocr_carea' id='block_1_43' title="bbox 2152 1855 3726 1930">
    <p class='ocr_par' dir='ltr' id='par_1_43' title="bbox 2152 1855 3726 1930">
     <span class='ocr_line' id='line_1_43' title="bbox 2152 1855 3726 1930; baseline -0.004 -14"><span class='ocrx_word' id='word_1_301' title='bbox 2152 1863 2303 1930; x_wconf 79' lang='lat' dir='ltr'><strong>Quod</strong></span> <span class='ocrx_word' id='word_1_302' title='bbox 2355 1859 2612 1924; x_wconf 74' lang='lat' dir='ltr'><strong>theologia</strong></span> <span class='ocrx_word' id='word_1_303' title='bbox 2671 1855 2959 1926; x_wconf 78' lang='lat' dir='ltr'><strong>symbolica</strong></span> <span class='ocrx_word' id='word_1_304' title='bbox 3003 1856 3291 1930; x_wconf 79' lang='lat' dir='ltr'><strong>secundum</strong></span> <span class='ocrx_word' id='word_1_305' title='bbox 3338 1857 3582 1922; x_wconf 82' lang='lat' dir='ltr'><strong>speciem,</strong></span> <span class='ocrx_word' id='word_1_306' title='bbox 3615 1858 3726 1910; x_wconf 84' lang='lat' dir='ltr'><strong>sive</strong></span> 
     </span>
    </p>
   </div>
   <div class='ocr_carea' id='block_1_44' title="bbox 2223 1927 3726 2000">
    <p class='ocr_par' dir='ltr' id='par_1_44' title="bbox 2223 1927 3726 2000">
     <span class='ocr_line' id='line_1_44' title="bbox 2223 1927 3726 2000; baseline -0.001 -18"><span class='ocrx_word' id='word_1_307' title='bbox 2223 1934 2453 2000; x_wconf 78' lang='lat' dir='ltr'><strong>formam</strong></span> <span class='ocrx_word' id='word_1_308' title='bbox 2481 1943 2808 2000; x_wconf 68' lang='lat' dir='ltr'><strong>corpoream.</strong></span> <span class='ocrx_word' id='word_1_309' title='bbox 2851 1941 3056 1994; x_wconf 73' lang='lat' dir='ltr'><strong>semper</strong></span> <span class='ocrx_word' id='word_1_310' title='bbox 3084 1927 3138 1978; x_wconf 86' lang='lat' dir='ltr'><strong>in</strong></span> <span class='ocrx_word' id='word_1_311' title='bbox 3185 1943 3423 1995; x_wconf 85' lang='lat' dir='ltr'><strong>corpore,</strong></span> <span class='ocrx_word' id='word_1_312' title='bbox 3455 1936 3502 1979; x_wconf 84' lang='lat' dir='ltr'><strong>et</strong></span> <span class='ocrx_word' id='word_1_313' title='bbox 3532 1943 3726 1980; x_wconf 83' lang='lat' dir='ltr'><strong>secun-</strong></span> 
     </span>
    </p>
   </div>
   <div class='ocr_carea' id='block_1_45' title="bbox 2223 1997 2923 2055">
    <p class='ocr_par' dir='ltr' id='par_1_45' title="bbox 2223 1997 2923 2055">
     <span class='ocr_line' id='line_1_45' title="bbox 2223 1997 2923 2055; baseline -0.009 0"><span class='ocrx_word' id='word_1_314' title='bbox 2223 1997 2347 2055; x_wconf 75' lang='lat' dir='ltr'><strong>dum</strong></span> <span class='ocrx_word' id='word_1_315' title='bbox 2370 2015 2582 2053; x_wconf 82' lang='lat' dir='ltr'><strong>sensum</strong></span> <span class='ocrx_word' id='word_1_316' title='bbox 2606 1997 2923 2051; x_wconf 71' lang='lat' dir='ltr'><strong>detineatur.</strong></span> 
     </span>
    </p>
   </div>
   <div class='ocr_carea' id='block_1_46' title="bbox 2221 2083 3727 2156">
    <p class='ocr_par' dir='ltr' id='par_1_46' title="bbox 2221 2083 3727 2156">
     <span class='ocr_line' id='line_1_46' title="bbox 2221 2083 3727 2156; baseline -0.005 -9"><span class='ocrx_word' id='word_1_317' title='bbox 2221 2093 2310 2147; x_wconf 76' lang='lat' dir='ltr'><strong>Ait</strong></span> <span class='ocrx_word' id='word_1_318' title='bbox 2336 2091 2552 2145; x_wconf 80' lang='lat' dir='ltr'><strong>divinus</strong></span> <span class='ocrx_word' id='word_1_319' title='bbox 2591 2089 2770 2143; x_wconf 88' lang='lat' dir='ltr'><strong>Lucas</strong></span> <span class='ocrx_word' id='word_1_320' title='bbox 2800 2089 2852 2140; x_wconf 93' lang='lat' dir='ltr'><strong>in</strong></span> <span class='ocrx_word' id='word_1_321' title='bbox 2883 2101 2984 2141; x_wconf 89' lang='lat' dir='ltr'><strong>suo</strong></span> <span class='ocrx_word' id='word_1_322' title='bbox 3018 2093 3211 2140; x_wconf 88' lang='lat' dir='ltr'><strong>sancto</strong></span> <span class='ocrx_word' id='word_1_323' title='bbox 3247 2083 3572 2156; x_wconf 77' lang='lat' dir='ltr'><strong>Evangelio:</strong></span> <span class='ocrx_word' id='word_1_324' title='bbox 3613 2086 3727 2140; x_wconf 83' lang='lat' dir='ltr'><strong>Fa-</strong></span> 
     </span>
    </p>
   </div>
   <div class='ocr_carea' id='block_1_47' title="bbox 2153 2177 3725 2247">
    <p class='ocr_par' dir='ltr' id='par_1_47' title="bbox 2153 2177 3725 2247">
     <span class='ocr_line' id='line_1_47' title="bbox 2153 2177 3725 2247; baseline -0.004 -9"><span class='ocrx_word' id='word_1_325' title='bbox 2153 2194 2296 2238; x_wconf 82' lang='lat' dir='ltr'><strong>ctum</strong></span> <span class='ocrx_word' id='word_1_326' title='bbox 2323 2191 2398 2236; x_wconf 83' lang='lat' dir='ltr'><strong>est</strong></span> <span class='ocrx_word' id='word_1_327' title='bbox 2430 2188 2629 2241; x_wconf 80' lang='lat' dir='ltr'><strong>autem,</strong></span> <span class='ocrx_word' id='word_1_328' title='bbox 2662 2195 2780 2231; x_wconf 86' lang='lat' dir='ltr'><strong>cum</strong></span> <span class='ocrx_word' id='word_1_329' title='bbox 2811 2178 3174 2245; x_wconf 77' lang='lat' dir='ltr'><strong>baptizaretur</strong></span> <span class='ocrx_word' id='word_1_330' title='bbox 3196 2179 3367 2230; x_wconf 86' lang='lat' dir='ltr'><strong>omnis</strong></span> <span class='ocrx_word' id='word_1_331' title='bbox 3399 2177 3645 2247; x_wconf 78' lang='lat' dir='ltr'><strong>populus,</strong></span> <span class='ocrx_word' id='word_1_332' title='bbox 3675 2189 3725 2232; x_wconf 81' lang='lat' dir='ltr'><strong>et</strong></span> 
     </span>
    </p>
   </div>
   <div class='ocr_carea' id='block_1_48' title="bbox 2157 2271 3725 2344">
    <p class='ocr_par' dir='ltr' id='par_1_48' title="bbox 2157 2271 3725 2344">
     <span class='ocr_line' id='line_1_48' title="bbox 2157 2271 3725 2344; baseline -0.004 -14"><span class='ocrx_word' id='word_1_333' title='bbox 2157 2275 2278 2330; x_wconf 78' lang='lat' dir='ltr'><strong>Iesu</strong></span> <span class='ocrx_word' id='word_1_334' title='bbox 2303 2276 2594 2344; x_wconf 77' lang='lat' dir='ltr'><strong>baptizata,</strong></span> <span class='ocrx_word' id='word_1_335' title='bbox 2622 2281 2669 2325; x_wconf 84' lang='lat' dir='ltr'><strong>et</strong></span> <span class='ocrx_word' id='word_1_336' title='bbox 2693 2281 2899 2334; x_wconf 85' lang='lat' dir='ltr'><strong>orante,</strong></span> <span class='ocrx_word' id='word_1_337' title='bbox 2924 2279 3168 2336; x_wconf 81' lang='lat' dir='ltr'><strong>apertum</strong></span> <span class='ocrx_word' id='word_1_338' title='bbox 3195 2280 3270 2324; x_wconf 80' lang='lat' dir='ltr'><strong>est</strong></span> <span class='ocrx_word' id='word_1_339' title='bbox 3295 2271 3503 2337; x_wconf 69' lang='lat' dir='ltr'><strong>coelum,</strong></span> <span class='ocrx_word' id='word_1_340' title='bbox 3529 2282 3575 2325; x_wconf 84' lang='lat' dir='ltr'><strong>et</strong></span> <span class='ocrx_word' id='word_1_341' title='bbox 3601 2273 3725 2325; x_wconf 84' lang='lat' dir='ltr'><strong>des-</strong></span> 
     </span>
    </p>
   </div>
   <div class='ocr_carea' id='block_1_49' title="bbox 2153 2367 3725 2438">
    <p class='ocr_par' dir='ltr' id='par_1_49' title="bbox 2153 2367 3725 2438">
     <span class='ocr_line' id='line_1_49' title="bbox 2153 2367 3725 2438; baseline 0 -16"><span class='ocrx_word' id='word_1_342' title='bbox 2153 2370 2326 2422; x_wconf 79' lang='lat' dir='ltr'><strong>cendit</strong></span> <span class='ocrx_word' id='word_1_343' title='bbox 2352 2369 2584 2438; x_wconf 85' lang='lat' dir='ltr'><strong>Spiritus</strong></span> <span class='ocrx_word' id='word_1_344' title='bbox 2607 2376 2818 2419; x_wconf 86' lang='lat' dir='ltr'><strong>sanctus</strong></span> <span class='ocrx_word' id='word_1_345' title='bbox 2844 2381 3095 2432; x_wconf 82' lang='lat' dir='ltr'><strong>corporea</strong></span> <span class='ocrx_word' id='word_1_346' title='bbox 3119 2367 3290 2434; x_wconf 78' lang='lat' dir='ltr'><strong>specie</strong></span> <span class='ocrx_word' id='word_1_347' title='bbox 3323 2369 3456 2420; x_wconf 86' lang='lat' dir='ltr'><strong>sicut</strong></span> <span class='ocrx_word' id='word_1_348' title='bbox 3482 2368 3725 2422; x_wconf 81' lang='lat' dir='ltr'><strong>columba</strong></span> 
     </span>
    </p>
   </div>
   <div class='ocr_carea' id='block_1_50' title="bbox 2161 2458 3729 2529">
    <p class='ocr_par' dir='ltr' id='par_1_50' title="bbox 2161 2458 3729 2529">
     <span class='ocr_line' id='line_1_50' title="bbox 2161 2458 3729 2529; baseline 0.002 -15"><span class='ocrx_word' id='word_1_349' title='bbox 2161 2463 2215 2516; x_wconf 85' lang='lat' dir='ltr'><strong>iu</strong></span> <span class='ocrx_word' id='word_1_350' title='bbox 2248 2463 2415 2528; x_wconf 82' lang='lat' dir='ltr'><strong>ipsum</strong></span> <span class='ocrx_word' id='word_1_351' title='bbox 2441 2463 2504 2515; x_wconf 83' lang='lat'><strong>&quot;.</strong></span> <span class='ocrx_word' id='word_1_352' title='bbox 2547 2461 2659 2516; x_wconf 83' lang='lat' dir='ltr'><strong>Hoc</strong></span> <span class='ocrx_word' id='word_1_353' title='bbox 2687 2458 2984 2528; x_wconf 78' lang='lat' dir='ltr'><strong>Gregorius</strong></span> <span class='ocrx_word' id='word_1_354' title='bbox 3028 2470 3392 2529; x_wconf 82' lang='lat' dir='ltr'><strong>cognomento</strong></span> <span class='ocrx_word' id='word_1_355' title='bbox 3418 2461 3729 2526; x_wconf 68' lang='lat' dir='ltr'><strong>Theologus</strong></span> 
     </span>
    </p>
   </div>
   <div class='ocr_carea' id='block_1_51' title="bbox 1873 2605 2314 2672">
    <p class='ocr_par' dir='ltr' id='par_1_51' title="bbox 1873 2605 2314 2672">
     <span class='ocr_line' id='line_1_51' title="bbox 1873 2605 2314 2672; baseline -0.005 -13"><span class='ocrx_word' id='word_1_356' title='bbox 1873 2605 2091 2659; x_wconf 80' lang='lat' dir='ltr'><strong>&quot;‘Luc.</strong></span> <span class='ocrx_word' id='word_1_357' title='bbox 2114 2621 2197 2672; x_wconf 90' lang='grc' dir='ltr'>ιιι,</span> <span class='ocrx_word' id='word_1_358' title='bbox 2223 2606 2314 2658; x_wconf 69' lang='lat'><strong>2|.</strong></span> 
     </span>
    </p>
   </div>
   <div class='ocr_carea' id='block_1_52' title="bbox 1763 2700 2444 2794">
    <p class='ocr_par' dir='ltr' id='par_1_52' title="bbox 1763 2700 2444 2794">
     <span class='ocr_line' id='line_1_52' title="bbox 1763 2700 2444 2794; baseline -0.004 -31"><span class='ocrx_word' id='word_1_359' title='bbox 1763 2701 2016 2766; x_wconf 83' lang='lat' dir='ltr'><strong>Scholia</strong></span> <span class='ocrx_word' id='word_1_360' title='bbox 2051 2703 2111 2763; x_wconf 92' lang='lat' dir='ltr'><strong>S.</strong></span> <span class='ocrx_word' id='word_1_361' title='bbox 2157 2700 2444 2794; x_wconf 75' lang='lat' dir='ltr'><strong>Maximi.</strong></span> 
     </span>
    </p>
   </div>
   <div class='ocr_carea' id='block_1_53' title="bbox 555 2826 2050 2901">
    <p class='ocr_par' dir='ltr' id='par_1_53' title="bbox 555 2826 2050 2901">
     <span class='ocr_line' id='line_1_53' title="bbox 555 2826 2050 2901; baseline -0.003 -15"><span class='ocrx_word' id='word_1_362' title='bbox 555 2830 896 2901; x_wconf 66' lang='lat' dir='ltr'><strong>(25)_Equos.</strong></span> <span class='ocrx_word' id='word_1_363' title='bbox 926 2827 1061 2898; x_wconf 83' lang='lat' dir='ltr'><strong>Equi</strong></span> <span class='ocrx_word' id='word_1_364' title='bbox 1090 2827 1186 2901; x_wconf 86' lang='lat' dir='ltr'><strong>Dei</strong></span> <span class='ocrx_word' id='word_1_365' title='bbox 1226 2826 1535 2896; x_wconf 76' lang='lat' dir='ltr'><strong>signiﬁcant</strong></span> <span class='ocrx_word' id='word_1_366' title='bbox 1581 2828 1809 2901; x_wconf 86' lang='lat' dir='ltr'><strong>mystice</strong></span> <span class='ocrx_word' id='word_1_367' title='bbox 1846 2827 2050 2901; x_wconf 87' lang='lat' dir='ltr'><strong>in_ora-</strong></span> 
     </span>
    </p>
   </div>
   <div class='ocr_carea' id='block_1_54' title="bbox 480 2897 2051 2968">
    <p class='ocr_par' dir='ltr' id='par_1_54' title="bbox 480 2897 2051 2968">
     <span class='ocr_line' id='line_1_54' title="bbox 480 2897 2051 2968; baseline -0.004 -12"><span class='ocrx_word' id='word_1_368' title='bbox 480 2897 928 2956; x_wconf 54' lang='lat' dir='ltr'><strong>tione&#39;Hahacuc</strong></span> <span class='ocrx_word' id='word_1_369' title='bbox 973 2897 1250 2967; x_wconf 76' lang='lat' dir='ltr'><strong>prophetae</strong></span> <span class='ocrx_word' id='word_1_370' title='bbox 1283 2909 1503 2954; x_wconf 80' lang='lat' dir='ltr'><strong>sanctos</strong></span> <span class='ocrx_word' id='word_1_371' title='bbox 1539 2897 1854 2968; x_wconf 75' lang='lat' dir='ltr'><strong>apostolos:</strong></span> <span class='ocrx_word' id='word_1_372' title='bbox 1901 2897 2051 2962; x_wconf 81' lang='lat' dir='ltr'><strong>Quo-</strong></span> 
     </span>
    </p>
   </div>
   <div class='ocr_carea' id='block_1_55' title="bbox 483 2968 2138 3035">
    <p class='ocr_par' dir='ltr' id='par_1_55' title="bbox 483 2968 2138 3035">
     <span class='ocr_line' id='line_1_55' title="bbox 483 2968 2138 3035; baseline -0.005 -10"><span class='ocrx_word' id='word_1_373' title='bbox 483 2976 627 3026; x_wconf 88' lang='lat' dir='ltr'><strong>niam</strong></span> <span class='ocrx_word' id='word_1_374' title='bbox 657 2971 940 3032; x_wconf 78' lang='lat' dir='ltr'><strong>asceudes,</strong></span> <span class='ocrx_word' id='word_1_375' title='bbox 995 2968 1192 3035; x_wconf 90' lang='lat' dir='ltr'><strong>inquit.</strong></span> <span class='ocrx_word' id='word_1_376' title='bbox 1245 2984 1438 3032; x_wconf 86' lang='lat' dir='ltr'><strong>equos.</strong></span> <span class='ocrx_word' id='word_1_377' title='bbox 1485 2979 1540 3024; x_wconf 89' lang='lat' dir='ltr'><strong>et</strong></span> <span class='ocrx_word' id='word_1_378' title='bbox 1587 2971 1868 3034; x_wconf 75' lang='lat' dir='ltr'><strong>equitatus</strong></span> <span class='ocrx_word' id='word_1_379' title='bbox 1922 2976 2050 3022; x_wconf 89' lang='lat' dir='ltr'><strong>tuus</strong></span> <span class='ocrx_word' id='word_1_380' title='bbox 2135 3013 2138 3016; x_wconf 83' lang='lat'><strong>.</strong></span> 
     </span>
    </p>
   </div>
   <div class='ocr_carea' id='block_1_56' title="bbox 481 3036 2050 3108">
    <p class='ocr_par' dir='ltr' id='par_1_56' title="bbox 481 3036 2050 3108">
     <span class='ocr_line' id='line_1_56' title="bbox 481 3036 2050 3108; baseline -0.004 -14"><span class='ocrx_word' id='word_1_381' title='bbox 481 3041 732 3094; x_wconf 84' lang='lat' dir='ltr'><strong>salvatio.</strong></span> <span class='ocrx_word' id='word_1_382' title='bbox 765 3037 924 3105; x_wconf 82' lang='lat' dir='ltr'><strong>Equi,</strong></span> <span class='ocrx_word' id='word_1_383' title='bbox 961 3037 1138 3106; x_wconf 87' lang='lat' dir='ltr'><strong>inquit</strong></span> <span class='ocrx_word' id='word_1_384' title='bbox 1167 3036 1403 3108; x_wconf 83' lang='lat' dir='ltr'><strong>Cyrillus</strong></span> <span class='ocrx_word' id='word_1_385' title='bbox 1447 3040 1496 3092; x_wconf 91' lang='lat' dir='ltr'><strong>in</strong></span> <span class='ocrx_word' id='word_1_386' title='bbox 1537 3054 1604 3092; x_wconf 91' lang='lat' dir='ltr'><strong>eo</strong></span> <span class='ocrx_word' id='word_1_387' title='bbox 1641 3041 1784 3100; x_wconf 89' lang='lat' dir='ltr'><strong>loco,</strong></span> <span class='ocrx_word' id='word_1_388' title='bbox 1819 3038 2050 3108; x_wconf 85' lang='lat' dir='ltr'><strong>apostoli</strong></span> 
     </span>
    </p>
   </div>
   <div class='ocr_carea' id='block_1_57' title="bbox 483 3107 2050 3176">
    <p class='ocr_par' dir='ltr' id='par_1_57' title="bbox 483 3107 2050 3176">
     <span class='ocr_line' id='line_1_57' title="bbox 483 3107 2050 3176; baseline -0.003 -13"><span class='ocrx_word' id='word_1_389' title='bbox 483 3118 541 3163; x_wconf 85' lang='lat' dir='ltr'><strong>et</strong></span> <span class='ocrx_word' id='word_1_390' title='bbox 565 3108 910 3176; x_wconf 72' lang='lat' dir='ltr'><strong>evangelistzr</strong></span> <span class='ocrx_word' id='word_1_391' title='bbox 930 3118 1056 3161; x_wconf 89' lang='lat' dir='ltr'><strong>sunt</strong></span> <span class='ocrx_word' id='word_1_392' title='bbox 1079 3109 1336 3162; x_wconf 90' lang='lat' dir='ltr'><strong>oumihus</strong></span> <span class='ocrx_word' id='word_1_393' title='bbox 1361 3109 1538 3164; x_wconf 86' lang='lat' dir='ltr'><strong>modis</strong></span> <span class='ocrx_word' id='word_1_394' title='bbox 1565 3109 1762 3163; x_wconf 68' lang='lat' dir='ltr'><strong>divium</strong></span> <span class='ocrx_word' id='word_1_395' title='bbox 1783 3107 2050 3176; x_wconf 84' lang='lat' dir='ltr'><strong>voluntati</strong></span> 
     </span>
    </p>
   </div>
   <div class='ocr_carea' id='block_1_58' title="bbox 2157 2823 3728 2902">
    <p class='ocr_par' dir='ltr' id='par_1_58' title="bbox 2157 2823 3728 2902">
     <span class='ocr_line' id='line_1_58' title="bbox 2157 2823 3728 2902; baseline 0.006 -24"><span class='ocrx_word' id='word_1_396' title='bbox 2157 2841 2306 2902; x_wconf 82' lang='lat' dir='ltr'><strong>nem.</strong></span> <span class='ocrx_word' id='word_1_397' title='bbox 2343 2825 2480 2879; x_wconf 87' lang='lat' dir='ltr'><strong>Gen.</strong></span> <span class='ocrx_word' id='word_1_398' title='bbox 2504 2841 2624 2902; x_wconf 77' lang='lat' dir='ltr'><strong>_xt.u</strong></span> <span class='ocrx_word' id='word_1_399' title='bbox 2654 2843 2666 2876; x_wconf 84' lang='lat'><strong>:</strong></span> <span class='ocrx_word' id='word_1_400' title='bbox 2698 2823 2773 2878; x_wconf 89' lang='lat' dir='ltr'><strong>En</strong></span> <span class='ocrx_word' id='word_1_401' title='bbox 2816 2825 3041 2902; x_wconf 70' lang='lat' dir='ltr'><strong>sanguis</strong></span> <span class='ocrx_word' id='word_1_402' title='bbox 3078 2823 3196 2902; x_wconf 78' lang='lat' dir='ltr'><strong>eius</strong></span> <span class='ocrx_word' id='word_1_403' title='bbox 3235 2826 3564 2895; x_wconf 82' lang='lat' dir='ltr'><strong>exquiritur,</strong></span> <span class='ocrx_word' id='word_1_404' title='bbox 3591 2846 3728 2902; x_wconf 88' lang='lat' dir='ltr'><strong>qua-</strong></span> 
     </span>
    </p>
   </div>
   <div class='ocr_carea' id='block_1_59' title="bbox 2159 2893 3359 2964">
    <p class='ocr_par' dir='ltr' id='par_1_59' title="bbox 2159 2893 3359 2964">
     <span class='ocr_line' id='line_1_59' title="bbox 2159 2893 3359 2964; baseline -0.002 -13"><span class='ocrx_word' id='word_1_405' title='bbox 2159 2897 2204 2951; x_wconf 88' lang='lat' dir='ltr'><strong>si</strong></span> <span class='ocrx_word' id='word_1_406' title='bbox 2239 2911 2467 2950; x_wconf 85' lang='lat' dir='ltr'><strong>servans</strong></span> <span class='ocrx_word' id='word_1_407' title='bbox 2503 2897 2634 2948; x_wconf 88' lang='lat' dir='ltr'><strong>iram</strong></span> <span class='ocrx_word' id='word_1_408' title='bbox 2670 2911 2843 2964; x_wconf 77' lang='lat' dir='ltr'><strong>usque</strong></span> <span class='ocrx_word' id='word_1_409' title='bbox 2869 2897 2932 2948; x_wconf 88' lang='lat' dir='ltr'><strong>ad</strong></span> <span class='ocrx_word' id='word_1_410' title='bbox 2969 2893 3098 2947; x_wconf 89' lang='lat' dir='ltr'><strong>illud</strong></span> <span class='ocrx_word' id='word_1_411' title='bbox 3125 2893 3359 2958; x_wconf 82' lang='lat' dir='ltr'><strong>tempus.</strong></span> 
     </span>
    </p>
   </div>
   <div class='ocr_carea' id='block_1_60' title="bbox 2231 2965 3734 3036">
    <p class='ocr_par' dir='ltr' id='par_1_60' title="bbox 2231 2965 3734 3036">
     <span class='ocr_line' id='line_1_60' title="bbox 2231 2965 3734 3036; baseline 0.005 -16"><span class='ocrx_word' id='word_1_412' title='bbox 2231 2965 2344 3033; x_wconf 75' lang='lat'><strong>(36)</strong></span> <span class='ocrx_word' id='word_1_413' title='bbox 2399 2966 2714 3036; x_wconf 73' lang='lat' dir='ltr'><strong>Multiplices</strong></span> <span class='ocrx_word' id='word_1_414' title='bbox 2763 2975 2812 3020; x_wconf 82' lang='lat' dir='ltr'><strong>et</strong></span> <span class='ocrx_word' id='word_1_415' title='bbox 2864 2965 3102 3033; x_wconf 84' lang='lat' dir='ltr'><strong>obliquas</strong></span> <span class='ocrx_word' id='word_1_416' title='bbox 3141 2966 3379 3020; x_wconf 80' lang='lat' dir='ltr'><strong>rationes</strong></span> <span class='ocrx_word' id='word_1_417' title='bbox 3431 2968 3734 3036; x_wconf 72' lang='lat' dir='ltr'><strong>frustraudt</strong></span> 
     </span>
    </p>
   </div>
   <div class='ocr_carea' id='block_1_61' title="bbox 2163 3035 3729 3106">
    <p class='ocr_par' dir='ltr' id='par_1_61' title="bbox 2163 3035 3729 3106">
     <span class='ocr_line' id='line_1_61' title="bbox 2163 3035 3729 3106; baseline -0.001 -16"><span class='ocrx_word' id='word_1_418' title='bbox 2163 3037 2554 3106; x_wconf 85' lang='lat' dir='ltr'><strong>promissiones.</strong></span> <span class='ocrx_word' id='word_1_419' title='bbox 2577 3035 2984 3106; x_wconf 78' lang='lat' dir='ltr'><strong>Frustrationes</strong></span> <span class='ocrx_word' id='word_1_420' title='bbox 3008 3035 3438 3104; x_wconf 87' lang='lat' dir='ltr'><strong>promissionum</strong></span> <span class='ocrx_word' id='word_1_421' title='bbox 3459 3051 3615 3095; x_wconf 78' lang='lat' dir='ltr'><strong>vocat</strong></span> <span class='ocrx_word' id='word_1_422' title='bbox 3637 3043 3729 3098; x_wconf 81' lang='lat' dir='ltr'><strong>hic</strong></span> 
     </span>
    </p>
   </div>
   <div class='ocr_carea' id='block_1_62' title="bbox 2161 3105 3802 3174">
    <p class='ocr_par' dir='ltr' id='par_1_62' title="bbox 2161 3105 3802 3174">
     <span class='ocr_line' id='line_1_62' title="bbox 2161 3105 3802 3174; baseline 0.003 -12"><span class='ocrx_word' id='word_1_423' title='bbox 2161 3105 2285 3163; x_wconf 87' lang='lat' dir='ltr'><strong>cum</strong></span> <span class='ocrx_word' id='word_1_424' title='bbox 2313 3122 2374 3160; x_wconf 89' lang='lat' dir='ltr'><strong>ea</strong></span> <span class='ocrx_word' id='word_1_425' title='bbox 2408 3121 2530 3172; x_wconf 83' lang='lat' dir='ltr'><strong>quae</strong></span> <span class='ocrx_word' id='word_1_426' title='bbox 2567 3105 2836 3174; x_wconf 87' lang='lat' dir='ltr'><strong>promissa</strong></span> <span class='ocrx_word' id='word_1_427' title='bbox 2866 3114 2998 3158; x_wconf 90' lang='lat' dir='ltr'><strong>sunt</strong></span> <span class='ocrx_word' id='word_1_428' title='bbox 3027 3121 3134 3157; x_wconf 89' lang='lat' dir='ltr'><strong>non</strong></span> <span class='ocrx_word' id='word_1_429' title='bbox 3195 3106 3451 3162; x_wconf 86' lang='lat' dir='ltr'><strong>videntur</strong></span> <span class='ocrx_word' id='word_1_430' title='bbox 3488 3111 3554 3163; x_wconf 88' lang='lat' dir='ltr'><strong>ad</strong></span> <span class='ocrx_word' id='word_1_431' title='bbox 3618 3113 3734 3166; x_wconf 85' lang='lat' dir='ltr'><strong>exi-</strong></span> <span class='ocrx_word' id='word_1_432' title='bbox 3785 3137 3802 3142; x_wconf 50' lang='grc' dir='ltr'><strong>λλ</strong></span> 
     </span>
    </p>
   </div>
   <div class='ocr_carea' id='block_1_63' title="bbox 487 3174 3734 3245">
    <p class='ocr_par' dir='ltr' id='par_1_63' title="bbox 487 3174 3734 3245">
     <span class='ocr_line' id='line_1_63' title="bbox 487 3174 3734 3245; baseline 0 -12"><span class='ocrx_word' id='word_1_433' title='bbox 487 3174 738 3245; x_wconf 75' lang='lat' dir='ltr'><strong>subjecti.</strong></span> <span class='ocrx_word' id='word_1_434' title='bbox 769 3185 821 3230; x_wconf 87' lang='lat' dir='ltr'><strong>et</strong></span> <span class='ocrx_word' id='word_1_435' title='bbox 851 3179 1016 3245; x_wconf 86' lang='lat' dir='ltr'><strong>frenis</strong></span> <span class='ocrx_word' id='word_1_436' title='bbox 1043 3187 1315 3244; x_wconf 88' lang='lat' dir='ltr'><strong>parentes,</strong></span> <span class='ocrx_word' id='word_1_437' title='bbox 1337 3178 1406 3232; x_wconf 77' lang='lat' dir='ltr'><strong>ad</strong></span> <span class='ocrx_word' id='word_1_438' title='bbox 1436 3193 1599 3233; x_wconf 87' lang='lat' dir='ltr'><strong>omne</strong></span> <span class='ocrx_word' id='word_1_439' title='bbox 1621 3191 1823 3232; x_wconf 87' lang='lat' dir='ltr'><strong>munus</strong></span> <span class='ocrx_word' id='word_1_440' title='bbox 1848 3175 2053 3231; x_wconf 86' lang='lat' dir='ltr'><strong>celeres</strong></span> <span class='ocrx_word' id='word_1_441' title='bbox 2082 3180 2127 3238; x_wconf 76' lang='grc' dir='ltr'>ο</span> <span class='ocrx_word' id='word_1_442' title='bbox 2163 3187 2276 3231; x_wconf 88' lang='lat' dir='ltr'><strong>tttm</strong></span> <span class='ocrx_word' id='word_1_443' title='bbox 2309 3176 2592 3245; x_wconf 84' lang='lat' dir='ltr'><strong>perducta,</strong></span> <span class='ocrx_word' id='word_1_444' title='bbox 2625 3186 2897 3244; x_wconf 81' lang='lat' dir='ltr'><strong>quatenus</strong></span> <span class='ocrx_word' id='word_1_445' title='bbox 2949 3174 3136 3229; x_wconf 87' lang='lat' dir='ltr'><strong>sensui</strong></span> <span class='ocrx_word' id='word_1_446' title='bbox 3192 3187 3438 3244; x_wconf 85' lang='lat' dir='ltr'><strong>apparet,</strong></span> <span class='ocrx_word' id='word_1_447' title='bbox 3485 3189 3612 3235; x_wconf 89' lang='lat' dir='ltr'><strong>sunt</strong></span> <span class='ocrx_word' id='word_1_448' title='bbox 3653 3191 3734 3236; x_wconf 83' lang='lat' dir='ltr'><strong>ta-</strong></span> 
     </span>
    </p>
   </div>
   <div class='ocr_carea' id='block_1_64' title="bbox 487 3244 2060 3318">
    <p class='ocr_par' dir='ltr' id='par_1_64' title="bbox 487 3244 2060 3318">
     <span class='ocr_line' id='line_1_64' title="bbox 487 3244 2060 3318; baseline -0.001 -18"><span class='ocrx_word' id='word_1_449' title='bbox 487 3257 542 3318; x_wconf 79' lang='lat' dir='ltr'><strong>et</strong></span> <span class='ocrx_word' id='word_1_450' title='bbox 583 3244 844 3318; x_wconf 83' lang='lat' dir='ltr'><strong>prompti,</strong></span> <span class='ocrx_word' id='word_1_451' title='bbox 872 3244 1152 3318; x_wconf 74' lang='lat' dir='ltr'><strong>Christum</strong></span> <span class='ocrx_word' id='word_1_452' title='bbox 1187 3263 1288 3314; x_wconf 86' lang='lat' dir='ltr'><strong>pro</strong></span> <span class='ocrx_word' id='word_1_453' title='bbox 1316 3248 1504 3318; x_wconf 76' lang='lat' dir='ltr'><strong>auriga</strong></span> <span class='ocrx_word' id='word_1_454' title='bbox 1532 3249 1814 3318; x_wconf 79' lang='lat' dir='ltr'><strong>habentes,</strong></span> <span class='ocrx_word' id='word_1_455' title='bbox 1847 3261 1912 3301; x_wconf 82' lang='lat' dir='ltr'><strong>ex</strong></span> <span class='ocrx_word' id='word_1_456' title='bbox 1937 3247 2060 3318; x_wconf 55' lang='lat' dir='ltr'><strong>qui-</strong></span> 
     </span>
    </p>
   </div>
   <div class='ocr_carea' id='block_1_65' title="bbox 487 3314 2054 3386">
    <p class='ocr_par' dir='ltr' id='par_1_65' title="bbox 487 3314 2054 3386">
     <span class='ocr_line' id='line_1_65' title="bbox 487 3314 2054 3386; baseline -0.001 -17"><span class='ocrx_word' id='word_1_457' title='bbox 487 3314 590 3386; x_wconf 86' lang='lat' dir='ltr'><strong>bus</strong></span> <span class='ocrx_word' id='word_1_458' title='bbox 625 3317 725 3370; x_wconf 89' lang='lat' dir='ltr'><strong>fuit</strong></span> <span class='ocrx_word' id='word_1_459' title='bbox 757 3330 896 3386; x_wconf 82' lang='lat' dir='ltr'><strong>unus</strong></span> <span class='ocrx_word' id='word_1_460' title='bbox 922 3315 1142 3386; x_wconf 84' lang='lat' dir='ltr'><strong>Paulus,</strong></span> <span class='ocrx_word' id='word_1_461' title='bbox 1181 3319 1246 3369; x_wconf 89' lang='lat' dir='ltr'><strong>de</strong></span> <span class='ocrx_word' id='word_1_462' title='bbox 1301 3334 1410 3384; x_wconf 90' lang='lat' dir='ltr'><strong>quo</strong></span> <span class='ocrx_word' id='word_1_463' title='bbox 1444 3314 1579 3386; x_wconf 55' lang='lat' dir='ltr'><strong>&#39;ipse</strong></span> <span class='ocrx_word' id='word_1_464' title='bbox 1637 3317 1888 3373; x_wconf 76' lang='lat' dir='ltr'><strong>Christus</strong></span> <span class='ocrx_word' id='word_1_465' title='bbox 1943 3314 2012 3368; x_wconf 86' lang='lat' dir='ltr'><strong>ait</strong></span> <span class='ocrx_word' id='word_1_466' title='bbox 2041 3331 2054 3368; x_wconf 92' lang='lat'><strong>:</strong></span> 
     </span>
    </p>
   </div>
   <div class='ocr_carea' id='block_1_66' title="bbox 491 3385 2052 3454">
    <p class='ocr_par' dir='ltr' id='par_1_66' title="bbox 491 3385 2052 3454">
     <span class='ocr_line' id='line_1_66' title="bbox 491 3385 2052 3454; baseline -0.003 -15"><span class='ocrx_word' id='word_1_467' title='bbox 491 3385 598 3440; x_wconf 84' lang='lat' dir='ltr'><strong>Vas</strong></span> <span class='ocrx_word' id='word_1_468' title='bbox 632 3385 922 3440; x_wconf 84' lang='lat' dir='ltr'><strong>electionis</strong></span> <span class='ocrx_word' id='word_1_469' title='bbox 951 3385 1082 3437; x_wconf 89' lang='lat' dir='ltr'><strong>mihi</strong></span> <span class='ocrx_word' id='word_1_470' title='bbox 1109 3396 1190 3439; x_wconf 90' lang='lat' dir='ltr'><strong>est</strong></span> <span class='ocrx_word' id='word_1_471' title='bbox 1221 3387 1330 3446; x_wconf 81' lang='lat' dir='ltr'><strong>hic.</strong></span> <span class='ocrx_word' id='word_1_472' title='bbox 1359 3397 1419 3439; x_wconf 91' lang='lat' dir='ltr'><strong>ut</strong></span> <span class='ocrx_word' id='word_1_473' title='bbox 1448 3385 1624 3454; x_wconf 86' lang='lat' dir='ltr'><strong>portet</strong></span> <span class='ocrx_word' id='word_1_474' title='bbox 1644 3400 1842 3440; x_wconf 88' lang='lat' dir='ltr'><strong>nomen</strong></span> <span class='ocrx_word' id='word_1_475' title='bbox 1870 3399 2052 3438; x_wconf 87' lang='lat' dir='ltr'><strong>meum</strong></span> 
     </span>
    </p>
   </div>
   <div class='ocr_carea' id='block_1_67' title="bbox 483 3455 2061 3527">
    <p class='ocr_par' dir='ltr' id='par_1_67' title="bbox 483 3455 2061 3527">
     <span class='ocr_line' id='line_1_67' title="bbox 483 3455 2061 3527; baseline -0.001 -19"><span class='ocrx_word' id='word_1_476' title='bbox 483 3471 669 3508; x_wconf 84' lang='lat' dir='ltr'><strong>coram</strong></span> <span class='ocrx_word' id='word_1_477' title='bbox 694 3456 967 3527; x_wconf 78' lang='lat' dir='ltr'><strong>gentibus.</strong></span> <span class='ocrx_word' id='word_1_478' title='bbox 995 3455 1133 3521; x_wconf 80' lang='lat' dir='ltr'><strong>(Act.</strong></span> <span class='ocrx_word' id='word_1_479' title='bbox 1168 3472 1240 3518; x_wconf 81' lang='lat' dir='ltr'><strong>ts,</strong></span> <span class='ocrx_word' id='word_1_480' title='bbox 1275 3456 1388 3527; x_wconf 85' lang='grc'><strong>15.)</strong></span> <span class='ocrx_word' id='word_1_481' title='bbox 1417 3455 1480 3510; x_wconf 86' lang='grc' dir='ltr'>Ει</span> <span class='ocrx_word' id='word_1_482' title='bbox 1508 3459 1784 3526; x_wconf 88' lang='lat' dir='ltr'><strong>equitatus</strong></span> <span class='ocrx_word' id='word_1_483' title='bbox 1811 3464 1940 3508; x_wconf 92' lang='lat' dir='ltr'><strong>tuus</strong></span> <span class='ocrx_word' id='word_1_484' title='bbox 1970 3469 2061 3507; x_wconf 88' lang='lat' dir='ltr'><strong>sa-</strong></span> 
     </span>
    </p>
   </div>
   <div class='ocr_carea' id='block_1_68' title="bbox 487 3525 2060 3588">
    <p class='ocr_par' dir='ltr' id='par_1_68' title="bbox 487 3525 2060 3588">
     <span class='ocr_line' id='line_1_68' title="bbox 487 3525 2060 3588; baseline -0.003 -11"><span class='ocrx_word' id='word_1_485' title='bbox 487 3527 592 3578; x_wconf 67' lang='grc' dir='ltr'>Ιιιτι.</span> <span class='ocrx_word' id='word_1_486' title='bbox 629 3525 935 3578; x_wconf 74' lang='lat' dir='ltr'><strong>(Zurrebant</strong></span> <span class='ocrx_word' id='word_1_487' title='bbox 961 3527 1105 3577; x_wconf 83' lang='lat' dir='ltr'><strong>enim</strong></span> <span class='ocrx_word' id='word_1_488' title='bbox 1152 3541 1258 3578; x_wconf 87' lang='lat' dir='ltr'><strong>non</strong></span> <span class='ocrx_word' id='word_1_489' title='bbox 1288 3525 1509 3588; x_wconf 74' lang='lat' dir='ltr'><strong>frustra,</strong></span> <span class='ocrx_word' id='word_1_490' title='bbox 1561 3525 1652 3581; x_wconf 80' lang='lat' dir='ltr'><strong>sed</strong></span> <span class='ocrx_word' id='word_1_491' title='bbox 1687 3535 1746 3579; x_wconf 88' lang='lat' dir='ltr'><strong>ut</strong></span> <span class='ocrx_word' id='word_1_492' title='bbox 1777 3531 2060 3579; x_wconf 86' lang='lat' dir='ltr'><strong>servarent</strong></span> 
     </span>
    </p>
   </div>
   <div class='ocr_carea' id='block_1_69' title="bbox 487 3593 1736 3678">
    <p class='ocr_par' dir='ltr' id='par_1_69' title="bbox 487 3593 1736 3678">
     <span class='ocr_line' id='line_1_69' title="bbox 487 3593 1736 3678; baseline 0 -30"><span class='ocrx_word' id='word_1_493' title='bbox 487 3596 738 3678; x_wconf 39' lang='lat' dir='ltr'><strong>civi&#39;iateg</strong></span> <span class='ocrx_word' id='word_1_494' title='bbox 773 3605 822 3646; x_wconf 87' lang='lat' dir='ltr'><strong>et</strong></span> <span class='ocrx_word' id='word_1_495' title='bbox 869 3595 1136 3678; x_wconf 63' lang='lat' dir='ltr'><strong>regiones:</strong></span> <span class='ocrx_word' id='word_1_496' title='bbox 1172 3593 1444 3651; x_wconf 79' lang='lat' dir='ltr'><strong>I-Iacteuus</strong></span> <span class='ocrx_word' id='word_1_497' title='bbox 1471 3597 1736 3678; x_wconf 75' lang='lat' dir='ltr'><strong>Cyriltus.</strong></span> 
     </span>
    </p>
   </div>
   <div class='ocr_carea' id='block_1_70' title="bbox 561 3662 2060 3734">
    <p class='ocr_par' dir='ltr' id='par_1_70' title="bbox 561 3662 2060 3734">
     <span class='ocr_line' id='line_1_70' title="bbox 561 3662 2060 3734; baseline 0 -18"><span class='ocrx_word' id='word_1_498' title='bbox 561 3665 670 3732; x_wconf 70' lang='grc'>(26)</span> <span class='ocrx_word' id='word_1_499' title='bbox 699 3663 919 3718; x_wconf 71' lang='lat' dir='ltr'><strong>Curras.</strong></span> <span class='ocrx_word' id='word_1_500' title='bbox 947 3662 1318 3733; x_wconf 76' lang='lat' dir='ltr'><strong>Angeli&#39;suut,</strong></span> <span class='ocrx_word' id='word_1_501' title='bbox 1352 3681 1489 3734; x_wconf 91' lang='lat' dir='ltr'><strong>quos</strong></span> <span class='ocrx_word' id='word_1_502' title='bbox 1516 3662 1568 3720; x_wconf 86' lang='lat' dir='ltr'><strong>in</strong></span> <span class='ocrx_word' id='word_1_503' title='bbox 1614 3667 1832 3720; x_wconf 86' lang='lat' dir='ltr'><strong>modum</strong></span> <span class='ocrx_word' id='word_1_504' title='bbox 1861 3677 2060 3717; x_wconf 88' lang='lat' dir='ltr'><strong>currus</strong></span> 
     </span>
    </p>
   </div>
   <div class='ocr_carea' id='block_1_71' title="bbox 493 3733 2056 3804">
    <p class='ocr_par' dir='ltr' id='par_1_71' title="bbox 493 3733 2056 3804">
     <span class='ocr_line' id='line_1_71' title="bbox 493 3733 2056 3804; baseline -0.002 -18"><span class='ocrx_word' id='word_1_505' title='bbox 493 3734 768 3800; x_wconf 83' lang='lat' dir='ltr'><strong>Scriptura</strong></span> <span class='ocrx_word' id='word_1_506' title='bbox 805 3735 1029 3804; x_wconf 65' lang='lat' dir='ltr'><strong>figurat,</strong></span> <span class='ocrx_word' id='word_1_507' title='bbox 1080 3733 1168 3786; x_wconf 70' lang='grc' dir='ltr'><strong>διὰ</strong></span> <span class='ocrx_word' id='word_1_508' title='bbox 1197 3735 1294 3804; x_wconf 84' lang='grc' dir='ltr'><strong>τὴν</strong></span> <span class='ocrx_word' id='word_1_509' title='bbox 1337 3736 1660 3804; x_wconf 79' lang='grc' dir='ltr'><strong>συζευτικὴν</strong></span> <span class='ocrx_word' id='word_1_510' title='bbox 1695 3735 1806 3786; x_wconf 75' lang='grc' dir='ltr'><strong>τῶν</strong></span> <span class='ocrx_word' id='word_1_511' title='bbox 1855 3736 2056 3802; x_wconf 71' lang='grc' dir='ltr'><strong>ὁμοτα-</strong></span> 
     </span>
    </p>
   </div>
   <div class='ocr_carea' id='block_1_72' title="bbox 491 3803 2058 3884">
    <p class='ocr_par' dir='ltr' id='par_1_72' title="bbox 491 3803 2058 3884">
     <span class='ocr_line' id='line_1_72' title="bbox 491 3803 2058 3884; baseline 0.002 -31"><span class='ocrx_word' id='word_1_512' title='bbox 491 3805 608 3884; x_wconf 49' lang='lat' dir='ltr'><strong>}th</strong></span> <span class='ocrx_word' id='word_1_513' title='bbox 640 3803 1034 3884; x_wconf 26' lang='lat' dir='ltr'><strong>xmvwviavtid</strong></span> <span class='ocrx_word' id='word_1_514' title='bbox 1068 3813 1168 3866; x_wconf 91' lang='lat' dir='ltr'><strong>est,</strong></span> <span class='ocrx_word' id='word_1_515' title='bbox 1205 3803 1420 3884; x_wconf 79' lang='lat' dir='ltr'><strong>propter</strong></span> <span class='ocrx_word' id='word_1_516' title='bbox 1451 3803 1891 3884; x_wconf 72' lang='lat' dir='ltr'><strong>communionem</strong></span> <span class='ocrx_word' id='word_1_517' title='bbox 1922 3817 2058 3884; x_wconf 75' lang='lat' dir='ltr'><strong>cott-</strong></span> 
     </span>
    </p>
   </div>
   <div class='ocr_carea' id='block_1_73' title="bbox 485 3872 2055 3945">
    <p class='ocr_par' dir='ltr' id='par_1_73' title="bbox 485 3872 2055 3945">
     <span class='ocr_line' id='line_1_73' title="bbox 485 3872 2055 3945; baseline -0.004 -19"><span class='ocrx_word' id='word_1_518' title='bbox 485 3872 804 3945; x_wconf 78' lang='lat' dir='ltr'><strong>jungeutem</strong></span> <span class='ocrx_word' id='word_1_519' title='bbox 852 3874 1074 3945; x_wconf 48' lang='lat' dir='ltr'><strong>Ordines</strong></span> <span class='ocrx_word' id='word_1_520' title='bbox 1124 3872 1218 3942; x_wconf 87' lang='lat' dir='ltr'><strong>qui</strong></span> <span class='ocrx_word' id='word_1_521' title='bbox 1264 3883 1390 3928; x_wconf 79' lang='lat' dir='ltr'><strong>sunt</strong></span> <span class='ocrx_word' id='word_1_522' title='bbox 1417 3876 1660 3945; x_wconf 79' lang='lat' dir='ltr'><strong>ejusdem</strong></span> <span class='ocrx_word' id='word_1_523' title='bbox 1710 3872 2055 3945; x_wconf 63' lang='lat' dir='ltr'><strong>literarchim,</strong></span> 
     </span>
    </p>
   </div>
   <div class='ocr_carea' id='block_1_74' title="bbox 501 3939 2058 4012">
    <p class='ocr_par' dir='ltr' id='par_1_74' title="bbox 501 3939 2058 4012">
     <span class='ocr_line' id='line_1_74' title="bbox 501 3939 2058 4012; baseline -0.002 -18"><span class='ocrx_word' id='word_1_524' title='bbox 501 3955 560 3994; x_wconf 92' lang='lat' dir='ltr'><strong>ut</strong></span> <span class='ocrx_word' id='word_1_525' title='bbox 601 3939 686 3994; x_wconf 16' lang='lat' dir='ltr'><strong>fait</strong></span> <span class='ocrx_word' id='word_1_526' title='bbox 712 3941 879 4012; x_wconf 85' lang='lat' dir='ltr'><strong>idem_</strong></span> <span class='ocrx_word' id='word_1_527' title='bbox 915 3939 1027 4012; x_wconf 71' lang='lat' dir='ltr'><strong>Dio:</strong></span> <span class='ocrx_word' id='word_1_528' title='bbox 1053 3939 1202 4012; x_wconf 80' lang='lat' dir='ltr'><strong>ysius</strong></span> <span class='ocrx_word' id='word_1_529' title='bbox 1239 3946 1290 4012; x_wconf 88' lang='lat' dir='ltr'><strong>in</strong></span> <span class='ocrx_word' id='word_1_530' title='bbox 1335 3939 1578 3998; x_wconf 62' lang='lat' dir='ltr'><strong>extremo</strong></span> <span class='ocrx_word' id='word_1_531' title='bbox 1602 3943 1781 4012; x_wconf 85' lang='lat' dir='ltr'><strong>capite</strong></span> <span class='ocrx_word' id='word_1_532' title='bbox 1819 3941 2058 4012; x_wconf 71' lang='lat' dir='ltr'><strong>Cwleslis</strong></span> 
     </span>
    </p>
   </div>
   <div class='ocr_carea' id='block_1_75' title="bbox 492 4009 2058 4082">
    <p class='ocr_par' dir='ltr' id='par_1_75' title="bbox 492 4009 2058 4082">
     <span class='ocr_line' id='line_1_75' title="bbox 492 4009 2058 4082; baseline -0.001 -18"><span class='ocrx_word' id='word_1_533' title='bbox 492 4011 818 4065; x_wconf 65' lang='lat' dir='ltr'><strong>liierarchia&#39;.</strong></span> <span class='ocrx_word' id='word_1_534' title='bbox 854 4010 994 4064; x_wconf 87' lang='lat' dir='ltr'><strong>Psal.</strong></span> <span class='ocrx_word' id='word_1_535' title='bbox 1024 4009 1169 4066; x_wconf 62' lang='lat' dir='ltr'><strong>L&#39;xrn</strong></span> <span class='ocrx_word' id='word_1_536' title='bbox 1197 4032 1210 4066; x_wconf 91' lang='lat'><strong>:</strong></span> <span class='ocrx_word' id='word_1_537' title='bbox 1243 4011 1452 4069; x_wconf 75' lang='lat' dir='ltr'><strong>CUI&#39;I&#39;US</strong></span> <span class='ocrx_word' id='word_1_538' title='bbox 1485 4017 1574 4069; x_wconf 88' lang='lat' dir='ltr'><strong>Dei</strong></span> <span class='ocrx_word' id='word_1_539' title='bbox 1600 4009 1903 4082; x_wconf 77' lang='lat' dir='ltr'><strong>multiplex,</strong></span> <span class='ocrx_word' id='word_1_540' title='bbox 1936 4009 2058 4063; x_wconf 81' lang='lat' dir='ltr'><strong>titil-</strong></span> 
     </span>
    </p>
   </div>
   <div class='ocr_carea' id='block_1_76' title="bbox 492 4082 909 4135">
    <p class='ocr_par' dir='ltr' id='par_1_76' title="bbox 492 4082 909 4135">
     <span class='ocr_line' id='line_1_76' title="bbox 492 4082 909 4135; baseline -0.01 0"><span class='ocrx_word' id='word_1_541' title='bbox 492 4082 563 4135; x_wconf 87' lang='lat' dir='ltr'><strong>lia</strong></span> <span class='ocrx_word' id='word_1_542' title='bbox 593 4082 909 4133; x_wconf 66' lang='lat' dir='ltr'><strong>laetantium.</strong></span> 
     </span>
    </p>
   </div>
   <div class='ocr_carea' id='block_1_77' title="bbox 563 4148 2052 4222">
    <p class='ocr_par' dir='ltr' id='par_1_77' title="bbox 563 4148 2052 4222">
     <span class='ocr_line' id='line_1_77' title="bbox 563 4148 2052 4222; baseline -0.001 -19"><span class='ocrx_word' id='word_1_543' title='bbox 563 4152 676 4221; x_wconf 79' lang='lat'><strong>(27)</strong></span> <span class='ocrx_word' id='word_1_544' title='bbox 706 4148 863 4222; x_wconf 78' lang='lat' dir='ltr'><strong>Sedes</strong></span> <span class='ocrx_word' id='word_1_545' title='bbox 892 4150 953 4202; x_wconf 76' lang='grc' dir='ltr'><strong>τὸ</strong></span> <span class='ocrx_word' id='word_1_546' title='bbox 993 4152 1272 4222; x_wconf 72' lang='grc' dir='ltr'><strong>κριτήριον</strong></span> <span class='ocrx_word' id='word_1_547' title='bbox 1307 4151 1422 4216; x_wconf 88' lang='lat' dir='ltr'><strong>Dei,</strong></span> <span class='ocrx_word' id='word_1_548' title='bbox 1455 4153 1509 4206; x_wconf 87' lang='lat' dir='ltr'><strong>id</strong></span> <span class='ocrx_word' id='word_1_549' title='bbox 1548 4160 1654 4218; x_wconf 87' lang='lat' dir='ltr'><strong>est,</strong></span> <span class='ocrx_word' id='word_1_550' title='bbox 1677 4150 1945 4218; x_wconf 87' lang='lat' dir='ltr'><strong>judicium</strong></span> <span class='ocrx_word' id='word_1_551' title='bbox 1976 4149 2052 4203; x_wconf 85' lang='lat' dir='ltr'><strong>si-</strong></span> 
     </span>
    </p>
   </div>
   <div class='ocr_carea' id='block_1_78' title="bbox 489 4221 1076 4292">
    <p class='ocr_par' dir='ltr' id='par_1_78' title="bbox 489 4221 1076 4292">
     <span class='ocr_line' id='line_1_78' title="bbox 489 4221 1076 4292; baseline 0 -20"><span class='ocrx_word' id='word_1_552' title='bbox 489 4224 774 4292; x_wconf 71' lang='lat' dir='ltr'><strong>gnificatur</strong></span> <span class='ocrx_word' id='word_1_553' title='bbox 810 4221 942 4292; x_wconf 74' lang='lat' dir='ltr'><strong>Dan.</strong></span> <span class='ocrx_word' id='word_1_554' title='bbox 980 4235 1076 4292; x_wconf 61' lang='grc' dir='ltr'><strong>ιιι]3</strong></span> 
     </span>
    </p>
   </div>
   <div class='ocr_carea' id='block_1_79' title="bbox 561 4288 2058 4364">
    <p class='ocr_par' dir='ltr' id='par_1_79' title="bbox 561 4288 2058 4364">
     <span class='ocr_line' id='line_1_79' title="bbox 561 4288 2058 4364; baseline 0.001 -24"><span class='ocrx_word' id='word_1_555' title='bbox 561 4291 672 4364; x_wconf 66' lang='lat'><strong>(28)</strong></span> <span class='ocrx_word' id='word_1_556' title='bbox 706 4289 1004 4364; x_wconf 28' lang='lat' dir='ltr'><strong>Convivia.”</strong></span> <span class='ocrx_word' id='word_1_557' title='bbox 1032 4288 1098 4343; x_wconf 89' lang='lat' dir='ltr'><strong>Ut</strong></span> <span class='ocrx_word' id='word_1_558' title='bbox 1127 4300 1209 4345; x_wconf 90' lang='lat' dir='ltr'><strong>est</strong></span> <span class='ocrx_word' id='word_1_559' title='bbox 1249 4295 1305 4348; x_wconf 90' lang='lat' dir='ltr'><strong>in</strong></span> <span class='ocrx_word' id='word_1_560' title='bbox 1335 4293 1815 4364; x_wconf 13' lang='lat' dir='ltr'><strong>Evangelio.rcu_m</strong></span> <span class='ocrx_word' id='word_1_561' title='bbox 1856 4289 2058 4344; x_wconf 87' lang='lat' dir='ltr'><strong>vitulos</strong></span> 
     </span>
    </p>
   </div>
   <div class='ocr_carea' id='block_1_80' title="bbox 490 4360 2057 4426">
    <p class='ocr_par' dir='ltr' id='par_1_80' title="bbox 490 4360 2057 4426">
     <span class='ocr_line' id='line_1_80' title="bbox 490 4360 2057 4426; baseline 0.001 -16"><span class='ocrx_word' id='word_1_562' title='bbox 490 4361 760 4413; x_wconf 84' lang='lat' dir='ltr'><strong>occiditur</strong></span> <span class='ocrx_word' id='word_1_563' title='bbox 798 4363 851 4412; x_wconf 90' lang='lat' dir='ltr'><strong>iu</strong></span> <span class='ocrx_word' id='word_1_564' title='bbox 894 4360 1071 4412; x_wconf 86' lang='lat' dir='ltr'><strong>reditu</strong></span> <span class='ocrx_word' id='word_1_565' title='bbox 1116 4364 1208 4415; x_wconf 89' lang='lat' dir='ltr'><strong>lilii</strong></span> <span class='ocrx_word' id='word_1_566' title='bbox 1249 4360 1542 4426; x_wconf 77' lang='lat' dir='ltr'><strong>luxuriosi,</strong></span> <span class='ocrx_word' id='word_1_567' title='bbox 1581 4374 1635 4416; x_wconf 78' lang='lat' dir='ltr'><strong>et</strong></span> <span class='ocrx_word' id='word_1_568' title='bbox 1667 4363 1718 4414; x_wconf 92' lang='lat' dir='ltr'><strong>in</strong></span> <span class='ocrx_word' id='word_1_569' title='bbox 1755 4360 1888 4416; x_wconf 86' lang='lat' dir='ltr'><strong>Luc.</strong></span> <span class='ocrx_word' id='word_1_570' title='bbox 1923 4375 2057 4422; x_wconf 78' lang='lat' dir='ltr'><strong>xm,</strong></span> 
     </span>
    </p>
   </div>
   <div class='ocr_carea' id='block_1_81' title="bbox 493 4428 1948 4499">
    <p class='ocr_par' dir='ltr' id='par_1_81' title="bbox 493 4428 1948 4499">
     <span class='ocr_line' id='line_1_81' title="bbox 493 4428 1948 4499; baseline -0.001 -15"><span class='ocrx_word' id='word_1_571' title='bbox 493 4429 562 4484; x_wconf 91' lang='lat' dir='ltr'><strong>Ut</strong></span> <span class='ocrx_word' id='word_1_572' title='bbox 588 4432 762 4483; x_wconf 74' lang='lat' dir='ltr'><strong>citatis</strong></span> <span class='ocrx_word' id='word_1_573' title='bbox 797 4439 846 4484; x_wconf 88' lang='lat' dir='ltr'><strong>et</strong></span> <span class='ocrx_word' id='word_1_574' title='bbox 883 4428 1085 4483; x_wconf 79' lang='lat' dir='ltr'><strong>bibatis</strong></span> <span class='ocrx_word' id='word_1_575' title='bbox 1115 4446 1280 4499; x_wconf 91' lang='lat' dir='ltr'><strong>super</strong></span> <span class='ocrx_word' id='word_1_576' title='bbox 1316 4449 1561 4487; x_wconf 86' lang='lat' dir='ltr'><strong>mensam</strong></span> <span class='ocrx_word' id='word_1_577' title='bbox 1598 4447 1796 4495; x_wconf 87' lang='lat' dir='ltr'><strong>meam,</strong></span> <span class='ocrx_word' id='word_1_578' title='bbox 1839 4443 1948 4484; x_wconf 88' lang='lat' dir='ltr'><strong>etc.</strong></span> 
     </span>
    </p>
   </div>
   <div class='ocr_carea' id='block_1_82' title="bbox 2165 3245 3730 3317">
    <p class='ocr_par' dir='ltr' id='par_1_82' title="bbox 2165 3245 3730 3317">
     <span class='ocr_line' id='line_1_82' title="bbox 2165 3245 3730 3317; baseline 0.004 -17"><span class='ocrx_word' id='word_1_579' title='bbox 2165 3262 2288 3300; x_wconf 88' lang='lat' dir='ltr'><strong>tuen</strong></span> <span class='ocrx_word' id='word_1_580' title='bbox 2320 3245 2621 3317; x_wconf 87' lang='lat' dir='ltr'><strong>secundum</strong></span> <span class='ocrx_word' id='word_1_581' title='bbox 2673 3245 2976 3317; x_wconf 72' lang='lat' dir='ltr'><strong>perfectam</strong></span> <span class='ocrx_word' id='word_1_582' title='bbox 3015 3246 3427 3317; x_wconf 79' lang='lat' dir='ltr'><strong>intelligentiam</strong></span> <span class='ocrx_word' id='word_1_583' title='bbox 3482 3252 3730 3317; x_wconf 85' lang='lat' dir='ltr'><strong>spiritus,</strong></span> 
     </span>
    </p>
   </div>
   <div class='ocr_carea' id='block_1_83' title="bbox 2161 3313 3735 3384">
    <p class='ocr_par' dir='ltr' id='par_1_83' title="bbox 2161 3313 3735 3384">
     <span class='ocr_line' id='line_1_83' title="bbox 2161 3313 3735 3384; baseline 0.004 -14"><span class='ocrx_word' id='word_1_584' title='bbox 2161 3325 2223 3370; x_wconf 89' lang='lat' dir='ltr'><strong>ut</strong></span> <span class='ocrx_word' id='word_1_585' title='bbox 2259 3317 2405 3384; x_wconf 88' lang='lat' dir='ltr'><strong>quod</strong></span> <span class='ocrx_word' id='word_1_586' title='bbox 2443 3313 2773 3384; x_wconf 83' lang='lat' dir='ltr'><strong>promisSum</strong></span> <span class='ocrx_word' id='word_1_587' title='bbox 2813 3315 2911 3368; x_wconf 87' lang='lat' dir='ltr'><strong>fuit</strong></span> <span class='ocrx_word' id='word_1_588' title='bbox 2947 3313 3140 3378; x_wconf 68' lang='lat' dir='ltr'><strong>Iacob,</strong></span> <span class='ocrx_word' id='word_1_589' title='bbox 3178 3316 3298 3370; x_wconf 87' lang='lat' dir='ltr'><strong>Eris</strong></span> <span class='ocrx_word' id='word_1_590' title='bbox 3334 3313 3590 3375; x_wconf 38' lang='lat' dir='ltr'><strong>domin-us</strong></span> <span class='ocrx_word' id='word_1_591' title='bbox 3625 3313 3735 3376; x_wconf 51' lang='lat' dir='ltr'><strong>fraL</strong></span> 
     </span>
    </p>
   </div>
   <div class='ocr_carea' id='block_1_84' title="bbox 2162 3384 3728 3460">
    <p class='ocr_par' dir='ltr' id='par_1_84' title="bbox 2162 3384 3728 3460">
     <span class='ocr_line' id='line_1_84' title="bbox 2162 3384 3728 3460; baseline 0.017 -23"><span class='ocrx_word' id='word_1_592' title='bbox 2162 3389 2264 3460; x_wconf 80' lang='lat' dir='ltr'><strong>tris</strong></span> <span class='ocrx_word' id='word_1_593' title='bbox 2300 3386 2400 3447; x_wconf 83' lang='lat' dir='ltr'><strong>liti,</strong></span> <span class='ocrx_word' id='word_1_594' title='bbox 2451 3385 2733 3460; x_wconf 78' lang='lat' dir='ltr'><strong>impletum</strong></span> <span class='ocrx_word' id='word_1_595' title='bbox 2768 3396 2854 3460; x_wconf 76' lang='lat' dir='ltr'><strong>est</strong></span> <span class='ocrx_word' id='word_1_596' title='bbox 2888 3385 2941 3438; x_wconf 88' lang='lat' dir='ltr'><strong>iu</strong></span> <span class='ocrx_word' id='word_1_597' title='bbox 2993 3384 3212 3460; x_wconf 65' lang='lat' dir='ltr'><strong>Christo</strong></span> <span class='ocrx_word' id='word_1_598' title='bbox 3246 3402 3309 3460; x_wconf 66' lang='grc' dir='ltr'><strong>εξ(</strong></span> <span class='ocrx_word' id='word_1_599' title='bbox 3341 3390 3548 3443; x_wconf 71' lang='grc' dir='ltr'><strong>εοηιίιὶθ</strong></span> <span class='ocrx_word' id='word_1_600' title='bbox 3572 3395 3728 3460; x_wconf 53' lang='lat' dir='ltr'><strong>“ius:</strong></span> 
     </span>
    </p>
   </div>
   <div class='ocr_carea' id='block_1_85' title="bbox 2161 3455 3734 3526">
    <p class='ocr_par' dir='ltr' id='par_1_85' title="bbox 2161 3455 3734 3526">
     <span class='ocr_line' id='line_1_85' title="bbox 2161 3455 3734 3526; baseline 0.002 -15"><span class='ocrx_word' id='word_1_601' title='bbox 2161 3457 2306 3511; x_wconf 88' lang='lat' dir='ltr'><strong>sicut</strong></span> <span class='ocrx_word' id='word_1_602' title='bbox 2357 3455 2748 3526; x_wconf 78' lang='lat' dir='ltr'><strong>pmmissioues</strong></span> <span class='ocrx_word' id='word_1_603' title='bbox 2801 3455 2955 3508; x_wconf 66' lang='lat' dir='ltr'><strong>facta-</strong></span> <span class='ocrx_word' id='word_1_604' title='bbox 3003 3457 3232 3510; x_wconf 66' lang='lat' dir='ltr'><strong>Abrahae</strong></span> <span class='ocrx_word' id='word_1_605' title='bbox 3266 3457 3332 3526; x_wconf 86' lang='lat' dir='ltr'><strong>de</strong></span> <span class='ocrx_word' id='word_1_606' title='bbox 3385 3455 3734 3526; x_wconf 78' lang='lat' dir='ltr'><strong>possessione</strong></span> 
     </span>
    </p>
   </div>
   <div class='ocr_carea' id='block_1_86' title="bbox 2164 3524 3732 3594">
    <p class='ocr_par' dir='ltr' id='par_1_86' title="bbox 2164 3524 3732 3594">
     <span class='ocr_line' id='line_1_86' title="bbox 2164 3524 3732 3594; baseline 0.007 -18"><span class='ocrx_word' id='word_1_607' title='bbox 2164 3535 2341 3594; x_wconf 66' lang='lat' dir='ltr'><strong>terrae,</strong></span> <span class='ocrx_word' id='word_1_608' title='bbox 2386 3535 2441 3578; x_wconf 91' lang='lat' dir='ltr'><strong>et</strong></span> <span class='ocrx_word' id='word_1_609' title='bbox 2472 3524 2854 3578; x_wconf 78' lang='lat' dir='ltr'><strong>benedictione</strong></span> <span class='ocrx_word' id='word_1_610' title='bbox 2883 3525 3152 3594; x_wconf 74' lang='lat' dir='ltr'><strong>gentium,</strong></span> <span class='ocrx_word' id='word_1_611' title='bbox 3184 3539 3238 3577; x_wconf 82' lang='lat' dir='ltr'><strong>et</strong></span> <span class='ocrx_word' id='word_1_612' title='bbox 3280 3524 3436 3579; x_wconf 73' lang='lat' dir='ltr'><strong>factm</strong></span> <span class='ocrx_word' id='word_1_613' title='bbox 3481 3529 3646 3584; x_wconf 83' lang='lat' dir='ltr'><strong>David</strong></span> <span class='ocrx_word' id='word_1_614' title='bbox 3681 3543 3732 3587; x_wconf 74' lang='lat' dir='ltr'><strong>ot</strong></span> 
     </span>
    </p>
   </div>
   <div class='ocr_carea' id='block_1_87' title="bbox 2164 3593 3733 3665">
    <p class='ocr_par' dir='ltr' id='par_1_87' title="bbox 2164 3593 3733 3665">
     <span class='ocr_line' id='line_1_87' title="bbox 2164 3593 3733 3665; baseline 0.003 -17"><span class='ocrx_word' id='word_1_615' title='bbox 2164 3593 2443 3649; x_wconf 84' lang='lat' dir='ltr'><strong>Salomoni</strong></span> <span class='ocrx_word' id='word_1_616' title='bbox 2471 3595 2537 3648; x_wconf 80' lang='lat' dir='ltr'><strong>de</strong></span> <span class='ocrx_word' id='word_1_617' title='bbox 2577 3595 2726 3664; x_wconf 74' lang='lat' dir='ltr'><strong>regni</strong></span> <span class='ocrx_word' id='word_1_618' title='bbox 2763 3593 3140 3665; x_wconf 75' lang='lat' dir='ltr'><strong>perpetuitate.</strong></span> <span class='ocrx_word' id='word_1_619' title='bbox 3179 3595 3444 3661; x_wconf 82' lang='lat' dir='ltr'><strong>Obliquas</strong></span> <span class='ocrx_word' id='word_1_620' title='bbox 3476 3615 3606 3665; x_wconf 67' lang='lat' dir='ltr'><strong>ergo</strong></span> <span class='ocrx_word' id='word_1_621' title='bbox 3638 3617 3733 3653; x_wconf 80' lang='lat' dir='ltr'><strong>ve-</strong></span> 
     </span>
    </p>
   </div>
   <div class='ocr_carea' id='block_1_88' title="bbox 2162 3663 3730 3733">
    <p class='ocr_par' dir='ltr' id='par_1_88' title="bbox 2162 3663 3730 3733">
     <span class='ocr_line' id='line_1_88' title="bbox 2162 3663 3730 3733; baseline 0.004 -15"><span class='ocrx_word' id='word_1_622' title='bbox 2162 3673 2251 3718; x_wconf 83' lang='lat' dir='ltr'><strong>cat</strong></span> <span class='ocrx_word' id='word_1_623' title='bbox 2305 3663 2914 3731; x_wconf 15' lang='lat' dir='ltr'><strong>hujusmodirratimies</strong></span> <span class='ocrx_word' id='word_1_624' title='bbox 2965 3663 3261 3718; x_wconf 86' lang='lat' dir='ltr'><strong>frustrandi</strong></span> <span class='ocrx_word' id='word_1_625' title='bbox 3317 3663 3730 3733; x_wconf 70' lang='lat' dir='ltr'><strong>proruissiones.</strong></span> 
     </span>
    </p>
   </div>
   <div class='ocr_carea' id='block_1_89' title="bbox 2162 3734 3729 3802">
    <p class='ocr_par' dir='ltr' id='par_1_89' title="bbox 2162 3734 3729 3802">
     <span class='ocr_line' id='line_1_89' title="bbox 2162 3734 3729 3802; baseline 0.002 -16"><span class='ocrx_word' id='word_1_626' title='bbox 2162 3734 2286 3802; x_wconf 82' lang='lat' dir='ltr'><strong>quia</strong></span> <span class='ocrx_word' id='word_1_627' title='bbox 2322 3751 2426 3802; x_wconf 86' lang='lat' dir='ltr'><strong>nou</strong></span> <span class='ocrx_word' id='word_1_628' title='bbox 2459 3734 2680 3787; x_wconf 88' lang='lat' dir='ltr'><strong>fuerttut</strong></span> <span class='ocrx_word' id='word_1_629' title='bbox 2712 3735 3106 3801; x_wconf 80' lang='lat' dir='ltr'><strong>promissioncs</strong></span> <span class='ocrx_word' id='word_1_630' title='bbox 3131 3736 3335 3789; x_wconf 86' lang='lat' dir='ltr'><strong>directe</strong></span> <span class='ocrx_word' id='word_1_631' title='bbox 3372 3738 3436 3788; x_wconf 87' lang='lat' dir='ltr'><strong>ad</strong></span> <span class='ocrx_word' id='word_1_632' title='bbox 3462 3753 3556 3792; x_wconf 82' lang='lat' dir='ltr'><strong>eos</strong></span> <span class='ocrx_word' id='word_1_633' title='bbox 3587 3742 3729 3796; x_wconf 76' lang='lat' dir='ltr'><strong>rela-</strong></span> 
     </span>
    </p>
   </div>
   <div class='ocr_carea' id='block_1_90' title="bbox 2161 3801 3516 3866">
    <p class='ocr_par' dir='ltr' id='par_1_90' title="bbox 2161 3801 3516 3866">
     <span class='ocr_line' id='line_1_90' title="bbox 2161 3801 3516 3866; baseline 0.002 -10"><span class='ocrx_word' id='word_1_634' title='bbox 2161 3801 2250 3864; x_wconf 72' lang='lat' dir='ltr'><strong>tte,</strong></span> <span class='ocrx_word' id='word_1_635' title='bbox 2281 3807 2372 3866; x_wconf 87' lang='lat' dir='ltr'><strong>qui</strong></span> <span class='ocrx_word' id='word_1_636' title='bbox 2409 3801 2655 3856; x_wconf 78' lang='lat' dir='ltr'><strong>frustrati</strong></span> <span class='ocrx_word' id='word_1_637' title='bbox 2687 3804 2956 3863; x_wconf 83' lang='lat' dir='ltr'><strong>videntur,</strong></span> <span class='ocrx_word' id='word_1_638' title='bbox 2992 3804 3084 3856; x_wconf 86' lang='lat' dir='ltr'><strong>sed</strong></span> <span class='ocrx_word' id='word_1_639' title='bbox 3116 3804 3182 3857; x_wconf 90' lang='lat' dir='ltr'><strong>ad</strong></span> <span class='ocrx_word' id='word_1_640' title='bbox 3215 3805 3516 3859; x_wconf 81' lang='lat' dir='ltr'><strong>Christum.</strong></span> 
     </span>
    </p>
   </div>
   <div class='ocr_carea' id='block_1_91' title="bbox 2233 3872 3734 3942">
    <p class='ocr_par' dir='ltr' id='par_1_91' title="bbox 2233 3872 3734 3942">
     <span class='ocr_line' id='line_1_91' title="bbox 2233 3872 3734 3942; baseline 0.005 -15"><span class='ocrx_word' id='word_1_641' title='bbox 2233 3873 2349 3941; x_wconf 77' lang='grc'>(57)</span> <span class='ocrx_word' id='word_1_642' title='bbox 2373 3872 2504 3926; x_wconf 80' lang='lat' dir='ltr'><strong>Cum</strong></span> <span class='ocrx_word' id='word_1_643' title='bbox 2541 3873 2834 3942; x_wconf 77' lang='lat' dir='ltr'><strong>gigantibus</strong></span> <span class='ocrx_word' id='word_1_644' title='bbox 2881 3887 3136 3941; x_wconf 69' lang='lat' dir='ltr'><strong>pugnam.</strong></span> <span class='ocrx_word' id='word_1_645' title='bbox 3192 3873 3480 3929; x_wconf 83' lang='lat' dir='ltr'><strong>lnsidiatus</strong></span> <span class='ocrx_word' id='word_1_646' title='bbox 3530 3877 3734 3934; x_wconf 84' lang='lat' dir='ltr'><strong>dicitur</strong></span> 
     </span>
    </p>
   </div>
   <div class='ocr_carea' id='block_1_92' title="bbox 2165 3943 3734 4014">
    <p class='ocr_par' dir='ltr' id='par_1_92' title="bbox 2165 3943 3734 4014">
     <span class='ocr_line' id='line_1_92' title="bbox 2165 3943 3734 4014; baseline 0.004 -16"><span class='ocrx_word' id='word_1_647' title='bbox 2165 3943 2332 4006; x_wconf 83' lang='lat' dir='ltr'><strong>Deus,</strong></span> <span class='ocrx_word' id='word_1_648' title='bbox 2367 3944 2430 3996; x_wconf 88' lang='lat' dir='ltr'><strong>id</strong></span> <span class='ocrx_word' id='word_1_649' title='bbox 2461 3953 2567 4003; x_wconf 87' lang='lat' dir='ltr'><strong>est,</strong></span> <span class='ocrx_word' id='word_1_650' title='bbox 2603 3944 2815 4011; x_wconf 79' lang='lat' dir='ltr'><strong>cepisse</strong></span> <span class='ocrx_word' id='word_1_651' title='bbox 2841 3943 3132 4014; x_wconf 85' lang='lat' dir='ltr'><strong>consilium</strong></span> <span class='ocrx_word' id='word_1_652' title='bbox 3166 3945 3219 3998; x_wconf 91' lang='lat' dir='ltr'><strong>in</strong></span> <span class='ocrx_word' id='word_1_653' title='bbox 3253 3945 3396 4012; x_wconf 90' lang='lat' dir='ltr'><strong>illos,</strong></span> <span class='ocrx_word' id='word_1_654' title='bbox 3429 3949 3587 4014; x_wconf 88' lang='lat' dir='ltr'><strong>quasi</strong></span> <span class='ocrx_word' id='word_1_655' title='bbox 3620 3966 3734 4004; x_wconf 87' lang='lat' dir='ltr'><strong>me-</strong></span> 
     </span>
    </p>
   </div>
   <div class='ocr_carea' id='block_1_93' title="bbox 2166 4013 3733 4084">
    <p class='ocr_par' dir='ltr' id='par_1_93' title="bbox 2166 4013 3733 4084">
     <span class='ocr_line' id='line_1_93' title="bbox 2166 4013 3733 4084; baseline 0.004 -17"><span class='ocrx_word' id='word_1_656' title='bbox 2166 4023 2362 4076; x_wconf 89' lang='lat' dir='ltr'><strong>tueret,</strong></span> <span class='ocrx_word' id='word_1_657' title='bbox 2403 4022 2460 4065; x_wconf 92' lang='lat' dir='ltr'><strong>ut</strong></span> <span class='ocrx_word' id='word_1_658' title='bbox 2491 4014 2709 4066; x_wconf 87' lang='lat' dir='ltr'><strong>doceret</strong></span> <span class='ocrx_word' id='word_1_659' title='bbox 2742 4029 2843 4066; x_wconf 87' lang='lat' dir='ltr'><strong>nos</strong></span> <span class='ocrx_word' id='word_1_660' title='bbox 2883 4013 2983 4084; x_wconf 83' lang='lat' dir='ltr'><strong>sic,</strong></span> <span class='ocrx_word' id='word_1_661' title='bbox 3027 4023 3086 4066; x_wconf 88' lang='lat' dir='ltr'><strong>ut</strong></span> <span class='ocrx_word' id='word_1_662' title='bbox 3111 4015 3363 4081; x_wconf 87' lang='lat' dir='ltr'><strong>quamvis</strong></span> <span class='ocrx_word' id='word_1_663' title='bbox 3396 4013 3592 4084; x_wconf 77' lang='lat' dir='ltr'><strong>injuria</strong></span> <span class='ocrx_word' id='word_1_664' title='bbox 3621 4019 3733 4073; x_wconf 73' lang='lat' dir='ltr'><strong>alli-</strong></span> 
     </span>
    </p>
   </div>
   <div class='ocr_carea' id='block_1_94' title="bbox 2162 4083 3734 4153">
    <p class='ocr_par' dir='ltr' id='par_1_94' title="bbox 2162 4083 3734 4153">
     <span class='ocr_line' id='line_1_94' title="bbox 2162 4083 3734 4153; baseline 0.003 -15"><span class='ocrx_word' id='word_1_665' title='bbox 2162 4084 2400 4147; x_wconf 81' lang='lat' dir='ltr'><strong>ciamur,</strong></span> <span class='ocrx_word' id='word_1_666' title='bbox 2423 4096 2476 4135; x_wconf 88' lang='lat' dir='ltr'><strong>et</strong></span> <span class='ocrx_word' id='word_1_667' title='bbox 2502 4085 2675 4137; x_wconf 90' lang='lat' dir='ltr'><strong>simus</strong></span> <span class='ocrx_word' id='word_1_668' title='bbox 2712 4083 3070 4150; x_wconf 84' lang='lat' dir='ltr'><strong>potentiores,</strong></span> <span class='ocrx_word' id='word_1_669' title='bbox 3104 4086 3369 4153; x_wconf 76' lang='lat' dir='ltr'><strong>apologiis</strong></span> <span class='ocrx_word' id='word_1_670' title='bbox 3403 4086 3734 4144; x_wconf 81' lang='lat' dir='ltr'><strong>tamen&#39;mu-</strong></span> 
     </span>
    </p>
   </div>
   <div class='ocr_carea' id='block_1_95' title="bbox 2163 4153 3734 4222">
    <p class='ocr_par' dir='ltr' id='par_1_95' title="bbox 2163 4153 3734 4222">
     <span class='ocr_line' id='line_1_95' title="bbox 2163 4153 3734 4222; baseline -0.002 -15"><span class='ocrx_word' id='word_1_671' title='bbox 2163 4153 2276 4207; x_wconf 90' lang='lat' dir='ltr'><strong>tttis</strong></span> <span class='ocrx_word' id='word_1_672' title='bbox 2327 4162 2567 4212; x_wconf 90' lang='lat' dir='ltr'><strong>utamur,</strong></span> <span class='ocrx_word' id='word_1_673' title='bbox 2605 4167 3046 4221; x_wconf 70' lang='lat' dir='ltr'><strong>excusemusque</strong></span> <span class='ocrx_word' id='word_1_674' title='bbox 3080 4170 3180 4208; x_wconf 79' lang='lat' dir='ltr'><strong>nos</strong></span> <span class='ocrx_word' id='word_1_675' title='bbox 3215 4155 3356 4222; x_wconf 90' lang='lat' dir='ltr'><strong>apud</strong></span> <span class='ocrx_word' id='word_1_676' title='bbox 3383 4173 3482 4211; x_wconf 88' lang='lat' dir='ltr'><strong>eos</strong></span> <span class='ocrx_word' id='word_1_677' title='bbox 3515 4162 3605 4221; x_wconf 87' lang='lat' dir='ltr'><strong>qui</strong></span> <span class='ocrx_word' id='word_1_678' title='bbox 3650 4161 3734 4214; x_wconf 78' lang='lat' dir='ltr'><strong>in-</strong></span> 
     </span>
    </p>
   </div>
   <div class='ocr_carea' id='block_1_96' title="bbox 2156 4222 3734 4295">
    <p class='ocr_par' dir='ltr' id='par_1_96' title="bbox 2156 4222 3734 4295">
     <span class='ocr_line' id='line_1_96' title="bbox 2156 4222 3734 4295; baseline 0.008 -21"><span class='ocrx_word' id='word_1_679' title='bbox 2156 4222 2301 4292; x_wconf 84' lang='lat' dir='ltr'><strong>juria</strong></span> <span class='ocrx_word' id='word_1_680' title='bbox 2349 4237 2449 4275; x_wconf 90' lang='lat' dir='ltr'><strong>nos</strong></span> <span class='ocrx_word' id='word_1_681' title='bbox 2478 4223 2740 4295; x_wconf 83' lang='lat' dir='ltr'><strong>alliciunt.</strong></span> <span class='ocrx_word' id='word_1_682' title='bbox 2774 4222 2937 4295; x_wconf 84' lang='lat' dir='ltr'><strong>Ecce.</strong></span> <span class='ocrx_word' id='word_1_683' title='bbox 2975 4225 3175 4291; x_wconf 91' lang='lat' dir='ltr'><strong>inquit,</strong></span> <span class='ocrx_word' id='word_1_684' title='bbox 3212 4241 3355 4278; x_wconf 88' lang='lat' dir='ltr'><strong>unus</strong></span> <span class='ocrx_word' id='word_1_685' title='bbox 3389 4229 3640 4295; x_wconf 87' lang='lat' dir='ltr'><strong>populus,</strong></span> <span class='ocrx_word' id='word_1_686' title='bbox 3678 4243 3734 4287; x_wconf 83' lang='lat' dir='ltr'><strong>et</strong></span> 
     </span>
    </p>
   </div>
   <div class='ocr_carea' id='block_1_97' title="bbox 2164 4293 3732 4363">
    <p class='ocr_par' dir='ltr' id='par_1_97' title="bbox 2164 4293 3732 4363">
     <span class='ocr_line' id='line_1_97' title="bbox 2164 4293 3732 4363; baseline 0.005 -16"><span class='ocrx_word' id='word_1_687' title='bbox 2164 4309 2331 4347; x_wconf 86' lang='lat' dir='ltr'><strong>unum</strong></span> <span class='ocrx_word' id='word_1_688' title='bbox 2367 4302 2451 4347; x_wconf 84' lang='lat' dir='ltr'><strong>est</strong></span> <span class='ocrx_word' id='word_1_689' title='bbox 2485 4293 2686 4345; x_wconf 87' lang='lat' dir='ltr'><strong>labium</strong></span> <span class='ocrx_word' id='word_1_690' title='bbox 2729 4293 2997 4363; x_wconf 85' lang='lat' dir='ltr'><strong>omnium,</strong></span> <span class='ocrx_word' id='word_1_691' title='bbox 3031 4293 3426 4363; x_wconf 69' lang='lat' dir='ltr'><strong>cmperuntque</strong></span> <span class='ocrx_word' id='word_1_692' title='bbox 3457 4293 3557 4353; x_wconf 90' lang='lat' dir='ltr'><strong>hoc</strong></span> <span class='ocrx_word' id='word_1_693' title='bbox 3585 4300 3732 4355; x_wconf 84' lang='lat' dir='ltr'><strong>face-</strong></span> 
     </span>
    </p>
   </div>
   <div class='ocr_carea' id='block_1_98' title="bbox 2162 4361 3778 4432">
    <p class='ocr_par' dir='ltr' id='par_1_98' title="bbox 2162 4361 3778 4432">
     <span class='ocr_line' id='line_1_98' title="bbox 2162 4361 3778 4432; baseline 0.007 -16"><span class='ocrx_word' id='word_1_694' title='bbox 2162 4377 2241 4426; x_wconf 89' lang='lat' dir='ltr'><strong>re,</strong></span> <span class='ocrx_word' id='word_1_695' title='bbox 2274 4378 2449 4430; x_wconf 84' lang='lat' dir='ltr'><strong>neque</strong></span> <span class='ocrx_word' id='word_1_696' title='bbox 2475 4364 2741 4416; x_wconf 73' lang='grc' dir='ltr'><strong>(Ιιοδὶειϐιιι</strong></span> <span class='ocrx_word' id='word_1_697' title='bbox 2765 4378 2793 4416; x_wconf 86' lang='lat' dir='ltr'><strong>a</strong></span> <span class='ocrx_word' id='word_1_698' title='bbox 2823 4361 3248 4431; x_wconf 78' lang='lat' dir='ltr'><strong>cogitationibus</strong></span> <span class='ocrx_word' id='word_1_699' title='bbox 3273 4361 3412 4432; x_wconf 82' lang='lat' dir='ltr'><strong>suis,</strong></span> <span class='ocrx_word' id='word_1_700' title='bbox 3437 4368 3613 4426; x_wconf 82' lang='lat' dir='ltr'><strong>donec</strong></span> <span class='ocrx_word' id='word_1_701' title='bbox 3639 4387 3735 4427; x_wconf 89' lang='lat' dir='ltr'><strong>eas</strong></span> <span class='ocrx_word' id='word_1_702' title='bbox 3775 4414 3778 4416; x_wconf 58' lang='grc' dir='ltr'><strong><em>η</em></strong></span> 
     </span>
    </p>
   </div>
   <div class='ocr_carea' id='block_1_99' title="bbox 2162 4432 3734 4503">
    <p class='ocr_par' dir='ltr' id='par_1_99' title="bbox 2162 4432 3734 4503">
     <span class='ocr_line' id='line_1_99' title="bbox 2162 4432 3734 4503; baseline 0.006 -16"><span class='ocrx_word' id='word_1_703' title='bbox 2162 4449 2328 4502; x_wconf 91' lang='lat' dir='ltr'><strong>opere</strong></span> <span class='ocrx_word' id='word_1_704' title='bbox 2357 4433 2686 4503; x_wconf 85' lang='lat' dir='ltr'><strong>compleant.</strong></span> <span class='ocrx_word' id='word_1_705' title='bbox 2716 4432 2915 4503; x_wconf 9' lang='lat' dir='ltr'><strong>,Veuite</strong></span> <span class='ocrx_word' id='word_1_706' title='bbox 2964 4437 3148 4503; x_wconf 79' lang='lat' dir='ltr'><strong>igitur,</strong></span> <span class='ocrx_word' id='word_1_707' title='bbox 3201 4436 3601 4496; x_wconf 86' lang='lat' dir='ltr'><strong>descemlamus</strong></span> <span class='ocrx_word' id='word_1_708' title='bbox 3626 4481 3641 4502; x_wconf 88' lang='lat'><strong>,</strong></span> <span class='ocrx_word' id='word_1_709' title='bbox 3679 4454 3734 4496; x_wconf 86' lang='lat' dir='ltr'><strong>et</strong></span> 
     </span>
    </p>
   </div>
   <div class='ocr_carea' id='block_1_100' title="bbox 560 4500 3737 4578">
    <p class='ocr_par' dir='ltr' id='par_1_100' title="bbox 560 4500 3737 4578">
     <span class='ocr_line' id='line_1_100' title="bbox 560 4500 3737 4578; baseline 0.003 -22"><span class='ocrx_word' id='word_1_710' title='bbox 560 4500 673 4569; x_wconf 74' lang='grc' dir='ltr'>ι29)</span> <span class='ocrx_word' id='word_1_711' title='bbox 707 4500 1009 4578; x_wconf 54' lang='lat' dir='ltr'><strong>Summus!</strong></span> <span class='ocrx_word' id='word_1_712' title='bbox 1043 4505 1284 4570; x_wconf 83' lang='lat' dir='ltr'><strong>crapula.</strong></span> <span class='ocrx_word' id='word_1_713' title='bbox 1319 4505 1465 4558; x_wconf 77' lang='lat' dir='ltr'><strong>Psal.</strong></span> <span class='ocrx_word' id='word_1_714' title='bbox 1512 4519 1732 4558; x_wconf 71' lang='lat' dir='ltr'><strong>thrtt:</strong></span> <span class='ocrx_word' id='word_1_715' title='bbox 1779 4502 2058 4578; x_wconf 63' lang='lat' dir='ltr'><strong>Eri-italus</strong></span> <span class='ocrx_word' id='word_1_716' title='bbox 2093 4525 2134 4578; x_wconf 77' lang='grc' dir='ltr'><strong>υ</strong></span> <span class='ocrx_word' id='word_1_717' title='bbox 2163 4500 2568 4578; x_wconf 76' lang='lat' dir='ltr'><strong>ceufundamus</strong></span> <span class='ocrx_word' id='word_1_718' title='bbox 2594 4502 2665 4578; x_wconf 77' lang='lat' dir='ltr'><strong>ibi</strong></span> <span class='ocrx_word' id='word_1_719' title='bbox 2684 4502 2932 4578; x_wconf 79' lang='lat' dir='ltr'><strong>linguam</strong></span> <span class='ocrx_word' id='word_1_720' title='bbox 2947 4500 3136 4578; x_wconf 75' lang='lat' dir='ltr'><strong>eorum</strong></span> <span class='ocrx_word' id='word_1_721' title='bbox 3161 4521 3180 4578; x_wconf 64' lang='grc' dir='ltr'>ξ</span> <span class='ocrx_word' id='word_1_722' title='bbox 3204 4505 3256 4578; x_wconf 78' lang='lat' dir='ltr'><strong>id</strong></span> <span class='ocrx_word' id='word_1_723' title='bbox 3288 4515 3390 4567; x_wconf 88' lang='lat' dir='ltr'><strong>est,</strong></span> <span class='ocrx_word' id='word_1_724' title='bbox 3419 4523 3578 4563; x_wconf 85' lang='lat' dir='ltr'><strong>neruo</strong></span> <span class='ocrx_word' id='word_1_725' title='bbox 3602 4500 3737 4578; x_wconf 76' lang='lat' dir='ltr'><strong>que-</strong></span> 
     </span>
    </p>
   </div>
   <div class='ocr_carea' id='block_1_101' title="bbox 489 4570 2056 4649">
    <p class='ocr_par' dir='ltr' id='par_1_101' title="bbox 489 4570 2056 4649">
     <span class='ocr_line' id='line_1_101' title="bbox 489 4570 2056 4649; baseline -0.001 -26"><span class='ocrx_word' id='word_1_726' title='bbox 489 4581 745 4649; x_wconf 83' lang='lat' dir='ltr'><strong>tauquam</strong></span> <span class='ocrx_word' id='word_1_727' title='bbox 781 4570 1086 4633; x_wconf 81' lang='lat' dir='ltr'><strong>dormiens,</strong></span> <span class='ocrx_word' id='word_1_728' title='bbox 1121 4582 1380 4643; x_wconf 69' lang='lat' dir='ltr'><strong>tauquam</strong></span> <span class='ocrx_word' id='word_1_729' title='bbox 1421 4585 1612 4643; x_wconf 90' lang='lat' dir='ltr'><strong>potens</strong></span> <span class='ocrx_word' id='word_1_730' title='bbox 1660 4574 1976 4639; x_wconf 82' lang='lat' dir='ltr'><strong>crapulatus</strong></span> <span class='ocrx_word' id='word_1_731' title='bbox 2027 4586 2056 4622; x_wconf 72' lang='grc' dir='ltr'><strong>ιι</strong></span> 
     </span>
    </p>
   </div>
   <div class='ocr_carea' id='block_1_102' title="bbox 490 4655 2018 4692">
    <p class='ocr_par' dir='ltr' id='par_1_102' title="bbox 490 4655 2018 4692">
     <span class='ocr_line' id='line_1_102' title="bbox 490 4655 2018 4692; baseline -0.001 0"><span class='ocrx_word' id='word_1_732' title='bbox 490 4655 639 4692; x_wconf 72' lang='grc' dir='ltr'>νιιιο.</span> <span class='ocrx_word' id='word_1_733' title='bbox 1522 4690 1527 4692; x_wconf 84' lang='grc'><strong>,</strong></span> <span class='ocrx_word' id='word_1_734' title='bbox 2007 4655 2018 4664; x_wconf 86' lang='grc'><strong><em>“</em></strong></span> 
     </span>
    </p>
   </div>
   <div class='ocr_carea' id='block_1_103' title="bbox 565 4690 2072 4779">
    <p class='ocr_par' dir='ltr' id='par_1_103' title="bbox 565 4690 2072 4779">
     <span class='ocr_line' id='line_1_103' title="bbox 565 4690 2072 4779; baseline 0 -17"><span class='ocrx_word' id='word_1_735' title='bbox 565 4709 677 4779; x_wconf 75' lang='grc'>(50)</span> <span class='ocrx_word' id='word_1_736' title='bbox 703 4711 844 4765; x_wconf 84' lang='lat' dir='ltr'><strong>Iras.</strong></span> <span class='ocrx_word' id='word_1_737' title='bbox 885 4714 1060 4770; x_wconf 80' lang='lat' dir='ltr'><strong>Exod.</strong></span> <span class='ocrx_word' id='word_1_738' title='bbox 1099 4730 1165 4768; x_wconf 82' lang='lat' dir='ltr'><strong>xv</strong></span> <span class='ocrx_word' id='word_1_739' title='bbox 1206 4731 1223 4770; x_wconf 87' lang='lat'><strong>:</strong></span> <span class='ocrx_word' id='word_1_740' title='bbox 1256 4713 1450 4768; x_wconf 70' lang='lat' dir='ltr'><strong>Misisti</strong></span> <span class='ocrx_word' id='word_1_741' title='bbox 1483 4690 1627 4766; x_wconf 71' lang='lat' dir='ltr'><strong>iram&#39;</strong></span> <span class='ocrx_word' id='word_1_742' title='bbox 1654 4721 1822 4772; x_wconf 86' lang='lat' dir='ltr'><strong>tuam,</strong></span> <span class='ocrx_word' id='word_1_743' title='bbox 1858 4721 1985 4775; x_wconf 65' lang='lat' dir='ltr'><strong>etc.,</strong></span> <span class='ocrx_word' id='word_1_744' title='bbox 2018 4719 2072 4763; x_wconf 85' lang='lat' dir='ltr'><strong>et</strong></span> 
     </span>
    </p>
   </div>
   <div class='ocr_carea' id='block_1_104' title="bbox 492 4780 1852 4848">
    <p class='ocr_par' dir='ltr' id='par_1_104' title="bbox 492 4780 1852 4848">
     <span class='ocr_line' id='line_1_104' title="bbox 492 4780 1852 4848; baseline 0.001 -16"><span class='ocrx_word' id='word_1_745' title='bbox 492 4780 544 4831; x_wconf 88' lang='lat' dir='ltr'><strong>iu</strong></span> <span class='ocrx_word' id='word_1_746' title='bbox 583 4781 722 4833; x_wconf 76' lang='lat' dir='ltr'><strong>I’Sal.</strong></span> <span class='ocrx_word' id='word_1_747' title='bbox 756 4797 846 4848; x_wconf 72' lang='lat' dir='ltr'><strong>vt:</strong></span> <span class='ocrx_word' id='word_1_748' title='bbox 887 4787 1144 4848; x_wconf 83' lang='lat' dir='ltr'><strong>Domine,</strong></span> <span class='ocrx_word' id='word_1_749' title='bbox 1183 4801 1246 4838; x_wconf 84' lang='lat' dir='ltr'><strong>ne</strong></span> <span class='ocrx_word' id='word_1_750' title='bbox 1279 4784 1332 4837; x_wconf 90' lang='lat' dir='ltr'><strong>in</strong></span> <span class='ocrx_word' id='word_1_751' title='bbox 1369 4783 1556 4836; x_wconf 84' lang='lat' dir='ltr'><strong>furore</strong></span> <span class='ocrx_word' id='word_1_752' title='bbox 1591 4791 1706 4842; x_wconf 83' lang='lat' dir='ltr'><strong>tuo.</strong></span> <span class='ocrx_word' id='word_1_753' title='bbox 1746 4789 1852 4834; x_wconf 80' lang='lat' dir='ltr'><strong>etc.</strong></span> 
     </span>
    </p>
   </div>
   <div class='ocr_carea' id='block_1_105' title="bbox 2175 4572 3730 4644">
    <p class='ocr_par' dir='ltr' id='par_1_105' title="bbox 2175 4572 3730 4644">
     <span class='ocr_line' id='line_1_105' title="bbox 2175 4572 3730 4644; baseline 0.006 -19"><span class='ocrx_word' id='word_1_754' title='bbox 2175 4587 2350 4634; x_wconf 87' lang='lat' dir='ltr'><strong>ratur,</strong></span> <span class='ocrx_word' id='word_1_755' title='bbox 2398 4574 2541 4642; x_wconf 90' lang='lat' dir='ltr'><strong>quod</strong></span> <span class='ocrx_word' id='word_1_756' title='bbox 2581 4572 2914 4644; x_wconf 0' lang='lat' dir='ltr'><strong>(divisionem</strong></span> <span class='ocrx_word' id='word_1_757' title='bbox 2963 4575 3104 4627; x_wconf 90' lang='lat' dir='ltr'><strong>hanc</strong></span> <span class='ocrx_word' id='word_1_758' title='bbox 3156 4574 3377 4637; x_wconf 87' lang='lat' dir='ltr'><strong>faciam,</strong></span> <span class='ocrx_word' id='word_1_759' title='bbox 3413 4580 3538 4644; x_wconf 88' lang='lat' dir='ltr'><strong>quia</strong></span> <span class='ocrx_word' id='word_1_760' title='bbox 3585 4572 3730 4635; x_wconf 80' lang='lat' dir='ltr'><strong>enim</strong></span> 
     </span>
    </p>
   </div>
   <div class='ocr_carea' id='block_1_106' title="bbox 2175 4642 3731 4717">
    <p class='ocr_par' dir='ltr' id='par_1_106' title="bbox 2175 4642 3731 4717">
     <span class='ocr_line' id='line_1_106' title="bbox 2175 4642 3731 4717; baseline 0.002 -22"><span class='ocrx_word' id='word_1_761' title='bbox 2175 4658 2284 4696; x_wconf 91' lang='lat' dir='ltr'><strong>non</strong></span> <span class='ocrx_word' id='word_1_762' title='bbox 2326 4652 2471 4717; x_wconf 70' lang='lat' dir='ltr'><strong>rccie</strong></span> <span class='ocrx_word' id='word_1_763' title='bbox 2509 4642 2592 4695; x_wconf 87' lang='lat' dir='ltr'><strong>usi</strong></span> <span class='ocrx_word' id='word_1_764' title='bbox 2639 4652 2768 4694; x_wconf 91' lang='lat' dir='ltr'><strong>sunt</strong></span> <span class='ocrx_word' id='word_1_765' title='bbox 2809 4643 3126 4717; x_wconf 73' lang='grc' dir='ltr'>ὁμοφῳνῐᾳ,</span> <span class='ocrx_word' id='word_1_766' title='bbox 3173 4645 3226 4717; x_wconf 78' lang='lat' dir='ltr'><strong>id</strong></span> <span class='ocrx_word' id='word_1_767' title='bbox 3260 4655 3364 4717; x_wconf 81' lang='lat' dir='ltr'><strong>est,</strong></span> <span class='ocrx_word' id='word_1_768' title='bbox 3416 4642 3527 4700; x_wconf 88' lang='lat' dir='ltr'><strong>uno</strong></span> <span class='ocrx_word' id='word_1_769' title='bbox 3569 4649 3731 4717; x_wconf 67' lang='lat' dir='ltr'><strong>labio,</strong></span> 
     </span>
    </p>
   </div>
   <div class='ocr_carea' id='block_1_107' title="bbox 2172 4712 3731 4783">
    <p class='ocr_par' dir='ltr' id='par_1_107' title="bbox 2172 4712 3731 4783">
     <span class='ocr_line' id='line_1_107' title="bbox 2172 4712 3731 4783; baseline 0.006 -21"><span class='ocrx_word' id='word_1_770' title='bbox 2172 4721 2386 4779; x_wconf 81' lang='lat' dir='ltr'><strong>oportet</strong></span> <span class='ocrx_word' id='word_1_771' title='bbox 2419 4712 2595 4783; x_wconf 82' lang='lat' dir='ltr'><strong>facere</strong></span> <span class='ocrx_word' id='word_1_772' title='bbox 2625 4719 2683 4764; x_wconf 86' lang='lat' dir='ltr'><strong>ut</strong></span> <span class='ocrx_word' id='word_1_773' title='bbox 2710 4720 2932 4765; x_wconf 81' lang='lat' dir='ltr'><strong>utantur</strong></span> <span class='ocrx_word' id='word_1_774' title='bbox 2959 4713 3247 4783; x_wconf 75' lang='grc' dir='ltr'><strong>διαφωνίᾳ.</strong></span> <span class='ocrx_word' id='word_1_775' title='bbox 3278 4713 3330 4766; x_wconf 91' lang='lat' dir='ltr'><strong>id</strong></span> <span class='ocrx_word' id='word_1_776' title='bbox 3361 4729 3465 4779; x_wconf 89' lang='lat' dir='ltr'><strong>est,</strong></span> <span class='ocrx_word' id='word_1_777' title='bbox 3497 4712 3731 4775; x_wconf 46' lang='lat' dir='ltr'><strong>diversi-4</strong></span> 
     </span>
    </p>
   </div>
   <div class='ocr_carea' id='block_1_108' title="bbox 2175 4782 3732 4854">
    <p class='ocr_par' dir='ltr' id='par_1_108' title="bbox 2175 4782 3732 4854">
     <span class='ocr_line' id='line_1_108' title="bbox 2175 4782 3732 4854; baseline 0.01 -22"><span class='ocrx_word' id='word_1_778' title='bbox 2175 4790 2283 4834; x_wconf 88' lang='lat' dir='ltr'><strong>tate</strong></span> <span class='ocrx_word' id='word_1_779' title='bbox 2306 4782 2456 4854; x_wconf 70' lang='lat' dir='ltr'><strong>labii.</strong></span> <span class='ocrx_word' id='word_1_780' title='bbox 2495 4782 2588 4834; x_wconf 68' lang='lat' dir='ltr'><strong>Sic</strong></span> <span class='ocrx_word' id='word_1_781' title='bbox 2629 4783 3026 4854; x_wconf 75' lang='lat' dir='ltr'><strong>igiturmctutn</strong></span> <span class='ocrx_word' id='word_1_782' title='bbox 3059 4782 3208 4838; x_wconf 81' lang='lat' dir='ltr'><strong>Deus</strong></span> <span class='ocrx_word' id='word_1_783' title='bbox 3238 4785 3505 4854; x_wconf 82' lang='lat' dir='ltr'><strong>figuravit,</strong></span> <span class='ocrx_word' id='word_1_784' title='bbox 3545 4801 3604 4844; x_wconf 94' lang='lat' dir='ltr'><strong>ut</strong></span> <span class='ocrx_word' id='word_1_785' title='bbox 3631 4794 3732 4847; x_wconf 86' lang='lat' dir='ltr'><strong>hoc</strong></span> 
     </span>
    </p>
   </div>
   <div class='ocr_carea' id='block_1_109' title="bbox 564 4843 3011 4921">
    <p class='ocr_par' dir='ltr' id='par_1_109' title="bbox 564 4843 3011 4921">
     <span class='ocr_line' id='line_1_109' title="bbox 564 4843 3011 4921; baseline 0 -18"><span class='ocrx_word' id='word_1_786' title='bbox 564 4851 677 4919; x_wconf 78' lang='lat'><strong>(3|)</strong></span> <span class='ocrx_word' id='word_1_787' title='bbox 711 4843 959 4909; x_wconf 80' lang='lat' dir='ltr'><strong>Dolores.</strong></span> <span class='ocrx_word' id='word_1_788' title='bbox 990 4843 1171 4910; x_wconf 78' lang='lat' dir='ltr'><strong>Judie.</strong></span> <span class='ocrx_word' id='word_1_789' title='bbox 1209 4870 1238 4908; x_wconf 78' lang='lat' dir='ltr'><strong>tt</strong></span> <span class='ocrx_word' id='word_1_790' title='bbox 1268 4871 1283 4908; x_wconf 89' lang='lat'><strong>:</strong></span> <span class='ocrx_word' id='word_1_791' title='bbox 1318 4853 1501 4907; x_wconf 83' lang='lat' dir='ltr'><strong>Doluit</strong></span> <span class='ocrx_word' id='word_1_792' title='bbox 1528 4866 1692 4921; x_wconf 79' lang='lat' dir='ltr'><strong>super</strong></span> <span class='ocrx_word' id='word_1_793' title='bbox 1719 4854 1955 4904; x_wconf 85' lang='lat' dir='ltr'><strong>miseriis</strong></span> <span class='ocrx_word' id='word_1_794' title='bbox 1981 4865 2072 4902; x_wconf 85' lang='lat' dir='ltr'><strong>eo-</strong></span> <span class='ocrx_word' id='word_1_795' title='bbox 2172 4853 2317 4919; x_wconf 86' lang='lat' dir='ltr'><strong>quod</strong></span> <span class='ocrx_word' id='word_1_796' title='bbox 2344 4852 2480 4913; x_wconf 81' lang='lat' dir='ltr'><strong>dixi,</strong></span> <span class='ocrx_word' id='word_1_797' title='bbox 2519 4843 2746 4921; x_wconf 75' lang='lat' dir='ltr'><strong>mystice</strong></span> <span class='ocrx_word' id='word_1_798' title='bbox 2771 4850 3011 4906; x_wconf 82' lang='lat' dir='ltr'><strong>doceret.</strong></span> 
     </span>
    </p>
   </div>
   <div class='ocr_carea' id='block_1_110' title="bbox 493 4935 634 4971">
    <p class='ocr_par' dir='ltr' id='par_1_110' title="bbox 493 4935 634 4971">
     <span class='ocr_line' id='line_1_110' title="bbox 493 4935 634 4971; baseline -0.007 0"><span class='ocrx_word' id='word_1_799' title='bbox 493 4935 609 4971; x_wconf 84' lang='grc' dir='ltr'><strong>ΙῚΙΙΙΙ</strong></span> <span class='ocrx_word' id='word_1_800' title='bbox 622 4958 634 4970; x_wconf 86' lang='grc'><strong>.</strong></span> 
     </span>
    </p>
   </div>
   <div class='ocr_carea' id='block_1_111' title="bbox 553 4989 2067 5060">
    <p class='ocr_par' dir='ltr' id='par_1_111' title="bbox 553 4989 2067 5060">
     <span class='ocr_line' id='line_1_111' title="bbox 553 4989 2067 5060; baseline 0.001 -18"><span class='ocrx_word' id='word_1_801' title='bbox 553 4990 664 5058; x_wconf 73' lang='lat'><strong>(52)</strong></span> <span class='ocrx_word' id='word_1_802' title='bbox 684 4989 840 5047; x_wconf 82' lang='lat' dir='ltr'><strong>Varia</strong></span> <span class='ocrx_word' id='word_1_803' title='bbox 854 4995 1182 5060; x_wconf 80' lang='lat' dir='ltr'><strong>juramenta.</strong></span> <span class='ocrx_word' id='word_1_804' title='bbox 1207 4993 1346 5049; x_wconf 80' lang='lat' dir='ltr'><strong>Gen.</strong></span> <span class='ocrx_word' id='word_1_805' title='bbox 1372 5009 1479 5046; x_wconf 65' lang='grc' dir='ltr'>χχιι</span> <span class='ocrx_word' id='word_1_806' title='bbox 1508 5009 1524 5047; x_wconf 88' lang='lat'><strong>:</strong></span> <span class='ocrx_word' id='word_1_807' title='bbox 1549 4994 1650 5050; x_wconf 88' lang='lat' dir='ltr'><strong>Per</strong></span> <span class='ocrx_word' id='word_1_808' title='bbox 1669 5003 1867 5050; x_wconf 88' lang='lat' dir='ltr'><strong>memet</strong></span> <span class='ocrx_word' id='word_1_809' title='bbox 1891 4991 2067 5059; x_wconf 87' lang='lat' dir='ltr'><strong>ipsum</strong></span> 
     </span>
    </p>
   </div>
   <div class='ocr_carea' id='block_1_112' title="bbox 486 5061 2057 5138">
    <p class='ocr_par' dir='ltr' id='par_1_112' title="bbox 486 5061 2057 5138">
     <span class='ocr_line' id='line_1_112' title="bbox 486 5061 2057 5138; baseline -0.004 -17"><span class='ocrx_word' id='word_1_810' title='bbox 486 5061 688 5138; x_wconf 66' lang='grc' dir='ltr'><strong>,Ῑυιζὸνὶν</strong></span> <span class='ocrx_word' id='word_1_811' title='bbox 718 5072 937 5138; x_wconf 89' lang='lat' dir='ltr'><strong>etc.,__et</strong></span> <span class='ocrx_word' id='word_1_812' title='bbox 972 5066 1070 5138; x_wconf 79' lang='lat' dir='ltr'><strong>lsa.</strong></span> <span class='ocrx_word' id='word_1_813' title='bbox 1107 5082 1228 5127; x_wconf 73' lang='lat' dir='ltr'><strong>XLV,</strong></span> <span class='ocrx_word' id='word_1_814' title='bbox 1265 5063 1409 5138; x_wconf 70' lang='lat' dir='ltr'><strong>P_.~_a|.</strong></span> <span class='ocrx_word' id='word_1_815' title='bbox 1446 5081 1564 5119; x_wconf 70' lang='lat' dir='ltr'><strong>xcvt</strong></span> <span class='ocrx_word' id='word_1_816' title='bbox 1593 5068 1853 5138; x_wconf 81' lang='lat' dir='ltr'><strong>:Quibus</strong></span> <span class='ocrx_word' id='word_1_817' title='bbox 1880 5063 2057 5134; x_wconf 76' lang='lat' dir='ltr'><strong>iuravi</strong></span> 
     </span>
    </p>
   </div>
   <div class='ocr_carea' id='block_1_113' title="bbox 488 5134 2062 5209">
    <p class='ocr_par' dir='ltr' id='par_1_113' title="bbox 488 5134 2062 5209">
     <span class='ocr_line' id='line_1_113' title="bbox 488 5134 2062 5209; baseline -0.018 2"><span class='ocrx_word' id='word_1_818' title='bbox 488 5145 542 5182; x_wconf 75' lang='lat' dir='ltr'><strong><em>m</em></strong></span> <span class='ocrx_word' id='word_1_819' title='bbox 573 5134 649 5209; x_wconf 54' lang='grc' dir='ltr'><strong>Ψ)</strong></span> <span class='ocrx_word' id='word_1_820' title='bbox 681 5149 826 5192; x_wconf 68' lang='grc'><strong>⁸⁸³⁸³*</strong></span> <span class='ocrx_word' id='word_1_821' title='bbox 859 5134 1054 5209; x_wconf 64' lang='grc' dir='ltr'><strong>Εῑεςίι·</strong></span> <span class='ocrx_word' id='word_1_822' title='bbox 1089 5152 1214 5209; x_wconf 72' lang='grc' dir='ltr'>κνιιι</span> <span class='ocrx_word' id='word_1_823' title='bbox 1241 5153 1254 5187; x_wconf 73' lang='grc' dir='ltr'>ἒ</span> <span class='ocrx_word' id='word_1_824' title='bbox 1293 5135 1429 5209; x_wconf 60' lang='lat' dir='ltr'><strong>Vl&quot;?</strong></span> <span class='ocrx_word' id='word_1_825' title='bbox 1459 5151 1580 5203; x_wconf 59' lang='lat'><strong>(‘30,</strong></span> <span class='ocrx_word' id='word_1_826' title='bbox 1610 5137 1741 5191; x_wconf 82' lang='lat' dir='ltr'><strong>dicit</strong></span> <span class='ocrx_word' id='word_1_827' title='bbox 1781 5138 2062 5196; x_wconf 72' lang='lat' dir='ltr'><strong>Utitttintts,</strong></span> 
     </span>
    </p>
   </div>
   <div class='ocr_carea' id='block_1_114' title="bbox 489 5198 1908 5284">
    <p class='ocr_par' dir='ltr' id='par_1_114' title="bbox 489 5198 1908 5284">
     <span class='ocr_line' id='line_1_114' title="bbox 489 5198 1908 5284; baseline 0.004 -32"><span class='ocrx_word' id='word_1_828' title='bbox 489 5210 544 5253; x_wconf 84' lang='lat' dir='ltr'><strong>et</strong></span> <span class='ocrx_word' id='word_1_829' title='bbox 566 5198 921 5284; x_wconf 41' lang='lat' dir='ltr'><strong>[ilic-untur:</strong></span> <span class='ocrx_word' id='word_1_830' title='bbox 967 5205 1165 5284; x_wconf 37' lang='lat' dir='ltr'><strong>iuravi.</strong></span> <span class='ocrx_word' id='word_1_831' title='bbox 1190 5207 1242 5258; x_wconf 88' lang='lat' dir='ltr'><strong>in</strong></span> <span class='ocrx_word' id='word_1_832' title='bbox 1276 5198 1657 5284; x_wconf 55' lang='lat' dir='ltr'><strong>nomine&#39;meo</strong></span> <span class='ocrx_word' id='word_1_833' title='bbox 1693 5223 1908 5276; x_wconf 75' lang='lat' dir='ltr'><strong>magno.</strong></span> 
     </span>
    </p>
   </div>
   <div class='ocr_carea' id='block_1_115' title="bbox 561 5270 2061 5344">
    <p class='ocr_par' dir='ltr' id='par_1_115' title="bbox 561 5270 2061 5344">
     <span class='ocr_line' id='line_1_115' title="bbox 561 5270 2061 5344; baseline 0.004 -24"><span class='ocrx_word' id='word_1_834' title='bbox 561 5270 672 5338; x_wconf 80' lang='grc'>(55)</span> <span class='ocrx_word' id='word_1_835' title='bbox 711 5271 1088 5329; x_wconf 72' lang='lat' dir='ltr'><strong>Pwnitentias.</strong></span> <span class='ocrx_word' id='word_1_836' title='bbox 1126 5277 1262 5329; x_wconf 84' lang='lat' dir='ltr'><strong>Gen.</strong></span> <span class='ocrx_word' id='word_1_837' title='bbox 1321 5290 1391 5327; x_wconf 82' lang='lat' dir='ltr'><strong>Vl.</strong></span> <span class='ocrx_word' id='word_1_838' title='bbox 1432 5275 1692 5330; x_wconf 67' lang='lat' dir='ltr'><strong>Pmnituit</strong></span> <span class='ocrx_word' id='word_1_839' title='bbox 1733 5270 1879 5339; x_wconf 69' lang='lat' dir='ltr'><strong>edin,</strong></span> <span class='ocrx_word' id='word_1_840' title='bbox 1913 5273 2061 5344; x_wconf 82' lang='lat' dir='ltr'><strong>quod</strong></span> 
     </span>
    </p>
   </div>
   <div class='ocr_carea' id='block_1_116' title="bbox 487 5338 1746 5412">
    <p class='ocr_par' dir='ltr' id='par_1_116' title="bbox 487 5338 1746 5412">
     <span class='ocr_line' id='line_1_116' title="bbox 487 5338 1746 5412; baseline 0.005 -19"><span class='ocrx_word' id='word_1_841' title='bbox 487 5338 765 5412; x_wconf 74' lang='lat' dir='ltr'><strong>hominem</strong></span> <span class='ocrx_word' id='word_1_842' title='bbox 797 5348 1035 5409; x_wconf 81' lang='lat' dir='ltr'><strong>fecisset,</strong></span> <span class='ocrx_word' id='word_1_843' title='bbox 1071 5354 1125 5397; x_wconf 90' lang='lat' dir='ltr'><strong>ct</strong></span> <span class='ocrx_word' id='word_1_844' title='bbox 1153 5348 1219 5398; x_wconf 87' lang='lat' dir='ltr'><strong>de</strong></span> <span class='ocrx_word' id='word_1_845' title='bbox 1258 5346 1388 5397; x_wconf 81' lang='lat' dir='ltr'><strong>Saul</strong></span> <span class='ocrx_word' id='word_1_846' title='bbox 1424 5345 1442 5397; x_wconf 92' lang='grc' dir='ltr'><strong>ι</strong></span> <span class='ocrx_word' id='word_1_847' title='bbox 1488 5344 1622 5412; x_wconf 69' lang='lat' dir='ltr'><strong>Reg.</strong></span> <span class='ocrx_word' id='word_1_848' title='bbox 1659 5353 1746 5399; x_wconf 75' lang='lat' dir='ltr'><strong>x&#39;v.</strong></span> 
     </span>
    </p>
   </div>
   <div class='ocr_carea' id='block_1_117' title="bbox 553 5410 2064 5478">
    <p class='ocr_par' dir='ltr' id='par_1_117' title="bbox 553 5410 2064 5478">
     <span class='ocr_line' id='line_1_117' title="bbox 553 5410 2064 5478; baseline -0.001 -13"><span class='ocrx_word' id='word_1_849' title='bbox 553 5410 664 5478; x_wconf 68' lang='grc'>(54)</span> <span class='ocrx_word' id='word_1_850' title='bbox 713 5411 1134 5468; x_wconf 76' lang='lat' dir='ltr'><strong>Maledictioiws.</strong></span> <span class='ocrx_word' id='word_1_851' title='bbox 1173 5415 1404 5469; x_wconf 84' lang='lat' dir='ltr'><strong>Malach.</strong></span> <span class='ocrx_word' id='word_1_852' title='bbox 1433 5432 1466 5468; x_wconf 88' lang='grc' dir='ltr'>ιι</span> <span class='ocrx_word' id='word_1_853' title='bbox 1496 5435 1508 5469; x_wconf 90' lang='lat'>:</span> <span class='ocrx_word' id='word_1_854' title='bbox 1543 5410 1856 5471; x_wconf 66' lang='lat' dir='ltr'><strong>maledicam</strong></span> <span class='ocrx_word' id='word_1_855' title='bbox 1901 5417 2064 5468; x_wconf 86' lang='lat' dir='ltr'><strong>heue-</strong></span> 
     </span>
    </p>
   </div>
   <div class='ocr_carea' id='block_1_118' title="bbox 482 5477 2059 5563">
    <p class='ocr_par' dir='ltr' id='par_1_118' title="bbox 482 5477 2059 5563">
     <span class='ocr_line' id='line_1_118' title="bbox 482 5477 2059 5563; baseline 0.003 -30"><span class='ocrx_word' id='word_1_856' title='bbox 482 5477 816 5563; x_wconf 57' lang='lat' dir='ltr'><strong>dicgiiitibus</strong></span> <span class='ocrx_word' id='word_1_857' title='bbox 835 5487 1049 5563; x_wconf 76' lang='lat' dir='ltr'><strong>vestris.</strong></span> <span class='ocrx_word' id='word_1_858' title='bbox 1066 5486 1382 5563; x_wconf 62' lang='lat' dir='ltr'><strong>“tliiaC:_lll&#39;.</strong></span> <span class='ocrx_word' id='word_1_859' title='bbox 1405 5487 1652 5540; x_wconf 76' lang='lat' dir='ltr'><strong>Maledixi</strong></span> <span class='ocrx_word' id='word_1_860' title='bbox 1674 5485 1903 5554; x_wconf 80' lang='lat' dir='ltr'><strong>sceptris</strong></span> <span class='ocrx_word' id='word_1_861' title='bbox 1918 5486 2059 5553; x_wconf 80' lang='lat' dir='ltr'><strong>ejus.</strong></span> 
     </span>
    </p>
   </div>
   <div class='ocr_carea' id='block_1_119' title="bbox 555 5550 2056 5618">
    <p class='ocr_par' dir='ltr' id='par_1_119' title="bbox 555 5550 2056 5618">
     <span class='ocr_line' id='line_1_119' title="bbox 555 5550 2056 5618; baseline 0 -14"><span class='ocrx_word' id='word_1_862' title='bbox 555 5550 670 5618; x_wconf 74' lang='grc'><strong>(35)</strong></span> <span class='ocrx_word' id='word_1_863' title='bbox 706 5551 828 5605; x_wconf 82' lang='lat' dir='ltr'><strong>Irus</strong></span> <span class='ocrx_word' id='word_1_864' title='bbox 858 5556 1214 5618; x_wconf 73' lang='lat' dir='ltr'><strong>inveteratas,</strong></span> <span class='ocrx_word' id='word_1_865' title='bbox 1257 5556 1398 5610; x_wconf 83' lang='lat' dir='ltr'><strong>llter.</strong></span> <span class='ocrx_word' id='word_1_866' title='bbox 1437 5572 1490 5611; x_wconf 91' lang='lat' dir='ltr'><strong>tv</strong></span> <span class='ocrx_word' id='word_1_867' title='bbox 1530 5576 1544 5610; x_wconf 89' lang='lat'><strong>:</strong></span> <span class='ocrx_word' id='word_1_868' title='bbox 1579 5550 1782 5610; x_wconf 74' lang='lat' dir='ltr'><strong>lloruni</strong></span> <span class='ocrx_word' id='word_1_869' title='bbox 1808 5550 2056 5608; x_wconf 79' lang='lat' dir='ltr'><strong>ontnium</strong></span> 
     </span>
    </p>
   </div>
   <div class='ocr_carea' id='block_1_120' title="bbox 488 5619 2060 5694">
    <p class='ocr_par' dir='ltr' id='par_1_120' title="bbox 488 5619 2060 5694">
     <span class='ocr_line' id='line_1_120' title="bbox 488 5619 2060 5694; baseline 0.003 -24"><span class='ocrx_word' id='word_1_870' title='bbox 488 5619 805 5694; x_wconf 83' lang='lat' dir='ltr'><strong>recordatus</strong></span> <span class='ocrx_word' id='word_1_871' title='bbox 855 5636 939 5677; x_wconf 88' lang='lat' dir='ltr'><strong>cst</strong></span> <span class='ocrx_word' id='word_1_872' title='bbox 993 5626 1277 5684; x_wconf 84' lang='lat' dir='ltr'><strong>Dominus.</strong></span> <span class='ocrx_word' id='word_1_873' title='bbox 1336 5637 1466 5690; x_wconf 83' lang='lat' dir='ltr'><strong>ete.,</strong></span> <span class='ocrx_word' id='word_1_874' title='bbox 1498 5639 1551 5680; x_wconf 89' lang='lat' dir='ltr'><strong>et</strong></span> <span class='ocrx_word' id='word_1_875' title='bbox 1588 5628 1755 5680; x_wconf 74' lang='lat' dir='ltr'><strong>Exod.</strong></span> <span class='ocrx_word' id='word_1_876' title='bbox 1811 5642 1907 5677; x_wconf 74' lang='lat' dir='ltr'><strong>xx:</strong></span> <span class='ocrx_word' id='word_1_877' title='bbox 1951 5628 2060 5694; x_wconf 63' lang='lat' dir='ltr'><strong>Ego</strong></span> 
     </span>
    </p>
   </div>
   <div class='ocr_carea' id='block_1_121' title="bbox 485 5690 2055 5770">
    <p class='ocr_par' dir='ltr' id='par_1_121' title="bbox 485 5690 2055 5770">
     <span class='ocr_line' id='line_1_121' title="bbox 485 5690 2055 5770; baseline 0.005 -30"><span class='ocrx_word' id='word_1_878' title='bbox 485 5703 606 5770; x_wconf 84' lang='lat' dir='ltr'><strong>sum</strong></span> <span class='ocrx_word' id='word_1_879' title='bbox 645 5690 906 5770; x_wconf 74' lang='lat' dir='ltr'><strong>Douziuus</strong></span> <span class='ocrx_word' id='word_1_880' title='bbox 956 5696 1131 5770; x_wconf 77' lang='lat' dir='ltr'><strong>fortis,</strong></span> <span class='ocrx_word' id='word_1_881' title='bbox 1176 5699 1400 5758; x_wconf 73' lang='lat' dir='ltr'><strong>aclotes,</strong></span> <span class='ocrx_word' id='word_1_882' title='bbox 1451 5697 1679 5751; x_wconf 80' lang='lat' dir='ltr'><strong>visitaus</strong></span> <span class='ocrx_word' id='word_1_883' title='bbox 1713 5690 2055 5765; x_wconf 77' lang='lat' dir='ltr'><strong>iniquitath</strong></span> 
     </span>
    </p>
   </div>
   <div class='ocr_carea' id='block_1_122' title="bbox 492 5765 2057 5837">
    <p class='ocr_par' dir='ltr' id='par_1_122' title="bbox 492 5765 2057 5837">
     <span class='ocr_line' id='line_1_122' title="bbox 492 5765 2057 5837; baseline 0.007 -28"><span class='ocrx_word' id='word_1_884' title='bbox 492 5768 702 5824; x_wconf 82' lang='lat' dir='ltr'><strong>patrum</strong></span> <span class='ocrx_word' id='word_1_885' title='bbox 743 5765 796 5815; x_wconf 90' lang='lat' dir='ltr'><strong>in</strong></span> <span class='ocrx_word' id='word_1_886' title='bbox 837 5765 973 5818; x_wconf 80' lang='lat' dir='ltr'><strong>tilios</strong></span> <span class='ocrx_word' id='word_1_887' title='bbox 1017 5767 1070 5819; x_wconf 91' lang='lat' dir='ltr'><strong>iu</strong></span> <span class='ocrx_word' id='word_1_888' title='bbox 1116 5773 1331 5820; x_wconf 79' lang='lat' dir='ltr'><strong>tertiam</strong></span> <span class='ocrx_word' id='word_1_889' title='bbox 1374 5781 1426 5823; x_wconf 81' lang='lat' dir='ltr'><strong>et</strong></span> <span class='ocrx_word' id='word_1_890' title='bbox 1467 5781 1723 5836; x_wconf 75' lang='lat' dir='ltr'><strong>quartam</strong></span> <span class='ocrx_word' id='word_1_891' title='bbox 1754 5769 2057 5837; x_wconf 71' lang='lat' dir='ltr'><strong>generatio-</strong></span> 
     </span>
    </p>
   </div>
   <div class='ocr_carea' id='block_1_123' title="bbox 2245 4921 3730 4995">
    <p class='ocr_par' dir='ltr' id='par_1_123' title="bbox 2245 4921 3730 4995">
     <span class='ocr_line' id='line_1_123' title="bbox 2245 4921 3730 4995; baseline 0.007 -21"><span class='ocrx_word' id='word_1_892' title='bbox 2245 4921 2358 4990; x_wconf 81' lang='grc'><strong>(58)</strong></span> <span class='ocrx_word' id='word_1_893' title='bbox 2393 4921 2461 4973; x_wconf 77' lang='lat' dir='ltr'><strong>Et</strong></span> <span class='ocrx_word' id='word_1_894' title='bbox 2489 4921 2768 4995; x_wconf 80' lang='lat' dir='ltr'><strong>concilium</strong></span> <span class='ocrx_word' id='word_1_895' title='bbox 2801 4921 2976 4995; x_wconf 72' lang='lat' dir='ltr'><strong>iilud.__</strong></span> <span class='ocrx_word' id='word_1_896' title='bbox 2999 4923 3090 4976; x_wconf 89' lang='lat' dir='ltr'><strong>Illa</strong></span> <span class='ocrx_word' id='word_1_897' title='bbox 3135 4923 3301 4978; x_wconf 85' lang='lat' dir='ltr'><strong>factio</strong></span> <span class='ocrx_word' id='word_1_898' title='bbox 3341 4942 3692 4995; x_wconf 83' lang='lat' dir='ltr'><strong>personarum</strong></span> <span class='ocrx_word' id='word_1_899' title='bbox 3716 4980 3730 4994; x_wconf 84' lang='grc'><em>,</em></span> 
     </span>
    </p>
   </div>
   <div class='ocr_carea' id='block_1_124' title="bbox 2169 4991 3734 5062">
    <p class='ocr_par' dir='ltr' id='par_1_124' title="bbox 2169 4991 3734 5062">
     <span class='ocr_line' id='line_1_124' title="bbox 2169 4991 3734 5062; baseline 0.008 -18"><span class='ocrx_word' id='word_1_900' title='bbox 2169 5006 2298 5060; x_wconf 72' lang='lat' dir='ltr'><strong>quae</strong></span> <span class='ocrx_word' id='word_1_901' title='bbox 2320 4996 2522 5060; x_wconf 88' lang='lat' dir='ltr'><strong>scripta</strong></span> <span class='ocrx_word' id='word_1_902' title='bbox 2554 5002 2640 5045; x_wconf 88' lang='lat' dir='ltr'><strong>est</strong></span> <span class='ocrx_word' id='word_1_903' title='bbox 2670 4993 2763 5045; x_wconf 86' lang='lat' dir='ltr'><strong>lib.</strong></span> <span class='ocrx_word' id='word_1_904' title='bbox 2799 4991 2905 5045; x_wconf 88' lang='lat' dir='ltr'><strong>Ill:</strong></span> <span class='ocrx_word' id='word_1_905' title='bbox 2945 4991 3079 5062; x_wconf 75' lang='lat' dir='ltr'><strong>Reg.</strong></span> <span class='ocrx_word' id='word_1_906' title='bbox 3105 5010 3151 5048; x_wconf 90' lang='lat' dir='ltr'><strong>c.</strong></span> <span class='ocrx_word' id='word_1_907' title='bbox 3192 4991 3352 5061; x_wconf 39' lang='lat' dir='ltr'><strong>uti;</strong></span> <span class='ocrx_word' id='word_1_908' title='bbox 3375 5001 3466 5054; x_wconf 87' lang='lat' dir='ltr'><strong>Dei</strong></span> <span class='ocrx_word' id='word_1_909' title='bbox 3502 4991 3734 5059; x_wconf 53' lang='lat' dir='ltr'><strong>interro;</strong></span> 
     </span>
    </p>
   </div>
   <div class='ocr_carea' id='block_1_125' title="bbox 2167 5061 3734 5143">
    <p class='ocr_par' dir='ltr' id='par_1_125' title="bbox 2167 5061 3734 5143">
     <span class='ocr_line' id='line_1_125' title="bbox 2167 5061 3734 5143; baseline 0.006 -28"><span class='ocrx_word' id='word_1_910' title='bbox 2167 5063 2349 5143; x_wconf 67' lang='lat' dir='ltr'><strong>gentis</strong></span> <span class='ocrx_word' id='word_1_911' title='bbox 2369 5065 2431 5143; x_wconf 78' lang='lat' dir='ltr'><strong>in</strong></span> <span class='ocrx_word' id='word_1_912' title='bbox 2465 5064 2554 5115; x_wconf 91' lang='lat' dir='ltr'><strong>illo</strong></span> <span class='ocrx_word' id='word_1_913' title='bbox 2575 5062 2832 5143; x_wconf 70' lang='lat' dir='ltr'><strong>concilio,</strong></span> <span class='ocrx_word' id='word_1_914' title='bbox 2861 5061 2997 5135; x_wconf 80' lang='lat' dir='ltr'><strong>Quis</strong></span> <span class='ocrx_word' id='word_1_915' title='bbox 3026 5061 3262 5143; x_wconf 78' lang='lat' dir='ltr'><strong>decipiet</strong></span> <span class='ocrx_word' id='word_1_916' title='bbox 3289 5069 3480 5124; x_wconf 87' lang='lat' dir='ltr'><strong>Achab</strong></span> <span class='ocrx_word' id='word_1_917' title='bbox 3511 5081 3734 5143; x_wconf 76' lang='lat' dir='ltr'><strong>regem?</strong></span> 
     </span>
    </p>
   </div>
   <div class='ocr_carea' id='block_1_126' title="bbox 2169 5133 3737 5206">
    <p class='ocr_par' dir='ltr' id='par_1_126' title="bbox 2169 5133 3737 5206">
     <span class='ocr_line' id='line_1_126' title="bbox 2169 5133 3737 5206; baseline 0.006 -21"><span class='ocrx_word' id='word_1_918' title='bbox 2169 5141 2223 5185; x_wconf 90' lang='lat' dir='ltr'><strong>et</strong></span> <span class='ocrx_word' id='word_1_919' title='bbox 2253 5134 2479 5206; x_wconf 85' lang='lat' dir='ltr'><strong>spiritus</strong></span> <span class='ocrx_word' id='word_1_920' title='bbox 2511 5133 2634 5206; x_wconf 80' lang='lat' dir='ltr'><strong>mali</strong></span> <span class='ocrx_word' id='word_1_921' title='bbox 2667 5133 3070 5206; x_wconf 70' lang='lat' dir='ltr'><strong>stantisctn&#39;am</strong></span> <span class='ocrx_word' id='word_1_922' title='bbox 3107 5133 3215 5189; x_wconf 85' lang='lat' dir='ltr'><strong>Deo</strong></span> <span class='ocrx_word' id='word_1_923' title='bbox 3246 5139 3300 5190; x_wconf 89' lang='lat' dir='ltr'><strong>iu</strong></span> <span class='ocrx_word' id='word_1_924' title='bbox 3335 5150 3505 5206; x_wconf 87' lang='lat' dir='ltr'><strong>terra,</strong></span> <span class='ocrx_word' id='word_1_925' title='bbox 3537 5133 3599 5198; x_wconf 67' lang='lat' dir='ltr'><strong>ei</strong></span> <span class='ocrx_word' id='word_1_926' title='bbox 3621 5161 3737 5200; x_wconf 73' lang='lat' dir='ltr'><strong>res-</strong></span> 
     </span>
    </p>
   </div>
   <div class='ocr_carea' id='block_1_127' title="bbox 2167 5202 3736 5283">
    <p class='ocr_par' dir='ltr' id='par_1_127' title="bbox 2167 5202 3736 5283">
     <span class='ocr_line' id='line_1_127' title="bbox 2167 5202 3736 5283; baseline 0.01 -29"><span class='ocrx_word' id='word_1_927' title='bbox 2167 5205 2477 5283; x_wconf 79' lang='lat' dir='ltr'><strong>pondentis,</strong></span> <span class='ocrx_word' id='word_1_928' title='bbox 2539 5202 2650 5272; x_wconf 78' lang='lat' dir='ltr'><strong>Ego</strong></span> <span class='ocrx_word' id='word_1_929' title='bbox 2705 5205 2966 5272; x_wconf 80' lang='lat' dir='ltr'><strong>ueeipiam</strong></span> <span class='ocrx_word' id='word_1_930' title='bbox 3024 5205 3195 5283; x_wconf 86' lang='lat' dir='ltr'><strong>illum,</strong></span> <span class='ocrx_word' id='word_1_931' title='bbox 3250 5219 3305 5262; x_wconf 89' lang='lat' dir='ltr'><strong>et</strong></span> <span class='ocrx_word' id='word_1_932' title='bbox 3361 5227 3456 5283; x_wconf 88' lang='lat' dir='ltr'><strong>ero</strong></span> <span class='ocrx_word' id='word_1_933' title='bbox 3491 5202 3736 5283; x_wconf 75' lang='lat' dir='ltr'><strong>spiritus</strong></span> 
     </span>
    </p>
   </div>
   <div class='ocr_carea' id='block_1_128' title="bbox 2168 5276 3730 5351">
    <p class='ocr_par' dir='ltr' id='par_1_128' title="bbox 2168 5276 3730 5351">
     <span class='ocr_line' id='line_1_128' title="bbox 2168 5276 3730 5351; baseline 0.006 -27"><span class='ocrx_word' id='word_1_934' title='bbox 2168 5277 2401 5351; x_wconf 69' lang='lat' dir='ltr'><strong>mendax</strong></span> <span class='ocrx_word' id='word_1_935' title='bbox 2437 5276 2618 5351; x_wconf 40' lang='lat' dir='ltr'><strong>inhore</strong></span> <span class='ocrx_word' id='word_1_936' title='bbox 2655 5288 2900 5351; x_wconf 80' lang='lat' dir='ltr'><strong>ommum</strong></span> <span class='ocrx_word' id='word_1_937' title='bbox 2926 5279 3315 5351; x_wconf 82' lang='lat' dir='ltr'><strong>prophetarum</strong></span> <span class='ocrx_word' id='word_1_938' title='bbox 3341 5282 3482 5351; x_wconf 84' lang='lat' dir='ltr'><strong>ejus,</strong></span> <span class='ocrx_word' id='word_1_939' title='bbox 3513 5276 3569 5337; x_wconf 73' lang='grc' dir='ltr'><strong>εὶ</strong></span> <span class='ocrx_word' id='word_1_940' title='bbox 3596 5287 3730 5340; x_wconf 70' lang='lat' dir='ltr'><strong>dmi</strong></span> 
     </span>
    </p>
   </div>
   <div class='ocr_carea' id='block_1_129' title="bbox 2143 5343 3734 5418">
    <p class='ocr_par' dir='ltr' id='par_1_129' title="bbox 2143 5343 3734 5418">
     <span class='ocr_line' id='line_1_129' title="bbox 2143 5343 3734 5418; baseline 0.012 -27"><span class='ocrx_word' id='word_1_941' title='bbox 2143 5343 2462 5418; x_wconf 78' lang='lat' dir='ltr'><strong>&#39;Domiuus,</strong></span> <span class='ocrx_word' id='word_1_942' title='bbox 2486 5344 2754 5411; x_wconf 80' lang='lat' dir='ltr'><strong>Decipies,</strong></span> <span class='ocrx_word' id='word_1_943' title='bbox 2792 5362 2855 5418; x_wconf 64' lang='lat' dir='ltr'><strong>ei</strong></span> <span class='ocrx_word' id='word_1_944' title='bbox 2882 5343 3225 5412; x_wconf 71' lang='lat' dir='ltr'><strong>prazvalebis,</strong></span> <span class='ocrx_word' id='word_1_945' title='bbox 3261 5343 3540 5418; x_wconf 76' lang='lat' dir='ltr'><strong>egredere,</strong></span> <span class='ocrx_word' id='word_1_946' title='bbox 3571 5365 3626 5406; x_wconf 68' lang='lat' dir='ltr'><strong>et</strong></span> <span class='ocrx_word' id='word_1_947' title='bbox 3649 5357 3734 5410; x_wconf 82' lang='lat' dir='ltr'><strong>fac</strong></span> 
     </span>
    </p>
   </div>
   <div class='ocr_carea' id='block_1_130' title="bbox 2167 5411 3735 5493">
    <p class='ocr_par' dir='ltr' id='par_1_130' title="bbox 2167 5411 3735 5493">
     <span class='ocr_line' id='line_1_130' title="bbox 2167 5411 3735 5493; baseline 0.011 -30"><span class='ocrx_word' id='word_1_948' title='bbox 2167 5411 2243 5493; x_wconf 40' lang='lat' dir='ltr'><strong>ita.</strong></span> <span class='ocrx_word' id='word_1_949' title='bbox 2265 5432 2294 5493; x_wconf 80' lang='lat'><strong>;_</strong></span> <span class='ocrx_word' id='word_1_950' title='bbox 2314 5415 2425 5477; x_wconf 84' lang='lat' dir='ltr'><strong>illa,</strong></span> <span class='ocrx_word' id='word_1_951' title='bbox 2453 5416 2701 5493; x_wconf 80' lang='lat' dir='ltr'><strong>inquam,</strong></span> <span class='ocrx_word' id='word_1_952' title='bbox 2750 5411 2898 5493; x_wconf 63' lang='lat' dir='ltr'><strong>lii-tio</strong></span> <span class='ocrx_word' id='word_1_953' title='bbox 2928 5411 3475 5493; x_wconf 54' lang='lat' dir='ltr'><strong>personartuuvdocel</strong></span> <span class='ocrx_word' id='word_1_954' title='bbox 3506 5411 3735 5492; x_wconf 78' lang='lat' dir='ltr'><strong>mystice</strong></span> 
     </span>
    </p>
   </div>
   <div class='ocr_carea' id='block_1_131' title="bbox 2165 5482 3734 5562">
    <p class='ocr_par' dir='ltr' id='par_1_131' title="bbox 2165 5482 3734 5562">
     <span class='ocr_line' id='line_1_131' title="bbox 2165 5482 3734 5562; baseline 0.011 -31"><span class='ocrx_word' id='word_1_955' title='bbox 2165 5484 2416 5562; x_wconf 74' lang='lat' dir='ltr'><strong>spiritum</strong></span> <span class='ocrx_word' id='word_1_956' title='bbox 2455 5488 2681 5562; x_wconf 70' lang='lat' dir='ltr'><strong>fallaciae</strong></span> <span class='ocrx_word' id='word_1_957' title='bbox 2729 5487 2803 5538; x_wconf 85' lang='lat' dir='ltr'><strong>uti</strong></span> <span class='ocrx_word' id='word_1_958' title='bbox 2840 5482 3158 5540; x_wconf 74' lang='lat' dir='ltr'><strong>horninibus</strong></span> <span class='ocrx_word' id='word_1_959' title='bbox 3200 5492 3381 5558; x_wconf 89' lang='lat' dir='ltr'><strong>impiis</strong></span> <span class='ocrx_word' id='word_1_960' title='bbox 3413 5501 3467 5544; x_wconf 89' lang='lat' dir='ltr'><strong>et</strong></span> <span class='ocrx_word' id='word_1_961' title='bbox 3495 5482 3734 5548; x_wconf 74' lang='lat' dir='ltr'><strong>scelera-</strong></span> 
     </span>
    </p>
   </div>
   <div class='ocr_carea' id='block_1_132' title="bbox 2165 5556 3736 5629">
    <p class='ocr_par' dir='ltr' id='par_1_132' title="bbox 2165 5556 3736 5629">
     <span class='ocr_line' id='line_1_132' title="bbox 2165 5556 3736 5629; baseline 0.01 -27"><span class='ocrx_word' id='word_1_962' title='bbox 2165 5556 2233 5629; x_wconf 62' lang='lat' dir='ltr'><strong>iis</strong></span> <span class='ocrx_word' id='word_1_963' title='bbox 2265 5565 2524 5629; x_wconf 82' lang='lat' dir='ltr'><strong>tanquam</strong></span> <span class='ocrx_word' id='word_1_964' title='bbox 2577 5556 2976 5629; x_wconf 79' lang='lat' dir='ltr'><strong>instrumentis,</strong></span> <span class='ocrx_word' id='word_1_965' title='bbox 3022 5568 3076 5610; x_wconf 91' lang='lat' dir='ltr'><strong>et</strong></span> <span class='ocrx_word' id='word_1_966' title='bbox 3124 5575 3218 5626; x_wconf 85' lang='lat' dir='ltr'><strong>per</strong></span> <span class='ocrx_word' id='word_1_967' title='bbox 3271 5556 3366 5613; x_wconf 81' lang='lat' dir='ltr'><strong>eos</strong></span> <span class='ocrx_word' id='word_1_968' title='bbox 3414 5566 3736 5629; x_wconf 67' lang='lat' dir='ltr'><strong>promittere</strong></span> 
     </span>
    </p>
   </div>
   <div class='ocr_carea' id='block_1_133' title="bbox 2161 5622 3732 5705">
    <p class='ocr_par' dir='ltr' id='par_1_133' title="bbox 2161 5622 3732 5705">
     <span class='ocr_line' id='line_1_133' title="bbox 2161 5622 3732 5705; baseline 0.008 -31"><span class='ocrx_word' id='word_1_969' title='bbox 2161 5622 2822 5705; x_wconf 56' lang='lat' dir='ltr'><strong>falsoricturiani,_idque</strong></span> <span class='ocrx_word' id='word_1_970' title='bbox 2856 5622 3138 5705; x_wconf 30' lang='lat' dir='ltr'><strong>permissu-</strong></span> <span class='ocrx_word' id='word_1_971' title='bbox 3156 5629 3246 5683; x_wconf 86' lang='lat' dir='ltr'><strong>Dei</strong></span> <span class='ocrx_word' id='word_1_972' title='bbox 3279 5622 3430 5690; x_wconf 46' lang='lat' dir='ltr'><strong>lleri;</strong></span> <span class='ocrx_word' id='word_1_973' title='bbox 3447 5634 3574 5698; x_wconf 86' lang='lat' dir='ltr'><strong>quia</strong></span> <span class='ocrx_word' id='word_1_974' title='bbox 3606 5649 3732 5687; x_wconf 87' lang='lat' dir='ltr'><strong>cum</strong></span> 
     </span>
    </p>
   </div>
   <div class='ocr_carea' id='block_1_134' title="bbox 2162 5695 3736 5775">
    <p class='ocr_par' dir='ltr' id='par_1_134' title="bbox 2162 5695 3736 5775">
     <span class='ocr_line' id='line_1_134' title="bbox 2162 5695 3736 5775; baseline 0.008 -29"><span class='ocrx_word' id='word_1_975' title='bbox 2162 5695 2452 5775; x_wconf 72' lang='lat' dir='ltr'><strong>prohibere</strong></span> <span class='ocrx_word' id='word_1_976' title='bbox 2502 5697 2846 5775; x_wconf 28' lang='lat' dir='ltr'><strong>possittnon</strong></span> <span class='ocrx_word' id='word_1_977' title='bbox 2886 5699 3168 5775; x_wconf 69' lang='lat' dir='ltr'><strong>prohibet,</strong></span> <span class='ocrx_word' id='word_1_978' title='bbox 3208 5715 3336 5767; x_wconf 77' lang='lat' dir='ltr'><strong>quia</strong></span> <span class='ocrx_word' id='word_1_979' title='bbox 3375 5695 3628 5775; x_wconf 79' lang='lat' dir='ltr'><strong>indiguus</strong></span> <span class='ocrx_word' id='word_1_980' title='bbox 3665 5706 3736 5759; x_wconf 91' lang='lat' dir='ltr'><strong>sit</strong></span> 
     </span>
    </p>
   </div>
   <div class='ocr_carea' id='block_1_135' title="bbox 2161 5767 3731 5838">
    <p class='ocr_par' dir='ltr' id='par_1_135' title="bbox 2161 5767 3731 5838">
     <span class='ocr_line' id='line_1_135' title="bbox 2161 5767 3731 5838; baseline 0.01 -22"><span class='ocrx_word' id='word_1_981' title='bbox 2161 5767 2410 5820; x_wconf 84' lang='lat' dir='ltr'><strong>custodia</strong></span> <span class='ocrx_word' id='word_1_982' title='bbox 2444 5777 2498 5820; x_wconf 89' lang='lat' dir='ltr'><strong>ct</strong></span> <span class='ocrx_word' id='word_1_983' title='bbox 2522 5768 2949 5837; x_wconf 66' lang='lat' dir='ltr'><strong>dz-l&#39;cusiouequi</strong></span> <span class='ocrx_word' id='word_1_984' title='bbox 2981 5770 3268 5838; x_wconf 78' lang='lat' dir='ltr'><strong>decipitur,</strong></span> <span class='ocrx_word' id='word_1_985' title='bbox 3303 5767 3731 5831; x_wconf 73' lang='lat' dir='ltr'><strong>uttuuéAchab.</strong></span> 
     </span>
    </p>
   </div>
  </div>
