4048 6452
396 312 510 382 7.51.

1543 311 1877 373 JOANNIS
1912 309 2484 371 CYPARlSSIOT/E

3532 312 3642 376 752

391 431 701 487 edisserens
725 446 737 482 :
759 426 1076 498 Oportebat,
1101 428 1294 498 inquit,
1328 437 1384 482 ut
1408 428 1691 482 hocetiam
1713 443 1967 498 corporeo
1995 435 2040 492 Α
2070 443 2303 496 nemque
2331 426 2677 496 splendorem
2731 434 2992 496 superat;
3045 425 3356 497 formasque
3388 429 3461 495 ei,
3503 433 3643 500 ligo.

393 529 706 591 appareret,
729 522 771 574 si
801 520 1021 590 quidem
1053 519 1222 575 Filius
1254 520 1534 574 nobiscum
1560 534 1822 587 corporee
1847 536 1965 574 ver-

391 616 638 669 sabatur.
678 611 743 666 Et
777 627 971 666 rursus
1007 613 1148 666 idem
1182 611 1317 665 alias
1343 627 1356 666 :
1381 611 1513 665 Cum
1541 609 1718 682 fulgor
1739 611 1964 680 angelo-

393 721 512 760 rum
545 717 596 760 et
629 703 887 774 splendor
917 719 1177 772 corporee
1205 703 1514 773 signantur,
1557 703 1797 759 arbitror
1823 720 1968 775 sym-

392 794 578 847 bolum
611 807 734 847 csse
752 791 1015 860 puritatis
1042 805 1250 844 eorum.
1275 793 1354 845 Ad
1382 791 1517 857 haec,
1548 792 1768 846 divinus
1799 792 1968 863 Chry-

393 895 667 941 sostomus
690 884 1001 954 generalius
1028 884 1135 938 hoc
1159 891 1436 939 tractans:
1468 883 1523 936 Et
1553 886 1619 950 si,
1654 884 1853 954 inquit,
1878 882 1969 940 lie-

392 976 438 1030 ri
495 974 690 1044 potuit,
722 979 780 1048 u't_
815 975 1050 1042 Spiritus
1081 985 1304 1029 sanctus
1332 975 1505 1029 oculis
1541 976 1808 1044 corporis,
1844 989 1968 1043 spe-

392 1068 472 1120 cie
495 1066 760 1119 columba:
793 1065 1086 1128 videretur,
1123 1081 1228 1118 non
1257 1077 1433 1120 tamen
1457 1067 1718 1122 continuo
1743 1068 1969 1120 omnino

392 1171 614 1211 necesse
634 1155 762 1229 fuit,
783 1165 840 1209 ut
863 1157 1119 1209 omnibus
1143 1157 1242 1208 hoe
1267 1156 1421 1209 fieret
1445 1155 1815 1221 manifestum,
1842 1171 1966 1210 nam

394 1259 448 1302 et
472 1247 770 1301 Zacharias
798 1247 969 1300 multa
997 1247 1126 1300 vidit
1150 1247 1331 1314 specie
1355 1245 1455 1300 sub
1475 1261 1696 1300 sensum
1722 1247 1969 1312 cadente,

391 1350 445 1395 et
481 1343 607 1393 item
637 1339 908 1402 Ezechiel,
953 1355 1112 1394 neruo
1145 1351 1322 1393 tamen
1354 1340 1710 1394 aliuseadem
1740 1353 1864 1394 cum
1890 1337 1970 1395 eis

392 1435 562 1499 vidit;
595 1442 648 1488 et
683 1433 894 1500 Moyses
925 1433 1094 1485 multa
1127 1432 1280 1498 vidit,
1326 1447 1448 1501 qua:
1486 1431 1669 1486 nullus
1700 1431 1883 1496 alius;
1919 1439 1974 1484 et

392 1526 929 1596 tr:msfigurationem
981 1524 1125 1578 illam
1167 1539 1289 1592 qua:
1339 1526 1391 1578 itt
1450 1532 1635 1579 monte
1675 1522 1816 1578 facta
1863 1509 1970 1589 est,

391 1637 500 1676 non
541 1636 735 1675 omnes
769 1617 1022 1688 discipuli
1060 1625 1461 1686 perceperunt;
1500 1629 1678 1684 neque
1714 1615 1852 1668 visio
1886 1627 1973 1668 re-

393 1712 753 1769 surrectionis
769 1711 968 1765 Christi
995 1725 1116 1765 cum
1142 1709 1400 1763 omnibus
1421 1706 1821 1762 communicata
1847 1704 1970 1768 fuit,

2047 796 2190 849 ichia
2224 793 2361 865 (12),
2393 794 2697 864 posteriora
2732 793 2869 864 (l5),

2069 535 2268 590 rusque
2299 519 2592 579 humanas,
2624 525 2719 572 aut
2747 519 2952 588 igneas,
2986 527 3080 573 attt
3112 521 3297 574 electri
3340 523 3640 590 inducunt;

2069 619 2125 666 et
2167 611 2358 665 oculos
2391 609 2511 679 ejus
2550 606 2650 678 (5),
2700 618 2863 678 atque
2913 624 3074 664 aures
3110 609 3212 678 (6),
3261 612 3493 679 capillos
3538 613 3642 684 (7),

2069 702 2236 757 facies
2263 701 2364 771 (8),
2393 717 2587 755 manus
2615 701 2711 771 (9),
2741 702 2993 770 scapulas
3021 704 3160 774 (l0),
3199 703 3315 759 alas
3348 705 3484 775 (ll),
3515 706 3644 760 bra-

2943 802 2998 848 et
3040 795 3208 863 pedes
3275 796 3386 865 (ll)
3419 797 3645 851 laudant

2070 894 2181 939 tttm
2212 899 2445 938 coronas
2471 884 2607 954 (l5),
2633 884 2792 939 sedes
2819 885 2954 955 (ιδ),
2983 887 3178 952 pocula
3213 887 3347 956 (Π),
3381 897 3435 942 et
3465 897 3644 942 crate-

2069 993 2160 1031 ras
2193 978 2330 1046 (18),
2367 984 2422 1031 ct
2443 979 2691 1046 quaedam
2729 977 2833 1030 alia
2864 977 2911 1031 ei
2943 978 3226 1047 allingunt,
3261 982 3328 1032 de
3353 981 3557 1048 quibus
3590 983 3642 1032 in

2068 1069 2369 1138 symbolica
2417 1069 2689 1136 theologia
2726 1081 2824 1135 pro
2868 1068 3007 1121 virili
3042 1080 3198 1136 parte
3239 1069 3507 1124 dicemus.
3544 1070 3644 1124 Se-

2070 1162 2252 1217 cundo
2285 1169 2466 1215 autem
2497 1163 2675 1229 capite
2700 1153 2940 1215 cmlestis
2978 1160 3310 1216 llierarcltia:
3340 1163 3450 1216 ait:
3489 1161 3645 1229 Quod

2071 1269 2199 1307 vero
2239 1267 2305 1306 ea
2337 1267 2458 1321 qua:
2489 1253 2694 1327 signari
2724 1269 2828 1308 non
2858 1261 3107 1322 poSsunt,
3143 1255 3531 1309 convenienter
3575 1258 3648 1310 si-

2069 1345 2192 1415 gnis
2225 1344 2442 1398 obtecta
2475 1340 2612 1404 sint,
2644 1357 2695 1396 et
2734 1359 2857 1412 quae
2911 1346 3131 1412 figurari
3169 1355 3471 1414 nequeunt,
3506 1347 3648 1415 figu-

2072 1437 2188 1500 ris;
2242 1451 2403 1490 nemo
2456 1435 2560 1489 hoc
2594 1434 2770 1488 solum
2819 1436 2872 1489 in
2923 1451 3090 1490 causa
3133 1452 3254 1491 esse
3283 1439 3449 1503 dicet,
3499 1439 3645 1507 quod

2074 1525 2430 1595 proportione
2464 1534 2654 1579 nostra
2703 1539 2810 1578 non
2866 1529 3144 1593 possimus
3187 1526 3308 1580 sine
3357 1526 3646 1595 interjecto

2073 1617 2399 1671 intermedio
2429 1615 2495 1670 ad
2529 1616 3015 1684 contemplationes
3051 1632 3238 1671 earum
3291 1615 3472 1670 rerum
3524 1633 3647 1687 qua:

2075 1709 2176 1762 sub
2211 1707 2622 1778 intelligentiam
2662 1707 2885 1771 cadunt,
2917 1707 3090 1761 adniti
3120 1725 3132 1771 ;
3168 1722 3413 1776 Opusque
3444 1709 3515 1768 sit
3548 1724 3648 1760 no-

394 1809 557 1876 idque
588 1814 776 1875 aperte
801 1804 974 1858 Lucas
998 1803 1258 1864 declarat,
1291 1817 1415 1856 cum
1447 1801 1558 1854 ait:
1586 1798 1655 1852 Et
1684 1801 1826 1852 dedit
1852 1813 1971 1852 eum
2005 1774 2046 1830 Β
2075 1801 2160 1854 bis
2188 1774 2550 1855 familiaribus
2577 1809 2630 1853 et
2656 1809 2868 1853 natura:
2899 1809 3099 1854 nostra
3129 1774 3381 1868 cognatis
3411 1799 3647 1853 admini-

395 1898 729 1968 munifestum
745 1897 863 1965 ﬁeri
887 1895 1098 1949 tatibus
1121 1894 1492 1964 pra'ordina.'is
1515 1910 1546 1946 a
1570 1891 1680 1945 Deo
1703 1893 1745 1955 ',
1775 1899 1828 1945 et
1850 1902 1972 1944 rur-

395 2007 490 2046 sus
525 1992 665 2043 ident
700 1988 1124 2058 Chrysostomus
1153 1984 1376 2040 humilia
1405 1983 1497 2048 26,
1533 1984 1586 2036 in
1615 1981 1970 2052 Evangelium

394 2078 660 2133 Joannis:
693 2077 867 2133 Omne
899 2075 1030 2129 illud
1061 2073 1208 2144 quod
1241 2074 1345 2128 sub
1375 2088 1599 2128 sensum
1634 2071 1782 2125 cadit
1839 2069 1971 2124 sub-

394 2172 657 2226 stantiam
719 2168 1036 2238 angelorum
1094 2165 1374 2220 declarare
1427 2179 1534 2217 non
1597 2171 1813 2232 patest,
1876 2160 1971 2216 sed

395 2278 624 2334 corpus,
657 2257 802 2332 quod
833 2261 996 2314 habet
1027 2256 1476 2316 crassitudinem,
1507 2264 1561 2309 et
1593 2253 1868 2321 triplicem
1894 2251 1974 2304 di-

397 2357 756 2412 mensionem.
793 2354 868 2407 Ex
915 2352 999 2407 his
1023 2364 1153 2421 ergo
1201 2347 1553 2419 perspicuum
1593 2343 1790 2407 evadit,
1827 2343 1972 2418 qupd

397 2447 675 2516 theologia
703 2443 1028 2518 symbolica,
1055 2457 1176 2511 quae
1209 2442 1262 2493 in
1303 2437 1487 2509 specie
1509 2437 1629 2493 sive
1659 2437 1832 2489 forma
1855 2449 1976 2488 cor-

397 2553 562 2608 porea
601 2536 890 2597 fortnatur,
923 2533 990 2587 iis
1020 2532 1239 2600 quidcut
1289 2531 1382 2599 qui
1416 2527 1564 2598 digni
1604 2536 1757 2591 sunt,
1796 2535 1976 2580 notes-

396 2632 504 2698 cit;
543 2629 769 2700 reliquis
795 2643 924 2682 vero
956 2627 1214 2680 omnibus
1238 2625 1289 2676 in
1320 2639 1522 2678 arcano
1552 2630 1607 2675 et
1636 2619 1854 2675 occulto
1886 2633 1974 2672 re-

398 2723 701 2794 linquitur;
737 2721 883 2790 quod
917 2719 1025 2774 illis
1066 2717 1202 2771 visis
1229 2716 1340 2771 alte
1379 2714 1744 2784 signiﬁcatur.

1004 2851 1236 2910 CAPUT
1278 2853 1364 2907 IV.

402 2978 558 3044 Quod
590 2974 887 3048 symbolicce
917 2973 1211 3048 theotogiaj,
1231 2984 1355 3039 qua:
1382 2968 1434 3019 in
1465 2964 1976 3048 aperiensublsensu‘m

471 3033 691 3103 caderite
711 3053 972 3108 versatur,
1005 3033 1276 3112 pro—prium
1303 3048 1401 3103 est,
1430 3033 1501 3091 ut
1533 3035 1852 3105 quibusdam
1894 3033 1976 3087 di—

471 3120 605 3173 vinis
630 3127 678 3171 et
709 3115 876 3170 sacris
907 3111 1029 3167 visis
1059 3111 1394 3180 informatur.

471 3231 698 3300 Magnus
723 3226 1017 3298 Dionysius
1048 3223 1101 3276 in
1137 3223 1316 3290 primo
1351 3220 1424 3274 De
1455 3219 1646 3273 divinis
1680 3213 1978 3272 nominibus

399 3324 580 3393 capite
607 3323 723 3376 ait:
760 3319 922 3388 Atqui
973 3317 1206 3384 theologi
1257 3329 1364 3366 non
1418 3312 1535 3366 [nec
1564 3311 1742 3365 solum
1794 3307 1978 3361 divina

401 3413 625 3468 nomina
647 3409 944 3471 celebrant,
966 3421 1089 3475 qua:
1116 3421 1145 3458 a
1168 3401 1528 3473 providentiis
1551 3401 1602 3451 in
1626 3395 1978 3466 universo(l)

403 3513 499 3560 aut
531 3504 583 3558 in
617 3510 769 3574 parte
798 3499 897 3572 (2),
935 3506 1031 3553 aut
1060 3497 1127 3550 ab
1170 3497 1238 3550 iis
1273 3509 1392 3563 quae
1440 3480 1838 3562 providentiam
1883 3504 1979 3544 ca-

405 3599 585 3668 piunt,
640 3598 934 3656 ducuntur,
985 3590 1078 3646 sed
1108 3587 1272 3642 etiam
1312 3602 1342 3640 a
1395 3583 1724 3652 quibusdam
1779 3579 1981 3635 divinis

402 3690 539 3744 visis
568 3687 671 3758 (5),
713 3700 834 3756 qua:
867 3680 1164 3752 aliquando
1191 3679 1245 3732 in
1277 3675 1452 3732 sacris
1497 3673 1714 3742 templis
1753 3671 1853 3742 (4).
1887 3677 1983 3725 aut

408 3784 547 3837 forte
590 3779 719 3835 alibi
755 3776 1050 3847 magistros
1105 3768 1516 3842 mysteriorum,
1567 3765 1652 3819 vel
1687 3763 1980 3835 pr0phetas

407 3874 814 3937 illuminarunt,
841 3869 913 3924 ob
943 3863 1299 3933 multiplicem
1339 3874 1560 3915 causam
1589 3866 1645 3911 et
1669 3857 1776 3912 vim
1805 3855 1986 3912 nomi-

406 3975 542 4023 nant
576 3964 784 4021 bonitat
821 3975 875 4015 ω
911 3957 1173 4020 divinam,
1225 3965 1346 4022 qua:
1389 3964 1552 4006 omne
1596 3962 1820 4015 nomen,
1855 3962 1976 4002 om-

486 4158 504 4188 ⁸
533 4156 657 4208 Act.
688 4166 743 4214 κ,
802 4147 892 4213 40,
925 4145 1014 4200 Η.

2075 1895 2236 1955 culis,
2267 1907 2388 1961 quze
2413 1892 2618 1946 formas
2641 1892 2919 1955 exhibent,
2943 1907 3082 1960 quas
3105 1906 3305 1960 capere
3332 1907 3645 1961 possumus,

2071 2001 2260 2040 eorum
2293 2002 2412 2054 qua:
2444 1985 2662 2039 formari
2697 1994 2994 2053 nequeunt,
3025 2000 3252 2054 quaeque
3281 1995 3528 2040 naturam
3557 2004 3648 2040 su-

2075 2088 2297 2148 perant,
2335 2078 2428 2132 sed
2458 2077 2621 2130 etiam
2655 2077 2798 2145 quod
2831 2078 2933 2130 hoc
2969 2079 3138 2144 magis
3177 2080 3436 2146 Inysticas
3464 2077 3650 2145 Scrip-

2077 2177 2229 2222 turas
2289 2168 2466 2233 decet,
2506 2177 2565 2220 ut
2602 2167 2819 2220 arcanis
2849 2177 2902 2220 et
2929 2167 3100 2221 sacris
3135 2168 3515 2240 aurigantibus
3547 2171 3648 2222 ob-

2075 2267 2352 2327 tegantur,
2382 2265 2437 2311 et
2471 2272 2578 2312 non
2613 2267 2796 2326 pateat
2826 2249 2992 2327 vulgo
3036 2259 3216 2312 aditus
3242 2259 3308 2312 ad
3351 2274 3560 2313 sacram
3595 2268 3650 2312 et

2075 2351 2345 2406 occultam
2377 2351 2689 2404 divinarum
2737 2352 3003 2405 mentium
3039 2339 3350 2404 veritatem.
3384 2351 3517 2404 Hinc
3550 2351 3651 2418 igi-

2079 2452 2168 2497 tur
2213 2451 2362 2510 patet
2417 2457 2632 2496 omnem
2676 2442 3008 2510 theologiam
3053 2441 3404 2511 sytnbolieam
3453 2441 3651 2495 habere

2079 2531 2286 2600 aliquid
2315 2529 2574 2592 elﬁctu-tn,
2610 2532 2725 2585 sive
2754 2531 2886 2584 illud
2937 2532 3008 2585 sit
3049 2531 3102 2583 in
3129 2531 3504 2593 sermOnibus,
3537 2531 3652 2584 sive

2080 2620 2134 2674 in
2171 2620 2508 2684 nominibus,
2547 2620 2663 2674 sive
2694 2621 2854 2674 etiam
2886 2622 2938 2674 in
2978 2620 3171 2674 formis
3209 2623 3396 2675 sensui
3437 2621 3653 2690 subjec-

2079 2713 2170 2778 tis,
2219 2712 2456 2766 maxime
2491 2727 2618 2766 vero
2649 2712 2931 2780 proprium
2979 2721 3066 2766 est
3113 2712 3396 2779 theol0gia:
3431 2713 3652 2781 symbo-

2080 2805 2221 2866 licaz,
2253 2819 2374 2873 qua:
2407 2805 2458 2857 in
2496 2803 2564 2858 iis
2589 2818 2711 2872 quae
2741 2819 2905 2858 sensu
2953 2804 3350 2872 percipiuntur,
3382 2813 3651 2871 versatur,

2080 2897 2290 2949 formas
2313 2909 2376 2947 ex
2404 2895 2735 2948 animalibus
2759 2911 2879 2964 quae
2902 2901 3224 2958 cernuntur,
3259 2904 3353 2948 aut
3374 2910 3436 2948 ex
3465 2910 3651 2949 eorum

2080 2988 2328 3055 partibus
2363 2986 2615 3058 eﬂingcre
2642 2993 2696 3040 et
2725 2986 2972 3052 induere,
3001 3001 3175 3056 neque
3206 2986 3378 3042 solum
3413 3002 3478 3039 ex
3527 2987 3652 3039 tali-

2080 3081 2203 3144 bus,
2246 3079 2340 3133 sed
2387 3095 2450 3134 ex
2499 3078 2778 3132 coloribus
2821 3079 3003 3133 omnis
3045 3079 3282 3150 generis,
3322 3093 3443 3146 qua:
3471 3079 3654 3131 onmia

2079 3186 2245 3226 verus
2289 3171 2380 3241 ille
2424 3171 2711 3239 theologus
2755 3168 3052 3240 Dionysius
3101 3185 3211 3223 uno
3252 3172 3419 3222 vcrho
3466 3171 3554 3221 div
3583 3184 3652 3220 na

2079 3263 2195 3317 visa
2225 3263 2536 3331 appellavit,
2575 3262 2921 3332 distinguens
2945 3275 3009 3316 ea
3035 3275 3063 3315 a
3101 3259 3347 3331 profanis
3380 3270 3432 3314 et
3463 3259 3656 3315 fortui-

2083 3357 2154 3410 tis
2184 3355 2337 3411 visis.
2463 3357 2465 3359 ’

2696 3468 2929 3526 CAPUT
2971 3468 3037 3524 V.

2078 3582 2232 3649 Quod
2262 3582 2434 3636 omnis
2463 3583 2623 3636 etiam
2651 3581 2930 3650 iniattgelis
2953 3596 3107 3633 sacra
3136 3581 3390 3650 formatio
3421 3583 3488 3634 ad
3516 3579 3656 3634 hanc

2312 3665 2521 3722 partem
2549 3649 2850 3720 symbolica:
2881 3649 3143 3720 tltofogiw'
3160 3650 3406 3718 refertur.

2160 3768 2389 3839 Magnus
2433 3767 2726 3838 Dionysius
2770 3765 3015 3822 secundo
3055 3765 3232 3835 capite
3279 3763 3514 3819 Caelestis
3545 3765 3656 3817 hie-

2089 3858 2357 3914 rarcltite:
2387 3859 2468 3915 Ad
2511 3858 2627 3913 haec
2659 3857 2951 3912 dicendum
2983 3863 3091 3921 est,
3122 3855 3322 3925 quibus
3348 3853 3539 3909 formis
3565 3871 3662 3908 sa—

2087 3953 2197 4005 cris
2231 3965 2404 4006 sacrze
2433 3949 2732 4019 Scriptura:
2760 3946 3012 4004 ctelestes
3043 3945 3262 4002 ordines
3292 3943 3528 4016 ﬁgurant
3553 3961 3570 4013 ;
3605 3952 3661 4000 et

1723 4289 1970 4354 Scholia
2002 4289 2064 4356 S.
2098 4292 2371 4353 Maximi.

481 4446 559 4518 (ι)
595 4442 660 4497 In
710 4441 970 4494 universo.
1029 4433 1098 4488 Ut
1129 4446 1221 4518 rex
1245 4469 1266 4508 ._
1310 4432 1549 4502 creator,
1577 4420 1982 4518 lomnipoteni.
2018 4423 2062 4478 D
2095 4416 2358 4518 facti‘e‘ntﬁs
2395 4423 2561 4518 mala;

415 4487 962 4574 il£é’eiti'.n".'{bh}iita
1000 4487 1128 4558 sunt
1159 4487 1359 4555 divina:
1397 4489 1757 4564 providentia:
1789 4487 1844 4540 ιιι
1889 4499 1980 4552 ge-

410 4604 558 4729 "egi
597 4655 662 4708 In
692 4658 866 4721 parte.
899 4647 974 4702 Ut
1019 4645 1165 4699 Deus
1202 4639 1455 4719 deorum»
1509 4623 1992 4729 Ofiliillfsmfliggli’

415 4696 980 4791 "crdidit";
1071 4696 1178 4767 non
1201 4708 1348 4763 enim
1382 4696 1596 4765 omnes,
1628 4696 1725 4754 sed
1767 4696 1989 4765 quidam

413 4785 673 4854 dicuntur
703 4792 805 4850 dii.
833 4785 1063 4848 “Duillii.
1101 4794 1276 4856 Γθεθξι
1313 4845 1323 4856 ,
1493 4840 1529 4856 η
1569 4840 1580 4853 .
1619 4839 1667 4856 ._
1704 4833 1932 4856 “nul-”

910 4833 1465 4938 iBEi’rie'ienuongg
1492 4840 1584 4896 Dei

483 4903 562 5008 lii
599 4903 1244 5008 statim.esse
1281 4917 1372 5008 [³ίῖ
1393 4913 1712 5008 Pimtfii'i
1730 4903 1994 5008 “£51.33;

416 4973 562 5066 sum,
1159 4990 1479 5075 videturque
1530 4973 1734 5075 dicere.
1750 4973 1994 5075 “vidisse

749 5045 961 5136 templo
978 5045 1121 5115 illud
1151 5045 1449 5136 visuml‘de
1492 5055 1728 5136 sedan
1741 5045 1990 5136 in

1151 5129 1306 5182 illud.
1340 5124 1470 5209 Quiut

421 5185 1043 5288 EEtIJo'ﬁtitr',
1071 5201 1214 5254 dictu
1247 5185 1385 5250 sunt
1403 5197 1472 5247 de
1500 5194 1714 5245 visrone
1739 5185 1996 5238 Ezechie-

365 5341 371 5348 .
517 5277 641 5358 ςείνξ
672 5300 713 5343 ι’
734 5277 802 5358 ,εί
827 5281 901 5358 d9.
1433 5329 1478 5358 ηε

491 5333 827 5429 (ET-Deditis.
859 5347 987 5429 ‘l’sal
1021 5333 1168 5394 xxxii
1197 5354 1210 5392 :
1247 5333 1402 5391 Oculi
1431 5333 1550 5401 ejus
1581 5343 1746 5399 super
1793 5339 1999 5395 paupe-

420 5423 898 5494 rettt't'esptciUIgt'
967 5482 978 5494 .
1311 5491 1324 5494 ,
1354 5493 1361 5494 ,
1392 5489 1513 5494 -_,_,
1544 5493 1567 5494 η
1611 5475 1622 5494 ε

490 5465 1022 5567 laetib.
1051 5497 1120 5567 v_:
1145 5479 1364 5534 Clamor
1385 5489 1577 5530 eorum
1611 5475 1668 5531 in
1697 5481 1860 5527 aures
1893 5465 1998 5520 Do-

419 5553 563 5624 Iniiti'
579 5557 822 5618 Sabaoth
855 5553 1119 5608 introivit.

491 5613 861 5707 affinium.
891 5627 1026 5679 Dan.
1061 5636 1134 5676 vtt
1159 5639 1174 5678 ι
1206 5621 1270 5673 ΕΙ.
1297 5617 1476 5688 capilli
1497 5615 1690 5688 capitis
1716 5613 1838 5681 eius
1867 5622 2002 5678 qua-

451 5708 465 5752 i
499 5711 620 5752 lana
657 5708 803 5752 alba.
897 5743 899 5746 ι

421 5701 832 5846 διξὲῗᾟῗὲίἷὲ.
876 5743 1018 5822 Ρδειι.
1081 5779 1265 5846 usu:
1325 5760 1514 5817 Facies
1568 5757 1779 5815 Domini
1834 5766 2000 5825 super

2166 4488 2242 4556 (9)
2263 4487 2639 4560 _M_nnus._Job:
2672 4504 2793 4560 cap.
2823 4505 2856 4543 ι
2881 4505 2893 4543 :
2923 4486 3248 4560 Manusrtua:
3271 4484 3518 4560 fecerunt
3546 4499 3662 4560 nne.

2095 4558 2584 4680 Μυιῳῖβεαραιω.
2617 4557 2762 4616 Psaf.
2791 4574 2894 4615 xc:
2940 4559 3195 4627 Scapulis
3225 4558 3342 4612 suis
3375 4557 3666 4609 obumbra-

2135 4643 2145 4678 Ι
2234 4643 2248 4680 l
2278 4645 2330 4680 tl.

2135 4636 2173 4678 II.
2209 4636 2330 4680 lilii.

2165 4696 2279 4766 (ll)
2307 4698 2443 4752 Αιω.
2479 4697 2623 4755 Psal.
2665 4715 2756 4754 xvt
2781 4716 2796 4754 :
2826 4700 2941 4757 Sub
2973 4700 3167 4756 umbra
3203 4697 3416 4752 alarum
3447 4702 3663 4747 tuarum

2097 4775 2320 4836 protege
2357 4784 2463 4820 tne.

2167 4835 2278 4906 (12)
2311 4836 2564 4893 Brachia.
2623 4839 2768 4894 Psal.
2804 4854 3090 4895 Lxxxvnt:
3140 4835 3429 4891 Brachium
3486 4847 3669 4886 meum

2095 4907 2429 4960 coitfortabit
2459 4925 2610 4963 eunt.

2170 4975 2282 5045 (l3)
2334 4976 2664 5034 Posteriora.
2715 4979 2884 5035 Exod.
2921 4991 3133 5032 xxxttt:
3188 4973 3497 5029 Posteriora
3550 4987 3670 5024 mea

2097 5048 2322 5100 videbis.

2173 5116 2284 5187 (l4)
2323 5118 2503 5173 Pedes.
2540 5119 2746 5174 Genes.
2785 5129 2842 5173 Ill
2875 5137 2888 5172 :
2927 5118 2990 5170 Et
3023 5118 3316 5172 audierunt
3343 5126 3530 5167 vocem
3566 5109 3672 5163 Do-

2100 5187 2672 5261 miniudeambulantis
2707 5191 2758 5242 in
2795 5190 3071 5261 paradiso.
3281 5209 3291 5219 ·
3659 5249 3672 5261 _

2171 5256 2285 5326 (15)
2322 5262 2582 5314 Loronas.
2631 5256 2938 5314 l’sal.’t.xtv
2966 5271 2981 5310 :
3013 5257 3252 5312 Benedic
3295 5267 3513 5310 corona:
3547 5256 3674 5304 anni

2098 5327 2451 5396 benignitatis
2474 5341 2599 5384 tuae.

2171 5393 2286 5467 (l6)
2319 5397 2505 5452 Sedes.
2534 5400 2623 5452 Ps.
2651 5413 2888 5453 Luxvnt
2915 5415 2930 5452 :
2962 5396 3390 5459 Thronustuus,
3423 5393 3586 5455 Deus,
3619 5406 3674 5444 tn

2101 5475 2365 5523 saecutum
2399 5469 2604 5523 saeculi.

2175 5539 2222 5613 (1
2238 5538 2286 5608 7)
2319 5539 2497 5593 Calidi.
2543 5538 2690 5593 Psal.
2726 5554 2884 5593 uxrv
2914 5557 2928 5595 :
2963 5538 3118 5593 Calix
3165 5534 3379 5590 Domini
3421 5533 3473 5587 in
3509 5543 3672 5584 manu

2099 5625 2242 5664 etus.

2128 5629 2288 5749 Ju(si-t5)
2325 5679 2598 5737 Crateras.
2634 5679 2792 5738 Prov.
2825 5695 2877 5735 ιχ
2906 5698 2920 5736 :
2945 5678 3160 5736 Miscuit
3189 5689 3461 5733 crateram
3494 5689 3675 5739 suam,

2103 5752 2246 5823 apud
2287 5749 2452 5806 LXX.
3241 5784 3247 5789 .
