4048 6482
344 405 478 463 759‘

1499 403 1740 462 JOANN
1756 403 1824 460 IS
1862 402 2104 462 CYPAP
2122 402 2442 464 lSSlOT/E

3494 405 3598 468 760
3619 407 3626 416 ’

343 515 717 585 integumenta
737 531 858 570 esse
884 518 1127 571 scientia:
1172 530 1407 580 arcanae,
1445 524 1503 568 et
1542 516 1704 585 vulgo
1735 514 1911 568 homi-
1940 517 1988 574 Α
2016 517 2109 571 sed
2131 517 2314 584 potius
2335 517 2502 588 -otuni
2531 518 2711 574 studio
2741 521 2808 573 ad
2837 519 3188 573 sublimiores
3234 518 3599 588 cogitationes

342 622 472 660 num
507 608 755 669 occultae,
778 616 840 660 ut
867 623 928 659 ea
955 623 1077 676 qua:
1102 607 1451 662 sanctissima
1483 617 1632 670 sunt,
1666 622 1772 660 non
1805 607 1914 661 siut

343 699 587 768 profanis
616 699 796 754 facilia
831 699 898 754 ad
927 700 1342 768 intelligendum
1367 736 1385 762 ,
1416 700 1508 753 sed
1537 709 1748 754 tantum
1782 713 1912 753 vere

340 791 602 847 studiosis
631 791 939 847 sanctitatis
963 793 1299 860 aperiantur,
1337 800 1524 861 utpote
1559 791 1826 860 expeditis
1847 791 1916 846 ab

343 885 491 939 omni
526 883 718 952 puerili
753 882 1079 952 cogitatione
1109 884 1161 936 in
1199 884 1373 940 sacris
1426 884 1712 954 symbolis,
1736 893 1788 937 et
1815 884 1908 952 qni

342 975 460 1030 acie
486 978 702 1037 mentis,
735 985 791 1028 et
814 975 1012 1045 ingenii
1063 974 1321 1031 facultate
1341 977 1405 1031 ad
1429 977 1914 1050 contemplandum

253 1129 255 1132 q
342 1064 557 1126 idonea,
593 1065 870 1117 veritatem
891 1065 1195 1133 simplicem
1219 1075 1271 1119 et
1299 1082 1464 1134 supra
1492 1079 1741 1120 naturam
1771 1083 1918 1137 sym-

342 1156 590 1210 bolormn
614 1157 936 1210 collocatam
960 1159 1180 1226 assequi
1221 1159 1451 1228 possint.
1481 1159 1546 1213 Et
1566 1174 1754 1213 rursus
1776 1160 1917 1213 idem

341 1263 463 1316 cap.
497 1247 532 1301 2
589 1248 662 1301 De
713 1248 909 1302 calcati
957 1249 1292 1303 hierarcltia:
1325 1251 1438 1311 Sic.
1493 1249 1690 1319 inquit,
1729 1265 1919 1304 omnes

341 1339 526 1394 divina
555 1340 821 1406 sapientia
841 1340 1138 1406 eruditi,et
1163 1342 1329 1396 divini
1355 1342 1570 1397 albatus
1600 1341 1833 1395 ministri
1869 1349 1923 1395 et

344 1431 673 1499 interpretes
723 1431 922 1487 Sancta
973 1442 1289 1488 sanctorum
1345 1450 1373 1488 a
1409 1434 1656 1502 profanis
1682 1434 1829 1488 etab
1857 1432 1922 1487 iis

343 1522 440 1591 qui
474 1523 673 1576 initiati
703 1540 808 1577 non
846 1533 996 1590 sunt,
1022 1539 1160 1592 pure
1196 1535 1472 1594 separant,
1501 1536 1552 1578 et
1581 1525 1783 1579 formas
1811 1523 1922 1577 elli-

342 1625 460 1667 ctas
491 1613 783 1669 dissimiles
814 1615 1117 1680 celebrant,
1157 1625 1216 1670 ιιι
1251 1631 1426 1685 neque
1460 1615 1643 1669 divina
1676 1632 1703 1668 a
1735 1614 1922 1682 profa-

343 1705 434 1759 nis
465 1704 622 1760 facile
670 1707 878 1776 percipi
933 1717 1170 1779 queant;
1219 1724 1394 1779 neque
1448 1709 1539 1775 qui
1589 1707 1774 1761 studio
1800 1722 1924 1773 ape-

319 1796 536 1850 ctandi
584 1812 770 1852 sacras
801 1799 930 1853 istas
971 1799 1236 1867 imagines
1268 1800 1515 1854 inclusas
1560 1810 1832 1864 tenentur,
1869 1801 1921 1852 in

345 1885 460 1942 illis
494 1889 841 1943 extrinsecus
871 1889 1062 1957 liguris
1095 1901 1149 1944 et
1181 1890 1352 1958 signis
1385 1900 1643 1958 tanquam
1693 1889 1746 1944 in
1779 1891 1922 1944 veris

344 1975 611 2031 lia-reum.
648 1976 762 2032 lmo
793 1987 847 2033 et
885 1993 1118 2048 magnus
1161 1979 1424 2035 Basilius:
1466 1979 1596 2045 Qui,
1628 1980 1824 2050 inquit,
1854 1980 1920 2036 ad

345 2066 606 2124 celsiores
657 2070 910 2125 notiones
943 2085 1008 2125 ex
1049 2056 1231 2126 verbis
1263 2087 1370 2126 non
1423 2071 1695 2132 ascendit,
1731 2071 1825 2126 sed
1867 2073 1918 2126 in

345 2158 483 2228 ipsis
515 2159 978 2216 delineatiouibus
1002 2177 1295 2231 corporum
1325 2162 1618 2216 verborum
1647 2164 1921 2232 composi-

345 2247 495 2303 tione
527 2247 687 2305 factis
731 2251 957 2314 residet,
991 2251 1176 2306 audiet
1210 2267 1276 2306 ex
1313 2251 1523 2321 Moyse,
1565 2253 1738 2305 Deum
1795 2266 1920 2306 esse

346 2340 567 2410 ignem;
619 2352 673 2396 et
702 2358 731 2396 a
771 2343 988 2398 Duuiele
1039 2344 1288 2414 sapiente
1333 2338 1406 2397 ad
1449 2345 1586 2398 alias
1630 2344 1920 2414 opiniones

343 2432 790 2504 detorquebitur;
827 2437 900 2491 ila
940 2437 1029 2491 fiet
1052 2446 1110 2489 ut
1135 2451 1244 2490 non
1275 2435 1452 2490 solum
1514 2435 1683 2493 falsas
1711 2438 1920 2506 c0gita—

345 2527 548 2590 tiones,
604 2528 697 2581 sed
730 2527 875 2582 inter
928 2542 987 2581 se
1055 2537 1360 2596 pugnantes
1432 2542 1502 2581 ex
1557 2528 1692 2596 ipsis
1759 2531 1924 2584 rebus

346 2615 585 2684 colligat.
619 2615 692 2669 Ex
723 2617 808 2671 his
842 2627 986 2685 patet
1020 2632 1127 2670 non
1173 2625 1426 2684 oportere
1461 2617 1670 2671 haerere
1699 2618 1754 2670 in
1782 2632 1929 2686 syrm-

275 2726 278 2728 ‘
345 2706 520 2762 bolicc
549 2706 740 2762 ellictis
768 2707 978 2770 formis,
1006 2709 1506 2776 quomodocunque
1561 2706 1916 2776 efﬁnguntur,

347 2785 548 2852 sive'in
575 2798 760 2866 specie
799 2799 901 2852 sub
932 2813 1151 2851 sensum
1185 2797 1434 2860 cadente.
1461 2797 1577 2852 sive
1602 2798 1654 2851 in
1688 2798 1924 2853 vocabu-

348 2886 417 2942 lis
437 2901 559 2955 qua:
589 2887 844 2943 videntur
875 2887 1076 2943 habere
1106 2886 1334 2952 multum
1361 2887 1553 2943 absoni
1588 2897 1645 2946 et
1677 2887 1925 2976 abstrudi;

869 3165 1217 3226 SECUNDA
1270 3164 1537 3227 nscas.
1567 3201 1636 3210 -
1675 3137 1795 3227 DE
1843 3171 2330 3239 THEOLOGIA
2382 3177 3142 3244 DEMONSTRATIVA.

996 3313 1227 3369 CAPUT
1261 3315 1304 3370 l.

532 3405 686 3473 Quod
717 3404 911 3475 duplex
933 3406 1004 3460 sit
1037 3407 1294 3479 theologia
1316 3407 1758 3466 demonstrativa.

428 3519 654 3590 Magnus
671 3519 961 3592 Dionysius
982 3521 1222 3577 secundo
1245 3523 1421 3592 capite
1447 3523 1688 3579 Caelestis
1727 3527 1932 3581 ltierar-

356 3615 526 3666 rhiw:
551 3611 690 3678 Duo,
709 3612 882 3682 inquit
901 3615 1004 3685 (l),
1033 3614 1176 3668 modi
1205 3626 1332 3670 sunt
1356 3614 1526 3672 sacrae
1545 3619 1936 3673 nominationis

361 3705 452 3774 1)ςί
480 3719 496 3757 :
536 3704 674 3758 alter
712 3705 954 3773 quidem,
988 3716 1046 3757 ut
1077 3718 1516 3762 consentaneum
1559 3720 1806 3778 apparet.
1837 3727 1934 3780 per

359 3794 560 3851 similes
588 3796 852 3864 imagines
876 3811 939 3849 ac
956 3796 1107 3866 signa
1134 3812 1290 3852 saera
1359 3799 1588 3854 tenzlens
1612 3817 1625 3865 ;
1647 3801 1782 3855 alter
1812 3818 1938 3856 vero

359 3887 790 3956 perdissimiles
840 3887 1047 3941 formas
1077 3889 1128 3942 in
1170 3891 1405 3958 speciem
1440 3891 1705 3947 absonam
1737 3903 1796 3948 et
1820 3896 1938 3950 dis-

358 3989 675 4034 sentaneatn
703 3978 939 4041 eflictus,
967 3995 1030 4033 ac
1060 3980 1384 4036 traditiones
1435 3984 1654 4052 quidem
1685 3987 1936 4053 mysticae

363 4073 765 4142 Scripturarum
789 4073 954 4125 Deum
979 4075 1406 4138 enuntiantium,
1424 4077 1788 4131 venerandam
1815 4080 1936 4144 ejus

359 4164 454 4228 qui
509 4179 673 4231 supra
709 4162 1072 4218 substantiam
1103 4174 1211 4229 est,
1247 4175 1302 4220 et
1336 4165 1570 4236 Θεαρχία
1605 4167 1708 4242 (2),
1744 4168 1794 4222 id
1827 4178 1934 4231 est,

361 4255 508 4312 Deus
561 4254 811 4318 deorum,
889 4254 1279 4313 beatitudinem
1326 4259 1612 4314 interdum
1668 4269 1931 4328 tanquam

363 4360 600 4405 tuentem
623 4362 677 4405 et
697 4345 932 4405 Verbum
962 4358 1017 4406 et
1039 4350 1400 4406 substantiam
1427 4351 1504 4419 ('5)
1534 4350 1784 4415 laudant,
1809 4366 1932 4405 cum

2021 620 2324 660 recurrere.
2357 607 2426 662 Ut
2462 607 2628 677 igitur
2650 607 2882 676 simplici
2915 618 2968 662 et
2991 609 3248 662 distincta
3277 608 3602 675 repetitione

2018 713 2287 767 exponam
2316 700 2494 768 capita
2521 716 2642 768 quae
2661 702 2913 762 tractavi,
2933 709 3216 754 ostensum
3239 708 3321 754 est
3349 700 3402 752 in
3430 701 3604 766 primo

2020 791 2216 858 capite,
2275 800 2533 858 tanquam
2602 792 2654 846 in
2719 808 2918 861 genere
2956 792 3222 861 quodam,
3283 792 3606 861 simpliciter

2018 880 2350 950 theologiam
2377 883 2430 936 in
2485 883 2623 936 duas
2675 885 2889 950 species
2947 882 3302 937 distributam
3357 897 3508 943 esse,
3549 882 3602 936 in

2023 987 2256 1041 quarum
2287 972 2482 1036 altera,
2518 989 2640 1042 quae
2666 981 2752 1028 est
2783 973 3072 1043 theOIOgite
3116 973 3452 1042 symbolicae.
3476 989 3606 1043 pro-

2025 1065 2168 1120 xime
2198 1065 2530 1136 explicatum
2601 1054 2922 1121 necessario
2941 1076 3047 1130 est,
3075 1082 3197 1135 quae
3240 1076 3296 1121 ει
3323 1075 3456 1135 quot
3495 1066 3608 1120 sint

2022 1171 2144 1224 quae
2177 1157 2230 1209 in
2257 1172 2324 1211 ea
2351 1157 2677 1225 aperiuntur
2705 1167 2760 1212 et
2782 1157 3156 1220 declarantur,
3193 1157 3392 1212 deinde
3408 1173 3605 1225 seque-

2023 1246 2185 1299 batur
2222 1247 2428 1311 statim,
2480 1256 2539 1300 ut
2565 1248 2749 1317 qualia
2808 1247 2914 1303 ista
2954 1257 3164 1315 essent,
3226 1248 3604 1318 expediretur,

2024 1352 2222 1407 nempe
2276 1353 2539 1408 corporea
2569 1347 2624 1392 ct
2675 1338 2779 1393 sub
2812 1354 3035 1393 sensum
3065 1340 3340 1407 cadentia,
3393 1351 3614 1410 postea;

2023 1428 2151 1498 quid
2181 1428 2375 1482 horum
2402 1431 2683 1497 pmprium
2712 1436 2805 1494 ειῑ,
2841 1429 3097 1496 deinceps
3125 1445 3234 1484 non
3267 1431 3450 1486 solum
3481 1447 3603 1502 qua:

2027 1520 2091 1574 de
2123 1519 2229 1574 Deo
2263 1528 2415 1584 sunt,
2462 1520 2771 1575 istiusmodi
2826 1519 3018 1575 formis
3048 1531 3102 1576 ct
3135 1523 3472 1592 imaginibus
3520 1524 3608 1578 iu-

2022 1619 2224 1665 structa
2259 1626 2402 1676 esse,
2447 1612 2540 1666 sed
2574 1612 2737 1666 etiam
2765 1628 2889 1682 quae
2908 1614 2976 1667 de
3009 1614 3259 1684 angelis:
3294 1615 3604 1683 proximum

2025 1710 2164 1763 erat,
2208 1710 2341 1770 quot
2391 1701 2564 1756 modis
2622 1703 2723 1756 ista
2786 1703 3090 1774 symbolice
3146 1705 3523 1774 percipiuntur
3554 1717 3610 1759 ct

2029 1801 2322 1860 apparent,
2345 1792 2566 1856 deinde,
2597 1809 2709 1861 quo
2757 1795 3027 1850 vocabulo
3069 1796 3170 1849 ista
3190 1804 3318 1849 sunt
3367 1805 3528 1863 tecta,
3557 1807 3612 1852 et

2029 1886 2271 1940 involute
2303 1887 2591 1954 appellata,
2623 1889 2691 1942 ad
2731 1888 2867 1954 haec,
2901 1889 3101 1956 quibus
3130 1889 3478 1945 iutermediis
3502 1890 3608 1945 ista

2027 1988 2312 2045 geruntur,
2353 1977 2553 2033 deinde
2592 1987 2877 2034 ostensum
2911 1988 2995 2034 est
3023 1995 3130 2033 non
3159 1995 3323 2049 posse
3359 1981 3474 2035 haec
3502 1981 3609 2034 ali-

2026 2073 2110 2124 ter
2131 2069 2244 2124 fieri
2284 2070 2387 2124 nisi
2422 2085 2518 2139 per
2559 2072 2938 2136 intermedios,
2971 2087 3067 2142 per
3100 2073 3322 2141 angelos
3371 2073 3608 2138 scilicet,

2023 2169 2306 2232 postremo
2347 2177 2454 2215 non
2486 2177 2611 2217 esse
2638 2163 2954 2218 haerendum
2989 2163 3042 2216 in
3077 2162 3393 2231 huiusmodi
3440 2159 3604 2232 typis,

2026 2253 2143 2307 sive
2177 2253 2230 2307 in
2281 2254 2415 2310 solis
2487 2255 2672 2310 verbis
2707 2256 2817 2308 sint
2837 2254 3030 2319 efﬁcti,
3063 2256 3178 2309 sive
3221 2255 3274 2308 in
3329 2253 3519 2308 formis
3551 2265 3608 2306 ct

2025 2345 2378 2414 imaginibus.
2431 2346 2567 2400 nihil
2605 2347 2778 2416 igitur
2803 2348 2890 2401 hic
2929 2347 3105 2409 deest,
3152 2347 3285 2415 quin
3317 2345 3450 2400 sint-
3487 2345 3601 2398 haec

2031 2436 2295 2490 absoluta.
2353 2437 2730 2493 Consentauce
2785 2453 2917 2492 vero
2964 2427 3278 2507 hujusmodi
3341 2435 3608 2502 theologia

2031 2540 2234 2580 arcana
2267 2527 2426 2580 nobis
2457 2538 2510 2582 ct
2535 2530 2763 2600 mystica
2792 2530 3015 2592 dicitur,
3047 2530 3175 2597 quia
3205 2543 3312 2581 non
3345 2527 3478 2582 sinit
3505 2539 3607 2579 nos

2035 2617 2088 2670 iu
2123 2615 2254 2670 visis
2295 2618 2514 2684 sistere,
2546 2620 2637 2672 sed
2665 2619 2894 2674 ulterius
2929 2619 3176 2689 progredi
3215 2618 3362 2686 cogit
3388 2631 3482 2670 eos
3505 2615 3602 2683 qui

2028 2721 2260 2777 pennas,
2289 2709 2491 2778 quibus
2519 2711 2570 2765 in
2601 2711 2837 2767 sublime
2863 2711 3145 2774 ferantur,
3175 2726 3205 2764 a
3234 2718 3428 2764 natura
3455 2721 3612 2764 acce-

2032 2813 2254 2870 perunt.
3534 2813 3536 2815 ’

1969 3328 2014 3388 C
2047 3331 2519 3388 ratiocinationem
2550 3333 2625 3404 (1)
2657 3349 2778 3402 quae
2803 3331 2970 3387 Deum
2995 3332 3170 3393 decet,
3204 3339 3258 3384 et
3279 3325 3602 3398 sapientiam

2042 3425 2160 3492 ejus
2199 3423 2498 3484 declarant,
2556 3415 2610 3478 ει
2649 3426 2812 3479 talem
2839 3439 2902 3477 ac
2929 3432 3139 3478 tantum
3202 3436 3346 3481 esse,
3407 3417 3500 3488 qui
3537 3415 3608 3472 sit
3692 3465 3695 3468 _

2043 3531 2172 3570 vera
2211 3529 2374 3570 causa
2423 3515 2746 3570 substantiae
2792 3529 2975 3568 rerum
3005 3530 3021 3578 ;
3054 3521 3108 3566 et
3138 3523 3398 3575 tanquam
3427 3510 3610 3562 lumen

2042 3623 2162 3664 eam
2192 3606 2485 3675 effingunt,
2515 3622 2580 3661 ac
2601 3606 2764 3659 vitam
2793 3612 3012 3667 vocant,
3044 3620 3167 3658 cum
3195 3603 3398 3672 alioqui
3427 3601 3618 3666 hujus-

2044 3699 2191 3751 modi
2255 3697 2443 3749 fornue
2479 3699 2530 3750 in
2581 3694 2864 3764 Scriptura
2915 3709 3068 3748 sacra
3117 3693 3334 3753 efﬁctas,
3378 3691 3621 3744 honesta:

2043 3790 2261 3860 quidem
2299 3797 2354 3843 et
2375 3803 2567 3858 graves
2601 3789 2733 3853 sint,
2760 3799 2812 3840 et
2849 3802 2969 3855 qua:
3010 3786 3213 3840 fortras
3245 3795 3492 3838 terrenas
3524 3795 3621 3836 el-

2041 3881 2238 3936 cellere
2277 3879 2678 3948 quodammodo
2727 3877 3054 3939 videantur;
3097 3876 3207 3928 sint
3235 3883 3417 3927 tamen
3464 3869 3604 3924 infra

2043 3972 2457 4027 similitudinem
2479 3971 2570 4026 Dei
2597 3986 2717 4024 cum
2745 3969 2860 4040 ipsa
2887 3971 3112 4023 veritate
3135 3985 3151 4032 ;
3173 3978 3253 4022 est
3282 3968 3425 4020 enim
3451 3977 3618 4032 supra

2045 4080 2260 4119 onmem
2313 4080 2558 4124 causam,
2595 4071 2644 4115 ct
2681 4061 2887 4126 vitam;
2936 4076 3058 4114 cum
3120 4059 3328 4111 nullum
3392 4055 3615 4124 quidem

2046 4158 2229 4212 lumen
2255 4157 2428 4225 possit
2448 4154 2612 4207 Deum
2639 4151 2978 4220 exprimere;
3005 4165 3165 4202 omne
3187 4158 3367 4202 autem
3393 4145 3618 4199 verbum

2044 4261 2099 4305 et
2135 4264 2286 4303 mens
2319 4248 2383 4300 ab
2415 4246 2530 4314 ipsa
2565 4243 2656 4297 Dei
2682 4241 3045 4297 similitudine
3079 4240 3294 4292 inﬁnito
3335 4235 3622 4290 intervallo

2048 4341 2256 4395 distent
2284 4354 2301 4402 ;
2336 4336 2668 4406 quandoque
2718 4347 2849 4385 vero
2876 4331 3238 4386 dissimilibus
3271 4329 3346 4398 (5)
3377 4327 3622 4382 declara-

1627 4507 1877 4571 Scholia
1925 4509 1986 4568 S.
2023 4499 2312 4565 Maximi.

359 4645 610 4708 apparet,
642 4651 746 4690 non
781 4635 926 4689 enim
964 4635 1041 4691 sic
1070 4635 1386 4708 accipienda
1425 4639 1581 4708 sunt,
1602 4631 1710 4708 sed
1747 4631 1929 4708 potius

2039 4626 2197 4698 quasi
2226 4621 2375 4708 θεῶγ⁸
2416 4619 2688 4702 ᾂρχοντα;
2745 4615 2989 4670 dicamus
3023 4628 3121 4666 nos
3158 4612 3324 4664 Deum
3363 4609 3618 4671 deorum,

366 4701 664 4764 secundum
712 4720 929 4773 sensus,
951 4721 1089 4776 quos
1131 4701 1379 4776 sy’mbola
1424 4705 1574 4760 intus
1602 4701 1808 4758 habent
1831 4704 1938 4755 alte

368 4777 697 4835 reconditos.

443 4849 519 4916 (l)
566 4846 701 4916 Duo,
725 4847 925 4914 inquit,
966 4844 1134 4900 modi.
1178 4843 1330 4916 Quod
1369 4844 1585 4900 duobus
1621 4843 1798 4916 modis
1827 4842 1944 4916 lau-

370 4913 534 4974 datur
569 4915 729 4979 Deus,
764 4913 858 4971 aut
890 4927 1146 4980 tanquam
1185 4914 1378 4969 similis
1417 4915 1674 4968 omnibus
1734 4913 1940 4976 (omnia

371 4990 516 5042 enim
550 4987 602 5040 in
641 4991 762 5053 ipso
823 4985 1152 5049 consistunt)
1194 4997 1289 5038 aut
1334 4994 1589 5054 tanquam
1655 4983 1941 5054 dissimilis

373 5057 529 5128 (nihil
558 5065 642 5128 cst
668 5051 827 5110 enim
870 5070 1059 5128 eorum
1110 5069 1231 5122 quae
1280 5051 1458 5128 sunt),
1491 5055 1716 5128 exponit
1747 5051 1942 5128 deinde

375 5121 686 5197 Dionysius,
710 5125 983 5197 quomodo
1010 5121 1314 5197 formantur
1345 5125 1439 5197 isti
1461 5121 1604 5197 modi
1628 5121 1942 5197 nominandi

377 5201 414 5250 ll
453 5192 546 5252 um
584 5212 681 5266 per
710 5195 932 5268 similia,
967 5195 1386 5268 utcumdicitnr
1411 5193 1550 5247 Deus
1577 5195 1643 5268 in_
1662 5192 1941 5259 Scriptura

375 5262 639 5334 Verbum,
661 5273 715 5319 et
749 5262 942 5334 mens}
972 5271 1032 5334 ut
1061 5262 1222 5334 illud:
1259 5263 1393 5328 Quis
1421 5263 1673 5334 cognovit
1700 5275 1943 5334 sensum,

375 5330 982 5404 sivemen'temiliomini
1007 5331 1221 5401 imam.
1251 5337 1404 5404 tt),ct
1428 5333 1568 5404 istud
1598 5333 1649 5404 i_n
1672 5330 1947 5404 prophetis

374 5408 636 5462 frequens
667 5419 684 5457 :
719 5403 783 5457 Et
838 5401 1041 5454 faelum
1103 5412 1186 5455 est
1213 5401 1437 5456 verbum
1473 5401 1685 5454 Domini
1727 5401 1791 5453 ad
1835 5415 1942 5452 mc.

450 5425 458 5461 Β
499 5425 636 5461 uens
667 5425 684 5457 Ξ
723 5425 783 5457 ut
838 5425 1041 5454 lautum
1103 5425 1186 5455 υδι
1213 5425 1437 5456 vernum
1474 5425 1685 5454 Uillllllll
1727 5425 1791 5453 uu
1837 5425 1942 5452 qu.

450 5425 527 5547 ἃ)
555 5475 821 5547 θεαρχία.
852 5471 988 5547 Cum
1039 5471 1330 5547 Dionysius
1374 5473 1536 5547 Deum
1575 5477 1750 5547 vocat”
1780 5469 1944 5547 ρεᾳρ-

376 5540 522 5617 χῐαὶνζ
555 5545 624 5617 ab
659 5540 728 5598 eo
754 5541 1000 5617 nominat
1033 5540 1295 5617 quodest
1321 5543 1680 5617 potissimum
1722 5541 1814 5617 Dei
1843 5540 1945 5592 do-

379 5610 532 5678 num,
572 5614 754 5666 facere
820 5611 1031 5664 scilicet
1068 5612 1288 5680 angelos
1317 5610 1369 5664 {et
1391 5620 1611 5666 sanctos
1670 5610 1945 5672 homines,

377 5683 556 5752 quoad
609 5680 722 5752 ﬁeri
755 5687 953 5752 potest.
995 5681 1127 5752 deos
1161 5684 1446 5749 quosdam,
1500 5681 1948 5752 sicutscriptum

378 5747 496 5808 est:
533 5752 647 5819 Ego
667 5747 797 5811 dixi.
821 5747 1055 5820 Diiiestis
1075 5747 1244 5820 (Ps-ul.
1279 5753 1511 5817 unm,
1534 5780 1538 5784 λ
1564 5759 1584 5803 ι
1622 5751 1789 5805 illud:
1817 5749 1856 5820 l)
1894 5762 1957 5802 ns

382 5827 606 5880 deorqu
641 5821 692 5874 iu
721 5819 1043 5883 SionU’sal.
1074 5819 1573 5886 cxxxnlﬂmpyizv
1599 5824 1778 5876 itaune
1806 5819 1957 5881 dicit,

2130 4693 2293 4748 David
2323 4689 2475 4743 dicit.

2046 4711 2601 4836 m('2;?‘§tltllsltlttltlliam_
2627 4755 2868 4836 laudant.
2914 4752 2983 4807 Ut
3013 4768 3136 4835 cum
3165 4750 3309 4836 dicit.
3331 4749 3620 4836 scriptura

2042 4837 2096 4892 in
2118 4819 2318 4887 ‘E'xodo
2347 4827 2488 4898 (cap.
2522 4826 2786 4899 “diligo
2809 4839 2926 4899 sum
2953 4825 3044 4891 qui
3077 4838 3196 4899 sum
3223 4838 3238 4885 ;
3263 4828 3348 4873 et:
3383 4819 3490 4899 Qui
3518 4829 3624 4899 est,

2041 4888 2196 4960 misit
2231 4888 2359 4966 me;
2393 4888 2452 4954 et
2495 4888 2624 4950 illud
2669 4888 2897 4966 iu:Psa|.
2937 4888 3086 4966 Clll:_
3116 4891 3194 4966 '_l‘u
3230 4901 3411 4966 autem
3453 4888 3622 4966 _iden_t

2182 4957 2276 5033 798.
2303 4957 2409 5023 a’ﬁb
2433 4972 2541 5038 γὰρ
2573 4965 2665 5018 τοῦ
2698 4961 2836 5046 civili.
2879 4967 2970 5046 ita}
2998 4962 3262 5046 τοῇὂντος
3290 4957 3502 5028 ἡούσία
3533 4959 3624 5008 καὶ

2043 5033 2105 5099 is
2147 5033 2475 5110 napiymyov
2501 5033 2686 5098 ὁὺσξας
2717 5037 2747 5100 ὴ
2779 5035 3030 5110 ὖπαρξιδς,
3058 5033 3308 5110 dicamus
3347 5044 3446 5107 nos
3473 5040 3626 5079 more

2048 5099 2259 5175 nostro,
2290 5099 2357 5165 ab
2375 5099 2498 5163 cs‘se
2531 5107 2679 5161 enim
2713 5099 2768 5158 et
2797 5099 2922 5178 cule
2954 5103 3174 5156 ducitur
3198 5099 3460 5178 essentia,
3495 5111 3616 5178 qua:

2047 5195 2134 5241 est
2165 5171 2512 5240 exsistentia,
2541 5178 2644 5230 hoc
2677 5184 2782 5245 est,
2811 5171 3081 5245 exsistens
3127 5171 3625 5245 substantiafacci-

2045 5236 2356 5310 densenim
2409 5236 2515 5301 non
2552 5256 2636 5299 est
2669 5236 2901 5310 ὖπάρξις
2934 5241 3026 5294 sed
3063 5236 3394 5306 ‘evompiig;
3425 5236 3475 5288 id
3512 5246 3619 5300 est,

2046 5340 2156 5379 non
2194 5331 2277 5375 est
2303 5316 2644 5377 exsistentia,
2680 5316 2772 5368 sed
2798 5315 2856 5385 _i_n
2879 5311 3219 5385 exsistentia.
3441 5379 3452 5385 _
3562 5375 3593 5385 Η

2116 5375 2726 5464 (d)Ratiocinationem.
2793 5382 2909 5464 l‘iou
2941 5383 3058 5464 Isic
3101 5381 3254 5464 dicit,
3311 5379 3453 5464 quod
3494 5375 3623 5464 vgelfit

2047 5446 2360 5535 sig‘niftcarc
2383 5473 2502 5513 csse
2527 5458 2692 5535 Deum
2727 5451 3068 5535 rationalem,
3105 5459 3363 5516 tauquam
3391 5446 3616 5535 part-icit

2048 5521 2170 5605 pg...
2221 5533 2472 5594 rationis,
2505 5526 2598 5594 qui
2631 5536 2714 5577 est
2764 5528 2910 5576 totus
2946 5521 3061 5588 ipsa
3093 5535 3188 5584 per
3215 5534 3274 5572 se
3317 5521 3626 5572 subsistens

2050 5615 2212 5744 ratiis);
2229 5669 2553 5739 Quandoque
2576 5678 2698 5744 vero
2721 5659 3090 5744 dissimilibus.
3121 5656 3417 5726 Dissimilia
3447 5663 3627 5744 vocat,

2061 5725 2205 5815 quia,
2228 5725 2350 5812 quae
2379 5725 2644 5815 negantur
2668 5735 2736 5815 de
2774 5731 2888 5815 Deo
2923 5730 3205 5796 dicuntur,
3240 5744 3347 5782 non
3377 5725 3508 5795 qttid
3535 5725 3626 5790 sit,

2063 5805 2159 5871 sed
2191 5805 2322 5877 quid
2346 5805 2579 5871 non'sit,
2613 5805 2917 5860 declarant.
