4048 6454
231 456 329 520 ’161

992 453 1229 513 DECAS
1261 454 1342 513 Π.
1400 478 1466 489 -
1505 455 1604 516 DE
1625 454 2064 515 THEOLOGIA
2103 451 2776 514 DEMONSTRATIVA.

3383 453 3490 515 752

231 568 475 622 tionibus
511 565 580 619 ab
619 565 754 634 ipsis
783 563 888 618 illis
916 563 1219 632 Seriptnris
1248 564 1454 618 sanctis
1478 564 1662 618 divine
1693 566 1816 642 lau-V
1839 573 1884 627 Α
1913 563 2098 632 nysius
2121 564 2201 630 (a)
2231 562 2344 615 haec
2370 562 2677 616 edisserens
2705 562 2798 625 ait,
2825 576 2918 614 eos
2955 544 3044 631 qui
3073 571 3313 630 apertam
3336 563 3497 616 theo-

230 662 416 716 datur.
448 671 571 710 cum
632 655 1082 724 iuaspectabilem
1119 671 1241 706 eum
1287 665 1508 719 vocant,
1533 666 1585 710 et
1625 656 1806 708 iniini-

231 763 371 819 tum,
395 759 450 804 et
485 747 575 816 qui
632 747 753 814 capi
799 762 904 800 non
938 747 1146 816 possit;
1193 756 1247 801 ct
1279 746 1532 802 similiter
1561 750 1613 800 in
1662 748 1805 808 aliis.
1854 740 1858 744 ’

237 842 384 897 unde
417 856 526 894 non
559 839 690 907 quid
721 847 826 904 est,
857 839 949 891 scd
1004 839 1134 905 quid
1167 855 1275 893 non
1312 848 1416 902 est,
1445 838 1808 908 significatur.

235 934 315 989 Es
351 934 436 988 his
471 933 708 987 efficitur
754 931 1030 998 duplicem
1078 946 1202 985 esse
1227 932 1550 998 theologiam
1577 933 1811 985 demon-

241 1027 548 1090 strativam,
587 1041 752 1078 unam
789 1041 910 1094 quae
944 1025 1285 1080 affirmanter
1312 1037 1366 1081 et
1399 1044 1464 1081 ex
1495 1027 1702 1082 effectis
1725 1029 1810 1080 in-

239 1119 494 1182 ducitur;
521 1118 745 1171 alteram
771 1133 894 1185 qure
921 1128 1186 1185 neganter
1216 1127 1270 1172 et
1308 1119 1571 1187 privative
1599 1122 1618 1173 :'
1644 1131 1698 1174 et
1720 1120 1810 1174 illa

239 1209 456 1280 quidem
489 1225 554 1264 ex
592 1210 864 1264 similibus
909 1209 1102 1264 formis
1136 1210 1358 1274 efﬁctis,
1393 1212 1509 1266 haec
1553 1227 1618 1267 ex
1649 1212 1820 1266 dissi-

243 1301 496 1368 milibus;
533 1303 636 1355 hoc
659 1309 840 1355 tamen
875 1299 1276 1355 inaflirmativa
1307 1303 1579 1371 theologia
1615 1305 1808 1357 cerni-

240 1402 353 1452 tur.
391 1391 564 1459 ipsam
594 1391 756 1444 etiam
788 1405 882 1458 per
901 1388 1105 1444 formas
1154 1389 1307 1445 fictas
1340 1392 1391 1444 in
1415 1390 1698 1460 Scriptura
1734 1405 1822 1446 sa-

243 1497 334 1536 cra
361 1482 636 1553 progredi.
691 1482 978 1536 honestius
1033 1491 1215 1536 tamen
1249 1497 1417 1551 quam
1473 1497 1572 1551 per
1602 1497 1664 1536 ea
1692 1497 1818 1551 quae

165 1643 172 1650 _
252 1573 551 1643 symbolice
590 1573 734 1626 dicta
776 1582 901 1626 sunt
933 1571 986 1624 in
1021 1580 1249 1642 utroque
1279 1587 1481 1644 genere
1512 1573 1587 1641 (i)
1622 1573 1821 1627 forma-

253 1668 491 1729 tionum,
519 1679 658 1734 quas
716 1673 896 1734 patres
945 1673 1283 1720 vooat'eruut
1344 1664 1670 1733 προσύλους,
1727 1679 1830 1719 nos

249 1754 496 1809 (ieamus
518 1763 778 1817 terrenas,
793 1764 1057 1826 quatenus
1071 1756 1171 1810 etsi
1189 1754 1358 1808 altera
1382 1748 1506 1824 pars
1527 1754 1828 1824 theologiae.

255 1846 466 1900 scilicet
484 1847 816 1916 symbolicte.
840 1847 896 1900 in
913 1846 1094 1902 verbis
1115 1846 1396 1902 translatis
1414 1855 1468 1900 et
1493 1846 1832 1902 adumbratis

1917 653 2138 720 logiam,
2163 663 2216 706 et
2249 653 2383 708 velis
2427 654 2627 706 nu-lam
2658 653 2972 718 audierunt,
3005 663 3160 723 typos
3194 654 3271 723 (5)
3292 655 3499 718 cegita-

1917 746 2119 798 tatione
2142 759 2240 799 sua
2268 745 2525 808 formare,
2558 745 2649 812 qui
2681 746 2744 798 ad
2775 745 3185 813 intelligentiam
3213 747 3495 798 auditores

1917 836 2198 905 adjuvent.
2244 836 2318 889 Ex
2355 837 2439 890 his
2485 836 2650 905 igitur
2684 836 3032 890 manifestum
3072 837 3306 891 efficitur
3350 836 3497 904 quod

1918 939 2075 982 antea
2101 928 2304 981 dictum
2317 936 2421 991 est,
2436 937 2591 997 typos
2617 943 2737 982 esse
2755 938 2808 982 et
2832 929 3095 995 imagines
3113 943 3173 980 ea
3195 929 3356 981 etiam
3380 944 3499 994 qua:

1919 1028 2100 1088 aperte
2121 1017 2276 1072 nobis
2296 1025 2349 1071 et
2379 1018 2498 1073 sine
2521 1020 2652 1073 velis
2680 1020 2915 1074 obtentis
2939 1020 2990 1072 in
3009 1017 3288 1085 Scriptura
3313 1029 3498 1071 sancta

1925 1111 2045 1189 Deo.
2065 1111 2345 1175 dicuntur,
2375 1112 2630 1180 quamvis
2659 1110 3091 1166 demonstrative
3124 1096 3376 1165 dicantur
3409 1111 3496 1162 af-

1924 1203 2214 1257 firmando.

2556 1291 2786 1347 CAPUT
2812 1292 2902 1347 ill.

1930 1406 2082 1471 Quod
2112 1420 2202 1472 pnr
2229 1421 2430 1459 omnem
2473 1406 2783 1470 theologiam
2797 1407 2932 1458 ratio
2959 1405 3156 1472 speculi
3184 1414 3232 1459 et
3256 1406 3507 1476 (enigma—

2495 1477 2562 1529 tis
2597 1477 2949 1543 progreditur.

2002 1567 2458 1624 A-lmiraodus-et
2491 1583 2723 1635 magnus
2775 1570 3069 1637 Apostolus
3097 1569 3172 1623 ait
3202 1568 3278 1639 (l)
3309 1585 3322 1624 :
3353 1569 3508 1622 Vide—
3584 1612 3590 1618 .

1935 1675 2058 1714 mus
2080 1675 2226 1715 nunc
2245 1677 2340 1730 per
2364 1663 2648 1730 speculum
2681 1663 2734 1717 in
2759 1663 3066 1732 aenigmate.
3089 1662 3149 1714 Et
3177 1664 3397 1716 rursus':
3431 1660 3508 1715 Ex

1919 1761 2089 1823 .parte
2122 1755 2532 1821 cognoscimus.
2559 1765 2611 1808 et
2632 1770 2698 1810 ex
2731 1763 2886 1825 parte
2930 1738 3357 1825 prephetamus,
3384 1770 3509 1809 cum

1937 1853 2119 1897 autem
2147 1845 2352 1898 venerit
2371 1845 2515 1913 quod
2542 1847 2836 1916 perfectum
2857 1855 2960 1910 est,
2981 1845 3340 1901 evacuabitur
3362 1845 3508 1915 quod

252 1937 442 2008 pergit,
483 1937 708 1992 multum
737 1947 918 1993 tamen
972 1939 1164 1993 absoni
1200 1947 1252 1994 et
1275 1938 1614 1994 dissentanei
1657 1939 1710 1992 in
1741 1939 1822 1993 eis
1859 1939 1896 1993 Β
1927 1951 1989 1990 ex
2027 1944 2180 2005 parte
2203 1945 2309 1990 est.
2345 1935 2406 1990 Et
2435 1937 2664 1992 iterum:
2702 1937 2805 1992 Per
2837 1938 2996 1992 fidem
3049 1939 3423 1999 ambulamus,
3451 1946 3508 1991 et

249 2039 493 2099 auparet.
523 2029 810 2095 Quomodo
841 2032 986 2084 enim
1023 2031 1307 2098 cogitabit,
1340 2031 1432 2099 qui
1478 2031 1532 2086 in
1566 2031 1674 2086 Deo
1701 2047 1825 2087 cra-

254 2122 434 2190 pulam
472 2122 682 2182 audiat.
703 2135 757 2177 et
782 2123 1609 2194 paenitentiam,etjuramenta,
1641 2132 1697 2181 et
1727 2123 1830 2179 im-

259 2213 619 2282 precationes,
645 2223 698 2269 et
735 2214 845 2270 alia
879 2215 1197 2284 ejusmodi?

875 2325 1109 2382 CAPUT
1142 2328 1208 2382 ll.

263 2417 416 2493 Quod
447 2419 705 2485 theologia
730 2423 1163 2482 demonstrativa.
1199 2439 1316 2493 qum
1337 2424 1548 2479 videtur
1571 2443 1685 2479 esse
1717 2427 1830 2482 sine

327 2492 701 2558 integumento,
760 2507 851 2558 per
887 2503 1030 2562 typos
1063 2492 1218 2546 nobis
1247 2494 1457 2562 efﬁctos
1497 2499 1755 2557 procedit.

332 2578 557 2646 Magnus
598 2578 912 2648 Dionysius.
950 2581 1002 2633 in
1041 2580 1215 2649 Epist.
1261 2581 1327 2634 ad
1369 2581 1582 2635 Titum:
1647 2582 1829 2648 Quod.

265 2670 467 2740 inquit,
534 2673 848 2741 huiusmodi
909 2674 1279 2736 integumenta
1333 2685 1560 2740 cognata
1627 2687 1834 2731 natura:

265 2774 464 2818 nostra:
493 2773 639 2830 sunt,
667 2764 941 2821 declarant
960 2769 1121 2821 etiam
1143 2770 1230 2836 qui
1255 2771 1438 2824 audita
1462 2779 1646 2834 aperta
1675 2771 1833 2822 ῑΙιειοο

267 2858 404 2924 logia
446 2859 522 2929 (2)
581 2859 701 2913 sine
761 2860 1083 2921 involucris.
1145 2862 1409 2930 effingunt
1461 2863 1595 2916 inse
1647 2874 1832 2933 typum

266 2948 577 3016 quemdam,
603 2950 811 3026 quieos
841 2952 904 3005 ad
939 2952 1352 3020 intelligentiam
1381 2953 1501 3020 ejus
1550 2954 1835 3021 theologire

262 3053 424 3107 quam
450 3039 585 3104 dixi,
605 3041 866 3117 adducat:
889 3050 944 3096 et
975 3043 1148 3108 ipsius
1177 3057 1396 3111 quoque
1417 3043 1604 3096 mundi
1634 3043 1712 3112 (3)
1741 3044 1833 3110 qui

261 3132 506 3185 cernitur
541 3131 744 3185 fabrica
774 3133 1138 3188 invisibilibus
1173 3133 1264 3188 Dei
1291 3135 1528 3190 obducta
1560 3143 1663 3196 est,
1693 3137 1839 3190 sicut

263 3221 486 3290 Paulus,
519 3232 574 3278 et
600 3224 719 3292 ipsa
740 3221 950 3280 Veritas
971 3227 1046 3294 (4)
1083 3234 1337 3282 testatur.
1371 3227 1522 3281 Alter
1551 3240 1683 3282 vero
1716 3226 1838 3280 Dio-

1937 2042 2046 2082 nou
2098 2042 2192 2096 per
2225 2028 2487 2096 speciem.
2528 2027 2642 2083 Hoc
2687 2031 2980 2098 praeclarus
3033 2039 3230 2085 auctor
3279 2029 3512 2085 Basilius

1934 2136 2057 2175 cum
2096 2129 2440 2190 perspectum
2475 2121 2730 2177 haberet:
2751 2121 2909 2187 Illud,
2945 2121 3120 2190 inquit
3152 2120 3249 2189 (ὸ),
3278 2121 3413 2173 faeie.
3443 2122 3511 2175 ad

1935 2212 2170 2273 faciem.”
2194 2222 2247 2267 et
2271 2213 2510 2282 perfecte
2557 2229 2888 2285 cognoscere
2909 2214 2961 2268 in
2988 2213 3176 2268 futuro
3198 2213 3397 2269 saeculo
3429 2214 3513 2267 di-

1935 2307 2056 2376 gnis
2099 2306 2430 2362 reddendum
2461 2321 2585 2362 esse
2637 2305 2969 2375 promissum
3018 2315 3131 2372 est;
3185 2321 3330 2361 nunc
3358 2320 3511 2371 vero,

1935 2401 2006 2454 sit
2030 2399 2154 2452 licet
2183 2399 2546 2458 Paulus.licnt
2571 2398 2779 2462 Petrus‘,
2810 2398 2954 2453 videt
2975 2398 3191 2468 quidem
3227 2413 3353 2452 vere.
3389 2414 3516 2466 quze

1938 2492 2106 2556 videt,
2145 2499 2199 2544 et
2235 2506 2343 2544 non
2409 2491 2646 2554 fallitur,
2679 2506 2775 2559 per
2817 2491 3102 2560 speculum
3147 2498 3329 2543 tamen
3369 2490 3416 2543 vi
3441 2491 3515 2544 iet

1938 2595 1992 2640 et
2020 2584 2072 2635 in
2096 2588 2398 2650 aenigmate,
2430 2583 2558 2633 illud
2592 2593 2769 2635 autem
2803 2582 2950 2649 quod
2976 2580 3037 2634 ei:
3071 2591 3222 2650 parte
3243 2590 3345 2638 est.
3366 2597 3516 2635 nunc

1939 2685 2093 2740 grato
2110 2673 2313 2737 animo,
2333 2673 2623 2741 accipiens,
2644 2671 2786 2741 quod
2821 2671 3118 2741 perfectum
3138 2685 3238 2732 est.
3261 2674 3312 2726 in
3337 2671 3518 2725 futuro

1943 2767 2224 2836 perspicue
2253 2774 2554 2833 exspectat.
2583 2766 2715 2819 Item
2748 2779 2872 2818 cum
2904 2779 2970 2819 eo
3010 2765 3307 2836 Gregorius
3336 2763 3520 2818 Theo-

1944 2861 2098 2922 logus
2156 2859 2256 2925 (c):
2295 2857 2587 2922 Quocirca.
2642 2857 2840 2924 inquit.
2879 2872 3094 2910 omnem
3151 2855 3516 2922 munitionem

1947 2949 2296 3015 l’aulusapne
2335 2949 2386 3001 in
2427 2959 2570 3002 terra
2605 2948 2672 3001 de
2711 2949 2819 3000 Deo
2849 2948 3104 3013 habetur,
3161 2948 3299 3000 nihil
3358 2964 3523 3016 supra

1943 3057 2108 3112 quam
2140 3040 2360 3109 specula
2385 3049 2434 3094 et
2459 3040 2744 3107 aenigmata
2771 3055 2891 3094 esse
2912 3041 3084 3108 ponit,
3113 3049 3306 3107 utpote
3334 3042 3386 3092 iu
3424 3041 3524 3092 mi-

1944 3131 2094 3186 nutis
2119 3130 2449 3200 imaginibus
2473 3131 2718 3184 veritatis
2747 3131 3006 3185 locatam.
3045 3130 3105 3183 Et
3142 3132 3341 3184 iterum
3377 3130 3521 3183 idem

1948 3226 2003 3280 in
2037 3225 2291 3282 oratione
2315 3229 2384 3280 'de
2422 3225 2821 3281 consumendis
2852 3225 3158 3294 episcOpis:
3189 3223 3520 3292 Ecquisest.

1728 3358 2004 3421 Scholia.

331 3468 410 3536 fi)
439 3465 506 3520 In
527 3473 746 3534 utroque
763 3479 961 3532 genere.
990 3462 1045 3517 Id
1073 3473 1176 3536 est,
1215 3462 1269 3519 in
1315 3464 1640 3536 formatione
1686 3466 1822 3531 figu-

261 3535 488 3602 rationis
540 3542 644 3589 sub
695 3548 915 3588 sensum
969 3535 1232 3593 cadentis.
1292 3536 1428 3590 etin
1493 3535 1823 3589 formatione

263 3605 639 3667 translationis
671 3605 918 3658 cadentis
942 3604 1043 3657 sub
1068 3605 1503 3671 intelligentiam.

247 3700 255 3704 -
336 3681 411 3748 (εξ
441 3675 556 3748 Qui
576 3675 763 3728 audita
808 3683 992 3748 aperto
1039 3674 1322 3742 theologia.
1378 3673 1698 3748 Exemplum
1756 3673 1828 3726 sit

268 3741 412 3814 quod
454 3745 715 3814 scriptum
761 3753 845 3796 est
881 3741 1162 3814 iu_Jerem.
1215 3741 1265 3797 c.
1304 3759 1421 3800 xui.
1485 3741 1560 3798 de‘
1608 3747 1674 3797 iis
1708 3760 1828 3812 qme

267 3812 454 3883 aperte
473 3813 607 3883 dixit
632 3814 896 3883 Dominus
912 3812 1029 3865 sine
1047 3815 1155 3866 ullo
1176 3825 1298 3882 typo
1326 3821 1419 3865 aut
1438 3815 1830 3883 integumento,

265 3879 543 3960 quomodo
570 3883 826 3950 populum
879 3881 1041 3935 Israel
1062 3959 1065 3960 ν
1088 3879 1578 3960 sibiadjunxisset,
1603 3893 1660 3960 et
1695 3879 1832 3960 quo;

269 3952 432 4014 .i.odo
456 3961 674 4024 propter
697 3962 909 4016 peccata
929 3959 1075 4004 esset
1101 3952 1431 4024 puniendus,
1454 3963 1506 4006 et
1529 3955 1596 4024 de
1623 3954 1832 4006 lumba-

265 4031 334 4093 ri,
361 4029 412 4082 in
440 4021 547 4092 quo
571 4035 825 4093 tanquam,
851 4024 902 4074 in
921 4031 1046 4091 typo
1081 4023 1253 4075 ellicto
1279 4023 1462 4093 voluit,
1483 4031 1540 4076 ut
1564 4021 1828 4079 Jeremias

268 4091 412 4169 (cup.
457 4091 574 4163 xm)
604 4092 924 4169 supplicium
957 4094 1023 4169 de
1064 4093 1263 4169 pupulo
1286 4091 1442 4169 Israel
1470 4093 1821 4169 sumendum.

265 4161 318 4224 i-t
348 4161 504 4224 suam
533 4161 655 4220 cum
708 4163 802 4215 illo
824 4161 1022 4230 populo
1073 4161 1508 4226 conjunctionem
1541 4166 1710 4228 magis
1729 4165 1823 4214 ad-

270 4243 376 4295 lmc
409 4237 748 4306 intelligeret.
777 4232 1074 4306 meliusque
1097 4233 1216 4306 aliis
1247 4242 1561 4306 expelleret.
1597 4233 1661 4286 Et
1683 4232 1824 4288 dixit

271 4309 531 4362 Dominus
565 4301 630 4360 a'd
660 4318 779 4356 me:
815 4301 1002 4367 Surge,
1036 4312 1088 4355 et
1121 4301 1251 4354 vade
1282 4303 1344 4353 ad
1401 4303 1730 4368 Euphraten.
1770 4311 1825 4356 et

271 4378 398 4430 tolle
417 4377 543 4429 inde
566 4375 825 4434 lumbare,
851 4371 992 4436 quod
1021 4371 1245 4437 praecepi
1271 4371 1364 4423 tibi
1391 4382 1446 4423 ut
1464 4373 1828 4426 abseonderes

269 4446 400 4500 illud
423 4445 519 4499 ibi.
548 4444 614 4500 Et
641 4441 748 4495 abii
776 4441 840 4493 ad
873 4440 1204 4507 Euphraten,
1237 4453 1291 4494 et
1321 4441 1450 4500 fudi.
1481 4452 1532 4493 et
1559 4442 1654 4494 tuli
1688 4444 1828 4494 Ium-

271 4517 400 4569 hare
427 4517 494 4568 de
530 4515 651 4569 loco
681 4512 772 4565 ubi
814 4511 1202 4579 absconderam
1240 4509 1400 4575 illud;
1428 4521 1484 4566 et
1529 4528 1658 4566 ecce
1686 4528 1836 4564 eom-

273 4593 556 4646 pntruerat
598 4583 862 4653 lumbare,
900 4579 971 4632 ita
1026 4590 1082 4653 ut
1115 4581 1246 4653 nulli
1291 4583 1414 4653 usui
1443 4592 1638 4653 aptum
1679 4589 1840 4653 esset.

276 4654 343 4708 Et
369 4654 566 4708 factum
615 4663 698 4706 est
755 4650 977 4702 verbum
1024 4650 1232 4703 Uomiul
1291 4652 1355 4704 ad
1421 4667 1526 4715 me,
1589 4650 1778 4706 dicens
1829 4667 1843 4704 :

276 4725 401 4778 Haec
431 4724 562 4777 dicit
596 4721 891 4791 Dominus:
922 4718 1017 4791 _Sic
1051 4728 1364 4791 putrescere
1419 4719 1612 4774 faciam
1651 4735 1844 4791 snper-

273 4794 416 4846 biam
472 4791 632 4853 Juda,
665 4785 721 4843 et
753 4785 1067 4857 superbiam
1123 4785 1430 4843 Jerusaiem
1495 4785 1739 4843 multam.
1774 4790 1842 4844 Et

271 4863 434 4930 paulo
462 4871 615 4930 post:
674 4862 738 4913 Et
764 4861 1099 4930 eruntsicut
1158 4859 1406 4912 lumbare
1471 4860 1635 4920 istud.
1695 4862 1839 4927 quod

271 4928 405 4983 imlli
441 4928 561 4985 usui
596 4941 778 4999 aptmn
807 4938 909 4983 est.
938 4928 1112 4999 Sicut~
1141 4931 1285 4980 enim
1316 4932 1556 4999 attineret
1594 4932 1840 4983 lumbare

267 5001 337 5053 ad
366 5001 576 5054 lumbos
600 4998 727 5061 viri,
747 5001 824 5055 sic
854 4998 1183 5067 agglutinayi
1213 4998 1342 5051 mihi
1369 5014 1586 5052 omnem
1618 5000 1837 5052 domum

275 5071 469 5134 Israel,
513 5081 566 5124 et
591 5085 809 5124 omnem
844 5065 1062 5121 domum
1108 5065 1270 5128 Juda,
1301 5067 1433 5122 dicit
1463 5068 1744 5133 Dominus,
1780 5078 1841 5121 ut

267 5151 449 5194 essent
485 5141 615 5192 mihi
649 5143 701 5191 iu
731 5139 1089 5208 pupuluut.’et
1117 5138 1170 5188 in
1209 5153 1426 5202 nomen,
1458 5146 1514 5192 ct
1536 5137 1589 5190 iu
1617 5139 1831 5191 laudem

267 5219 324 5260 et
353 5210 405 5262 in
436 5211 683 5276 gloi-iam,
713 5220 767 5262 et
795 5207 901 5262 non
935 5207 1246 5276 audierunt,
1275 5219 1329 5261 et
1355 5224 1475 5274 quze
1507 5218 1835 5276 sequuntur.

272 5275 600 5346 Frequentta
651 5289 780 5332 sunt
813 5275 1120 5345 huiusmodi
1181 5280 1428 5345 exempla
1466 5279 1518 5330 in
1560 5277 1840 5346 prephetis

271 5358 341 5400 ue
364 5360 547 5418 aperta
603 5351 896 5417 theologia,
925 5359 978 5400 et
1023 5348 1090 5400 de
1125 5349 1267 5418 typis
1303 5348 1421 5401 sive
1477 5347 1745 5418 symbolis
1772 5347 1840 5400 ad

270 5431 391 5471 eam
417 5417 694 5476 adhibitis.
721 5421 883 5485 ipsius

344 5486 424 5555 (ὅ)
451 5487 636 5541 Μαίηςιὶ
667 5491 756 5558 qui
805 5489 1057 5543 comitur.
1099 5488 1327 5542 Fabrica
1361 5487 1545 5540 mundi
1572 5486 1842 5554 quodam-

272 5563 436 5680 ῗίοσρ
467 5562 638 5612 vicem
664 5561 1034 5630 synibolorutu
1072 5569 1216 5614 tenet
1240 5597 1256 5625 ,
1285 5574 1344 5613 ut
1367 5558 1576 5612 notavit
1617 5567 1844 5612 sanctus

327 5643 565 5680 astutus.

327 5643 565 5682 astutus.

349 5769 426 5840 (a)
481 5767 773 5839 Dionysius
817 5767 1220 5826 Alexandrinus
1281 5770 1490 5828 scholia
1545 5771 1710 5827 etiam
1783 5768 1840 5824 in

275 5833 593 5910 Dionysium
623 5833 1008 5908 'Areopagitam
1039 5841 1282 5911 scripsit.

1997 3466 2074 3536 (4)
2092 3464 2297 3520 Veritas
2324 3473 2568 3522 testatur.
2603 3466 2877 3521 Christum
2907 3465 3058 3530 dicit,
3081 3465 3172 3534 qui
3203 3467 3256 3522 in
3283 3465 3528 3535 Evangeo

1925 3536 2000 3590 lio
2032 3537 2225 3597 multa.
2279 3553 2399 3605 qttre
2460 3537 2526 3590 ad
2568 3536 2896 3600 theologiam
2950 3546 3192 3602 apertam
3219 3548 3272 3589 et
3293 3538 3523 3594 demou-

1929 3616 2190 3661 strantem
2225 3607 2519 3672 pertinent.
2555 3621 2647 3670 per
2675 3606 2916 3676 symbola
2944 3616 2997 3676 et
3024 3605 3310 3672 parabolas
3341 3607 3528 3676 loque-

1931 3677 2113 3738 batur,
2153 3679 2300 3729 unde
2336 3674 2813 3736 Nicodemodixit.
2851 3683 2920 3746 ut
2943 3674 3296 3746 Pachimerus
3326 3674 3526 3746 Diony-

1933 3746 1997 3799 sii
2033 3747 2430 3814 paraphrastes
2471 3746 2782 3814 observavit
2813 3765 2826 3798 :
2852 3745 2924 3814 Si
2956 3755 3168 3798 terrena
3207 3745 3314 3798 dixi
3345 3745 3526 3812 vobis,

1939 3825 1994 3869 et
2026 3813 2129 3868 non
2167 3815 2413 3873 creditis,
2447 3813 2722 3882 quomodo
2754 3814 2798 3868 si
2832 3813 3023 3866 dixero
3051 3813 3204 3868 vobis
3261 3815 3527 3878 molestia,

1939 3885 2210 3938 credetis?
2237 3892 2294 3937 ut
2324 3885 2543 3948 perinde
2571 3886 2642 3934 sit
2674 3886 2798 3940 hoc.
2837 3894 2888 3932 ut
2931 3884 3062 3935 mihi
3127 3884 3344 3948 quidem
3382 3885 3535 3935 vide...

1938 3966 2044 4012 tur.
2081 3969 2146 4007 ac
2197 3954 2242 4007 si
2275 3953 2478 4008 diceret
2517 3967 2533 4006 :
2579 3953 2634 4006 Si
2691 3952 2935 4006 coelestia
2992 3953 3244 4005 etilivina
3293 3954 3403 4006 dixi
3431 3969 3530 4006 vo-

1934 4024 2016 4078 bis
2077 4038 2170 4090 per
2245 4023 2487 4091 symbola
2565 4038 2848 4091 corporea,
2907 4031 2962 4076 et
3039 4033 3248 4077 natura:
3340 4035 3531 4076 vestrae

1933 4105 2161 4159 cognata
2214 4093 2599 4153 etfamiliaria.
2659 4103 2848 4145 etnon
2909 4093 3155 4154 creditis,
3191 4101 3250 4144 ut
3307 4095 3534 4145 creden-

1929 4164 2000 4214 do
2063 4163 2417 4232 intelligatis;
2475 4164 2747 4230 quomodo
2807 4161 3069 4217 sidixero
3141 4163 3295 4217 vobis
3341 4163 3536 4217 caeles-

1933 4233 2004 4286 tia
2060 4233 2267 4302 absque
2321 4233 2436 4286 istis
2468 4233 2795 4300 imaginibus
2852 4233 3003 4302 vobis
3061 4234 3226 4294 notis,
3264 4233 3535 4287 credetis?

1942 4304 2208 4356 Docuerat
2289 4304 2433 4356 enim
2507 4303 2769 4356 Dominus
2850 4301 3204 4356 Nicodemum
3276 4306 3527 4372 exemplo

1936 4375 2079 4426 venti
2119 4373 2186 4426 de
2250 4374 2574 4440 Operatione
2606 4373 2822 4426 occulta
2850 4382 2902 4426 et
2929 4373 3197 4441 spirituali
3228 4369 3532 4426 creaturam

1940 4460 2002 4497 ex
2038 4457 2175 4511 aqua
2235 4453 2282 4496 et
2319 4443 2519 4504 Spiritu
2568 4452 2756 4497 sancto
2810 4457 3190 4510 regenerante,
3226 4442 3314 4494 ubi
3350 4458 3532 4495 vocem

1949 4521 2158 4568 tantum
2188 4528 2256 4566 au
2280 4514 2474 4565 limus:
2512 4513 2623 4580 Ego
2657 4525 2707 4565 te
2741 4515 2959 4579 baptizo
2987 4513 3039 4565 in
3075 4512 3297 4566 nomine
3329 4512 3530 4574 Patris,

1947 4597 2002 4637 et
2035 4581 2182 4641 Filii.
2212 4594 2262 4637 et
2289 4581 2528 4649 Spiritus
2556 4583 2766 4649 sancti;
2794 4584 2886 4637 sed
2947 4581 3224 4651 quomodo
3253 4594 3532 4648 operetur,

1949 4663 2041 4706 aut
2072 4653 2216 4705 unde
2255 4653 2502 4721 incipiat,
2536 4663 2587 4707 et
2625 4652 2712 4704 ubi
2763 4653 2994 4712 desinat,
3037 4652 3346 4721 nescimus;
3379 4661 3438 4702 ut
3472 4652 3524 4702 in

1946 4733 2127 4785 vento,
2177 4725 2266 4790 qui
2301 4719 2402 4779 est.
2436 4732 2486 4772 ut
2533 4723 2607 4775 ait
2649 4723 2789 4774 item
2843 4722 3151 4790 Dionysius,
3216 4719 3266 4770 in
3298 4735 3417 4786 cap.
3453 4721 3518 4772 l5

1949 4793 2185 4846 Calcatis
2217 4790 2458 4848 Hieran.
2489 4793 2668 4860 imago
2690 4801 2743 4843 et
2771 4800 2928 4858 typus
2957 4790 3156 4860 divina
3191 4791 3534 4857 operationis

1946 4864 2560 4932 propter.pr0prietates
2606 4859 2748 4914 venti
2768 4876 2939 4932 _quas
2989 4859 3192 4932 ibidem
3237 4860 3531 4932 Dionysius

1945 4927 2175 4995 notavit,
2202 4927 2318 4985 ubi
2344 4932 2509 5002 etiam
2547 4931 2725 4985 locum
2763 4928 3041 5001 Evangelii
3071 4931 3235 5002 citat;
3295 4927 3535 4998 Spiritus

1949 5003 2039 5064 ubi
2072 5003 2189 5054 vult
2230 4999 2428 5070 spirat,
2926 4999 2941 5001 ν
3170 4999 3178 5008 -
3413 5007 3420 5010 .

2020 5069 2328 5142 (5)1‘gpos.
2383 5069 2452 5126 Ut
2487 5071 2658 5124 Deum
2711 5085 2834 5124 esse
2895 5069 3187 5142 trinum_et
3220 5085 3412 5142 unum,
3467 5069 3533 5124 ad

1946 5140 2201 5207 apertam
2252 5151 2307 5195 et
2357 5147 2834 5196 deuionstrautem
2889 5140 3221 5208 theologiam
3277 5141 3535 5208 pertinet,

1945 5229 2110 5281 quam
2136 5224 2316 5265 tamen
2346 5224 2403 5265 ut
2427 5213 2639 5265 facdius
2657 5212 2932 5264 auditores
2955 5219 3012 5265 et
3035 5213 3266 5281 lcetores
3286 5213 3535 5281 credant,

1945 5280 2000 5334 et
2036 5283 2304 5334 credendo
2343 5282 2664 5352 intelligant,
2721 5297 2786 5334 ex
2844 5280 3086 5352 antiquis
3141 5284 3390 5346 putribus
3441 5280 3528 5334 alii

1961 5362 2118 5417 typos
2150 5363 2206 5422 et
2237 5353 2504 5422 imagines
2530 5351 2816 5419 felliuguut
2845 5351 3012 5404 trium
3043 5352 3440 5422 lampadarutn,
3484 5356 3540 5401 et

1952 5421 2117 5475 unius
2139 5419 2372 5474 ﬂammai
2391 5458 2407 5483 ,
2435 5421 2526 5475 alii
2551 5426 2704 5483 solss,
2733 5422 2867 5474 radii
2897 5432 2952 5474 et
2979 5423 3201 5475 luminis
3223 5461 3236 5482 .
3262 5421 3350 5471 alii
3381 5432 3537 5481 roszv,

1949 5489 2124 5555 ﬂoris.
2152 5503 2205 5546 et
2236 5493 2422 5546 odoris
2446 5531 2462 5556 ,
2501 5503 2594 5544 aut
2627 5492 2846 5553 radicis,
2881 5495 3038 5551 rami.
3072 5503 3127 5545 et
3153 5491 3387 5554 fructus,
3437 5497 3531 5539 aut

1951 5563 2128 5631 digiti,
2169 5577 2386 5628 manus,
2417 5573 2472 5616 et
2501 5563 2734 5628 brachii,
2764 5575 2817 5614 et
2848 5561 3140 5615 similium.

2023 5766 2104 5836 (bl
2136 5763 2192 5836 in
2221 5765 2477 5836 oratione
2494 5764 2570 5836 de
2595 5763 2942 5836 confessione
2970 5760 3114 5836 fidei.

2027 5833 2417 5906 (c)Grcgorius
2465 5833 2560 5889 lib.
2593 5833 2650 5901 Ξ,
2689 5839 2756 5890 de
2800 5833 3096 5899 theologia.
