4048 6436
447 1555 453 1562 1
553 1486 863 1551 veritatem,

537 355 650 419 763

1703 359 1949 422 ῙΟΑΝΝ
1962 363 2031 422 [S
2057 365 2629 430 CYPARISSIOT/E

3693 383 3806 450 764

547 475 748 543 inquit,
783 476 877 544 qui
913 475 968 530 in
1003 485 1110 530 tam
1136 457 1370 532 sublime
1399 489 1576 546 potest
1611 482 1764 548 ferri,
1789 493 1848 540 ut
1885 469 2113 545 Paulum
2145 489 2192 546 Α
2223 499 2382 544 tanee
2411 490 2578 561 igitur
2607 495 2786 550 omnis
2815 497 3117 570 theologica
3141 502 3382 573 cognitio
3413 506 3576 577 hujus
3611 517 3820 572 utrius-

552 567 768 637 :equet?
791 576 845 621 et
868 561 1047 622 tamen
1067 569 1254 624 videre
1279 585 1338 624 se
1371 572 1500 626 dicit
1521 588 1616 642 per
1642 577 1897 642 aenigma,
1929 592 1983 636 et
2006 583 2122 638 fore

550 667 768 728 tempus
799 674 922 713 cum
966 658 1106 713 facie
1140 662 1206 714 ad
1242 661 1434 716 faciem
1476 665 1702 720 videbit.
1735 669 1800 723 Et
1838 687 2030 728 rursus
2064 676 2121 730 in

549 749 736 802 eadem
753 750 1029 805 oratione:
1057 750 1365 818 Quomodo,
1389 755 1586 824 inquit,
1615 772 1813 814 sensus
1835 762 1888 815 in
1918 764 2114 820 eodem

551 847 822 904 manet,et
845 839 898 893 id
922 839 1071 910 quod
1098 841 1230 896 foris
1248 851 1352 910 est,
1381 847 1644 903 attrahit?
1671 852 1950 920 quomodo
1970 870 2124 912 ruens

550 935 605 988 in
644 943 696 988 te
725 946 928 1000 manet,
959 943 1011 990 et
1047 935 1100 990 in
1131 939 1237 992 alia
1273 952 1454 997 mente
1485 945 1708 1003 verbum
1738 948 1910 1018 gignit
1937 951 1960 1004 1
1988 967 2126 1022 quo-

549 1025 714 1082 modo
743 1028 907 1082 verbo
933 1030 1082 1085 notio
1105 1031 1307 1088 datur?
1331 1033 1385 1088 Si
1410 1036 1547 1091 nihil
1586 1038 1784 1094 horum
1816 1041 2124 1112 intelligen-

549 1117 622 1169 tia
655 1120 1108 1186 conprehensum
1133 1125 1321 1189 habes,
1353 1131 1530 1191 homo.
1568 1136 1998 1201 comprehcndes
2023 1153 2126 1192 au-

551 1217 658 1264 tem
690 1210 831 1267 forte
859 1213 1185 1284 aliquando,
1215 1232 1340 1272 cum
1372 1222 1603 1290 recipies
1634 1225 1780 1294 quod
1819 1227 2121 1297 perfectum

548 1312 666 1358 est:
695 1303 911 1373 Videbo,
932 1306 1299 1377 inquit,caelos
1325 1329 1481 1382 opera
1505 1316 1793 1385 digitorum
1812 1329 2024 1376 litorum
2056 1325 2123 1390 ¹⁶,

550 1404 610 1447 ιιι
634 1399 999 1464 suspicemur,
1020 1414 1139 1465 quae
1163 1416 1308 1456 nunc
1345 1403 1626 1473 videntur,
1661 1418 1781 1462 non
1797 1425 1922 1466 esse
1948 1411 2123 1481 ipsam

945 1491 1041 1545 sed
1127 1493 1418 1550 simulacra
1498 1497 1773 1563 veritatis,
1846 1506 2126 1572 quomodo

556 1578 748 1643 Deum,
784 1579 836 1634 id
873 1583 1016 1651 quod
1035 1592 1144 1646 est,
1174 1596 1488 1654 etquantus
1513 1597 1618 1654 est,
1651 1606 1814 1648 nosse
1842 1605 1893 1648 te
1928 1596 2127 1651 existi-

554 1672 809 1727 mas?‘Aul
842 1675 976 1741 haec,
1022 1692 1252 1744 magnus
1287 1679 1579 1750 Dionysius
1626 1683 1681 1737 in
1714 1684 1883 1753 Epist.
1927 1689 1994 1740 ad
2026 1686 2120 1741 Ti-

555 1773 670 1816 tum
693 1765 886 1833 :Atqui
908 1781 1009 1820 nec
1041 1765 1093 1820 in
1120 1769 1488 1826 sanctissimis
1517 1775 1791 1843 mysteriis
1817 1780 1990 1833 sancti
2013 1795 2126 1833 ma-

551 1856 708 1921 gistri
744 1856 1082 1927 Evangelicie
1107 1869 1202 1916 aut
1227 1861 1479 1919 Mosaicae
1511 1866 1815 1936 disciplinae
1847 1885 1876 1924 a
1906 1872 2128 1941 symbo-

552 1946 644 2010 lis,
677 1948 731 2002 in
753 1950 955 2018 quibus
985 1950 1129 2010 Deus
1167 1941 1682 2026 repraesentabatur,
1713 1960 2125 2032 abstinuerunt,

551 2039 682 2108 quin
705 2041 886 2110 potius
911 2043 1158 2102 videmus
1183 2049 1409 2118 angelos
1437 2054 1585 2110 omni
1611 2054 1904 2110 sanctitate
1939 2057 2128 2126 plenos

554 2147 649 2199 per
673 2135 960 2204 aenigmata
997 2152 1083 2191 res
1109 2138 1329 2195 divinas
1357 2142 1584 2212 mystice
1620 2159 1876 2212 promere
1912 2148 1991 2217 (I)
2024 2192 2040 2214 ,
2070 2159 2126 2206 et

553 2221 742 2279 .Iesum
801 2229 1082 2295 parabolis
1118 2229 1188 2285 de
1217 2231 1420 2286 divinis
1455 2234 1631 2303 loqui,
1672 2251 1739 2290 ac
1770 2238 1964 2293 deities
2003 2249 2060 2295 et
2095 2256 2127 2296 a

555 2315 668 2370 Deo
694 2316 837 2373 facta
873 2330 1217 2377 sacramenta
1261 2339 1359 2392 per
1393 2333 1552 2396 typos
1585 2328 1744 2396 panis
1782 2339 1836 2384 et
1872 2331 1980 2385 vini
2007 2339 2130 2392 tra-

553 2410 700 2463 dere.
727 2408 835 2464 Par
869 2412 1017 2465 enim
1053 2422 1192 2480 erat,
1227 2425 1288 2468 ut
1327 2430 1434 2470 non
1472 2417 1649 2471 solum
1687 2429 1874 2474 sancta
1911 2432 2133 2477 sancto-

555 2517 678 2556 rum
703 2513 920 2557 servata
953 2513 1163 2584 essent,
1195 2523 1263 2562 ne
1289 2523 1353 2562 ea
1381 2509 1579 2582 vulgus
1611 2510 1892 2566 hominum
1924 2515 2134 2584 pollue-

556 2600 640 2646 ret
666 2609 681 2658 ;
709 2593 804 2648 sed
837 2603 897 2648 ut
927 2594 1047 2663 ipsa
1083 2583 1193 2651 vita
1226 2598 1486 2665 humana,
1539 2617 1665 2671 qua:
1696 2583 2020 2674 incorporea
2053 2607 2134 2662 si-

559 2682 676 2736 mul
726 2693 783 2738 et
816 2699 1082 2754 corporea
1143 2698 1249 2754 est,
1301 2689 1482 2746 lumen
1545 2692 1743 2748 divina:
1801 2695 2134 2766 cognitionis

553 2775 945 2830 convenienter
979 2778 1082 2833 sibi
1123 2789 1340 2850 caperet
1373 2801 1387 2845 ;
1439 2796 1494 2839 et
1517 2799 1636 2839 eam
1674 2798 1881 2855 partem
1913 2789 2132 2858 animae,

555 2879 680 2933 quae
709 2881 740 2920 a
793 2867 1035 2934 patiendi
1067 2872 1415 2929 extrinsecus
1464 2880 1792 2933 necessitate
1841 2879 2013 2936 libera
2052 2881 2131 2952 (2)

557 2968 663 3023 est,
689 2958 740 3012 id
775 2969 862 3014 est
894 2970 1154 3028 mentem,
1189 2966 1630 3035 contemplandis
1683 2969 2041 3039 simplicibus,
2081 2980 2136 3027 et

557 3049 700 3103 intra
731 3049 994 3122 imagines
1023 3052 1192 3108 Deum
1224 3068 1700 3126 repraesentantes,
1732 3044 1934 3119 abditis
1955 3075 2009 3119 et
2033 3067 2140 3122 alte

2227 600 2334 653 que
2358 588 2532 653 partis
2555 603 2661 643 non
2693 593 2892 662 transit
2911 597 3131 664 specula
3152 607 3205 652 et
3236 601 3546 670 :enigmata,
3573 605 3674 662 hoc
3699 623 3807 663 au-

2229 682 2337 728 tem
2363 684 2448 730 est
2471 676 2632 745 hujus
2680 682 3007 750 cognitionis
3035 687 3286 756 partibile
3311 698 3364 744 et
3390 691 3769 762 imperfectum
3797 719 3812 764 ;

2228 763 2433 820 idcirco
2491 782 2612 821 cum
2651 771 2856 826 venerit
2903 776 3050 843 quod
3085 777 3386 844 perfectum
3415 789 3521 848 est,
3580 785 3631 838 id
3664 763 3812 854 quod

2229 854 2358 908 huic
2410 871 2475 910 ex
2509 869 2659 924 parte
2687 871 2788 927 est,
2819 871 2874 917 et
2913 864 3046 919 illud
3075 865 3221 936 quod
3252 872 3407 924 estin
3439 886 3500 925 ea
3531 875 3816 941 partibile,

2228 947 2590 1002 evacuabitur
2618 969 2632 1014 ;
2682 953 3100 1023 videbimusque
3155 957 3294 1014 facie
3323 959 3392 1016 ad
3439 961 3630 1018 faciem
3663 967 3728 1030 υ,
3762 968 3821 1021 id

2229 1046 2335 1100 est,
2363 1038 2721 1110 itnpartibilia
2772 1049 3201 1118 impartibiliter,
3233 1061 3286 1108 et
3318 1053 3681 1115 immateriata
3710 1059 3821 1114 im-

2231 1130 2540 1188 materiate.

2791 1271 3023 1330 CAPUT
3055 1275 3146 1334 IV.

2231 1393 2387 1478 Quod
2407 1395 2525 1462 ﬁeri
2542 1413 2646 1452 non
2672 1410 2861 1481 potest,
2882 1413 2940 1481 tu
2996 1407 3112 1481 qui_
3139 1422 3354 1481 corpore
3413 1415 3623 1481 pra-diti
3667 1426 3818 1481 sunt,

2333 1467 2446 1520 sine
2461 1467 2723 1536 corporeis
2767 1473 2831 1526 de
2873 1467 3020 1528 Deo'
3053 1467 3424 1550 philosophari
3458 1467 3682 1552 possint.

2297 1580 2591 1652 Gregorius
2607 1585 2910 1658 theologus,
2929 1590 2983 1645 in
3003 1593 3246 1649 secundo
3273 1595 3340 1652 de
3356 1597 3616 1669 theologia
3642 1601 3777 1659 libro
3799 1624 3816 1660 :

2233 1670 2304 1728 Ut
2328 1683 2433 1741 est,
2466 1673 2664 1745 inquit,
2697 1681 3035 1749 impossibile
3059 1684 3107 1739 ei
3132 1686 3293 1742 etiam
3344 1692 3436 1760 qui
3482 1695 3632 1750 valde
3661 1700 3822 1752 testi-

2230 1772 2348 1827 uat,
2381 1770 2623 1821 umbram
2651 1783 2803 1824 suam
2835 1773 3069 1830 transire
3104 1777 3338 1846 (tantum
3387 1784 3540 1837 enim
3596 1801 3813 1856 semper

2232 1858 2424 1912 umbra
2458 1861 2744 1937 anticipat,
2771 1873 3037 1932 quantum
3093 1871 3473 1941 antevertitur)
3525 1884 3619 1930 aut
3665 1878 3819 1932 sicut

2233 1948 2350 2003 fieri
2382 1965 2490 2004 non
2514 1961 2714 2020 potem,
2748 1962 2807 2009 ut
2828 1965 2984 2012 extra
3042 1973 3241 2029 aquam
3303 1963 3470 2032 piscis
3522 1976 3692 2032 natet,
3739 1969 3823 2023 sic

2231 2055 2339 2094 non
2367 2051 2548 2111 potest
2578 2044 2717 2110 ﬁeri,
2749 2054 2808 2100 ut
2839 2049 2932 2116 qui
2965 2049 3017 2102 in
3047 2064 3275 2118 corpore
3293 2062 3442 2118 sunt,
3465 2056 3670 2123 absque
3689 2072 3818 2112 cor-

2232 2133 2580 2200 poreis,cum
2630 2135 2697 2190 iis
2755 2152 2876 2207 quae
2941 2140 3292 2210 intelligentia
3355 2147 3816 2214 complectuntur.

2231 2221 2453 2276 omnino
2479 2224 2588 2276 sint
2613 2243 2627 2278 :
2656 2239 2871 2292 semper
2929 2229 3075 2282 enim
3109 2230 3310 2298 aliquid
3336 2232 3404 2286 de
3433 2234 3634 2288 nostris
3653 2235 3816 2296 rebus

2234 2312 2544 2378 intercidet,
2574 2318 2824 2384 quamvis
2875 2333 2934 2373 se
2953 2335 3106 2377 mens
3132 2322 3201 2376 ab
3227 2323 3293 2378 iis
3320 2340 3440 2392 quae
3498 2337 3817 2390 cernuntur,

2235 2405 2472 2461 mavime
2499 2416 2712 2474 avocet,
2749 2419 2802 2464 et
2831 2411 2944 2466 sola
2975 2428 3157 2468 secum
3212 2416 3460 2481 collecta,
3487 2429 3715 2487 cognata
3764 2433 3819 2475 et

2235 2495 2642 2565 iuaspectabilia
2674 2499 3030 2566 intelligentia
3048 2505 3260 2574 assequi
3282 2507 3668 2564 nitatur.l.lem
3717 2510 3816 2564 ad-

2235 2586 2345 2642 huc
2367 2588 2420 2642 in
2447 2590 2632 2644 eadem
2660 2591 2913 2648 oratione
2946 2607 2960 2652 :
2990 2593 3446 2655 Perorabimusne
3494 2601 3602 2668 hic,
3631 2619 3803 2673 usque

2237 2681 2303 2733 ad
2333 2681 2638 2746 materiam,
2671 2693 2725 2738 et
2743 2699 2807 2738 ea
2845 2701 2965 2754 quae
2992 2689 3096 2741 sub
3119 2700 3403 2759 aspectum
3438 2693 3662 2759 cadunt,
3687 2711 3816 2764 pro-

2237 2772 2402 2826 vecti?
2420 2775 2502 2827 An
2519 2789 2648 2829 vero
2661 2777 2790 2846 quia
2809 2777 3212 2848 scitScriptura
3227 2781 3817 2842 fuissetabernaculum

2237 2861 2440 2934 Moysis
2457 2866 2746 2937 imaginem
2763 2869 3004 2925 universi
3024 2873 3232 2935 mundi,
3247 2875 3338 2943 qui
3355 2889 3419 2930 ex
3435 2875 3502 2931 iis
3513 2891 3633 2946 quas
3648 2879 3819 2945 cerni,

2239 2963 2294 3010 et
2313 2970 2438 3024 quae.
2471 2971 2582 3012 non
2615 2959 2768 3037 cerni
2799 2970 3055 3028 possunt,
3083 2973 3318 3027 constat,
3343 2966 3521 3036 primo
3558 2968 3677 3022 velo
3719 2967 3818 3022 de-

2241 3052 2439 3112 tracto,
2469 3057 2522 3102 et
2541 3062 2767 3104 sensum
2802 3053 3162 3120 praetervecti,
3195 3055 3249 3129 in
3277 3055 3476 3110 Sancta
3503 3067 3822 3114 sanctorum

559 3141 861 3197 reconditis
907 3144 1206 3202 destinaret
1261 3156 1319 3203 et
1373 3150 1744 3219 attribueret;
1807 3153 1954 3210 illam
2012 3171 2134 3212 vero

2246 3136 2616 3204 introibimus,
2647 3132 2832 3206 idest,
2859 3143 2925 3197 ad
2953 3153 3199 3199 naturam
3233 3147 3627 3216 intelligibilem
3647 3157 3700 3203 et
3716 3163 3827 3205 ca:-

558 3242 774 3302 partem
802 3235 1020 3300 animai,
1041 3253 1163 3307 quae
1189 3241 1505 3296 necessitati
1535 3242 1779 3311 patiendi
1811 3246 1920 3299 vim
1953 3255 2139 3304 exter-

561 3341 686 3379 nam
718 3326 959 3396 suhjeCIa
983 3339 1088 3396 est,
1115 3338 1174 3384 ut
1199 3338 1408 3387 natura:
1439 3333 1560 3402 ejus
1593 3336 1852 3404 convenit
1891 3345 2132 3406 aptaret,

563 3425 620 3471 et
647 3417 698 3471 in
733 3418 1110 3477 divinissimas
1138 3437 1226 3477 res
1259 3437 1355 3492 per
1386 3425 1570 3494 typica
1603 3426 1853 3496 symbola
1884 3429 1964 3485 eis
1999 3432 2138 3486 arti-

563 3510 750 3566 ﬁciose
780 3511 1018 3568 obducta
1052 3515 1424 3582 protenderet.
1456 3515 1728 3572 Praeterea
1761 3529 1992 3578 sanctus
2029 3522 2141 3578 Ma-

563 3603 744 3660 ximus
780 3605 832 3658 in
885 3608 1209 3677 theologicis
1243 3609 1356 3679 (a):
1399 3611 1685 3678 Dominus,
1720 3613 1918 3684 inquit,
1960 3629 2172 3685 quan-'

559 3696 739 3766 doque
768 3699 1175 3769 peregrinatur,
1198 3701 1528 3772 quandoque
1548 3705 1833 3762 nobiscum
1859 3718 2136 3765 versatur:

564 3790 942 3858 peregrinatur
971 3791 1026 3844 in
1077 3791 1292 3846 ratione
1327 3795 1732 3864 contemplandi
1789 3797 1930 3853 facie
1957 3803 2022 3852 ad
2059 3802 2140 3854 ra-

563 3879 740 3944 ciem;
772 3889 1022 3934 versatur
1073 3882 1361 3936 nobiscum
1387 3883 1442 3937 in
1473 3885 1691 3940 ratione
1731 3887 2139 3956 contemplandi

563 3973 618 4024 in
643 3972 864 4040 specqu
914 3973 1050 4026 etin
1087 3974 1398 4044 aenigmate.
1450 3976 1528 4031 Ac
1555 3977 1702 4032 idem
1764 3989 2029 4048 praeterea
2085 3982 2138 4034 in

562 4064 810 4118 centuria
864 4065 1023 4119 tertia
1080 4066 1146 4120 de
1183 4067 1498 4123 charitate:
1550 4068 1654 4124 Per
1686 4070 1874 4137 ﬁdem,
1933 4073 2137 4142 inquit,

563 4155 930 4218 ambulamus,
962 4172 1070 4212 non
1107 4173 1203 4226 per
1245 4160 1484 4228 speciem
1521 4177 1537 4226 ;
1569 4169 1625 4215 et
1671 4161 1730 4216 in
1763 4164 2004 4232 speculis
2036 4180 2148 4220 coo.

564 4248 864 4319 gnitionem
919 4249 1186 4307 habemus
1248 4259 1414 4321 atque
1469 4252 1526 4306 in
1561 4255 1870 4322 aenigmate,
1929 4256 2138 4313 idcirco

567 4341 740 4395 multo
771 4342 983 4396 studio'
1009 4343 1166 4398 nobis
1207 4341 1262 4397 in
1287 4358 1351 4398 ea
1385 4358 1444 4398 re
1475 4358 1615 4412 opus
1641 4355 1746 4410 est,
1796 4353 1856 4399 ut
1879 4346 2138 4404 diuturna

566 4432 963 4487 exercitatione
1011 4443 1066 4486 et
1095 4433 1558 4488 commentatione
1615 4432 1860 4488 habitum
1893 4445 2140 4491 contem-

2244 3229 2462 3286 lestem?
2480 3235 2549 3288 At
2572 3249 2672 3290 nec
2710 3234 2850 3291 hanc
2879 3238 3100 3308 quidem
3143 3241 3470 3310 incorporee
3493 3243 3677 3298 videre
3694 3258 3822 3313 pos-

2244 3337 2460 3385 sumus,
2482 3327 2755 3394 quaa’cum
2789 3328 2992 3399 alioqui
3025 3329 3344 3401 incorporea
3376 3334 3467 3398 sit,
3490 3333 3628 3403 ignis
3645 3341 3826 3388 tamen

2241 3423 2297 3467 et
2327 3417 2554 3484 spiritus
2581 3427 2829 3473 vocatur.
2864 3419 2931 3474 Et
2957 3422 3118 3490 paulo
3140 3435 3268 3478 ante
3297 3441 3311 3478 :
3341 3422 3533 3479 Nonne
3577 3427 3822 3494 spiritus,

2240 3514 2296 3558 et
2327 3505 2489 3574 ignis,
2519 3517 2575 3561 et
2603 3509 2783 3564 lumen
2818 3513 3038 3567 nomina
3068 3523 3198 3568 sunt
3230 3525 3443 3569 naturae
3459 3516 3827 3585 divinaziquid

2242 3595 2434 3664 igitur?
2461 3598 2545 3651 An
2579 3599 2831 3668 spiritum
2859 3602 2978 3656 sine
3007 3605 3304 3672 agitatione
3334 3605 3533 3660 etilatu
3582 3605 3705 3660 fuso
3739 3607 3828 3660 in-

2243 3685 2477 3757 telligas?
2505 3703 2571 3741 an
2598 3690 2775 3759 ignem
2803 3702 2957 3746 extra
2980 3694 3289 3760 materiam,
3311 3704 3366 3748 et
3395 3711 3502 3749 non
3555 3696 3683 3751 ferri
3702 3711 3826 3752 sur-

2243 3793 2388 3842 sum,
2417 3779 2595 3850 neque
2625 3784 2912 3854 proprium
2939 3786 3181 3840 colorem
3217 3798 3272 3842 et
3299 3788 3527 3857 ﬁguram
3583 3790 3778 3845 habere
3805 3790 3832 3844 ?

2241 3858 2519 3940 aniumen
2551 3888 2658 3928 non
2676 3889 2800 3929 cum
2827 3890 2951 3930 aere
2967 3877 3345 3942 commistum,
3379 3888 3433 3932 et
3482 3879 3718 3933 solutum
3761 3881 3828 3932 ab

2240 3975 2307 4016 eo
2335 3963 2428 4032 Qui
2454 3978 2576 4018 eum
2608 3948 2774 4021 veluti
2802 3977 3024 4038 generat
3052 3978 3106 4024 et
3167 3969 3460 4024 illuminat?
3518 3970 3580 4024 Et
3641 3987 3830 4026 rursus

2241 4053 2404 4120 paulo
2451 4054 2633 4110 infra:
2665 4055 2771 4120 An,
2831 4058 3026 4128 inquit,
3082 4073 3222 4127 Opus
3259 4068 3363 4121 est,
3407 4071 3464 4114 ut
3489 4076 3585 4114 nos
3621 4060 3830 4115 abistis

2241 4146 2476 4210 avocati,
2511 4147 2682 4214 ipsam
2722 4147 3064 4202 divinitatem
3099 4164 3163 4203 ex
3194 4150 3334 4213 istis,
3375 4150 3552 4219 quoad
3583 4150 3697 4203 ﬁeri
3733 4167 3831 4220 po-

2241 4243 2365 4302 test,
2399 4236 2679 4291 videamus
2698 4240 2902 4305 privata
2920 4239 3151 4308 quadam
3193 4240 3517 4310 cogitatione
3541 4257 3603 4294 ex
3619 4239 3832 4309 conjec-

2241 4327 2380 4383 turis
2409 4328 2664 4382 collecta?
2701 4327 2936 4386 Sanctus
2957 4330 3229 4386 Maximus
3263 4333 3371 4402 (b):
3399 4331 3609 4393 Omnis,
3638 4330 3831 4401 inquit,

2240 4419 2427 4476 saeculi
2446 4419 2610 4488 hujus
2625 4421 2889 4491 cognitio,
2908 4423 3072 4496 etiam
3089 4424 3210 4492 qua:
3231 4422 3387 4477 valde
3398 4424 3505 4476 alta
3516 4433 3567 4477 et
3585 4422 3834 4478 sublimis

569 4523 872 4591 plationum
921 4522 1080 4578 valde
1132 4523 1519 4578 conﬁrmatum
1581 4536 1988 4594 comparemus,
2060 4528 2138 4582 Ετ(
2178 4513 2351 4578 Dest,
2384 4513 2568 4568 sicum
2588 4515 2900 4584 cognitione
2921 4511 3820 4575 futuri'saeculiconferatur,rudis

572 4615 657 4670 bis
693 4615 882 4684 liquet,
931 4615 1079 4682 quod
1125 4614 1308 4680 anima
1340 4623 1526 4670 nostra
1581 4614 1650 4671 de
1681 4617 1831 4671 omni
1861 4617 2138 4688 theologia

569 4694 952 4762 convenienter
983 4714 1188 4761 natura:
1213 4720 1326 4762 sua:
1350 4713 1571 4776 tractat,
1594 4723 1663 4762 ex
1681 4709 1786 4766 sibi
1815 4712 2060 4782 cognatis
2091 4721 2147 4768 et

574 4799 939 4867 partibilibus,
964 4799 1015 4853 id
1027 4806 1111 4854 est
1130 4800 1424 4868 corporeis,
1442 4811 1596 4872 typos
1607 4810 1662 4858 et
1683 4803 1940 4861 notiones
1960 4807 2146 4876 expri-

573 4904 728 4944 nn-ns
741 4891 856 4944 sive
871 4891 976 4948 ista
999 4905 1063 4945 ex
1082 4889 1506 4946 formationibus
1523 4894 1827 4949 materiatis
1849 4895 2143 4966 exprimat,

573 4981 688 5034 sive
734 4982 858 5037 sine
892 4983 1268 5050 integumento
1297 4997 1366 5037 ex
1403 4982 1469 5054 iis
1493 4983 1670 5039 solum
1698 4999 1821 5054 qua:
1862 4987 1916 5039 in
1941 4988 2148 5041 mundo

574 5073 678 5128 sita
705 5083 856 5139 sunt,
890 5073 982 5127 ubi
1013 5087 1079 5128 ea
1108 5087 1232 5143 quae
1263 5073 1489 5143 pulchra
1525 5088 1673 5128 nunc
1717 5075 1988 5141 videmus,
2038 5091 2148 5132 non

575 5177 706 5220 sunt
726 5166 842 5234 ipsa
871 5164 1102 5228 veritas,
1133 5164 1229 5219 sed
1267 5163 1512 5218 veritatis
1544 5163 1868 5219 simulacra.
1898 5165 2149 5222 Consen-

652 5259 697 5290 "
730 5257 876 5313 Psal.
901 5271 1021 5323 vui,
1046 5256 1097 5312 5.
1179 5257 1222 5288 “
1262 5255 1442 5312 lCor.
1501 5270 1628 5322 xm,
1662 5257 1756 5312 12.

2255 4613 2418 4668 est,et
2449 4606 2615 4660 veluti
2643 4605 2830 4676 ﬁgura:
2847 4607 3082 4662 viventis
3104 4608 3304 4676 imago,
3324 4622 3444 4674 qua:
3465 4621 3572 4661 non
3594 4605 3695 4659 erit
3712 4619 3836 4672 pos-

2253 4701 2360 4756 tea,
2390 4705 2607 4750 ostensa
2637 4697 2750 4767 jam
2781 4710 2908 4750 vera
2943 4697 3076 4761 vita,
3102 4705 3158 4748 et
3183 4694 3519 4764 cognitione.
3591 4690 3838 4745 Scientia:

2249 4785 2417 4852 enim,
2446 4789 2639 4856 inquit,
2673 4790 2987 4852 cessabunt,
3024 4786 3396 4856 etprophetiae
3410 4785 3834 4840 evacuabuntur.

2254 4872 2418 4931 Recte
2448 4877 2614 4948 igitur
2641 4891 2870 4950 magnus
2900 4876 3137 4934 Basilius
3163 4876 3229 4931 de
3268 4875 3377 4930 Deo
3427 4874 3840 4946 pbi|050phatus

2249 4975 2354 5023 est;
2418 4970 2474 5025 Si
2538 4973 2667 5040 quid
2699 4986 2890 5026 eorum
2909 4985 3030 5038 quae
3078 4982 3244 5037 supra
3276 4971 3420 5022 hunc
3443 4965 3729 5026 mundum,
3749 4960 3839 5031 qui

2257 5068 2523 5132 cernitur,
2546 5072 2698 5128 sunt,
2730 5060 3090 5131 intelligentia
3142 5055 3647 5128 comprehenderis,
3696 5052 3838 5123 inira

2260 5160 2504 5216 divinum
2601 5154 2854 5225 spiritum
2905 5159 3009 5208 est.
3060 5148 3171 5205 lmo
3226 5161 3476 5205 summus
3531 5144 3841 5214 Theologus

2052 5368 2333 5434 Scholia.

655 5476 731 5551 (ἦ)
767 5475 1235 5551 Ut_fuit_Angelus
1265 5478 1360 5549 qui
1396 5475 1776 5551 Jes_um_iilium
1831 5471 2158 5551 Jos’edecde

581 5543 802 5618 Christo
833 5547 1018 5601 docuit
1043 5543 1106 5603 in
1130 5543 1436 5618 aenigmate,
1469 5547 1701 5602 Zachar.
1721 5562 1803 5610 tu,
1831 5554 1886 5600 et
1914 5543 2154 5608 Gabriel,

585 5616 680 5682 qui
700 5615 1004 5682 Danielem,
1044 5635 1095 5674 c.
1129 5636 1202 5673 ix.

672 5771 749 5842 (a)
784 5772 840 5826 ln
872 5781 1113 5830 secunda
1137 5773 1388 5830 centuria
1413 5771 1718 5844 theologica
1751 5785 1870 5840 cap.
1909 5768 1997 5822 57.

2336 5467 2413 5538 (2)
2443 5464 2653 5539 Libera.
2692 5459 2810 5515 Non
2833 5457 3206 5539 omniuopscd
3234 5467 3508 5539 quatenus
3533 5469 3636 5508 non
3670 5449 3848 5539 habet

2261 5529 2405 5592 foris
2435 5537 2516 5590 sic
2549 5547 2748 5586 causas
2773 5529 3032 5598 patiendi,
3065 5530 3208 5582 sicut
3242 5529 3400 5582 habet
3423 5537 3688 5596 organum
3719 5534 3846 5579 cor-

2254 5622 2482 5677 poreum
2515 5616 2751 5673 quonon
2782 5615 2935 5654 mens
2959 5600 3055 5653 sed
3089 5613 3285 5655 sensus
3322 5599 3510 5654 utitur.

2363 5757 2435 5829 (ὑ)
2471 5754 2735 5814 Ccnturia
2761 5753 2818 5822 2,
2854 5767 2906 5809 c.
2937 5751 3027 5808 47.
