4048 6434
217 455 324 514 765

966 442 1203 503 DECAS
1231 440 1315 500 II.
1342 459 1412 480 —~—
1451 412 1550 501 DE
1586 435 2032 499 Ti—IEOLOGIA
2073 438 2738 503 DEMONSTRATIVA.

3369 437 3478 501 766

217 564 508 635 Dionysius
527 561 602 634 (a)
647 578 660 615 :
687 559 826 628 Quia
864 557 1063 628 inquit,
1097 572 1202 612 non
1235 563 1412 625 potest
1431 569 1585 609 mens
1618 561 1805 606 nostra
1837 549 1880 608 Α
1909 555 1990 610 las
2017 555 2084 618 ⁸³,
2114 565 2167 610 et
2188 555 2257 626 (c)
2279 556 2588 612 ﬁrmitatem
2614 555 2667 610 in
2692 554 2824 624 ipsis
2854 553 3034 617 ﬁxam,
3057 552 3208 620 quasi
3230 566 3337 604 non
3357 565 3478 604 cer-

217 661 285 712 ad
315 657 462 711 illam
494 654 871 721 incorpoream
899 649 1199 706 cwlestium
1232 647 1488 702 ordinum
1527 644 1792 712 imitatio-

221 762 343 801 nem
375 761 440 799 ac
472 741 990 810 contemplationem
1027 739 1348 807 protendere
1379 739 1552 792 aciem
1611 749 1790 800 suam,

222 839 329 892 nisi
357 831 969 906 corporeoadminiculo
1004 830 1107 885 sibi
1149 836 1278 896 apto
1301 836 1506 882 utatur.
1524 824 1796 881 Etrursus

224 935 364 988 idem
395 929 550 985 :Non
580 934 779 998 potest,
813 923 1009 994 inquit,
1038 922 1192 978 aliter
1220 921 1356 987 ﬁeri,
1393 930 1454 976 ut
1505 917 1690 975 radius
1709 916 1798 973 di-

225 1025 363 1078 vina:
383 1018 712 1090 cognitionis
731 1016 890 1072 nobis
920 1014 1158 1078 illuceat,
1190 1011 1296 1066 nisi
1327 1010 1498 1068 variis
1523 1009 1660 1064 velis
1708 1022 1799 1064 sa-

225 1117 334 1170 cris
359 1113 652 1183 anagogice
675 1110 945 1174 obtectus,
959 1113 1013 1160 et
1031 1104 1422 1160 convenienter
1441 1110 1646 1157 natura:
1666 1115 1798 1156 nos-

230 1216 325 1260 trze
351 1204 530 1260 divina
561 1201 901 1272 providentia
933 1197 1248 1252 adornatus.
1281 1195 1404 1261 Quo
1433 1195 1490 1249 in
1553 1193 1666 1247 loct.
1723 1189 1802 1246 ait

226 1297 444 1350 divinus
471 1293 740 1348 Maximus
773 1307 789 1346 :
823 1289 953 1344 Siue
977 1287 1118 1359 typis
1145 1296 1198 1342 et
1220 1284 1480 1367 symbolis
1521 1298 1629 1338 non
1677 1296 1803 1351 pos-

112 1429 134 1440 -
231 1403 444 1452 sumus,
475 1385 603 1440 dum
637 1383 692 1438 in
720 1395 947 1450 corpore
972 1393 1181 1444 sumus,
1205 1377 1454 1460 aspicere
1483 1375 1801 1444 incorporea

230 1487 284 1531 ct
305 1476 544 1530 materiae
571 1473 834 1541 expertia.
853 1469 990 1524 Hinc
1009 1467 1356 1539 perspicitur,
1373 1465 1418 1520 si
1440 1479 1593 1518 mens
1617 1471 1800 1518 nostra

236 1582 344 1620 non
372 1572 552 1634 potest
580 1577 674 1634 per
703 1576 761 1618 se
789 1575 858 1616 ne
885 1559 1102 1630 angelos
1123 1558 1342 1628 quidem
1371 1553 1574 1610 imitari
1607 1562 1661 1608 et
1677 1569 1805 1609 con-

237 1657 508 1727 templari,
545 1671 642 1710 nec
661 1654 725 1709 ad
760 1653 860 1709 ista
883 1651 1072 1716 adniti,
1111 1649 1213 1705 nisi
1243 1649 1560 1718 adjnmen'o
1631 1653 1804 1701 mate-

236 1751 378 1802 riato
405 1756 459 1802 et
481 1746 582 1801 sub
600 1759 821 1800 sensum
841 1743 1067 1798 cadente
1079 1741 1184 1798 sibi
1207 1739 1548 1795 convenienti
1584 1747 1767 1791 utatur
1785 1777 1802 1804 ,

233 1838 379 1892 nulla
402 1837 612 1893 ratione
652 1845 705 1890 et
732 1835 814 1890 via
840 1833 951 1889 ﬁeri
985 1829 1172 1901 posse,
1198 1839 1258 1885 ut
1284 1828 1691 1898 intelligentiam
1709 1826 1802 1881 Dei

1896 661 1993 700 nas
2013 661 2176 709 nunc,
2201 662 2390 702 cernes
2415 656 2594 701 autem
2619 661 2721 700 suo
2767 654 3038 714 tempore.
3057 643 3119 698 Et
3178 643 3476 710 Gregorius

1895 735 2176 807 Nysscnus
2211 754 2226 792 :
2261 737 2566 804 Quomodo,
2601 738 2795 807 inquit,
2817 737 3142 806 reperiatur,
3194 749 3355 802 quem
3401 733 3482 786 ni-

1896 828 1970 884 hil
2004 843 2194 884 eorum
2240 831 2363 900 qua:
2417 838 2728 892 notescunt,
2776 827 3068 884 declarat?
3101 841 3208 880 non
3281 823 3479 884 forma,

1897 935 2006 984 non
2067 920 2240 985 color,
2295 937 2404 976 non
2461 919 2916 986 circumscriptio,
2964 934 3075 973 non
3123 918 3315 987 ﬁgura,
3375 927 3484 968 non

1898 1012 2203 1082 quantitas,
2242 1027 2350 1066 non
2375 1011 2632 1081 qualitas,
2668 1026 2775 1066 non
2806 1011 2980 1074 locus,
3012 1025 3120 1065 non
3145 1008 3482 1076 conjectura,

1899 1115 2007 1155 non
2019 1101 2337 1163 similitudo,
2360 1116 2465 1155 non
2481 1101 2758 1171 proportio
2782 1119 2794 1166 ;
2815 1102 2946 1170 quin
2965 1101 3144 1168 potius
3163 1111 3378 1166 semper
3400 1104 3488 1149 est

1901 1202 2052 1247 extra
2094 1207 2306 1246 omnem
2341 1191 2482 1245 viam
2522 1190 3041 1260 comprehendendi.
3072 1190 3218 1242 idem
3263 1190 3485 1241 iterum.

1901 1278 2048 1344 Haec,
2081 1280 2279 1349 inquit,
2307 1287 2393 1336 est
2423 1278 2663 1334 notionis
2691 1279 2811 1348 ejus
2843 1278 3078 1332 maxime
3091 1277 3308 1345 propria
3335 1283 3488 1333 nota,

1904 1379 2153 1426 naturam
2223 1371 2342 1442 ejus
2387 1385 2509 1426 esse
2541 1385 2709 1440 supra
2751 1384 2968 1424 omnem
3012 1376 3194 1423 notam
3251 1366 3492 1420 notionis

1902 1459 2338 1531 designatricem.
2373 1461 2440 1515 Et
2469 1475 2717 1515 summus
2747 1459 3030 1529 theologus
3053 1456 3338 1528 Dionysius
3376 1457 3448 1525 (ε)
3472 1473 3490 1510 :

1902 1551 2053 1606 Illam
2105 1552 2276 1622 igitur
2325 1552 2567 1606 divinam
2655 1567 2819 1621 supra
2904 1553 3099 1620 quam'
3133 1550 3494 1604 substantiam

1902 1643 2263 1714 quodcunque
2284 1653 2367 1698 est
2392 1643 2480 1698 illa
2505 1657 2674 1714 supra
2699 1657 2882 1713 quam'
2917 1641 3154 1698 essentia
3202 1641 3494 1706 bonitatis,

1904 1749 2026 1806 quae
2052 1750 2213 1804 supra
2252 1734 2548 1790 bonitatem
2578 1743 2682 1799 est,
2746 1748 2924 1804 neque
2991 1741 3252 1801 tanquam
3317 1731 3497 1785 ratio-

1908 1841 2039 1880 nem
2078 1837 2171 1882 aut
2205 1827 2498 1898 potentiam
2535 1841 2733 1896 neque,
2772 1835 3032 1894 tanquam
3081 1831 3342 1898 mentem,
3405 1829 3502 1876 aut

235 1929 356 1993 sine
384 1929 611 1983 materia
639 1936 694 1982 et
721 1940 953 1995 corpore
974 1930 1302 1993 assequatur
1329 1937 1344 1985 ;
1371 1920 1579 1975 idcirco
1602 1918 1811 1988 impos-
1830 1903 1880 1983 Β
1915 1919 2298 1983 substantiam,
2319 1928 2413 1974 aut
2433 1919 2596 1974 vitam
2655 1918 2913 1973 laudibus
2977 1917 3253 1972 celebrare
3278 1914 3360 1970 fas
3390 1921 3497 1978 est,

200 2050 205 2055 -
235 2022 394 2077 sibile
417 2030 519 2079 est.
536 2036 631 2076 eos
653 2020 746 2090 qui
780 2021 947 2072 vitam
977 2017 1030 2071 in
1051 2028 1283 2085 corpore
1300 2014 1523 2084 degunt,
1547 2011 1667 2066 sine
1683 2025 1809 2066 cor-

233 2114 414 2182 poreis
427 2113 492 2168 ad
509 2112 1017 2182 contemplationem
1037 2108 1129 2164 Dei
1146 2104 1623 2172 ascendereQuod
1645 2105 1689 2159 si
1712 2117 1814 2158 nos

239 2221 338 2277 per
365 2207 529 2261 inane
556 2206 621 2260 ad
644 2219 705 2259 ea
733 2217 1028 2272 quasupra
1053 2201 1311 2258 saeculum
1337 2205 1812 2267 sunt.evagantes,

243 2310 305 2354 nt
338 2299 560 2364 assolet,
580 2297 709 2368 quid
734 2297 948 2352 tandem
971 2297 1135 2350 etiam
1167 2302 1293 2349 ante
1334 2292 1435 2346 ista
1459 2299 1594 2352 erat,
1634 2289 1816 2344 inves-

247 2393 500 2461 tigemus,
531 2405 709 2460 neque
739 2389 819 2444 sic
839 2389 1172 2443 abdueemus
1200 2399 1301 2441 nos
1318 2377 1469 2438 abiis
1484 2397 1605 2452 quae
1619 2397 1816 2452 corpo-

222 2483 332 2538 "rea
363 2491 512 2546 sunt,
534 2493 589 2539 et
613 2483 809 2538 animae
842 2481 1019 2536 vicina
1049 2488 1104 2534 et
1133 2487 1388 2550 cognata,
1413 2492 1535 2546 qu:e
1588 2474 1808 2543 quidem

245 2575 513 2630 immensa
548 2575 757 2630 ratione
790 2573 1052 2641 inferiora
1083 2580 1212 2628 sunt
1240 2585 1403 2642 quam
1437 2567 1664 2640 spiritus
1693 2565 1812 2630 Dei,

247 2669 340 2740 qni
371 2683 532 2739 supra
555 2679 799 2725 naturam
830 2682 1043 2723 omnem
1092 2675 1196 2723 est.

803 2773 1034 2834 CAPUT
1092 2773 1162 2830 ν.

250 2893 402 2960 Quod
436 2909 597 2964 neque
615 2900 778 2964 totam
811 2901 858 2946 et
887 2891 1147 2964 integram
1173 2890 1236 2943 de
1284 2889 1392 2943 Deo
1437 2883 1810 2964 cogitationem

317 2960 586 3018 habere'in
603 2963 696 3016 hoc
735 2961 928 3017 swculo
957 2976 1229 3029 possumus
1257 3000 1274 3025 ,
1301 2969 1394 3013 aut
1443 2975 1535 3028 per
1585 2976 1704 3018 eam
1757 2960 1822 3014 de

323 3033 430 3088 Deo
461 3033 610 3100 plene
630 3031 986 3100 philosophari
1013 3071 1028 3095 ,
1057 3045 1219 3098 neque
1236 3045 1328 3099 per
1347 3029 1515 3084 aliam
1532 3029 1822 3101 quamlibet

246 3114 254 3118 '
324 3119 357 3156 α
381 3101 529 3157 nobis
560 3103 908 3171 informatum
941 3101 1229 3156 notionem.

1919 2010 2034 2076 ulli,
2063 2011 2156 2080 qui
2175 2011 2447 2074 veritatis,
2479 2024 2602 2080 qua:
2627 2024 2792 2078 supra
2846 2022 3065 2064 omnem
3103 2006 3387 2060 veritatem
3412 2012 3499 2058 est

1918 2103 1988 2166 sit
2007 2102 2306 2167 studiosus,
2337 2102 2468 2172 quin
2492 2101 2602 2156 imo
2623 2101 2846 2156 laudare
2868 2115 2986 2154 eam
3005 2106 3216 2168 oportet
3240 2088 3500 2165 tanquam

1919 2195 1987 2249 ab
2021 2196 2168 2250 omni
2199 2194 2407 2260 habitu,
2456 2202 2628 2261 motu,
2654 2193 2784 2257 vita,
2813 2190 3228 2259 imaginatione.
3257 2186 3481 2255 opinio-

1919 2299 2010 2347 ne,
2067 2285 2314 2349 nomine,
2369 2298 2644 2348 sermone,
2691 2283 3043 2353 cogitatione,
3102 2278 3496 2347 intelligentia,

1919 2375 2246 2439 substantia,
2302 2384 2467 2436 statu,
2525 2375 2866 2434 fundatione.
2945 2372 3173 2434 unione,
3237 2369 3524 2432 line,im--

1921 2469 2229 2531 mensitate,
2261 2467 2495 2537 denique
2550 2470 2618 2522 ab
2647 2467 2905 2522 omnibus
2960 2475 3304 2534 quaecunque
3347 2467 3501 2526 sunt,

1926 2561 2196 2631 super-late
2282 2561 2634 2616 abstractam.
2728 2558 2867 2616 Hinc
2928 2555 3168 2614 efﬁcitur
3244 2553 3505 2609 manifes-

1922 2662 2062 2719 tum,
2090 2651 2230 2723 quod
2266 2665 2442 2720 neque
2467 2651 2689 2706 notione
2733 2649 2875 2720 typis
2923 2659 2979 2703 et
3025 2647 3354 2717 imaginibus
3410 2645 3500 2698 in-

1924 2740 2174 2804 formata,
2198 2749 2291 2794 aut
2321 2741 2425 2795 alia
2469 2739 2711 2810 qualibet
2755 2737 3087 2807 cegitatione
3138 2735 3307 2789 Deum
3345 2746 3505 2788 com-

1923 2832 2274 2901 prehendere,
2305 2831 2452 2886 etde
2481 2845 2548 2886 eo
2572 2828 2942 2898 philosophari
2976 2840 3270 2896 possumus
3303 2841 3318 2889 ;
3372 2823 3506 2891 quin

1923 2924 2103 2993 potius
2126 2929 2278 2976 extra
2309 2920 2425 2975 haec
2462 2918 2643 2974 omnia
2680 2924 2764 2972 est
2795 2914 3089 2985 ;quoniam
3103 2911 3281 2968 omnis
3339 2909 3513 2978 phan-

1924 3016 2085 3078 tasia,
2113 3013 2164 3068 id
2193 3021 2297 3077 est,
2325 3011 2604 3081 cogitatio,
2627 3007 2901 3080 triplicem
2951 3020 3112 3061 usum
3165 3003 3330 3057 habet
3362 3000 3446 3071 (τι)
3496 3017 3514 3055 :

1923 3122 2030 3162 una
2054 3106 2248 3175 ﬁgurat
2278 3119 2339 3159 ea
2357 3119 2480 3173 quae
2497 3101 2748 3159 sensibus
2765 3098 3160 3172 percipiuntur,
3197 3094 3518 3164 imprimens

324 3211 959 3283 Gregorius'l‘beologus,
978 3209 1032 3264 in
1049 3209 1287 3268 secunda
1304 3209 1552 3265 oratione
1573 3209 1642 3266 de
1662 3211 1819 3266 theo-
1843 3223 1891 3288 α
1925 3198 2202 3256 memoriae
2250 3209 2588 3268 quaecunque
2632 3207 2698 3248 ex
2740 3191 2995 3248 sensibus
3043 3195 3322 3254 assumpta
3367 3190 3518 3245 sunt,

251 3305 414 3378 logia:
439 3304 798 3367 Justiﬁcatus,
833 3302 1027 3373 inquit.
1073 3311 1156 3357 est
1185 3316 1251 3357 ex
1279 3301 1385 3357 ﬁde
1407 3316 1638 3374 magnus
1655 3311 1826 3373 patri-

253 3399 415 3454 archa
444 3397 716 3453 Abraham
753 3415 768 3463 ;
793 3403 846 3450 et
878 3393 1148 3451 sacriﬁcat
1177 3393 1503 3451 sacriﬁcium
1543 3409 1742 3450 novum
1772 3404 1826 3451 et

255 3490 581 3555 inauditum,
602 3489 826 3545 aeillius
846 3489 1023 3557 magni
1043 3487 1298 3542 sacrificii
1317 3487 1628 3557 imaginem.
1654 3487 1822 3542 Deum

257 3598 386 3638 vero
415 3591 523 3637 n‘ou
553 3591 610 3636 ut
631 3583 801 3636 Deum
833 3579 990 3644 vidit,
1023 3578 1120 3634 sed
1186 3577 1237 3633 ei
1301 3587 1559 3647 tauquam
1619 3578 1827 3633 homini

259 3675 440 3728 cibum
465 3672 719 3741 apposuit
753 3677 850 3736 ;et
885 3669 1135 3723 laudatus
1165 3678 1271 3733 est,
1304 3667 1448 3738 quod
1483 3676 1697 3722 tantum
1733 3682 1828 3722 ve-

263 3766 562 3821 nerationis
586 3763 858 3829 adhibuit,
884 3771 1144 3834 quantum
1170 3759 1526 3831 intelligentia
1583 3774 1833 3829 compreo

262 3857 471 3914 bendit.
500 3854 697 3913 Ibidem
727 3869 844 3908 cum
875 3851 1123 3910 delacob
1148 3851 1487 3906 meminisset
1521 3866 1535 3903 :
1567 3848 1632 3903 Et
1651 3849 1826 3905 lucta-
1866 3870 1868 3872 ν

264 3961 352 4004 tur
381 3986 398 4012 ,
421 3946 618 4017 inquit,
655 3961 776 4001 cum
808 3945 916 4001 Deo
937 3953 1196 4014 tanquam
1224 3959 1348 3999 cum
1381 3941 1622 4008 homine,
1683 3957 1832 4012 qua:-

262 4034 478 4112 cunque
501 4043 602 4097 ista
642 4048 725 4096 est
777 4037 870 4093 Dei
923 4052 1047 4093 cum
1096 4035 1319 4088 homine
1367 4033 1529 4096 lucta,
1581 4031 1832 4088 fortassis

263 4136 518 4189 humana:
545 4131 756 4188 virtutis
773 4145 895 4185 cum
927 4128 1107 4183 divina
1140 4125 1500 4196 comparatio.
1531 4123 1747 4180 Rursus
1776 4125 1831 4180 iu

261 4225 452 4280 eodem
487 4222 604 4276 loco
637 4238 650 4275 :
685 4219 969 4286 Quomodo
1000 4217 1247 4271 Manoem
1276 4215 1517 4285 iudicem
1576 4217 1748 4286 prius,
1779 4227 1836 4270 et

263 4317 480 4373 Petrum
518 4312 843 4382 discipulum
881 4317 1090 4392 postea,
1121 4322 1231 4361 non
1271 4321 1356 4362 es.
1385 4307 1658 4363 miratus?
1686 4307 1832 4362 illum

264 4411 508 4482 quidem,
541 4408 670 4478 quia
702 4420 801 4459 nec
831 4409 1109 4471 aspectum
1145 4399 1236 4454 Dei
1286 4409 1412 4471 typo
1477 4408 1532 4453 et
1599 4400 1833 4472 imagine

263 4497 543 4556 informari
571 4509 764 4576 passus
793 4499 909 4557 est;
947 4497 1090 4544 unde
1110 4488 1240 4544 illud
1270 4505 1286 4544 :
1325 4489 1608 4557 Periimus,
1641 4490 1840 4560 inquit,

1929 3307 2050 3364 quae
2073 3290 2313 3362 singulas
2338 3289 2602 3355 imagines
2628 3286 2838 3346 ordine,
2869 3292 2927 3338 ut
2961 3287 3032 3335 ita
3061 3281 3264 3339 dicam.
3324 3287 3380 3332 et
3427 3289 3513 3330 ar-

1936 3385 2151 3441 ticulate
2184 3383 2429 3453 disponit
2452 3389 2508 3435 et
2553 3377 2842 3448 distinguit
2905 3393 2920 3442 ;
2971 3388 3135 3444 quam
3182 3379 3382 3427 vocant
3433 3383 3522 3424 sa-

1937 3491 2057 3530 nam
2097 3473 2464 3544 phantasiam,
2490 3479 2543 3526 et
2568 3482 2779 3539 magnae
2809 3477 3020 3520 naturae
3055 3464 3285 3518 fastum:
3349 3458 3518 3513 altera

1937 3565 2205 3636 imprimit
2228 3566 2460 3619 obscura
2487 3561 2732 3631 quaedam
2764 3555 3008 3627 vestigia,
3066 3567 3190 3624 quae
3242 3564 3348 3604 non
3393 3550 3526 3604 sinit

1943 3659 2178 3727 cogitata
2207 3657 2321 3720 illa,
2339 3657 2446 3709 ulla
2469 3670 2533 3709 ex
2560 3661 2710 3723 parte
2739 3647 3100 3714 maner‘e;sed
3115 3640 3527 3699 confusasima-

1940 3752 2115 3822 gines,
2145 3758 2201 3805 et
2230 3748 2387 3803 aliter
2413 3747 2521 3800 alio
2556 3752 2796 3811 tempore
2816 3745 3180 3794 commutatas
3211 3730 3520 3802 promiscue

1939 3821 2150 3912 objicit,
2202 3846 2258 3894 et
2303 3836 2460 3908 prius
2513 3834 2625 3889 fere
2671 3845 2835 3901 quam
2887 3829 3220 3898 cogitatione
3249 3824 3370 3906 ﬁcta
3391 3821 3522 3885 sint,

1940 3902 2145 3991 tib-illis
2171 3902 2554 4000 ipsis—excidit,
2586 3921 2640 3979 e‘t
2663 3923 2813 3979 omni
2843 3921 3024 3975 fructu
3057 3927 3110 3972 et
3133 3902 3370 3972 utilitate
3429 3926 3525 3967 ca-

1940 4035 2042 4093 ret,
2064 4025 2241 4096 qualis
2262 4031 2344 4078 est
2369 4019 2614 4074 inanium
2641 4016 2984 4072 somniorum
3019 4013 3072 4064 in
3093 4009 3277 4080 quiete
3321 4007 3533 4076 cogita-

1943 4117 2049 4181 tio,
2115 4125 2170 4169 et
2215 4125 2408 4168 eorum
2481 4124 2604 4180 quae
2664 4117 2870 4162 temere
2927 4113 2980 4158 et
3034 4099 3262 4156 fortuito
3326 4099 3536 4168 cogita-

1944 4206 2442 4279 tioneﬁnguntur;
2481 4201 2637 4260 tertia
2666 4205 2751 4254 est
2783 4198 2837 4251 in
2863 4196 2928 4251 iis
2961 4209 3083 4266 quas
3106 4190 3314 4264 agenda
3383 4200 3529 4256 sunt,

1944 4302 2062 4357 sine
2094 4307 2240 4353 recta
2260 4295 2470 4351 ratione
2495 4291 2868 4364 progrediens,
2905 4303 3014 4358 qua
3046 4287 3098 4341 id
3121 4284 3265 4356 quod
3295 4297 3405 4337 non
3426 4290 3531 4346 est,

1947 4404 2210 4464 tanquam
2239 4391 2332 4457 sit,
2361 4387 2634 4458 cogitatur
2669 4397 2826 4453 ,quae
2860 4381 3083 4436 laetatur
3117 4378 3318 4447 quibus
3336 4373 3532 4458 dolent

1867 4485 1883 4504 ‘
1943 4448 2078 4542 dun;
2109 4490 2246 4547 erat,
2273 4448 2330 4534 et
2353 4448 2500 4535 dolet
2524 4448 2735 4548 quibus
2754 4471 3045 4528 laetandum
3084 4485 3101 4536 ;
3138 4477 3191 4523 et
3245 4464 3391 4537 quod
3432 4448 3538 4519 sib.l

267 4610 296 4646 ο
316 4607 472 4653 uxor,
497 4571 720 4644 vidimus
747 4584 912 4638 Deum
937 4582 1005 4647 ",
1030 4591 1285 4651 tanquam
1303 4595 1411 4635 non
1438 4583 1649 4652 possint
1676 4558 1855 4638 homi-
1883 4577 1930 4635 υ
1957 4575 2309 4647 persuaserit,
2344 4587 2451 4626 non
2483 4567 2683 4640 poterit
2707 4568 2756 4622 ei
2788 4561 3094 4626 dissuaderi
3129 4576 3144 4626 ;
3174 4558 3394 4614 adamat
3429 4572 3533 4610 au-

263 4697 362 4739 nes
389 4681 676 4750 imaginem
722 4675 815 4730 Dei
861 4675 915 4730 in
961 4687 1153 4729 sensus
1176 4673 1398 4727 notione
1424 4672 1654 4728 eﬂietam
1675 4682 1730 4729 et
1751 4674 1839 4728 in-

267 4776 551 4829 format-am
579 4769 793 4839 capere,
824 4767 1020 4820 nedum
1058 4778 1304 4818 naturam
1338 4763 1486 4832 elus;
1520 4764 1665 4819 hunc
1686 4779 1839 4830 vero,

285 4865 411 4936 quia
431 4863 709 4918 Christum
749 4871 910 4928 quem
941 4855 1218 4922 cernebat,
1257 4854 1310 4907 in
1371 4855 1674 4909 naviculam
1734 4870 1843 4909 non

265 4955 581 5026 recipiebat,
611 4952 758 5007 etob
799 4965 918 5006 eam
957 4963 1178 5004 causam
1212 4961 1336 5002 eum
1386 4947 1710 5003 dimittebat.
1760 4945 1828 5002 Et

266 5062 458 5104 rursus
487 5045 540 5098 in
561 5041 1060 5101 eademmratione:
1086 5037 1200 5094 Nec
1227 5038 1294 5092 de
1325 5037 1440 5106 ipsa
1456 5049 1849 5108 creaturaper-

266 5139 405 5195 tecta
422 5134 798 5207 perspicientia
825 5142 930 5197 est,
945 5131 1212 5201 siquidem
1231 5129 1560 5184 credendum
1579 5139 1664 5186 est
1687 5131 1849 5199 hujus

264 5231 428 5288 etiam
453 5228 674 5284 umbras
721 5227 895 5281 solunt
950 5234 1002 5278 te
1042 5223 1262 5286 habere,
1317 5233 1442 5275 cum
1472 5221 1662 5276 audias
1702 5240 1715 5276 :
1752 5221 1848 5276 Vi-

267 5324 396 5379 debo
420 5318 574 5374 caelos
616 5333 776 5388 opera
813 5314 1102 5384 digitorum
1133 5319 1341 5365 tuorum
1391 5310 1575 5365 tunam
1620 5321 1668 5366 et
1715 5312 1847 5366 stel-

341 5473 388 5506 “
443 5465 621 5528 Judic.
664 5485 783 5538 xm,
807 5469 900 5524 ‘25.
979 5465 1022 5498 "
1055 5465 1202 5522 Psal.
1241 5479 1359 5530 vnn,
1397 5464 1454 5518 ι.

345 5635 424 5707 (a)
453 5636 510 5688 in
534 5631 784 5707 oratione
809 5631 876 5686 de
913 5630 1263 5687 confessione
1297 5627 1443 5683 ﬁdei.
1477 5625 1673 5696 Cap.l.
1724 5621 1838 5679 Cte-

271 5702 416 5764 lestis
447 5702 782 5760 literarchiat.

348 5777 424 5846 (ὁ)
468 5771 846 5852 Interpretatio
884 5780 968 5828 est
990 5774 1283 5829 verborum
1338 5783 1460 5841 quae
1513 5774 1839 5837 sequuntur:

273 5844 407 5914 Quae
437 5854 495 5900 tu
531 5844 798 5900 fundasti.

1949 4679 2055 4726 tem
2083 4676 2137 4724 et
2152 4663 2499 4734 amplectitur
2525 4676 2647 4731 quae
2680 4659 3014 4729 cogitatione
3046 4652 3311 4722 depingit,
3344 4663 3444 4703 ceu
3461 4648 3540 4701 le-

1948 4775 2042 4832 ges
2067 4758 2329 4828 quasdam
2360 4754 2623 4810 divinitus
2678 4751 2780 4808 sibi
2826 4747 3168 4808 informatas,
3236 4737 3542 4797 contendit-

1950 4829 2078 4920 que,
2100 4856 2159 4904 ut
2179 4860 2302 4918 qua:
2319 4844 2619 4901 clarissima
2652 4849 2707 4898 ct
2729 4849 2854 4894 ante
2892 4837 3085 4893 oculos
3117 4833 3294 4904 posita
3311 4839 3458 4890 sunt.
3493 4829 3542 4885 si

1954 4943 2068 4998 ﬁeri
2100 4940 2290 5011 possit,
2319 4939 2384 4993 ad
2409 4951 2652 4992 errorem
2687 4947 2848 4990 suum
2875 4936 3170 5001 pervertat.
3202 4926 3264 4981 In
3346 4923 3543 4994 hujus-

1955 5033 2102 5088 modi
2125 5031 2504 5102 cogitationem
2529 5029 2624 5098 qui
2675 5025 2942 5088 incidunt,
3000 5019 3332 5076 insanabiles
3367 5016 3527 5082 ﬁunt;

1957 5127 2051 5198 qui
2079 5129 2123 5180 si
2158 5136 2404 5196 potentes
2425 5124 2559 5190 sint,
2583 5124 2637 5178 in
2671 5119 2964 5192 perniciem
2997 5116 3282 5172 civitatum
3358 5113 3542 5168 immi-
3587 5133 3596 5139 -

1962 5227 2092 5273 nent
2121 5233 2138 5283 ;
2174 5217 2220 5272 si
2251 5215 2475 5280 infirmi,
2502 5225 2557 5270 et
2585 5230 2692 5269 non
2713 5212 2958 5268 valentes
2979 5209 3177 5279 opibus
3207 5249 3223 5274 ,
3281 5222 3390 5261 non
3440 5205 3512 5259 de

1955 5310 2168 5375 sistent,
2190 5308 2320 5379 quin
2346 5316 2610 5378 quantum
2641 5307 2694 5360 in
2723 5319 2784 5361 se
2819 5303 2944 5370 erit,
2977 5317 3072 5356 eas
3088 5301 3337 5372 perdant.
3359 5297 3435 5353 De
3458 5298 3546 5352 his

2021 5622 2090 5690 (ε)
2119 5620 2256 5688 Cap.
2293 5618 2341 5690 ι.
2372 5617 2437 5673 de
2453 5617 2622 5690 divin.
2655 5633 2795 5672 nom.
3051 5688 3077 5690 ᾖ
3110 5617 3131 5690 ’λ
3171 5650 3185 5655 -

2023 5681 2103 5762 (ti)
2136 5681 2263 5762 Haec
2291 5689 2359 5744 de
2386 5689 2908 5762 triplicipltantasia
2941 5688 3175 5762 esUScb.
3205 5685 3286 5762 S._
3315 5681 3537 5762 Maximi

1953 5778 2008 5816 in
2031 5753 2156 5814 'c'i.
2187 5759 2426 5828 Dionysii
2458 5753 2546 5810 'de
2575 5753 2770 5813 diuinis
2827 5759 3157 5824 nominibus,
3196 5755 3290 5813 sed
3354 5753 3539 5824 cepio-

1962 5833 2101 5897 sius,
2134 5840 2188 5886 et
2215 5829 2560 5899 explanatius
2621 5829 2727 5882 hic.
