4048 6474
508 442 622 510 767

1563 447 1579 461 ’
1672 452 1996 513 JOANNIS
2036 454 2602 518 CYPARlSSIO‘P/E

3659 458 3768 518 763

444 566 449 569 ⁷
515 562 730 619 duabus
745 561 1158 634 cogitationibus
1172 567 1240 619 ad
1266 566 1615 636 cogitandum
1647 570 1714 624 de
1734 567 1844 624 Deo
1867 583 1935 624 ne
1983 584 2093 623 me-
2125 574 2169 630 Α
2199 571 2312 640 psis
2340 570 2542 625 habent
2566 570 2831 640 principia
2874 570 3189 626 notitiai-um
3250 570 3702 624 deinonstrabilia
3750 577 3765 613 ε

515 655 743 712 minisse
768 655 986 726 quidem
1021 666 1232 725 oportet
1273 659 1458 723 ;i|lam
1514 669 1699 714 autem
1743 662 1976 730 primam
2031 674 2093 714 a-

508 745 676 814 lioqui
704 745 1049 812 laudabilem,
1097 747 1523 804 existimandum
1563 760 1647 806 est
1704 750 1875 820 ipsam
1927 750 2092 806 etiam

510 844 622 889 tam
655 835 813 905 longe
844 839 1038 893 abesse
1065 848 1126 893 ut
1150 854 1251 908 par
1272 839 1345 895 sit
1367 840 1435 895 ad
1453 840 1862 897 informandum
1892 845 2094 899 ‘notio-

508 940 631 982 nem
652 926 767 993 Dei,
787 936 846 983 ut
871 942 1087 1001 propter
1100 931 1371 988 inﬁnitam
1386 933 1700 990 distantiam
1718 935 1950 992 conferri
1969 950 2092 993 cum

510 1033 575 1073 ea
599 1035 708 1076 non
758 1024 954 1092 possit.
1190 1022 1193 1025 ’
1388 1026 1399 1039 “
1688 1039 1697 1049 ο

1081 1185 1313 1243 CAPUT
1369 1185 1463 1243 Vl.

510 1314 666 1380 Quod
703 1315 843 1398 Deus
889 1333 1051 1386 neque
1111 1334 1177 1374 ex
1224 1325 1823 1398 repraesentatione“)
1855 1329 2094 1392 naturali

581 1394 951 1471 cognoscitur,-
996 1405 1090 1443 nec
1113 1400 1191 1444 est
1215 1394 1501 1471 quidquam
1544 1410 1611 1471 ea:
1647 1397 2089 1471 Δξιιιειιίριῖιιιὶινιιε⁹

581 1455 999 1595 ιιὲιέοῗῖεςῗειίε,
1027 1474 1085 1513 ut
1113 1455 1486 1519 “substantia
1506 1467 1621 1536 ejus
1638 1455 1865 1521 liceatde
1877 1484 1938 1522 ea
1977 1455 2095 1539 phil

587 1663 814 1721 Divinos
839 1665 1109 1723 Maximus
1139 1670 1317 1739 primo
1343 1673 1522 1741 capite
1554 1689 1619 1728 ex
1647 1674 1965 1749 theologicis
1985 1676 2088 1749 (ιι).

516 1752 694 1820 Unus,
726 1757 925 1828 inquit,
941 1759 1102 1828 Deus,
1129 1763 1248 1818 sine
1265 1766 1547 1833 principio,
1573 1767 2094 1839 incomprehensibi-

2196 669 2252 715 at
2275 661 2417 714 Deus
2449 675 2554 715 non
2580 662 2834 731 cognitus
2866 662 3198 725 nominatur,
3228 660 3357 730 quin
3409 661 3585 728 potius
3609 676 3670 714 es
3694 661 3771 716 iis

2196 761 2404 807 tantum
2434 768 2554 823 qua:
2584 753 2939 822 intelligentia
2966 752 3358 822 percipiuntur,
3379 751 3623 805 creditur
3673 767 3767 805 es-

2194 859 2253 900 se
2277 863 2290 911 ;
2315 846 2673 915 quamobrem
2687 845 2820 898 nihil
2835 860 3022 898 eorum
3049 859 3168 913 quze
3217 843 3611 912 inlelligttnlur,
3642 858 3769 896 eum

2195 953 2263 994 eo
2292 953 2620 1009 quacunque
2641 952 2703 993 ex
2730 948 2884 1007 parte
2913 937 3225 992 confertur.
3257 936 3402 989 ldem
3431 937 3624 988 iterum
3679 950 3771 989 se-

2194 1031 2371 1089 cundo
2401 1031 2595 1098 capite,
2621 1031 2872 1085 secunda:
2891 1031 3145 1085 centuriae
3166 1048 3180 1084 :
3200 1027 3388 1085 Omnis
3420 1028 3769 1096 itttelligrnlia

2193 1135 2281 1181 est
2329 1122 2779 1193 intelligentium,
2831 1129 2885 1175 et
2932 1136 3120 1176 eorum
3171 1135 3291 1189 ipim
3347 1119 3766 1188 intelliguntur;

2162 1207 2337 1271 ’Deus
2358 1225 2536 1271 autem
2571 1229 2671 1269 nec
2697 1229 2840 1269 unus
2864 1213 3278 1281 intelligentium
3299 1220 3404 1277 est,
3431 1226 3532 1267 nec
3563 1209 3768 1279 aliquid

2193 1325 2381 1365 eorum
2404 1323 2525 1378 quae
2554 1306 2933 1375 intelliguntur
2964 1321 2978 1369 ;
3012 1310 3094 1356 est
3126 1303 3281 1356 enim
3318 1318 3484 1371 supra
3533 1302 3664 1356 ista:
3688 1302 3767 1355 si-

2193 1403 2410 1474 quidem
2435 1403 2906 1460 circnmseribitur
2925 1406 3014 1477 qui
3050 1407 3319 1477 intelligit,
3379 1417 3634 1476 tanquam
3681 1406 3770 1461 in-

2198 1499 2393 1569 digens
2425 1498 2744 1553 habitudine
2775 1499 2853 1553 rei
2889 1514 3054 1567 quam
3089 1500 3339 1569 intelligit
3372 1519 3386 1567 ;
3417 1512 3507 1554 aut
3544 1512 3771 1554 natura-

2194 1585 2317 1638 liter
2342 1585 2630 1651 subjicitur
2659 1586 3002 1655 intelligenti,
3029 1588 3120 1657 qui
3153 1599 3372 1659 propter
3401 1589 3767 1642 habitudinem

2194 1678 2535 1746 intelligitur.
2557 1678 2905 1746 Relinquitur
2924 1679 3085 1748 igitur
3105 1690 3158 1734 ιιι
3184 1681 3579 1740 existimemus.
3600 1679 3769 1734 Deum

2196 1771 2635 1848 necintelligere,
2672 1785 2771 1825 nec
2813 1770 3059 1841 intelligi,
3083 1773 3176 1826 sed
3204 1772 3383 1839 potius
3407 1787 3569 1840 supra
3605 1786 3774 1840 quam

516 1847 611 1910 iis,
640 1856 812 1960 tqtam
843 1851 976 1912 vim,
1008 1864 1069 1906 ιιι
1093 1855 1191 1917 sit,
1215 1855 1423 1911 habens
1451 1872 1546 1925 per
1574 1868 1769 1924 totum,
1805 1860 2084 1915 notionem
2121 1900 2168 1960 Β
2197 1862 2345 1917 intell
2377 1877 2523 1932 gere,
2574 1873 2630 1918 et
2671 1877 2834 1931 supra
2867 1870 3029 1931 quam
3077 1862 3323 1934 intelligi.
3383 1862 3448 1917 Et
3492 1862 3770 1931 theologia:

516 1939 1108 2013 quandoetquomodo
1137 1947 1229 2013 sit,
1285 1952 1503 2016 penitus
1557 1951 1846 2021 repellens,
1892 1944 2095 2021 lutpote

515 2031 653 2089 nulli
679 2046 866 2087 eorum
897 2036 993 2105 qui
1013 2047 1165 2103 sunt,
1204 2055 1270 2115 es
1332 2046 1812 2110 reprrcseutatione
1858 2045 2094 2101 naturali

517 2125 791 2193 cognitus.
856 2126 918 2182 Et
944 2144 1137 2186 rursus
1168 2131 1337 2187 idem
1363 2135 1437 2204 (lt)
1464 2135 1727 2195 :-Omnis.
1754 2138 1950 2208 inquit,
2010 2140 2093 2194 in-

520 2220 812 2289 telligentia
845 2224 1067 2279 sicut‘in
1098 2227 1435 2284 substantia‘
1470 2233 1697 2286 omnino
1753 2234 1995 2303 ponitur,
2039 2243 2100 2291 ut

519 2312 755 2379 qualitas
777 2333 790 2379 ;
818 2314 896 2370 sic
909 2317 1074 2372 etiam
1097 2318 1242 2373 circa
1260 2322 1624 2378 substantiam
1646 2327 1912 2395 qualitate
1937 2324 2099 2382 all‘eco

521 2415 631 2459 tam
667 2408 829 2461 habet
866 2412 1158 2465 niononem
1199 2428 1344 2468 :non
1374 2415 1520 2469 enim
1554 2417 1753 2487 aliquid
1786 2434 1852 2472 ex
1879 2427 1992 2473 toto
2011 2434 2100 2473 so-

492 2560 505 2575 .
522 2493 693 2548 lutum
710 2503 762 2549 et
788 2497 1103 2570 s‘mplexpe
1123 2518 1133 2530 ’
1149 2515 1207 2556 se
1225 2505 1494 2559 exsistens
1521 2514 1693 2575 potest
1711 2511 1883 2579 ipsam
1906 2508 2104 2562 intelli-

522 2589 758 2669 gentiam
790 2592 1089 2659 suscipere,
1117 2594 1251 2658 quia
1275 2611 1382 2649 non
1416 2605 1500 2652 est
1532 2600 1706 2653 soluta
1736 2609 1787 2652 et
1809 2601 2038 2667 simplex
2068 2596 2095 2655 ’:

525 2679 670 2735 Deus
697 2693 876 2735 autem
906 2697 1031 2737 cum
1064 2684 1117 2737 in
1151 2694 1380 2756 utroque
1402 2688 1597 2744 horum
1623 2692 1847 2745 omnino
1871 2693 2105 2760 simple:

524 2772 622 2835 sit,
648 2773 1017 2828 etsnbstantia
1033 2777 1239 2833 scilicet
1266 2780 1445 2834 soluti
1473 2781 1620 2837 abeo
1636 2783 1777 2852 quo-.l
1803 2796 1885 2839 est
1904 2786 1956 2839 in
1975 2785 2107 2839 sub-

525 2863 692 2933 jecto,
717 2867 1134 2937 etintelligentia
1154 2884 1260 2924 non
1291 2872 1496 2928 habens
1526 2875 1693 2931 ullum
1740 2880 2105 2945 prorsuesub-

529 2955 753 3037 iet-tum,
783 2957 1033 3023 ellieit'ir,
1062 2974 1119 3017 ut
1147 2979 1322 3034 neque
1351 2968 1421 3021 sit
1452 2983 1516 3021 ex
1546 2968 1619 3022 iis
1651 2971 1740 3036 qui
1772 2970 2106 3040 intelligunt,

532 3062 716 3115 neque
743 3065 865 3118 qua?
899 3052 1296 3125 intelliguntur,
1325 3059 1527 3128 quippe
1552 3062 1640 3129 qui
1663 3076 1825 3130 supra
1845 3062 2105 3117 substan—

533 3140 665 3194 tiam
697 3151 748 3196 et
781 3142 1195 3215 intelligentiam
1225 3148 1317 3203 sit.
1350 3150 1541 3206 Adhuc
1589 3152 1728 3206 idem
1760 3169 1879 3223 cap.
1918 3153 1971 3206 ll
2001 3152 2109 3222 pri-

537 3247 640 3311 ma?
665 3235 926 3290 centuriae
960 3254 974 3291 :
1003 3236 1110 3293 Res
1139 3239 1217 3310 (‘2)
1242 3257 1454 3308 omnes,
1487 3259 1826 3317 quaecunque
1846 3256 1992 3313 sunt,
2025 3247 2111 3301 in-

535 3326 837 3398 telligentia
865 3329 1017 3392 prius
1042 3342 1325 3403 perceptas
1351 3337 1722 3405 nominamus,
1761 3353 1881 3405 qua:
1916 3337 1968 3392 in
1999 3338 2107 3393 sei-

2195 1953 2600 2008 scientissimus
2629 1951 2918 2025 Dionysius
2958 1955 3030 2023 (ο)
3056 1970 3071 2007 :
3095 1952 3247 2008 Sicut
3274 1955 3419 2009 enim
3441 1954 3541 2027 (5),
3574 1953 3774 2024 inquit,

2198 2065 2259 2103 ea
2285 2065 2414 2118 quin
2433 2050 2534 2105 sub
2570 2048 2976 2120 intelligentiam
3008 2051 3231 2112 cadunt,
3265 2063 3360 2117 per
3410 2064 3469 2103 ea
3503 2062 3622 2116 quae
3676 2038 3778 2100 sub

2199 2155 2444 2204 sensum,
2469 2141 2828 2210 intelligentia
2854 2141 3316 2210 comprehendere
3344 2148 3400 2193 ct
3423 2118 3777 2203 comtemplai

2202 2232 2246 2287 ri
2283 2250 2390 2287 non
2423 2249 2738 2303 possumus,
2766 2250 2942 2302 neque
2975 2249 3069 2298 per
3097 2247 3159 2286 ea
3190 2247 3312 2301 qnze
3336 2230 3478 2301 typis
3499 2237 3553 2283 et
3600 2228 3772 2296 signis

2202 2325 2589 2388 informantur,
2617 2341 2680 2379 ea
2708 2340 2824 2395 quae
2848 2323 3116 2393 simplicia
3142 2332 3290 2383 sunt,
3320 2330 3373 2376 et
3410 2320 3550 2392 typis
3582 2334 3687 2371 non
3707 2317 3778 2371 sic

2203 2424 2464 2488 gnantur,
2499 2432 2674 2486 neque
2702 2433 2795 2486 per
2833 2417 3029 2485 liguras
3052 2429 3366 2484 corporum,
3431 2412 3774 2479 incorporea,

2203 2524 2325 2579 ιιιιεε
2358 2524 2534 2578 neque
2563 2523 2783 2563 sensum
2816 2516 2994 2561 tactus
3023 2506 3227 2567 Subire,
3257 2518 3429 2572 neque
3454 2504 3678 2572 ﬁguram
3724 2506 3782 2551 et

2206 2599 2438 2655 formam
2460 2610 2656 2669 capere
2695 2608 2925 2669 possunt
2959 2616 2972 2663 ;
3000 2598 3080 2652 sic
3106 2596 3295 2652 eadem
3334 2593 3545 2648 ratione
3578 2589 3780 2644 verita-

2208 2692 2279 2747 tis
2308 2706 2471 2760 supra
2508 2691 2843 2745 substantias
2876 2698 2964 2744 est
2995 2689 3085 2743 illa
3120 2703 3283 2755 supra
3314 2682 3673 2739 substantiam
3700 2681 3783 2732 in-

2207 2781 2388 2837 ﬁnitas
2424 2798 2439 2845 ;
2473 2790 2525 2833 et
2554 2795 2718 2847 supra
2745 2788 2952 2834 mentes
2986 2779 3076 2833 illa
3110 2793 3272 2846 supra
3302 2783 3538 2829 mentem
3600 2773 3783 2827 unitas

2209 2885 2265 2930 et
2284 2875 2539 2930 omnibus
2562 2872 3072 2929 ratiocinationibus
3089 2868 3439 2925 inscrntabile
3461 2867 3590 2921 illud
3618 2878 3785 2933 supra

2207 2969 2681 3025 ratiocinationem
2714 2982 2882 3021 unum
2914 2984 2929 3033 ;
2961 2962 3108 3020 omni
3136 2963 3301 3017 verbo
3349 2959 3623 3016 ineﬂ'abile
3650 2956 3787 3011 illud

2210 3074 2373 3129 supra
2404 3058 2652 3125 verbum,
2681 3057 2908 3121 bonum,
2944 3056 3130 3112 unitas
3158 3053 3396 3110 effectrix
3428 3053 3505 3119 (4)
3563 3049 3786 3105 univer-

2212 3166 2285 3207 sa:
2317 3149 2541 3204 unitatis
2579 3168 2593 3216 ;
2629 3158 2682 3203 et
2711 3148 3016 3204 substantia
3046 3162 3209 3216 supra
3243 3145 3610 3201 substantiam
3648 3183 3664 3207 ,
3692 3156 3789 3197 va-

2215 3257 2346 3298 cans
2366 3230 2575 3296 ratione
2604 3240 2707 3312 (5),
2732 3239 3105 3310 intelligentia,
3126 3240 3347 3293 nomine
3372 3257 3385 3303 ;
3414 3246 3469 3292 et
3495 3249 3645 3291 mens
3681 3249 3790 3290 non

2219 3333 2424 3391 cadens
2454 3331 2557 3388 sub
2585 3330 3020 3402 intelligentiam,
3051 3331 3190 3386 ratio
3216 3345 3323 3385 non
3351 3327 3619 3394 effabilis,
3662 3325 3792 3396 quia

2006 3452 2285 3516 Schoﬁa.

614 3557 684 3623 (Ι)
720 3556 1135 3628 Βὲρνιεεεηιαιὲο
1161 3566 1430 3637 naturalis
1449 3566 1502 3620 in
1523 3544 1702 3622 mente
1727 3565 1841 3619 sive
1864 3566 2113 3621 iutellec-
2144 3560 2187 3618 C
2221 3566 2692 3637 circumscriptus,
2739 3566 2833 3622 sed
2882 3564 3151 3622 inﬁnitate
3183 3578 3282 3637 sua
3317 3563 3387 3616 ab
3424 3560 3679 3637 omnibus
3705 3576 3794 3616 so-

540 3638 600 3685 tn
632 3637 717 3706 est
745 3644 1069 3706 quarortuiu
1098 3644 1153 3689 et
1188 3637 1515 3706 principium
1563 3637 1708 3693 ducit
1735 3653 1801 3691 ex
1856 3639 2117 3706 0"3'1‘35‘

542 3699 781 3775 matihns
807 3699 1249 3775 reisnbsensnm
1312 3699 1578 3768 cadentis,
1631 3723 1753 3762 cum
1812 3699 1918 3775 qua
1974 3704 2118 3758 Deus

540 3769 693 3844 nul'o
711 3773 871 3826 modo
884 3784 1264 3844 potestcompa
1274 3779 1402 3844 rari,
1424 3786 1485 3832 ut
1499 3778 1806 3833 intellectus
1823 3769 2119 3832 conversus

542 3844 610 3895 ad
644 3841 1217 3917 phantasmata-possit
1241 3841 1423 3917 aliquo
1442 3849 1603 3901 modo
1641 3850 1806 3902 Deum
1827 3859 2123 3915 cognosce-

542 3925 623 3975 re,
634 3914 784 3987 sicut
815 3924 990 3982 potest
1016 3918 1152 3973 alias
1174 3914 1512 3973 substantias
1534 3918 1733 3987 alioqui
1751 3914 2118 3986 iucOrporeas.

581 3982 689 4068 .l?l
716 3980 1080 4068 Omniaqnte
1119 3988 1507 4068 inte/figuntur,
1556 3980 1757 4068 habent
1783 3988 1837 4042 in
1877 3980 2122 4068 _se_prln-

543 4052 752 4119 cipium
782 4056 1134 4122 cognitionis,
1160 4052 1309 4127 quia'
1338 4057 1421 4113 vel
1478 4067 1607 4111 sunt
1628 4058 1685 4111 in
1746 4052 2121 4116 sensibilibns,

545 4134 938 4196 quoramsunt
964 4128 1366 4195 phantasmata,
1424 4127 1676 4196 aquibus
1732 4127 2127 4196 abstrahuutur

547 4192 1179 4267 speoiesintelligibilcs,
1205 4199 1406 4267 quibus
1437 4192 1748 4253 intellectus
1796 4195 2125 4267 informatus

546 4260 832 4337 intelligit;
858 4260 1095 4321 antsunt
1117 4260 1460 4337 incorporea,
1490 4283 1612 4336 quae
1638 4269 1689 4320 in
1717 4283 1774 4321 se
1789 4266 1998 4337 habent
2018 4281 2126 4317 iiii-

547 4330 618 4383 de
640 4346 1020 4396 comparentur
1037 4353 1160 4392 cum
1195 4330 1569 4399 sensibilibus,
1597 4338 1660 4389 ad
1694 4351 1925 4406 quorum
1952 4335 2124 4403 phan-

550 4408 806 4478 tasmata,
838 4420 958 4473 quae
978 4418 1107 4463 sunt
1137 4408 1402 4478 imagines
1426 4417 1479 4460 et
1506 4405 1890 4478 similitudines
1912 4419 2124 4468 eorum,

550 4473 616 4525 ad
647 4473 860 4528 animos
887 4473 1288 4543 pervenientes,
1315 4493 1372 4532 se
1399 4476 1670 4531 convertit
1699 4477 2033 4539 intellectus.
2069 4483 2132 4530 nt

552 4543 758 4615 aliquid
789 4543 855 4596 de
881 4546 1217 4615 iucorporeis
1251 4546 1536 4613 intelligat.
1559 4547 1700 4600 Sunt
1729 4555 1907 4599 autem
1934 4545 2131 4600 simili-

551 4618 609 4666 tu
633 4614 769 4685 lines
799 4614 1058 4685 principia
1090 4617 1357 4674 sentiendi
1381 4615 1454 4671 eti
1476 4615 1812 4683 ntelligendi,
1834 4625 1893 4669 ut
1920 4617 1993 4669 ait
2011 4630 2135 4670 san-

2220 3636 2367 3694 lutus
2395 3655 2410 3691 :
2436 3637 2531 3707 qui
2548 3631 2619 3690 ut
2647 3637 2701 3690 in
2733 3652 2794 3692 se
2815 3644 2920 3691 est.
2948 3649 3126 3707 neque
3157 3634 3373 3707 ratione
3397 3631 3672 3707 vestigari,
3697 3646 3796 3707 nec

2221 3701 2470 3776 intelligi,
2504 3722 2681 3774 neque
2711 3706 2982 3776 nomin_ari
3021 3701 3216 3773 potest.
3252 3702 3395 3776 _Cum
3432 3701 3596 3776 igitur
3639 3702 3796 3776 audis

2221 3777 2275 3833 in
2308 3770 2605 3845 Scriptura
2625 3776 2855 3831 formam
2889 3770 3089 3845 Dei,'et
3119 3773 3355 3845 speciem
3386 3780 3438 3825 et
3471 3770 3686 3833 faciem,
3715 3773 3797 3825 in-

2222 3850 2406 3919 tellige
2435 3842 2532 3919 per
2563 3861 2881 3919 anagogen.
2932 3844 2988 3899 id
3047 3853 3152 3907 est,
3208 3842 3420 3897 elevare
3476 3854 3636 3919 supra
3673 3852 3794 3894 cor—

2223 3910 2379 3989 pora,
2421 3910 2483 3989 ut
2510 3911 2643 3989 Deo“
2662 3910 2888 3987 dig'num
2921 3923 3009 3989 est
3033 3930 3048 3966 :
3069 3926 3208 3989 cum
3239 3927 3369 3989 vero
3398 3910 3659 3989 uui_'atei_n
3694 3928 3793 3964 an-

2223 3980 2328 4054 ilis,
2365 3980 2434 4045 ne
2476 3980 2748 4054 intelligas
2777 3987 2934 4055 quasi
2971 3984 3117 4055 traria
3166 3980 3413 4048 quatdam
3444 3980 3509 4031 a-l
3545 3981 3793 4055 unionem

2226 4049 2591 4121 concurrant;
2626 4049 2734 4110 non
2773 4049 2917 4110 enim
2963 4053 3031 4107 de
3068 4054 3151 4106 bis
3185 4065 3328 4104 nunc
3358 4064 3537 4103 sermo
3570 4049 3625 4100 lit
3652 4090 3665 4107 ,
3699 4050 3793 4104 sed

2228 4132 2296 4187 de
2325 4132 2454 4193 Deo,
2487 4127 2580 4194 qui
2612 4140 2715 4179 nec
2744 4134 2831 4180 est
2860 4124 3186 4194 principium
3219 4134 3597 4194 numerorum,
3625 4134 3794 4194 neque

2227 4188 2588 4270 compositus,
2609 4195 2705 4252 sed
2727 4188 2892 4264 supra
2921 4188 3198 4263 simplices
3228 4188 3564 4245 substantias
3588 4188 3794 4252 unitus,

2228 4281 2677 4412 Magali/ﬂentis:
2707 4334 2946 4412 unitatis.
2979 4332 3271 4403 Postquam
3318 4344 3380 4385 ea
3432 4344 3555 4412 qua!
3593 4330 3655 4383 de
3690 4329 3797 4412 Deo

2194 4413 2201 4417 ’
2231 4402 2447 4470 suntex
2468 4402 2730 4460 omnibus
2752 4421 2871 4471 quae
2896 4408 2947 4457 in
2974 4421 3155 4458 rerum
3185 4411 3375 4471 natura
3405 4402 3550 4460 sunt,
3576 4402 3793 4471 exemit,

2186 4484 2203 4503 '
2231 4482 2489 4546 deinceps
2512 4490 2747 4544 sequens
2773 4470 2979 4539 linguai
3008 4486 3211 4528 nostrae
3240 4470 3472 4546 modum
3493 4470 3794 4546 (u_on_euim

2234 4539 2398 4620 supra
2426 4539 2762 4620 'hunc'uferri
2817 4545 3133 4620 possumus)
3184 4558 3257 4620 ex,
3304 4539 3419 4620 illis
3459 4539 3590 4606 ipsis
3632 4539 3795 4620 Deum

2233 4613 2436 4679 laudat.
2466 4633 2495 4672 e
2525 4616 2726 4684 quibus
2756 4613 2881 4668 eum
2928 4613 3166 4684 exemit;
3212 4619 3266 4665 et
3310 4614 3570 4684 u_n‘ta_t_ei_n
3606 4618 3760 4684 vocat
3785 4643 3801 4670 ,

551 4695 673 4737 etus
694 4678 932 4757 Thomas
1050 4705 1144 4757 iq.
1179 4688 1275 4752 84,
1298 4696 1403 4740 art.
1425 4689 1480 4742 5.
1501 4678 1659 4741 Deus
1676 4678 1858 4741 autem
1891 4701 1996 4740 non
2041 4700 2137 4754 po-
2234 4690 2329 4749 sed
2359 4678 2687 4741 etl'ectrieem
2746 4685 3042 4749 imitatum,
3100 4683 3152 4737 id
3180 4691 3281 4757 est,
3314 4678 3641 4746 simplicium
3676 4679 3800 4733 sub-

554 4762 659 4807 test
685 4755 765 4809 sic
791 4771 913 4811 cum
950 4755 1198 4813 creatura
1235 4758 1477 4812 sensibili
1508 4758 1840 4825 comparari,
1862 4757 2005 4810 unde
2027 4771 2133 4809 non

552 4825 634 4880 sic
659 4825 996 4948 intelliglitur,
1029 4829 1122 4883 sed
1148 4838 1407 4897 tanquam
1440 4843 1603 4885 causa
1633 4839 1688 4883 et
1708 4843 1803 4897 per
1828 4841 2112 4882 excessum

554 4906 617 4948 ut
648 4897 725 4948 ait
753 4896 810 4948 S.
898 4898 1046 4948 hom.
1074 4900 1194 4948 ead.
1229 4912 1285 4948 ti.
1315 4896 1406 4948 84.
1446 4908 1551 4948 art-
1591 4900 1641 4948 7.

554 4906 617 4949 ut
648 4897 725 4949 ait
753 4896 810 4951 S.
846 4896 1046 4952 Thom.
1074 4900 1194 4953 ead.
1229 4912 1285 4964 q.
1315 4896 1406 4961 85,
1446 4908 1551 4953 art.
1591 4900 1641 4953 7.

626 4966 705 5036 (3)
733 4964 887 5021 Sicut
911 4969 1072 5024 enim.
1107 4968 1276 5023 Docet
1304 4967 1394 5022 hic
1407 4967 1684 5036 quomodo
1716 4965 1861 5022 Deus
1887 4981 1992 5019 non
2007 4981 2134 5035 pos-

556 5035 1007 5102 sitintelligentia
1037 5035 1474 5105 comprehendi;
1509 5042 1709 5092 etenim
1733 5039 1778 5089 si
1812 5037 2134 5104 quasincor—

559 5121 736 5174 porcae
764 5107 1086 5161 substantia:
1108 5115 1257 5178 sunt,
1288 5117 1342 5163 et
1362 5109 1658 5178 simplices.
1688 5117 1739 5159 et
1788 5106 2133 5178 intellectiles

558 5185 614 5231 et
661 5179 848 5237 unita}.
902 5192 1008 5230 non
1057 5177 1230 5232 solum
1283 5194 1390 5232 nou
1454 5175 1826 5247 subjiciuntur
1857 5175 2130 5247 sensibus,

562 5256 621 5301 ut
664 5249 840 5317 angeli
871 5257 925 5299 et
951 5248 1185 5305 animas.
1223 5257 1283 5301 ut
1308 5263 1405 5317 per
1443 5261 1539 5302 eos
1560 5245 1850 5317 cognosci
1873 5245 2085 5314 possint
2109 5284 2124 5308 ,

559 5317 655 5372 Sed
692 5315 869 5386 neque
913 5331 1005 5384 per
1029 5317 1251 5371 sensilia
1279 5315 1401 5385 q‘uze
1437 5317 1713 5371 interioris
1737 5315 1945 5369 ordinis
1975 5324 2128 5379 sunt,

563 5386 874 5451 cognitione
898 5402 993 5439 eas
1021 5388 1506 5454 comprehendere,
1564 5402 1662 5440 nec
1707 5400 1895 5440 earum
1939 5401 2131 5440 essen-

564 5458 694 5527 tiam
748 5465 997 5524 spectare
1051 5472 1383 5523 possumus;
1430 5457 1865 5527 qiiaiitomiagis
1915 5457 2134 5527 excellit

566 5523 709 5580 Deus
743 5521 937 5597 sensus
963 5535 1016 5579 et
1045 5521 1289 5593 Sensilia,
1317 5521 1411 5597 qui
1435 5521 1541 5582 non
1577 5521 1669 5581 est’
1684 5526 2009 5590 substantia,
2042 5526 2134 5581 sed

564 5610 727 5660 supra
753 5595 1136 5660 substantiam;
1177 5595 1351 5665 neque
1369 5598 1619 5666 simplex,
1650 5597 1747 5652 sed
1776 5611 1940 5665 supra
1967 5612 2128 5663 quam

567 5666 831 5731 simplex;
874 5682 1048 5735 neque
1084 5667 1415 5732 intellectus,
1451 5669 1542 5722 sed
1576 5682 1737 5736 supra
1773 5666 2129 5730 intellectum;

569 5746 668 5786 ιιι-ι·
709 5736 913 5798 unitas,
959 5740 1052 5792 sed
1084 5752 1255 5808 supra
1286 5739 1589 5803 unitatem;
1621 5752 1722 5794 nec
1753 5736 1866 5792 ullo
1897 5736 2132 5792 termino

642 5857 720 5921 (α)
749 5855 1002 5907 (Ientnria
1036 5870 1051 5909 ι
1085 5868 1206 5923 cap.
1236 5853 1288 5907 Ι.

644 5926 720 6001 (b)
754 5927 1009 5984 Centuiia
1040 5928 1094 5996 l,
1123 5943 1240 5995 cap.
1265 5928 1315 5985 5.

2235 4757 2567 4818 Stantiarum
2595 4797 2610 4818 ,
2646 4764 2706 4809 ut
2737 4757 3049 4824 angelorum
3089 4765 3145 4808 et
3185 4751 3490 4804 animarum
3511 4765 3540 4824 ,ς-
3566 4759 3621 4802 et
3655 4764 3803 4801 nien-

2240 4842 2345 4886 tem
2374 4842 2482 4882 non
2516 4818 2907 4890 intellectilém,
2938 4827 2990 4880 id
3040 4831 3148 4886 est,
3181 4835 3304 4890 quin
3355 4833 3384 4871 a
3431 4818 3575 4869 nulla
3600 4830 3803 4890 mente

2168 4899 2212 4955 D
2243 4897 2587 4965 intelligitur.
2617 4895 2674 4950 Si
2711 4897 2857 4950 enim
2892 4887 3074 4951 simile
3104 4908 3133 4946 a
3167 4889 3327 4965 simili
3361 4887 3724 4953 ragnoscitur,
3757 4890 3798 4943 si

2234 4985 2387 5026 mens
2416 4961 2585 5028 esset,
2616 4974 2892 5035 oporteret
2918 4975 2976 5019 ut
2999 4961 3798 5035 a_ineutil_ius_eog.npsceretur,

2233 5052 2285 5095 at
2316 5039 2443 5109 quis
2473 5027 2732 5103 cognorit
2763 5043 3000 5091 mentem
3041 5028 3417 5085 DominiLEst
3454 5027 3618 5093 igitur
3651 5041 3801 5109 metis

2234 5094 2398 5179 supra
2448 5094 2708 5179 mentem,
2755 5115 2828 5159 ειη
2862 5119 3061 5160 nomen
3088 5115 3267 5179 supra.
3283 5112 3443 5179 omne
3471 5110 3667 5175 nomen
3700 5115 3711 5147 :
3742 5094 3802 5148 Et

2233 5168 2453 5242 nomen,
2490 5175 2688 5243 inquit,
2731 5190 2913 5229 meum
2946 5189 3052 5226 non
3092 5168 3433 5243 mandes-tari
3462 5168 3569 5230 eis;
3610 5182 3804 5233 quam-

2232 5253 2418 5305 olirem
2439 5237 2707 5300 omnibus
2734 5253 2816 5299 cst
2847 5245 2966 5298 sine
2998 5244 3237 5303 nomine,
3267 5237 3376 5292 imo
3409 5249 3507 5287 nec
3532 5252 3630 5290 ens
3669 5247 3745 5288 est
3786 5251 3802 5289 :

2233 5321 2434 5375 etenim
2465 5317 2512 5370 si
2544 5331 2608 5369 ea
2631 5329 2751 5383 quae
2780 5325 2926 5376 sunt,
2958 5329 3023 5367 ex
3051 5311 3221 5365 nihilo
3252 5313 3424 5362 creat.
3459 5318 3566 5356 non
3593 5306 3806 5383 estigii-

2238 5374 2327 5445 tur
2358 5402 2424 5440 ex
2454 5386 2521 5440 iis
2546 5374 2672 5453 qua'a
2709 5396 2869 5444 sunt.
2904 5374 2996 5436 sed
3027 5395 3189 5454 supra
3221 5393 3284 5454 ea
3311 5389 3433 5454 qius
3462 5385 3630 5454 sunt.-
3650 5374 3801 5440 Quod

2239 5460 2282 5514 si
2314 5458 2484 5512 dicit:
2513 5446 2626 5524 Ego
2660 5468 2782 5526 sum
2807 5455 2900 5522 qui
2929 5468 3058 5526 sum
3089 5446 3285 5526 (Exod.
3315 5450 3421 5526 iii),
3462 5446 3719 5526 intelligo,
3750 5454 3808 5526 ut

2241 5532 2417 5589 decet,
2451 5518 2585 5580 esse.
2599 5518 2954 5579 scilicet-sine
2982 5518 3271 5594 principio,
3302 5523 3356 5594 et
3380 5518 3496 5594 sine
3519 5518 3645 5581 line;
3676 5518 3804 5594 quin

2236 5583 2847 5656 etiain'inscrutabilem
2873 5631 2888 5654 ,
2937 5583 2996 5647 ei
3028 5583 3284 5645 similiter
3319 5586 3372 5638 in
3399 5583 3521 5662 aliis
3546 5602 3662 5656 quae
3696 5585 3804 5639 Deo

2239 5677 2432 5722 natura
2459 5669 2812 5719 cOnveniunt.
3770 5718 3773 5721 Α

2311 5735 2388 5807 (5)
2436 5732 2644 5788 Vacuus
2698 5732 2906 5786 ratione
2952 5731 3327 5802 intelligentia.
3374 5733 3527 5798 Sicut
3583 5724 3811 5797 Dionys.

2319 5848 2387 5920 (c)
2419 5848 2553 5921 (Iap.
2588 5848 2693 5905 ide
2715 5847 2914 5903 divinis
2948 5847 3268 5903 nominibus.
