  <div class='ocr_page' id='page_1' title='image "/cluster/home/n/w/nwhite01/storage/ocr_20150623/152/coo.31924054870575/392.png"; bbox 0 0 4048 6428; ppageno 0'>
   <div class='ocr_carea' id='block_1_1' title="bbox 233 331 339 390">
    <p class='ocr_par' dir='ltr' id='par_1_1' title="bbox 233 331 339 390">
     <span class='ocr_line' id='line_1_1' title="bbox 233 331 339 390; baseline 0 0"><span class='ocrx_word' id='word_1_1' title='bbox 233 331 339 390; x_wconf 75' lang='lat'><strong>769</strong></span> 
     </span>
    </p>
   </div>
   <div class='ocr_carea' id='block_1_2' title="bbox 977 312 2782 393">
    <p class='ocr_par' dir='ltr' id='par_1_2' title="bbox 977 312 2782 393">
     <span class='ocr_line' id='line_1_2' title="bbox 977 312 2782 393; baseline -0.002 -12"><span class='ocrx_word' id='word_1_2' title='bbox 977 321 1214 382; x_wconf 64' lang='lat' dir='ltr'><strong>DECAS</strong></span> <span class='ocrx_word' id='word_1_3' title='bbox 1252 320 1334 381; x_wconf 84' lang='lat' dir='ltr'><strong>II.</strong></span> <span class='ocrx_word' id='word_1_4' title='bbox 1377 340 1443 356; x_wconf 88' lang='grc'><strong>-</strong></span> <span class='ocrx_word' id='word_1_5' title='bbox 1489 319 1588 380; x_wconf 88' lang='lat' dir='ltr'><strong>DE</strong></span> <span class='ocrx_word' id='word_1_6' title='bbox 1627 315 2082 379; x_wconf 68' lang='lat' dir='ltr'><strong>THEOLOGIA&#39;</strong></span> <span class='ocrx_word' id='word_1_7' title='bbox 2110 312 2782 393; x_wconf 76' lang='lat' dir='ltr'><strong>DEMONSTRATWA.</strong></span> 
     </span>
    </p>
   </div>
   <div class='ocr_carea' id='block_1_3' title="bbox 3383 311 3492 375">
    <p class='ocr_par' dir='ltr' id='par_1_3' title="bbox 3383 311 3492 375">
     <span class='ocr_line' id='line_1_3' title="bbox 3383 311 3492 375; baseline 0.028 -3"><span class='ocrx_word' id='word_1_8' title='bbox 3383 311 3492 375; x_wconf 84' lang='grc' dir='ltr'><strong>ΤΟ</strong></span> 
     </span>
    </p>
   </div>
   <div class='ocr_carea' id='block_1_4' title="bbox 226 425 3495 498">
    <p class='ocr_par' dir='ltr' id='par_1_4' title="bbox 226 425 3495 498">
     <span class='ocr_line' id='line_1_4' title="bbox 226 425 3495 498; baseline -0.004 -1"><span class='ocrx_word' id='word_1_9' title='bbox 226 440 439 497; x_wconf 86' lang='lat' dir='ltr'><strong>nullius</strong></span> <span class='ocrx_word' id='word_1_10' title='bbox 467 439 544 491; x_wconf 87' lang='lat' dir='ltr'><strong>rei</strong></span> <span class='ocrx_word' id='word_1_11' title='bbox 577 432 988 490; x_wconf 77' lang='lat' dir='ltr'><strong>similitudinem</strong></span> <span class='ocrx_word' id='word_1_12' title='bbox 1010 433 1190 494; x_wconf 88' lang='lat' dir='ltr'><strong>habet,</strong></span> <span class='ocrx_word' id='word_1_13' title='bbox 1220 441 1273 484; x_wconf 91' lang='lat' dir='ltr'><strong>et</strong></span> <span class='ocrx_word' id='word_1_14' title='bbox 1304 445 1468 484; x_wconf 86' lang='lat' dir='ltr'><strong>causa</strong></span> <span class='ocrx_word' id='word_1_15' title='bbox 1492 440 1571 484; x_wconf 89' lang='lat' dir='ltr'><strong>est</strong></span> <span class='ocrx_word' id='word_1_16' title='bbox 1605 446 1638 482; x_wconf 91' lang='lat' dir='ltr'><strong>ii</strong></span> <span class='ocrx_word' id='word_1_17' title='bbox 1685 445 1803 482; x_wconf 89' lang='lat' dir='ltr'><strong>oin-</strong></span> <span class='ocrx_word' id='word_1_18' title='bbox 1834 436 1878 491; x_wconf 73' lang='grc' dir='ltr'>Α</span> <span class='ocrx_word' id='word_1_19' title='bbox 1906 431 2098 485; x_wconf 83' lang='lat' dir='ltr'><strong>ordine</strong></span> <span class='ocrx_word' id='word_1_20' title='bbox 2135 443 2233 497; x_wconf 91' lang='lat' dir='ltr'><strong>pro</strong></span> <span class='ocrx_word' id='word_1_21' title='bbox 2277 428 2487 484; x_wconf 90' lang='lat' dir='ltr'><strong>viribus</strong></span> <span class='ocrx_word' id='word_1_22' title='bbox 2535 429 2888 484; x_wconf 84' lang='lat' dir='ltr'><strong>ascendimus</strong></span> <span class='ocrx_word' id='word_1_23' title='bbox 2923 425 2979 480; x_wconf 90' lang='lat' dir='ltr'><strong>in</strong></span> <span class='ocrx_word' id='word_1_24' title='bbox 3015 425 3293 482; x_wconf 86' lang='lat' dir='ltr'><strong>ablatione</strong></span> <span class='ocrx_word' id='word_1_25' title='bbox 3323 430 3402 498; x_wconf 73' lang='lat' dir='ltr'><strong>(2i</strong></span> <span class='ocrx_word' id='word_1_26' title='bbox 3435 435 3495 482; x_wconf 75' lang='lat' dir='ltr'><strong>et</strong></span> 
     </span>
    </p>
   </div>
   <div class='ocr_carea' id='block_1_5' title="bbox 229 518 1800 594">
    <p class='ocr_par' dir='ltr' id='par_1_5' title="bbox 229 518 1800 594">
     <span class='ocr_line' id='line_1_5' title="bbox 229 518 1800 594; baseline -0.009 -9"><span class='ocrx_word' id='word_1_27' title='bbox 229 531 319 586; x_wconf 89' lang='lat' dir='ltr'><strong>nia</strong></span> <span class='ocrx_word' id='word_1_28' title='bbox 355 531 484 585; x_wconf 86' lang='lat' dir='ltr'><strong>sint,</strong></span> <span class='ocrx_word' id='word_1_29' title='bbox 519 527 636 594; x_wconf 92' lang='lat' dir='ltr'><strong>ipse</strong></span> <span class='ocrx_word' id='word_1_30' title='bbox 672 539 799 577; x_wconf 88' lang='lat' dir='ltr'><strong>vero</strong></span> <span class='ocrx_word' id='word_1_31' title='bbox 835 538 941 576; x_wconf 91' lang='lat' dir='ltr'><strong>non</strong></span> <span class='ocrx_word' id='word_1_32' title='bbox 971 531 1075 582; x_wconf 84' lang='lat' dir='ltr'><strong>est.</strong></span> <span class='ocrx_word' id='word_1_33' title='bbox 1113 531 1170 575; x_wconf 91' lang='lat' dir='ltr'><strong>ut</strong></span> <span class='ocrx_word' id='word_1_34' title='bbox 1199 522 1290 590; x_wconf 88' lang='lat' dir='ltr'><strong>qui</strong></span> <span class='ocrx_word' id='word_1_35' title='bbox 1330 521 1404 575; x_wconf 90' lang='lat' dir='ltr'><strong>sit</strong></span> <span class='ocrx_word' id='word_1_36' title='bbox 1431 529 1586 574; x_wconf 86' lang='lat' dir='ltr'><strong>extra</strong></span> <span class='ocrx_word' id='word_1_37' title='bbox 1614 518 1800 572; x_wconf 90' lang='lat' dir='ltr'><strong>omnia</strong></span> 
     </span>
    </p>
   </div>
   <div class='ocr_carea' id='block_1_6' title="bbox 228 610 1805 694">
    <p class='ocr_par' dir='ltr' id='par_1_6' title="bbox 228 610 1805 694">
     <span class='ocr_line' id='line_1_6' title="bbox 228 610 1805 694; baseline -0.01 -15"><span class='ocrx_word' id='word_1_38' title='bbox 228 638 352 694; x_wconf 69' lang='lat' dir='ltr'><strong>qua:</strong></span> <span class='ocrx_word' id='word_1_39' title='bbox 382 631 530 682; x_wconf 86' lang='lat' dir='ltr'><strong>sunt,</strong></span> <span class='ocrx_word' id='word_1_40' title='bbox 565 629 619 672; x_wconf 91' lang='lat' dir='ltr'><strong>et</strong></span> <span class='ocrx_word' id='word_1_41' title='bbox 643 626 700 670; x_wconf 91' lang='lat' dir='ltr'><strong>ut</strong></span> <span class='ocrx_word' id='word_1_42' title='bbox 740 615 855 683; x_wconf 90' lang='lat' dir='ltr'><strong>ipse</strong></span> <span class='ocrx_word' id='word_1_43' title='bbox 893 615 959 668; x_wconf 91' lang='lat' dir='ltr'><strong>de</strong></span> <span class='ocrx_word' id='word_1_44' title='bbox 996 629 1055 667; x_wconf 87' lang='lat' dir='ltr'><strong>se</strong></span> <span class='ocrx_word' id='word_1_45' title='bbox 1078 614 1180 667; x_wconf 84' lang='lat' dir='ltr'><strong>sibi</strong></span> <span class='ocrx_word' id='word_1_46' title='bbox 1217 613 1435 682; x_wconf 85' lang='lat' dir='ltr'><strong>preprie</strong></span> <span class='ocrx_word' id='word_1_47' title='bbox 1459 620 1514 666; x_wconf 88' lang='lat' dir='ltr'><strong>et</strong></span> <span class='ocrx_word' id='word_1_48' title='bbox 1567 610 1805 665; x_wconf 75' lang='lat' dir='ltr'><strong>scienter</strong></span> 
     </span>
    </p>
   </div>
   <div class='ocr_carea' id='block_1_7' title="bbox 231 703 1804 782">
    <p class='ocr_par' dir='ltr' id='par_1_7' title="bbox 231 703 1804 782">
     <span class='ocr_line' id='line_1_7' title="bbox 231 703 1804 782; baseline -0.01 -10"><span class='ocrx_word' id='word_1_49' title='bbox 231 718 424 774; x_wconf 73' lang='lat' dir='ltr'><strong>efferre</strong></span> <span class='ocrx_word' id='word_1_50' title='bbox 457 718 654 782; x_wconf 83' lang='lat' dir='ltr'><strong>potest.</strong></span> <span class='ocrx_word' id='word_1_51' title='bbox 676 708 756 761; x_wconf 85' lang='lat' dir='ltr'><strong>Ex</strong></span> <span class='ocrx_word' id='word_1_52' title='bbox 787 708 872 761; x_wconf 91' lang='lat' dir='ltr'><strong>his</strong></span> <span class='ocrx_word' id='word_1_53' title='bbox 894 706 1084 775; x_wconf 89' lang='lat' dir='ltr'><strong>liquet,</strong></span> <span class='ocrx_word' id='word_1_54' title='bbox 1109 706 1251 776; x_wconf 85' lang='lat' dir='ltr'><strong>quod</strong></span> <span class='ocrx_word' id='word_1_55' title='bbox 1278 703 1422 759; x_wconf 81' lang='lat' dir='ltr'><strong>Deus</strong></span> <span class='ocrx_word' id='word_1_56' title='bbox 1447 718 1546 757; x_wconf 91' lang='lat' dir='ltr'><strong>nec</strong></span> <span class='ocrx_word' id='word_1_57' title='bbox 1571 703 1804 757; x_wconf 83' lang='lat' dir='ltr'><strong>naturali</strong></span> 
     </span>
    </p>
   </div>
   <div class='ocr_carea' id='block_1_8' title="bbox 232 795 1798 876">
    <p class='ocr_par' dir='ltr' id='par_1_8' title="bbox 232 795 1798 876">
     <span class='ocr_line' id='line_1_8' title="bbox 232 795 1798 876; baseline -0.01 -14"><span class='ocrx_word' id='word_1_58' title='bbox 232 805 719 876; x_wconf 65' lang='lat' dir='ltr'><strong>rcprmsentatione</strong></span> <span class='ocrx_word' id='word_1_59' title='bbox 751 797 1008 866; x_wconf 80' lang='lat' dir='ltr'><strong>cognosci</strong></span> <span class='ocrx_word' id='word_1_60' title='bbox 1041 799 1109 850; x_wconf 87' lang='lat' dir='ltr'><strong>ab</strong></span> <span class='ocrx_word' id='word_1_61' title='bbox 1141 796 1249 848; x_wconf 90' lang='lat' dir='ltr'><strong>ullo</strong></span> <span class='ocrx_word' id='word_1_62' title='bbox 1282 809 1524 863; x_wconf 81' lang='lat' dir='ltr'><strong>unquam</strong></span> <span class='ocrx_word' id='word_1_63' title='bbox 1569 795 1745 862; x_wconf 81' lang='lat' dir='ltr'><strong>possit</strong></span> <span class='ocrx_word' id='word_1_64' title='bbox 1783 809 1798 847; x_wconf 88' lang='lat'><strong>:</strong></span> 
     </span>
    </p>
   </div>
   <div class='ocr_carea' id='block_1_9' title="bbox 216 884 1798 969">
    <p class='ocr_par' dir='ltr' id='par_1_9' title="bbox 216 884 1798 969">
     <span class='ocr_line' id='line_1_9' title="bbox 216 884 1798 969; baseline -0.012 -16"><span class='ocrx_word' id='word_1_65' title='bbox 216 900 367 969; x_wconf 63' lang='lat' dir='ltr'><strong>&#39;i‘ugit</strong></span> <span class='ocrx_word' id='word_1_66' title='bbox 401 896 546 951; x_wconf 93' lang='lat' dir='ltr'><strong>enim</strong></span> <span class='ocrx_word' id='word_1_67' title='bbox 583 891 842 945; x_wconf 85' lang='lat' dir='ltr'><strong>omnibus</strong></span> <span class='ocrx_word' id='word_1_68' title='bbox 881 888 1056 942; x_wconf 84' lang='lat' dir='ltr'><strong>modis</strong></span> <span class='ocrx_word' id='word_1_69' title='bbox 1101 887 1496 958; x_wconf 81' lang='lat' dir='ltr'><strong>cognitionem,</strong></span> <span class='ocrx_word' id='word_1_70' title='bbox 1552 884 1798 961; x_wconf 69' lang='lat' dir='ltr'><strong>quando,</strong></span> 
     </span>
    </p>
   </div>
   <div class='ocr_carea' id='block_1_10' title="bbox 237 977 1808 1058">
    <p class='ocr_par' dir='ltr' id='par_1_10' title="bbox 237 977 1808 1058">
     <span class='ocr_line' id='line_1_10' title="bbox 237 977 1808 1058; baseline -0.011 -15"><span class='ocrx_word' id='word_1_71' title='bbox 237 999 331 1044; x_wconf 88' lang='lat' dir='ltr'><strong>aut</strong></span> <span class='ocrx_word' id='word_1_72' title='bbox 358 985 635 1058; x_wconf 89' lang='lat' dir='ltr'><strong>quomodo</strong></span> <span class='ocrx_word' id='word_1_73' title='bbox 665 983 756 1049; x_wconf 85' lang='lat' dir='ltr'><strong>sit,</strong></span> <span class='ocrx_word' id='word_1_74' title='bbox 785 997 887 1036; x_wconf 91' lang='lat' dir='ltr'><strong>nec</strong></span> <span class='ocrx_word' id='word_1_75' title='bbox 909 991 991 1035; x_wconf 91' lang='lat' dir='ltr'><strong>est</strong></span> <span class='ocrx_word' id='word_1_76' title='bbox 1021 994 1210 1034; x_wconf 91' lang='lat' dir='ltr'><strong>eorum</strong></span> <span class='ocrx_word' id='word_1_77' title='bbox 1244 977 1682 1047; x_wconf 62' lang='lat' dir='ltr'><strong>quiintelliguat,</strong></span> <span class='ocrx_word' id='word_1_78' title='bbox 1713 981 1808 1027; x_wconf 89' lang='lat' dir='ltr'><strong>aut</strong></span> 
     </span>
    </p>
   </div>
   <div class='ocr_carea' id='block_1_11' title="bbox 237 1067 1806 1145">
    <p class='ocr_par' dir='ltr' id='par_1_11' title="bbox 237 1067 1806 1145">
     <span class='ocr_line' id='line_1_11' title="bbox 237 1067 1806 1145; baseline -0.01 -11"><span class='ocrx_word' id='word_1_79' title='bbox 237 1096 423 1135; x_wconf 87' lang='lat' dir='ltr'><strong>eorum</strong></span> <span class='ocrx_word' id='word_1_80' title='bbox 446 1092 568 1145; x_wconf 80' lang='lat' dir='ltr'><strong>quae</strong></span> <span class='ocrx_word' id='word_1_81' title='bbox 595 1074 974 1142; x_wconf 77' lang='lat' dir='ltr'><strong>intelliguntur</strong></span> <span class='ocrx_word' id='word_1_82' title='bbox 1013 1079 1124 1135; x_wconf 87' lang='lat' dir='ltr'><strong>;est</strong></span> <span class='ocrx_word' id='word_1_83' title='bbox 1157 1070 1300 1123; x_wconf 91' lang='lat' dir='ltr'><strong>enim</strong></span> <span class='ocrx_word' id='word_1_84' title='bbox 1327 1067 1658 1122; x_wconf 75' lang='lat' dir='ltr'><strong>substantia.</strong></span> <span class='ocrx_word' id='word_1_85' title='bbox 1683 1079 1806 1134; x_wconf 69' lang='lat' dir='ltr'><strong>qua:</strong></span> 
     </span>
    </p>
   </div>
   <div class='ocr_carea' id='block_1_12' title="bbox 241 1161 1810 1245">
    <p class='ocr_par' dir='ltr' id='par_1_12' title="bbox 241 1161 1810 1245">
     <span class='ocr_line' id='line_1_12' title="bbox 241 1161 1810 1245; baseline -0.011 -18"><span class='ocrx_word' id='word_1_86' title='bbox 241 1175 541 1239; x_wconf 85' lang='lat' dir='ltr'><strong>subjectum</strong></span> <span class='ocrx_word' id='word_1_87' title='bbox 585 1184 706 1221; x_wconf 85' lang='lat' dir='ltr'><strong>esse</strong></span> <span class='ocrx_word' id='word_1_88' title='bbox 729 1183 834 1220; x_wconf 93' lang='lat' dir='ltr'><strong>non</strong></span> <span class='ocrx_word' id='word_1_89' title='bbox 862 1173 1039 1232; x_wconf 89' lang='lat' dir='ltr'><strong>p0test</strong></span> <span class='ocrx_word' id='word_1_90' title='bbox 1065 1172 1192 1245; x_wconf 49' lang='lat' dir='ltr'><strong>;.est</strong></span> <span class='ocrx_word' id='word_1_91' title='bbox 1218 1162 1367 1216; x_wconf 85' lang='lat' dir='ltr'><strong>notio</strong></span> <span class='ocrx_word' id='word_1_92' title='bbox 1395 1176 1516 1228; x_wconf 70' lang='lat' dir='ltr'><strong>quae</strong></span> <span class='ocrx_word' id='word_1_93' title='bbox 1548 1161 1692 1212; x_wconf 89' lang='lat' dir='ltr'><strong>nulla</strong></span> <span class='ocrx_word' id='word_1_94' title='bbox 1722 1173 1810 1211; x_wconf 84' lang='lat' dir='ltr'><strong>ra-</strong></span> 
     </span>
    </p>
   </div>
   <div class='ocr_carea' id='block_1_13' title="bbox 242 1252 1810 1330">
    <p class='ocr_par' dir='ltr' id='par_1_13' title="bbox 242 1252 1810 1330">
     <span class='ocr_line' id='line_1_13' title="bbox 242 1252 1810 1330; baseline -0.009 -12"><span class='ocrx_word' id='word_1_95' title='bbox 242 1268 389 1319; x_wconf 88' lang='lat' dir='ltr'><strong>tione</strong></span> <span class='ocrx_word' id='word_1_96' title='bbox 407 1262 714 1330; x_wconf 78' lang='lat' dir='ltr'><strong>subjectum</strong></span> <span class='ocrx_word' id='word_1_97' title='bbox 740 1260 920 1310; x_wconf 80' lang='lat' dir='ltr'><strong>liabet.</strong></span> <span class='ocrx_word' id='word_1_98' title='bbox 950 1257 1004 1308; x_wconf 89' lang='lat' dir='ltr'><strong>lit</strong></span> <span class='ocrx_word' id='word_1_99' title='bbox 1027 1269 1136 1324; x_wconf 91' lang='lat' dir='ltr'><strong>quo</strong></span> <span class='ocrx_word' id='word_1_100' title='bbox 1155 1254 1388 1322; x_wconf 84' lang='lat' dir='ltr'><strong>igiturid</strong></span> <span class='ocrx_word' id='word_1_101' title='bbox 1416 1252 1700 1305; x_wconf 81' lang='lat' dir='ltr'><strong>fundatum</strong></span> <span class='ocrx_word' id='word_1_102' title='bbox 1716 1266 1810 1305; x_wconf 90' lang='lat' dir='ltr'><strong>co-</strong></span> 
     </span>
    </p>
   </div>
   <div class='ocr_carea' id='block_1_14' title="bbox 243 1341 1812 1423">
    <p class='ocr_par' dir='ltr' id='par_1_14' title="bbox 243 1341 1812 1423">
     <span class='ocr_line' id='line_1_14' title="bbox 243 1341 1812 1423; baseline -0.008 -17"><span class='ocrx_word' id='word_1_103' title='bbox 243 1359 491 1423; x_wconf 80' lang='lat' dir='ltr'><strong>gnoscet,</strong></span> <span class='ocrx_word' id='word_1_104' title='bbox 525 1350 672 1418; x_wconf 92' lang='lat' dir='ltr'><strong>quod</strong></span> <span class='ocrx_word' id='word_1_105' title='bbox 711 1364 816 1401; x_wconf 87' lang='lat' dir='ltr'><strong>non</strong></span> <span class='ocrx_word' id='word_1_106' title='bbox 857 1349 1036 1414; x_wconf 80' lang='lat' dir='ltr'><strong>potest</strong></span> <span class='ocrx_word' id='word_1_107' title='bbox 1068 1361 1292 1412; x_wconf 80' lang='lat' dir='ltr'><strong>prorsus</strong></span> <span class='ocrx_word' id='word_1_108' title='bbox 1332 1345 1570 1412; x_wconf 86' lang='lat' dir='ltr'><strong>recipere</strong></span> <span class='ocrx_word' id='word_1_109' title='bbox 1599 1341 1812 1411; x_wconf 87' lang='lat' dir='ltr'><strong>subjec-</strong></span> 
     </span>
    </p>
   </div>
   <div class='ocr_carea' id='block_1_15' title="bbox 244 1435 1812 1506">
    <p class='ocr_par' dir='ltr' id='par_1_15' title="bbox 244 1435 1812 1506">
     <span class='ocr_line' id='line_1_15' title="bbox 244 1435 1812 1506; baseline -0.008 -8"><span class='ocrx_word' id='word_1_110' title='bbox 244 1454 359 1498; x_wconf 78' lang='lat' dir='ltr'><strong>tum</strong></span> <span class='ocrx_word' id='word_1_111' title='bbox 388 1444 453 1496; x_wconf 87' lang='lat' dir='ltr'><strong>ad</strong></span> <span class='ocrx_word' id='word_1_112' title='bbox 495 1439 796 1494; x_wconf 85' lang='lat' dir='ltr'><strong>notionem?</strong></span> <span class='ocrx_word' id='word_1_113' title='bbox 825 1440 992 1493; x_wconf 81' lang='lat' dir='ltr'><strong>Recte</strong></span> <span class='ocrx_word' id='word_1_114' title='bbox 1024 1437 1188 1506; x_wconf 84' lang='lat' dir='ltr'><strong>igitur</strong></span> <span class='ocrx_word' id='word_1_115' title='bbox 1209 1447 1291 1495; x_wconf 81' lang='lat' dir='ltr'><strong>est</strong></span> <span class='ocrx_word' id='word_1_116' title='bbox 1349 1435 1688 1489; x_wconf 84' lang='lat' dir='ltr'><strong>immensitas</strong></span> <span class='ocrx_word' id='word_1_117' title='bbox 1716 1449 1812 1487; x_wconf 88' lang='lat' dir='ltr'><strong>su-</strong></span> 
     </span>
    </p>
   </div>
   <div class='ocr_carea' id='block_1_16' title="bbox 196 1525 1815 1606">
    <p class='ocr_par' dir='ltr' id='par_1_16' title="bbox 196 1525 1815 1606">
     <span class='ocr_line' id='line_1_16' title="bbox 196 1525 1815 1606; baseline -0.006 -18"><span class='ocrx_word' id='word_1_118' title='bbox 196 1537 203 1540; x_wconf 56' lang='lat'><em>&quot;</em></span> <span class='ocrx_word' id='word_1_119' title='bbox 249 1551 347 1606; x_wconf 86' lang='lat' dir='ltr'><strong>pra</strong></span> <span class='ocrx_word' id='word_1_120' title='bbox 382 1534 764 1596; x_wconf 69' lang='lat' dir='ltr'><strong>substantiam,</strong></span> <span class='ocrx_word' id='word_1_121' title='bbox 825 1541 881 1584; x_wconf 91' lang='lat' dir='ltr'><strong>et</strong></span> <span class='ocrx_word' id='word_1_122' title='bbox 908 1545 1060 1583; x_wconf 84' lang='lat' dir='ltr'><strong>mens</strong></span> <span class='ocrx_word' id='word_1_123' title='bbox 1094 1529 1349 1583; x_wconf 90' lang='lat' dir='ltr'><strong>omnibus</strong></span> <span class='ocrx_word' id='word_1_124' title='bbox 1395 1525 1815 1594; x_wconf 82' lang='lat' dir='ltr'><strong>cogitationibus</strong></span> 
     </span>
    </p>
   </div>
   <div class='ocr_carea' id='block_1_17' title="bbox 249 1614 1816 1693">
    <p class='ocr_par' dir='ltr' id='par_1_17' title="bbox 249 1614 1816 1693">
     <span class='ocr_line' id='line_1_17' title="bbox 249 1614 1816 1693; baseline -0.007 -13"><span class='ocrx_word' id='word_1_125' title='bbox 249 1625 615 1693; x_wconf 82' lang='lat' dir='ltr'><strong>iucugitabilis</strong></span> <span class='ocrx_word' id='word_1_126' title='bbox 647 1642 660 1688; x_wconf 89' lang='lat'><strong>;</strong></span> <span class='ocrx_word' id='word_1_127' title='bbox 691 1623 817 1692; x_wconf 90' lang='lat' dir='ltr'><strong>quin</strong></span> <span class='ocrx_word' id='word_1_128' title='bbox 865 1623 1040 1690; x_wconf 86' lang='lat' dir='ltr'><strong>potius</strong></span> <span class='ocrx_word' id='word_1_129' title='bbox 1073 1635 1234 1672; x_wconf 75' lang='lat' dir='ltr'><strong>metis</strong></span> <span class='ocrx_word' id='word_1_130' title='bbox 1286 1634 1396 1672; x_wconf 92' lang='lat' dir='ltr'><strong>non</strong></span> <span class='ocrx_word' id='word_1_131' title='bbox 1457 1617 1660 1672; x_wconf 83' lang='lat' dir='ltr'><strong>cadens</strong></span> <span class='ocrx_word' id='word_1_132' title='bbox 1713 1614 1816 1669; x_wconf 85' lang='lat' dir='ltr'><strong>sub</strong></span> 
     </span>
    </p>
   </div>
   <div class='ocr_carea' id='block_1_18' title="bbox 1908 519 3489 590">
    <p class='ocr_par' dir='ltr' id='par_1_18' title="bbox 1908 519 3489 590">
     <span class='ocr_line' id='line_1_18' title="bbox 1908 519 3489 590; baseline 0.001 -17"><span class='ocrx_word' id='word_1_133' title='bbox 1908 535 1961 588; x_wconf 72' lang='lat' dir='ltr'><strong>in</strong></span> <span class='ocrx_word' id='word_1_134' title='bbox 2013 521 2390 590; x_wconf 85' lang='lat' dir='ltr'><strong>superlatione</strong></span> <span class='ocrx_word' id='word_1_135' title='bbox 2434 524 2726 583; x_wconf 89' lang='lat' dir='ltr'><strong>omnium,</strong></span> <span class='ocrx_word' id='word_1_136' title='bbox 2765 531 2820 574; x_wconf 92' lang='lat' dir='ltr'><strong>et</strong></span> <span class='ocrx_word' id='word_1_137' title='bbox 2870 521 2922 574; x_wconf 94' lang='lat' dir='ltr'><strong>in</strong></span> <span class='ocrx_word' id='word_1_138' title='bbox 2976 519 3221 575; x_wconf 91' lang='lat' dir='ltr'><strong>omnium</strong></span> <span class='ocrx_word' id='word_1_139' title='bbox 3275 522 3489 577; x_wconf 76' lang='lat' dir='ltr'><strong>causa?</strong></span> 
     </span>
    </p>
   </div>
   <div class='ocr_carea' id='block_1_19' title="bbox 1905 611 3508 685">
    <p class='ocr_par' dir='ltr' id='par_1_19' title="bbox 1905 611 3508 685">
     <span class='ocr_line' id='line_1_19' title="bbox 1905 611 3508 685; baseline 0.001 -19"><span class='ocrx_word' id='word_1_140' title='bbox 1905 611 2199 682; x_wconf 79' lang='lat' dir='ltr'><strong>Gregorius</strong></span> <span class='ocrx_word' id='word_1_141' title='bbox 2230 612 2623 682; x_wconf 78' lang='lat' dir='ltr'><strong>Theologuan</strong></span> <span class='ocrx_word' id='word_1_142' title='bbox 2651 612 2894 668; x_wconf 87' lang='lat' dir='ltr'><strong>secunda</strong></span> <span class='ocrx_word' id='word_1_143' title='bbox 2929 611 3180 666; x_wconf 88' lang='lat' dir='ltr'><strong>oratione</strong></span> <span class='ocrx_word' id='word_1_144' title='bbox 3203 613 3270 667; x_wconf 89' lang='lat' dir='ltr'><strong>de</strong></span> <span class='ocrx_word' id='word_1_145' title='bbox 3297 612 3481 668; x_wconf 84' lang='lat' dir='ltr'><strong>&#39;l‘lieo-</strong></span> <span class='ocrx_word' id='word_1_146' title='bbox 3506 682 3508 685; x_wconf 24' lang='grc' dir='ltr'>ι</span> 
     </span>
    </p>
   </div>
   <div class='ocr_carea' id='block_1_20' title="bbox 1905 703 3489 776">
    <p class='ocr_par' dir='ltr' id='par_1_20' title="bbox 1905 703 3489 776">
     <span class='ocr_line' id='line_1_20' title="bbox 1905 703 3489 776; baseline 0.003 -19"><span class='ocrx_word' id='word_1_147' title='bbox 1905 703 2049 776; x_wconf 86' lang='lat' dir='ltr'><strong>logia</strong></span> <span class='ocrx_word' id='word_1_148' title='bbox 2097 723 2113 762; x_wconf 88' lang='lat'><strong>:</strong></span> <span class='ocrx_word' id='word_1_149' title='bbox 2161 705 2275 772; x_wconf 89' lang='lat' dir='ltr'><strong>Sic,</strong></span> <span class='ocrx_word' id='word_1_150' title='bbox 2333 706 2535 776; x_wconf 88' lang='lat' dir='ltr'><strong>inquit,</strong></span> <span class='ocrx_word' id='word_1_151' title='bbox 2570 706 2661 761; x_wconf 90' lang='lat' dir='ltr'><strong>illa</strong></span> <span class='ocrx_word' id='word_1_152' title='bbox 2712 723 2742 761; x_wconf 90' lang='lat' dir='ltr'><strong>a</strong></span> <span class='ocrx_word' id='word_1_153' title='bbox 2779 705 2888 762; x_wconf 89' lang='lat' dir='ltr'><strong>Deo</strong></span> <span class='ocrx_word' id='word_1_154' title='bbox 2938 705 3178 776; x_wconf 79' lang='lat' dir='ltr'><strong>perfecta</strong></span> <span class='ocrx_word' id='word_1_155' title='bbox 3227 708 3392 773; x_wconf 84' lang='lat' dir='ltr'><strong>ratio,</strong></span> <span class='ocrx_word' id='word_1_156' title='bbox 3431 715 3489 762; x_wconf 87' lang='lat' dir='ltr'><strong>et</strong></span> 
     </span>
    </p>
   </div>
   <div class='ocr_carea' id='block_1_21' title="bbox 1906 799 3490 869">
    <p class='ocr_par' dir='ltr' id='par_1_21' title="bbox 1906 799 3490 869">
     <span class='ocr_line' id='line_1_21' title="bbox 1906 799 3490 869; baseline 0 -15"><span class='ocrx_word' id='word_1_157' title='bbox 1906 799 2161 854; x_wconf 83' lang='lat' dir='ltr'><strong>omnibus</strong></span> <span class='ocrx_word' id='word_1_158' title='bbox 2193 800 2398 864; x_wconf 91' lang='lat' dir='ltr'><strong>innata,</strong></span> <span class='ocrx_word' id='word_1_159' title='bbox 2424 814 2487 854; x_wconf 88' lang='lat' dir='ltr'><strong>ac</strong></span> <span class='ocrx_word' id='word_1_160' title='bbox 2516 801 2688 869; x_wconf 90' lang='lat' dir='ltr'><strong>prima</strong></span> <span class='ocrx_word' id='word_1_161' title='bbox 2719 800 2770 853; x_wconf 94' lang='lat' dir='ltr'><strong>in</strong></span> <span class='ocrx_word' id='word_1_162' title='bbox 2801 801 2956 855; x_wconf 89' lang='lat' dir='ltr'><strong>nobis</strong></span> <span class='ocrx_word' id='word_1_163' title='bbox 2988 801 3097 866; x_wconf 86' lang='lat' dir='ltr'><strong>lex,</strong></span> <span class='ocrx_word' id='word_1_164' title='bbox 3128 807 3182 854; x_wconf 92' lang='lat' dir='ltr'><strong>et</strong></span> <span class='ocrx_word' id='word_1_165' title='bbox 3212 815 3334 855; x_wconf 92' lang='lat' dir='ltr'><strong>cum</strong></span> <span class='ocrx_word' id='word_1_166' title='bbox 3371 815 3490 854; x_wconf 89' lang='lat' dir='ltr'><strong>om-</strong></span> 
     </span>
    </p>
   </div>
   <div class='ocr_carea' id='block_1_22' title="bbox 1909 888 3483 960">
    <p class='ocr_par' dir='ltr' id='par_1_22' title="bbox 1909 888 3483 960">
     <span class='ocr_line' id='line_1_22' title="bbox 1909 888 3483 960; baseline 0.003 -18"><span class='ocrx_word' id='word_1_167' title='bbox 1909 890 2070 944; x_wconf 89' lang='lat' dir='ltr'><strong>nibus</strong></span> <span class='ocrx_word' id='word_1_168' title='bbox 2098 888 2370 958; x_wconf 78' lang='lat' dir='ltr'><strong>colligata,</strong></span> <span class='ocrx_word' id='word_1_169' title='bbox 2403 905 2504 942; x_wconf 87' lang='lat' dir='ltr'><strong>nes</strong></span> <span class='ocrx_word' id='word_1_170' title='bbox 2529 905 2592 944; x_wconf 86' lang='lat' dir='ltr'><strong>ex</strong></span> <span class='ocrx_word' id='word_1_171' title='bbox 2623 891 2690 944; x_wconf 89' lang='lat' dir='ltr'><strong>iis</strong></span> <span class='ocrx_word' id='word_1_172' title='bbox 2720 906 2845 960; x_wconf 57' lang='lat' dir='ltr'><strong>quia</strong></span> <span class='ocrx_word' id='word_1_173' title='bbox 2869 901 3192 956; x_wconf 89' lang='lat' dir='ltr'><strong>cernuntur,</strong></span> <span class='ocrx_word' id='word_1_174' title='bbox 3217 892 3286 946; x_wconf 90' lang='lat' dir='ltr'><strong>ad</strong></span> <span class='ocrx_word' id='word_1_175' title='bbox 3314 891 3483 947; x_wconf 89' lang='lat' dir='ltr'><strong>Deum</strong></span> 
     </span>
    </p>
   </div>
   <div class='ocr_carea' id='block_1_23' title="bbox 1913 978 3488 1050">
    <p class='ocr_par' dir='ltr' id='par_1_23' title="bbox 1913 978 3488 1050">
     <span class='ocr_line' id='line_1_23' title="bbox 1913 978 3488 1050; baseline 0.003 -18"><span class='ocrx_word' id='word_1_176' title='bbox 1913 978 2162 1032; x_wconf 83' lang='lat' dir='ltr'><strong>adduxit.</strong></span> <span class='ocrx_word' id='word_1_177' title='bbox 2197 979 2276 1031; x_wconf 86' lang='lat' dir='ltr'><strong>Ae</strong></span> <span class='ocrx_word' id='word_1_178' title='bbox 2321 993 2516 1032; x_wconf 86' lang='lat' dir='ltr'><strong>rursus</strong></span> <span class='ocrx_word' id='word_1_179' title='bbox 2565 979 2706 1034; x_wconf 91' lang='lat' dir='ltr'><strong>idem</strong></span> <span class='ocrx_word' id='word_1_180' title='bbox 2741 980 2840 1049; x_wconf 90' lang='lat' dir='ltr'><strong>(a),</strong></span> <span class='ocrx_word' id='word_1_181' title='bbox 2877 981 3035 1046; x_wconf 87' lang='lat' dir='ltr'><strong>Deus,</strong></span> <span class='ocrx_word' id='word_1_182' title='bbox 3068 983 3267 1050; x_wconf 87' lang='lat' dir='ltr'><strong>inquit,</strong></span> <span class='ocrx_word' id='word_1_183' title='bbox 3310 993 3488 1038; x_wconf 80' lang='lat' dir='ltr'><strong>mente</strong></span> 
     </span>
    </p>
   </div>
   <div class='ocr_carea' id='block_1_24' title="bbox 1911 1067 3489 1136">
    <p class='ocr_par' dir='ltr' id='par_1_24' title="bbox 1911 1067 3489 1136">
     <span class='ocr_line' id='line_1_24' title="bbox 1911 1067 3489 1136; baseline 0.003 -13"><span class='ocrx_word' id='word_1_184' title='bbox 1911 1077 2124 1123; x_wconf 87' lang='lat' dir='ltr'><strong>tantum</strong></span> <span class='ocrx_word' id='word_1_185' title='bbox 2159 1067 2544 1129; x_wconf 86' lang='lat' dir='ltr'><strong>adumbratur,</strong></span> <span class='ocrx_word' id='word_1_186' title='bbox 2596 1078 2650 1121; x_wconf 92' lang='lat' dir='ltr'><strong>et</strong></span> <span class='ocrx_word' id='word_1_187' title='bbox 2685 1083 2746 1122; x_wconf 90' lang='lat' dir='ltr'><strong>ea</strong></span> <span class='ocrx_word' id='word_1_188' title='bbox 2787 1070 3002 1136; x_wconf 89' lang='lat' dir='ltr'><strong>quidem</strong></span> <span class='ocrx_word' id='word_1_189' title='bbox 3057 1073 3211 1124; x_wconf 83' lang='lat' dir='ltr'><strong>valde</strong></span> <span class='ocrx_word' id='word_1_190' title='bbox 3257 1073 3489 1127; x_wconf 84' lang='lat' dir='ltr'><strong>obscure</strong></span> 
     </span>
    </p>
   </div>
   <div class='ocr_carea' id='block_1_25' title="bbox 1909 1159 3490 1229">
    <p class='ocr_par' dir='ltr' id='par_1_25' title="bbox 1909 1159 3490 1229">
     <span class='ocr_line' id='line_1_25' title="bbox 1909 1159 3490 1229; baseline 0.002 -15"><span class='ocrx_word' id='word_1_191' title='bbox 1909 1171 1964 1214; x_wconf 89' lang='lat' dir='ltr'><strong>et</strong></span> <span class='ocrx_word' id='word_1_192' title='bbox 2002 1159 2231 1222; x_wconf 89' lang='lat' dir='ltr'><strong>minute,</strong></span> <span class='ocrx_word' id='word_1_193' title='bbox 2264 1175 2370 1212; x_wconf 92' lang='lat' dir='ltr'><strong>non</strong></span> <span class='ocrx_word' id='word_1_194' title='bbox 2399 1173 2466 1212; x_wconf 89' lang='lat' dir='ltr'><strong>ex</strong></span> <span class='ocrx_word' id='word_1_195' title='bbox 2496 1160 2561 1213; x_wconf 86' lang='lat' dir='ltr'><strong>iis</strong></span> <span class='ocrx_word' id='word_1_196' title='bbox 2595 1174 2717 1228; x_wconf 74' lang='lat' dir='ltr'><strong>quze</strong></span> <span class='ocrx_word' id='word_1_197' title='bbox 2750 1160 2804 1216; x_wconf 91' lang='lat' dir='ltr'><strong>in</strong></span> <span class='ocrx_word' id='word_1_198' title='bbox 2837 1172 3032 1215; x_wconf 89' lang='lat' dir='ltr'><strong>natura</strong></span> <span class='ocrx_word' id='word_1_199' title='bbox 3066 1161 3187 1229; x_wconf 86' lang='lat' dir='ltr'><strong>ejus</strong></span> <span class='ocrx_word' id='word_1_200' title='bbox 3219 1173 3368 1229; x_wconf 85' lang='lat' dir='ltr'><strong>sunt,</strong></span> <span class='ocrx_word' id='word_1_201' title='bbox 3395 1163 3490 1217; x_wconf 85' lang='lat' dir='ltr'><strong>sed</strong></span> 
     </span>
    </p>
   </div>
   <div class='ocr_carea' id='block_1_26' title="bbox 1911 1252 3489 1322">
    <p class='ocr_par' dir='ltr' id='par_1_26' title="bbox 1911 1252 3489 1322">
     <span class='ocr_line' id='line_1_26' title="bbox 1911 1252 3489 1322; baseline 0.004 -20"><span class='ocrx_word' id='word_1_202' title='bbox 1911 1266 2034 1320; x_wconf 75' lang='lat' dir='ltr'><strong>qua:</strong></span> <span class='ocrx_word' id='word_1_203' title='bbox 2071 1263 2194 1304; x_wconf 85' lang='lat' dir='ltr'><strong>cum</strong></span> <span class='ocrx_word' id='word_1_204' title='bbox 2227 1252 2610 1315; x_wconf 87' lang='lat' dir='ltr'><strong>circumstant,</strong></span> <span class='ocrx_word' id='word_1_205' title='bbox 2645 1253 2754 1304; x_wconf 91' lang='lat' dir='ltr'><strong>alia</strong></span> <span class='ocrx_word' id='word_1_206' title='bbox 2782 1267 2850 1305; x_wconf 84' lang='lat' dir='ltr'><strong>ex</strong></span> <span class='ocrx_word' id='word_1_207' title='bbox 2881 1253 2987 1306; x_wconf 89' lang='lat' dir='ltr'><strong>alio</strong></span> <span class='ocrx_word' id='word_1_208' title='bbox 3018 1253 3365 1322; x_wconf 80' lang='lat' dir='ltr'><strong>cogitationis</strong></span> <span class='ocrx_word' id='word_1_209' title='bbox 3411 1257 3489 1308; x_wconf 84' lang='lat' dir='ltr'><strong>in-</strong></span> 
     </span>
    </p>
   </div>
   <div class='ocr_carea' id='block_1_27' title="bbox 1916 1342 3490 1412">
    <p class='ocr_par' dir='ltr' id='par_1_27' title="bbox 1916 1342 3490 1412">
     <span class='ocr_line' id='line_1_27' title="bbox 1916 1342 3490 1412; baseline 0.001 -16"><span class='ocrx_word' id='word_1_210' title='bbox 1916 1343 2246 1397; x_wconf 77' lang='lat' dir='ltr'><strong>formatione</strong></span> <span class='ocrx_word' id='word_1_211' title='bbox 2301 1343 2524 1398; x_wconf 84' lang='lat' dir='ltr'><strong>collecta</strong></span> <span class='ocrx_word' id='word_1_212' title='bbox 2577 1342 2628 1394; x_wconf 91' lang='lat' dir='ltr'><strong>in</strong></span> <span class='ocrx_word' id='word_1_213' title='bbox 2684 1358 2845 1398; x_wconf 90' lang='lat' dir='ltr'><strong>unam</strong></span> <span class='ocrx_word' id='word_1_214' title='bbox 2897 1345 3190 1412; x_wconf 88' lang='lat' dir='ltr'><strong>quamdam</strong></span> <span class='ocrx_word' id='word_1_215' title='bbox 3243 1347 3490 1400; x_wconf 86' lang='lat' dir='ltr'><strong>veritatis</strong></span> 
     </span>
    </p>
   </div>
   <div class='ocr_carea' id='block_1_28' title="bbox 1915 1433 3491 1506">
    <p class='ocr_par' dir='ltr' id='par_1_28' title="bbox 1915 1433 3491 1506">
     <span class='ocr_line' id='line_1_28' title="bbox 1915 1433 3491 1506; baseline 0.003 -19"><span class='ocrx_word' id='word_1_216' title='bbox 1915 1433 2228 1501; x_wconf 76' lang='lat' dir='ltr'><strong>imaginem.</strong></span> <span class='ocrx_word' id='word_1_217' title='bbox 2271 1433 2380 1487; x_wconf 91' lang='lat' dir='ltr'><strong>lloc</strong></span> <span class='ocrx_word' id='word_1_218' title='bbox 2429 1442 2606 1486; x_wconf 89' lang='lat' dir='ltr'><strong>autem</strong></span> <span class='ocrx_word' id='word_1_219' title='bbox 2655 1434 2744 1486; x_wconf 89' lang='lat' dir='ltr'><strong>a&#39;ii</strong></span> <span class='ocrx_word' id='word_1_220' title='bbox 2798 1445 2920 1502; x_wconf 88' lang='lat' dir='ltr'><strong>post</strong></span> <span class='ocrx_word' id='word_1_221' title='bbox 2953 1436 3274 1506; x_wconf 76' lang='lat' dir='ltr'><strong>Gregorium</strong></span> <span class='ocrx_word' id='word_1_222' title='bbox 3323 1438 3491 1491; x_wconf 90' lang='lat' dir='ltr'><strong>inter-</strong></span> 
     </span>
    </p>
   </div>
   <div class='ocr_carea' id='block_1_29' title="bbox 1915 1526 3488 1595">
    <p class='ocr_par' dir='ltr' id='par_1_29' title="bbox 1915 1526 3488 1595">
     <span class='ocr_line' id='line_1_29' title="bbox 1915 1526 3488 1595; baseline 0.001 -18"><span class='ocrx_word' id='word_1_223' title='bbox 1915 1527 2131 1594; x_wconf 44' lang='lat' dir='ltr'><strong>pretati,</strong></span> <span class='ocrx_word' id='word_1_224' title='bbox 2165 1526 2328 1590; x_wconf 84' lang='lat' dir='ltr'><strong>Deus,</strong></span> <span class='ocrx_word' id='word_1_225' title='bbox 2359 1526 2633 1595; x_wconf 88' lang='lat' dir='ltr'><strong>inquiunt,</strong></span> <span class='ocrx_word' id='word_1_226' title='bbox 2667 1541 2777 1580; x_wconf 91' lang='lat' dir='ltr'><strong>non</strong></span> <span class='ocrx_word' id='word_1_227' title='bbox 2814 1542 2878 1579; x_wconf 84' lang='lat' dir='ltr'><strong>ex</strong></span> <span class='ocrx_word' id='word_1_228' title='bbox 2914 1527 2981 1581; x_wconf 89' lang='lat' dir='ltr'><strong>iis</strong></span> <span class='ocrx_word' id='word_1_229' title='bbox 3013 1543 3130 1589; x_wconf 67' lang='lat' dir='ltr'><strong>qua:</strong></span> <span class='ocrx_word' id='word_1_230' title='bbox 3157 1529 3208 1580; x_wconf 91' lang='lat' dir='ltr'><strong>in</strong></span> <span class='ocrx_word' id='word_1_231' title='bbox 3241 1543 3306 1581; x_wconf 88' lang='lat' dir='ltr'><strong>eo</strong></span> <span class='ocrx_word' id='word_1_232' title='bbox 3335 1539 3488 1593; x_wconf 83' lang='lat' dir='ltr'><strong>sunt,</strong></span> 
     </span>
    </p>
   </div>
   <div class='ocr_carea' id='block_1_30' title="bbox 1917 1617 3488 1689">
    <p class='ocr_par' dir='ltr' id='par_1_30' title="bbox 1917 1617 3488 1689">
     <span class='ocr_line' id='line_1_30' title="bbox 1917 1617 3488 1689; baseline 0.001 -19"><span class='ocrx_word' id='word_1_233' title='bbox 1917 1617 1971 1671; x_wconf 90' lang='lat' dir='ltr'><strong>id</strong></span> <span class='ocrx_word' id='word_1_234' title='bbox 2005 1627 2106 1683; x_wconf 86' lang='lat' dir='ltr'><strong>est,</strong></span> <span class='ocrx_word' id='word_1_235' title='bbox 2143 1634 2209 1672; x_wconf 89' lang='lat' dir='ltr'><strong>ex</strong></span> <span class='ocrx_word' id='word_1_236' title='bbox 2242 1620 2542 1672; x_wconf 69' lang='lat' dir='ltr'><strong>substantia</strong></span> <span class='ocrx_word' id='word_1_237' title='bbox 2575 1621 2692 1689; x_wconf 81' lang='lat' dir='ltr'><strong>ejus</strong></span> <span class='ocrx_word' id='word_1_238' title='bbox 2715 1661 2729 1684; x_wconf 96' lang='lat'><strong>,</strong></span> <span class='ocrx_word' id='word_1_239' title='bbox 2762 1622 2854 1674; x_wconf 82' lang='lat' dir='ltr'><strong>sed</strong></span> <span class='ocrx_word' id='word_1_240' title='bbox 2887 1637 2949 1674; x_wconf 84' lang='lat' dir='ltr'><strong>ex</strong></span> <span class='ocrx_word' id='word_1_241' title='bbox 3005 1622 3072 1674; x_wconf 89' lang='lat' dir='ltr'><strong>iis</strong></span> <span class='ocrx_word' id='word_1_242' title='bbox 3114 1636 3236 1688; x_wconf 64' lang='lat' dir='ltr'><strong>quae</strong></span> <span class='ocrx_word' id='word_1_243' title='bbox 3283 1623 3488 1675; x_wconf 77' lang='lat' dir='ltr'><strong>circum</strong></span> 
     </span>
    </p>
   </div>
   <div class='ocr_carea' id='block_1_31' title="bbox 250 1708 3494 1787">
    <p class='ocr_par' dir='ltr' id='par_1_31' title="bbox 250 1708 3494 1787">
     <span class='ocr_line' id='line_1_31' title="bbox 250 1708 3494 1787; baseline -0.003 -13"><span class='ocrx_word' id='word_1_244' title='bbox 250 1718 681 1787; x_wconf 78' lang='lat' dir='ltr'><strong>intelligentiam,</strong></span> <span class='ocrx_word' id='word_1_245' title='bbox 707 1727 758 1771; x_wconf 81' lang='lat' dir='ltr'><strong>et</strong></span> <span class='ocrx_word' id='word_1_246' title='bbox 781 1718 916 1769; x_wconf 85' lang='lat' dir='ltr'><strong>ratio</strong></span> <span class='ocrx_word' id='word_1_247' title='bbox 983 1713 1269 1768; x_wconf 78' lang='lat' dir='ltr'><strong>iiiel‘fabilis</strong></span> <span class='ocrx_word' id='word_1_248' title='bbox 1313 1720 1398 1765; x_wconf 91' lang='lat' dir='ltr'><strong>est</strong></span> <span class='ocrx_word' id='word_1_249' title='bbox 1457 1710 1635 1772; x_wconf 88' lang='lat' dir='ltr'><strong>nobis,</strong></span> <span class='ocrx_word' id='word_1_250' title='bbox 1696 1708 1814 1764; x_wconf 90' lang='lat' dir='ltr'><strong>sine</strong></span> <span class='ocrx_word' id='word_1_251' title='bbox 1847 1722 1886 1776; x_wconf 75' lang='grc' dir='ltr'><strong><em>Β</em></strong></span> <span class='ocrx_word' id='word_1_252' title='bbox 1917 1710 2094 1778; x_wconf 86' lang='lat' dir='ltr'><strong>ipsum</strong></span> <span class='ocrx_word' id='word_1_253' title='bbox 2127 1721 2274 1773; x_wconf 90' lang='lat' dir='ltr'><strong>sunt,</strong></span> <span class='ocrx_word' id='word_1_254' title='bbox 2308 1711 2358 1764; x_wconf 90' lang='lat' dir='ltr'><strong>id</strong></span> <span class='ocrx_word' id='word_1_255' title='bbox 2391 1723 2494 1770; x_wconf 85' lang='lat' dir='ltr'><strong>est.</strong></span> <span class='ocrx_word' id='word_1_256' title='bbox 2525 1727 2591 1765; x_wconf 85' lang='lat' dir='ltr'><strong>ex</strong></span> <span class='ocrx_word' id='word_1_257' title='bbox 2618 1714 2886 1765; x_wconf 87' lang='lat' dir='ltr'><strong>creaturis</strong></span> <span class='ocrx_word' id='word_1_258' title='bbox 2913 1713 3236 1779; x_wconf 82' lang='lat' dir='ltr'><strong>percipitur.</strong></span> <span class='ocrx_word' id='word_1_259' title='bbox 3273 1715 3334 1764; x_wconf 87' lang='lat' dir='ltr'><strong>Et</strong></span> <span class='ocrx_word' id='word_1_260' title='bbox 3365 1727 3494 1767; x_wconf 84' lang='lat' dir='ltr'><strong>san-</strong></span> 
     </span>
    </p>
   </div>
   <div class='ocr_carea' id='block_1_32' title="bbox 249 1801 1816 1872">
    <p class='ocr_par' dir='ltr' id='par_1_32' title="bbox 249 1801 1816 1872">
     <span class='ocr_line' id='line_1_32' title="bbox 249 1801 1816 1872; baseline -0.008 -9"><span class='ocrx_word' id='word_1_261' title='bbox 249 1810 479 1870; x_wconf 87' lang='lat' dir='ltr'><strong>ratione,</strong></span> <span class='ocrx_word' id='word_1_262' title='bbox 512 1811 628 1862; x_wconf 91' lang='lat' dir='ltr'><strong>sine</strong></span> <span class='ocrx_word' id='word_1_263' title='bbox 665 1806 1036 1872; x_wconf 67' lang='lat' dir='ltr'><strong>intelligentia,</strong></span> <span class='ocrx_word' id='word_1_264' title='bbox 1062 1807 1181 1858; x_wconf 84' lang='lat' dir='ltr'><strong>sine</strong></span> <span class='ocrx_word' id='word_1_265' title='bbox 1214 1804 1450 1863; x_wconf 89' lang='lat' dir='ltr'><strong>nomine,</strong></span> <span class='ocrx_word' id='word_1_266' title='bbox 1472 1801 1633 1869; x_wconf 87' lang='lat' dir='ltr'><strong>idque</strong></span> <span class='ocrx_word' id='word_1_267' title='bbox 1653 1814 1816 1869; x_wconf 91' lang='lat' dir='ltr'><strong>prop-</strong></span> 
     </span>
    </p>
   </div>
   <div class='ocr_carea' id='block_1_33' title="bbox 247 1893 1813 1969">
    <p class='ocr_par' dir='ltr' id='par_1_33' title="bbox 247 1893 1813 1969">
     <span class='ocr_line' id='line_1_33' title="bbox 247 1893 1813 1969; baseline -0.006 -15"><span class='ocrx_word' id='word_1_268' title='bbox 247 1909 329 1954; x_wconf 85' lang='lat' dir='ltr'><strong>ter</strong></span> <span class='ocrx_word' id='word_1_269' title='bbox 351 1901 768 1969; x_wconf 79' lang='lat' dir='ltr'><strong>superlationem</strong></span> <span class='ocrx_word' id='word_1_270' title='bbox 819 1899 1137 1952; x_wconf 76' lang='lat' dir='ltr'><strong>substantia:</strong></span> <span class='ocrx_word' id='word_1_271' title='bbox 1186 1906 1243 1949; x_wconf 92' lang='lat' dir='ltr'><strong>et</strong></span> <span class='ocrx_word' id='word_1_272' title='bbox 1270 1893 1683 1961; x_wconf 57' lang='lat' dir='ltr'><strong>intelligentia};</strong></span> <span class='ocrx_word' id='word_1_273' title='bbox 1737 1893 1813 1946; x_wconf 87' lang='lat' dir='ltr'><strong>si-</strong></span> 
     </span>
    </p>
   </div>
   <div class='ocr_carea' id='block_1_34' title="bbox 245 1985 1814 2047">
    <p class='ocr_par' dir='ltr' id='par_1_34' title="bbox 245 1985 1814 2047">
     <span class='ocr_line' id='line_1_34' title="bbox 245 1985 1814 2047; baseline -0.007 0"><span class='ocrx_word' id='word_1_274' title='bbox 245 2003 340 2047; x_wconf 92' lang='lat' dir='ltr'><strong>cut</strong></span> <span class='ocrx_word' id='word_1_275' title='bbox 369 1993 549 2044; x_wconf 91' lang='lat' dir='ltr'><strong>lumen</strong></span> <span class='ocrx_word' id='word_1_276' title='bbox 583 1990 853 2045; x_wconf 77' lang='lat' dir='ltr'><strong>excellens</strong></span> <span class='ocrx_word' id='word_1_277' title='bbox 883 1993 1050 2043; x_wconf 87' lang='lat' dir='ltr'><strong>aciein</strong></span> <span class='ocrx_word' id='word_1_278' title='bbox 1103 1988 1388 2042; x_wconf 89' lang='lat' dir='ltr'><strong>oculorum</strong></span> <span class='ocrx_word' id='word_1_279' title='bbox 1440 1985 1674 2039; x_wconf 88' lang='lat' dir='ltr'><strong>ellieitur</strong></span> <span class='ocrx_word' id='word_1_280' title='bbox 1713 1999 1814 2037; x_wconf 86' lang='lat' dir='ltr'><strong>no-</strong></span> 
     </span>
    </p>
   </div>
   <div class='ocr_carea' id='block_1_35' title="bbox 247 2073 1816 2146">
    <p class='ocr_par' dir='ltr' id='par_1_35' title="bbox 247 2073 1816 2146">
     <span class='ocr_line' id='line_1_35' title="bbox 247 2073 1816 2146; baseline -0.007 -8"><span class='ocrx_word' id='word_1_281' title='bbox 247 2084 332 2138; x_wconf 88' lang='lat' dir='ltr'><strong>bis</strong></span> <span class='ocrx_word' id='word_1_282' title='bbox 358 2085 620 2146; x_wconf 68' lang='lat' dir='ltr'><strong>tenehraa,</strong></span> <span class='ocrx_word' id='word_1_283' title='bbox 673 2091 726 2136; x_wconf 90' lang='lat' dir='ltr'><strong>et</strong></span> <span class='ocrx_word' id='word_1_284' title='bbox 747 2095 914 2136; x_wconf 89' lang='lat' dir='ltr'><strong>sonus</strong></span> <span class='ocrx_word' id='word_1_285' title='bbox 951 2082 1078 2135; x_wconf 88' lang='lat' dir='ltr'><strong>item</strong></span> <span class='ocrx_word' id='word_1_286' title='bbox 1109 2080 1379 2134; x_wconf 82' lang='lat' dir='ltr'><strong>excelletis</strong></span> <span class='ocrx_word' id='word_1_287' title='bbox 1409 2091 1629 2132; x_wconf 89' lang='lat' dir='ltr'><strong>sensum</strong></span> <span class='ocrx_word' id='word_1_288' title='bbox 1661 2073 1816 2129; x_wconf 86' lang='lat' dir='ltr'><strong>audi-</strong></span> 
     </span>
    </p>
   </div>
   <div class='ocr_carea' id='block_1_36' title="bbox 257 2166 663 2240">
    <p class='ocr_par' dir='ltr' id='par_1_36' title="bbox 257 2166 663 2240">
     <span class='ocr_line' id='line_1_36' title="bbox 257 2166 663 2240; baseline 0.002 -12"><span class='ocrx_word' id='word_1_289' title='bbox 257 2184 366 2240; x_wconf 93' lang='lat' dir='ltr'><strong>tus,</strong></span> <span class='ocrx_word' id='word_1_290' title='bbox 401 2166 663 2229; x_wconf 63' lang='lat' dir='ltr'><strong>surditas.</strong></span> 
     </span>
    </p>
   </div>
   <div class='ocr_carea' id='block_1_37' title="bbox 858 2258 1232 2316">
    <p class='ocr_par' dir='ltr' id='par_1_37' title="bbox 858 2258 1232 2316">
     <span class='ocr_line' id='line_1_37' title="bbox 858 2258 1232 2316; baseline 0 0"><span class='ocrx_word' id='word_1_291' title='bbox 858 2258 1086 2316; x_wconf 75' lang='lat' dir='ltr'><strong>CAPUT</strong></span> <span class='ocrx_word' id='word_1_292' title='bbox 1121 2258 1232 2316; x_wconf 68' lang='grc' dir='ltr'><strong>γυ.</strong></span> 
     </span>
    </p>
   </div>
   <div class='ocr_carea' id='block_1_38' title="bbox 253 2366 1816 2494">
    <p class='ocr_par' dir='ltr' id='par_1_38' title="bbox 253 2366 1816 2494">
     <span class='ocr_line' id='line_1_38' title="bbox 253 2366 1816 2494; baseline -0.008 -62"><span class='ocrx_word' id='word_1_293' title='bbox 253 2375 400 2432; x_wconf 79' lang='lat' dir='ltr'><strong>Unde</strong></span> <span class='ocrx_word' id='word_1_294' title='bbox 424 2376 657 2438; x_wconf 73' lang='lat' dir='ltr'><strong>tandem,</strong></span> <span class='ocrx_word' id='word_1_295' title='bbox 690 2384 738 2428; x_wconf 86' lang='lat' dir='ltr'><strong>et</strong></span> <span class='ocrx_word' id='word_1_296' title='bbox 783 2389 848 2427; x_wconf 78' lang='lat' dir='ltr'><strong>ea:</strong></span> <span class='ocrx_word' id='word_1_297' title='bbox 890 2372 1077 2494; x_wconf 45' lang='lat' dir='ltr'><strong>quibus</strong></span> <span class='ocrx_word' id='word_1_298' title='bbox 1109 2373 1177 2426; x_wconf 76' lang='lat' dir='ltr'><strong>sit</strong></span> <span class='ocrx_word' id='word_1_299' title='bbox 1217 2373 1281 2425; x_wconf 82' lang='lat' dir='ltr'><strong>de</strong></span> <span class='ocrx_word' id='word_1_300' title='bbox 1309 2369 1413 2424; x_wconf 83' lang='lat' dir='ltr'><strong>Dec</strong></span> <span class='ocrx_word' id='word_1_301' title='bbox 1439 2366 1816 2438; x_wconf 77' lang='lat' dir='ltr'><strong>philosophan-</strong></span> 
     </span>
     <span class='ocr_line' id='line_1_39' title="bbox 996 2457 1106 2494; baseline 0.009 -1"><span class='ocrx_word' id='word_1_302' title='bbox 996 2457 1106 2494; x_wconf 85' lang='lat' dir='ltr'><strong>um.</strong></span> 
     </span>
    </p>
   </div>
   <div class='ocr_carea' id='block_1_39' title="bbox 996 2457 1106 2494">
    <p class='ocr_par' dir='ltr' id='par_1_39' title="bbox 996 2457 1106 2494">
     <span class='ocr_line' id='line_1_40' title="bbox 996 2457 1106 2494; baseline 0.009 -1"><span class='ocrx_word' id='word_1_303' title='bbox 996 2457 1106 2494; x_wconf 84' lang='lat' dir='ltr'><strong>um.</strong></span> 
     </span>
    </p>
   </div>
   <div class='ocr_carea' id='block_1_40' title="bbox 319 2527 1814 2606">
    <p class='ocr_par' dir='ltr' id='par_1_40' title="bbox 319 2527 1814 2606">
     <span class='ocr_line' id='line_1_41' title="bbox 319 2527 1814 2606; baseline -0.007 -16"><span class='ocrx_word' id='word_1_304' title='bbox 319 2535 547 2605; x_wconf 80' lang='lat' dir='ltr'><strong>Magnus</strong></span> <span class='ocrx_word' id='word_1_305' title='bbox 574 2534 866 2606; x_wconf 83' lang='lat' dir='ltr'><strong>Dionysius</strong></span> <span class='ocrx_word' id='word_1_306' title='bbox 890 2534 1098 2601; x_wconf 85' lang='lat' dir='ltr'><strong>cap.&#39;7,</strong></span> <span class='ocrx_word' id='word_1_307' title='bbox 1133 2532 1205 2583; x_wconf 76' lang='lat' dir='ltr'><strong>De</strong></span> <span class='ocrx_word' id='word_1_308' title='bbox 1246 2530 1440 2584; x_wconf 78' lang='lat' dir='ltr'><strong>divinis</strong></span> <span class='ocrx_word' id='word_1_309' title='bbox 1470 2527 1766 2584; x_wconf 73' lang='lat' dir='ltr'><strong>nominibus</strong></span> <span class='ocrx_word' id='word_1_310' title='bbox 1795 2541 1814 2580; x_wconf 92' lang='lat'><em>:</em></span> 
     </span>
    </p>
   </div>
   <div class='ocr_carea' id='block_1_41' title="bbox 252 2622 1816 2694">
    <p class='ocr_par' dir='ltr' id='par_1_41' title="bbox 252 2622 1816 2694">
     <span class='ocr_line' id='line_1_42' title="bbox 252 2622 1816 2694; baseline -0.004 -16"><span class='ocrx_word' id='word_1_311' title='bbox 252 2624 553 2686; x_wconf 67' lang='lat' dir='ltr'><strong>Praeterea,</strong></span> <span class='ocrx_word' id='word_1_312' title='bbox 602 2624 813 2694; x_wconf 88' lang='lat' dir='ltr'><strong>inquit,</strong></span> <span class='ocrx_word' id='word_1_313' title='bbox 863 2623 1214 2693; x_wconf 59' lang='lat' dir='ltr'><strong>querendum</strong></span> <span class='ocrx_word' id='word_1_314' title='bbox 1268 2631 1351 2676; x_wconf 86' lang='lat' dir='ltr'><strong>est</strong></span> <span class='ocrx_word' id='word_1_315' title='bbox 1399 2622 1675 2690; x_wconf 92' lang='lat' dir='ltr'><strong>quomodo</strong></span> <span class='ocrx_word' id='word_1_316' title='bbox 1719 2634 1816 2672; x_wconf 86' lang='lat' dir='ltr'><strong>nos</strong></span> 
     </span>
    </p>
   </div>
   <div class='ocr_carea' id='block_1_42' title="bbox 251 2710 1816 2786">
    <p class='ocr_par' dir='ltr' id='par_1_42' title="bbox 251 2710 1816 2786">
     <span class='ocr_line' id='line_1_43' title="bbox 251 2710 1816 2786; baseline -0.006 -16"><span class='ocrx_word' id='word_1_317' title='bbox 251 2715 419 2771; x_wconf 75' lang='lat' dir='ltr'><strong>Deum</strong></span> <span class='ocrx_word' id='word_1_318' title='bbox 469 2717 889 2786; x_wconf 81' lang='lat' dir='ltr'><strong>cegnoscimus,</strong></span> <span class='ocrx_word' id='word_1_319' title='bbox 925 2715 1014 2784; x_wconf 89' lang='lat' dir='ltr'><strong>qui</strong></span> <span class='ocrx_word' id='word_1_320' title='bbox 1061 2729 1240 2781; x_wconf 76' lang='lat' dir='ltr'><strong>neque</strong></span> <span class='ocrx_word' id='word_1_321' title='bbox 1286 2727 1451 2768; x_wconf 89' lang='lat' dir='ltr'><strong>sensu</strong></span> <span class='ocrx_word' id='word_1_322' title='bbox 1497 2710 1816 2781; x_wconf 88' lang='lat' dir='ltr'><strong>percipitur,</strong></span> 
     </span>
    </p>
   </div>
   <div class='ocr_carea' id='block_1_43' title="bbox 248 2804 1817 2884">
    <p class='ocr_par' dir='ltr' id='par_1_43' title="bbox 248 2804 1817 2884">
     <span class='ocr_line' id='line_1_44' title="bbox 248 2804 1817 2884; baseline -0.004 -21"><span class='ocrx_word' id='word_1_323' title='bbox 248 2825 349 2863; x_wconf 86' lang='lat' dir='ltr'><strong>nec</strong></span> <span class='ocrx_word' id='word_1_324' title='bbox 379 2809 752 2884; x_wconf 82' lang='lat' dir='ltr'><strong>intelligentia,</strong></span> <span class='ocrx_word' id='word_1_325' title='bbox 779 2817 834 2862; x_wconf 90' lang='lat' dir='ltr'><strong>et</strong></span> <span class='ocrx_word' id='word_1_326' title='bbox 868 2817 925 2860; x_wconf 95' lang='lat' dir='ltr'><strong>ut</strong></span> <span class='ocrx_word' id='word_1_327' title='bbox 957 2806 1208 2860; x_wconf 82' lang='lat' dir='ltr'><strong>universe</strong></span> <span class='ocrx_word' id='word_1_328' title='bbox 1239 2806 1434 2868; x_wconf 90' lang='lat' dir='ltr'><strong>dicam,</strong></span> <span class='ocrx_word' id='word_1_329' title='bbox 1477 2804 1609 2858; x_wconf 89' lang='lat' dir='ltr'><strong>nihil</strong></span> <span class='ocrx_word' id='word_1_330' title='bbox 1643 2812 1723 2857; x_wconf 89' lang='lat' dir='ltr'><strong>est</strong></span> <span class='ocrx_word' id='word_1_331' title='bbox 1750 2819 1817 2856; x_wconf 86' lang='lat' dir='ltr'><strong>ex</strong></span> 
     </span>
    </p>
   </div>
   <div class='ocr_carea' id='block_1_44' title="bbox 249 2898 1816 2971">
    <p class='ocr_par' dir='ltr' id='par_1_44' title="bbox 249 2898 1816 2971">
     <span class='ocr_line' id='line_1_45' title="bbox 249 2898 1816 2971; baseline -0.003 -16"><span class='ocrx_word' id='word_1_332' title='bbox 249 2902 320 2956; x_wconf 86' lang='lat' dir='ltr'><strong>iis</strong></span> <span class='ocrx_word' id='word_1_333' title='bbox 363 2917 483 2971; x_wconf 70' lang='lat' dir='ltr'><strong>quae</strong></span> <span class='ocrx_word' id='word_1_334' title='bbox 531 2910 679 2956; x_wconf 92' lang='lat' dir='ltr'><strong>sunt.</strong></span> <span class='ocrx_word' id='word_1_335' title='bbox 727 2903 811 2953; x_wconf 85' lang='lat' dir='ltr'><strong>An</strong></span> <span class='ocrx_word' id='word_1_336' title='bbox 861 2915 966 2954; x_wconf 91' lang='lat' dir='ltr'><strong>non</strong></span> <span class='ocrx_word' id='word_1_337' title='bbox 1005 2901 1181 2967; x_wconf 90' lang='lat' dir='ltr'><strong>potius</strong></span> <span class='ocrx_word' id='word_1_338' title='bbox 1218 2913 1341 2952; x_wconf 87' lang='lat' dir='ltr'><strong>vere</strong></span> <span class='ocrx_word' id='word_1_339' title='bbox 1390 2898 1624 2962; x_wconf 86' lang='lat' dir='ltr'><strong>dicatur,</strong></span> <span class='ocrx_word' id='word_1_340' title='bbox 1671 2899 1816 2966; x_wconf 89' lang='lat' dir='ltr'><strong>quod</strong></span> 
     </span>
    </p>
   </div>
   <div class='ocr_carea' id='block_1_45' title="bbox 251 2990 1813 3061">
    <p class='ocr_par' dir='ltr' id='par_1_45' title="bbox 251 2990 1813 3061">
     <span class='ocr_line' id='line_1_46' title="bbox 251 2990 1813 3061; baseline -0.002 -17"><span class='ocrx_word' id='word_1_341' title='bbox 251 2991 421 3046; x_wconf 85' lang='lat' dir='ltr'><strong>Deum</strong></span> <span class='ocrx_word' id='word_1_342' title='bbox 456 3008 563 3046; x_wconf 88' lang='lat' dir='ltr'><strong>non</strong></span> <span class='ocrx_word' id='word_1_343' title='bbox 605 2993 988 3061; x_wconf 84' lang='lat' dir='ltr'><strong>cognoscimus</strong></span> <span class='ocrx_word' id='word_1_344' title='bbox 1035 3006 1099 3044; x_wconf 86' lang='lat' dir='ltr'><strong>ex</strong></span> <span class='ocrx_word' id='word_1_345' title='bbox 1149 3001 1338 3043; x_wconf 81' lang='lat' dir='ltr'><strong>natura</strong></span> <span class='ocrx_word' id='word_1_346' title='bbox 1385 2991 1504 3058; x_wconf 89' lang='lat' dir='ltr'><strong>cjus</strong></span> <span class='ocrx_word' id='word_1_347' title='bbox 1553 2990 1628 3056; x_wconf 91' lang='lat' dir='ltr'><strong>(id</strong></span> <span class='ocrx_word' id='word_1_348' title='bbox 1669 2991 1813 3043; x_wconf 88' lang='lat' dir='ltr'><strong>enim</strong></span> 
     </span>
    </p>
   </div>
   <div class='ocr_carea' id='block_1_46' title="bbox 1921 1799 3492 1873">
    <p class='ocr_par' dir='ltr' id='par_1_46' title="bbox 1921 1799 3492 1873">
     <span class='ocr_line' id='line_1_47' title="bbox 1921 1799 3492 1873; baseline 0.002 -18"><span class='ocrx_word' id='word_1_349' title='bbox 1921 1810 2038 1855; x_wconf 87' lang='lat' dir='ltr'><strong>ctus</strong></span> <span class='ocrx_word' id='word_1_350' title='bbox 2071 1799 2338 1855; x_wconf 80' lang='lat' dir='ltr'><strong>Maximus</strong></span> <span class='ocrx_word' id='word_1_351' title='bbox 2374 1803 2426 1855; x_wconf 93' lang='lat' dir='ltr'><strong>in</strong></span> <span class='ocrx_word' id='word_1_352' title='bbox 2463 1803 2782 1872; x_wconf 79' lang='lat' dir='ltr'><strong>leologicis</strong></span> <span class='ocrx_word' id='word_1_353' title='bbox 2808 1821 2826 1857; x_wconf 91' lang='lat'><strong><em>:</em></strong></span> <span class='ocrx_word' id='word_1_354' title='bbox 2858 1805 2929 1856; x_wconf 82' lang='lat' dir='ltr'><strong>Ex</strong></span> <span class='ocrx_word' id='word_1_355' title='bbox 2967 1805 3133 1869; x_wconf 83' lang='lat' dir='ltr'><strong>nulla,</strong></span> <span class='ocrx_word' id='word_1_356' title='bbox 3170 1804 3366 1873; x_wconf 86' lang='lat' dir='ltr'><strong>inquit,</strong></span> <span class='ocrx_word' id='word_1_357' title='bbox 3407 1821 3492 1871; x_wconf 87' lang='lat' dir='ltr'><strong>re,</strong></span> 
     </span>
    </p>
   </div>
   <div class='ocr_carea' id='block_1_47' title="bbox 1921 1895 3490 1966">
    <p class='ocr_par' dir='ltr' id='par_1_47' title="bbox 1921 1895 3490 1966">
     <span class='ocr_line' id='line_1_48' title="bbox 1921 1895 3490 1966; baseline 0.004 -23"><span class='ocrx_word' id='word_1_358' title='bbox 1921 1907 2262 1962; x_wconf 71' lang='lat' dir='ltr'><strong>quaecunque</strong></span> <span class='ocrx_word' id='word_1_359' title='bbox 2287 1895 2380 1957; x_wconf 89' lang='lat' dir='ltr'><strong>sit,</strong></span> <span class='ocrx_word' id='word_1_360' title='bbox 2408 1896 2611 1964; x_wconf 87' lang='lat' dir='ltr'><strong>percipi</strong></span> <span class='ocrx_word' id='word_1_361' title='bbox 2647 1906 2827 1963; x_wconf 87' lang='lat' dir='ltr'><strong>potest</strong></span> <span class='ocrx_word' id='word_1_362' title='bbox 2850 1896 2949 1965; x_wconf 80' lang='lat'><strong>(&#39;5),</strong></span> <span class='ocrx_word' id='word_1_363' title='bbox 2973 1897 3072 1950; x_wconf 92' lang='lat' dir='ltr'><strong>hoc</strong></span> <span class='ocrx_word' id='word_1_364' title='bbox 3104 1913 3214 1950; x_wconf 93' lang='lat' dir='ltr'><strong>uno</strong></span> <span class='ocrx_word' id='word_1_365' title='bbox 3241 1908 3490 1966; x_wconf 85' lang='lat' dir='ltr'><strong>excepto,</strong></span> 
     </span>
    </p>
   </div>
   <div class='ocr_carea' id='block_1_48' title="bbox 1921 1984 3494 2061">
    <p class='ocr_par' dir='ltr' id='par_1_48' title="bbox 1921 1984 3494 2061">
     <span class='ocr_line' id='line_1_49' title="bbox 1921 1984 3494 2061; baseline 0.005 -29"><span class='ocrx_word' id='word_1_366' title='bbox 1921 1984 2065 2052; x_wconf 88' lang='lat' dir='ltr'><strong>quod</strong></span> <span class='ocrx_word' id='word_1_367' title='bbox 2097 1999 2199 2061; x_wconf 76' lang='lat' dir='ltr'><strong>per</strong></span> <span class='ocrx_word' id='word_1_368' title='bbox 2237 1985 2395 2039; x_wconf 85' lang='lat' dir='ltr'><strong>tidem</strong></span> <span class='ocrx_word' id='word_1_369' title='bbox 2445 1987 2822 2056; x_wconf 85' lang='lat' dir='ltr'><strong>cognoscitur,</strong></span> <span class='ocrx_word' id='word_1_370' title='bbox 2870 1989 3036 2057; x_wconf 83' lang='lat' dir='ltr'><strong>idque</strong></span> <span class='ocrx_word' id='word_1_371' title='bbox 3071 2003 3138 2040; x_wconf 83' lang='lat' dir='ltr'><strong>ex</strong></span> <span class='ocrx_word' id='word_1_372' title='bbox 3171 1987 3238 2041; x_wconf 93' lang='lat' dir='ltr'><strong>iis</strong></span> <span class='ocrx_word' id='word_1_373' title='bbox 3268 2004 3390 2058; x_wconf 67' lang='lat' dir='ltr'><strong>quae</strong></span> <span class='ocrx_word' id='word_1_374' title='bbox 3425 1990 3494 2041; x_wconf 84' lang='lat' dir='ltr'><strong>ab</strong></span> 
     </span>
    </p>
   </div>
   <div class='ocr_carea' id='block_1_49' title="bbox 1922 2075 3494 2149">
    <p class='ocr_par' dir='ltr' id='par_1_49' title="bbox 1922 2075 3494 2149">
     <span class='ocr_line' id='line_1_50' title="bbox 1922 2075 3494 2149; baseline 0.003 -20"><span class='ocrx_word' id='word_1_375' title='bbox 1922 2075 2040 2146; x_wconf 90' lang='lat' dir='ltr'><strong>ipso</strong></span> <span class='ocrx_word' id='word_1_376' title='bbox 2086 2075 2276 2131; x_wconf 68' lang='lat' dir='ltr'><strong>clfecta</strong></span> <span class='ocrx_word' id='word_1_377' title='bbox 2326 2087 2476 2143; x_wconf 84' lang='lat' dir='ltr'><strong>sunt,</strong></span> <span class='ocrx_word' id='word_1_378' title='bbox 2528 2081 2902 2149; x_wconf 86' lang='lat' dir='ltr'><strong>cognoscitur,</strong></span> <span class='ocrx_word' id='word_1_379' title='bbox 2945 2083 3188 2148; x_wconf 89' lang='lat' dir='ltr'><strong>inquam,</strong></span> <span class='ocrx_word' id='word_1_380' title='bbox 3223 2084 3368 2149; x_wconf 87' lang='lat' dir='ltr'><strong>quod</strong></span> <span class='ocrx_word' id='word_1_381' title='bbox 3401 2082 3494 2145; x_wconf 88' lang='lat' dir='ltr'><strong>sit,</strong></span> 
     </span>
    </p>
   </div>
   <div class='ocr_carea' id='block_1_50' title="bbox 1921 2167 3592 2242">
    <p class='ocr_par' dir='ltr' id='par_1_50' title="bbox 1921 2167 3592 2242">
     <span class='ocr_line' id='line_1_51' title="bbox 1921 2167 3592 2242; baseline 0.003 -22"><span class='ocrx_word' id='word_1_382' title='bbox 1921 2181 2029 2220; x_wconf 90' lang='lat' dir='ltr'><strong>non</strong></span> <span class='ocrx_word' id='word_1_383' title='bbox 2059 2167 2189 2235; x_wconf 90' lang='lat' dir='ltr'><strong>quid</strong></span> <span class='ocrx_word' id='word_1_384' title='bbox 2231 2167 2321 2222; x_wconf 87' lang='lat' dir='ltr'><strong>sit.</strong></span> <span class='ocrx_word' id='word_1_385' title='bbox 2355 2170 2431 2221; x_wconf 87' lang='lat' dir='ltr'><strong>Ac</strong></span> <span class='ocrx_word' id='word_1_386' title='bbox 2480 2185 2664 2223; x_wconf 88' lang='lat' dir='ltr'><strong>rursus</strong></span> <span class='ocrx_word' id='word_1_387' title='bbox 2715 2171 2856 2223; x_wconf 90' lang='lat' dir='ltr'><strong>idem</strong></span> <span class='ocrx_word' id='word_1_388' title='bbox 2888 2172 2940 2225; x_wconf 92' lang='lat' dir='ltr'><strong>iu</strong></span> <span class='ocrx_word' id='word_1_389' title='bbox 2991 2173 3146 2226; x_wconf 84' lang='lat' dir='ltr'><strong>tertia</strong></span> <span class='ocrx_word' id='word_1_390' title='bbox 3191 2175 3436 2228; x_wconf 74' lang='lat' dir='ltr'><strong>centuria</strong></span> <span class='ocrx_word' id='word_1_391' title='bbox 3476 2188 3492 2225; x_wconf 88' lang='lat'><strong>:</strong></span> <span class='ocrx_word' id='word_1_392' title='bbox 3586 2178 3592 2242; x_wconf 65' lang='grc'>;</span> 
     </span>
    </p>
   </div>
   <div class='ocr_carea' id='block_1_51' title="bbox 1922 2257 3562 2334">
    <p class='ocr_par' dir='ltr' id='par_1_51' title="bbox 1922 2257 3562 2334">
     <span class='ocr_line' id='line_1_52' title="bbox 1922 2257 3562 2334; baseline 0.006 -22"><span class='ocrx_word' id='word_1_393' title='bbox 1922 2257 2077 2324; x_wconf 85' lang='lat' dir='ltr'><strong>Quod</strong></span> <span class='ocrx_word' id='word_1_394' title='bbox 2111 2261 2328 2327; x_wconf 87' lang='lat' dir='ltr'><strong>proprie</strong></span> <span class='ocrx_word' id='word_1_395' title='bbox 2354 2267 2460 2325; x_wconf 85' lang='lat' dir='ltr'><strong>est,</strong></span> <span class='ocrx_word' id='word_1_396' title='bbox 2489 2277 2554 2316; x_wconf 88' lang='lat' dir='ltr'><strong>ex</strong></span> <span class='ocrx_word' id='word_1_397' title='bbox 2586 2277 2652 2316; x_wconf 94' lang='lat' dir='ltr'><strong>eo</strong></span> <span class='ocrx_word' id='word_1_398' title='bbox 2686 2265 2832 2331; x_wconf 89' lang='lat' dir='ltr'><strong>quod</strong></span> <span class='ocrx_word' id='word_1_399' title='bbox 2869 2280 2976 2318; x_wconf 90' lang='lat' dir='ltr'><strong>non</strong></span> <span class='ocrx_word' id='word_1_400' title='bbox 3009 2274 3094 2319; x_wconf 87' lang='lat' dir='ltr'><strong>est</strong></span> <span class='ocrx_word' id='word_1_401' title='bbox 3125 2267 3362 2334; x_wconf 86' lang='lat' dir='ltr'><strong>proprie,</strong></span> <span class='ocrx_word' id='word_1_402' title='bbox 3402 2281 3494 2319; x_wconf 84' lang='lat' dir='ltr'><strong>co-</strong></span> <span class='ocrx_word' id='word_1_403' title='bbox 3559 2319 3562 2322; x_wconf 83' lang='lat'><strong>.</strong></span> 
     </span>
    </p>
   </div>
   <div class='ocr_carea' id='block_1_52' title="bbox 1923 2349 3490 2423">
    <p class='ocr_par' dir='ltr' id='par_1_52' title="bbox 1923 2349 3490 2423">
     <span class='ocr_line' id='line_1_53' title="bbox 1923 2349 3490 2423; baseline 0.004 -22"><span class='ocrx_word' id='word_1_404' title='bbox 1923 2349 2206 2417; x_wconf 86' lang='lat' dir='ltr'><strong>gnoscitur</strong></span> <span class='ocrx_word' id='word_1_405' title='bbox 2241 2365 2396 2416; x_wconf 86' lang='lat' dir='ltr'><strong>esse;</strong></span> <span class='ocrx_word' id='word_1_406' title='bbox 2432 2354 2805 2422; x_wconf 82' lang='lat' dir='ltr'><strong>cognoscitur,</strong></span> <span class='ocrx_word' id='word_1_407' title='bbox 2837 2354 3054 2423; x_wconf 86' lang='lat' dir='ltr'><strong>inquam</strong></span> <span class='ocrx_word' id='word_1_408' title='bbox 3084 2396 3098 2420; x_wconf 90' lang='lat'><strong>,</strong></span> <span class='ocrx_word' id='word_1_409' title='bbox 3133 2371 3239 2410; x_wconf 89' lang='lat' dir='ltr'><strong>non</strong></span> <span class='ocrx_word' id='word_1_410' title='bbox 3274 2356 3490 2409; x_wconf 84' lang='lat' dir='ltr'><strong>habitu-</strong></span> 
     </span>
    </p>
   </div>
   <div class='ocr_carea' id='block_1_53' title="bbox 1922 2439 3495 2515">
    <p class='ocr_par' dir='ltr' id='par_1_53' title="bbox 1922 2439 3495 2515">
     <span class='ocr_line' id='line_1_54' title="bbox 1922 2439 3495 2515; baseline 0.004 -22"><span class='ocrx_word' id='word_1_411' title='bbox 1922 2441 2052 2494; x_wconf 90' lang='lat' dir='ltr'><strong>dine</strong></span> <span class='ocrx_word' id='word_1_412' title='bbox 2079 2439 2280 2510; x_wconf 85' lang='lat' dir='ltr'><strong>aliqua,</strong></span> <span class='ocrx_word' id='word_1_413' title='bbox 2313 2457 2422 2511; x_wconf 89' lang='lat' dir='ltr'><strong>qua</strong></span> <span class='ocrx_word' id='word_1_414' title='bbox 2455 2443 2521 2497; x_wconf 89' lang='lat' dir='ltr'><strong>ad</strong></span> <span class='ocrx_word' id='word_1_415' title='bbox 2559 2443 2687 2497; x_wconf 90' lang='lat' dir='ltr'><strong>illud</strong></span> <span class='ocrx_word' id='word_1_416' title='bbox 2713 2444 2856 2512; x_wconf 88' lang='lat' dir='ltr'><strong>quod</strong></span> <span class='ocrx_word' id='word_1_417' title='bbox 2885 2461 2992 2498; x_wconf 90' lang='lat' dir='ltr'><strong>non</strong></span> <span class='ocrx_word' id='word_1_418' title='bbox 3019 2456 3103 2498; x_wconf 86' lang='lat' dir='ltr'><strong>est.</strong></span> <span class='ocrx_word' id='word_1_419' title='bbox 3145 2447 3380 2515; x_wconf 83' lang='lat' dir='ltr'><strong>proprie,</strong></span> <span class='ocrx_word' id='word_1_420' title='bbox 3413 2463 3495 2500; x_wconf 84' lang='lat' dir='ltr'><strong>re-</strong></span> 
     </span>
    </p>
   </div>
   <div class='ocr_carea' id='block_1_54' title="bbox 1925 2531 3493 2604">
    <p class='ocr_par' dir='ltr' id='par_1_54' title="bbox 1925 2531 3493 2604">
     <span class='ocr_line' id='line_1_55' title="bbox 1925 2531 3493 2604; baseline 0.004 -18"><span class='ocrx_word' id='word_1_421' title='bbox 1925 2531 2150 2598; x_wconf 79' lang='lat' dir='ltr'><strong>feratur,</strong></span> <span class='ocrx_word' id='word_1_422' title='bbox 2197 2541 2293 2588; x_wconf 90' lang='lat' dir='ltr'><strong>aut</strong></span> <span class='ocrx_word' id='word_1_423' title='bbox 2328 2549 2454 2588; x_wconf 89' lang='lat' dir='ltr'><strong>cum</strong></span> <span class='ocrx_word' id='word_1_424' title='bbox 2490 2550 2556 2588; x_wconf 92' lang='lat' dir='ltr'><strong>eo</strong></span> <span class='ocrx_word' id='word_1_425' title='bbox 2591 2544 2961 2604; x_wconf 90' lang='lat' dir='ltr'><strong>comparetur.</strong></span> <span class='ocrx_word' id='word_1_426' title='bbox 3009 2535 3298 2600; x_wconf 85' lang='lat' dir='ltr'><strong>Quomodo</strong></span> <span class='ocrx_word' id='word_1_427' title='bbox 3349 2537 3493 2592; x_wconf 68' lang='lat' dir='ltr'><strong>enim</strong></span> 
     </span>
    </p>
   </div>
   <div class='ocr_carea' id='block_1_55' title="bbox 1923 2624 3495 2694">
    <p class='ocr_par' dir='ltr' id='par_1_55' title="bbox 1923 2624 3495 2694">
     <span class='ocr_line' id='line_1_56' title="bbox 1923 2624 3495 2694; baseline 0.004 -16"><span class='ocrx_word' id='word_1_428' title='bbox 1923 2624 2066 2694; x_wconf 90' lang='lat' dir='ltr'><strong>quod</strong></span> <span class='ocrx_word' id='word_1_429' title='bbox 2099 2625 2318 2694; x_wconf 87' lang='lat' dir='ltr'><strong>proprie</strong></span> <span class='ocrx_word' id='word_1_430' title='bbox 2345 2636 2448 2690; x_wconf 85' lang='lat' dir='ltr'><strong>est,</strong></span> <span class='ocrx_word' id='word_1_431' title='bbox 2473 2635 2527 2680; x_wconf 90' lang='lat' dir='ltr'><strong>et</strong></span> <span class='ocrx_word' id='word_1_432' title='bbox 2560 2635 2618 2681; x_wconf 90' lang='lat' dir='ltr'><strong>ut</strong></span> <span class='ocrx_word' id='word_1_433' title='bbox 2649 2626 2893 2679; x_wconf 82' lang='lat' dir='ltr'><strong>omnium</strong></span> <span class='ocrx_word' id='word_1_434' title='bbox 2919 2641 3082 2681; x_wconf 90' lang='lat' dir='ltr'><strong>causa</strong></span> <span class='ocrx_word' id='word_1_435' title='bbox 3119 2641 3280 2694; x_wconf 87' lang='lat' dir='ltr'><strong>supra</strong></span> <span class='ocrx_word' id='word_1_436' title='bbox 3310 2627 3495 2684; x_wconf 75' lang='lat' dir='ltr'><strong>omnia</strong></span> 
     </span>
    </p>
   </div>
   <div class='ocr_carea' id='block_1_56' title="bbox 1922 2718 3499 2791">
    <p class='ocr_par' dir='ltr' id='par_1_56' title="bbox 1922 2718 3499 2791">
     <span class='ocr_line' id='line_1_57' title="bbox 1922 2718 3499 2791; baseline 0.001 -20"><span class='ocrx_word' id='word_1_437' title='bbox 1922 2726 2028 2782; x_wconf 84' lang='lat' dir='ltr'><strong>est,</strong></span> <span class='ocrx_word' id='word_1_438' title='bbox 2047 2725 2100 2772; x_wconf 91' lang='lat' dir='ltr'><strong>et</strong></span> <span class='ocrx_word' id='word_1_439' title='bbox 2130 2732 2236 2771; x_wconf 92' lang='lat' dir='ltr'><strong>non</strong></span> <span class='ocrx_word' id='word_1_440' title='bbox 2263 2719 2641 2786; x_wconf 89' lang='lat' dir='ltr'><strong>cognoscendo</strong></span> <span class='ocrx_word' id='word_1_441' title='bbox 2671 2718 2826 2780; x_wconf 91' lang='lat' dir='ltr'><strong>illud,</strong></span> <span class='ocrx_word' id='word_1_442' title='bbox 2854 2718 2993 2770; x_wconf 85' lang='lat' dir='ltr'><strong>sicut</strong></span> <span class='ocrx_word' id='word_1_443' title='bbox 3030 2718 3130 2771; x_wconf 87' lang='lat' dir='ltr'><strong>alia</strong></span> <span class='ocrx_word' id='word_1_444' title='bbox 3159 2732 3499 2791; x_wconf 81' lang='lat' dir='ltr'><strong>cognoscun-</strong></span> 
     </span>
    </p>
   </div>
   <div class='ocr_carea' id='block_1_57' title="bbox 1925 2807 3497 2876">
    <p class='ocr_par' dir='ltr' id='par_1_57' title="bbox 1925 2807 3497 2876">
     <span class='ocr_line' id='line_1_58' title="bbox 1925 2807 3497 2876; baseline 0.001 -15"><span class='ocrx_word' id='word_1_445' title='bbox 1925 2817 2032 2870; x_wconf 90' lang='lat' dir='ltr'><strong>tur,</strong></span> <span class='ocrx_word' id='word_1_446' title='bbox 2076 2807 2450 2876; x_wconf 87' lang='lat' dir='ltr'><strong>cognoscitur,</strong></span> <span class='ocrx_word' id='word_1_447' title='bbox 2502 2822 2626 2861; x_wconf 92' lang='lat' dir='ltr'><strong>cum</strong></span> <span class='ocrx_word' id='word_1_448' title='bbox 2666 2807 2732 2862; x_wconf 91' lang='lat' dir='ltr'><strong>iis</strong></span> <span class='ocrx_word' id='word_1_449' title='bbox 2761 2823 2880 2876; x_wconf 72' lang='lat' dir='ltr'><strong>qua:</strong></span> <span class='ocrx_word' id='word_1_450' title='bbox 2931 2823 3035 2860; x_wconf 92' lang='lat' dir='ltr'><strong>non</strong></span> <span class='ocrx_word' id='word_1_451' title='bbox 3081 2818 3210 2862; x_wconf 91' lang='lat' dir='ltr'><strong>sunt</strong></span> <span class='ocrx_word' id='word_1_452' title='bbox 3257 2811 3497 2876; x_wconf 81' lang='lat' dir='ltr'><strong>propr&#39;e,</strong></span> 
     </span>
    </p>
   </div>
   <div class='ocr_carea' id='block_1_58' title="bbox 1925 2898 3496 2968">
    <p class='ocr_par' dir='ltr' id='par_1_58' title="bbox 1925 2898 3496 2968">
     <span class='ocr_line' id='line_1_59' title="bbox 1925 2898 3496 2968; baseline 0.001 -17"><span class='ocrx_word' id='word_1_453' title='bbox 1925 2898 2069 2953; x_wconf 92' lang='lat' dir='ltr'><strong>ullus</strong></span> <span class='ocrx_word' id='word_1_454' title='bbox 2104 2914 2337 2966; x_wconf 88' lang='lat' dir='ltr'><strong>unquam</strong></span> <span class='ocrx_word' id='word_1_455' title='bbox 2382 2900 2492 2953; x_wconf 90' lang='lat' dir='ltr'><strong>ulla</strong></span> <span class='ocrx_word' id='word_1_456' title='bbox 2525 2915 2589 2952; x_wconf 87' lang='lat' dir='ltr'><strong>ex</strong></span> <span class='ocrx_word' id='word_1_457' title='bbox 2622 2909 2777 2968; x_wconf 88' lang='lat' dir='ltr'><strong>parte</strong></span> <span class='ocrx_word' id='word_1_458' title='bbox 2811 2899 3091 2954; x_wconf 82' lang='lat' dir='ltr'><strong>conferet?</strong></span> <span class='ocrx_word' id='word_1_459' title='bbox 3119 2916 3242 2952; x_wconf 87' lang='lat' dir='ltr'><strong>cuni</strong></span> <span class='ocrx_word' id='word_1_460' title='bbox 3291 2899 3496 2966; x_wconf 68' lang='lat' dir='ltr'><strong>alioqui</strong></span> 
     </span>
    </p>
   </div>
   <div class='ocr_carea' id='block_1_59' title="bbox 1925 2989 3494 3060">
    <p class='ocr_par' dir='ltr' id='par_1_59' title="bbox 1925 2989 3494 3060">
     <span class='ocr_line' id='line_1_60' title="bbox 1925 2989 3494 3060; baseline 0.001 -18"><span class='ocrx_word' id='word_1_461' title='bbox 1925 3005 2031 3044; x_wconf 92' lang='lat' dir='ltr'><strong>non</strong></span> <span class='ocrx_word' id='word_1_462' title='bbox 2065 2991 2340 3059; x_wconf 78' lang='lat' dir='ltr'><strong>possimus</strong></span> <span class='ocrx_word' id='word_1_463' title='bbox 2367 3007 2470 3045; x_wconf 91' lang='lat' dir='ltr'><strong>nos</strong></span> <span class='ocrx_word' id='word_1_464' title='bbox 2503 2989 2555 3044; x_wconf 88' lang='lat' dir='ltr'><strong>id</strong></span> <span class='ocrx_word' id='word_1_465' title='bbox 2602 2993 2747 3060; x_wconf 89' lang='lat' dir='ltr'><strong>quod</strong></span> <span class='ocrx_word' id='word_1_466' title='bbox 2796 3002 2878 3045; x_wconf 85' lang='lat' dir='ltr'><strong>est</strong></span> <span class='ocrx_word' id='word_1_467' title='bbox 2931 3006 3091 3057; x_wconf 83' lang='lat' dir='ltr'><strong>supra</strong></span> <span class='ocrx_word' id='word_1_468' title='bbox 3130 2991 3494 3045; x_wconf 83' lang='lat' dir='ltr'><strong>substantiam</strong></span> 
     </span>
    </p>
   </div>
   <div class='ocr_carea' id='block_1_60' title="bbox 253 3067 3497 3150">
    <p class='ocr_par' dir='ltr' id='par_1_60' title="bbox 253 3067 3497 3150">
     <span class='ocr_line' id='line_1_61' title="bbox 253 3067 3497 3150; baseline 0 -18"><span class='ocrx_word' id='word_1_469' title='bbox 253 3082 396 3150; x_wconf 91' lang='lat' dir='ltr'><strong>quod</strong></span> <span class='ocrx_word' id='word_1_470' title='bbox 429 3091 634 3136; x_wconf 78' lang='lat' dir='ltr'><strong>natura:</strong></span> <span class='ocrx_word' id='word_1_471' title='bbox 678 3082 797 3150; x_wconf 78' lang='lat' dir='ltr'><strong>ejus</strong></span> <span class='ocrx_word' id='word_1_472' title='bbox 844 3091 943 3145; x_wconf 87' lang='lat' dir='ltr'><strong>est,</strong></span> <span class='ocrx_word' id='word_1_473' title='bbox 981 3080 1314 3149; x_wconf 89' lang='lat' dir='ltr'><strong>incognitum</strong></span> <span class='ocrx_word' id='word_1_474' title='bbox 1349 3090 1455 3144; x_wconf 88' lang='lat' dir='ltr'><strong>est,</strong></span> <span class='ocrx_word' id='word_1_475' title='bbox 1504 3088 1557 3133; x_wconf 94' lang='lat' dir='ltr'><strong>et</strong></span> <span class='ocrx_word' id='word_1_476' title='bbox 1602 3094 1819 3132; x_wconf 68' lang='lat' dir='ltr'><strong>Ottitlt‘m</strong></span> <span class='ocrx_word' id='word_1_477' title='bbox 1851 3067 1891 3120; x_wconf 67' lang='grc' dir='ltr'><strong>(ἶ</strong></span> <span class='ocrx_word' id='word_1_478' title='bbox 1925 3081 2080 3134; x_wconf 89' lang='lat' dir='ltr'><strong>aliter</strong></span> <span class='ocrx_word' id='word_1_479' title='bbox 2116 3079 2376 3146; x_wconf 88' lang='lat' dir='ltr'><strong>indicare,</strong></span> <span class='ocrx_word' id='word_1_480' title='bbox 2410 3096 2574 3150; x_wconf 89' lang='lat' dir='ltr'><strong>quam</strong></span> <span class='ocrx_word' id='word_1_481' title='bbox 2609 3081 2653 3135; x_wconf 91' lang='lat' dir='ltr'><strong>si</strong></span> <span class='ocrx_word' id='word_1_482' title='bbox 2686 3095 2750 3135; x_wconf 88' lang='lat' dir='ltr'><strong>ex</strong></span> <span class='ocrx_word' id='word_1_483' title='bbox 2785 3080 2852 3133; x_wconf 91' lang='lat' dir='ltr'><strong>iis</strong></span> <span class='ocrx_word' id='word_1_484' title='bbox 2880 3095 2999 3146; x_wconf 69' lang='lat' dir='ltr'><strong>qua:</strong></span> <span class='ocrx_word' id='word_1_485' title='bbox 3043 3090 3169 3133; x_wconf 56' lang='lat' dir='ltr'><strong>sunt</strong></span> <span class='ocrx_word' id='word_1_486' title='bbox 3194 3121 3206 3139; x_wconf 84' lang='lat'><strong>,</strong></span> <span class='ocrx_word' id='word_1_487' title='bbox 3245 3082 3346 3135; x_wconf 82' lang='lat' dir='ltr'><strong>hoc</strong></span> <span class='ocrx_word' id='word_1_488' title='bbox 3373 3092 3497 3136; x_wconf 82' lang='lat' dir='ltr'><strong>tan-</strong></span> 
     </span>
    </p>
   </div>
   <div class='ocr_carea' id='block_1_61' title="bbox 253 3171 1819 3240">
    <p class='ocr_par' dir='ltr' id='par_1_61' title="bbox 253 3171 1819 3240">
     <span class='ocr_line' id='line_1_62' title="bbox 253 3171 1819 3240; baseline -0.002 -13"><span class='ocrx_word' id='word_1_489' title='bbox 253 3175 520 3227; x_wconf 87' lang='lat' dir='ltr'><strong>rationein</strong></span> <span class='ocrx_word' id='word_1_490' title='bbox 573 3186 637 3225; x_wconf 86' lang='lat' dir='ltr'><strong>ac</strong></span> <span class='ocrx_word' id='word_1_491' title='bbox 678 3181 912 3225; x_wconf 90' lang='lat' dir='ltr'><strong>mentem</strong></span> <span class='ocrx_word' id='word_1_492' title='bbox 950 3173 1216 3240; x_wconf 74' lang='lat' dir='ltr'><strong>superat),</strong></span> <span class='ocrx_word' id='word_1_493' title='bbox 1250 3171 1342 3225; x_wconf 83' lang='lat' dir='ltr'><strong>sed</strong></span> <span class='ocrx_word' id='word_1_494' title='bbox 1379 3186 1441 3224; x_wconf 86' lang='lat' dir='ltr'><strong>ex</strong></span> <span class='ocrx_word' id='word_1_495' title='bbox 1471 3171 1662 3225; x_wconf 89' lang='lat' dir='ltr'><strong>ordine</strong></span> <span class='ocrx_word' id='word_1_496' title='bbox 1699 3185 1819 3224; x_wconf 79' lang='lat' dir='ltr'><strong>om-</strong></span> 
     </span>
    </p>
   </div>
   <div class='ocr_carea' id='block_1_62' title="bbox 251 3248 1822 3332">
    <p class='ocr_par' dir='ltr' id='par_1_62' title="bbox 251 3248 1822 3332">
     <span class='ocr_line' id='line_1_63' title="bbox 251 3248 1822 3332; baseline -0.003 -13"><span class='ocrx_word' id='word_1_497' title='bbox 251 3265 406 3319; x_wconf 89' lang='lat' dir='ltr'><strong>nium</strong></span> <span class='ocrx_word' id='word_1_498' title='bbox 431 3279 610 3317; x_wconf 87' lang='lat' dir='ltr'><strong>rerum</strong></span> <span class='ocrx_word' id='word_1_499' title='bbox 641 3271 896 3331; x_wconf 88' lang='lat' dir='ltr'><strong>tauquam</strong></span> <span class='ocrx_word' id='word_1_500' title='bbox 918 3263 984 3316; x_wconf 88' lang='lat' dir='ltr'><strong>ab</strong></span> <span class='ocrx_word' id='word_1_501' title='bbox 1012 3248 1125 3331; x_wconf 68' lang='lat' dir='ltr'><strong>ipso</strong></span> <span class='ocrx_word' id='word_1_502' title='bbox 1149 3262 1452 3332; x_wconf 89' lang='lat' dir='ltr'><strong>proposito,</strong></span> <span class='ocrx_word' id='word_1_503' title='bbox 1475 3271 1526 3316; x_wconf 91' lang='lat' dir='ltr'><strong>et</strong></span> <span class='ocrx_word' id='word_1_504' title='bbox 1558 3261 1822 3332; x_wconf 82' lang='lat' dir='ltr'><strong>imagines</strong></span> 
     </span>
    </p>
   </div>
   <div class='ocr_carea' id='block_1_63' title="bbox 250 3351 1816 3426">
    <p class='ocr_par' dir='ltr' id='par_1_63' title="bbox 250 3351 1816 3426">
     <span class='ocr_line' id='line_1_64' title="bbox 250 3351 1816 3426; baseline -0.003 -17"><span class='ocrx_word' id='word_1_505' title='bbox 250 3356 518 3426; x_wconf 89' lang='lat' dir='ltr'><strong>quasdam</strong></span> <span class='ocrx_word' id='word_1_506' title='bbox 566 3369 632 3409; x_wconf 91' lang='lat' dir='ltr'><strong>ac</strong></span> <span class='ocrx_word' id='word_1_507' title='bbox 679 3354 1066 3410; x_wconf 83' lang='lat' dir='ltr'><strong>similitudines</strong></span> <span class='ocrx_word' id='word_1_508' title='bbox 1115 3353 1508 3422; x_wconf 85' lang='lat' dir='ltr'><strong>exemplarium</strong></span> <span class='ocrx_word' id='word_1_509' title='bbox 1561 3353 1679 3422; x_wconf 87' lang='lat' dir='ltr'><strong>ejus</strong></span> <span class='ocrx_word' id='word_1_510' title='bbox 1739 3351 1816 3422; x_wconf 90' lang='lat' dir='ltr'><strong>(l)</strong></span> 
     </span>
    </p>
   </div>
   <div class='ocr_carea' id='block_1_64' title="bbox 250 3442 1814 3513">
    <p class='ocr_par' dir='ltr' id='par_1_64' title="bbox 250 3442 1814 3513">
     <span class='ocr_line' id='line_1_65' title="bbox 250 3442 1814 3513; baseline -0.003 -12"><span class='ocrx_word' id='word_1_511' title='bbox 250 3447 559 3501; x_wconf 86' lang='lat' dir='ltr'><strong>divinorum</strong></span> <span class='ocrx_word' id='word_1_512' title='bbox 599 3446 652 3498; x_wconf 93' lang='lat' dir='ltr'><strong>in</strong></span> <span class='ocrx_word' id='word_1_513' title='bbox 705 3460 764 3498; x_wconf 88' lang='lat' dir='ltr'><strong>se</strong></span> <span class='ocrx_word' id='word_1_514' title='bbox 816 3446 1043 3498; x_wconf 89' lang='lat' dir='ltr'><strong>habente</strong></span> <span class='ocrx_word' id='word_1_515' title='bbox 1089 3443 1155 3496; x_wconf 89' lang='lat' dir='ltr'><strong>ad</strong></span> <span class='ocrx_word' id='word_1_516' title='bbox 1206 3444 1649 3513; x_wconf 83' lang='lat' dir='ltr'><strong>cognoscendum</strong></span> <span class='ocrx_word' id='word_1_517' title='bbox 1681 3442 1814 3496; x_wconf 91' lang='lat' dir='ltr'><strong>illud</strong></span> 
     </span>
    </p>
   </div>
   <div class='ocr_carea' id='block_1_65' title="bbox 253 3534 1827 3604">
    <p class='ocr_par' dir='ltr' id='par_1_65' title="bbox 253 3534 1827 3604">
     <span class='ocr_line' id='line_1_66' title="bbox 253 3534 1827 3604; baseline -0.003 -10"><span class='ocrx_word' id='word_1_518' title='bbox 253 3554 526 3594; x_wconf 85' lang='lat' dir='ltr'><strong>summum</strong></span> <span class='ocrx_word' id='word_1_519' title='bbox 565 3538 792 3604; x_wconf 83' lang='lat' dir='ltr'><strong>bonum,</strong></span> <span class='ocrx_word' id='word_1_520' title='bbox 821 3545 876 3591; x_wconf 90' lang='lat' dir='ltr'><strong>et</strong></span> <span class='ocrx_word' id='word_1_521' title='bbox 906 3537 1150 3590; x_wconf 91' lang='lat' dir='ltr'><strong>omnium</strong></span> <span class='ocrx_word' id='word_1_522' title='bbox 1177 3536 1438 3589; x_wconf 71' lang='lat' dir='ltr'><strong>bonorum</strong></span> <span class='ocrx_word' id='word_1_523' title='bbox 1467 3534 1626 3588; x_wconf 87' lang='lat' dir='ltr'><strong>linem</strong></span> <span class='ocrx_word' id='word_1_524' title='bbox 1661 3534 1742 3588; x_wconf 82' lang='lat' dir='ltr'><strong>via</strong></span> <span class='ocrx_word' id='word_1_525' title='bbox 1772 3543 1827 3589; x_wconf 88' lang='lat' dir='ltr'><strong>et</strong></span> 
     </span>
    </p>
   </div>
   <div class='ocr_carea' id='block_1_66' title="bbox 1929 3171 3497 3240">
    <p class='ocr_par' dir='ltr' id='par_1_66' title="bbox 1929 3171 3497 3240">
     <span class='ocr_line' id='line_1_67' title="bbox 1929 3171 3497 3240; baseline 0.002 -17"><span class='ocrx_word' id='word_1_526' title='bbox 1929 3181 2041 3223; x_wconf 88' lang='lat' dir='ltr'><strong>tum</strong></span> <span class='ocrx_word' id='word_1_527' title='bbox 2077 3171 2144 3225; x_wconf 91' lang='lat' dir='ltr'><strong>de</strong></span> <span class='ocrx_word' id='word_1_528' title='bbox 2181 3187 2248 3228; x_wconf 88' lang='lat' dir='ltr'><strong>eo</strong></span> <span class='ocrx_word' id='word_1_529' title='bbox 2291 3172 2485 3239; x_wconf 87' lang='lat' dir='ltr'><strong>exigue</strong></span> <span class='ocrx_word' id='word_1_530' title='bbox 2530 3171 2854 3233; x_wconf 88' lang='lat' dir='ltr'><strong>indicemus,</strong></span> <span class='ocrx_word' id='word_1_531' title='bbox 2896 3172 3146 3225; x_wconf 65' lang='lat' dir='ltr'><strong>videlicet</strong></span> <span class='ocrx_word' id='word_1_532' title='bbox 3195 3173 3337 3240; x_wconf 89' lang='lat' dir='ltr'><strong>quod</strong></span> <span class='ocrx_word' id='word_1_533' title='bbox 3391 3181 3497 3226; x_wconf 90' lang='lat' dir='ltr'><strong>est.</strong></span> 
     </span>
    </p>
   </div>
   <div class='ocr_carea' id='block_1_67' title="bbox 1929 3261 3498 3318">
    <p class='ocr_par' dir='ltr' id='par_1_67' title="bbox 1929 3261 3498 3318">
     <span class='ocr_line' id='line_1_68' title="bbox 1929 3261 3498 3318; baseline 0.001 -4"><span class='ocrx_word' id='word_1_534' title='bbox 1929 3261 1992 3314; x_wconf 88' lang='lat' dir='ltr'><strong>Et</strong></span> <span class='ocrx_word' id='word_1_535' title='bbox 2023 3263 2198 3316; x_wconf 88' lang='lat' dir='ltr'><strong>adhuc</strong></span> <span class='ocrx_word' id='word_1_536' title='bbox 2246 3263 2387 3316; x_wconf 89' lang='lat' dir='ltr'><strong>idem</strong></span> <span class='ocrx_word' id='word_1_537' title='bbox 2440 3263 2494 3316; x_wconf 90' lang='lat' dir='ltr'><strong>in</strong></span> <span class='ocrx_word' id='word_1_538' title='bbox 2543 3263 2785 3316; x_wconf 85' lang='lat' dir='ltr'><strong>secunda</strong></span> <span class='ocrx_word' id='word_1_539' title='bbox 2835 3264 3082 3316; x_wconf 88' lang='lat' dir='ltr'><strong>centuria</strong></span> <span class='ocrx_word' id='word_1_540' title='bbox 3120 3265 3184 3316; x_wconf 89' lang='lat' dir='ltr'><strong>de</strong></span> <span class='ocrx_word' id='word_1_541' title='bbox 3227 3264 3498 3318; x_wconf 74' lang='lat' dir='ltr'><strong>cliaritate</strong></span> 
     </span>
    </p>
   </div>
   <div class='ocr_carea' id='block_1_68' title="bbox 1925 3351 3502 3422">
    <p class='ocr_par' dir='ltr' id='par_1_68' title="bbox 1925 3351 3502 3422">
     <span class='ocr_line' id='line_1_69' title="bbox 1925 3351 3502 3422; baseline -0.004 -14"><span class='ocrx_word' id='word_1_542' title='bbox 1925 3355 2098 3422; x_wconf 53' lang='lat' dir='ltr'><strong>capite</strong></span> <span class='ocrx_word' id='word_1_543' title='bbox 2125 3354 2386 3407; x_wconf 86' lang='lat' dir='ltr'><strong>vicesimo</strong></span> <span class='ocrx_word' id='word_1_544' title='bbox 2418 3353 2676 3421; x_wconf 89' lang='lat' dir='ltr'><strong>septimo,</strong></span> <span class='ocrx_word' id='word_1_545' title='bbox 2713 3351 2837 3418; x_wconf 86' lang='lat' dir='ltr'><strong>Qui,</strong></span> <span class='ocrx_word' id='word_1_546' title='bbox 2871 3353 3061 3420; x_wconf 88' lang='lat' dir='ltr'><strong>inquit,</strong></span> <span class='ocrx_word' id='word_1_547' title='bbox 3096 3352 3161 3407; x_wconf 86' lang='lat' dir='ltr'><strong>de</strong></span> <span class='ocrx_word' id='word_1_548' title='bbox 3188 3351 3293 3406; x_wconf 91' lang='lat' dir='ltr'><strong>Deo</strong></span> <span class='ocrx_word' id='word_1_549' title='bbox 3324 3354 3502 3422; x_wconf 82' lang='lat' dir='ltr'><strong>philo-</strong></span> 
     </span>
    </p>
   </div>
   <div class='ocr_carea' id='block_1_69' title="bbox 1931 3441 3498 3513">
    <p class='ocr_par' dir='ltr' id='par_1_69' title="bbox 1931 3441 3498 3513">
     <span class='ocr_line' id='line_1_70' title="bbox 1931 3441 3498 3513; baseline -0.002 -13"><span class='ocrx_word' id='word_1_550' title='bbox 1931 3446 2263 3513; x_wconf 66' lang='lat' dir='ltr'><strong>soiihaturus</strong></span> <span class='ocrx_word' id='word_1_551' title='bbox 2312 3459 2392 3509; x_wconf 87' lang='lat' dir='ltr'><strong>es,</strong></span> <span class='ocrx_word' id='word_1_552' title='bbox 2429 3458 2494 3496; x_wconf 91' lang='lat' dir='ltr'><strong>ne</strong></span> <span class='ocrx_word' id='word_1_553' title='bbox 2541 3443 2780 3497; x_wconf 86' lang='lat' dir='ltr'><strong>rationes</strong></span> <span class='ocrx_word' id='word_1_554' title='bbox 2828 3441 2896 3496; x_wconf 89' lang='lat' dir='ltr'><strong>de</strong></span> <span class='ocrx_word' id='word_1_555' title='bbox 2933 3450 3126 3494; x_wconf 89' lang='lat' dir='ltr'><strong>natura</strong></span> <span class='ocrx_word' id='word_1_556' title='bbox 3155 3442 3274 3511; x_wconf 73' lang='lat' dir='ltr'><strong>ejus</strong></span> <span class='ocrx_word' id='word_1_557' title='bbox 3319 3443 3498 3497; x_wconf 79' lang='lat' dir='ltr'><strong>disse-</strong></span> 
     </span>
    </p>
   </div>
   <div class='ocr_carea' id='block_1_70' title="bbox 1937 3533 3504 3604">
    <p class='ocr_par' dir='ltr' id='par_1_70' title="bbox 1937 3533 3504 3604">
     <span class='ocr_line' id='line_1_71' title="bbox 1937 3533 3504 3604; baseline -0.001 -14"><span class='ocrx_word' id='word_1_558' title='bbox 1937 3534 2090 3590; x_wconf 88' lang='lat' dir='ltr'><strong>rendi</strong></span> <span class='ocrx_word' id='word_1_559' title='bbox 2123 3548 2366 3604; x_wconf 69' lang='lat' dir='ltr'><strong>quaeras;</strong></span> <span class='ocrx_word' id='word_1_560' title='bbox 2412 3549 2523 3590; x_wconf 88' lang='lat' dir='ltr'><strong>non</strong></span> <span class='ocrx_word' id='word_1_561' title='bbox 2570 3533 2714 3587; x_wconf 85' lang='lat' dir='ltr'><strong>enim</strong></span> <span class='ocrx_word' id='word_1_562' title='bbox 2769 3534 3007 3588; x_wconf 87' lang='lat' dir='ltr'><strong>humana</strong></span> <span class='ocrx_word' id='word_1_563' title='bbox 3057 3548 3210 3589; x_wconf 89' lang='lat' dir='ltr'><strong>mens</strong></span> <span class='ocrx_word' id='word_1_564' title='bbox 3258 3535 3504 3591; x_wconf 81' lang='lat' dir='ltr'><strong>invenire</strong></span> 
     </span>
    </p>
   </div>
   <div class='ocr_carea' id='block_1_71' title="bbox 1719 3674 1991 3742">
    <p class='ocr_par' dir='ltr' id='par_1_71' title="bbox 1719 3674 1991 3742">
     <span class='ocr_line' id='line_1_72' title="bbox 1719 3674 1991 3742; baseline 0.011 -3"><span class='ocrx_word' id='word_1_565' title='bbox 1719 3674 1991 3742; x_wconf 84' lang='lat' dir='ltr'><strong>Scholia.</strong></span> 
     </span>
    </p>
   </div>
   <div class='ocr_carea' id='block_1_72' title="bbox 257 3796 1821 3866">
    <p class='ocr_par' dir='ltr' id='par_1_72' title="bbox 257 3796 1821 3866">
     <span class='ocr_line' id='line_1_73' title="bbox 257 3796 1821 3866; baseline -0.003 -6"><span class='ocrx_word' id='word_1_566' title='bbox 257 3816 378 3866; x_wconf 78' lang='lat' dir='ltr'><strong>cap.</strong></span> <span class='ocrx_word' id='word_1_567' title='bbox 411 3801 466 3860; x_wconf 88' lang='lat'><strong>7,</strong></span> <span class='ocrx_word' id='word_1_568' title='bbox 502 3796 574 3851; x_wconf 86' lang='lat' dir='ltr'><strong>De</strong></span> <span class='ocrx_word' id='word_1_569' title='bbox 611 3799 800 3854; x_wconf 74' lang='lat' dir='ltr'><strong>divinis</strong></span> <span class='ocrx_word' id='word_1_570' title='bbox 846 3800 1098 3853; x_wconf 80' lang='lat' dir='ltr'><strong>nomini’b.</strong></span> <span class='ocrx_word' id='word_1_571' title='bbox 1148 3800 1378 3854; x_wconf 65' lang='lat' dir='ltr'><strong>Paulum</strong></span> <span class='ocrx_word' id='word_1_572' title='bbox 1416 3801 1688 3866; x_wconf 85' lang='lat' dir='ltr'><strong>imitatus,</strong></span> <span class='ocrx_word' id='word_1_573' title='bbox 1730 3818 1821 3859; x_wconf 82' lang='lat' dir='ltr'><strong>sa-</strong></span> 
     </span>
    </p>
   </div>
   <div class='ocr_carea' id='block_1_73' title="bbox 255 3868 1822 3945">
    <p class='ocr_par' dir='ltr' id='par_1_73' title="bbox 255 3868 1822 3945">
     <span class='ocr_line' id='line_1_74' title="bbox 255 3868 1822 3945; baseline -0.001 -19"><span class='ocrx_word' id='word_1_574' title='bbox 255 3869 517 3945; x_wconf 87' lang='lat' dir='ltr'><strong>pientiam</strong></span> <span class='ocrx_word' id='word_1_575' title='bbox 553 3869 642 3945; x_wconf 66' lang='lat' dir='ltr'><strong>Dei</strong></span> <span class='ocrx_word' id='word_1_576' title='bbox 670 3868 874 3923; x_wconf 90' lang='lat' dir='ltr'><strong>ratione</strong></span> <span class='ocrx_word' id='word_1_577' title='bbox 889 3879 1202 3945; x_wconf 52' lang='lat' dir='ltr'><strong>vacantem,</strong></span> <span class='ocrx_word' id='word_1_578' title='bbox 1228 3881 1282 3925; x_wconf 90' lang='lat' dir='ltr'><strong>et</strong></span> <span class='ocrx_word' id='word_1_579' title='bbox 1313 3878 1582 3945; x_wconf 74' lang='lat' dir='ltr'><strong>amentem</strong></span> <span class='ocrx_word' id='word_1_580' title='bbox 1617 3882 1664 3926; x_wconf 90' lang='lat' dir='ltr'><strong>et</strong></span> <span class='ocrx_word' id='word_1_581' title='bbox 1685 3874 1822 3945; x_wconf 49' lang='lat' dir='ltr'><strong>stulg</strong></span> 
     </span>
    </p>
   </div>
   <div class='ocr_carea' id='block_1_74' title="bbox 258 3937 1820 4012">
    <p class='ocr_par' dir='ltr' id='par_1_74' title="bbox 258 3937 1820 4012">
     <span class='ocr_line' id='line_1_75' title="bbox 258 3937 1820 4012; baseline -0.001 -14"><span class='ocrx_word' id='word_1_582' title='bbox 258 3937 370 3998; x_wconf 80' lang='lat' dir='ltr'><strong>iam</strong></span> <span class='ocrx_word' id='word_1_583' title='bbox 399 3937 632 4012; x_wconf 80' lang='lat' dir='ltr'><strong>vocavit,</strong></span> <span class='ocrx_word' id='word_1_584' title='bbox 665 3950 724 3994; x_wconf 91' lang='lat' dir='ltr'><strong>ut</strong></span> <span class='ocrx_word' id='word_1_585' title='bbox 753 3941 1126 4012; x_wconf 80' lang='lat' dir='ltr'><strong>excellentiam</strong></span> <span class='ocrx_word' id='word_1_586' title='bbox 1147 3940 1268 4008; x_wconf 88' lang='lat' dir='ltr'><strong>ejus</strong></span> <span class='ocrx_word' id='word_1_587' title='bbox 1291 3941 1641 4009; x_wconf 76' lang='lat' dir='ltr'><strong>signiﬁcaret,</strong></span> <span class='ocrx_word' id='word_1_588' title='bbox 1677 3944 1820 4012; x_wconf 87' lang='lat' dir='ltr'><strong>quod</strong></span> 
     </span>
    </p>
   </div>
   <div class='ocr_carea' id='block_1_75' title="bbox 258 4009 1819 4075">
    <p class='ocr_par' dir='ltr' id='par_1_75' title="bbox 258 4009 1819 4075">
     <span class='ocr_line' id='line_1_76' title="bbox 258 4009 1819 4075; baseline 0.006 -17"><span class='ocrx_word' id='word_1_589' title='bbox 258 4015 332 4068; x_wconf 73' lang='lat' dir='ltr'><strong>ita</strong></span> <span class='ocrx_word' id='word_1_590' title='bbox 396 4009 685 4064; x_wconf 84' lang='lat' dir='ltr'><strong>antecellat</strong></span> <span class='ocrx_word' id='word_1_591' title='bbox 758 4009 1025 4064; x_wconf 89' lang='lat' dir='ltr'><strong>rationem</strong></span> <span class='ocrx_word' id='word_1_592' title='bbox 1098 4021 1384 4075; x_wconf 88' lang='lat' dir='ltr'><strong>nostrain,</strong></span> <span class='ocrx_word' id='word_1_593' title='bbox 1423 4019 1484 4063; x_wconf 92' lang='lat' dir='ltr'><strong>ut</strong></span> <span class='ocrx_word' id='word_1_594' title='bbox 1536 4026 1566 4064; x_wconf 91' lang='lat' dir='ltr'><strong>a</strong></span> <span class='ocrx_word' id='word_1_595' title='bbox 1607 4009 1819 4068; x_wconf 86' lang='lat' dir='ltr'><strong>ratione</strong></span> 
     </span>
    </p>
   </div>
   <div class='ocr_carea' id='block_1_76' title="bbox 256 4078 1816 4143">
    <p class='ocr_par' dir='ltr' id='par_1_76' title="bbox 256 4078 1816 4143">
     <span class='ocr_line' id='line_1_77' title="bbox 256 4078 1816 4143; baseline 0 -6"><span class='ocrx_word' id='word_1_596' title='bbox 256 4081 431 4138; x_wconf 79' lang='lat' dir='ltr'><strong>aliena</strong></span> <span class='ocrx_word' id='word_1_597' title='bbox 459 4078 748 4143; x_wconf 84' lang='lat' dir='ltr'><strong>habeatur;</strong></span> <span class='ocrx_word' id='word_1_598' title='bbox 783 4081 854 4130; x_wconf 91' lang='lat' dir='ltr'><strong>ita</strong></span> <span class='ocrx_word' id='word_1_599' title='bbox 885 4088 1146 4142; x_wconf 90' lang='lat' dir='ltr'><strong>mentem,</strong></span> <span class='ocrx_word' id='word_1_600' title='bbox 1167 4089 1224 4131; x_wconf 93' lang='lat' dir='ltr'><strong>ut</strong></span> <span class='ocrx_word' id='word_1_601' title='bbox 1253 4081 1489 4133; x_wconf 70' lang='lat' dir='ltr'><strong>amentia</strong></span> <span class='ocrx_word' id='word_1_602' title='bbox 1520 4089 1573 4135; x_wconf 73' lang='lat' dir='ltr'><strong>et</strong></span> <span class='ocrx_word' id='word_1_603' title='bbox 1590 4084 1816 4137; x_wconf 82' lang='lat' dir='ltr'><strong>stultitia</strong></span> 
     </span>
    </p>
   </div>
   <div class='ocr_carea' id='block_1_77' title="bbox 254 4148 1818 4224">
    <p class='ocr_par' dir='ltr' id='par_1_77' title="bbox 254 4148 1818 4224">
     <span class='ocr_line' id='line_1_78' title="bbox 254 4148 1818 4224; baseline 0.004 -22"><span class='ocrx_word' id='word_1_604' title='bbox 254 4159 508 4224; x_wconf 86' lang='lat' dir='ltr'><strong>putetur__;</strong></span> <span class='ocrx_word' id='word_1_605' title='bbox 548 4148 629 4201; x_wconf 87' lang='lat' dir='ltr'><strong>sic</strong></span> <span class='ocrx_word' id='word_1_606' title='bbox 664 4149 766 4224; x_wconf 83' lang='lat' dir='ltr'><strong>hoc</strong></span> <span class='ocrx_word' id='word_1_607' title='bbox 815 4148 957 4211; x_wconf 91' lang='lat' dir='ltr'><strong>loco,</strong></span> <span class='ocrx_word' id='word_1_608' title='bbox 1013 4150 1139 4217; x_wconf 88' lang='lat' dir='ltr'><strong>quia</strong></span> <span class='ocrx_word' id='word_1_609' title='bbox 1183 4148 1422 4224; x_wconf 84' lang='lat' dir='ltr'><strong>cognitio</strong></span> <span class='ocrx_word' id='word_1_610' title='bbox 1451 4149 1556 4224; x_wconf 68' lang='lat' dir='ltr'><strong>pel</strong></span> <span class='ocrx_word' id='word_1_611' title='bbox 1603 4151 1818 4208; x_wconf 86' lang='lat' dir='ltr'><strong>intlniio</strong></span> 
     </span>
    </p>
   </div>
   <div class='ocr_carea' id='block_1_78' title="bbox 257 4218 1818 4282">
    <p class='ocr_par' dir='ltr' id='par_1_78' title="bbox 257 4218 1818 4282">
     <span class='ocr_line' id='line_1_79' title="bbox 257 4218 1818 4282; baseline -0.001 -7"><span class='ocrx_word' id='word_1_612' title='bbox 257 4218 542 4276; x_wconf 65' lang='lat' dir='ltr'><strong>interi-allo</strong></span> <span class='ocrx_word' id='word_1_613' title='bbox 591 4218 856 4272; x_wconf 86' lang='lat' dir='ltr'><strong>rationem</strong></span> <span class='ocrx_word' id='word_1_614' title='bbox 892 4228 1191 4282; x_wconf 57' lang='lat' dir='ltr'><strong>creatura,</strong></span> <span class='ocrx_word' id='word_1_615' title='bbox 1227 4230 1282 4271; x_wconf 90' lang='lat' dir='ltr'><strong>et</strong></span> <span class='ocrx_word' id='word_1_616' title='bbox 1331 4219 1668 4276; x_wconf 86' lang='lat' dir='ltr'><strong>intellectum</strong></span> <span class='ocrx_word' id='word_1_617' title='bbox 1696 4259 1712 4280; x_wconf 86' lang='lat'><strong>.</strong></span> <span class='ocrx_word' id='word_1_618' title='bbox 1764 4233 1818 4274; x_wconf 82' lang='lat' dir='ltr'><strong>ct</strong></span> 
     </span>
    </p>
   </div>
   <div class='ocr_carea' id='block_1_79' title="bbox 258 4286 1813 4361">
    <p class='ocr_par' dir='ltr' id='par_1_79' title="bbox 258 4286 1813 4361">
     <span class='ocr_line' id='line_1_80' title="bbox 258 4286 1813 4361; baseline 0 -17"><span class='ocrx_word' id='word_1_619' title='bbox 258 4291 474 4361; x_wconf 75' lang='lat' dir='ltr'><strong>nomina</strong></span> <span class='ocrx_word' id='word_1_620' title='bbox 507 4303 626 4356; x_wconf 72' lang='lat' dir='ltr'><strong>qua:</strong></span> <span class='ocrx_word' id='word_1_621' title='bbox 658 4290 726 4361; x_wconf 80' lang='lat' dir='ltr'><strong>de</strong></span> <span class='ocrx_word' id='word_1_622' title='bbox 764 4286 871 4340; x_wconf 91' lang='lat' dir='ltr'><strong>Deo</strong></span> <span class='ocrx_word' id='word_1_623' title='bbox 893 4288 1172 4348; x_wconf 83' lang='lat' dir='ltr'><strong>dicuntur,</strong></span> <span class='ocrx_word' id='word_1_624' title='bbox 1191 4299 1436 4361; x_wconf 66' lang='lat' dir='ltr'><strong>superat,</strong></span> <span class='ocrx_word' id='word_1_625' title='bbox 1461 4305 1586 4344; x_wconf 90' lang='lat' dir='ltr'><strong>cum</strong></span> <span class='ocrx_word' id='word_1_626' title='bbox 1611 4293 1813 4361; x_wconf 83' lang='lat' dir='ltr'><strong>alioqui</strong></span> 
     </span>
    </p>
   </div>
   <div class='ocr_carea' id='block_1_80' title="bbox 257 4356 1812 4430">
    <p class='ocr_par' dir='ltr' id='par_1_80' title="bbox 257 4356 1812 4430">
     <span class='ocr_line' id='line_1_81' title="bbox 257 4356 1812 4430; baseline 0.001 -17"><span class='ocrx_word' id='word_1_627' title='bbox 257 4356 400 4414; x_wconf 85' lang='lat' dir='ltr'><strong>Deus</strong></span> <span class='ocrx_word' id='word_1_628' title='bbox 429 4374 493 4411; x_wconf 91' lang='lat' dir='ltr'><strong>ex</strong></span> <span class='ocrx_word' id='word_1_629' title='bbox 531 4357 797 4430; x_wconf 76' lang='lat' dir='ltr'><strong>omnibus</strong></span> <span class='ocrx_word' id='word_1_630' title='bbox 818 4361 1088 4411; x_wconf 84' lang='lat' dir='ltr'><strong>creaturis</strong></span> <span class='ocrx_word' id='word_1_631' title='bbox 1118 4373 1212 4430; x_wconf 81' lang='lat' dir='ltr'><strong>per</strong></span> <span class='ocrx_word' id='word_1_632' title='bbox 1245 4356 1510 4430; x_wconf 84' lang='lat' dir='ltr'><strong>rationem</strong></span> <span class='ocrx_word' id='word_1_633' title='bbox 1559 4356 1812 4430; x_wconf 77' lang='lat' dir='ltr'><strong>vestigari</strong></span> 
     </span>
    </p>
   </div>
   <div class='ocr_carea' id='block_1_81' title="bbox 253 4426 1861 4498">
    <p class='ocr_par' dir='ltr' id='par_1_81' title="bbox 253 4426 1861 4498">
     <span class='ocr_line' id='line_1_82' title="bbox 253 4426 1861 4498; baseline 0 -15"><span class='ocrx_word' id='word_1_634' title='bbox 253 4432 446 4498; x_wconf 90' lang='lat' dir='ltr'><strong>possit,</strong></span> <span class='ocrx_word' id='word_1_635' title='bbox 482 4436 537 4481; x_wconf 91' lang='lat' dir='ltr'><strong>et</strong></span> <span class='ocrx_word' id='word_1_636' title='bbox 573 4426 800 4494; x_wconf 73' lang='lat' dir='ltr'><strong>intelligi</strong></span> <span class='ocrx_word' id='word_1_637' title='bbox 838 4441 900 4481; x_wconf 91' lang='lat' dir='ltr'><strong>ac</strong></span> <span class='ocrx_word' id='word_1_638' title='bbox 933 4428 1238 4498; x_wconf 84' lang='lat' dir='ltr'><strong>nominari;</strong></span> <span class='ocrx_word' id='word_1_639' title='bbox 1284 4429 1416 4482; x_wconf 82' lang='lat' dir='ltr'><strong>uicit</strong></span> <span class='ocrx_word' id='word_1_640' title='bbox 1464 4438 1643 4484; x_wconf 84' lang='lat' dir='ltr'><strong>tamen</strong></span> <span class='ocrx_word' id='word_1_641' title='bbox 1697 4426 1818 4485; x_wconf 68' lang='lat' dir='ltr'><strong>esse</strong></span> <span class='ocrx_word' id='word_1_642' title='bbox 1857 4487 1861 4490; x_wconf 61' lang='grc'><em>,</em></span> 
     </span>
    </p>
   </div>
   <div class='ocr_carea' id='block_1_82' title="bbox 253 4497 1821 4567">
    <p class='ocr_par' dir='ltr' id='par_1_82' title="bbox 253 4497 1821 4567">
     <span class='ocr_line' id='line_1_83' title="bbox 253 4497 1821 4567; baseline -0.001 -13"><span class='ocrx_word' id='word_1_643' title='bbox 253 4497 380 4554; x_wconf 82' lang='lat' dir='ltr'><strong>eum</strong></span> <span class='ocrx_word' id='word_1_644' title='bbox 410 4498 653 4563; x_wconf 75' lang='grc' dir='ltr'><strong>ἀλογίαν»,</strong></span> <span class='ocrx_word' id='word_1_645' title='bbox 674 4505 728 4549; x_wconf 89' lang='lat' dir='ltr'><strong>et</strong></span> <span class='ocrx_word' id='word_1_646' title='bbox 757 4497 1016 4566; x_wconf 78' lang='grc' dir='ltr'><strong>ἁνοησίαν</strong></span> <span class='ocrx_word' id='word_1_647' title='bbox 1047 4509 1100 4550; x_wconf 90' lang='lat' dir='ltr'><strong>et</strong></span> <span class='ocrx_word' id='word_1_648' title='bbox 1119 4499 1450 4567; x_wconf 79' lang='grc' dir='ltr'><strong>ἀνωνυμιαν,</strong></span> <span class='ocrx_word' id='word_1_649' title='bbox 1485 4498 1534 4552; x_wconf 91' lang='lat' dir='ltr'><strong>id</strong></span> <span class='ocrx_word' id='word_1_650' title='bbox 1567 4511 1670 4564; x_wconf 85' lang='lat' dir='ltr'><strong>est,</strong></span> <span class='ocrx_word' id='word_1_651' title='bbox 1700 4501 1821 4554; x_wconf 72' lang='grc' dir='ltr'><strong>ἄλοο</strong></span> 
     </span>
    </p>
   </div>
   <div class='ocr_carea' id='block_1_83' title="bbox 257 4567 1822 4638">
    <p class='ocr_par' dir='ltr' id='par_1_83' title="bbox 257 4567 1822 4638">
     <span class='ocr_line' id='line_1_84' title="bbox 257 4567 1822 4638; baseline 0.004 -21"><span class='ocrx_word' id='word_1_652' title='bbox 257 4587 377 4638; x_wconf 85' lang='grc' dir='ltr'><strong>γον,</strong></span> <span class='ocrx_word' id='word_1_653' title='bbox 417 4567 579 4624; x_wconf 76' lang='grc' dir='ltr'><strong>ἄνουν</strong></span> <span class='ocrx_word' id='word_1_654' title='bbox 605 4574 659 4620; x_wconf 84' lang='lat' dir='ltr'><strong>et</strong></span> <span class='ocrx_word' id='word_1_655' title='bbox 687 4567 990 4634; x_wconf 65' lang='grc' dir='ltr'><strong>ἀνώνυμον,</strong></span> <span class='ocrx_word' id='word_1_656' title='bbox 1024 4569 1124 4620; x_wconf 86' lang='lat' dir='ltr'><strong>hoc</strong></span> <span class='ocrx_word' id='word_1_657' title='bbox 1145 4577 1247 4632; x_wconf 89' lang='lat' dir='ltr'><strong>est,</strong></span> <span class='ocrx_word' id='word_1_658' title='bbox 1274 4570 1507 4631; x_wconf 85' lang='lat' dir='ltr'><strong>ratione,</strong></span> <span class='ocrx_word' id='word_1_659' title='bbox 1538 4581 1735 4637; x_wconf 89' lang='lat' dir='ltr'><strong>mente,</strong></span> <span class='ocrx_word' id='word_1_660' title='bbox 1766 4579 1822 4624; x_wconf 83' lang='lat' dir='ltr'><strong>et</strong></span> 
     </span>
    </p>
   </div>
   <div class='ocr_carea' id='block_1_84' title="bbox 255 4644 808 4694">
    <p class='ocr_par' dir='ltr' id='par_1_84' title="bbox 255 4644 808 4694">
     <span class='ocr_line' id='line_1_85' title="bbox 255 4644 808 4694; baseline -0.011 0"><span class='ocrx_word' id='word_1_661' title='bbox 255 4645 476 4694; x_wconf 82' lang='lat' dir='ltr'><strong>nomine</strong></span> <span class='ocrx_word' id='word_1_662' title='bbox 501 4644 808 4690; x_wconf 81' lang='lat' dir='ltr'><strong>Vacantem.</strong></span> 
     </span>
    </p>
   </div>
   <div class='ocr_carea' id='block_1_85' title="bbox 331 4767 1827 4841">
    <p class='ocr_par' dir='ltr' id='par_1_85' title="bbox 331 4767 1827 4841">
     <span class='ocr_line' id='line_1_86' title="bbox 331 4767 1827 4841; baseline 0.001 -17"><span class='ocrx_word' id='word_1_663' title='bbox 331 4772 409 4841; x_wconf 85' lang='lat' dir='ltr'><strong>(l)</strong></span> <span class='ocrx_word' id='word_1_664' title='bbox 446 4767 996 4841; x_wconf 70' lang='lat' dir='ltr'><strong>Imaginesquasdnm</strong></span> <span class='ocrx_word' id='word_1_665' title='bbox 1040 4777 1087 4821; x_wconf 82' lang='lat' dir='ltr'><strong>et</strong></span> <span class='ocrx_word' id='word_1_666' title='bbox 1139 4769 1514 4824; x_wconf 73' lang='lat' dir='ltr'><strong>similitudines</strong></span> <span class='ocrx_word' id='word_1_667' title='bbox 1560 4774 1827 4840; x_wconf 73' lang='lat' dir='ltr'><strong>exempla-</strong></span> 
     </span>
    </p>
   </div>
   <div class='ocr_carea' id='block_1_86' title="bbox 256 4839 1827 4911">
    <p class='ocr_par' dir='ltr' id='par_1_86' title="bbox 256 4839 1827 4911">
     <span class='ocr_line' id='line_1_87' title="bbox 256 4839 1827 4911; baseline -0.004 -13"><span class='ocrx_word' id='word_1_668' title='bbox 256 4839 396 4898; x_wconf 77' lang='lat' dir='ltr'><strong>rium</strong></span> <span class='ocrx_word' id='word_1_669' title='bbox 441 4844 497 4894; x_wconf 84' lang='lat' dir='ltr'><strong>in</strong></span> <span class='ocrx_word' id='word_1_670' title='bbox 546 4839 598 4893; x_wconf 74' lang='lat' dir='ltr'><strong>se</strong></span> <span class='ocrx_word' id='word_1_671' title='bbox 631 4839 869 4891; x_wconf 79' lang='lat' dir='ltr'><strong>habente.</strong></span> <span class='ocrx_word' id='word_1_672' title='bbox 906 4839 1256 4911; x_wconf 65' lang='lat' dir='ltr'><strong>Quaecunque</strong></span> <span class='ocrx_word' id='word_1_673' title='bbox 1294 4852 1438 4905; x_wconf 84' lang='lat' dir='ltr'><strong>sunt,</strong></span> <span class='ocrx_word' id='word_1_674' title='bbox 1479 4843 1528 4893; x_wconf 88' lang='lat' dir='ltr'><strong>id</strong></span> <span class='ocrx_word' id='word_1_675' title='bbox 1561 4853 1665 4907; x_wconf 87' lang='lat' dir='ltr'><strong>est,</strong></span> <span class='ocrx_word' id='word_1_676' title='bbox 1699 4839 1827 4911; x_wconf 83' lang='lat' dir='ltr'><strong>spe-</strong></span> 
     </span>
    </p>
   </div>
   <div class='ocr_carea' id='block_1_87' title="bbox 255 4909 1826 4979">
    <p class='ocr_par' dir='ltr' id='par_1_87' title="bbox 255 4909 1826 4979">
     <span class='ocr_line' id='line_1_88' title="bbox 255 4909 1826 4979; baseline -0.001 -11"><span class='ocrx_word' id='word_1_677' title='bbox 255 4917 367 4968; x_wconf 86' lang='lat' dir='ltr'><strong>cies</strong></span> <span class='ocrx_word' id='word_1_678' title='bbox 387 4920 439 4964; x_wconf 86' lang='lat' dir='ltr'><strong>et</strong></span> <span class='ocrx_word' id='word_1_679' title='bbox 459 4913 682 4979; x_wconf 63' lang='lat' dir='ltr'><strong>singulae</strong></span> <span class='ocrx_word' id='word_1_680' title='bbox 711 4923 996 4970; x_wconf 67' lang='lat' dir='ltr'><strong>creaturae,</strong></span> <span class='ocrx_word' id='word_1_681' title='bbox 1033 4917 1090 4960; x_wconf 91' lang='lat' dir='ltr'><strong>ut</strong></span> <span class='ocrx_word' id='word_1_682' title='bbox 1123 4909 1342 4964; x_wconf 86' lang='lat' dir='ltr'><strong>ordines</strong></span> <span class='ocrx_word' id='word_1_683' title='bbox 1378 4913 1694 4978; x_wconf 86' lang='lat' dir='ltr'><strong>angelorum</strong></span> <span class='ocrx_word' id='word_1_684' title='bbox 1720 4909 1741 4975; x_wconf 21' lang='lat' dir='ltr'><strong>,V</strong></span> <span class='ocrx_word' id='word_1_685' title='bbox 1771 4923 1826 4966; x_wconf 89' lang='lat' dir='ltr'><strong>et</strong></span> 
     </span>
    </p>
   </div>
   <div class='ocr_carea' id='block_1_88' title="bbox 256 4980 1828 5046">
    <p class='ocr_par' dir='ltr' id='par_1_88' title="bbox 256 4980 1828 5046">
     <span class='ocr_line' id='line_1_89' title="bbox 256 4980 1828 5046; baseline -0.001 -10"><span class='ocrx_word' id='word_1_686' title='bbox 256 4982 440 5038; x_wconf 86' lang='lat' dir='ltr'><strong>omnia</strong></span> <span class='ocrx_word' id='word_1_687' title='bbox 491 4981 710 5033; x_wconf 84' lang='lat' dir='ltr'><strong>sensilia</strong></span> <span class='ocrx_word' id='word_1_688' title='bbox 733 5018 747 5042; x_wconf 88' lang='lat'><strong>,</strong></span> <span class='ocrx_word' id='word_1_689' title='bbox 780 4980 1046 5046; x_wconf 71' lang='lat' dir='ltr'><strong>imagines</strong></span> <span class='ocrx_word' id='word_1_690' title='bbox 1077 4988 1203 5032; x_wconf 83' lang='lat' dir='ltr'><strong>sunt</strong></span> <span class='ocrx_word' id='word_1_691' title='bbox 1237 4989 1290 5031; x_wconf 88' lang='lat' dir='ltr'><strong>et</strong></span> <span class='ocrx_word' id='word_1_692' title='bbox 1325 4980 1828 5035; x_wconf 72' lang='lat' dir='ltr'><strong>sinitlttudinesiti-</strong></span> 
     </span>
    </p>
   </div>
   <div class='ocr_carea' id='block_1_89' title="bbox 255 5049 1820 5118">
    <p class='ocr_par' dir='ltr' id='par_1_89' title="bbox 255 5049 1820 5118">
     <span class='ocr_line' id='line_1_90' title="bbox 255 5049 1820 5118; baseline -0.001 -13"><span class='ocrx_word' id='word_1_693' title='bbox 255 5055 506 5106; x_wconf 83' lang='lat' dir='ltr'><strong>vittarum</strong></span> <span class='ocrx_word' id='word_1_694' title='bbox 537 5053 798 5113; x_wconf 86' lang='lat' dir='ltr'><strong>idearum,</strong></span> <span class='ocrx_word' id='word_1_695' title='bbox 829 5051 880 5101; x_wconf 87' lang='lat' dir='ltr'><strong>id</strong></span> <span class='ocrx_word' id='word_1_696' title='bbox 907 5057 1012 5108; x_wconf 83' lang='lat' dir='ltr'><strong>est,</strong></span> <span class='ocrx_word' id='word_1_697' title='bbox 1041 5049 1429 5116; x_wconf 84' lang='lat' dir='ltr'><strong>exemplarium</strong></span> <span class='ocrx_word' id='word_1_698' title='bbox 1454 5066 1578 5118; x_wconf 80' lang='lat' dir='ltr'><strong>quae</strong></span> <span class='ocrx_word' id='word_1_699' title='bbox 1609 5062 1736 5104; x_wconf 89' lang='lat' dir='ltr'><strong>sunt</strong></span> <span class='ocrx_word' id='word_1_700' title='bbox 1769 5055 1820 5104; x_wconf 91' lang='lat' dir='ltr'><strong>iti</strong></span> 
     </span>
    </p>
   </div>
   <div class='ocr_carea' id='block_1_90' title="bbox 255 5118 1822 5189">
    <p class='ocr_par' dir='ltr' id='par_1_90' title="bbox 255 5118 1822 5189">
     <span class='ocr_line' id='line_1_91' title="bbox 255 5118 1822 5189; baseline -0.001 -15"><span class='ocrx_word' id='word_1_701' title='bbox 255 5123 393 5184; x_wconf 84' lang='lat' dir='ltr'><strong>Deo,</strong></span> <span class='ocrx_word' id='word_1_702' title='bbox 425 5137 545 5189; x_wconf 78' lang='lat' dir='ltr'><strong>qua.</strong></span> <span class='ocrx_word' id='word_1_703' title='bbox 576 5124 795 5184; x_wconf 87' lang='lat' dir='ltr'><strong>quidem</strong></span> <span class='ocrx_word' id='word_1_704' title='bbox 835 5118 1165 5185; x_wconf 84' lang='lat' dir='ltr'><strong>exemplaria</strong></span> <span class='ocrx_word' id='word_1_705' title='bbox 1216 5129 1430 5171; x_wconf 67' lang='lat' dir='ltr'><strong>acterna:</strong></span> <span class='ocrx_word' id='word_1_706' title='bbox 1476 5119 1566 5172; x_wconf 79' lang='lat' dir='ltr'><strong>Dei</strong></span> <span class='ocrx_word' id='word_1_707' title='bbox 1622 5123 1822 5173; x_wconf 85' lang='lat' dir='ltr'><strong>intelli-</strong></span> 
     </span>
    </p>
   </div>
   <div class='ocr_carea' id='block_1_91' title="bbox 257 5191 1819 5261">
    <p class='ocr_par' dir='ltr' id='par_1_91' title="bbox 257 5191 1819 5261">
     <span class='ocr_line' id='line_1_92' title="bbox 257 5191 1819 5261; baseline -0.001 -17"><span class='ocrx_word' id='word_1_708' title='bbox 257 5203 452 5261; x_wconf 75' lang='lat' dir='ltr'><strong>gentia:</strong></span> <span class='ocrx_word' id='word_1_709' title='bbox 498 5201 657 5254; x_wconf 85' lang='lat' dir='ltr'><strong>stitit,</strong></span> <span class='ocrx_word' id='word_1_710' title='bbox 704 5203 798 5256; x_wconf 86' lang='lat' dir='ltr'><strong>per</strong></span> <span class='ocrx_word' id='word_1_711' title='bbox 828 5203 989 5256; x_wconf 87' lang='lat' dir='ltr'><strong>quas,</strong></span> <span class='ocrx_word' id='word_1_712' title='bbox 1038 5199 1092 5240; x_wconf 90' lang='lat' dir='ltr'><strong>et</strong></span> <span class='ocrx_word' id='word_1_713' title='bbox 1133 5191 1432 5261; x_wconf 85' lang='lat' dir='ltr'><strong>secundum</strong></span> <span class='ocrx_word' id='word_1_714' title='bbox 1451 5205 1600 5261; x_wconf 82' lang='lat' dir='ltr'><strong>quas</strong></span> <span class='ocrx_word' id='word_1_715' title='bbox 1637 5196 1819 5243; x_wconf 84' lang='lat' dir='ltr'><strong>omnia</strong></span> 
     </span>
    </p>
   </div>
   <div class='ocr_carea' id='block_1_92' title="bbox 258 5257 1811 5328">
    <p class='ocr_par' dir='ltr' id='par_1_92' title="bbox 258 5257 1811 5328">
     <span class='ocr_line' id='line_1_93' title="bbox 258 5257 1811 5328; baseline -0.001 -14"><span class='ocrx_word' id='word_1_716' title='bbox 258 5257 312 5314; x_wconf 71' lang='lat' dir='ltr'><strong>in</strong></span> <span class='ocrx_word' id='word_1_717' title='bbox 349 5276 463 5328; x_wconf 88' lang='lat' dir='ltr'><strong>ipso</strong></span> <span class='ocrx_word' id='word_1_718' title='bbox 495 5271 684 5321; x_wconf 88' lang='lat' dir='ltr'><strong>erant,</strong></span> <span class='ocrx_word' id='word_1_719' title='bbox 716 5274 837 5326; x_wconf 74' lang='lat' dir='ltr'><strong>qua:</strong></span> <span class='ocrx_word' id='word_1_720' title='bbox 868 5273 974 5310; x_wconf 93' lang='lat' dir='ltr'><strong>non</strong></span> <span class='ocrx_word' id='word_1_721' title='bbox 1022 5271 1180 5310; x_wconf 85' lang='lat' dir='ltr'><strong>erant</strong></span> <span class='ocrx_word' id='word_1_722' title='bbox 1209 5257 1314 5310; x_wconf 88' lang='lat' dir='ltr'><strong>alia</strong></span> <span class='ocrx_word' id='word_1_723' title='bbox 1351 5261 1416 5310; x_wconf 89' lang='lat' dir='ltr'><strong>ab</strong></span> <span class='ocrx_word' id='word_1_724' title='bbox 1447 5259 1605 5327; x_wconf 72' lang='lat' dir='ltr'><strong>ipso;</strong></span> <span class='ocrx_word' id='word_1_725' title='bbox 1639 5270 1691 5312; x_wconf 86' lang='lat' dir='ltr'><strong>et</strong></span> <span class='ocrx_word' id='word_1_726' title='bbox 1726 5277 1811 5327; x_wconf 88' lang='lat' dir='ltr'><strong>pet</strong></span> 
     </span>
    </p>
   </div>
   <div class='ocr_carea' id='block_1_93' title="bbox 253 5329 1817 5396">
    <p class='ocr_par' dir='ltr' id='par_1_93' title="bbox 253 5329 1817 5396">
     <span class='ocr_line' id='line_1_94' title="bbox 253 5329 1817 5396; baseline -0.001 -12"><span class='ocrx_word' id='word_1_727' title='bbox 253 5347 372 5394; x_wconf 81' lang='lat' dir='ltr'><strong>eas,</strong></span> <span class='ocrx_word' id='word_1_728' title='bbox 413 5341 467 5384; x_wconf 81' lang='lat' dir='ltr'><strong>ct</strong></span> <span class='ocrx_word' id='word_1_729' title='bbox 517 5332 817 5383; x_wconf 86' lang='lat' dir='ltr'><strong>secundum</strong></span> <span class='ocrx_word' id='word_1_730' title='bbox 853 5341 946 5379; x_wconf 85' lang='lat' dir='ltr'><strong>eas</strong></span> <span class='ocrx_word' id='word_1_731' title='bbox 991 5329 1176 5380; x_wconf 86' lang='lat' dir='ltr'><strong>omnia</strong></span> <span class='ocrx_word' id='word_1_732' title='bbox 1209 5343 1325 5396; x_wconf 68' lang='lat' dir='ltr'><strong>qua:</strong></span> <span class='ocrx_word' id='word_1_733' title='bbox 1364 5331 1640 5396; x_wconf 87' lang='lat' dir='ltr'><strong>produxit,</strong></span> <span class='ocrx_word' id='word_1_734' title='bbox 1674 5331 1817 5383; x_wconf 85' lang='lat' dir='ltr'><strong>laeta</strong></span> 
     </span>
    </p>
   </div>
   <div class='ocr_carea' id='block_1_94' title="bbox 255 5396 1815 5466">
    <p class='ocr_par' dir='ltr' id='par_1_94' title="bbox 255 5396 1815 5466">
     <span class='ocr_line' id='line_1_95' title="bbox 255 5396 1815 5466; baseline -0.006 -12"><span class='ocrx_word' id='word_1_735' title='bbox 255 5415 406 5463; x_wconf 83' lang='lat' dir='ltr'><strong>sunt,</strong></span> <span class='ocrx_word' id='word_1_736' title='bbox 438 5405 578 5454; x_wconf 87' lang='lat' dir='ltr'><strong>sicut</strong></span> <span class='ocrx_word' id='word_1_737' title='bbox 609 5403 799 5451; x_wconf 81' lang='lat' dir='ltr'><strong>beatus</strong></span> <span class='ocrx_word' id='word_1_738' title='bbox 827 5396 1064 5450; x_wconf 83' lang='lat' dir='ltr'><strong>Joannes</strong></span> <span class='ocrx_word' id='word_1_739' title='bbox 1098 5400 1150 5449; x_wconf 90' lang='lat' dir='ltr'><strong>in</strong></span> <span class='ocrx_word' id='word_1_740' title='bbox 1188 5400 1550 5466; x_wconf 75' lang='lat' dir='ltr'><strong>Apocalypsi,</strong></span> <span class='ocrx_word' id='word_1_741' title='bbox 1583 5415 1705 5466; x_wconf 88' lang='lat' dir='ltr'><strong>cap.</strong></span> <span class='ocrx_word' id='word_1_742' title='bbox 1745 5415 1815 5462; x_wconf 72' lang='grc' dir='ltr'><strong>ιν,</strong></span> 
     </span>
    </p>
   </div>
   <div class='ocr_carea' id='block_1_95' title="bbox 253 5469 1818 5535">
    <p class='ocr_par' dir='ltr' id='par_1_95' title="bbox 253 5469 1818 5535">
     <span class='ocr_line' id='line_1_96' title="bbox 253 5469 1818 5535; baseline -0.001 -11"><span class='ocrx_word' id='word_1_743' title='bbox 253 5475 332 5524; x_wconf 88' lang='lat' dir='ltr'><strong>ait</strong></span> <span class='ocrx_word' id='word_1_744' title='bbox 361 5473 563 5524; x_wconf 79' lang='lat' dir='ltr'><strong>dixisse</strong></span> <span class='ocrx_word' id='word_1_745' title='bbox 593 5470 713 5522; x_wconf 85' lang='lat' dir='ltr'><strong>illos</strong></span> <span class='ocrx_word' id='word_1_746' title='bbox 739 5469 927 5535; x_wconf 64' lang='lat' dir='ltr'><strong>Viginti</strong></span> <span class='ocrx_word' id='word_1_747' title='bbox 959 5477 1190 5534; x_wconf 87' lang='lat' dir='ltr'><strong>quatuor</strong></span> <span class='ocrx_word' id='word_1_748' title='bbox 1220 5469 1466 5520; x_wconf 84' lang='lat' dir='ltr'><strong>seniores</strong></span> <span class='ocrx_word' id='word_1_749' title='bbox 1499 5483 1514 5520; x_wconf 90' lang='lat'><strong>:</strong></span> <span class='ocrx_word' id='word_1_750' title='bbox 1545 5471 1738 5521; x_wconf 86' lang='lat' dir='ltr'><strong>Umnia</strong></span> <span class='ocrx_word' id='word_1_751' title='bbox 1767 5474 1818 5522; x_wconf 91' lang='lat' dir='ltr'><strong>in</strong></span> 
     </span>
    </p>
   </div>
   <div class='ocr_carea' id='block_1_96' title="bbox 254 5536 1815 5612">
    <p class='ocr_par' dir='ltr' id='par_1_96' title="bbox 254 5536 1815 5612">
     <span class='ocr_line' id='line_1_97' title="bbox 254 5536 1815 5612; baseline -0.003 -16"><span class='ocrx_word' id='word_1_752' title='bbox 254 5545 376 5612; x_wconf 82' lang='lat' dir='ltr'><strong>ipso</strong></span> <span class='ocrx_word' id='word_1_753' title='bbox 397 5549 572 5604; x_wconf 84' lang='lat' dir='ltr'><strong>erant,</strong></span> <span class='ocrx_word' id='word_1_754' title='bbox 603 5550 656 5592; x_wconf 91' lang='lat' dir='ltr'><strong>et</strong></span> <span class='ocrx_word' id='word_1_755' title='bbox 679 5545 860 5591; x_wconf 81' lang='lat' dir='ltr'><strong>creata</strong></span> <span class='ocrx_word' id='word_1_756' title='bbox 885 5549 1030 5590; x_wconf 86' lang='lat' dir='ltr'><strong>sunt.</strong></span> <span class='ocrx_word' id='word_1_757' title='bbox 1063 5540 1134 5590; x_wconf 85' lang='lat' dir='ltr'><strong>De</strong></span> <span class='ocrx_word' id='word_1_758' title='bbox 1161 5536 1296 5591; x_wconf 87' lang='lat' dir='ltr'><strong>ideis</strong></span> <span class='ocrx_word' id='word_1_759' title='bbox 1318 5537 1518 5592; x_wconf 85' lang='lat' dir='ltr'><strong>dictum</strong></span> <span class='ocrx_word' id='word_1_760' title='bbox 1544 5548 1646 5603; x_wconf 83' lang='lat' dir='ltr'><strong>est,</strong></span> <span class='ocrx_word' id='word_1_761' title='bbox 1671 5543 1815 5608; x_wconf 81' lang='lat' dir='ltr'><strong>quod</strong></span> 
     </span>
    </p>
   </div>
   <div class='ocr_carea' id='block_1_97' title="bbox 325 5719 1430 5798">
    <p class='ocr_par' dir='ltr' id='par_1_97' title="bbox 325 5719 1430 5798">
     <span class='ocr_line' id='line_1_98' title="bbox 325 5719 1430 5798; baseline -0.003 -17"><span class='ocrx_word' id='word_1_762' title='bbox 325 5725 403 5798; x_wconf 61' lang='grc' dir='ltr'><strong>(ι)</strong></span> <span class='ocrx_word' id='word_1_763' title='bbox 435 5727 494 5780; x_wconf 87' lang='lat' dir='ltr'><strong>ln</strong></span> <span class='ocrx_word' id='word_1_764' title='bbox 525 5725 774 5782; x_wconf 85' lang='lat' dir='ltr'><strong>oratione</strong></span> <span class='ocrx_word' id='word_1_765' title='bbox 803 5723 869 5779; x_wconf 90' lang='lat' dir='ltr'><strong>de</strong></span> <span class='ocrx_word' id='word_1_766' title='bbox 892 5719 1182 5780; x_wconf 82' lang='lat' dir='ltr'><strong>Nativitate</strong></span> <span class='ocrx_word' id='word_1_767' title='bbox 1209 5723 1430 5780; x_wconf 82' lang='lat' dir='ltr'><strong>Christi.</strong></span> 
     </span>
    </p>
   </div>
   <div class='ocr_carea' id='block_1_98' title="bbox 1929 3798 3499 3871">
    <p class='ocr_par' dir='ltr' id='par_1_98' title="bbox 1929 3798 3499 3871">
     <span class='ocr_line' id='line_1_99' title="bbox 1929 3798 3499 3871; baseline -0.003 -13"><span class='ocrx_word' id='word_1_768' title='bbox 1929 3811 2106 3868; x_wconf 83' lang='lat' dir='ltr'><strong>erant;</strong></span> <span class='ocrx_word' id='word_1_769' title='bbox 2132 3803 2199 3858; x_wconf 87' lang='lat' dir='ltr'><strong>de</strong></span> <span class='ocrx_word' id='word_1_770' title='bbox 2225 3801 2554 3871; x_wconf 86' lang='lat' dir='ltr'><strong>imaginibus</strong></span> <span class='ocrx_word' id='word_1_771' title='bbox 2579 3809 2759 3855; x_wconf 90' lang='lat' dir='ltr'><strong>autem</strong></span> <span class='ocrx_word' id='word_1_772' title='bbox 2787 3809 2842 3854; x_wconf 89' lang='lat' dir='ltr'><strong>et</strong></span> <span class='ocrx_word' id='word_1_773' title='bbox 2861 3798 3321 3855; x_wconf 80' lang='lat' dir='ltr'><strong>similitudinibus</strong></span> <span class='ocrx_word' id='word_1_774' title='bbox 3347 3798 3499 3854; x_wconf 89' lang='lat' dir='ltr'><strong>idea-</strong></span> 
     </span>
    </p>
   </div>
   <div class='ocr_carea' id='block_1_99' title="bbox 1926 3872 3276 3939">
    <p class='ocr_par' dir='ltr' id='par_1_99' title="bbox 1926 3872 3276 3939">
     <span class='ocr_line' id='line_1_100' title="bbox 1926 3872 3276 3939; baseline -0.001 -13"><span class='ocrx_word' id='word_1_775' title='bbox 1926 3887 2047 3926; x_wconf 91' lang='lat' dir='ltr'><strong>rum</strong></span> <span class='ocrx_word' id='word_1_776' title='bbox 2082 3872 2132 3926; x_wconf 88' lang='lat' dir='ltr'><strong>id</strong></span> <span class='ocrx_word' id='word_1_777' title='bbox 2153 3882 2254 3939; x_wconf 83' lang='lat' dir='ltr'><strong>est,</strong></span> <span class='ocrx_word' id='word_1_778' title='bbox 2289 3873 2701 3939; x_wconf 75' lang='lat' dir='ltr'><strong>exemplarium,</strong></span> <span class='ocrx_word' id='word_1_779' title='bbox 2737 3873 2879 3939; x_wconf 89' lang='lat' dir='ltr'><strong>quod</strong></span> <span class='ocrx_word' id='word_1_780' title='bbox 2899 3879 3095 3924; x_wconf 72' lang='lat' dir='ltr'><strong>creatae</strong></span> <span class='ocrx_word' id='word_1_781' title='bbox 3126 3879 3276 3924; x_wconf 90' lang='lat' dir='ltr'><strong>sunt.</strong></span> 
     </span>
    </p>
   </div>
   <div class='ocr_carea' id='block_1_100' title="bbox 1999 3937 3500 4012">
    <p class='ocr_par' dir='ltr' id='par_1_100' title="bbox 1999 3937 3500 4012">
     <span class='ocr_line' id='line_1_101' title="bbox 1999 3937 3500 4012; baseline 0.001 -18"><span class='ocrx_word' id='word_1_782' title='bbox 1999 3941 2076 4012; x_wconf 70' lang='lat'><strong>(2)</strong></span> <span class='ocrx_word' id='word_1_783' title='bbox 2119 3941 2184 3996; x_wconf 84' lang='lat' dir='ltr'><strong>In</strong></span> <span class='ocrx_word' id='word_1_784' title='bbox 2221 3937 2487 4012; x_wconf 69' lang='lat' dir='ltr'><strong>ablatione</strong></span> <span class='ocrx_word' id='word_1_785' title='bbox 2517 3949 2565 3994; x_wconf 84' lang='lat' dir='ltr'><strong>et</strong></span> <span class='ocrx_word' id='word_1_786' title='bbox 2594 3937 2974 4007; x_wconf 76' lang='lat' dir='ltr'><strong>superlatione,</strong></span> <span class='ocrx_word' id='word_1_787' title='bbox 3008 3949 3057 4012; x_wconf 86' lang='lat' dir='ltr'><strong>et</strong></span> <span class='ocrx_word' id='word_1_788' title='bbox 3091 3950 3269 4012; x_wconf 64' lang='lat' dir='ltr'><strong>causa.</strong></span> <span class='ocrx_word' id='word_1_789' title='bbox 3302 3937 3500 3996; x_wconf 84' lang='lat' dir='ltr'><strong>Tribus</strong></span> 
     </span>
    </p>
   </div>
   <div class='ocr_carea' id='block_1_101' title="bbox 1928 4009 3499 4078">
    <p class='ocr_par' dir='ltr' id='par_1_101' title="bbox 1928 4009 3499 4078">
     <span class='ocr_line' id='line_1_102' title="bbox 1928 4009 3499 4078; baseline -0.001 -12"><span class='ocrx_word' id='word_1_790' title='bbox 1928 4009 2111 4067; x_wconf 88' lang='lat' dir='ltr'><strong>modis</strong></span> <span class='ocrx_word' id='word_1_791' title='bbox 2177 4011 2526 4066; x_wconf 85' lang='lat' dir='ltr'><strong>ascendimus</strong></span> <span class='ocrx_word' id='word_1_792' title='bbox 2576 4011 2642 4064; x_wconf 87' lang='lat' dir='ltr'><strong>ad</strong></span> <span class='ocrx_word' id='word_1_793' title='bbox 2703 4011 3141 4078; x_wconf 84' lang='lat' dir='ltr'><strong>cognoscendum</strong></span> <span class='ocrx_word' id='word_1_794' title='bbox 3212 4009 3379 4062; x_wconf 76' lang='lat' dir='ltr'><strong>lleum</strong></span> <span class='ocrx_word' id='word_1_795' title='bbox 3433 4026 3499 4064; x_wconf 81' lang='lat' dir='ltr'><strong>ex</strong></span> 
     </span>
    </p>
   </div>
   <div class='ocr_carea' id='block_1_102' title="bbox 1925 4079 3497 4148">
    <p class='ocr_par' dir='ltr' id='par_1_102' title="bbox 1925 4079 3497 4148">
     <span class='ocr_line' id='line_1_103' title="bbox 1925 4079 3497 4148; baseline -0.003 -12"><span class='ocrx_word' id='word_1_796' title='bbox 1925 4083 2221 4145; x_wconf 90' lang='lat' dir='ltr'><strong>creaturis,</strong></span> <span class='ocrx_word' id='word_1_797' title='bbox 2243 4096 2351 4134; x_wconf 84' lang='lat' dir='ltr'><strong>uno</strong></span> <span class='ocrx_word' id='word_1_798' title='bbox 2378 4081 2538 4134; x_wconf 87' lang='lat' dir='ltr'><strong>modo</strong></span> <span class='ocrx_word' id='word_1_799' title='bbox 2563 4079 2861 4134; x_wconf 81' lang='lat' dir='ltr'><strong>auferendo</strong></span> <span class='ocrx_word' id='word_1_800' title='bbox 2883 4080 2932 4133; x_wconf 89' lang='lat' dir='ltr'><strong>ei</strong></span> <span class='ocrx_word' id='word_1_801' title='bbox 2957 4089 3218 4147; x_wconf 86' lang='lat' dir='ltr'><strong>neganter</strong></span> <span class='ocrx_word' id='word_1_802' title='bbox 3241 4087 3497 4148; x_wconf 86' lang='lat' dir='ltr'><strong>tanquam</strong></span> 
     </span>
    </p>
   </div>
   <div class='ocr_carea' id='block_1_103' title="bbox 1927 4148 3500 4218">
    <p class='ocr_par' dir='ltr' id='par_1_103' title="bbox 1927 4148 3500 4218">
     <span class='ocr_line' id='line_1_104' title="bbox 1927 4148 3500 4218; baseline -0.001 -16"><span class='ocrx_word' id='word_1_803' title='bbox 1927 4167 2030 4204; x_wconf 89' lang='lat' dir='ltr'><strong>non</strong></span> <span class='ocrx_word' id='word_1_804' title='bbox 2061 4152 2309 4205; x_wconf 75' lang='lat' dir='ltr'><strong>decentia</strong></span> <span class='ocrx_word' id='word_1_805' title='bbox 2339 4165 2678 4218; x_wconf 69' lang='lat' dir='ltr'><strong>quaecunque</strong></span> <span class='ocrx_word' id='word_1_806' title='bbox 2705 4159 2886 4204; x_wconf 86' lang='lat' dir='ltr'><strong>creata</strong></span> <span class='ocrx_word' id='word_1_807' title='bbox 2913 4160 3249 4211; x_wconf 76' lang='lat' dir='ltr'><strong>cernuntur.</strong></span> <span class='ocrx_word' id='word_1_808' title='bbox 3269 4149 3393 4216; x_wconf 84' lang='lat' dir='ltr'><strong>quia</strong></span> <span class='ocrx_word' id='word_1_809' title='bbox 3418 4148 3500 4202; x_wconf 81' lang='lat' dir='ltr'><strong>ni-</strong></span> 
     </span>
    </p>
   </div>
   <div class='ocr_carea' id='block_1_104' title="bbox 1924 4219 3493 4285">
    <p class='ocr_par' dir='ltr' id='par_1_104' title="bbox 1924 4219 3493 4285">
     <span class='ocr_line' id='line_1_105' title="bbox 1924 4219 3493 4285; baseline -0.001 -12"><span class='ocrx_word' id='word_1_810' title='bbox 1924 4221 1998 4273; x_wconf 91' lang='lat' dir='ltr'><strong>liil</strong></span> <span class='ocrx_word' id='word_1_811' title='bbox 2028 4236 2216 4274; x_wconf 89' lang='lat' dir='ltr'><strong>eorum</strong></span> <span class='ocrx_word' id='word_1_812' title='bbox 2241 4219 2408 4274; x_wconf 89' lang='lat' dir='ltr'><strong>Deum</strong></span> <span class='ocrx_word' id='word_1_813' title='bbox 2437 4234 2562 4274; x_wconf 51' lang='lat' dir='ltr'><strong>esie</strong></span> <span class='ocrx_word' id='word_1_814' title='bbox 2590 4220 2846 4280; x_wconf 88' lang='lat' dir='ltr'><strong>dicimus,</strong></span> <span class='ocrx_word' id='word_1_815' title='bbox 2879 4219 2969 4273; x_wconf 90' lang='lat' dir='ltr'><strong>sed</strong></span> <span class='ocrx_word' id='word_1_816' title='bbox 2994 4219 3176 4272; x_wconf 89' lang='lat' dir='ltr'><strong>omnia</strong></span> <span class='ocrx_word' id='word_1_817' title='bbox 3209 4233 3493 4285; x_wconf 84' lang='lat' dir='ltr'><strong>negamus,</strong></span> 
     </span>
    </p>
   </div>
   <div class='ocr_carea' id='block_1_105' title="bbox 1922 4288 3502 4358">
    <p class='ocr_par' dir='ltr' id='par_1_105' title="bbox 1922 4288 3502 4358">
     <span class='ocr_line' id='line_1_106' title="bbox 1922 4288 3502 4358; baseline 0 -16"><span class='ocrx_word' id='word_1_818' title='bbox 1922 4292 2130 4346; x_wconf 77' lang='lat' dir='ltr'><strong>alentes</strong></span> <span class='ocrx_word' id='word_1_819' title='bbox 2157 4307 2173 4344; x_wconf 92' lang='lat'><strong>:</strong></span> <span class='ocrx_word' id='word_1_820' title='bbox 2202 4288 2316 4342; x_wconf 84' lang='lat' dir='ltr'><strong>Non</strong></span> <span class='ocrx_word' id='word_1_821' title='bbox 2353 4301 2435 4343; x_wconf 88' lang='lat' dir='ltr'><strong>est</strong></span> <span class='ocrx_word' id='word_1_822' title='bbox 2476 4289 2616 4343; x_wconf 91' lang='lat' dir='ltr'><strong>Deus</strong></span> <span class='ocrx_word' id='word_1_823' title='bbox 2648 4289 2872 4358; x_wconf 85' lang='lat' dir='ltr'><strong>angelus</strong></span> <span class='ocrx_word' id='word_1_824' title='bbox 2899 4327 2913 4350; x_wconf 94' lang='lat'><strong>,</strong></span> <span class='ocrx_word' id='word_1_825' title='bbox 2943 4302 3123 4358; x_wconf 82' lang='lat' dir='ltr'><strong>neque</strong></span> <span class='ocrx_word' id='word_1_826' title='bbox 3164 4288 3367 4358; x_wconf 89' lang='lat' dir='ltr'><strong>anima,</strong></span> <span class='ocrx_word' id='word_1_827' title='bbox 3402 4300 3502 4342; x_wconf 91' lang='lat' dir='ltr'><strong>nec</strong></span> 
     </span>
    </p>
   </div>
   <div class='ocr_carea' id='block_1_106' title="bbox 1925 4356 3503 4427">
    <p class='ocr_par' dir='ltr' id='par_1_106' title="bbox 1925 4356 3503 4427">
     <span class='ocr_line' id='line_1_107' title="bbox 1925 4356 3503 4427; baseline -0.001 -15"><span class='ocrx_word' id='word_1_828' title='bbox 1925 4361 2094 4413; x_wconf 90' lang='lat' dir='ltr'><strong>ullum</strong></span> <span class='ocrx_word' id='word_1_829' title='bbox 2137 4361 2361 4421; x_wconf 90' lang='lat' dir='ltr'><strong>animal,</strong></span> <span class='ocrx_word' id='word_1_830' title='bbox 2392 4371 2484 4412; x_wconf 89' lang='lat' dir='ltr'><strong>aut</strong></span> <span class='ocrx_word' id='word_1_831' title='bbox 2536 4356 2741 4421; x_wconf 22' lang='lat' dir='ltr'><strong>istud,‘</strong></span> <span class='ocrx_word' id='word_1_832' title='bbox 2773 4367 2868 4411; x_wconf 87' lang='lat' dir='ltr'><strong>aut</strong></span> <span class='ocrx_word' id='word_1_833' title='bbox 2922 4356 3050 4411; x_wconf 71' lang='grc' dir='ltr'><strong>ει.υά</strong></span> <span class='ocrx_word' id='word_1_834' title='bbox 3079 4397 3093 4421; x_wconf 91' lang='grc'><strong>,</strong></span> <span class='ocrx_word' id='word_1_835' title='bbox 3136 4357 3503 4427; x_wconf 82' lang='lat' dir='ltr'><strong>quodcunque</strong></span> 
     </span>
    </p>
   </div>
   <div class='ocr_carea' id='block_1_107' title="bbox 1926 4427 3500 4498">
    <p class='ocr_par' dir='ltr' id='par_1_107' title="bbox 1926 4427 3500 4498">
     <span class='ocr_line' id='line_1_108' title="bbox 1926 4427 3500 4498; baseline -0.003 -15"><span class='ocrx_word' id='word_1_836' title='bbox 1926 4429 2027 4492; x_wconf 84' lang='lat' dir='ltr'><strong>sit;</strong></span> <span class='ocrx_word' id='word_1_837' title='bbox 2060 4430 2165 4482; x_wconf 87' lang='lat' dir='ltr'><strong>alio</strong></span> <span class='ocrx_word' id='word_1_838' title='bbox 2198 4431 2356 4483; x_wconf 85' lang='lat' dir='ltr'><strong>nio-.lo</strong></span> <span class='ocrx_word' id='word_1_839' title='bbox 2387 4429 2748 4498; x_wconf 82' lang='lat' dir='ltr'><strong>perfectiones</strong></span> <span class='ocrx_word' id='word_1_840' title='bbox 2776 4437 3145 4480; x_wconf 77' lang='lat' dir='ltr'><strong>creaturarum</strong></span> <span class='ocrx_word' id='word_1_841' title='bbox 3169 4467 3186 4492; x_wconf 90' lang='lat'><strong>,</strong></span> <span class='ocrx_word' id='word_1_842' title='bbox 3225 4437 3282 4498; x_wconf 88' lang='lat' dir='ltr'><strong>ut</strong></span> <span class='ocrx_word' id='word_1_843' title='bbox 3315 4427 3500 4498; x_wconf 82' lang='lat' dir='ltr'><strong>vitam,</strong></span> 
     </span>
    </p>
   </div>
   <div class='ocr_carea' id='block_1_108' title="bbox 1929 4495 3498 4573">
    <p class='ocr_par' dir='ltr' id='par_1_108' title="bbox 1929 4495 3498 4573">
     <span class='ocr_line' id='line_1_109' title="bbox 1929 4495 3498 4573; baseline -0.002 -21"><span class='ocrx_word' id='word_1_844' title='bbox 1929 4500 2272 4573; x_wconf 72' lang='lat' dir='ltr'><strong>sapientiam,</strong></span> <span class='ocrx_word' id='word_1_845' title='bbox 2313 4509 2367 4573; x_wconf 82' lang='lat' dir='ltr'><strong>et</strong></span> <span class='ocrx_word' id='word_1_846' title='bbox 2387 4495 2512 4573; x_wconf 44' lang='lat' dir='ltr'><strong>&#39;_ali_a</strong></span> <span class='ocrx_word' id='word_1_847' title='bbox 2556 4499 2912 4573; x_wconf 78' lang='lat' dir='ltr'><strong>hujusmodi,</strong></span> <span class='ocrx_word' id='word_1_848' title='bbox 2950 4496 3278 4573; x_wconf 75' lang='lat' dir='ltr'><strong>reriimendo</strong></span> <span class='ocrx_word' id='word_1_849' title='bbox 3307 4512 3336 4548; x_wconf 89' lang='lat' dir='ltr'><strong>a</strong></span> <span class='ocrx_word' id='word_1_850' title='bbox 3370 4495 3498 4559; x_wconf 86' lang='lat' dir='ltr'><strong>Deo,</strong></span> 
     </span>
    </p>
   </div>
   <div class='ocr_carea' id='block_1_109' title="bbox 1929 4567 3503 4636">
    <p class='ocr_par' dir='ltr' id='par_1_109' title="bbox 1929 4567 3503 4636">
     <span class='ocr_line' id='line_1_110' title="bbox 1929 4567 3503 4636; baseline -0.003 -17"><span class='ocrx_word' id='word_1_851' title='bbox 1929 4569 2057 4636; x_wconf 86' lang='lat' dir='ltr'><strong>quia</strong></span> <span class='ocrx_word' id='word_1_852' title='bbox 2093 4567 2359 4636; x_wconf 80' lang='lat' dir='ltr'><strong>sapientia</strong></span> <span class='ocrx_word' id='word_1_853' title='bbox 2393 4568 2484 4620; x_wconf 90' lang='lat' dir='ltr'><strong>Dei</strong></span> <span class='ocrx_word' id='word_1_854' title='bbox 2515 4581 2729 4621; x_wconf 91' lang='lat' dir='ltr'><strong>omnem</strong></span> <span class='ocrx_word' id='word_1_855' title='bbox 2762 4567 3086 4631; x_wconf 85' lang='lat' dir='ltr'><strong>sapientiam</strong></span> <span class='ocrx_word' id='word_1_856' title='bbox 3128 4580 3366 4636; x_wconf 75' lang='lat' dir='ltr'><strong>cremant</strong></span> <span class='ocrx_word' id='word_1_857' title='bbox 3408 4579 3503 4617; x_wconf 89' lang='lat' dir='ltr'><strong>ex-</strong></span> 
     </span>
    </p>
   </div>
   <div class='ocr_carea' id='block_1_110' title="bbox 1930 4633 3498 4703">
    <p class='ocr_par' dir='ltr' id='par_1_110' title="bbox 1930 4633 3498 4703">
     <span class='ocr_line' id='line_1_111' title="bbox 1930 4633 3498 4703; baseline -0.003 -11"><span class='ocrx_word' id='word_1_858' title='bbox 1930 4633 2116 4700; x_wconf 73' lang='lat' dir='ltr'><strong>cellit,</strong></span> <span class='ocrx_word' id='word_1_859' title='bbox 2160 4633 2219 4690; x_wconf 81' lang='lat' dir='ltr'><strong>et</strong></span> <span class='ocrx_word' id='word_1_860' title='bbox 2269 4639 2378 4690; x_wconf 87' lang='lat' dir='ltr'><strong>vita</strong></span> <span class='ocrx_word' id='word_1_861' title='bbox 2425 4636 2516 4691; x_wconf 89' lang='lat' dir='ltr'><strong>Dei</strong></span> <span class='ocrx_word' id='word_1_862' title='bbox 2567 4651 2782 4689; x_wconf 87' lang='lat' dir='ltr'><strong>onmem</strong></span> <span class='ocrx_word' id='word_1_863' title='bbox 2819 4646 3001 4697; x_wconf 80' lang='lat' dir='ltr'><strong>Vitam,</strong></span> <span class='ocrx_word' id='word_1_864' title='bbox 3037 4645 3092 4688; x_wconf 92' lang='lat' dir='ltr'><strong>et</strong></span> <span class='ocrx_word' id='word_1_865' title='bbox 3133 4633 3498 4703; x_wconf 71' lang='lat' dir='ltr'><strong>perlectioi.es</strong></span> 
     </span>
    </p>
   </div>
   <div class='ocr_carea' id='block_1_111' title="bbox 1900 4705 3497 4776">
    <p class='ocr_par' dir='ltr' id='par_1_111' title="bbox 1900 4705 3497 4776">
     <span class='ocr_line' id='line_1_112' title="bbox 1900 4705 3497 4776; baseline -0.003 -16"><span class='ocrx_word' id='word_1_866' title='bbox 1900 4708 2158 4776; x_wconf 81' lang='lat' dir='ltr'><strong>&#39;reliqine</strong></span> <span class='ocrx_word' id='word_1_867' title='bbox 2198 4707 2436 4776; x_wconf 86' lang='lat' dir='ltr'><strong>reliquas</strong></span> <span class='ocrx_word' id='word_1_868' title='bbox 2477 4720 2667 4759; x_wconf 87' lang='lat' dir='ltr'><strong>omnes</strong></span> <span class='ocrx_word' id='word_1_869' title='bbox 2710 4705 3075 4773; x_wconf 79' lang='lat' dir='ltr'><strong>perfectiones</strong></span> <span class='ocrx_word' id='word_1_870' title='bbox 3102 4716 3497 4776; x_wconf 54' lang='grc' dir='ltr'>ιϊθςιιυιωῖιιιιι</span> 
     </span>
    </p>
   </div>
   <div class='ocr_carea' id='block_1_112' title="bbox 1934 4773 3500 4843">
    <p class='ocr_par' dir='ltr' id='par_1_112' title="bbox 1934 4773 3500 4843">
     <span class='ocr_line' id='line_1_113' title="bbox 1934 4773 3500 4843; baseline -0.004 -13"><span class='ocrx_word' id='word_1_871' title='bbox 1934 4773 2228 4843; x_wconf 71' lang='lat' dir='ltr'><strong>superant;</strong></span> <span class='ocrx_word' id='word_1_872' title='bbox 2268 4773 2425 4828; x_wconf 83' lang='lat' dir='ltr'><strong>tertio</strong></span> <span class='ocrx_word' id='word_1_873' title='bbox 2457 4775 2635 4839; x_wconf 87' lang='lat' dir='ltr'><strong>modo,</strong></span> <span class='ocrx_word' id='word_1_874' title='bbox 2667 4785 2936 4842; x_wconf 83' lang='lat' dir='ltr'><strong>quatenus</strong></span> <span class='ocrx_word' id='word_1_875' title='bbox 2968 4775 3148 4827; x_wconf 90' lang='lat' dir='ltr'><strong>omnia</strong></span> <span class='ocrx_word' id='word_1_876' title='bbox 3179 4783 3309 4826; x_wconf 89' lang='lat' dir='ltr'><strong>sunt</strong></span> <span class='ocrx_word' id='word_1_877' title='bbox 3335 4788 3364 4824; x_wconf 88' lang='lat' dir='ltr'><strong>a</strong></span> <span class='ocrx_word' id='word_1_878' title='bbox 3390 4773 3500 4824; x_wconf 82' lang='lat' dir='ltr'><strong>Deo</strong></span> 
     </span>
    </p>
   </div>
   <div class='ocr_carea' id='block_1_113' title="bbox 1932 4844 3500 4914">
    <p class='ocr_par' dir='ltr' id='par_1_113' title="bbox 1932 4844 3500 4914">
     <span class='ocr_line' id='line_1_114' title="bbox 1932 4844 3500 4914; baseline -0.003 -16"><span class='ocrx_word' id='word_1_879' title='bbox 1932 4856 2134 4910; x_wconf 49' lang='lat' dir='ltr'><strong>creata,</strong></span> <span class='ocrx_word' id='word_1_880' title='bbox 2171 4860 2506 4914; x_wconf 62' lang='lat' dir='ltr'><strong>quascunque</strong></span> <span class='ocrx_word' id='word_1_881' title='bbox 2536 4845 2588 4896; x_wconf 90' lang='lat' dir='ltr'><strong>in</strong></span> <span class='ocrx_word' id='word_1_882' title='bbox 2620 4855 2812 4898; x_wconf 88' lang='lat' dir='ltr'><strong>natura</strong></span> <span class='ocrx_word' id='word_1_883' title='bbox 2847 4859 3026 4896; x_wconf 90' lang='lat' dir='ltr'><strong>rerum</strong></span> <span class='ocrx_word' id='word_1_884' title='bbox 3062 4853 3115 4896; x_wconf 91' lang='lat' dir='ltr'><strong>et</strong></span> <span class='ocrx_word' id='word_1_885' title='bbox 3147 4844 3500 4895; x_wconf 77' lang='lat' dir='ltr'><strong>universitate</strong></span> 
     </span>
    </p>
   </div>
   <div class='ocr_carea' id='block_1_114' title="bbox 1931 4918 2297 4968">
    <p class='ocr_par' dir='ltr' id='par_1_114' title="bbox 1931 4918 2297 4968">
     <span class='ocr_line' id='line_1_115' title="bbox 1931 4918 2297 4968; baseline 0 -1"><span class='ocrx_word' id='word_1_886' title='bbox 1931 4918 2116 4968; x_wconf 80' lang='lat' dir='ltr'><strong>mundi</strong></span> <span class='ocrx_word' id='word_1_887' title='bbox 2151 4925 2297 4967; x_wconf 78' lang='lat' dir='ltr'><strong>sunt.</strong></span> 
     </span>
    </p>
   </div>
   <div class='ocr_carea' id='block_1_115' title="bbox 2002 4982 3493 5054">
    <p class='ocr_par' dir='ltr' id='par_1_115' title="bbox 2002 4982 3493 5054">
     <span class='ocr_line' id='line_1_116' title="bbox 2002 4982 3493 5054; baseline -0.003 -15"><span class='ocrx_word' id='word_1_888' title='bbox 2002 4987 2078 5054; x_wconf 68' lang='lat' dir='ltr'><strong>t5)</strong></span> <span class='ocrx_word' id='word_1_889' title='bbox 2113 4983 2226 5038; x_wconf 82' lang='lat' dir='ltr'><strong>Non</strong></span> <span class='ocrx_word' id='word_1_890' title='bbox 2261 4996 2440 5054; x_wconf 84' lang='lat' dir='ltr'><strong>negat,</strong></span> <span class='ocrx_word' id='word_1_891' title='bbox 2474 4999 2602 5052; x_wconf 89' lang='lat' dir='ltr'><strong>quin</strong></span> <span class='ocrx_word' id='word_1_892' title='bbox 2635 4983 2806 5051; x_wconf 89' lang='lat' dir='ltr'><strong>possit</strong></span> <span class='ocrx_word' id='word_1_893' title='bbox 2833 4982 3197 5036; x_wconf 90' lang='lat' dir='ltr'><strong>demonstrari</strong></span> <span class='ocrx_word' id='word_1_894' title='bbox 3232 4996 3296 5034; x_wconf 89' lang='lat' dir='ltr'><strong>ex</strong></span> <span class='ocrx_word' id='word_1_895' title='bbox 3347 4996 3493 5034; x_wconf 77' lang='lat' dir='ltr'><strong>crea-</strong></span> 
     </span>
    </p>
   </div>
   <div class='ocr_carea' id='block_1_116' title="bbox 1930 5053 3500 5121">
    <p class='ocr_par' dir='ltr' id='par_1_116' title="bbox 1930 5053 3500 5121">
     <span class='ocr_line' id='line_1_117' title="bbox 1930 5053 3500 5121; baseline -0.001 -14"><span class='ocrx_word' id='word_1_896' title='bbox 1930 5053 2068 5109; x_wconf 87' lang='lat' dir='ltr'><strong>turis</strong></span> <span class='ocrx_word' id='word_1_897' title='bbox 2103 5057 2189 5108; x_wconf 84' lang='lat' dir='ltr'><strong>Dei</strong></span> <span class='ocrx_word' id='word_1_898' title='bbox 2232 5053 2398 5108; x_wconf 83' lang='lat' dir='ltr'><strong>Deum</strong></span> <span class='ocrx_word' id='word_1_899' title='bbox 2433 5069 2574 5119; x_wconf 86' lang='lat' dir='ltr'><strong>esse,</strong></span> <span class='ocrx_word' id='word_1_900' title='bbox 2599 5057 2705 5107; x_wconf 88' lang='lat' dir='ltr'><strong>.sed</strong></span> <span class='ocrx_word' id='word_1_901' title='bbox 2739 5061 2896 5121; x_wconf 87' lang='lat' dir='ltr'><strong>negat</strong></span> <span class='ocrx_word' id='word_1_902' title='bbox 2924 5053 3178 5120; x_wconf 82' lang='lat' dir='ltr'><strong>cognosci</strong></span> <span class='ocrx_word' id='word_1_903' title='bbox 3220 5067 3380 5118; x_wconf 87' lang='lat' dir='ltr'><strong>posse</strong></span> <span class='ocrx_word' id='word_1_904' title='bbox 3412 5067 3500 5121; x_wconf 84' lang='lat' dir='ltr'><strong>se-</strong></span> 
     </span>
    </p>
   </div>
   <div class='ocr_carea' id='block_1_117' title="bbox 1927 5120 3493 5185">
    <p class='ocr_par' dir='ltr' id='par_1_117' title="bbox 1927 5120 3493 5185">
     <span class='ocr_line' id='line_1_118' title="bbox 1927 5120 3493 5185; baseline -0.001 -8"><span class='ocrx_word' id='word_1_905' title='bbox 1927 5127 2163 5178; x_wconf 85' lang='lat' dir='ltr'><strong>cundum</strong></span> <span class='ocrx_word' id='word_1_906' title='bbox 2202 5125 2492 5179; x_wconf 84' lang='lat' dir='ltr'><strong>essentiam</strong></span> <span class='ocrx_word' id='word_1_907' title='bbox 2550 5139 2615 5176; x_wconf 87' lang='lat' dir='ltr'><strong>ex</strong></span> <span class='ocrx_word' id='word_1_908' title='bbox 2654 5120 2879 5185; x_wconf 79' lang='lat' dir='ltr'><strong>elIei-tis,</strong></span> <span class='ocrx_word' id='word_1_909' title='bbox 2911 5123 3156 5175; x_wconf 89' lang='lat' dir='ltr'><strong>meminit</strong></span> <span class='ocrx_word' id='word_1_910' title='bbox 3201 5133 3379 5175; x_wconf 87' lang='lat' dir='ltr'><strong>autem</strong></span> <span class='ocrx_word' id='word_1_911' title='bbox 3434 5120 3493 5175; x_wconf 75' lang='grc' dir='ltr'><strong>ὃ.</strong></span> 
     </span>
    </p>
   </div>
   <div class='ocr_carea' id='block_1_118' title="bbox 1926 5193 3498 5265">
    <p class='ocr_par' dir='ltr' id='par_1_118' title="bbox 1926 5193 3498 5265">
     <span class='ocr_line' id='line_1_119' title="bbox 1926 5193 3498 5265; baseline -0.002 -18"><span class='ocrx_word' id='word_1_912' title='bbox 1926 5195 2202 5249; x_wconf 81' lang='lat' dir='ltr'><strong>Maximus</strong></span> <span class='ocrx_word' id='word_1_913' title='bbox 2235 5199 2300 5247; x_wconf 90' lang='lat' dir='ltr'><strong>de</strong></span> <span class='ocrx_word' id='word_1_914' title='bbox 2335 5195 2644 5265; x_wconf 86' lang='lat' dir='ltr'><strong>cognitione</strong></span> <span class='ocrx_word' id='word_1_915' title='bbox 2680 5193 2770 5265; x_wconf 70' lang='lat' dir='ltr'><strong>Dei</strong></span> <span class='ocrx_word' id='word_1_916' title='bbox 2819 5208 2908 5265; x_wconf 7' lang='lat' dir='ltr'><strong>ex,</strong></span> <span class='ocrx_word' id='word_1_917' title='bbox 2938 5194 3060 5252; x_wconf 89' lang='lat' dir='ltr'><strong>lide,</strong></span> <span class='ocrx_word' id='word_1_918' title='bbox 3092 5198 3235 5265; x_wconf 79' lang='lat' dir='ltr'><strong>quod</strong></span> <span class='ocrx_word' id='word_1_919' title='bbox 3281 5194 3350 5244; x_wconf 90' lang='lat' dir='ltr'><strong>sit</strong></span> <span class='ocrx_word' id='word_1_920' title='bbox 3379 5231 3393 5256; x_wconf 91' lang='lat'><strong>,</strong></span> <span class='ocrx_word' id='word_1_921' title='bbox 3443 5201 3498 5244; x_wconf 87' lang='lat' dir='ltr'><strong>et</strong></span> 
     </span>
    </p>
   </div>
   <div class='ocr_carea' id='block_1_119' title="bbox 1928 5263 3502 5332">
    <p class='ocr_par' dir='ltr' id='par_1_119' title="bbox 1928 5263 3502 5332">
     <span class='ocr_line' id='line_1_120' title="bbox 1928 5263 3502 5332; baseline -0.002 -17"><span class='ocrx_word' id='word_1_922' title='bbox 1928 5281 2032 5317; x_wconf 92' lang='lat' dir='ltr'><strong>non</strong></span> <span class='ocrx_word' id='word_1_923' title='bbox 2067 5269 2133 5317; x_wconf 90' lang='lat' dir='ltr'><strong>de</strong></span> <span class='ocrx_word' id='word_1_924' title='bbox 2162 5263 2470 5332; x_wconf 84' lang='lat' dir='ltr'><strong>cognitione</strong></span> <span class='ocrx_word' id='word_1_925' title='bbox 2499 5264 2728 5315; x_wconf 86' lang='lat' dir='ltr'><strong>naturali</strong></span> <span class='ocrx_word' id='word_1_926' title='bbox 2760 5278 2851 5330; x_wconf 89' lang='lat' dir='ltr'><strong>per</strong></span> <span class='ocrx_word' id='word_1_927' title='bbox 2881 5263 3400 5332; x_wconf 84' lang='lat' dir='ltr'><strong>demonstrationem</strong></span> <span class='ocrx_word' id='word_1_928' title='bbox 3430 5275 3502 5314; x_wconf 80' lang='lat' dir='ltr'><strong>ex.</strong></span> 
     </span>
    </p>
   </div>
   <div class='ocr_carea' id='block_1_120' title="bbox 1923 5330 3500 5402">
    <p class='ocr_par' dir='ltr' id='par_1_120' title="bbox 1923 5330 3500 5402">
     <span class='ocr_line' id='line_1_121' title="bbox 1923 5330 3500 5402; baseline -0.004 -16"><span class='ocrx_word' id='word_1_929' title='bbox 1923 5334 2154 5396; x_wconf 82' lang='lat' dir='ltr'><strong>elfectis,</strong></span> <span class='ocrx_word' id='word_1_930' title='bbox 2192 5330 2316 5402; x_wconf 70' lang='lat' dir='ltr'><strong>quia</strong></span> <span class='ocrx_word' id='word_1_931' title='bbox 2363 5349 2688 5402; x_wconf 77' lang='lat' dir='ltr'><strong>cognoscere</strong></span> <span class='ocrx_word' id='word_1_932' title='bbox 2719 5334 2821 5384; x_wconf 90' lang='lat' dir='ltr'><strong>hoc</strong></span> <span class='ocrx_word' id='word_1_933' title='bbox 2869 5347 2964 5399; x_wconf 88' lang='lat' dir='ltr'><strong>per</strong></span> <span class='ocrx_word' id='word_1_934' title='bbox 3015 5330 3174 5385; x_wconf 79' lang='lat' dir='ltr'><strong>(idem</strong></span> <span class='ocrx_word' id='word_1_935' title='bbox 3205 5331 3376 5383; x_wconf 91' lang='lat' dir='ltr'><strong>multo</strong></span> <span class='ocrx_word' id='word_1_936' title='bbox 3401 5345 3500 5381; x_wconf 80' lang='lat' dir='ltr'><strong>ex-</strong></span> 
     </span>
    </p>
   </div>
   <div class='ocr_carea' id='block_1_121' title="bbox 1923 5403 3496 5470">
    <p class='ocr_par' dir='ltr' id='par_1_121' title="bbox 1923 5403 3496 5470">
     <span class='ocr_line' id='line_1_122' title="bbox 1923 5403 3496 5470; baseline -0.003 -16"><span class='ocrx_word' id='word_1_937' title='bbox 1923 5405 2210 5458; x_wconf 85' lang='lat' dir='ltr'><strong>cellentius</strong></span> <span class='ocrx_word' id='word_1_938' title='bbox 2237 5413 2317 5457; x_wconf 89' lang='lat' dir='ltr'><strong>est</strong></span> <span class='ocrx_word' id='word_1_939' title='bbox 2343 5413 2396 5455; x_wconf 93' lang='lat' dir='ltr'><strong>et</strong></span> <span class='ocrx_word' id='word_1_940' title='bbox 2421 5403 2692 5456; x_wconf 85' lang='lat' dir='ltr'><strong>valentius</strong></span> <span class='ocrx_word' id='word_1_941' title='bbox 2726 5417 2890 5470; x_wconf 85' lang='lat' dir='ltr'><strong>quam</strong></span> <span class='ocrx_word' id='word_1_942' title='bbox 2923 5416 3254 5470; x_wconf 87' lang='lat' dir='ltr'><strong>cognoscere</strong></span> <span class='ocrx_word' id='word_1_943' title='bbox 3288 5416 3380 5468; x_wconf 90' lang='lat' dir='ltr'><strong>per</strong></span> <span class='ocrx_word' id='word_1_944' title='bbox 3410 5413 3496 5450; x_wconf 88' lang='lat' dir='ltr'><strong>ra-</strong></span> 
     </span>
    </p>
   </div>
   <div class='ocr_carea' id='block_1_122' title="bbox 1927 5473 3496 5542">
    <p class='ocr_par' dir='ltr' id='par_1_122' title="bbox 1927 5473 3496 5542">
     <span class='ocr_line' id='line_1_123' title="bbox 1927 5473 3496 5542; baseline -0.003 -18"><span class='ocrx_word' id='word_1_945' title='bbox 1927 5473 2128 5526; x_wconf 88' lang='lat' dir='ltr'><strong>tionein</strong></span> <span class='ocrx_word' id='word_1_946' title='bbox 2181 5473 2478 5526; x_wconf 87' lang='lat' dir='ltr'><strong>naturalem</strong></span> <span class='ocrx_word' id='word_1_947' title='bbox 2552 5481 2759 5542; x_wconf 89' lang='lat' dir='ltr'><strong>quanto</strong></span> <span class='ocrx_word' id='word_1_948' title='bbox 2803 5474 3156 5542; x_wconf 83' lang='lat' dir='ltr'><strong>excellentior</strong></span> <span class='ocrx_word' id='word_1_949' title='bbox 3207 5481 3290 5523; x_wconf 87' lang='lat' dir='ltr'><strong>est</strong></span> <span class='ocrx_word' id='word_1_950' title='bbox 3320 5476 3496 5538; x_wconf 76' lang='lat' dir='ltr'><strong>gratia</strong></span> 
     </span>
    </p>
   </div>
   <div class='ocr_carea' id='block_1_123' title="bbox 1929 5541 3255 5613">
    <p class='ocr_par' dir='ltr' id='par_1_123' title="bbox 1929 5541 3255 5613">
     <span class='ocr_line' id='line_1_124' title="bbox 1929 5541 3255 5613; baseline -0.002 -19"><span class='ocrx_word' id='word_1_951' title='bbox 1929 5559 2090 5611; x_wconf 85' lang='lat' dir='ltr'><strong>quam</strong></span> <span class='ocrx_word' id='word_1_952' title='bbox 2128 5554 2356 5612; x_wconf 83' lang='lat' dir='ltr'><strong>natura;</strong></span> <span class='ocrx_word' id='word_1_953' title='bbox 2396 5543 2526 5599; x_wconf 82' lang='lat' dir='ltr'><strong>lides</strong></span> <span class='ocrx_word' id='word_1_954' title='bbox 2557 5544 2700 5598; x_wconf 86' lang='lat' dir='ltr'><strong>enim</strong></span> <span class='ocrx_word' id='word_1_955' title='bbox 2724 5558 2789 5596; x_wconf 88' lang='lat' dir='ltr'><strong>ex</strong></span> <span class='ocrx_word' id='word_1_956' title='bbox 2821 5546 2993 5613; x_wconf 82' lang='lat' dir='ltr'><strong>gratia</strong></span> <span class='ocrx_word' id='word_1_957' title='bbox 3028 5541 3119 5594; x_wconf 84' lang='lat' dir='ltr'><strong>Dei</strong></span> <span class='ocrx_word' id='word_1_958' title='bbox 3150 5549 3255 5595; x_wconf 85' lang='lat' dir='ltr'><strong>est.</strong></span> 
     </span>
    </p>
   </div>
  </div>
