4048 6450
897 221 921 259 ,
969 236 972 239 .

541 321 648 389 771

1705 319 2039 383 IOANNIS
2087 315 2654 386 CYPARISSIOTAE

3707 326 3822 390 πρ

543 435 766 507 poterit,
796 435 909 492 into
936 449 1035 492 nec
1058 434 1167 490 ulla
1197 432 1444 489 ctelestis
1472 447 1629 490 mens
1660 445 1783 504 post
1816 435 2011 500 Deum,
2035 435 2130 489 sed
2160 441 2202 493 Α
2233 437 2360 491 licet
2397 439 2636 510 Moyses,
2665 447 2720 492 et
2753 437 2890 495 deus
2917 437 3226 495 Pharaonis
3262 438 3338 499 ";
3379 437 3501 494 licet
3539 449 3712 508 usque
3745 438 3820 494 ad

540 531 786 587 rationes
813 527 1120 584 disserendi
1153 525 1221 580 de
1250 527 1316 580 iis
1346 541 1471 595 quae
1495 541 1615 580 eam
1650 526 2036 592 circumstant,
2065 536 2125 582 ut

539 621 612 678 de
658 623 1042 691 perpetuitate,
1095 620 1164 675 de
1212 605 1582 675 immensitate
1627 627 1684 673 et
1731 620 2025 687 inlinitate,
2059 620 2128 676 de

540 713 810 772 bonitate.
843 711 1118 782 potentia,
1165 693 1433 780 sapientia
1478 710 1724 773 creandi,
1759 710 2080 781 pravldendi
2105 748 2124 775 ,

535 803 852 873 judicaudi;
911 803 1000 857 hic
1051 802 1195 856 enim
1245 812 1332 858 est
1376 817 1611 872 magnus
1662 805 1806 872 apud
1867 801 2120 856 homines

539 897 829 964 theol0gus
857 934 873 959 ,
902 896 998 964 qui
1033 894 1274 950 rationes
1313 895 1381 952 de
1411 895 1497 952 bis
1525 895 1734 966 aliquas
1763 894 1870 963 etsi
1901 894 2120 949 exiliter

538 987 874 1043 adiuveniat.
903 987 970 1041 Et
1001 987 1055 1041 in
1105 988 1352 1042 centuria
1389 989 1575 1053 tertia,
1623 988 1802 1057 capite
1837 995 2121 1056 septuage-

538 1080 681 1132 simo
718 1079 898 1142 primo
941 1096 956 1134 :
1000 1077 1076 1132 Εχ
1102 1079 1168 1133 iis
1215 1094 1340 1148 qua:
1387 1088 1553 1146 sunt,
1606 1093 1829 1134 causam
1879 1077 2123 1132 omnium

539 1169 964 1241 cognoscimus;
991 1181 1046 1225 et
1065 1188 1134 1226 cx
1161 1171 1428 1226 varietate
1459 1186 1642 1225 rerum
1672 1168 1994 1239 sapientiam
2025 1183 2124 1236 per

539 1278 600 1317 se
629 1262 980 1316 cxsistentem
1011 1261 1131 1332 ejus
1160 1263 1253 1331 qui
1283 1262 1503 1331 proprie
1527 1272 1630 1324 est,
1659 1261 1944 1324 docemur,
1969 1266 2024 1312 et
2048 1273 2116 1312 ex

538 1353 775 1409 naturali
802 1365 1038 1408 mouone
1069 1368 1278 1414 rerum.
1309 1354 1474 1408 vitam
1502 1352 1746 1422 ejusdem
1783 1367 1882 1422 per
1899 1364 1957 1406 se
1977 1350 2124 1405 exsi-

536 1453 772 1500 stentem
810 1444 1106 1509 discimus;
1145 1444 1256 1498 vim
1303 1445 1428 1499 dico
1458 1444 1622 1497 vitam
1655 1443 1988 1498 tribuentem
2036 1456 2126 1496 re-

504 1537 668 1601 ‘bus,
699 1536 924 1592 scilicet
954 1536 1216 1606 Spiritum
1250 1545 1520 1591 sanctum.
1572 1534 1651 1588 Ex
1681 1535 1766 1590 his
1794 1535 1974 1589 evadit
2011 1547 2128 1588 ma-

549 1629 814 1685 nifestum
859 1629 1115 1700 cognosci
1149 1628 1317 1682 Deum
1347 1643 1413 1682 ex
1443 1628 1510 1683 iis
1541 1629 1719 1683 solum
1767 1641 1890 1694 qua:
1919 1626 2123 1682 circum

540 1721 724 1790 ipsum
771 1731 938 1785 sunt,
991 1735 1112 1790 qua:
1145 1731 1273 1776 sunt
1305 1729 1590 1784 creatum,
1639 1729 1694 1772 et
1741 1717 1867 1772 inde
1912 1717 1980 1772 de
2013 1716 2123 1772 Deo

2230 533 2451 584 tertium
2483 531 2685 586 caelum
2710 571 2725 595 ,
2756 540 2816 585 ut
2867 529 3069 586 Paulus
3115 531 3410 600 pervenias
3436 531 3502 597 ⁸⁸,
3531 541 3586 587 et
3620 535 3820 590 audias

2229 635 2429 674 arcana
2461 623 2658 685 verba;
2711 621 2842 675 licet
2871 636 3039 691 supra
3083 621 3208 675 illos
3244 622 3310 674 ad
3345 629 3549 675 statum
3579 632 3633 677 et
3661 624 3820 677 ordi-

2229 725 2352 766 nem
2385 711 2624 781 aliquem
2662 713 2984 782 angelo‘runi
3015 721 3110 766 aut
3139 711 3593 780 archangelorum
3624 727 3818 769 ascen-

2227 811 2346 856 das.
2377 800 2641 867 Quamvis
2665 801 2812 856 enim
2843 815 3008 856 omne
3036 801 3284 860 caeleste.
3312 810 3365 855 et
3403 800 3610 869 aliquid
3649 817 3816 872 supra

2232 909 2398 963 quam
2445 895 2715 959 caeleste,
2767 893 2938 948 multo
2982 893 3372 949 excellentiore
3407 903 3601 948 natura
3647 909 3814 964 quam

2229 998 2331 1038 nos
2359 984 2510 1038 sitet
2541 983 2651 1038 Deo
2693 983 3086 1054 propinquius;
3131 985 3304 1053 magis
3342 993 3523 1040 tamen
3569 984 3734 1039 distat
3783 1001 3818 1040 a

2231 1076 2362 1140 Deo,
2395 1082 2449 1129 et
2480 1089 2510 1128 a
2541 1073 2776 1143 perlecta
2805 1073 2926 1144 ejus
2963 1074 3342 1146 intelligentia,
3374 1091 3536 1144 quam
3567 1084 3817 1131 nostram

2229 1167 2371 1220 hanc
2399 1176 2652 1220 naturam
2679 1167 3044 1234 compositam
3089 1176 3144 1221 et
3176 1168 3435 1222 humilem
3468 1178 3523 1222 et
3559 1169 3818 1224 deorsum

2175 1260 2178 1264 ’
2229 1259 2549 1314 inclinatam
2601 1259 2916 1314 antecellat.
2963 1259 3033 1313 Et
3081 1275 3312 1328 magnus
3352 1260 3684 1316 Athanasius
3736 1261 3819 1329 (a)

2229 1354 2379 1410 velut
2411 1354 2819 1425 percunctando
2843 1356 2920 1409 ait
2953 1370 2966 1407 :
2998 1354 3134 1410 Cum
3165 1354 3307 1410 Deus
3335 1356 3408 1409 sit
3434 1353 3816 1424 incorporeus,

2229 1455 2283 1502 ct
2319 1447 2491 1515 ﬁgura
2517 1453 2742 1511 careat,
2778 1460 2897 1514 qua:
2924 1446 3140 1500 tandem
3177 1445 3482 1514 posteriora
3527 1447 3645 1516 ejus
3680 1445 3769 1498 vid
3797 1452 3820 1497 t

2228 1537 2482 1610 Moyses?
2523 1537 2730 1594 Deinde
2785 1539 3002 1594 solvens
3061 1539 3416 1609 quaestionem
3452 1554 3466 1591 :
3503 1535 3814 1598 Credimus,

2231 1628 2433 1698 inquit,
2476 1638 2602 1684 ante
2649 1629 2848 1685 szecula
2879 1639 2935 1684 et
2964 1639 3092 1685 ante
3123 1638 3351 1684 cunctas
3381 1639 3662 1683 creaturas
3691 1643 3820 1682 esse

2232 1719 2403 1775 Deum
2452 1728 2624 1775 totum
2661 1723 2839 1776 solum
2877 1723 3202 1776 increatum.
3253 1719 3328 1774 Εχ
3360 1735 3469 1790 quo
3515 1720 3592 1784 Iit,
3630 1728 3686 1772 ut
3720 1733 3820 1787 pi.-

540 1785 1044 1881 philosophaudum
1099 1825 1242 1875 esse,
1295 1826 1363 1865 ex
1418 1810 1752 1881 imaginibus
1809 1807 2023 1863 scilicet
2071 1815 2128 1862 et
2161 1785 2204 1841 Β
2236 1811 2471 1867 steriora
2508 1811 2602 1866 Dei
2637 1812 2749 1866 sint
2777 1820 3064 1875 creaturae,
3092 1820 3145 1866 ct
3178 1785 3654 1874 carum-rationes,
3680 1785 3824 1876 quas

538 1897 994 1957 similitudinibus
1017 1903 1416 1970 exemplarium
1451 1902 1570 1971 ejus
1605 1900 1917 1956 divinorum
1945 1938 1960 1965 ,
2006 1913 2132 1968 qua:

536 1993 792 2061 superius
817 1993 1036 2061 specula
1064 2003 1117 2047 et
1139 1994 1422 2063 amigmata
1448 2001 1640 2048 vocata
1667 2000 1814 2046 sunt.
1840 1990 1919 2045 Ne
1943 2001 2130 2044 autem

536 2085 664 2154 quis
705 2085 758 2138 in
797 2085 1026 2139 dubium
1063 2086 1266 2148 veniat,
1299 2083 1578 2154 quomodo
1603 2097 1726 2152 qua:
1767 2081 2032 2152 imagines
2076 2087 2132 2135 et

535 2175 922 2233 similitudines
954 2185 1107 2240 sunt,
1150 2185 1269 2236 eta
1297 2176 1527 2230 veritate
1557 2189 1740 2230 rerum
1773 2173 2021 2236 distant,
2061 2171 2127 2226 ad

430 2251 467 2339 ἠ
536 2267 1032 2338 philosophandum
1070 2267 1139 2323 de
1171 2266 1281 2322 Deo
1310 2275 1434 2336 apta
1467 2265 1641 2337 magis
1663 2279 1786 2321 esse
1814 2269 2134 2334 possunt,et

537 2360 743 2416 idcirco
769 2360 1031 2429 majorem
1065 2359 1157 2414 Dei
1189 2359 1710 2428 contemplationem
1731 2371 1894 2427 quam
1925 2354 2134 2412 existis

535 2450 998 2510 similitudinibus
1022 2451 1188 2506 etiam
1217 2450 1271 2504 in
1303 2452 1405 2506 hac
1435 2450 1547 2506 vita
1577 2458 1808 2521 quaerat,
1844 2462 1986 2518 opus
2042 2456 2130 2502 est

535 2543 759 2609 docere,
795 2544 943 2613 quod
976 2543 1178 2607 summi
1211 2543 1378 2598 etiam
1413 2541 1657 2612 theologi
1705 2541 1846 2595 ultra
1885 2549 2137 2596 contem-

535 2635 838 2707 plationem
870 2651 939 2692 ex
975 2636 1250 2700 creaturis
1282 2651 1394 2692 non
1430 2633 1881 2707 progrediuntur.

1126 2729 1360 2804 CAPUT
1405 2745 1545 2802 vnt.

539 2861 694 2928 Quod
751 2863 945 2917 summi
1001 2861 1228 2930 theologi
1280 2859 1344 2914 de
1378 2857 1510 2930 ⁸ι)εο
1573 2857 2016 2928 philosophantur
2065 2871 2132 2911 ea:

609 2935 912 2997 creaturis;
949 2928 1332 3014 “posteriora
1367 2928 1464 2983 Dei
1513 2930 1642 2998 ipsa:
1669 2937 1932 2984 creatura:
1966 2936 2089 2982 sunt
2112 2967 2128 2993 ,

549 3030 551 3032 ‘
609 3015 659 3057 et
697 3019 882 3056 earum
914 3013 1164 3056 rationes.

2236 1904 2618 1959 cum‘vidissel
2645 1905 2924 1973 exposuit,
2957 1903 3212 1972 inquiens
3245 1920 3258 1956 :
3293 1903 3358 1956 In
3384 1902 3642 1972 principio
3667 1916 3821 1954 cret;-

2235 1995 2310 2048 vit
2345 1993 2489 2048 Deus
2524 1994 2710 2048 caelum
2737 2004 2786 2047 et
2821 2003 3040 2048 terram.
3095 1991 3227 2046 Item
3276 1993 3494 2046 divinus
3521 1988 3819 2058 Gregorius

2233 2083 2518 2156 Nyssenus
2548 2084 2604 2139 in
2655 2085 2796 2140 libro
2827 2083 2904 2138 De
2941 2085 3051 2138 vita
3083 2082 3286 2154 Moysi:
3311 2097 3329 2136 :
3359 2081 3576 2146 Gloria,
3620 2080 3816 2150 inquit,

2236 2177 2506 2239 increata,
2538 2185 2739 2231 natura
2772 2164 2982 2231 scilicet
3017 2175 3202 2228 divina
3245 2173 3469 2228 omnino
3507 2180 3591 2226 est
3617 2184 3820 2226 secun-

2233 2271 2364 2326 dum
2399 2286 2457 2326 se
2485 2270 2796 2335 ineﬂ‘abilis,
2824 2279 2877 2324 et
2907 2283 3029 2339 qua:
3063 2267 3450 2338 comprehendi
3480 2282 3587 2322 non
3635 2273 3818 2335 potest

2233 2379 2412 2432 neque
2449 2363 2660 2429 videri;
2695 2363 2834 2416 nihil
2861 2361 3008 2417 enim
3039 2360 3188 2431 quod
3217 2370 3340 2424 est,
3375 2361 3552 2430 ipsum
3588 2360 3690 2414 hoc
3721 2372 3818 2427 per

2239 2472 2302 2513 se
2335 2457 2438 2526 (I),
2471 2456 2678 2510 nudum
2709 2455 2786 2525 (Ξ)
2819 2463 2998 2523 potest
3034 2452 3392 2516 intelligentia
3424 2452 3628 2521 liquide
3669 2464 3818 2509 coin-

2237 2545 2527 2618 prehendi,
2563 2554 2660 2600 aut
2693 2543 2872 2598 oculis
2906 2543 3155 2610 corporis
3188 2542 3296 2597 ullo
3324 2541 3486 2596 modo
3517 2543 3700 2608 cerni;
3734 2543 3818 2596 iu-

2225 2648 2480 2695 creatum
2511 2637 2658 2692 enim
2689 2645 2795 2691 est.
2825 2635 2978 2700 Quod
3012 2644 3195 2689 autem
3226 2645 3309 2689 εει
3338 2635 3661 2701 increatum,
3698 2637 3816 2689 nul-

2233 2729 2322 2785 Ius
2354 2736 2533 2800 potest
2565 2726 2741 2783 oculis
2781 2728 3032 2797 corporis
3054 2742 3300 2791 cernere,
3323 2727 3577 2797 quamvis
3608 2725 3817 2796 Moyses

2232 2823 2329 2899 sit,
2367 2821 2630 2892 quamvis,
2660 2819 2887 2884 Paulus,
2921 2820 3016 2889 qui
3052 2818 3106 2874 in
3137 2819 3356 2874 tertium
3391 2820 3588 2875 caelum
3624 2833 3816 2874 ascen-

2233 2914 2333 2977 dit,
2363 2912 2616 2984 quamvis
2647 2912 2872 2981 angelus
2900 2913 2971 2966 sit
2995 2911 3088 2981 qui
3110 2909 3279 2966 Deum
3301 2910 3468 2966 videt.
3495 2909 3651 2976 Quod
3672 2909 3814 2965 enim

2233 3022 2361 3063 vere
2389 3015 2496 3074 est,
2531 3019 2659 3060 vera
2689 3005 2796 3059 vita
2825 3015 2930 3070 est,
2964 3007 3066 3059 hoc
3100 3014 3280 3060 autem
3311 3005 3378 3059 ab
3406 3005 3598 3074 angelo
3626 3015 3716 3057 aut
3748 3006 3816 3056 alr

608 3092 908 3161 Gregorius
960 3092 1298 3158 Τῆθοίοιξιιεν
1358 3091 1412 3145 in
1467 3089 1705 3145 secunda
1757 3089 2006 3145 oratione
2056 3089 2126 3145 de
2151 3117 2195 3178 α
2235 3097 2458 3153 homine
2491 3095 2752 3166 cognosci
2805 3111 2914 3152 non
2950 3104 3148 3166 potest.
3183 3095 3260 3148 Ex
3304 3094 3505 3164 quibus
3537 3094 3681 3148 clare
3717 3109 3815 3145 no-

539 3186 840 3256 theologia:
863 3185 1164 3240 Currebam
1186 3184 1432 3255 quidem,
1449 3184 1627 3253 inquit
1666 3193 1922 3255 tanquam
1949 3184 2122 3241 Deum

540 3280 856 3349 cognitione
905 3277 1634 3348 comprehensurus;atque
1685 3277 1760 3332 ita
1810 3278 2034 3332 ascendi
2066 3277 2121 3332 in

542 3381 822 3434 montem,
875 3379 930 3426 et
981 3371 1139 3426 divisi
1187 3370 1390 3424 nubem
1430 3369 1486 3424 in
1535 3383 1655 3424 eam
1710 3370 2012 3440 ingressus.
2062 3367 2128 3422 Et

540 3463 739 3532 pan-eis
770 3462 1071 3533 interjectis
1101 3479 1117 3516 :
1151 3461 1288 3517 Cum
1316 3461 1562 3530 paulum,
1587 3461 1783 3532 inquit,
1819 3461 2130 3532 prospexis-

542 3569 679 3619 sem,
709 3570 822 3609 non
853 3554 961 3609 vidi
997 3555 1227 3622 primam
1262 3564 1324 3609 et
1353 3560 1616 3608 aeternam
1666 3563 1920 3608 naturam
1948 3593 1964 3617 ,
2005 3567 2130 3622 quae

542 3647 672 3711 sibi,
706 3647 758 3700 id
790 3653 894 3711 est,
927 3645 1182 3700 Trinitati
1214 3654 1342 3700 nota
1379 3657 1484 3710 est,
1517 3654 1806 3715 etquanta
1840 3646 1984 3700 intra
2016 3647 2129 3716 pri-

541 3753 695 3792 mum
730 3737 906 3790 velum
951 3723 1162 3801 mauet,
1197 3747 1253 3791 et
1283 3753 1311 3791 a
1339 3737 1673 3792 Cherubinis
1703 3737 2012 3808 contegitur
2039 3738 2083 3769 ιδ
2111 3756 2127 3804 ;

543 3823 640 3878 sed
670 3821 814 3876 illam
837 3839 960 3893 quae
989 3833 1233 3877 extrema
1268 3833 1376 3888 est,
1401 3833 1456 3878 et
1480 3825 1548 3878 ad
1583 3839 1684 3879 nos
1717 3809 1986 3894 pervadit,
2011 3841 2133 3897 qua:

545 3924 633 3970 est
671 3915 960 3986 (quantum
986 3915 1255 3985 intelligo)
1281 3916 1586 3987 amplitudo
1619 3916 1733 3982 illa,
1766 3917 1850 3972 vel
1873 3926 1935 3973 ut
1961 3920 2131 3974 David

545 4009 627 4063 ait
663 4008 732 4071 η,
775 4006 1182 4076 magniﬁcentia
1204 4047 1219 4071 ,
1246 4023 1366 4078 quae
1403 4009 1456 4062 in
1486 4008 1785 4073 creaturis,
1815 4019 1870 4064 et
1915 4009 1984 4066 iis
2011 4027 2135 4082 quae

549 4100 622 4154 ah
653 4099 773 4167 ipso
799 4098 994 4153 eil‘ecta
1027 4107 1157 4152 sunt
1183 4109 1234 4152 et
1267 4099 1666 4168 gubernantur,
1695 4101 1942 4155 cernitur
1972 4119 1986 4156 :
2021 4105 2134 4160 haec

547 4191 696 4244 enim
749 4199 877 4272 sunt
926 4191 1226 4260 posteriora
1259 4188 1354 4244 Dei
1385 4191 1451 4249 “.
1496 4204 1616 4259 quae
1660 4202 1787 4262 post
1832 4209 1961 4248 eum
2009 4205 2138 4251 sunt

545 4283 723 4351 ipsius
772 4283 1011 4349 indicia;
1049 4283 1193 4339 sicut
1227 4283 1363 4338 solis
1415 4283 1623 4337 umbra:
1677 4293 1728 4340 et
1779 4285 2043 4356 imagines
2081 4288 2136 4342 in

548 4377 728 4446 aquis,
773 4391 894 4444 qua:
941 4375 1173 4430 infirmis
1219 4374 1395 4430 oculis
1435 4372 1603 4427 solem
1637 4386 1919 4444 utcunque
1953 4386 2130 4432 ostenv

2225 3189 2430 3255 tescit,
2489 3188 2903 3242 valentissimos
2953 3179 3131 3241 etiam
3188 3187 3474 3256 theologos
3525 3199 3630 3241 non
3677 3184 3817 3240 ultra

2227 3288 2535 3336 creaturam
2571 3279 2825 3350 progredi
2855 3279 2908 3333 in
2941 3278 3007 3332 iis
3036 3281 3238 3348 quibus
3280 3277 3449 3331 Deum
3482 3277 3698 3343 vident;
3724 3277 3817 3329 scd

2227 3374 2413 3442 potius
2447 3371 2625 3441 ipsam
2684 3379 3020 3435 creaturam,
3069 3381 3124 3425 et
3163 3385 3287 3441 quae
3341 3369 3397 3423 in
3448 3381 3641 3423 natura
3697 3370 3817 3436 ejus

2229 3464 2442 3530 insunt,
2469 3464 2846 3519 considerare.
2877 3463 3034 3529 Quod
3067 3464 3112 3518 si
3159 3464 3226 3518 ad
3276 3462 3421 3518 hunc
3453 3463 3670 3517 modum
3701 3499 3716 3524 ,
3766 3471 3822 3512 et

2229 3557 2332 3611 hac
2368 3557 2455 3610 via
2492 3565 2548 3611 et
2581 3556 2799 3611 ratione
2855 3556 2922 3611 de
2968 3556 3080 3611 Deo
3121 3548 3415 3631 disserunt
3441 3597 3458 3622 ,
3511 3560 3821 3610 necessario

2230 3648 2515 3724 sequitur,
2553 3649 2882 3719 theologiam
2931 3665 3053 3718 qua:
3107 3651 3158 3702 in
3207 3652 3496 3720 negatione
3547 3640 3842 3702 versaturv—

2233 3739 2393 3810 longe
2422 3740 2857 3809 praestantiorem
2889 3754 3037 3803 esse,
3075 3750 3129 3793 et
3177 3740 3244 3794 ad
3297 3740 3813 3810 contemplationem

2234 3832 2411 3902 magis
2440 3831 2690 3887 idoneam
2720 3849 2784 3887 ea
2822 3833 3094 3902 theologia
3124 3869 3140 3897 ,
3191 3848 3316 3903 quas
3362 3835 3416 3889 in
3469 3833 3821 3889 allirmatione

2234 3927 2505 3981 cernitur.

2850 4039 3082 4098 CAPUT
3119 4040 3212 4096 IX.

2239 4153 2392 4221 Quod
2420 4156 2474 4210 in
2509 4153 2806 4226 Theologia
2835 4155 3251 4209 demonstrativa
3301 4156 3470 4226 magis
3512 4154 3724 4222 propria
3770 4162 3821 4205 et

2309 4226 2574 4295 prtecipua
2623 4223 2715 4295 est
2749 4223 2851 4295 illa
2874 4241 2992 4293 qua:
3031 4228 3084 4278 in
3131 4223 3492 4294 riegatiorribus
3545 4236 3846 4286 versatur;-

2312 4292 2360 4348 ἐι
2394 4292 2547 4366 (μιὸά
2587 4297 2642 4346 in
2673 4294 2770 4347 hac
2809 4292 3094 4366 Theologia
3142 4292 3512 4366 aﬂirmutionea
3555 4311 3656 4347 non
3697 4305 3820 4346 sunt

2313 4365 2599 4418 contraria:
2643 4365 3030 4434 negationibus.

551 4468 690 4522 dunt
719 4485 732 4520 :
762 4468 1028 4537 siquidem
1069 4466 1412 4537 impossibile
1455 4474 1538 4519 est
1572 4466 1741 4521 solem
1797 4469 2000 4524 intueri
2031 4470 2132 4525 ad-
2167 4463 2211 4516 Β
2315 4475 2579 4530 Summus
2613 4477 2899 4547 theologus
2939 4479 3228 4549 Dionysius
3253 4521 3268 4544 ,
3320 4479 3498 4548 primo
3538 4479 3714 4549 capite
3749 4479 3824 4533 De

547 4574 804 4622 versum,
833 4561 990 4629 cujus
1028 4559 1202 4614 radiis
1239 4557 1386 4610 acies
1434 4555 1716 4610 oculorum
1765 4560 2020 4614 vincitur.
2057 4564 2137 4618 Ad

557 4653 706 4708 hunc
747 4652 914 4722 igitur
958 4652 1182 4706 modum
1240 4649 1306 4704 de
1356 4647 1467 4702 Dco
1515 4650 2010 4720 philosophaberis,
2057 4658 2136 4710 sis

635 4811 677 4844 "
717 4811 888 4868 Exod.
922 4824 1134 4866 xxxvii.
1214 4807 1256 4840 ¹⁸
1278 4806 1424 4863 Psal.
1447 4824 1567 4870 vm,

1646 4809 1689 4841 ¹⁶
1742 4809 1916 4865 Exod.
1951 4827 2145 4869 χχχιιι.
2223 4817 2264 4847 ⁸⁹
2295 4815 2473 4885 Exod,
2518 4836 2614 4877 vu.

2244 4568 2466 4638 mystica
2493 4568 2754 4638 theologia
2784 4586 2804 4624 :
2838 4569 3086 4640 Oportet,
3120 4574 3294 4642 inquit
3324 4573 3424 4644 (ὅ),
3456 4573 3510 4626 in
3537 4589 3603 4627 ea
3624 4587 3825 4642 ponere

2248 4665 2304 4709 et
2355 4655 2627 4714 alIirniare
2678 4676 2872 4718 omnes
2907 4663 3154 4718 omnium
3199 4681 3383 4721 rerum
3437 4667 3826 4723 allirmationcs

2691 4821 2735 4854 ⁸⁸
2767 4821 2812 4876 ιι
2857 4822 2989 4879 Cor.
3037 4839 3176 4881 χχιι.

2027 4947 2297 5016 Schoﬁa.

627 5058 706 5127 (I)
741 5056 892 5121 Quod
918 5064 1003 5127 est
1027 5053 1198 5121 ipsum
1230 5053 1325 5127 hoc
1355 5066 1444 5117 per
1471 5065 1542 5102 se.
1571 5046 2010 5127 .Nullacreatura
2046 5063 2130 5127 est

557 5117 654 5197 per
688 5117 831 5182 se'id
860 5124 1006 5192 quod
1036 5117 1139 5197 est,
1177 5124 1270 5176 sed
1320 5137 1412 5197 per
1446 5117 1940 5197 participationem,
1976 5124 2129 5176 solus

558 5186 703 5252 Deus
737 5206 821 5250 est
852 5186 1028 5263 ipsum
1076 5194 1197 5253 hoc,
1231 5186 1376 5259 quod
1417 5186 1502 5243 est
1532 5203 1626 5257 per
1656 5202 1734 5250 sc,
1758 5186 1830 5263 _id
1879 5198 1982 5252 est,
2033 5207 2132 5245 sua

555 5267 795 5320 essentia
823 5305 838 5330 ,
869 5256 922 5316 ct
953 5279 1110 5317 suum
1140 5256 1263 5316 esse
1285 5301 1300 5324 ,
1338 5270 1394 5312 ct
1423 5256 1540 5312 non
1563 5256 1868 5312 secundum
1907 5264 2134 5327 partici.

559 5340 857 5405 potionem.

634 5408 710 5474 (2)
743 5403 984 5457 Nudum.
1013 5402 1066 5456 Id
1103 5409 1206 5464 est,
1247 5399 1545 5474 secundum
1579 5399 1938 5474 substantiam
1967 5413 2136 5474 suam

549 5468 778 5530 tantum
807 5511 822 5535 ,
859 5486 912 5526 et
946 5490 1050 5526 non
1094 5470 1394 5525 secundum
1443 5485 1508 5524 ea
1542 5485 1664 5538 qua:
1712 5468 1918 5525 circum
1965 5470 2141 5537 ipsum

558 5553 712 5608 sunt,
745 5544 794 5596 id
823 5553 927 5607 est,
959 5554 1265 5598 creaturas.

633 5704 710 5770 (ti)
741 5703 943 5766 Qua-sl.
980 5707 1043 5762 ad
1088 5708 1443 5768 Antiochum.

2314 5058 2390 5134 (ξ)
2414 5059 2629 5134 Oportet
2655 5076 2845 5130 ponere
2875 5064 3248 5133 etafﬁrmare.
3274 5067 3441 5122 Deum
3463 5072 3643 5126 omnia
3677 5086 3819 5134 esse,
3853 5047 3860 5052 ν

2245 5137 2306 5182 ut
2341 5129 2507 5182 Dcunr
2548 5129 2727 5191 decet,
2765 5129 3076 5200 positio'cst
3105 5154 3118 5201 ;
3150 5150 3201 5190 et
3265 5141 3402 5192 nihil
3446 5156 3634 5194 eorum
3674 5129 3816 5203 esse,

2245 5210 2502 5278 ut‘supra.
2521 5203 2882 5278 substantiam
2916 5215 3020 5278 est.
3053 5209 3268 5275 negatio
3300 5227 3312 5272 ;
3347 5224 3638 5277 utrumque
3695 5228 3818 5278 pro-

2247 5270 2362 5344 prie
2402 5270 2674 5344 diciturin
2716 5273 2806 5325 Dei
2847 5270 3223 5342 amplitudine,
3261 5270 3318 5331 ut
3367 5280 3506 5335 Deus
3551 5270 3638 5334 cst
3688 5270 3818 5344 vita,

2250 5341 2406 5418 Deus.
2424 5351 2506 5392 est
2531 5343 2991 5418 ιιοιιιιειενρυξιιιυ
3019 5355 3071 5398 ct
3101 5341 3394 5403 allirmatio
3418 5360 3521 5415 uel,
3551 5351 3688 5404 Deus
3711 5341 3819 5404 non

2249 5416 2333 5462 est
2359 5415 2490 5491 vita,
2535 5426 2637 5463 non
2665 5424 2745 5464 est
2776 5415 3266 5491 bonitas_,__n_egatio
3296 5436 3419 5474 vcra
3453 5431 3556 5489 cst,
3589 5423 3714 5491 quia
3743 5430 3823 5475 cst

2255 5493 2420 5533 suura
2453 5479 2566 5535 haec
2589 5495 2710 5550 qua:
2741 5497 2842 5538 nos
2867 5479 3241 5554 intelligimus.
