4048 6438
239 338 346 400 773

973 334 1226 396 'DECAS
1264 335 1348 399 II.
1395 358 1460 371 —
1499 333 1600 396 DE
1640 329 2082 395 THEOLOGIA
2112 326 2786 394 DEMONSTRATIVA.
2847 351 2853 357 '

3387 331 3497 397 774

242 462 503 522 tanquam
541 447 596 504 in
641 448 884 504 omnium
916 463 1121 516 causa;
1167 456 1225 504 et
1269 463 1460 504 omnes
1509 462 1616 505 eas’
1651 449 1824 521 magis
1851 453 1897 512 Α
1928 463 2210 519 iiegaiiter,
2259 449 2556 504 auferendo
2605 448 3028 518 philosophatur
3051 487 3067 513 ,
3102 447 3338 505 Verbum
3375 447 3508 502 facit

239 544 462 616 proprie
502 554 704 612 negare
733 549 992 612 tanquam
1017 555 1140 611 qua:
1165 543 1236 596 sit
1267 556 1432 611 supra
1462 542 1644 596 omnia
1669 558 1684 607 ;
1723 555 1822 596 uec

241 634 673 692 existimandum
702 642 788 688 est
815 634 1124 689 contrarias
1163 648 1288 688 esse
1319 635 1638 704 negationes
1670 632 1821 687 atiir-

243 725 616 792 mationibus;
664 726 793 793 quin
837 725 1019 794 potius
1065 725 1241 780 multo
1286 726 1438 794 prius
1482 739 1605 781 esse
1644 724 1821 796 ipsam

247 821 477 890 primam
509 831 740 872 causam
770 831 935 885 supra
965 815 1318 882 privatioues.
1368 831 1490 870 cum
1540 816 1612 870 sit
1658 831 1820 884 supra

243 927 460 964 omnem
493 918 549 964 et
578 909 911 963 ablationem
940 907 1020 976 (l)
1055 917 1109 962 et
1149 909 1498 977 positionem.
1522 905 1599 961 Ac
1629 921 1826 964 rursus

246 1004 390 1057 idem
423 1004 601 1070 capite
633 1001 878 1056 secundo
914 999 1153 1054 Cwlestis
1185 1000 1497 1054 bierunt-iis
1523 1015 1542 1056 :
1567 1001 1825 1070 Aliquan-

247 1095 342 1156 do,
373 1095 571 1162 inquit,
611 1094 870 1148 laudatur
897 1093 1081 1146 divine
1115 1092 1168 1146 in
1198 1092 1501 1162 Scripturis
1533 1094 1650 1150 suis
1691 1108 1824 1149 san-

247 1189 350 1241 etis
401 1185 759 1240 dissimilibus
827 1173 1294 1240 nominationibus
1342 1185 1445 1254 (2).
1527 1199 1653 1238 cum
1695 1199 1822 1240 eum

249 1290 450 1333 vocant
480 1277 954 1346 inaspectabilem,
995 1287 1050 1331 et
1080 1276 1382 1349 infinitum,
1410 1285 1464 1329 et
1489 1290 1596 1329 non
1632 1285 1825 1344 poten-

199 1413 208 1420 .
255 1381 359 1424 teni
395 1367 826 1435 comprehendi,
879 1375 933 1421 ct
981 1365 1237 1419 similiter
1289 1365 1342 1417 in
1380 1364 1522 1438 aliis,
1555 1379 1678 1432 quae
1713 1380 1822 1419 non

251 1461 378 1528 quid
417 1461 524 1521 sit,
555 1461 646 1515 sed
690 1459 820 1528 quid
857 1474 963 1513 non
998 1459 1088 1522 sit,
1125 1457 1424 1512 declarant.
1459 1456 1572 1512 Hoc
1602 1466 1781 1511 autem
1807 1495 1823 1522 ,

257 1562 315 1605 ut
346 1551 603 1616 arbitror,
639 1551 811 1620 magis
849 1551 1132 1619 proprium
1167 1556 1250 1605 est
1294 1549 1342 1603 ei
1396 1564 1410 1600 :
1459 1549 1738 1627 siquidem
1764 1559 1827 1605 ut

258 1644 446 1704 tacita,
475 1642 526 1696 id
555 1650 658 1704 est,
689 1643 809 1696 sine
840 1643 1065 1708 scripto,
1100 1641 1456 1697 sacerdotalis
1482 1643 1705 1698 traditio
1745 1641 1821 1712 (ἵν)

251 1737 547 1802 exposuit,
578 1749 706 1788 vere
734 1735 969 1789 dicimus
1003 1749 1112 1788 non
1164 1749 1288 1789 esse
1328 1733 1629 1788 secundum
1662 1743 1822 1789 uatu-

250 1839 366 1877 rani
400 1825 547 1880 illius
580 1828 657 1880 rei
683 1841 748 1880 ex
783 1827 849 1879 iis
870 1842 991 1892 qua:
1015 1836 1144 1882 sunt
1174 1842 1189 1880 :
1223 1836 1478 1880 cieterum
1507 1827 1822 1895 ignoramus

249 1915 386 1968 illud
435 1917 488 1967 in
533 1930 600 1968 eo
649 1931 757 1970 non
809 1917 1129 1980 detinitum,
1179 1917 1308 1986 quid
1351 1917 1422 1971 sit
1457 1917 1600 1986 quod
1654 1929 1821 1986 supra

248 2008 613 2062 substantiam
644 2017 750 2070 est,
792 2009 1047 2078 quodque
1093 2023 1192 2063 nec
1226 2008 1475 2077 intelligi,
1503 2004 1824 2077 neque'dici

249 2106 444 2166 poti-st.
481 2096 536 2152 Si
565 2098 730 2168 igitur
761 2099 1078 2168 negationes
1116 2100 1172 2153 in
1200 2099 1404 2152 divinis
1454 2115 1596 2153 verte
1647 2107 1822 2165 sunt,

253 2189 640 2248 alﬁ-rniationes
673 2205 806 2244 vero
854 2206 958 2245 non
1005 2200 1317 2259 congruunt
1345 2190 1424 2260 (4)
1454 2206 1578 2245 cum
1607 2192 1824 2247 Occulta

253 2279 537 2334 divinitate
572 2293 763 2334 eorum
801 2293 925 2348 quat
950 2279 1017 2334 de
1049 2279 1156 2334 Deo
1184 2279 1362 2333 rﬂerri
1409 2293 1517 2333 non
1551 2277 1780 2348 possunt
1805 2318 1822 2345 ,

256 2383 600 2438 consequens
622 2380 728 2435 cst,
762 2380 820 2424 ut
847 2370 916 2426 iis
942 2385 1064 2440 qua:
1096 2385 1206 2424 non
1257 2380 1386 2425 sunt
1433 2372 1784 2440 aspectaliilia
1807 2414 1823 2439 ,

254 2463 432 2531 magis
458 2463 674 2531 prapria
703 2461 776 2516 sit
811 2462 1118 2516 nominatio
1149 2462 1238 2516 illa
1267 2477 1390 2531 quae
1420 2478 1518 2532 per
1545 2463 1828 2519 dissimili-

258 2554 480 2608 tudines
511 2552 800 2608 formatur.
838 2538 906 2608 Et
928 2552 1227 2624 Gregorius
1249 2551 1580 2626 Theologus,
1612 2554 1668 2608 in
1700 2570 1828 2610 ora-

259 2645 410 2700 tione
439 2645 673 2700 secunda
698 2646 766 2700 de
798 2645 1068 2714 theologia
1109 2660 1125 2697 :
1157 2644 1346 2710 Multo,
1377 2645 1587 2715 inquit,
1612 2645 1828 2702 facilius

259 2746 316 2792 et
347 2737 564 2791 brevius
584 2745 669 2792 est
693 2736 924 2791 dicendo
939 2736 1084 2806 quod
1111 2744 1214 2801 est,
1240 2735 1518 2792 declarare
1543 2736 1690 2806 quod
1719 2751 1828 2791 non

257 2841 363 2894 est,
397 2845 560 2885 ouant
592 2831 840 2898 negando
865 2827 946 2898 (5)
973 2827 1118 2897 quod
1153 2844 1261 2882 non
1285 2836 1390 2892 est,
1418 2827 1663 2884 indicare
1685 2829 1832 2899 quod

260 2915 366 2978 est.
400 2921 468 2976 Et
505 2939 701 2979 rursus
729 2937 744 2976 :
777 2920 883 2976 Sed
911 2928 1148 2990 oportet,
1173 2930 1460 2990 postquam
1489 2919 1700 2976 dictum
1731 2922 1835 2976 erit

265 3029 389 3082 quae
426 3027 538 3067 non
577 3024 698 3079 est,
742 3012 956 3068 dicatur
1009 3010 1171 3067 etiam
1215 3010 1362 3081 quod
1409 3021 1490 3067 est
1521 3028 1536 3066 :
1566 3021 1730 3084 atque
1770 3027 1837 3068 eo

1926 543 2204 612 spirituum,
2252 551 2438 618 utpote
2481 542 2627 612 quod
2674 549 2792 597 erat
2841 541 2896 594 in
2947 541 3236 610 principio,
3283 551 3335 597 et
3387 551 3509 596 erat

1925 636 2070 706 apud
2109 635 2279 690 Deum
2301 675 2317 694 .
2367 650 2492 689 eum
2518 635 2612 704 qui
2642 645 2729 690 est
2761 649 2927 704 supra
2957 649 3126 702 quam
3168 634 3504 704 incognitus,

1925 741 1994 781 ex
2027 727 2176 781 nulla
2209 728 2429 796 penitus
2463 741 2521 780 re
2546 742 2738 780 earum
2774 741 2896 795 quae
2940 726 3196 793 c0gnosci
3231 735 3504 795 possunt,

1927 827 2075 873 recte
2094 833 2455 886 cognoscens.
2495 815 2633 872 Hinc
2667 818 2726 872 tit
2753 818 3123 886 perspicuum,
3149 817 3295 888 quod
3329 819 3506 887 magis

1925 911 2203 979 proprium
2236 918 2322 964 est
2362 908 2734 977 philosophari
2775 909 2842 962 de
2878 909 2987 963 Deo
3033 923 3130 978 per
3160 911 3505 976 negatimies,

1924 1017 2088 1071 quam
2142 1015 2237 1070 per
2283 999 2712 1062 aﬂirmaiiones,
2762 1009 3035 1068 quatenus
3086 999 3319 1054 alterum
3374 1000 3506 1055 facit

1935 1094 2174 1150 Verbum
2208 1093 2485 1162 spiritum,
2505 1091 2733 1146 alterum
2765 1089 3139 1146 facitVerbum
3166 1107 3408 1146 carnem.
3429 1096 3504 1146 Ac

1929 1184 2200 1254 theologia
2233 1184 2452 1254 quidem
2491 1180 2767 1236 affirmans
2801 1185 2910 1235 viiii
2957 1182 3120 1234 habet
3153 1184 3503 1250 comparandi

1925 1281 1979 1326 et
2007 1274 2271 1342 ﬁgurandi
2303 1288 2367 1327 ac
2390 1272 2774 1342 conjectandi;
2805 1283 2857 1326 et
2889 1273 2992 1326 hoc
3023 1281 3233 1326 tantum
3271 1275 3465 1341 probat
3487 1316 3502 1337 ,

1927 1365 2137 1420 scilicet
2178 1365 2344 1418 Deum
2382 1379 2524 1426 esse,
2559 1380 2622 1418 ex
2660 1363 2726 1418 iis
2760 1379 2881 1434 quia
2922 1364 2988 1418 ab
3023 1363 3140 1433 ipso
3173 1365 3313 1418 facta
3346 1380 3504 1434 sunt;

1927 1456 2194 1524 theologia
2262 1471 2390 1510 vero
2406 1470 2607 1525 negans
2635 1455 2973 1510 demonstrat
2996 1454 3162 1510 Deum
3191 1471 3313 1512 esse
3342 1473 3507 1527 supra

1935 1548 2164 1611 omnia;
2202 1554 2266 1601 ac
2294 1548 2580 1600 veritatem
2621 1546 2858 1599 maxime
2895 1546 3210 1615 assequitur
3239 1548 3334 1616 qui
3374 1548 3509 1603 dii-it

1928 1656 2034 1697 non
2066 1654 2186 1694 esse
2221 1638 2385 1694 Deum
2413 1637 2708 1708 quidquam
2738 1652 2926 1692 eorum
2953 1653 3071 1703 quae
3094 1646 3240 1702 sunt,
3269 1639 3360 1693 sed
3389 1654 3510 1694 esse

1929 1744 2091 1798 supra
2119 1729 2478 1784 substantiam
2510 1770 2524 1792 ,
2565 1739 2620 1782 et
2671 1743 2843 1796 supra
2891 1729 3096 1784 omnia.
3148 1733 3417 1787 Praeterea
3453 1733 3508 1786 in

1928 1820 2040 1874 Deo
2065 1821 2378 1890 negationes
2406 1838 2515 1876 non
2547 1830 2674 1878 sunt
2700 1824 2990 1876 contrariae
3021 1823 3500 1881 aiilrmatiouibus:

1927 1930 2028 1970 nec
2055 1915 2200 1969 enim
2233 1916 2378 1984 quod
2411 1915 2696 1970 aiiirmatio
2723 1915 3032 1979 aﬂirmavit,
3067 1916 3170 1970 hoc
3197 1917 3372 1986 ipsum
3411 1934 3506 1971 ne-

1928 2007 2074 2076 gatio
2107 2007 2323 2076 negavit
2354 2023 2370 2060 :
2406 2009 2537 2078 qiiiii
2573 2008 2683 2061 imo
2715 2007 2857 2061 sicut
2887 2007 3175 2061 affirmatio
3207 2024 3314 2062 non
3348 2010 3502 2078 ponit

1927 2099 2057 2169 quid
2085 2099 2154 2152 sit
2177 2096 2340 2166 Deus,
2369 2099 2448 2153 sic
2475 2112 2652 2168 neque
2682 2100 2894 2168 negatio
2919 2098 3056 2152 tollit
3079 2098 3210 2167 quid
3238 2100 3301 2152 sit
3340 2099 3502 2157 Deus:

1927 2189 2072 2260 quod
2112 2177 2258 2243 enim
2310 2205 2421 2244 non
2470 2191 2656 2259 ponit,
2709 2191 2988 2258 quomodo
3040 2191 3234 2245 tollat?
3269 2191 3512 2262 Denique

1928 2294 2083 2350 atque
2111 2293 2219 2332 non
2248 2280 2562 2347 assequitur
2593 2279 2954 2334 substantiam
2993 2280 3083 2334 Dei
3119 2289 3232 2335 tum
3268 2281 3508 2335 aiiirma-

1930 2372 2026 2434 tio,
2070 2382 2186 2425 tum
2222 2371 2482 2441 negatio:
2533 2372 2636 2426 lioc
2667 2372 2843 2425 solum
2881 2370 3172 2435 differunt,
3212 2373 3356 2442 quod
3387 2387 3513 2442 pro-

1928 2464 2058 2534 pius
2092 2462 2303 2517 accedit
2349 2463 2416 2517 ad
2456 2461 2740 2515 veritatem
2776 2462 2869 2531 qui
2907 2461 3062 2526 dicit,
3109 2459 3251 2518 Deus
3282 2477 3391 2517 non
3425 2468 3512 2518 est

1933 2553 2037 2609 hoc
2065 2553 2209 2624 quod
2241 2565 2343 2608 nos
2366 2550 2768 2608 existimamus.
3513 2557 3521 2560 ·

2556 2665 2790 2721 CAPUT
2827 2664 2895 2720 Χ.

1942 2781 2102 2848 Quod
2133 2780 2280 2835 Deus
2307 2789 2384 2834 est
2415 2795 2575 2843 supra
2599 2795 2806 2833 omnem
2829 2779 2926 2847 af/i

2009 2854 2240 2912 tionem;
2298 2859 2346 2902 et
2383 2850 2524 2919 quod
2553 2849 2724 2909 solum
2781 2849 3057 2902 nesciendo
3091 2857 3143 2919 et
3174 2849 3515 2919 penitusnon

2006 2921 2233 3042 videndo
2264 2916 2425 2986 simul
2451 2935 2568 2973 eum
2602 2920 2989 2988 cognoscimus,
3020 2927 3068 2970 et
3094 2916 3158 2972 de
3187 2933 3247 2972 eo
3281 2918 3516 2986 philoso-
3605 2929 3618 2941 '

2011 3009 2044 3060 p
2083 3006 2258 3046 amur.
2299 2996 2318 3012 '
3269 3019 3274 3022 ·

2933 2779 3242 2850 rmotionem
3263 2788 3311 2832 et
3358 2794 3517 2850 nega-

266 3108 465 3174 ma'gis,
502 3106 647 3174 quod
680 3105 896 3161 facilius
926 3115 1010 3162 est
1051 3120 1220 3159 unum
1266 3105 1469 3174 aliquid
1513 3105 1799 3176 complecti
1824 3142 1838 3168 ,
1865 3106 1912 3169 C
2015 3102 2247 3174 Magnus
2277 3101 2572 3172 Dionysius
2609 3100 2790 3169 capite
2847 3101 3022 3164 primo
3057 3099 3297 3171 Mysiicai
3351 3099 3519 3154 Theo-

268 3213 434 3267 qnani
454 3197 642 3252 omnia
693 3197 971 3268 sigillaiim
1005 3213 1238 3268 negare;
1271 3204 1411 3250 utex
1442 3197 1725 3266 negatione
1741 3211 1835 3252 eo-

261 3306 384 3344 rum
434 3305 556 3359 qua:
606 3305 714 3345 non
749 3299 852 3354 est,
885 3297 940 3344 et
974 3289 1334 3345 afﬁrmatione
1379 3288 1499 3358 ejus
1539 3291 1682 3358 quod
1717 3297 1834 3356 est,

261 3385 396 3438 illud
432 3383 784 3453 intelligentia
816 3383 1260 3440 complectamur.
1303 3383 1536 3440 Sanctus
1565 3383 1836 3438 Maximus

261 3477 316 3530 iii
350 3476 674 3547 Theotogici‘s
706 3492 724 3529 :
752 3475 854 3542 Qui
885 3475 1322 3545 pnilosOpbatur,
1355 3476 1575 3546 inquit,
1614 3479 1679 3531 de
1716 3475 1826 3530 Deo

261 3569 479 3643 aiciido,
529 3567 766 3624 Verbum
828 3567 959 3622 facit
1003 3583 1221 3623 carnem
1251 3607 1268 3632 ,
1322 3570 1451 3623 dum
1501 3585 1608 3622 non
1662 3577 1838 3638 potest

267 3662 505 3726 aliunde,
541 3676 703 3751 qua'm
742 3675 809 3714 ex
863 3659 932 3714 iis
983 3674 1103 3729 quae
1136 3659 1410 3714 cernimus
1443 3667 1497 3714 et
1527 3670 1836 3714 contrecta-

269 3767 417 3814 nius,
445 3752 611 3804 Deum
647 3750 978 3819 cognoscere
1003 3759 1263 3822 tanquam
1287 3765 1547 3814 causam;
1582 3750 1674 3820 qui
1711 3763 1838 3803 vero

1940 3196 2094 3267 togiie
2127 3210 2146 3249 :
2174 3194 2286 3249 Mea
2312 3194 2497 3262 igitur,
2530 3193 2729 3261 inquit,
2761 3193 3002 3262 precatio
3021 3191 3133 3247 hzec
3163 3193 3253 3256 sit,
3285 3202 3340 3246 tu
3364 3207 3515 3259 vero,

1941 3291 2117 3347 amice
2182 3288 2491 3349 Timothee,
2544 3288 2815 3355 relinque,
2851 3283 3156 3339 vehementi
3219 3283 3403 3338 studio
3467 3294 3522 3340 et

1943 3383 2338 3440 exercitatione
2400 3379 2802 3444 contemplandi
2847 3392 3066 3442 arcana,
3125 3386 3238 3432 tum
3301 3391 3520 3436 sensus.

1945 3489 2056 3531 tum
2093 3474 2291 3530 mentis
2323 3471 2731 3540 intelligentias,
2774 3478 2828 3523 et
2879 3469 3059 3523 omnia
3103 3484 3224 3538 quae
3253 3470 3356 3523 sub
3397 3485 3522 3524 sen-

1943 3583 2064 3624 sum
2094 3578 2149 3622 et
2199 3563 2610 3634 iutelligeiitiaiu
2663 3561 2887 3624 cadunt,
2922 3577 2985 3616 ac
3024 3565 3204 3614 omnia
3258 3577 3380 3628 qua:
3408 3578 3516 3615 non

1945 3668 2075 3715 sunt
2105 3659 2202 3729 (l),
2237 3669 2291 3712 et
2323 3673 2442 3726 qua:
2470 3666 2618 3718 sunt,
2646 3665 2700 3710 et
2721 3663 2994 3724 quantum
3026 3653 3230 3708 vii-ibus
3258 3655 3518 3722 consequi

1947 3750 2154 3821 poteris
2179 3749 2244 3804 ad
2265 3749 2388 3819 conj
2405 3749 2714 3804 unctionem
2738 3760 2862 3800 cum
2886 3760 2952 3800 eo
2974 3759 3137 3814 supra
3154 3736 3526 3812 omnemsuli-l

1749 3866 2032 3928 Schoﬁa.

339 3975 417 4041 (l)
447 3971 620 4040 Supra
642 3989 843 4027 omnem
872 3973 1214 4030 oblationem.
1233 3975 1331 4031 Est
1362 3972 1558 4044 positio
1585 3974 1839 4043 simplex,

265 4055 326 4100 ut
346 4047 488 4096 Deus
520 4054 603 4114 est
639 4045 771 4104 vita,
805 4045 1044 4107 bonitas,
1094 4045 1253 4114 lapis,
1287 4055 1373 4100 est
1427 4046 1589 4100 etiam
1639 4046 1840 4114 positio

265 4113 632 4185 liypotlietica,
667 4129 799 4185 cum
837 4113 1190 4185 aiiiriiiationi
1231 4115 1581 4184 adiungimus
1622 4129 1842 4183 compa-

263 4184 556 4248 rationem,
586 4192 645 4239 ut
664 4184 836 4252 magis
865 4193 947 4238 est
968 4184 1106 4239 Deus
1125 4185 1256 4248 vita,
1283 4199 1445 4253 quam
1463 4185 1625 4253 lapis,
1645 4193 1700 4238 et
1725 4199 1840 4238 ina-

264 4259 350 4324 gis
382 4253 616 4315 bonitas,
647 4268 809 4324 quam
836 4253 998 4322 ignis,
1033 4254 1304 4316 similiter,
1338 4253 1542 4309 ablatio
1581 4255 1838 4323 simplex,

265 4322 382 4378 sive
425 4325 658 4392 negatio,
694 4331 754 4376 ut
778 4322 920 4378 Deus
946 4337 1052 4377 non
1095 4332 1179 4378 est
1213 4325 1374 4393 lapis,
1409 4339 1518 4377 non
1550 4322 1835 4389 irascitur,

264 4405 317 4446 et
346 4394 542 4464 similia
594 4393 1024 4461 liypotlieticam,
1088 4405 1145 4447 ut
1174 4396 1346 4464 magis
1399 4407 1507 4464 non
1557 4403 1640 4448 est
1693 4393 1836 4448 Deus

1951 3983 2180 4030 vocatur
2203 3973 2428 4026 traditio
2454 3972 2830 4041 apostolorum
2865 3969 2989 4023 sine
3018 3968 3243 4041 scripto.

2022 4044 2101 4114 (4)
2149 4034 2554 4114 Αηίτηιαιὶοιὶςε
2585 4056 2706 4093 vero
2758 4034 3204 4114 non_congruiint.
3239 4034 3522 4114 Tanquam

1947 4108 2119 4175 falsae,
2147 4108 2276 4183 quia
2308 4127 2474 4182 supra
2503 4111 2726 4183 bas_est,
2759 4119 2844 4183 est
2875 4108 3036 4171 Deus,
3057 4116 3116 4162 ut
3145 4122 3250 4161 non
3274 4115 3362 4183 est
3391 4111 3525 4183 sub:

1948 4177 2182 4249 stantia,
2213 4184 2304 4237 sed
2341 4177 2503 4252 supra
2537 4179 3071 4252 substantiam;_noii
3103 4187 3188 4233 est
3241 4177 3375 4252 vita,
3407 4179 3522 4252 sed

1947 4270 2112 4323 supra
2145 4247 2332 4318 vitam;
2362 4247 2425 4306 et'
2455 4253 2572 4323 ideo
2592 4267 2702 4323 non
2735 4249 2959 4323 deliniri
2983 4257 3184 4315 potest,
3233 4247 3524 4323 quia'di-ti-

1947 4317 2085 4379 nitio
2113 4317 2328 4379 constat
2352 4338 2415 4377 ex
2448 4322 2828 4384 aﬂirmatione,
2861 4330 2914 4374 et
2947 4319 3062 4385 ipse
3111 4329 3195 4372 est
3243 4325 3410 4387 supra
3442 4317 3530 4370 af-

1948 4395 2308 4458 firmatiiines,
2338 4409 2460 4462 qua:
2497 4391 2545 4445 ei
2573 4407 2680 4462 non
2712 4396 3044 4462 congruunt.

265 4463 473 4527 cbiius,
523 4453 685 4530 quain
732 4479 838 4516 non
876 4472 979 4534 est
1012 4453 1628 4534 isermoné'iexplicatus
1669 4478 1833 4532 supra
1870 4457 1914 4514 D
2013 4464 2091 4534 (5)
2135 4453 2311 4529 Quam
2343 4453 2601 4532 negando.
2640 4461 2796 4534 Verbi
2823 4453 3086 4528 gratia,si
3107 4463 3382 4534 quaeratur
3407 4453 3522 4534 bis-

265 4541 559 4602 utrumque
579 4547 748 4602 genus
770 4531 1059 4602 positionis
1080 4533 1450 4602 etablationis
1473 4542 1556 4587 est
1588 4531 1755 4594 Deus,
1777 4535 1844 4586 de

267 4602 352 4654 bis
379 4601 601 4673 Dionys.
638 4616 761 4670 cap.
786 4615 842 4653 ιιι
865 4601 1096 4673 Militiae
1120 4601 1367 4670 Ilieolog.
1397 4603 1452 4656 iii
1481 4602 1844 4673 positionibus

269 4671 652 4741 liypotheticis,
683 4687 804 4740 quae
832 4673 1004 4740 magis
1059 4671 1168 4724 Deo
1217 4671 1576 4741 conveniunt,
1607 4672 1694 4725 illa
1725 4687 1856 4726 sor:

267 4740 476 4794 tiuiitui-
507 4741 638 4794 illud
673 4741 864 4810 inagis,
912 4749 972 4792 ut
1008 4741 1179 4807 magis
1206 4750 1288 4794 est
1330 4740 1472 4796 Deus
1509 4743 1642 4803 vita,
1678 4756 1844 4810 quam

269 4826 380 4874 aer,
407 4823 598 4864 contra
621 4825 750 4864 vero
773 4816 825 4863 iu
851 4811 1236 4872 ablatiouibus,
1257 4825 1380 4878 qua:
1403 4812 1693 4865 remotiora
1713 4819 1844 4864 sunt

267 4893 296 4931 a
325 4879 434 4933 Deo
467 4880 734 4948 recipiunt
761 4883 956 4945 magis,
988 4890 1044 4934 ut
1067 4883 1367 4949 inagisiion
1401 4882 1656 4936 irascitur
1678 4880 1843 4949 Deus,

267 4965 431 5020 quam
465 4965 576 5020 non
607 4951 944 5019 intelligitur.
981 4948 1191 5003 Rursus
1216 4965 1336 5019 cap.
1358 4967 1394 5004 ιι
1422 4949 1659 5020 Mysiis-ie
1686 4948 1852 5002 Theo-

267 5019 373 5088 log.
409 5036 425 5072 :
461 5017 800 5085 Positiones,
826 5020 1024 5089 inquit,
1078 5030 1206 5072 sunt
1241 5017 1582 5088 qumcuiiQue
1630 5022 1682 5072 iii
1747 5021 1854 5073 Deo

264 5091 543 5152 dicuntur,
572 5099 630 5142 ut
656 5093 702 5143 ei
731 5092 1000 5154 convenit,
1025 5099 1083 5144 ut
1109 5105 1228 5150 eus,
1259 5093 1592 5154 vita,luuicii
1621 5099 1673 5144 et
1693 5090 1798 5142 alia
1837 5104 1851 5140 :

267 5161 570 5213 ablatioiies
599 5173 780 5214 autem
813 5175 1156 5228 quaecunque
1205 5174 1233 5210 a
1275 5161 1383 5214 Deo
1419 5165 1594 5214 aliena
1655 5175 1859 5227 iii-gan-

268 5239 378 5290 tur,
419 5239 474 5282 iit
500 5246 608 5282 non
637 5239 722 5283 est
747 5246 944 5299 corpus
973 5229 1143 5292 Deus,
1176 5245 1283 5282 non
1312 5232 1516 5293 atiiiiia,
1546 5245 1646 5282 iiec
1697 5229 1857 5297 quid-

268 5315 433 5369 quam
466 5315 654 5353 eoriiiu
689 5317 810 5369 qua:
861 5303 914 5352 iii
956 5302 1324 5369 cognitionem
1355 5302 1576 5354 cadunt.

343 5368 427 5440 (2)
459 5368 817 5423 Dissimitibus
854 5368 1330 5424 nominationibus.
1393 5369 1695 5424 Dissimiles
1749 5383 1854 5421 no-

271 5443 605 5495 minationes
631 5450 787 5495 vocat
845 5455 967 5508 quae
994 5441 1184 5494 dicunt
1217 5443 1284 5495 de
1344 5456 1403 5494 re
1434 5455 1555 5510 qua:
1607 5447 1710 5503 est,
1745 5455 1853 5492 nou

280 5510 410 5579 quid
442 5513 533 5579 sit,
571 5514 664 5565 sed
696 5511 825 5579 quid
859 5525 967 5563 non
1004 5512 1096 5575 sit,
1132 5513 1280 5578 quod
1303 5522 1379 5564 est
1423 5511 1711 5564 dissimile.

355 5581 432 5649 (5)
477 5577 663 5634 Tacita
690 5577 932 5635 traditio.
969 5577 1216 5635 Traditio
1251 5584 1464 5636 occulta
1501 5577 1859 5636 sacerdotalis

362 5753 436 5824 ia)
471 5752 528 5807 iii
560 5753 809 5807 centuria
833 5747 891 5813 2,
925 5761 1042 5817 cap.
1083 5746 1171 5802 59.

1949 4527 2190 4604 quinque
2207 4543 2342 4604 quot
2365 4527 2533 4586 sunt?
2562 4527 2870 4604 expeditius
2903 4537 2986 4582 est
3038 4530 3394 4604 respondere.
3432 4527 3528 4576 de.

1949 4588 2078 4675 Scin
2101 4588 2444 4665 aﬂiriiiando,
2496 4588 2661 4668 quam
2696 4603 2876 4675 dicere
2913 4588 3201 4664 negando:
3235 4588 3530 4675 Non-sunt

1953 4673 2075 4738 tria,
2107 4689 2216 4728 non
2269 4667 2528 4742 quatuor,
2580 4685 2689 4724 non
2717 4670 2978 4740 quinque,
3039 4681 3149 4719 non
3213 4667 3424 4735 viginti,
3476 4677 3529 4716 ct

1949 4743 2229 4798 deinceps.
3131 4753 3138 4764 ‘
3209 4751 3214 4754 '

2022 4759 2407 4882 (ἓῖϐἓῒοηιηξα
2436 4825 2554 4879 quis
2582 4825 2687 4862 non
2711 4805 3039 4882 sunt._Pi-iiis
3057 4804 3266 4882 dixerat
3286 4821 3298 4857 :
3322 4803 3533 4882 Eteni-

1955 4875 2046 4937 nia
2072 4875 2198 4951 qua:
2231 4883 2335 4938 sub
2367 4875 2590 4951 sensum
2627 4887 2704 4951 det
2734 4880 2836 4951 sub
2865 4875 3275 4951 intelligentiam
3301 4875 3528 4951 cadiiiii;

1960 4943 2106 5007 idem
2134 4969 2282 5006 nunc
2307 4955 2370 5002 ὲκ
2394 4949 2742 5019 παραλλήλου
2786 4943 3207 5019 ἀροιιιηιιξευιιι
3265 4946 3338 4997 ait
3381 4961 3394 4996 :
3447 4943 3532 5019 ac

1961 5025 2146 5077 omnia
2171 5037 2294 5092 quae
2327 5037 2435 5075 iiuii
2463 5014 2759 5092 suntfhaec
2779 5019 2925 5072 enim
2951 5015 3280 5085 respondent
3315 5014 3536 5068 sensili-

1963 5094 2088 5155 bus,
2113 5090 2230 5160 quie
2253 5099 2462 5147 veteres
2488 5090 2745 5145 dicebant
2773 5104 2876 5142 non
2905 5101 3048 5146 esse,
3083 5093 3141 5160 ut
3169 5100 3294 5160 qua:
3317 5097 3542 5137 omnem-

1966 5155 2324 5216 niutationeiii
2349 5171 2631 5230 caperent,
2654 5169 2706 5211 et
2730 5173 2836 5211 non
2862 5171 3077 5230 semper
3098 5157 3152 5208 in
3176 5155 3366 5230 eodem
3391 5162 3534 5230 statu

1967 5239 2171 5286 essent.
2260 5230 2329 5284 Et
2392 5221 2454 5283 ei:
2518 5221 2634 5298 quia
2687 5239 2831 5299 sunt.
2895 5221 3020 5299 Haec
3073 5225 3404 5299 respondent
3464 5221 3536 5299 ad

1972 5301 2060 5354 illa
2085 5302 2190 5355 sub
2247 5294 2657 5369 intelligentiam
2694 5298 2966 5369 cadentia.
3001 5294 3336 5369 liitellectilia
3391 5294 3536 5345 enim

1963 5372 2128 5424 iidem
2164 5367 2563 5442 _veteres_ﬁessc
2588 5367 2890 5442 dicebant,
2941 5367 3142 5442 quippe
3173 5380 3292 5442 ίιυξιξ
3315 5372 3540 5442 βειιιρετ

1960 5450 2142 5494 essent
2161 5439 2490 5494 immortalia
2516 5440 2794 5512 voluntate
2817 5437 3076 5512 auctoris,
3098 5445 3149 5489 et
3167 5435 3543 5512 substantiam

1963 5526 2071 5564 non
2102 5520 2402 5564 mutarent.
2435 5511 2662 5578 Proprie
2697 5508 2860 5577 igitur
2888 5517 3017 5563 sunt
3052 5501 3410 5559 intellectilia,
3438 5503 3544 5552 hoc

1971 5596 2226 5649 iiioiiyiiie
2255 5591 2442 5635 autem
2472 5579 2722 5634 sensilia.
