4048 6464
500 334 605 400 775

1659 321 1939 385 JOANNI
1951 323 1992 385 S
2030 321 2212 383 (ΞΥΡὰ
2226 319 2602 383 ΠῙΞΒῙΟΤίΕ

3632 323 3748 386 776

499 443 757 501 stantiam
818 445 873 492 et
937 432 1352 504 intelligentiam
1404 440 1508 498 est,
1564 430 1865 500 ignorando
1908 428 2068 484 adni-
2096 433 2141 489 Α
2168 428 2245 482 Ex
2263 430 2519 483 omnibus
2557 428 2722 498 igitur
2738 443 2860 498 qua:
2881 428 3143 484 hactenus
3164 427 3308 483 dicta
3328 430 3752 495 sunt,lirmlssi-

500 541 616 585 tcre
648 530 725 599 (1)
756 543 769 580 :
802 536 896 581 tua
931 526 1073 579 enint
1113 526 1304 586 libera,
1333 526 1510 577 soluta
1569 531 1620 577 et
1690 535 1824 590 pura
1870 534 2061 574 avoca-

507 622 657 675 tione
684 636 716 673 a
772 631 1004 686 corpore
1030 624 1085 670 et
1111 615 1181 669 ab
1209 614 1465 668 omnibus
1518 615 1682 668 rebus
1702 612 1788 668 'ad
1855 611 2068 667 radium

503 706 1089 780 suprasubstantialem
1146 705 1348 760 divinas
1384 704 1739 758 obscuritatis
1799 700 2070 759 detractis

500 801 757 855 omnibus
792 808 846 851 et
896 798 964 851 ab
1011 797 1268 851 omnibus
1328 795 1614 864 expeditus
1644 793 1957 849 adduceris.
1993 794 2073 848 Ac

501 907 692 946 rursus
716 891 855 943 idem
886 891 1062 958 capite
1093 888 1336 944 Secundo
1365 905 1377 939 :
1411 887 1466 941 ltt
1521 887 1643 953 hac,
1698 887 1892 955 ittquit,
1941 885 2075 940 cali-

500 982 646 1053 gina,
676 996 792 1049 qua:
830 981 1009 1034 luntt-n
1062 980 1251 1041 vincit,
1290 987 1349 1048 ut
1397 994 1494 1033 nos
1525 980 1721 1044 simus,
1767 992 2072 1044 precamur,

499 1060 670 1127 et'ut
735 1086 840 1124 non
912 1071 1144 1124 videndo
1197 1080 1252 1123 ct
1313 1071 1641 1140 ignorando,
1692 1070 1974 1123 videamus
2021 1077 2076 1123 et

502 1181 927 1238 cognoscamus,
959 1173 1013 1217 et
1036 1179 1161 1217 cum
1188 1166 1279 1234 qui
1310 1175 1395 1219 est
1428 1179 1593 1232 supra
1625 1178 1791 1232 quam
1816 1163 2076 1218 substan-

502 1259 598 1323 tia,
627 1272 793 1327 supra
818 1254 1176 1310 substantiam
1200 1257 1507 1320 laudi-mus,
1533 1254 1788 1309 omnibus
1815 1254 1976 1309 rebus
2008 1255 2077 1307 ab

451 1350 460 1365 '
505 1368 573 1402 eo
616 1349 912 1418 separatis,
947 1358 998 1401 et
1031 1349 1175 1400 illam
1212 1348 1498 1413 caliginem
1549 1346 1810 1410 divinam,
1861 1356 1981 1416 qua:
2009 1347 2078 1400 ab

509 1443 658 1493 onmi
690 1440 900 1493 lumine
927 1438 1070 1507 quod
1105 1437 1157 1492 in
1198 1437 1359 1490 rebus
1409 1447 1508 1500 tst,
1560 1436 1853 1504 obtegitur,
1883 1450 2079 1489 cerna-

512 1547 654 1586 mus.
682 1531 958 1585 Etiterum
996 1530 1135 1582 idem
1163 1529 1215 1581 in
1271 1529 1499 1595 etistola
1534 1530 1712 1597 prima
1756 1528 1823 1582 ad
1860 1528 2079 1595 Caium,

511 1623 784 1686 'l'encbrzt,
820 1622 1019 1693 inquit,
1052 1621 1259 1675 lumine
1291 1619 1541 1674 aufertul‘
1571 1629 1925 1688 ese-inspectu
1956 1637 2080 1674 om-

505 1713 683 1776 nium,
709 1723 763 1766 et
793 1712 1016 1781 COplOSO
1047 1711 1252 1764 lumine
1281 1711 1452 1778 magis
1501 1708 1737 1764 aufertur
1774 1726 1789 1774 ;
1817 1709 2085 1776 cognitio-

510 1820 606 1859 nes
638 1804 898 1859 auferunt
951 1803 1343 1872 ignorantiam,
1398 1810 1454 1855 et
1509 1801 1699 1854 multa:
1741 1801 2081 1870 cognitiones

507 1899 679 1962 magis
721 1895 898 1948 adhuc
920 1895 1191 1947 auferunt.
1248 1892 1371 1945 lla-c
1407 1893 1683 1959 superlate
1735 1891 1834 1959 (2),
1871 1900 1926 1946 et
1971 1907 2079 1945 nou

508 1988 788 2059 privanter
838 1986 1168 2055 intelligi-ns,
1217 1986 1516 2053 pronuntia
1586 1984 1889 2046 verissime,
1936 1983 2083 2052 quod

507 2079 598 2149 qtti
632 2077 1003 2145 habent,quod
1045 2085 1127 2129 est
1152 2076 1333 2128 lumen
1364 2073 1466 2148 (3),
1500 2083 1553 2128 et
1584 2075 1783 2128 habent
1809 2086 2084 2129 creatura-

509 2186 629 2226 rum
658 2170 1049 2240 cognitionem,
1086 2168 1216 2221 latet
1237 2181 1331 2221 eos
1364 2167 1633 2235 ignoratio
1657 2166 1751 2221 Dei
1784 2166 1886 2238 (ιι),
1917 2178 1969 2221 et
2001 2177 2080 2222 te-

510 2262 679 2316 nebra
718 2262 838 2329 ejus
900 2257 1275 2328 suuraposita,
1310 2266 1362 2310 et
1385 2257 1759 2312 omnilumiue
1790 2259 2082 2328 obtegitur,

508 2354 655 2406 omni
691 2351 1003 2420 cognitione
1034 2349 1399 2415 subducitur;
1427 2350 1547 2402 etsi
1573 2350 1699 2418 quis
1728 2347 1897 2404 Deum
1928 2350 2081 2416 vidit,

508 2454 563 2501 et
594 2445 850 2513 cognovit
877 2443 1019 2514 quod
1060 2442 1214 2503 vidit,
1242 2457 1352 2495 non
1385 2442 1523 2496 vidit
1546 2441 1735 2510 Deum,
1755 2444 1850 2507 sed
1877 2444 2083 2515 aliquid

506 2546 881 2591 creaturarum
910 2535 1049 2603 ejus.
1085 2541 1138 2587 et
1164 2549 1352 2587 eorum
1380 2549 1500 2602 quae
1531 2536 1848 2603 cognitione
1903 2539 2088 2608 perci-

516 2626 742 2687 piantur
772 2640 788 2677 :
820 2623 937 2691 ipse
963 2630 1141 2681 autem
1171 2634 1333 2688 supra
1376 2632 1609 2697 mentem
1635 2631 1688 2674 et
1720 2621 2083 2676 substantiam

510 2722 833 2770 constanter
853 2710 1209 2775 ntanens,ltoc
1224 2710 1341 2778 ipso
1362 2712 1505 2777 quod
1526 2724 1700 2779 neque
1714 2710 2082 2779 cOgnoscitur,

514 2818 609 2859 nec
634 2812 747 2865 cst,
768 2810 849 2855 est
869 2813 1033 2867 supra
1071 2797 1455 2860 subatautiam,
1474 2805 1542 2876 .et
1567 2811 1728 2867 supra
1749 2808 1979 2853 mentem
2002 2813 2085 2854 co-

511 2894 815 2964 gnoscitur,
834 2900 889 2944 et
904 2891 994 2944 illa
1013 2889 1268 2944 melioret
1287 2890 1540 2943 universa
1564 2890 1835 2958 ignoratio
1847 2890 2086 2960 cognitio

2170 537 2256 578 me
2279 531 2515 586 constat,
2530 522 2848 590 theologiam
2865 524 3158 591 generatim
3172 523 3228 576 itt
3256 534 3490 590 quatuor
3504 527 3753 594 partibus

2175 616 2386 669 versari
2417 630 2433 668 :
2471 616 2836 685 symbolicaut
2881 596 3104 685 quidem
3141 616 3197 671 itt
3231 614 3450 670 duabus
3478 616 3748 684 partibus,

2175 704 2509 774 imaginibus
2540 706 2768 770 scilicet,
2822 714 2880 761 et
2916 707 2969 760 in
3005 705 3230 773 verbis;
3270 706 3752 762 demonstrativam

2174 810 2306 850 vero
2359 796 2413 848 in
2445 795 2634 851 alteris
2661 796 2895 861 duabus,
2921 795 3130 851 scilicet
3157 795 3213 850 in
3246 796 3540 863 aientibus,
3570 806 3625 851 et
3655 813 3754 852 ne-
3777 780 3791 795 ⁸

2174 886 2432 956 gantibus
2455 903 2471 941 :
2498 889 2644 955 quod
2678 896 2861 941 autem
2883 887 3138 966 est‘ultra
3162 902 3326 949 quam
3353 874 3486 950 hac,
3514 887 3581 940 ad
3604 888 3751 957 igno-

2175 979 2441 1032 rationem
2472 978 2585 1044 Dei,
2607 980 2698 1049 qui
2730 994 2905 1049 neque
2922 979 3213 1049 cognosci,
3248 994 3423 1048 neque
3449 979 3617 1035 videri
3654 995 3757 1051 po-

2176 1079 2276 1131 test
2294 1071 2548 1140 pertinet,
2572 1086 2693 1140 quae
2719 1070 2937 1139 quidem
2968 1086 3072 1123 non
3096 1080 3179 1125 est
3209 1069 3378 1139 posita
3398 1086 3524 1141 pars
3542 1073 3759 1126 theolo-

2177 1165 2297 1231 giae,
2311 1178 2432 1232 quae
2448 1164 2590 1216 enim
2604 1162 2741 1217 'nata
2753 1174 2855 1222 est.
2873 1171 2931 1216 ut
2943 1176 3105 1231 supra
3122 1170 3354 1216 ments-tn
3375 1176 3752 1219 etscrmnnem

2178 1264 2231 1309 et
2253 1256 2518 1307 rationem
2546 1256 2879 1322 perficiatur.
2913 1255 3006 1308 ubi
3039 1269 3157 1307 eam
3188 1255 3537 1308 collocabunt
3563 1256 3652 1323 qtti
3686 1256 3756 1309 εἶθ

2193 1347 2297 1401 hac
2331 1361 2389 1399 re
2423 1348 2715 1414 quaerunt?
2765 1348 2866 1399 nisi
2909 1348 3050 1400 hanc
3108 1356 3343 1416 partem,
3385 1348 3752 1415 cognitionem

2194 1427 2361 1504 supra
2424 1443 2667 1488 mentem
2707 1449 2903 1489 vocare
2934 1444 3179 1490 Statuant
3216 1451 3405 1489 omnes
3465 1435 3588 1492 illos
3618 1451 3755 1505 prm-

2182 1526 2362 1581 claros
2389 1537 2442 1581 et
2467 1528 2686 1581 divinos
2707 1528 2871 1592 viros,
2911 1531 3032 1597 qui,
3078 1539 3138 1583 ut
3163 1529 3295 1582 mihi
3327 1532 3559 1595 videtur,
3594 1544 3662 1584 ex
3690 1544 3755 1583 eo

2186 1621 2337 1687 quod
2363 1618 2510 1673 illam
2531 1619 2743 1688 experti
2767 1629 2914 1685 sunt,
2939 1636 3136 1674 nomen
3162 1635 3211 1675 et
3232 1621 3629 1685 indidet~ut.t,et
3644 1635 3752 1675 non

2187 1726 2255 1767 ex
2301 1711 2776 1765 demonstratione
2797 1713 3074 1782 quapiam.
3101 1712 3430 1781 Conjuuctio
3461 1715 3605 1768 enim
3631 1728 3754 1769 cunt

2186 1801 2295 1856 Deo
2315 1818 2478 1870 supra
2511 1788 2771 1867 mentem,
2808 1804 2858 1857 id
2889 1815 2995 1872 est,
3030 1805 3238 1875 ingredi
3270 1819 3365 1873 per
3399 1805 3753 1874 ignorantiam

2183 1892 2482 1961 perfectam
2522 1894 2577 1947 in
2614 1894 2743 1948 illud
2778 1895 3071 1958 inﬁnitum,
3120 1904 3174 1950 et
3198 1896 3342 1965 quod
3371 1895 3755 1966 comprehendi

2185 1999 2296 2040 non
2350 1997 2544 2053 potest,
2566 1994 2619 2040 et
2659 1987 2711 2039 iit
2749 1986 2973 2055 pelagus
3022 1988 3347 2061 immensum
3383 1997 3591 2042 natura:
3611 1987 3756 2057 ejus,

2182 2090 2237 2134 et
2270 2080 2359 2135 ubi
2391 2081 2570 2134 omnis
2601 2088 2799 2134 natura
2837 2080 3131 2151 defatigata
3167 2079 3315 2135 sistit
3340 2094 3422 2142 se.
3441 2089 3497 2134 et
3527 2081 3757 2137 ulterius

2185 2169 2435 2241 progredi
2469 2184 2576 2224 non
2607 2169 2794 2233 audet,
2833 2169 2978 2238 quod
3008 2184 3039 2223 a
3085 2170 3270 2225 divino
3303 2169 3536 2239 quodam
3567 2170 3759 2236 odore,

2183 2271 2238 2317 et
2266 2262 2499 2333 quadam
2539 2277 2571 2317 a
2595 2275 2825 2330 corpore
2853 2273 2908 2316 et
2934 2276 2967 2316 a
2992 2262 3259 2317 creaturis
3309 2260 3632 2315 avocatione
3650 2299 3666 2325 ,
3700 2260 3757 2315 iu

2185 2354 2517 2410 laudabilem
2576 2362 2632 2407 et
2656 2352 2879 2407 beatum
2915 2362 3141 2417 statum,
3171 2367 3279 2408 non
3309 2353 3485 2408 solum
3518 2353 3757 2408 admira-

2185 2444 2350 2499 bilius
2362 2460 2528 2513 quam
2547 2443 2654 2498 dici
2678 2445 2871 2513 possit,
2892 2444 2985 2498 sed
2999 2459 3162 2513 quam
3190 2444 3442 2514 intelligi,
3460 2444 3757 2513 aliquando

2186 2536 2443 2601 restituit,
2476 2535 2816 2605 conjunctio,
2856 2535 3103 2604 inquam,
3138 2536 3252 2590 htec
3281 2551 3406 2591 cum
3441 2536 3552 2591 Deo
3586 2551 3755 2603 supra

2150 2659 2165 2671 ~
2187 2637 2449 2689 mentem,
2477 2636 2530 2681 et
2576 2625 2861 2696 .ujusmodi
2888 2626 3072 2679 divina
3097 2628 3351 2690 exstasis,
3375 2625 3519 2679 nulla
3550 2625 3759 2694 species

2188 2717 2473 2787 theologia:
2525 2725 2657 2770 tunc
2684 2724 2967 2770 numerata
2997 2724 3101 2771 est.
3137 2716 3329 2770 Omnis
3352 2715 3497 2769 enim
3528 2714 3759 2771 scientia

2188 2812 2245 2861 ct
2296 2805 2641 2868 informatio,
2669 2819 2860 2859 eorum
2893 2820 3056 2860 causa
3080 2820 3199 2872 qua
3231 2807 3481 2886 sciuntur
3503 2816 3555 2859 et
3581 2801 3759 2858 infor-

2188 2910 2428 2961 utantur,
2471 2901 2528 2955 lit
2559 2917 2574 2964 ;
2614 2900 2702 2954 ubi
2730 2910 2910 2954 autem
2937 2899 3071 2954 nihil
3103 2901 3297 2954 horum
3323 2910 3426 2964 est,
3449 2914 3566 2969 quae
3596 2898 3757 2967 hujus

513 2996 590 3038 csl
611 2985 733 3051 ejus
766 2981 858 3050 qui
879 2988 963 3035 est
982 2994 1145 3047 supra
1173 2978 1354 3033 omnia
1391 2994 1512 3048 qum
1536 2979 1588 3033 ἱιι
1610 2981 1972 3048 cognitionem
1999 2996 2091 3035 ca-
2119 2995 2163 3057 ο
2197 2990 2449 3045 scientia
2473 3004 2564 3042 ars
2595 3004 2714 3043 esse
2733 2989 2960 3044 dicenda
2989 2990 3118 3045 est?
3146 2989 3215 3045 Ut
3245 2990 3407 3057 igitur
3451 2990 3591 3044 hanc
3629 3005 3758 3058 par.

512 3073 667 3128 dunt.
691 3071 752 3124 Et
774 3079 995 3125 sanctus
1010 3069 1313 3124 Maximus:
1337 3066 1487 3122 Hanc
1500 3070 1693 3134 solam,
1710 3070 1906 3140 inquit,
1926 3070 2091 3127 habet

511 3161 657 3216 Dens
682 3177 862 3215 veram
886 3160 1269 3229 cognitionem,
1296 3175 1403 3213 non
1425 3160 1696 3229 cognosci.
1717 3160 1792 3214 Ex
1813 3161 1895 3214 his
1920 3171 2087 3229 patet,

517 3252 691 3307 Deum
747 3267 866 3307 esse
917 3264 1084 3319 supra
1133 3265 1349 3302 omnem
1387 3249 1802 3305 atiirntationem
1839 3262 1893 3306 et
1923 3265 2086 3322 nega-

513 3346 736 3408 tionem,
775 3351 828 3397 et
858 3356 958 3397 nos
1004 3342 1181 3396 solum
1231 3342 1536 3410 ignorando
1570 3342 1829 3411 perfecte,
1879 3354 1935 3398 et
1971 3361 2081 3399 tton

510 3436 763 3502 videndo,
787 3448 1120 3502 cognoscere
1149 3447 1298 3498 cum,
1323 3441 1378 3487 et
1433 3433 1502 3488 de
1562 3435 1627 3489 e6
1678 3434 2078 3505 philosophari.

2190 3091 2296 3134 tem
2343 3081 2588 3149 repetitis
2615 3081 3280 3149 capitibusexpediamus,
3326 3082 3756 3137 demonstratum

2187 3181 2274 3226 est
2338 3173 2611 3241 duplicem
2665 3187 2794 3228 esse
2859 3172 3188 3239 theologiam
3251 3172 3756 3237 demonstrativam;

2189 3263 2389 3318 deinde
2419 3263 2567 3332 quod
2603 3277 2702 3318 nec
2736 3265 2852 3318 haec
2892 3263 3011 3318 sine
3039 3272 3168 3334 typo
3207 3272 3263 3317 et
3304 3263 3589 3332 amigmate
3637 3279 3760 3318 cer-

2198 3356 2384 3419 nitur;
2421 3355 2582 3409 tt-rtio
2640 3353 2955 3415 necessario
2998 3355 3318 3408 conclusum
3348 3362 3454 3418 est,
3496 3354 3551 3408 in
3606 3354 3759 3409 omni

2193 3446 2467 3516 theol0gia
2502 3448 2711 3502 versari
2739 3446 3006 3518 rationem
3037 3447 3245 3511 speculi
3273 3454 3326 3501 et
3354 3450 3699 3516 aen'gmatum
3738 3463 3756 3499 :

2010 3578 2291 3653 Scholia.

582 3698 1005 3774 (ltignoraudo
1036 3702 1296 3774 adstitere.
1340 3700 1619 3772 Nusquam
1644 3704 1834 3774 magis,
1869 3703 2083 3760 aitsatt-

511 3771 953 3834 ctusMaaimus,
976 3773 1217 3827 declarat
1242 3771 1528 3842 Dionysius
1553 3775 1682 3842 quid
1713 3771 1782 3828 sit
1811 3790 1905 3842 per
1930 3775 2084 3842 igno-

513 3852 764 3914 ranttaur
792 3856 1153 3914 cognoscere,
1182 3843 1372 3914 Deum,
1415 3859 1578 3910 quant
1615 3858 1736 3910 cap.
1774 3859 1810 3897 tt
1846 3843 2086 3914 Mysticw

515 3912 833 3979 Tlieologia',
894 3922 947 3965 et
987 3915 1039 3965 in
1071 3912 1330 3980 epist._75,
1390 3915 1455 3966 ad
1508 3914 1838 3965 ltorotlteum
1876 3912 2084 3978 :Nota,

513 3978 866 4052 ittquit,cap.
889 3996 925 4035 tt
958 3978 1197 4050 Nynias
1230 3978 1545 4049 Theologia',
1599 3982 1701 4052 hoc
1724 3997 1848 4037 esse
1876 3984 1978 4038 sub
2003 3987 2089 4038 di-

515 4049 702 4105 vinam
733 4049 1029 4119 caliginem
1062 4052 1294 4120 ingredi,
1316 4068 1421 4122 non
1446 4049 1677 4104 videndo
1698 4060 1753 4104 et
1788 4056 2088 4122 ignorando

512 4124 721 4190 videre,
765 4129 821 4173 et
876 4135 1208 4189 cognoscere
1246 4121 1503 4188 quodest
1529 4133 1694 4188 supra
1722 4121 2000 4190 aspectum
2033 4133 2089 4177 et

520 4189 918 4258 mgnitiouem,
975 4191 1177 4249 videre.
1212 4190 1460 4258 inquam,
1506 4199 1561 4242 ct
1614 4189 1944 4259 cognoscere
1988 4193 2091 4247 hoc

518 4262 662 4327 ipso,
687 4262 828 4327 quod
870 4275 976 4328 non
1010 4262 1258 4313 videmus
1286 4274 1465 4327 neque
1503 4262 1909 4328 cognoscimus.
1938 4261 2004 4314 Et
2035 4263 2089 4317 in

518 4339 681 4397 epist.
706 4330 739 4383 5
774 4331 840 4381 ad
866 4327 1228 4401 D0_t:tllllt3tJ[ll,
1283 4329 1431 4382 illam
1476 4327 1885 4401 caliginettt,_in
1924 4347 2089 4401 quant

520 4402 911 4472 ingressus-est
939 4398 1244 4472 hioysesin
1286 4408 1472 4472 monte
1507 4401 1560 4452 iit
1588 4399 1771 4472 Exodo
1800 4398 2088 4472 (cupiit),

520 4469 906 4538 interpretatur
966 4469 1255 4538 Dionysius
1304 4470 1533 4537 mystice
1560 4484 1681 4523 esse
1727 4469 2088 4538 ignorantiam

521 4538 707 4599 istum,
741 4553 847 4606 qua
879 4539 1013 4592 dicit
1035 4537 1204 4592 Deum
1235 4540 1512 4606 cognosci,
1545 4539 1618 4592 ita
1650 4548 1708 4592 ut
1743 4537 1795 4591 in
1837 4540 1927 4595 illa
1956 4540 2089 4594 cati-

518 4620 644 4673 gnte
661 4609 731 4662 sit
748 4611 839 4676 qui
858 4609 1086 4663 habetur
1101 4609 1299 4676 dignus
1317 4619 1376 4661 ut
1393 4624 1516 4662 vere
1536 4612 1708 4661 videat
1724 4619 1778 4662 et
1796 4620 2092 4677 cognoscat

518 4681 712 4742 Deum,
735 4680 839 4731 hoc
859 4678 977 4747 ipso
996 4681 1137 4746 quod
1162 4695 1269 4729 non
1302 4678 1446 4731 ridet
1462 4693 1638 4748 neque
1660 4684 1965 4748 cognoscit,
1992 4680 2094 4735 hoc

526 4764 700 4815 tpsum
732 4764 1091 4815 cognoscens,
1112 4756 1253 4814 quod
1282 4758 1364 4801 est
1397 4764 1558 4814 supra
1589 4751 1770 4802 omnia
1804 4750 2092 4803 intellecti-

521 4820 610 4881 lta,
634 4828 703 4890 et
730 4820 973 4890 sensilia.
1011 4818 1199 4890 Divina
1229 4819 1642 4890 itaqttercaligo,
1668 4824 1742 4872 ait
1770 4819 2086 4890 Dionysius,

516 4900 600 4939 cst
631 4888 764 4940 illud
805 4889 987 4940 lumen
1021 4887 1388 4951 inacccswnt,
1419 4889 1468 4940 itt
1499 4906 1607 4956 quo
1638 4890 1886 4956 habitare
1915 4887 2088 4943 'Deus

516 4956 738 5023 dicitur,
779 4957 1054 5010 invisibile
1115 4959 1330 5023 quidem
1384 4970 1617 5027 propter
1664 4972 2087 5026 exsuperantem

515 5028 821 5081 claritatem
848 5037 903 5080 et
966 5030 1272 5079 inacessum
1311 5026 1530 5095 propter
1570 5026 1792 5080 nimiam
1848 5040 1902 5080 et
1924 5042 2091 5096 supra

519 5099 1266 5150 naturamttluminattottent.
1318 5107 1374 5148 In
1408 5100 1508 5149 hac
1552 5099 1784 5166 caligine
1839 5098 2089 5167 mystica,

524 5172 574 5217 td
601 5179 705 5229 est,
741 5184 795 5219 in
830 5168 930 5220 huc
966 5167 1365 5219 illumittatione
1401 5167 1815 5234 interpretatur,
1846 5178 1904 5220 ut
1929 5172 2090 5236 paulo

527 5247 652 5288 ante
682 5239 819 5299 dixi,
850 5251 974 5289 esse
1007 5251 1131 5289 cum
1174 5240 1267 5303 qui
1302 5253 1406 5305 non
1443 5239 1671 5289 vtuettdo
1702 5248 1753 5288 et
1790 5238 2089 5305 ignorando

524 5316 667 5358 videt
731 5321 854 5378 vute
892 5317 979 5378 “et
1034 5305 1315 5378 cognoscit
1379 5304 1572 5358 Deum.
1639 5307 1721 5359 Ad
1778 5304 2087 5378 intelligen-

522 5388 651 5447 dum
691 5377 833 5442 quod
871 5376 1077 5447 dictum
1112 5385 1216 5440 est,
1269 5377 1319 5429 id
1360 5388 1463 5436 ρει,
1498 5378 1772 5444 quomodo
1798 5376 1974 5447 caligo
2006 5388 2091 5431 est

523 5443 852 5496 illututttatto
889 5457 941 5495 et
977 5446 1282 5513 ignotatttta
1325 5443 1579 5517 cognitio
1619 5461 1633 5497 :
1683 5450 1872 5513 Sume,
1910 5443 2088 5517 inquit

524 5525 747 5567 sanctus
784 5517 1070 5586 Mentitus,
1106 5515 1434 5586 exemplum
1485 5520 1552 5568 ab
1588 5519 1747 5571 oculo
1798 5515 2084 5586 corporis:

522 5590 666 5648 quod
707 5586 850 5635 enim
882 5584 1042 5636 cilicii
1069 5584 1312 5638 absentia
1345 5586 1588 5649 luminis,
1614 5589 1818 5641 scilicet
1854 5584 2089 5641 vacatio-

523 5664 644 5701 nem
670 5666 863 5707 sensus
880 5656 1187 5720 oculorum,
1207 5658 1308 5709 hoc
1328 5655 1491 5710 enim
1510 5662 1783 5711 intendere
1803 5659 2088 5714 tixeacicm

523 5724 801 5774 oculotutn
833 5729 1094 5779 adversus
1113 5727 1244 5781 solis
1273 5730 1453 5783 radios
1481 5731 1729 5782 mettdic.

2262 3710 2339 3783 (2)
2362 3710 2411 3766 Η
2417 3728 2492 3767 ατ
2506 3713 2831 3783 superinice!
2853 3728 2956 3767 non
2970 3712 3261 3782 privanter.
3279 3710 3371 3773 Ne,
3388 3708 3587 3783 inquit,
3609 3710 3753 3778 quod

2192 3780 2280 3835 ait'
2300 3780 2535 3859 {Et‘non
2560 3780 2869 3859 secundum
2887 3780 3268 3859 privationem.
3293 3782 3591 3859 st-cuudttm
3621 3797 3751 3859 seu:

2194 3868 2315 3908 sum
2337 3851 2683 3907 coinmunem
2704 3851 3109 3919 intelligendum
3137 3867 3261 3906 esse
3276 3851 3591 3920 suspiceris.
3613 3851 3753 3920 quod

2195 3927 2342 3977 sicut
2398 3923 2634 3977 tenebrae
2685 3924 2891 3977 lumine
2920 3923 3225 3982 solvuntur,
3254 3929 3308 3974 cl.
3335 3921 3505 3976 ntulto
3551 3921 3756 3973 lumine

2198 3991 2432 4046 maxime
2460 3993 2767 4057 solvuntur,
2799 3999 2892 4045 aut
2937 3992 3078 4045 sicut
3122 3992 3448 4061 ignorantia,
3498 4005 3619 4059 qua:
3671 3998 3753 4061 ist

2197 4065 2434 4116 teuebra:
2493 4066 2764 4129 quaedam,
2827 4059 3417 4129 c0gnitione'tollitur,
3481 4071 3536 4114 et
3586 4059 3752 4129 multa

2190 4128 2764 4199 cognitionemaxime
2793 4131 3020 4194 tollitur,
3053 4129 3135 4184 sic
3167 4130 3468 4199 ignorantia
3533 4130 3601 4183 de
3646 4128 3753 4180 Deo

2193 4202 2390 4272 similis
2418 4203 2489 4254 sit
2513 4202 2833 4272 ignorantiae
2854 4216 2947 4268 per
2990 4200 3294 4272 ittscitiattt,
3318 4200 3427 4253 into
3451 4214 3558 4266 quo
3585 4200 3754 4264 magis

2196 4268 2702 4339 quisillumiitatur
2740 4269 2795 4323 in
2853 4271 3164 4337 cognitione
3205 4268 3321 4332 Dei,
3360 4281 3415 4339 et
3440 4285 3547 4337 quo
3585 4281 3756 4339 magis

2191 4337 2555 4409 cognitionem
2585 4340 2997 4407 colligiteorutn
3029 4354 3150 4407 quae
3178 4349 3323 4397 sunt,
3362 4337 3421 4392 id
3453 4348 3542 4409 est
3593 4337 3754 4390 ittth-

2193 4407 2480 4489 lectilium,
2519 4419 2572 4462 et
2603 4409 3402 4489 intelligentiamnaugeloruitt,
3450 4407 3667 4476 inquam
3700 4414 3758 4458 et

2197 4478 2530 4542 attimarum,
2562 4493 2625 4532 eo
2658 4477 2831 4548 ntagis
2852 4480 3152 4548 ascendens
3184 4479 3252 4531 ad
3288 4477 3535 4531 altiorem
3567 4489 3760 4543 cognt—

2194 4549 2396 4602 tionem
2441 4547 2869 4617 cogttoscet’hoc
2915 4547 3116 4615 ipsum,
3165 4563 3274 4601 non
3344 4561 3503 4614 posse
3555 4548 3758 4601 scilicet

2192 4616 2605 4686 comprehendi,
2634 4627 2688 4669 et
2719 4617 2983 4686 ignorari.
3012 4619 3191 4686 lumen
3231 4631 3352 4669 esse
3382 4627 3437 4669 et
3482 4616 3756 4685 cognitio-

2192 4703 2317 4741 nem
2374 4703 2539 4755 supra
2572 4685 2757 4740 omina
2786 4701 3021 4756 cognita.
3082 4685 3200 4739 Non
3247 4690 3412 4753 igttur
3458 4688 3757 4756 soi-nudum

2192 4751 2550 4831 privationem
2603 4759 2824 4831 dicitur_
2857 4751 3102 4831 ignorati
3139 4751 3309 4831 Deus,
3335 4757 3428 4809 sed
3457 4751 3756 4825 secunth

2192 4828 2614 4893 superlationem
2673 4829 3042 4896 cognitionis,
3626 4894 3635 4896 ,
3668 4848 3673 4853 “
3700 4878 3709 4893 .

2267 4898 2344 4964 (ὃ)
2377 4896 2482 4961 Qui
2514 4897 2706 4950 habent
2734 4894 2871 4966 quod
2895 4906 2971 4949 est
3027 4894 3221 4947 lumen.
3250 4894 3457 4949 Habere
3497 4894 3639 4963 quod
3674 4903 3761 4948 est

2193 4964 2376 5018 lttmen
2414 4970 2704 5045 _3igttilicat
2746 4964 2956 5021 habere
2989 4978 3353 5035 cognitionem
3394 4966 3637 5019 Veritatis
3690 4977 3759 5017 ex

2192 5046 2479 5089 ετυιιιιιηε.

2264 5107 2339 5176 (4)
2375 5104 2526 5158 Latet
2581 5120 2668 5157 eos
2695 5105 2984 5174 ignoratio.
3016 5102 3151 5168 Quia
3200 5119 3374 5173 neque
3420 5105 3601 5158 sciunt
3631 5104 3756 5167 hoc,

2192 5175 2337 5244 (ιιιοα
2369 5191 2493 5229 eum
2532 5176 2803 5243 ignorent;
2860 5189 2940 5228 sic
2986 5177 3127 5227 enim
3156 5191 3278 5228 eum
3313 5189 3583 5244 ignorare,
3615 5175 3758 5243 quod

2192 5260 2430 5299 sciamus
2460 5261 2561 5299 nos
2583 5247 2855 5312 ignorare,
2879 5247 3320 5312 quoddam'seire
3350 5255 3454 5299 est.
3493 5244 3611 5298 Non
3654 5246 3759 5297 ita-

2193 5331 2300 5383 que
2349 5319 2430 5370 sic
2465 5316 2807 5385 ignoramus,
2858 5315 3011 5382 quasi
3040 5315 3177 5368 alius
3209 5314 3409 5383 aliquis
3443 5325 3616 5379 setat;
3652 5328 3759 5366 non

2191 5385 2336 5438 enim
2370 5387 2479 5438 alto
2510 5385 2717 5437 sciente
2743 5400 2842 5437 nos
2867 5387 3202 5451 ignoramus,
3236 5394 3493 5453 tauquam
3521 5401 3613 5453 qut
3646 5400 3756 5436 non

2191 5456 2548 5509 didiCtﬂ'llllUS
2570 5459 2717 5521 quod
2757 5465 2906 5506 esset
2928 5467 3177 5520 ignorare
3201 5456 3495 5522 privanter,
3528 5472 3641 5509 sive
3667 5470 3758 5508 se-

2191 5532 2429 5579 cundum
2461 5525 2847 5594 privationem;
2884 5528 2977 5575 sed
3008 5524 3321 5591 ignoramus
3348 5534 3490 5593 quod
3522 5534 3588 5579 ab
3610 5522 3760 5577 omni

2192 5605 2443 5649 creatura
2488 5598 2794 5665 ignoratur,
2846 5603 3080 5665 etontnt
3113 5603 3375 5648 creatura:
3406 5611 3568 5664 supra
3597 5596 3759 5665 quam

2191 5665 2437 5732 ignotum
2458 5662 2565 5730 est,
2604 5664 2748 5733 quod
2775 5670 2859 5718 cst
2905 5662 3155 5732 ignorare
3192 5680 3343 5735 supet
3360 5662 3482 5721 late.
