4048 6428
243 392 354 454 ’777

1036 393 1272 455 DECAS
1318 391 1434 454 HI.
1466 414 1536 428 -
1573 389 1672 450 DE
1713 387 2017 454 DIVINIS
2062 385 2748 454 EMANATIONIBUS.'

3401 387 3512 454 778

251 518 314 554 ex
353 515 464 570 quo
501 499 857 570 sequebatur,
884 514 981 555 cos
998 503 1088 570 qui
1130 501 1312 556 adhuc
1338 501 1392 554 in
1416 513 1642 570 corpore
1665 507 1816 562 sunt,
1845 498 1894 559 Δ
1923 509 2070 550 nono
2106 495 2419 550 continetur
2445 495 2806 564 comparatio,
2841 491 2975 564 quid
3043 493 3278 565 amplius
3331 494 3508 550 valeat

248 607 357 648 non
419 606 578 660 posse
623 592 743 646 sine
795 590 1079 660 corporeis
1130 593 1198 646 de
1263 591 1374 646 Deo
1425 590 1823 661 philosophari;

249 683 442 750 quinto
511 681 650 745 loro,
711 696 888 750 neque
934 681 1276 750 phantasiam
1307 680 1424 745 Dei,
1450 681 1505 736 id
1530 690 1614 736 est
1635 681 1828 750 cogni-

252 775 452 826 tionem
481 771 601 840 ejus
641 787 736 840 per
765 780 923 841 typos
953 779 1007 825 et
1064 773 1328 841 imagines
1371 787 1531 840 posse
1561 788 1660 828 nos
1689 773 1828 826 inte-

253 879 404 932 gram
437 876 488 917 et
521 873 688 916 totam
723 865 1003 932 suscipere
1053 873 1275 934 propter
1307 879 1597 934 corporum
1631 863 1820 918 ﬂuxio-

243 971 394 1019 nem;
422 953 678 1022 deinceps
708 965 864 1007 sexto
916 953 1112 1022 capite,
1156 956 1200 1009 si
1244 970 1344 1011 nos
1380 958 1450 1009 ita
1495 955 1699 1009 inlirmi
1733 969 1829 1008 su-

245 1061 399 1109 mus,
455 1060 802 1115 nequaquam
873 1047 1242 1115 cognitionem
1303 1046 1423 1116 ejus
1475 1035 1826 1102 estnaturali

239 1136 735 1207 repraesentatione
777 1144 1067 1202 tentemus,
1113 1146 1209 1192 aut
1263 1153 1388 1194 esse
1426 1138 1603 1209 ipsmn
1659 1153 1724 1194 ex
1761 1138 1829 1194 iis

236 1244 366 1299 quin
400 1225 708 1294 intelligunt
765 1234 859 1279 aut
888 1227 982 1296 qui
1007 1227 1408 1298 intelliguntur,
1430 1227 1828 1296 existimemus;

245 1317 486 1386 septimo
521 1317 697 1384 capite
723 1315 1066 1382 continetur,
1123 1317 1169 1372 si
1240 1332 1418 1387 neque
1467 1332 1572 1373 nos
1606 1327 1831 1387 propter

248 1421 454 1474 corpus
491 1403 668 1458 idonei
714 1419 908 1457 sumus
958 1402 1022 1456 ad
1059 1404 1554 1474 philosophatnlum
1593 1407 1659 1461 de
1695 1405 1826 1472 Deo,

253 1509 432 1564 neque
473 1494 613 1548 Deus
656 1503 874 1569 propter
905 1495 1245 1550 excellentia:
1273 1497 1700 1565 superlationem
1735 1512 1832 1567 po-

245 1595 359 1639 test
410 1588 810 1654 campi-clienti,
855 1588 998 1640 unde
1063 1597 1277 1656 Oportet
1315 1603 1536 1645 sumere
1593 1589 1661 1645 ad
1691 1590 1818 1660 phi-

247 1675 647 1744 losophandum
703 1676 770 1731 de
827 1677 934 1730 eo?
965 1677 1226 1734 concluso
1253 1688 1457 1747 autem,
1503 1679 1827 1736 sumendum

245 1783 374 1820 esse
395 1780 459 1819 ex
493 1766 562 1820 iis
602 1783 724 1836 qua:
753 1778 882 1821 sunt
916 1769 1118 1823 circum
1152 1771 1356 1839 ipsum,
1413 1785 1536 1840 qua:
1602 1771 1823 1840 quidem

243 1867 375 1911 sunt
407 1870 695 1923 creaturae,
721 1859 1065 1925 qumrebatnr
1094 1862 1302 1925 deinde,
1338 1875 1408 1916 an
1441 1863 1578 1917 forte
1619 1864 1819 1920 summi

247 1949 481 2019 theologi
517 1950 990 2020 praestantiot‘ibtls
1017 1967 1181 2022 quam
1222 1953 1643 2018 sinlcrcatttra,
1700 1953 1822 2023 phi-

242 2038 608 2109 l050phantur
641 2057 655 2092 :
695 2051 920 2097 ostenso
953 2050 1134 2097 autem
1176 2043 1300 2109 hoc,
1337 2059 1441 2099 non
1474 2045 1693 2101 aliunde
1719 2046 1822 2101 sci-

242 2133 370 2189 licet
391 2148 555 2204 quam
600 2148 664 2188 ex
713 2133 979 2190 creaturis
1006 2149 1101 2190 eos
1134 2149 1294 2206 agere
1340 2135 1408 2192 de
1467 2137 1596 2204 Deo,
1648 2138 1824 2208 capite

1930 588 2199 659 theologia
2253 603 2377 658 quae
2435 599 2616 658 negat,
2669 602 2834 657 quam
2876 602 2998 657 qua:
3057 587 3136 642 ait
3180 605 3194 641 :
3237 586 3506 642 concluso

1930 690 2134 743 autem,
2173 682 2346 749 magis
2378 679 2654 750 propriam
2719 679 3048 749 theologiam
3083 693 3210 734 esse
3237 693 3362 748 qua:
3385 693 3510 732 ver-

1926 780 2080 826 satur
2139 770 2196 824 in
2255 771 2599 839 negantibus,
2643 786 2806 839 quam
2836 786 2957 839 qua
2993 769 3048 824 in
3103 768 3375 824 aientibus
3405 787 3419 835 ;
3454 778 3510 824 et

1929 865 2076 934 quod
2107 864 2195 918 hic
2231 880 2336 918 non
2371 875 2502 920 sunt
2549 865 2690 918 inter
2733 880 2793 920 se
2810 864 3085 919 contraria
3134 863 3385 932 negantia
3453 872 3510 918 et

1925 955 2156 1020 aientia,
2188 954 2396 1009 exstitit
2425 955 2692 1009 decimum
2717 967 2872 1023 caput
2905 970 2970 1008 ex
3007 953 3200 1023 positis
3234 969 3249 1006 :
3289 952 3334 1008 si
3361 952 3508 1007 enim

1927 1063 2038 1102 non
2076 1045 2524 1106 suuteontraria.
2561 1046 2890 1113 relinquitur
2918 1055 2977 1099 ut
3004 1058 3166 1114 :equo
3225 1043 3510 1098 intervallo

1930 1141 2100 1193 amhre
2129 1137 2462 1207 theologiam
2499 1137 2608 1192 Deo
2635 1138 2852 1202 absint;
2889 1138 3069 1205 sitque
3102 1137 3321 1190 demum
3368 1136 3514 1190 Deus

1928 1242 2096 1297 Supra
2153 1243 2369 1285 onmem
2405 1227 2749 1298 negationem
2792 1235 2846 1281 et
2897 1225 3336 1292 allirmationem,
3389 1239 3512 1292 qua:

1928 1331 2014 1377 est
2040 1321 2280 1392 cognitio
2306 1321 2448 1392 ejus,
2475 1330 2529 1375 et
2553 1319 2854 1388 theologia,
2887 1319 3022 1372 nihil
3059 1319 3313 1374 videlicet
3335 1318 3403 1372 de
3445 1330 3512 1371 eo

1931 1425 2265 1481 cognoscere
2291 1423 2386 1468 aut
2419 1411 2814 1482 philosophati,
2849 1411 2946 1467 sed
2969 1412 3152 1481 potius
3183 1410 3510 1470 uescientor.

1937 1511 1994 1557 et
2022 1503 2140 1557 sine
2167 1501 2317 1558 omni
2364 1502 2718 1572 intelligentia
2761 1517 2948 1557 eorum
2979 1517 3102 1572 qua:
3155 1501 3513 1570 intelligentia

1932 1592 2329 1662 percipiuntur,
2351 1607 2478 1649 cum
2509 1607 2576 1648 eo
2631 1591 2890 1661 conjungi
2919 1600 2977 1646 et
3030 1591 3298 1661 copulari.
3341 1592 3518 1646 Aliso.

1933 1683 2045 1738 luta
2075 1685 2238 1751 igitur
2270 1691 2402 1740 sunt
2431 1685 2567 1750 haec,
2584 1684 2659 1739 ita
2691 1693 2749 1738 ut
2778 1683 2913 1738 nihil
2932 1682 3096 1738 desit.
3131 1683 3301 1738 Recte
3325 1693 3510 1739 autem

1936 1775 2199 1844 theologia
2228 1774 2661 1830 demonstrativa
2689 1776 2910 1830 dicatur
2940 1783 3202 1843 tanquam
3253 1788 3320 1829 ex
3367 1774 3510 1830 aﬂiro
3562 1823 3567 1827 .

1929 1865 2268 1921 matiouibus
2300 1874 2354 1920 et
2382 1864 2763 1934 negationihus
2785 1863 3115 1929 constituta;
3153 1871 3208 1918 et
3231 1864 3360 1932 quia
3413 1881 3514 1918 su-

1929 1970 2028 2026 pra
2085 1955 2188 2010 has
2242 1953 2312 2010 ad
2353 1954 2500 2009 illam
2557 1951 2990 2023 inexplicabilem
3039 1961 3094 2007 et
3140 1953 3408 2008 occultam
3449 1967 3514 2011 ac

1930 2047 2214 2118 mysticam
2252 2045 2580 2116 theologiam
2611 2083 2629 2114 ,
2661 2059 2798 2118 qua.
2829 2045 3362 2102 demonstrationem
3389 2045 3515 2102 vin.

1929 2140 2027 2204 cit,
2049 2139 2312 2195 occurrit.

913 2411 1198 2488 TERTIA
1251 2415 1506 2478 DECAS.
1568 2441 1637 2452 -
1692 2413 1793 2468 DE
1862 2413 2164 2472 DIVINIS
2225 2407 2839 2474 EMANATIONIBUS.

735 2521 969 2580 CAPUT
1027 2523 1321 2580 PRIMUM.

240 2635 402 2702 Quod
415 2637 617 2705 duplex
641 2644 719 2690 est
747 2635 1038 2708 emanatio,
1066 2637 1249 2690 una‘in
1300 2635 1426 2704 Deo,
1448 2639 1622 2694 altera
1641 2650 1813 2708 extra,

633 2708 699 2758 ab
723 2709 834 2773 ipso
859 2705 969 2758 Deo
991 2707 1060 2758 ad
1081 2719 1408 2766 creaturam.

321 2797 556 2868 Magnus
609 2798 919 2866 Dionysius,
971 2799 1153 2866 capite
1217 2799 1459 2854 secundo
1508 2797 1584 2854 De
1621 2800 1819 2858 diuinis

245 2890 540 2942 nominibus
574 2904 587 2939 :
620 2886 732 2950 llas,
788 2885 1006 2956 inquit,
1055 2899 1186 2943 sunt
1237 2889 1470 2946 uniones
1521 2899 1570 2945 et
1615 2893 1820 2950 distin-

246 2984 455 3033 ctiones
493 2982 546 3032 in
613 2978 705 3032 illa
747 2978 1006 3032 inell'abili
1067 2980 1270 3034 unione
1306 2988 1365 3036 et
1401 2982 1664 3037 essentia.
1725 2982 1828 3039 Est

249 3082 428 3122 auum
479 3069 663 3124 dii-ina
724 3069 1005 3125 distinctio
1059 3071 1336 3126 emanatio
1394 3070 1564 3128 Deum
1619 3075 1832 3132 decens:

247 3163 446 3216 dii-ina:
478 3161 719 3226 ultionis,
773 3177 896 3231 quae
956 3176 1122 3232 supra
1168 3177 1329 3232 quam
1376 3165 1546 3230 unite,
1577 3165 1832 3222 bonitate-

1921 2529 1986 2584 ad
2020 2545 2078 2584 se
2136 2530 2313 2599 ipsum
2364 2533 2542 2580 motus
2591 2523 2712 2578 sine
2753 2521 3011 2578 distantia
3063 2517 3390 2574 iutermedia
3443 2535 3512 2580 ex

1930 2622 2234 2676 aeternitate
2263 2619 2316 2673 in
2351 2627 2604 2690 naturam
2639 2615 2805 2669 trium
2863 2625 3224 2682 personarum
3285 2610 3511 2666 desivit.

1928 2709 2055 2766 Haec
2088 2711 2250 2781 igitur
2277 2709 2554 2763 emanatio
2575 2716 2726 2761 mota
2759 2723 2787 2758 a
2821 2705 3013 2760 dit-ina
3051 2718 3286 2773 persona
3339 2702 3394 2755 in
3426 2703 3514 2756 di-

1924 2804 2085 2857 vinas
2143 2809 2429 2872 personas,
2468 2799 2523 2854 in
2558 2793 2856 2860 Trinitate,
2891 2795 2956 2850 ad
3002 2809 3166 2864 quam
3207 2802 3352 2848 mota
3404 2805 3514 2856 est,-

1925 2892 2192 2956 suhstitit,
2222 2901 2278 2947 et
2305 2891 2606 2946 motionem
2641 2903 2748 2943 non
2788 2898 3030 2942 creatam
3068 2884 3339 2939 exhibuit.
3380 2882 3514 2939 0m—

1927 2988 2016 3039 nis
2035 2985 2182 3037 enim
2206 2981 2486 3037 emanatio
2548 2979 2613 3032 lit
2640 2991 2809 3034 causa
2838 2991 3025 3031 eorum
3051 2987 3174 3046 quas
3225 2985 3510 3030 emanant.

1929 3077 2081 3130 Talis
2111 3074 2277 3146 igitur
2307 3081 2393 3129 est
2422 3070 2720 3136 emanatio,
2758 3067 2944 3140 qualia
2975 3074 3106 3122 sunt
3138 3081 3226 3133 ea,
3276 3067 3345 3121 ad
3387 3081 3514 3136 quia

1930 3165 2073 3222 facta
2110 3173 2196 3221 est
2215 3161 2514 3220 emanatio.
2548 3159 2607 3216 Si
2634 3161 2751 3215 hac
2784 3174 2891 3214 nou
2928 3166 3058 3213 sunt
3079 3167 3288 3220 creata,
3315 3165 3370 3212 et
3425 3157 3508 3209 in-

250 3253 339 3307 Dei
372 3253 786 3321 multiplicatur.
839 3253 992 3320 Quod
1026 3256 1248 3324 quidem
1289 3257 1604 3315 edisserens
1639 3261 1808 3317 inter-
1843 3271 1886 3329 α
1921 3257 2274 3328 telligentiam
2325 3255 2572 3315 vincunt,
2603 3251 2802 3307 similis
2827 3260 2882 3305 et
2917 3264 3016 3318 par
3050 3255 3134 3302 est
3175 3246 3258 3303 eis
3289 3261 3516 3300 emana-

242 3363 370 3416 pres
407 3363 422 3399 :
461 3345 533 3420 De
585 3346 975 3414 inexplicabili,
1037 3348 1236 3418 inquit,
1266 3347 1556 3406 Trinitatis
1592 3366 1818 3407 emana-

238 3441 390 3524 lim’te
431 3455 605 3508 usque
624 3438 694 3492 ad
743 3449 852 3494 tres
886 3453 1172 3508 personas,
1201 3440 1620 3511 philosophatur
1652 3458 1818 3510 nunc,

243 3530 388 3597 quod
417 3527 559 3584 Deus
588 3539 642 3583 et
660 3529 816 3583 Pater
842 3529 961 3584 sine
991 3540 1256 3600 tempore.
1284 3531 1677 3588 convenienter
1709 3532 1821 3589 Deo

243 3631 300 3671 et
336 3630 584 3674 amanter
623 3628 806 3673 uictus
841 3621 1108 3688 processit
1143 3623 1210 3676 ad
1246 3622 1656 3678 distinctionem
1694 3638 1820 3694 per-

246 3720 529 3770 sonarum,
579 3709 788 3779 absque
819 3709 1201 3764 imminutione
1241 3723 1296 3768 et
1352 3715 1645 3782 partitione
1677 3717 1730 3770 in
1762 3731 1823 3772 se

249 3806 370 3849 toto
421 3812 669 3874 manens,
705 3803 924 3870 proprio
955 3802 1075 3870 ejus
1105 3803 1397 3872 splendore
1431 3820 1595 3874 supra
1656 3822 1820 3875 quam

245 3891 420 3952 unite,
445 3899 494 3942 et
527 3905 689 3958 supra
716 3907 876 3959 quam
899 3894 1224 3962 simpliciter
1255 3897 1481 3962 emisso,
1513 3911 1571 3950 ut
1593 3900 1819 3953 exsiste-

246 3989 331 4032 ret
366 3988 625 4048 tauquam
658 3983 835 4051 imago
873 3984 991 4038 viva
1018 4001 1035 4050 ;
1072 3995 1127 4039 et
1159 3985 1363 4054 Spiritu
1405 3999 1594 4042 sancto
1621 4003 1688 4042 ex
1720 3986 1823 4042 Pa-

245 4079 328 4122 tre
368 4074 704 4139 vent-rando,
740 4083 795 4127 et
843 4089 1007 4144 supra
1061 4092 1224 4146 quam
1275 4081 1586 4146 perenniter
1626 4094 1820 4151 proce-

241 4161 425 4222 dente,
478 4164 622 4218 sicut
669 4165 936 4220 Dominus
968 4167 1128 4222 docet
1156 4167 1246 4220 ὀι
1299 4166 1394 4222 Dei
1438 4178 1620 4223 autem
1657 4170 1816 4222 honi-

242 4261 349 4303 tate
378 4266 544 4305 causa
577 4257 825 4308 ominum
850 4256 900 4305 in
935 4254 1397 4324 tribus-personis
1419 4256 1621 4311 divinis
1673 4257 1816 4310 mul-

1927 3349 2024 3412 tio,
2058 3362 2180 3417 quae
2206 3347 2270 3400 ad
2305 3360 2369 3401 ea
2403 3345 2520 3415 ipsa
2560 3343 2640 3399 lit.
2675 3342 2742 3396 Et
2789 3350 3048 3412 praeterea
3106 3339 3159 3392 iu
3213 3339 3512 3408 suprasuh-

1925 3439 2168 3496 stantiali
2203 3437 2472 3492 Trinitate
2522 3435 2628 3489 alia
2677 3435 2910 3489 diversae
2946 3431 3173 3485 rationis
3201 3428 3506 3493 distinctio,

1921 3545 2046 3601 qua:
2075 3529 2141 3584 ad
2169 3539 2448 3584 creaturas
2477 3535 2720 3592 emanat;
2741 3535 2797 3579 et
2828 3523 2938 3578 hac‘
2961 3521 3308 3578 emanatione
3341 3533 3499 3575 crea-

1923 3631 2076 3677 turas
2115 3622 2247 3676 istas
2292 3619 2456 3674 eﬂicit
2501 3617 2766 3672 Trinitas.
2810 3615 2965 3682 Quod
3023 3613 3070 3668 sl
3099 3612 3200 3666 alia
3233 3613 3375 3666 ratio
3414 3619 3545 3673 est‘,

1926 3714 2088 3785 hujus
2111 3709 2504 3776 distinctionis,
2536 3711 2706 3778 liquet
2758 3708 2813 3762 in
2845 3706 2953 3761 illis
2977 3703 3112 3774 ipsis
3126 3717 3246 3758 eam
3287 3705 3494 3772 perlici,

1923 3807 1988 3858 ad
2022 3818 2146 3876 qua
2170 3803 2470 3858 emanavit.
2498 3798 2769 3865 Quocirca
2795 3811 2904 3851 non
2939 3804 3024 3850 est
3047 3793 3367 3859 obscurum,
3391 3794 3499 3846 du-

1923 3894 2116 3964 plii-em
2137 3907 2258 3948 esse
2295 3889 2728 3964 emanatiouem,
2759 3899 2927 3940 unam
2957 3884 3172 3940 scilicet
3203 3897 3310 3954 qua
3358 3881 3512 3939 Deus

1921 3963 1975 4040 et
2003 3985 2162 4039 Pater
2206 3986 2258 4037 in
2311 3963 2374 4038 se
2403 3983 2636 4037 univoce
2662 3987 2844 4034 motus
2859 3985 2964 4044 est;
2992 3978 3247 4041 alteram,
3281 3990 3390 4047 qua
3420 3976 3490 4032 ad

1921 4085 2231 4129 creaturam
2279 4073 2579 4142 aequivoce,
2615 4071 2666 4124 id
2704 4077 2814 4134 est,
2847 4067 2942 4123 illa
2991 4065 3336 4132 naturaliter,
3391 4066 3494 4120 hac

1918 4165 2240 4219 voluntarie.
2283 4161 2458 4218 Simul
2499 4161 2936 4216 demonstratum
2967 4165 3080 4223 est,
3120 4168 3339 4211 omnem
3383 4156 3499 4211 dit-

1919 4257 2234 4311 tinctionem
2271 4254 2434 4324 hujus
2463 4253 2533 4308 ab
2564 4251 2657 4306 illo
2696 4250 2994 4307 motionem
3043 4244 3336 4318 quamdam
3378 4260 3502 4301 esse

241 4341 483 4409 tiplicata
527 4354 633 4396 est.
691 4347 820 4398 ltent
854 4337 1152 4411 Gregorius
1180 4344 1489 4415 Theologus
1525 4346 1840 4416 disputans.
1917 4356 1971 4398 et
1998 4343 2435 4398 distinctionem.

237 4445 435 4490 Pontia
471 4436 796 4502 Eunomium
831 4453 848 4490 :
885 4439 978 4492 Est
1041 4453 1170 4494 vero
1224 4439 1413 4504 etiam,
1473 4438 1667 4509 inquit,
1708 4441 1816 4494 alio

235 4530 398 4580 modo
428 4528 710 4581 distinctio
760 4528 968 4590 divina,
1021 4529 1295 4585 emanatio
1351 4530 1444 4584 Dei
1485 4533 1555 4586 ob
1587 4531 1810 4586 nimiam

241 4618 534 4673 bonitatem
578 4622 645 4674 ad
684 4609 1077 4676 multilormcm
1110 4623 1443 4677 creationem
1502 4625 1812 4693 aspectabi-

228 4706 439 4775 lem,et
473 4725 581 4764 non
616 4713 1024 4780 aspectaliilem.
1085 4713 1162 4767 Ex
1199 4715 1286 4769 his
1315 4727 1496 4769 autem
1531 4716 1593 4770 lit
1625 4718 1799 4770 mani-

229 4801 452 4863 festum,
482 4806 629 4872 quod
657 4805 798 4861 Deus
831 4816 883 4860 et
905 4805 1149 4860 Patet-ad
1183 4822 1280 4862 sua
1315 4807 1585 4862 manando
1606 4807 1805 4864 Filium

228 4895 854 4963 suprasubstantialem,
915 4909 968 4953 et
1032 4899 1297 4968 Spiritum
1357 4913 1632 4967 sanctum,
1694 4905 1806 4959 duo

251 4984 393 5040 titius
424 4996 476 5038 et
501 4987 742 5054 ejusdem
770 4991 1078 5046 divinitatis
1103 4992 1308 5046 lumina
1346 4995 1575 5049 univoee
1607 5007 1800 5064 protu-

228 5110 234 5120 .
293 5113 310 5139 ,
347 5077 496 5130 nullo
532 5082 694 5153 modo
727 5097 758 5134 a
789 5101 848 5137 se
873 5100 992 5154 Ipso
1017 5093 1132 5139 toto
1161 5099 1434 5149 egressus,
1467 5087 1562 5141 sed
1625 5089 1804 5156 potius

298 5241 344 5273 '°
393 5241 549 5297 Jnan;
587 5261 674 5300 xv.

2535 4447 2764 4512 CAPUT
2803 4451 2871 4509 ll.

1920 4578 2074 4645 Quod
2108 4579 2280 4633 omnis
2323 4593 2489 4632 causa
2540 4585 2592 4630 et
2645 4584 2830 4630 motus
2872 4583 2924 4630 et
2973 4574 3315 4645 principium,
3363 4573 3503 4642 quod

1838 4635 1893 4696 D
1923 4635 1960 4645 w
1987 4661 2210 4718 propter
2262 4647 2591 4718 gmerabilia
2641 4649 2859 4718 dicitur,
2934 4635 3205 4716 generatio
3238 4635 3343 4708 est,
3375 4635 3503 4712 'qua:

1985 4716 2107 4772 cum
2135 4716 2332 4786 effectis
2364 4717 2492 4786 ipsis
2517 4716 2678 4769 simul
2705 4716 2960 4784 efﬁcitur.

1987 4809 2223 4866 Sanctus
2245 4808 2516 4864 Maximus
2542 4807 2596 4862 in
2623 4807 3074 4878 interpretatione
3099 4807 3251 4865 illius
3282 4817 3503 4864 senten-

1917 4902 2006 4956 tia:
2052 4899 2304 4970 Gregorii
2356 4898 2618 4968 Theologi
2666 4898 2743 4969 (α)
2783 4916 2796 4952 :
2833 4897 3064 4967 Propter
3096 4901 3193 4954 hoc
3250 4900 3432 4954 unitas
3469 4917 3516 4950 ιι·

1915 4993 2176 5063 principio
2209 5002 2351 5045 motu
2388 4991 2488 5061 (l),
2517 5000 2625 5046 etc.
2661 5007 2677 5044 :
2726 4991 2921 5059 Omne,
2951 4992 3154 5061 inquit,
3196 4993 3328 5047 illud
3355 4996 3499 5060 qttml

1921 5094 2145 5156 propter
2180 5098 2404 5139 causam
2449 5092 2562 5150 est,
2596 5091 2652 5139 et
2690 5090 2912 5154 propter
2955 5097 3183 5139 causam
3223 5095 3498 5146 movetur,

1697 5338 1972 5404 Schoha.

292 5464 369 5534 (I)
431 5463 648 5532 I‘rlpter
698 5469 791 5517 hoc
828 5475 1002 5519 mulas
1048 5483 1099 5535 αν
1127 5466 1386 5535 principio
1424 5476 1589 5519 mota.
1647 5464 1794 5519 Idem

237 5545 306 5587 Ill.
331 5548 412 5586 tut‘
447 5554 670 5588 saueius
703 5539 970 5589 Mutunus
1008 5553 1344 5606 prosequens
1384 5538 1582 5589 ibttlcttt
1618 5536 1796 5588 locum

234 5623 282 5661 is
313 5610 608 5668 creaturis,
641 5621 764 5674 Quae
810 5622 838 5657 a
871 5611 977 5659 Deo
1004 5605 1262 5676 tanquam
1315 5605 1588 5676 principio
1611 5617 1666 5660 et
1696 5607 1803 5659 line

289 5765 366 5831 (α)
411 5761 464 5814 In
498 5763 668 5830 prima
695 5761 942 5813 oratione.
970 5763 1036 5823 de
1063 5762 1222 5828 Filio,
1247 5777 1292 5819 et
1323 5781 1358 5818 ll
1393 5765 1458 5820 de
1519 5763 1840 5831 Theologta.

506 5857 774 5914 ΡΑῬιιοι..
811 5855 927 5912 Gtt.
981 5856 1158 5916 CLII.
1191 5881 1194 5884 '

1901 5467 2038 5520 liunt
2067 5476 2121 5520 et
2153 5477 2466 5533 moventur,
2487 5469 2770 5536 suhjungit
2796 5459 3220 5520 concludendo":
3251 5464 3366 5518 Una
3393 5463 3495 5536 iglf

1913 5545 2002 5588 tur
2027 5545 2110 5589 est
2140 5538 2260 5602 ejus
2289 5531 2568 5605 quodest,
2588 5531 3104 5606 'qtnimouocuuque
3130 5545 3236 5596 est,
3266 5545 3320 5586 et
3345 5531 3496 5599 quini

1916 5606 2224 5660 secandum
2256 5617 2510 5660 naturam
2546 5617 2818 5672 movetur,
2847 5621 3011 5661 causa
3047 5613 3308 5672 tauquam
3341 5615 3492 5670 pnn-

3022 5853 3101 5911 25
