4048 6446
487 397 617 464 ’ΠΟ

1639 387 1988 457 ἸΟΑΝΝιΒ
2022 369 2585 459 (ἾῩΡΑΗΙΒΞΙΟἸῈ

3337 328 3360 342 ,-

3637 391 3772 462 ’1Ξῦ

501 506 821 565 necessario
853 505 1182 576 principium
1221 505 1386 560 habet
1423 513 1483 560 ut
1513 506 1585 560 sit
1615 500 1628 572 ξ
1676 508 1821 561 illam
1857 523 2082 563 causam
2118 523 2159 578 Α
2191 511 2589 579 providendum
2623 512 2679 566 in
2725 525 2888 582 opera
2940 527 3062 586 quae
3101 510 3171 567 ab
3198 518 3424 566 auctore
3467 509 3768 577 exsistunt,

501 602 718 656 scilicet
751 608 974 668 propter
1017 615 1185 666 quam
1228 599 1432 654 factum
1484 608 1570 652 est
1598 609 1656 653 ut
1698 613 1882 666 esset;
1927 600 2087 654 linem

508 707 640 744 vero
668 691 930 743 motionis
970 691 1120 744 illam
1157 691 1328 757 ipsam
1361 703 1617 753 causam,
1653 674 1882 760 propter
1921 706 2088 760 quam

505 789 781 841 movetur,
811 787 866 831 et
891 779 964 831 ad
993 788 1161 846 quam
1195 788 1477 848 properat.
1514 778 1692 834 Omne
1723 790 1904 834 autem
1940 779 2090 849 quod

505 880 729 940 propter
762 885 987 924 causam
1036 879 1123 924 est
1155 880 1208 924 et
1243 877 1514 933 movetur,
1545 872 1862 932 necessario
1889 881 1975 924 est
2005 885 2092 941 ge-

507 963 788 1016 Iterahile:
840 963 887 1016 si
933 971 1119 1016 autem
1159 962 1282 1031 ejus
1329 961 1476 1028 quod
1529 971 1802 1027 movetur,
1853 964 1978 1018 linis
2004 972 2093 1019 est

499 1068 696 1114 causa,
727 1062 948 1121 propter
975 1066 1141 1120 quam
1176 1059 1466 1116 movetur;
1503 1053 1821 1107 necessario
1851 1054 1968 1124 ipsa
1995 1069 2092 1106 ca-

484 1147 626 1197 Alcm
660 1159 828 1198 causa
850 1155 957 1205 est,
990 1153 1215 1212 propter
1237 1157 1400 1212 quam
1425 1156 1748 1214 generatum
1772 1157 1880 1208 est.
1907 1155 2088 1201 etest.

471 1241 578 1288 ~Ac
617 1251 808 1289 rursus
864 1235 1010 1288 idem
1062 1235 1117 1287 in
1151 1237 1313 1288 tertio
1375 1236 1539 1290 titulo
1593 1252 1663 1290 ex
1705 1239 1983 1306 excerptis
2035 1238 2090 1291 in

503 1327 819 1396 tloginatica
879 1325 1182 1396 Panoplia:
1243 1325 1414 1390 Nihil,
1473 1329 1670 1396 inquit,
1719 1342 1912 1382 eorum
1969 1343 2093 1398 quae

503 1432 655 1482 sunt,
693 1438 718 1472 a
749 1437 810 1475 sc
842 1421 962 1488 ipso
996 1419 1077 1480 ﬁt.
1110 1434 1214 1474 nec
1237 1429 1322 1473 est
1350 1435 1550 1488 expers
1580 1435 1780 1485 causae,
1811 1421 1956 1489 quod
1987 1436 2092 1475 au-

505 1524 612 1567 tein
645 1527 750 1565 non
782 1520 866 1566 est
896 1525 1093 1580 expers
1116 1525 1322 1570 causae.
1354 1525 1456 1562 nec
1483 1511 1760 1564 immobile
1784 1523 1908 1576 est;
1942 1511 2090 1580 quod

503 1616 687 1659 autem
741 1619 850 1656 non
888 1615 974 1656 est
1008 1602 1312 1666 immobile,
1340 1603 1670 1655 necessario
1690 1611 1929 1670 propter
1959 1615 2093 1655 cau-

507 1713 627 1750 sam
666 1702 938 1758 movetur,
971 1693 1117 1763 quod
1147 1709 1213 1747 eo
1251 1693 1372 1762 ipso
1406 1695 1485 1754 Iit,
1517 1694 1666 1762 quod
1701 1701 1960 1747 movetur
1992 1707 2094 1747 nan

509 1789 765 1843 turaliter
821 1801 852 1839 a
901 1801 1093 1850 causa,
1123 1786 1343 1854 propter
1381 1799 1548 1853 quam
1580 1793 1635 1837 et
1669 1784 1737 1838 ad
1772 1798 1937 1854 quam
1974 1799 2090 1838 nio-

509 1888 712 1937 tionem
740 1878 1233 1935 facit.INiliilenim
1263 1892 1454 1931 eorum
1497 1891 1620 1946 qua
1651 1885 1962 1941 moventur,
2001 1891 2095 1930 na-

501 1983 632 2028 tura
670 1979 856 2040 apum
908 1979 991 2024 est
1031 1977 1098 2022 ut
1147 1969 1268 2022 sine
1319 1984 1489 2022 causa
1543 1979 1867 2034 moveatur;
1922 1974 2093 2022 restat

500 2067 696 2137 igitur,
737 2073 800 2118 ut
831 2065 1113 2142 geperatio
1140 2075 1332 2116 eorum
1377 2075 1500 2130 qua:
1533 2069 1844 2122 moventur.
1881 2058 2089 2128 princi-

507 2160 658 2227 pium
689 2158 759 2212 sit
792 2156 974 2210 omnis
1007 2163 1192 2208 motus
1237 2154 1546 2219 naturalis;
1597 2153 1929 2226 principium
1963 2165 2093 2206 vero

500 2247 883 2320 generationis
923 2262 1117 2301 eorum
1155 2261 1276 2314 qua:
1315 2254 1573 2316 generata
1618 2254 1767 2308 sunt,
1798 2243 1942 2299 Deus
1976 2254 2096 2296 tan-

501 2359 674 2411 quam
734 2351 932 2396 auctor
983 2341 1376 2409 generationis.
1437 2341 1494 2402 In
1546 2336 2094 2406 interpretationibus

483 2446 689 2486 .autem
712 2446 834 2499 quze
861 2431 1108 2482 feruntur
1137 2426 1190 2481 in
1216 2426 1348 2480 illud
1379 2443 1392 2479 :
1424 2425 1675 2478 Dominus
1700 2425 1896 2478 creavit
1922 2440 2002 2477 me
2022 2425 2092 2488 ",

509 2530 627 2580 lucc
659 2522 1205 2586 etimit-reperiun'ur
1235 2535 1248 2572 :
1277 2518 1474 2578 Omne.
1509 2517 2093 2586 inquitrpriucipium,

509 2619 824 2687 aliquorum
866 2613 1193 2682 principium
1227 2617 1351 2676 est;
1385 2611 1778 2680 signiﬁcatque
1818 2610 2096 2664 habitudi-

511 2728 659 2773 nem,
691 2719 746 2763 οι
781 2705 1270 2762 ιιοιγθίῐιεοιίοιιειιι
1328 2703 1504 2770 ipsius
1559 2703 1918 2758 substantiis:
1967 2702 2094 2758 talia

510 2803 658 2860 enim
700 2807 832 2854 sunt
885 2793 1441 2866 ,qitie-rcicruutur‘ud
1469 2791 1701 2861 aliquid,
1729 2802 1787 2847 ut
1814 2795 2092 2859 dextrum,

512 2905 567 2948 ct
609 2893 919 2947 sinistrum.
951 2891 1134 2953 Quare
1164 2885 1432 2954 sapientia
1479 2884 1592 2940 Dei.
1625 2899 1750 2953 quie
1779 2884 2094 2939 substantia

513 2994 620 3049 cst,
653 2998 763 3038 non
793 2991 880 3036 est
924 2979 1236 3049 aliquorum
1263 2976 1603 3046 principium
1635 2978 1715 3043 (Ι)
1757 2977 1916 3042 (-ante
1943 2992 2098 3032 crea-

517 3092 698 3131 turam
736 3074 884 3128 cnim
933 3071 1096 3126 habet
1135 3069 1434 3124 essentiam
1481 3067 1746 3134 sapirntia
1779 3068 1933 3136 Dei),
1967 3082 2094 3122 cum

517 3180 703 3231 autem
758 3164 1035 3234 acceperit
1069 3160 1450 3217 habitudinem
1500 3159 1566 3218 ad
1603 3170 1910 3224 creaturas.
1963 3173 2096 3216 tunc

2191 618 2315 672 quae
2340 589 2794 660 niliil‘conferunt
2823 606 3105 675 sapientiae
3126 606 3253 675 ipsi,
3287 615 3342 658 ιιι
3365 604 3438 658 sit
3458 603 3722 674 sapientia
3747 621 3766 669 ;

2202 698 2297 753 sed
2331 697 2621 764 habitudo,
2651 698 2946 753 secundum
2981 715 3144 768 quam
3193 698 3518 769 principium
3552 706 3605 752 et
3642 696 3772 752 eﬂ‘e—

2194 789 2310 844 ctio
2339 789 2559 854 dicitur,
2615 797 2745 843 tunc
2783 789 3012 851 exstitit,
3039 805 3162 843 cum
3195 788 3382 843 cﬂecta
3418 788 3764 842 exstiterunt.

2193 881 2530 946 Principium
2557 881 2702 935 enim
2736 897 2846 936 non
2873 882 3144 936 antecedit
3175 897 3264 944 ea,
3292 896 3524 950 quorum
3548 879 3774 936 exsistit

2194 973 2531 1043 principium
2557 991 2572 1038 ;
2611 988 2712 1028 nec
2739 972 2843 1028 ista
2882 981 3002 1042 post
3031 973 3363 1042 principium
3389 971 3655 1026 exsistere
3685 969 3770 1024 di-

2191 1071 2428 1127 cuntur;
2461 1063 2714 1132 quamvis
2747 1071 3017 1116 creatura:
3061 1062 3116 1116 in
3167 1072 3412 1130 tempore
3455 1061 3770 1115 exsistunt:

2198 1157 2472 1225 sapientia
2506 1156 2652 1209 enim
2689 1171 2813 1210 cum
2848 1158 2921 1210 sit
2964 1167 3193 1220 aeterna,
3240 1169 3349 1207 non
3388 1161 3472 1208 est
3524 1151 3771 1217 subjecta

2193 1245 2453 1313 tempori.
2499 1242 2838 1311 Principium
2879 1242 3047 1310 igitur
3078 1257 3314 1310 'compar
3348 1248 3401 1294 et
3447 1241 3656 1295 socium
3685 1246 3774 1292 est

2192 1345 2573 1390 creaturarum
2612 1351 2632 1387 τ
2667 1333 2937 1402 sapientia
2965 1348 3136 1397 vero,
3176 1347 3298 1400 qua!
3322 1329 3372 1386 ‘F
3378 1331 3501 1386 ilius
3539 1331 3629 1385 Dei
3662 1339 3771 1396 est,

2190 1438 2503 1483 cri‘aturam
2538 1427 2830 1480 antecedit.
2866 1425 2922 1479 Si
2942 1440 3084 1494 ergo
3108 1425 3289 1478 dicat:
3330 1425 3583 1477 Dominus
3621 1440 3776 1478 crea-

2184 1519 2262 1572 ‘vit
2299 1534 2403 1582 me,
2437 1533 2503 1570 ne
2541 1517 2957 1586 intelligentiam
2989 1517 3054 1570 ad
3083 1516 3286 1570 divina:
3331 1516 3653 1570 substantiae
3689 1513 3772 1568 ef-

2195 1611 2486 1665 l'ectioncm
2514 1607 2758 1675 referas;
2787 1608 2878 1663 sed
2905 1609 3088 1679 potius
3111 1612 3176 1663 ad
3204 1598 3579 1662 habitudinem
3604 1621 3772 1677 quam

2193 1699 2330 1755 dicit
2359 1709 2602 1754 creatam
2637 1714 2759 1754 esse
2807 1699 2860 1753 in
2890 1714 3057 1768 opera
3089 1717 3102 1763 ;
3135 1707 3195 1753 ut
3237 1707 3381 1752 esset
3409 1697 3772 1766 principium,

2192 1792 2249 1846 id
2277 1798 2381 1858 eSt;
2414 1807 2578 1846 causa
2607 1792 2818 1844 viarum
2851 1791 3208 1860 providentia:
3232 1791 3660 1861 providentium.
3692 1791 3776 1845 Ex

2125 1903 2167 1958 Β
2197 1882 2397 1951 quibus
2427 1881 2660 1935 cliicitur
2693 1879 3070 1944 manifestum,
3110 1881 3254 1950 quod
3299 1881 3481 1938 omnis
3513 1896 3677 1938 causa
3715 1891 3776 1936 et

2196 1987 2376 2029 motus
2407 1985 2461 2028 et
2491 1974 2844 2044 principium,
2898 1973 3042 2043 quod
3075 1983 3158 2029 est
3195 1974 3261 2042 ad
3302 1974 3533 2044 aliquid,
3567 1975 3775 2044 princi-

2192 2068 2345 2139 pium
2379 2074 2428 2120 et
2457 2067 2618 2120 linem
2638 2065 2805 2120 habet
2825 2081 3076 2128 causam,
3101 2080 3322 2137 propter
3343 2083 3506 2137 quam
3531 2078 3775 2137 emptum

2193 2169 2278 2214 est
2313 2156 2544 2227 aliquid.
2578 2165 2632 2212 et
2663 2172 2770 2226 qua
2805 2157 3199 2212 terminatum:
3249 2165 3303 2212 et
3355 2169 3640 2228 propterea
3667 2175 3775 2214 ne-

2192 2250 2438 2305 cessario
2473 2258 2556 2305 est
2603 2249 2886 2318 generatio
2912 2288 2928 2314 ,
2979 2257 3036 2302 et
3079 2248 3196 2304 lucc
3234 2257 3318 2304 est
3355 2249 3478 2320 ejus
3509 2251 3774 2315 essentia,

2193 2355 2317 2394 esse
2345 2340 2556 2393 scilicet
2593 2338 3008 2408 generationem
3039 2355 3053 2393 :
3082 2338 3152 2392 ad
3180 2353 3408 2394 causam
3435 2341 3582 2396 enim
3616 2348 3670 2395 et
3704 2340 3772 2395 ad

2192 2433 2530 2502 principium
2572 2439 2627 2486 et
2658 2430 2725 2485 ad
2770 2439 2978 2485 motum
3011 2445 3074 2485 ea
3106 2446 3227 2500 quze
3261 2440 3392 2486 sunt
3426 2433 3494 2487 ab
3528 2433 3662 2503 ipsis
3695 2432 3774 2487 ei-

2196 2524 2338 2579 l'ecta
2372 2536 2427 2579 et
2462 2532 2641 2593 coepta
2667 2533 2722 2578 et
2749 2531 2919 2587 mota,
2949 2531 3241 2592 spectant;
3275 2524 3617 2580 ellectionem
3645 2541 3774 2580 vero

2195 2624 2250 2682 et
2283 2629 2506 2669 causam
2543 2628 2608 2668 ac
2633 2611 2969 2683 principium
3003 2615 3232 2684 capiunt
3262 2615 3442 2683 ipsum
3465 2630 3624 2670 suum
3657 2631 3774 2672 nro-

2197 2713 2312 2759 tum
2356 2705 2689 2760 naturalem.
2742 2705 2886 2759 Deus
2937 2712 3120 2759 autem
3171 2705 3352 2760 omnis
3404 2707 3774 2774 generationis

2195 2807 2283 2854 est
2313 2797 2565 2864 effector,
2610 2807 2666 2852 et
2699 2800 2882 2853 omnis
2913 2808 3126 2852 naturae
3176 2809 3411 2864 auctor;
3471 2809 3554 2856 est
3609 2801 3776 2870 igitur

2194 2881 2378 2947 omnii
2407 2890 2711 2946 secundum
2763 2891 3172 2961 generationem
3222 2892 3472 2962 principii
3515 2903 3570 2949 et
3596 2908 3774 2948 causae

2197 2997 2262 3038 ac
2301 2989 2485 3036 motus
2516 2980 2738 3035 eﬂector
2770 2990 2824 3035 et
2851 2979 3139 3035 formator.
3171 2981 3364 3036 Adhuc
3392 2983 3562 3037 etiam
3593 2998 3660 3036 ex
3687 2983 3773 3037 his

2195 3082 2438 3141 constat,
2469 3071 2615 3143 quod
2647 3075 2698 3124 in
2723 3071 2853 3126 istis
2887 3071 3024 3140 ipsis
3039 3072 3330 3140 generatio
3359 3083 3414 3126 et
3448 3071 3769 3141 principium

2197 3177 2253 3222 et
2297 3167 2504 3222 crcatio
2548 3175 2680 3220 tunc
2723 3163 2954 3230 exstitit,
3011 3163 3234 3232 quando
3283 3167 3613 3218 exstiterunt
3656 3180 3778 3236 qua

515 3261 752 3316 edicitur
786 3255 1117 3328 principium
1153 3255 1369 3308 viarum
1412 3250 1535 3319 Dei,
1557 3251 1650 3306 sed
1698 3251 2008 3307 faciendum
2032 3247 2330 3313 vet-Cdude
2363 3260 2610 3328 profecta
2657 3263 2828 3310 sunt;
2859 3256 3031 3322 quare
3073 3255 3344 3325 sapientia
3381 3255 3495 3335 Dei,
3530 3272 3652 3327 qua:
3692 3267 3779 3313 est

591 3403 634 3430 “
672 3401 829 3453 Ριόν.
864 3411 985 3455 γιιι,
1025 3391 1116 3446 22.

1993 3484 2266 3550 Scholia.

523 3604 726 3673 cipiunt
753 3609 806 3652 et
854 3597 979 3652 linis
1016 3612 1031 3647 :
1086 3600 1304 3673 propter
1337 3604 1500 3673 quam
1538 3603 1775 3673 causam.
1809 3597 1864 3673 et
1909 3599 1991 3645 est
2017 3599 2093 3672 _et

521 3661 773 3728 movetur
802 3683 966 3739 onine
999 3665 1143 3733 quod
1179 3672 1263 3739 est
1306 3670 1359 3714 ct
1405 3670 1697 3739 nnivetur,
1729 3661 1901 3714 virtus
1943 3661 2088 3714 enim

527 3725 618 3798 hei
639 3725 826 3794 επιειιὶ
848 3746 901 3792 et
922 3725 1189 3803 facitquze
1211 3733 1368 3792 iiunt,
1394 3742 1453 3784 ut
1481 3725 1648 3803 Deum
1668 3731 1819 3784 decet
1844 3747 1858 3794 ;
1888 3739 1942 3783 et
1969 3746 2096 3798 pro-

522 3814 684 3868 ducit
696 3825 761 3864 ac
780 3807 944 3860 trahit
964 3801 1187 3875 provide
1205 3812 1466 3875 tanquam
1488 3801 1610 3854 linis
1628 3817 1747 3875 qua:
1766 3809 2053 3871 moventur
2079 3818 2095 3859 :

515 3899 698 3952 eaque
735 3871 1159 3942 circumscribit.
1219 3872 1276 3948 Si
1329 3881 1512 3952 autem
1553 3871 1700 3952 quod
1753 3881 2000 3952 movetur
2035 3884 2099 3924 ac

523 3945 844 4022 generatur,
880 3955 1097 4014 propter
1135 3945 1358 4022 causanti
1411 3950 1495 3993 est
1535 3949 1587 4022 et
1622 3950 1874 4022 movetur
1904 3949 1957 3991 et
2002 3956 2096 4008 ge-

527 4011 782 4076 iirrainm
829 4011 950 4078 est;
981 4011 1152 4067 omne
1201 4012 1365 4079 igitur
1413 4011 1557 4078 quod
1595 4026 1701 4062 non
1749 4018 1834 4062 est
1879 4019 2101 4078 prepter

527 4103 779 4151 causam,
804 4087 945 4140 idem
977 4097 1154 4151 neque
1185 4079 1390 4134 factum
1410 4088 1522 4138 est.
1550 4093 1725 4151 neque
1753 4080 1952 4151 mobile
1975 4091 2058 4132 est
2085 4093 2102 4142 ;

528 4180 629 4220 nec
655 4149 802 4213 enim
837 4149 1085 4210 movetur
1114 4153 1260 4220 quod
1293 4151 1506 4218 penitus
1539 4165 1645 4203 non
1680 4149 1840 4202 habit
1873 4164 2099 4220 causam

533 4217 607 4292 ιιι,
640 4239 733 4283 sit.
796 4227 852 4278 δί
883 4234 1081 4292 autem
1113 4217 1332 4292 causam
1389 4235 1496 4292 non
1527 4222 1737 4292 _lt_ubet,
1793 4217 2103 4292 necessm'io

529 4285 695 4351 etiam
729 4307 810 4349 ea
845 4291 1156 4348 immobile:
1195 4289 1494 4343 immobilis
1527 4288 1688 4356 igitur
1727 4297 1810 4339 est
1843 4285 2004 4346 Deus.
2032 4296 2104 4340 ut

530 4371 626 4436 qui
677 4368 880 4419 nullam
927 4377 1147 4415 causam
1199 4356 1871 4436 esseiiti;e__suie-liaheat,
1923 4359 2105 4435 sitque

530 4425 649 4505 ipse
693 4436 940 4489 omnium
983 4446 1169 4505 rerum
1207 4444 1391 4505 causa.
1429 4425 1562 4492 ,Hoc
1592 4427 1710 4477 loro
1744 4427 2102 4505 qiirestioncm

468 4527 489 4539 '-
531 4497 687 4577 ponit
724 4515 951 4577 sanctus
980 4500 1272 4577 Maximus,
1309 4499 1375 4576 ad
1403 4511 1566 4577 quam
1594 4497 1892 4577 respondet
1918 4497 2104 4577 :_Quo-

533 4565 720 4638 incido,
764 4575 960 4642 inquit,
988 4573 1133 4625 dicet
1160 4565 1878 4642 atiquisuh.ie;‘atliiiit'aliilis
1908 4569 2102 4642 doctor

473 4674 486 4715 λ
532 4659 546 4708 ι
574 4631 898 4715 Gi-egoritiiit
932 4631 1336 4715 Nazianzmutn
1364 4633 1494 4687 dicit
1517 4635 1735 4713 λογων
1774 4631 2108 4715 facit-inobl-

461 4705 487 4730 ’⁵
533 4703 638 4770 lein
669 4703 716 4768 ‘3'
739 4716 831 4768 Sic
861 4715 1009 4767 enim
1060 4714 1170 4763 ait:
1213 4705 1418 4758 Idcirco
1467 4704 1650 4757 unitas
1702 4705 1753 4755 in
1782 4703 2102 4760 dualii-atcin

535 4799 703 4849 iunia,
747 4788 799 4839 iii
835 4786 1074 4836 trinitate
1107 4777 1368 4832 substitit.
1412 4772 2107 4849 Rcspoiitlcbiitius,jitqtiit

534 4843 760 4910 sanctus
801 4852 1091 4911 Maximus,
1123 4859 1359 4900 maxime
1389 4848 1629 4898 omnium
1662 4843 2107 4914 novisse'Greﬁ-

532 4929 674 4982 rium
727 4941 850 4979 esse
905 4921 1070 4974 Deum
1127 4916 1502 4969 immobilem:
1562 4916 1656 4969 Sed
1709 4917 1810 4983 (ut
1857 4916 2106 4983 exemplo

533 4998 700 5066 utar)
732 4995 873 5049 sicut
923 4992 1064 5066 ratio
1115 4987 1358 5066 scientia:
1393 4985 1944 5066 cujuscunque-artis
1980 5000 2097 5036 ina-

531 5055 757 5120 iiens'in
790 5080 849 5118 se
881 5062 1098 5131 penitus
1141 5057 1386 5131 inniiota.
1419 5055 1546 5131 dum
1597 5055 2101 5131 [til'lllaltir__§ccu[|-

534 5122 934 5202 duni‘singultis
957 5131 1162 5202 formas
1189 5125 1310 5202 sive
1332 5130 1562 5191 species,
1593 5137 1717 5191 quae
1869 5122 1957 5176 illa
1985 5136 2101 5177 aue

531 5193 913 5264 eontinciitur,
956 5199 1162 5251 moveri
1206 5195 1428 5266 dicitur,
1459 5208 1582 5245 cum
1621 5193 1793 5261 magis
1837 5194 1953 5260 ipsa
1981 5209 2106 5247 ino-.

535 5289 662 5330 vcat
687 5272 992 5328 secundum
1027 5283 1087 5321 se
1117 5267 1166 5318 id
1186 5265 1327 5335 quod
1350 5265 1464 5316 arte
1491 5266 1575 5324 lit,
1604 5278 1768 5332 quant
1795 5272 2100 5335 moveatur,

535 5356 592 5399 ct
619 5348 758 5399 sicut
806 5344 1014 5399 lumen,
1051 5334 1212 5406 quod
1242 5345 1525 5402 aspectum
1574 5344 1777 5406 movet,
1810 5337 1875 5385 ad
1916 5334 2108 5386 viden-

537 5427 694 5478 nunt,
727 5409 932 5465 moveri
963 5403 1188 5470 dicitur,
1222 5421 1347 5458 cuiu
1404 5403 1624 5472 proprie
1681 5418 1897 5478 munem
1951 5418 2113 5471 aspe-

431 5491 440 5498 '
529 5474 688 5537 ctuni
713 5483 885 5542 magis
908 5487 1141 5539 moveat,
1175 5489 1340 5544 quam
1375 5483 1660 5525 moVeatur
1684 5474 1796 5525 :sic
1821 5474 1961 5526 licus
1985 5487 2110 5526 cunt

537 5565 613 5605 sit
668 5550 894 5605 omnino
945 5547 1240 5599 immobilis
1284 5544 1586 5598 secundum
1642 5544 2007 5595 substantiam
2061 5550 2115 5595 et

539 5635 816 5682 naturain,
841 5619 1042 5686 quippe
1069 5619 1338 5678 inﬁnitus,
1382 5615 1614 5667 tet-omni
1665 5616 1983 5667 habitudine
2020 5628 2112 5666 so-

531 5693 713 5753 tutus,
735 5703 788 5743 et
806 5692 1313 5752 incircumscriptus
1339 5701 1354 5750 ;
1379 5695 1635 5754 tanquam
1682 5689 1930 5753 quaedam
1969 5688 2108 5738 ratio

603 5805 687 5877 ib)
729 5805 805 5862 De
827 5805 1014 5862 divitiis
1044 5803 1363 5859 nominibus.

2117 4539 2179 4595 ,Β

2200 3590 2470 3663 scientiaﬁ
2491 3592 2542 3646 in
2569 3594 2784 3649 naturis
2815 3595 3233 3650 et—su’hsiantiis
3259 3609 3441 3650 rerum
3474 3595 3773 3663 assistens,

2198 3661 2404 3715 moveri
2443 3661 2661 3729 dicitur,
2695 3663 2824 3719 dum
2869 3677 3050 3720 movet
3083 3666 3306 3734 provide
3340 3661 3778 3735 unamquamque

2199 3740 2507 3785 creaturam
2529 3736 2823 3788 secundum
2847 3738 3111 3790 rationein
3138 3752 3244 3804 qua
3271 3737 3515 3790 innatum
3537 3749 3618 3789 est
3647 3739 3695 3790 ei
3719 3742 3777 3790 ut

2203 3813 2492 3874 moveatur
2522 3820 2537 3868 ;
2571 3811 2624 3874 et
2665 3814 2926 3873 tanquam
2958 3821 3122 3859 causa
3154 3807 3399 3859 omnium
3428 3805 3611 3858 omnia
3651 3821 3772 3874 quae

2204 3869 2570 3943 praedicantur
2589 3873 2657 3926 de
2691 3875 2759 3929 iis
2782 3869 3016 3943 quorum
3043 3889 3208 3929 causa
3236 3884 3340 3937 est,
3359 3875 3500 3928 nihil
3525 3869 3776 3943 patiendo

2207 3940 2518 4008 recipiens:
2552 3944 2680 4010 quia
2717 3940 2928 3998 scilicet
2977 3945 3099 4013 ipse
3142 3954 3224 3998 est
3259 3946 3466 4005 omnia.
3498 3940 3775 4011 quatenus

2205 4019 2290 4084 est
2341 4021 2532 4065 auctor
2561 4015 2828 4067 omnium.
2863 4016 2941 4068 Ac
2977 4030 3110 4068 sane
3161 4015 3381 4084 quidem
3407 4022 3684 4084 r-versatus
3713 4015 3773 4084 in

2203 4079 2306 4153 hac
2335 4084 2638 4153 quiestione
2673 4085 2965 4150 Dionysius
2998 4085 3094 4150 (li).
3123 4079 3260 4146 Quid
3294 4083 3548 4153 denique,
3579 4083 3774 4153 inquit,

2201 4149 2396 4203 volunt
2419 4152 2681 4223 theologi,
2704 4154 2802 4223 qui
2820 4149 3118 4223 aliquando
3141 4154 3362 4222 quidem
3388 4149 3582 4207 vocant
3609 4149 3772 4223 Dium

2200 4234 2444 4292 amorem
2475 4230 2530 4272 et
2559 4221 2932 4292 dilectionem,
2958 4221 3290 4292 quandoque
3314 4237 3460 4277 vero
3489 4222 3773 4276 amabilem

2202 4297 2257 4342 et
2283 4288 2666 4357 diligendum?
2711 4288 2990 4360 quatenus
3018 4288 3233 4347 scilicet
3278 4306 3436 4345 amor
3472 4300 3527 4346 et
3558 4291 3774 4345 dilectio

2205 4365 2312 4419 est,
2350 4360 2474 4425 quia
2529 4374 2558 4413 a
2601 4377 2660 4415 sc
2705 4362 2938 4414 cll'undit
2988 4378 3256 4427 amorem,
3316 4360 3521 4416 moveri
3576 4363 3776 4414 dicitur

2207 4441 2524 4500 procreator
2562 4432 2767 4483 amoris
2793 4448 2807 4483 :
2837 4440 3107 4500 quatenus
3138 4431 3627 4486 vero-aniabilis-et
3649 4431 3774 4484 dili-

2208 4495 2440 4565 gendus,
2475 4509 2655 4552 movet
2681 4501 2747 4553 ad
2765 4515 2831 4554 se
2855 4495 2976 4569 quae
3003 4503 3207 4556 amoris
3234 4511 3286 4555 et
3313 4501 3620 4555 dilectionis
3650 4509 3776 4553 sunt

2207 4569 2452 4638 capacia,
2482 4569 2682 4636 quibus
2710 4571 2855 4623 inest
2880 4573 2960 4624 vis
2983 4580 3038 4624 et
3063 4573 3293 4625 facultas
3313 4586 3438 4624 eum
3461 4569 3774 4638 appetendi,

2191 4648 2266 4689 .,ut
2305 4637 2506 4704 cuique
2554 4641 2846 4710 convenit:
2893 4648 3038 4694 etut
3085 4641 3432 4710 explanatius
3469 4637 3658 4694 rursus
3697 4643 3776 4710 ιιι-

2205 4721 2349 4779 caui,
2384 4719 2634 4779 movetur
2670 4708 2890 4777 quidem
2935 4707 3202 4779 generatis
3235 4712 3287 4763 in
3333 4713 3469 4778 ipsis
3502 4707 3774 4762 creaturis

2192 4774 2583 4830 η.1ιειὶ›ὶιυιιιιιειιιι
2622 4774 3250 4833 ἱιιίιϊὶυιειιιῗθιιιοιὶεμει
3278 4774 3626 4840 dilectionis;
3663 4791 3771 4829 ino-

2205 4855 2295 4898 vet
2319 4860 2448 4898 vero
2481 4856 2741 4915 tanquam
2775 4850 2998 4902 trahens
3021 4860 3219 4902 natura
3256 4849 3558 4917 appetitum
3585 4861 3772 4900 eorum
3807 4903 3812 4906 ε

2189 4929 2326 4983 quae
2353 4917 2906 4972 ad-eum'moventur.
2940 4917 3212 4972 lla-etenus
3240 4930 3462 4972 sanctus
3485 4918 3773 4970 Maxumus.

2205 4983 2368 5058 Plura
2401 4985 2470 5058 de
2509 4985 2592 5038 his
2625 4993 2677 5039 in
2714 4993 2905 5056 quinta
2943 4990 3169 5054 decede,
3198 5003 3320 5058 cap.
3348 4989 3406 5053 5,
3444 4989 3532 5041 ubi
3561 4988 3627 5040 de
3649 4997 3778 5055 pro-

2207 5056 2531 5123 prietatibus
2565 5057 2738 5110 divini
2764 5060 3002 5111 amoris.

2280 5126 2357 5193 (ι)
2397 5123 2623 5179 Norica:
2661 5127 2961 5196 aiiquorum
3000 5127 3339 5196 principium.
3390 5124 3633 5196 Sanctus
3666 5121 3776 5176 Ma-

2208 5196 2391 5266 ximus
2429 5195 2481 5245 in
2513 5212 2686 5263 prima
2719 5195 2966 5250 centuria
3002 5195 3330 5266 theologica,
3356 5213 3476 5266 cap.
3501 5197 3528 5248 Si
3560 5201 3574 5248 Ξ
3605 5195 3777 5249 Omne

2207 5263 2564 5332 principium,
2595 5267 2791 5334 inquit,
2825 5275 2879 5319 et
2907 5267 3164 5329 medium,
3191 5263 3251 5320 ct
3281 5269 3404 5320 linis
3426 5263 3542 5319 non
3576 5271 3776 5333 negant

2193 5349 2438 5401 ,prorsus
2475 5339 2955 5400 prmtlicaiuentuul
2999 5338 3065 5388 ad
3116 5338 3340 5404 aliquid,
3399 5339 3540 5390 Deus
3588 5345 3776 5388 anteiit

2207 5405 2424 5456 inlinito
2470 5406 2755 5457 intervallo
2811 5420 2956 5458 omni
3010 5408 3328 5460 habitudine
3361 5410 3616 5475 superior
3648 5416 3774 5468 est;

2209 5487 2382 5544 quare
2411 5488 2780 5527 conscntanee
2812 5489 2988 5541 neque
3027 5480 3377 5544 principium,
3434 5490 3609 5544 neque
3663 5489 3770 5526 nte-

2211 5542 2386 5605 oiuttt,
2423 5559 2599 5608 neque
2635 5545 2934 5612 quidquam
2969 5547 3115 5598 aliud
3147 5542 3551 5601 in‘unlversuiii
3582 5558 3776 5598 eorum

2214 5614 2270 5687 in
2300 5615 2502 5687 quibus
2534 5618 3014 5680 pra-uicanientuin
3037 5619 3102 5670 ad
3128 5618 3334 5687 aliquid
3357 5615 3658 5674 secundum
3689 5623 3782 5668 tia.

2219 5685 2519 5738 biiudiitcin
2551 5690 2952 5738 cuiuidcratur.
