4048 6432
216 408 320 473 ’781

983 388 1222 453 DECAS
1241 384 1365 447 Πι.
1404 381 1592 444 -ΒΕ
1647 377 1940 442 DlViNlS
1974 372 2639 438 EMANATIONIBUS.

3345 358 3458 423 ’182

219 513 550 576 substantia,
583 520 637 567 et
657 516 786 565 ante
811 521 1028 561 onmem
1049 510 1358 559 creaturam
1389 513 1454 552 ex
1477 496 1786 552 aeternitate
1814 501 1861 553 Α
1890 497 2021 545 tius:
2055 463 2211 546 Nunc
2244 497 2451 551 autem,
2483 487 2680 555 inquit,
2712 483 2948 538 divinam
2981 479 3351 538 diversitatem
3383 490 3454 529 ne

221 607 492 678 sapientia
520 601 762 660 exsistit.
799 599 1012 652 viarum
1048 594 1304 661 Dri,qu:e
1342 591 1394 642 in
1427 586 1708 644 alliciendo
1735 593 1788 639 et

223 695 557 770 providendo
579 692 914 754 consistunt,
945 685 1177 740 eﬂicitur
1200 681 1446 737 eﬂ'cclt‘ix
1471 687 1526 734 et
1554 679 1711 746 origo
1733 684 1788 729 et

223 766 410 847 causa,
462 793 692 836 eatenus
741 787 942 840 tamen,
986 783 1256 844 quatenus
1303 769 1610 824 creationes
1658 766 1790 820 istas

227 876 416 941 incipit
446 872 656 925 ratione
682 882 861 920 eausa:
885 873 939 918 et
964 862 1216 934 principii
1249 873 1459 926 earum,
1493 864 1553 911 ttt
1581 853 1791 925 princi-

228 967 375 1037 pium
409 977 571 1033 supra
605 975 768 1029 quam
804 956 1151 1027 principium.

827 1065 1058 1122 CAPUT
1102 1065 1195 1120 lli.

236 1167 389 1234 Quod
424 1165 595 1219 omnis
631 1160 902 1234 generatio
935 1172 1004 1234 est
1037 1158 1314 1234 iuterjecta
1339 1153 1540 1234 duobus
1561 1190 1576 1214 ,
1611 1161 1658 1204 et
1689 1152 1795 1234 im-

302 1238 544 1304 possibile
581 1222 660 1304 es}:
687 1233 819 1304 hunc
851 1230 1096 1304 exsistere
1119 1222 1288 1280 altera
1325 1225 1536 1278 absente
1563 1237 1629 1276 ex
1665 1222 1798 1275 duo-

310 1297 403 1358 bus
430 1321 545 1374 qua:
572 1302 935 1354 habitudinem
965 1297 1191 1362 faciunt.

306 1400 542 1454 Sanctus
592 1397 859 1450 Maximus
909 1393 964 1446 in
1010 1389 1376 1460 disputatione
1426 1397 1611 1442 contra
1662 1385 1799 1456 Pyr-

238 1494 416 1553 rlunn,
467 1491 640 1550 Sicut,
676 1485 872 1555 inquit,
913 1481 1267 1534 inﬂammatio
1318 1478 1704 1531 inﬂammatum
1747 1483 1802 1531 ct

245 1582 667 1635 inﬂammantem
701 1591 885 1629 Secum
935 1573 1119 1636 infert,
1172 1581 1225 1625 et
1263 1570 1603 1638 refrigeratio
1636 1568 1802 1622 refri-

242 1682 486 1740 geratum
507 1680 557 1722 et
579 1668 1006 1733 rel'rigerantem,
1038 1672 1092 1716 et
1125 1663 1263 1717 tisio
1297 1660 1564 1714 videntem
1602 1667 1656 1712 et
1688 1673 1800 1712 rem

244 1764 439 1821 visam,
477 1767 532 1812 et
575 1754 928 1823 intelligentia
978 1751 1374 1822 intelligentem
1411 1757 1464 1802 et
1507 1763 1619 1802 rem
1649 1747 1804 1802 intel—

1887 583 2234 636 mutationem
2281 578 2596 649 quamdam.
2621 575 2765 630 illius
2797 572 2888 644 qui
2941 572 3082 625 idem
3122 577 3206 624 est
3253 567 3457 620 immu-

1888 674 2146 737 tabiliter,
2173 685 2293 726 esse
2335 669 2716 738 suspicemur;
2769 665 2862 719 sed
2905 663 3084 732 potius
3120 658 3458 727 multiplica-

1888 766 2093 819 tioncm
2137 760 2495 830 singularem,
2541 765 2596 812 et
2629 755 3008 811 emanationes
3066 751 3342 819 simplices
3385 749 3455 802 all

1889 851 2094 906 omnia.
2129 849 2356 903 Divinus
2378 847 2666 910 Maximus,
2690 845 2820 898 dum
2853 842 3171 911 hoc-ipsum
3193 839 3455 908 explicat,

1892 945 2418 1014 Multiplicationem,
2447 940 2650 1010 inquit,
2675 939 3009 1007 singularem
3036 949 3160 989 cum
3190 934 3344 997 dicit,
3370 931 3451 983 in-

1893 1037 2138 1103 telligere
2168 1042 2375 1103 oportet
2413 1031 2581 1086 Dcuut
2624 1031 2677 1084 in
2711 1044 2810 1089 sua
2847 1026 3198 1096 simplicitate
3234 1038 3458 1076 tuatteu-

1893 1136 2000 1181 tem
2015 1124 2336 1194 multiplices
2355 1119 2813 1189 ctvariasspecics
2825 1127 3195 1172 creaturarum
3211 1103 3419 1168 e'llicrre
3439 1125 3454 1163 :

1895 1215 2299 1272 cmanationcm
2327 1212 2470 1266 enim
2497 1217 2656 1264 voeat
2683 1209 2835 1262 illum
2865 1207 3031 1261 veluti
3064 1219 3266 1258 rnatum
3298 1211 3352 1256 ct
3374 1219 3466 1256 ω-

1896 1315 2084 1361 natum
2114 1303 2181 1359 ad
2209 1311 2490 1368 creaturas
2521 1301 2890 1355 fabricandas.
2927 1298 3137 1351 Rursus
3168 1297 3309 1350 idem
3343 1295 3468 1347 Dio-

1900 1398 2091 1467 nysius
2119 1395 2296 1464 capite
2323 1393 2522 1462 quinto
2583 1391 2660 1444 De
2682 1391 2875 1444 divinis
2903 1388 3197 1442 nominibus
3223 1403 3240 1441 :
3268 1384 3322 1438 Si
3347 1386 3471 1454 qui-

1902 1491 2046 1552 dem,
2086 1487 2281 1556 inquit,
2317 1501 2480 1540 causa
2509 1483 2754 1538 omnium
2797 1481 2867 1536 ab
2907 1481 3277 1540 emanatioue,
3311 1491 3467 1530 crea-

1908 1589 2152 1634 turarum
2180 1578 2476 1641 eﬂ‘ectrice,
2508 1584 2562 1630 et
2592 1575 2838 1629 bonitate
2867 1585 3060 1626 exorsa
3089 1609 3104 1634 ,
3138 1581 3191 1624 et
3223 1584 3320 1638 per
3349 1583 3474 1622 om-

1905 1671 1996 1723 nia
2030 1684 2239 1731 means,
2277 1678 2333 1722 et
2361 1677 2559 1721 cuncta
2583 1683 2613 1720 a
2637 1681 2698 1720 se
2721 1666 2837 1734 ipsa
2870 1662 3104 1731 implens
3128 1660 3474 1721 exsistentia,

1909 1771 1964 1814 et
2006 1762 2060 1815 in
2099 1760 2357 1815 omnibus
2391 1759 2664 1815 creaturis
2711 1754 2992 1812 exsultans
3017 1771 3042 1820 ;.
3081 1763 3277 1808 cuncta
3316 1751 3370 1805 in
3418 1767 3478 1806 se

245 1851 434 1903 lectam
462 1849 590 1917 (non
620 1845 761 1899 enim
782 1852 958 1911 potest
976 1841 1237 1894 habitudo
1255 1836 1814 1893 sinehabentibuslta-
1839 1826 1886 1884 Β
1916 1855 2027 1920 ipsa
2059 1851 2222 1904 habe;
2265 1850 2557 1918 amicipam
2588 1847 2664 1917 (ι)
2683 1883 2700 1910 ,
2744 1860 2847 1900 una
2894 1843 3163 1913 superlata
3212 1843 3479 1912 simplici-

248 1940 547 1995 bitudinem
567 1935 792 2003 intelligi
811 1943 864 1988 et
880 1932 1232 2002 significari):
1267 1931 1367 1990 sic,
1392 1938 1452 1982 ut
1480 1941 1815 1997 consequens

243 2039 348 2089 est.
381 2029 648 2083 dcilicatio
683 2024 991 2079 deificatum
1033 2031 1087 2075 et
1131 2020 1470 2074 deificantem
1521 2032 1704 2072 secum
1736 2016 1819 2068 in-

246 2119 422 2174 ducit.
456 2118 744 2171 Et.rursus
775 2113 939 2172 idem,
973 2125 1094 2179 cap.
1157 2108 1394 2164 secundo
1419 2107 1592 2160 tertiae
1630 2113 1818 2160 eentu~

247 2210 342 2263 ria:
372 2227 386 2262 :
423 2209 666 2273 Quorum
712 2218 832 2258 esse
864 2205 915 2256 in
951 2201 1296 2254 multitudine
1321 2199 1584 2260 cernitur,
1620 2197 1814 2250 horum

252 2315 374 2354 esse
417 2299 672 2352 diﬂ'erens
711 2305 764 2349 et
797 2294 1007 2347 varium
1041 2301 1168 2353 est;
1211 2304 1443 2358 quorum
1490 2296 1670 2340 autem
1701 2300 1820 2340 esse

253 2389 513 2443 diﬂ‘erens
563 2395 667 2447 est,
706 2388 900 2438 Iterum
946 2379 1208 2435 habitudo
1257 2376 1645 2446 inseparabilis
1695 2385 1818 2440 est;

255 2495 487 2548 quorum
529 2493 656 2532 vero
696 2477 956 2530 habitudo
1007 2471 1384 2539 inseparabilis
1409 2476 1513 2531 est,
1541 2467 1817 2536 proprium

257 2579 343 2625 est
372 2571 473 2629 eis,
509 2579 562 2620 ut
593 2582 622 2620 a
657 2582 714 2621 se
749 2567 882 2632 ipsis
919 2572 1108 2618 mutuo
1141 2561 1557 2630 prohibeantur,
1594 2574 1661 2611 ne
1699 2559 1822 2611 inti-

264 2662 376 2714 nita
420 2675 540 2713 esse
570 2659 950 2714 existimentur
988 2676 1000 2709 :
1053 2668 1285 2723 quorum
1318 2660 1498 2704 autem
1547 2663 1671 2703 esse
1714 2663 1820 2701 non

260 2762 346 2806 est
385 2753 687 2814 inﬁnitum,
732 2763 921 2804 eorum
964 2747 1192 2807 scilicet,
1244 2758 1476 2814 quorum
1518 2741 1825 2812 generatio-

261 2859 383 2899 nem
432 2845 692 2898 s:cculnm
726 2853 821 2894 aut
865 2852 1074 2910 tempus
1117 2837 1484 2890 antecessisse
1533 2833 1825 2910 cogitatur,

264 2937 433 3004 liquet
461 2950 652 2989 eorum
701 2933 1104 3002 generationem
1137 2943 1259 2983 esse.
1307 2942 1371 2981 ex
1419 2939 1483 2979 co
1531 2907 1674 2994 quod
1720 2939 1825 2976 nou

267 3039 404 3082 el‘at.
436 3027 498 3080 Et
518 3026 757 3079 Joannes
780 3024 1148 3076 Damasceuus
1171 3037 1185 3074 :
1211 3017 1459 3088 Oportet,
1487 3015 1680 3084 inquit.
1709 3028 1829 3080 qua:

272 3129 400 3174 sunt
440 3119 506 3170 ad
547 3116 770 3184 aliquid,
819 3115 1224 3184 qualiacunque
1272 3111 1402 3171 sint,
1454 3109 1556 3162 sub
1605 3105 1823 3174 aliquod

272 3209 419 3263 aliud
453 3207 925 3276 praedicanteutum
955 3207 1232 3264 reducere,
1262 3210 1321 3256 ut
1355 3202 1468 3270 ipsa
1504 3200 1653 3265 prius
1683 3200 1733 3250 in
1765 3211 1824 3250 se

270 3294 732 3355 cousidcrentur;
776 3300 980 3360 postea,
1015 3304 1268 3358 tauquam
1315 3289 1690 3342 habitudinem
1724 3286 1823 3337 ba-

271 3388 474 3446 bentia,
512 3371 652 3452 opus
702 3391 788 3437 est
827 3381 924 3435 sub
957 3377 1431 3451 priedicamcntum
1468 3393 1657 3431 eorum
1704 3389 1825 3443 quae

271 3488 398 3532 sunt
425 3476 490 3529 ad
518 3473 747 3543 aliquid,
779 3472 1040 3540 redigere.
1071 3471 1218 3540 Opus
1245 3468 1386 3523 enim
1420 3475 1646 3521 estesse
1677 3480 1828 3534 qna:-

271 3567 391 3621 dam
426 3567 576 3635 prius
612 3565 806 3625 solute,
841 3571 893 3615 et
927 3570 1111 3630 postea
1145 3558 1474 3615 considerari
1507 3572 1692 3612 eorum
1732 3556 1828 3608 ha-

277 3658 602 3710 bitudinem.
636 3657 747 3708 lmo
778 3664 832 3708 et
859 3656 1046 3706 beatus
1075 3651 1311 3722 Cyrillus
1337 3667 1350 3703 :
1379 3648 1724 3711 ilabitudine,
1748 3645 1830 3700 iu-

280 3752 419 3821 ῳιὶι,
449 3749 513 3800 ad
548 3745 712 3798 Deum
747 3745 987 3813 adoptati
1019 3743 1137 3808 lilii,
1164 3743 1496 3797 tleilicamur.
1519 3738 1597 3792 Ex
1630 3738 1830 3807 quibus

283 3840 537 3899 cﬂicitur,
580 3853 682 3890 non
728 3852 884 3906 posse
923 3837 1064 3898 fieri,
1096 3844 1154 3888 ut
1199 3833 1471 3903 generatio
1519 3832 1828 3901 aliquorum

285 3928 890 3990 consideretur,1altero
920 3929 1115 3996 quovis
1152 3941 1340 3979 eorum
1370 3935 1488 3992 quae
1517 3921 1584 3976 ad
1621 3922 1832 3975 habitu-

288 4021 469 4074 dinem
502 4019 794 4088 pertinent,
821 4020 1057 4074 sublato.
1091 4019 1245 4084 Quod
1278 4017 1489 4084 quidetn
1528 4029 1715 4088 verum
1748 4021 1832 4066 est

285 4115 338 4165 in
391 4111 639 4181 personis
671 4110 894 4174 divinis,
925 4112 1052 4177 quia
1105 4111 1188 4162 ha:
1219 4116 1348 4162 sunt
1401 4087 1632 4168 aitet-nae,
1669 4104 1832 4159 simul

281 4205 496 4257 scilicet
518 4205 780 4257 exsistere
815 4199 1185 4256 habitudinem
1224 4220 1238 4264 ;
1273 4207 1450 4252 tamen
1480 4200 1532 4251 in
1563 4198 1671 4250 Deo
1701 4209 1752 4250 et
1779 4198 1831 4249 in

280 4297 544 4349 creaturis
569 4295 679 4364 ejus
707 4305 888 4360 postea
915 4293 1146 4346 ellicitur
1171 4291 1451 4354 habitudo,
1477 4289 1696 4359 quando
1720 4290 1834 4359 ipsa

196 4413 200 4416 -
285 4388 374 4440 illa
403 4403 526 4451 quae
557 4388 926 4440 halitudinetu
963 4384 1184 4459 habent,
1209 4382 1504 4446 exsistunt,
1531 4391 1587 4435 ut
1614 4381 1838 4434 demon-

279 4491 512 4533 sttututn
545 4488 648 4529 t'sl.
1037 4470 1056 4490 ⁸

861 4565 1088 4622 CAPUT
1146 4563 1233 4620 IV.

287 4685 434 4748 Quod
461 4685 710 4738 habitudo
738 4691 785 4736 et
814 4684 974 4734 motio
1003 4680 1094 4734 Dei
1122 4681 1190 4733 ad
1214 4681 1515 4748 efﬁciendas
1545 4690 1836 4746 creaturas,

351 4765 397 4807 et
413 4758 640 4807 omnium
659 4763 1023 4807 creaturarum
1038 4753 1308 4820 generatio
1325 4760 1371 4804 et
1391 4752 1677 4815 productio.
1701 4766 1842 4802 ema-

355 4827 498 4877 natio
539 4827 652 4894 ejus
686 4834 734 4876 et
805 4822 1040 4894 operatio
1112 4832 1346 4878 vocatur.
1409 4830 1457 4872 et
1504 4823 1767 4886 sapientia
1793 4831 1842 4874 et

351 4898 517 4946 virtus
556 4891 602 4945 et
655 4892 1066 4961 magniﬁcentia,
1115 4903 1162 4943 et
1196 4905 1515 4961 quacunque
1551 4891 1618 4961 ad
1652 4893 1850 4957 princi—

350 4967 493 5032 pium
523 4965 723 5014 viarum
745 4959 861 5027 ejus
884 4961 1164 5028 pertinent,
1193 4959 1308 5028 qua:
1351 4974 1416 5011 ea:
1449 4959 1676 5030 mirabili
1723 4960 1850 5028 e/fe-

357 5036 522 5086 ctione
553 5042 923 5085 creaturarum
956 5039 1357 5086 ratmoscuntur.

356 5121 579 5190 Magnus
613 5119 900 5190 Dionysius
927 5122 1105 5189 capite
1132 5134 1274 5173 nono
1297 5120 1370 5173 De
1396 5119 1587 5172 divinis
1617 5120 1846 5172 nomini-

1917 1951 2024 1995 tate
2044 1954 2262 1995 onmem
2294 1939 2667 2010 duplicitatem
2697 1935 3018 1992 excludentc
3049 1951 3066 2000 ς
3107 1944 3299 1990 cuncta
3326 1936 3482 1988 simi-

1916 2032 2039 2087 liter
2067 2032 2314 2087 coutiuet
2342 2031 2607 2085 infinitate
2653 2043 2755 2084 sua
2787 2041 2950 2097 supra
2981 2041 3146 2097 quam
3195 2025 3432 2093 simplici
3459 2042 3476 2088 ;

1916 2135 1970 2181 et
2017 2126 2085 2179 ab
2135 2124 2405 2180 universis
2457 2123 2615 2177 unice
2659 2119 3038 2192 participatur.
3077 2117 3250 2186 Quem
3297 2119 3476 2171 locum

1918 2231 2110 2273 rursus
2160 2215 2430 2270 adnotans
2481 2215 2620 2268 idem
2666 2213 2759 2282 qui
2809 2214 3002 2280 prius:
3037 2209 3484 2271 Emanationem,

1921 2309 2121 2376 inquit,
2157 2315 2317 2361 vocat
2346 2320 2452 2358 non
2485 2304 2658 2358 solum
2696 2317 2755 2357 se
2798 2301 3179 2369 contemplari,
3211 2301 3306 2353 sed
3357 2297 3483 2350 fnu-

1921 2396 2051 2450 dere
2082 2411 2164 2455 se.
2191 2404 2248 2450 et
2272 2407 2477 2457 meare,
2509 2400 2564 2446 et
2605 2399 2890 2446 creaturas
2921 2389 3150 2444 eﬂicere.
3182 2390 3248 2442 Et
3285 2387 3482 2441 iterum

1923 2487 2104 2541 adlmc
2130 2488 2270 2540 idem
2309 2485 2595 2556 Dionysius
2617 2484 2796 2553 capite
2818 2481 3068 2538 secundo
3102 2479 3488 2534 Ecetesiastim

1925 2576 2274 2631 trierarchiie:
2320 2573 2389 2630 Ut
2415 2575 2583 2636 enim,
2618 2573 2813 2643 inquit,
2847 2572 3145 2641 praeclarus
3176 2578 3360 2624 noster
3391 2569 3488 2622 do-

1926 2679 2042 2723 ctor
2069 2668 2231 2731 dixit,
2268 2668 2476 2735 primus
2503 2665 2722 2734 quidem
2755 2678 2934 2719 monts
2965 2663 3163 2718 mentis
3190 2665 3255 2716 ad
3282 2661 3490 2721 divina,

1925 2768 2009 2814 est
2047 2759 2262 2812 dilectio
2311 2755 2452 2822 Dei;
2503 2770 2671 2810 sacrae
2721 2770 2848 2811 vero
2891 2754 3200 2810 dilectionis
3251 2756 3493 2806 manazio

1928 2865 2141 2904 summa
2173 2863 2236 2902 ac
2278 2847 2515 2901 maxime
2547 2846 2796 2914 princeps
2823 2845 2890 2900 ad
2938 2845 3249 2900 faciendum
3305 2855 3494 2900 sancte

1930 2942 2181 2995 mandata
2210 2938 2414 3001 divina,
2442 2949 2526 2990 est
2559 2936 2840 3006 generatio
2864 2937 2954 2991 illa
2988 2952 3204 2992 summe
3233 2937 3489 3004 mystica.

1933 3048 2040 3100 qua
2072 3029 2299 3089 emt-itur
2327 3037 2386 3083 ut
2407 3028 2579 3082 simus
2609 3027 2807 3083 divine.
2837 3027 3062 3099 Magnus
3091 3044 3221 3082 vero
3260 3027 3497 3082 Basilhts

1931 3125 1983 3177 in
2005 3122 2274 3177 adnotatis
2293 3136 2322 3176 a
2341 3129 2528 3175 sancto
2547 3118 2798 3183 Maximo,
2818 3120 2883 3174 de
2902 3121 3140 3190 energia,
3163 3128 3358 3174 contra
3385 3117 3497 3171 Mo-

1929 3215 2220 3270 notltelitas
2239 3229 2253 3266 :
2274 3211 2433 3266 Aliud
2466 3213 2659 3281 inquit,
2686 3221 2769 3266 est
2795 3211 2884 3279 qui
2903 3220 3179 3280 operatur,
3205 3210 3348 3263 aliud
3373 3195 3502 3278 opr-

1927 3306 2087 3369 ratio,
2109 3303 2254 3357 aliud
2277 3317 2451 3372 opus;
2480 3316 2542 3355 ac
2570 3303 2804 3355 maxime
2829 3303 2932 3354 ista
2959 3305 3098 3356 inter
3123 3315 3182 3356 se
3205 3301 3455 3353 dill‘rrunt
3483 3317 3496 3351 :

1927 3410 2161 3465 operans
2189 3393 2330 3448 enim
2354 3402 2438 3447 est
2463 3392 2554 3462 qui
2592 3393 2659 3446 ad
2687 3390 3022 3458 operandum
3050 3399 3301 3444 movetur
3330 3407 3344 3455 ;
3371 3403 3503 3455 ope-

1933 3487 2074 3540 ratio
2097 3495 2182 3540 est
2226 3485 2391 3539 veluti
2421 3497 2603 3539 motus
2631 3483 2998 3553 operatorius,
3047 3483 3292 3551 ipseque,
3327 3491 3386 3534 ut
3419 3481 3492 3534 ita

1934 3574 2149 3641 loquar.
2181 3581 2412 3628 conatus
2466 3571 2762 3625 voluntatis
2797 3571 2863 3622 ad
2909 3569 3245 3636 operandam
3286 3569 3491 3637 aliquid

1931 3665 2159 3718 tendens
2183 3673 2234 3718 et
2280 3671 2535 3732 spectans
2557 3701 2572 3726 ,
2620 3671 2675 3716 et
2703 3661 2861 3715 simul
2902 3669 2962 3713 ut.
2991 3661 3184 3732 electio
3217 3658 3356 3712 facta
3391 3669 3500 3720 est,

1929 3757 2218 3825 quiescens
2241 3768 2307 3809 ac
2336 3753 2614 3818 desinens,
2645 3762 2698 3806 et
2724 3752 2835 3805 cito
2867 3760 3010 3805 mota
3054 3766 3120 3805 ac
3145 3753 3458 3819 praeteriens
3487 3772 3498 3802 :
3543 3813 3548 3816 _

1929 3863 2098 3916 Opera
2137 3860 2264 3900 vero
2293 3853 2444 3909 sunt,
2475 3859 2595 3913 quae
2629 3843 2730 3897 hac
2769 3843 3084 3910 operatione
3121 3842 3500 3910 perﬁciuntur,

1931 3948 1986 3993 et
2020 3938 2143 3992 inde
2165 3935 2460 3990 exsistunt.
2491 3935 2558 3987 Et
2588 3934 2729 3987 idem
2761 3948 2952 3987 rursus
2979 3933 3032 3986 in
3066 3931 3336 3996 secundo,
3369 3948 3505 3987 eon-

1936 4043 2020 4086 tra
2057 4029 2386 4083 Ennomium
2413 4044 2426 4079 :
2453 4024 2757 4080 Potentiam
2789 4025 2959 4090 enim,
2983 4025 3176 4094 inquit,
3207 4035 3262 4080 et
3291 4026 3508 4094 sapien-

1935 4125 2089 4184 tiam,
2121 4132 2284 4190 atque
2309 4129 2503 4181 artem,
2539 4134 2645 4172 non
2680 4127 2860 4172 autem
2905 4118 3077 4187 ipsam
3116 4116 3210 4172 Dei
3249 4119 3508 4173 substan-

1939 4218 2067 4272 tiam
2097 4215 2197 4288 (2),
2227 4214 2474 4269 indicant
2497 4221 2784 4276 creatura»,
2811 4213 2920 4266 imo
2945 4228 3044 4267 nec
3067 4213 3242 4283 ipsius
3265 4215 3509 4272 auctoris

1939 4315 2108 4360 totam
2158 4304 2456 4374 potentiam
2499 4302 2812 4358 necessario
2862 4305 3196 4371 ostendunt;
3243 4306 3514 4376 contingit

1937 4399 2082 4453 enim
2117 4397 2436 4466 aliquando,
2471 4406 2528 4449 ut
2567 4396 2765 4450 artifex
2815 4411 2920 4449 non
2957 4412 3148 4451 omnes
3186 4399 3326 4453 vires
3382 4415 3514 4452 snas

1866 4512 1912 4568 ι)
1941 4488 1995 4542 in
2027 4487 2094 4541 iis
2121 4503 2241 4556 qua:
2271 4485 2423 4546 facit,
2453 4487 2710 4549 collocet,
2757 4485 2888 4554 quin
2919 4487 3105 4554 potius
3141 4501 3515 4555 sa'penumero

1871 4643 1874 4646 ,
1945 4579 2000 4632 in
2031 4578 2442 4648 operationibus
2472 4577 2607 4632 artis
2635 4593 2750 4632 suae
2781 4577 3030 4630 remissis
3058 4577 3266 4630 viribus
3300 4585 3503 4631 utatur.

1945 4671 2021 4724 Ac
2062 4685 2250 4722 rursus
2300 4668 2484 4724 idem:
2537 4668 2994 4736 Amplitudinem,
3046 4669 3246 4738 inquit,
3295 4670 3412 4732 Dei,
3456 4677 3514 4720 ct

1947 4761 2244 4830 potentiam
2278 4775 2340 4814 ac
2372 4761 2722 4827 sapientiam,
2755 4771 2866 4812 tum
2903 4760 3201 4812 bonitatem
3242 4769 3294 4812 et
3327 4759 3510 4825 provi-

1946 4854 2208 4916 dentiam,
2237 4866 2342 4920 qua
2375 4865 2474 4904 nos
2503 4859 2780 4918 procurat,
2807 4860 2854 4902 et
2880 4849 3147 4918 justitiam
3179 4848 3372 4917 iudicii
3395 4851 3520 4917 ejus

1947 4941 2186 4995 dicimur
2216 4954 2566 5009 cognoscere,
2606 4955 2713 4992 non
2746 4940 3110 5008 autemipsant
3130 4940 3515 4994 substantiam.

1957 5031 2154 5085 Iterum
2181 5030 2322 5084 idem
2361 5029 2596 5083 Basilius
2628 5029 2680 5083 in
2710 5006 2973 5082 oratione
2993 5029 3058 5082 de
3086 5028 3353 5098 principio
3381 5030 3514 5083 Pro
3594 5006 3600 5012 ’
3628 5066 3650 5098 ,ξ

1952 5124 2263 5178 verbiorum
2291 5139 2303 5174 :
2333 5120 2438 5188 Qui
2465 5121 2768 5190 cognoscit,
2799 5121 2994 5190 inquit,
3022 5135 3084 5172 ex
3126 5095 3328 5173 fabrica
3361 5136 3524 5176 mun-
3563 5147 3568 5152 -
3623 5095 3634 5108 δ

1732 5213 2004 5276 Scholia.

354 5319 431 5387 (i)
497 5319 838 5386 Anticipata,
903 5317 1037 5372 dicit
1104 5327 1329 5387 propter
1391 5316 1538 5371 ideas
1592 5317 1838 5387 omnium

284 5385 677 5444 creaturarum
705 5391 758 5442 in
796 5389 928 5445 Deo.
955 5385 1118 5456 quas
1147 5388 1438 5454 Apostolus
1471 5385 1842 5456 προορισμούς

283 5466 466 5522 vorat,
499 5469 558 5511 ut
613 5457 673 5511 S.
730 5457 998 5512 Maximus
1057 5459 1109 5510 in
1158 5457 1380 5527 sclroliis
1438 5457 1488 5509 in
1528 5457 1845 5527 Dionysium

286 5531 518 5588 notavit,
552 5528 602 5580 id
637 5539 742 5589 est,
780 5528 1291 5598 prmordinationes,
1324 5526 1440 5580 sive
1471 5526 1850 5598 pra-definitio-

287 5613 409 5652 nes.
437 5599 551 5650 sive
579 5597 1116 5665 praedestinationes.

355 5665 432 5734 (ἓ)
468 5663 591 5718 Non
627 5678 801 5718 autem
841 5669 1008 5732 ipsam
1047 5665 1143 5717 Dei
1185 5666 1566 5721 substantiam.
1616 5663 1733 5718 Non
1782 5664 1856 5718 si-

290 5738 553 5807 gniﬁcant
591 5747 878 5798 creaturae,
911 5734 1054 5790 sicut
1084 5751 1258 5806 neque
1307 5739 1523 5791 nomina
1560 5737 1639 5791 eis
1688 5736 1860 5804 impo—

1620 5853 1661 5898 0

1946 5321 2072 5381 sita,
2118 5321 2316 5381 bonus,
2368 5320 2614 5388 sapiens,
2651 5328 2702 5372 et
2745 5318 2968 5381 similia,
3005 5318 3093 5371 Dei
3129 5319 3517 5377 Sttltslttttliam,

1949 5391 2043 5444 sed
2081 5390 2483 5456 Operationem,
2527 5390 2746 5454 quando
2777 5389 3188 5442 consideramus
3218 5400 3518 5446 creatura-.

1952 5467 2226 5526 quatenus
2273 5463 2475 5512 habent
2505 5457 2868 5526 pet-fertiones
2904 5457 2990 5509 Dei
3023 5459 3376 5526 participazas
3408 5470 3463 5511 et
3492 5478 3520 5508 ιθ

1959 5528 2069 5581 Deo
2105 5528 2350 5584 effectas.
2385 5529 2584 5594 quibus
2631 5529 3001 5596 significandis
3049 5529 3268 5580 nomina
3315 5535 3444 5580 sunt
3492 5543 3525 5580 ει

1959 5597 2116 5651 nobis
2151 5614 2299 5666 prius
2348 5598 2626 5666 imposita.
2664 5599 2891 5661 Quando
2927 5612 3056 5651 vero
3086 5613 3148 5649 ex
3203 5597 3334 5663 ipsis
3359 5611 3528 5666 crea-

1963 5671 2100 5721 turis
2154 5664 2220 5720 al
2292 5664 2570 5722 auctorem
2643 5667 3117 5734 contetnplnmluut
3179 5664 3526 5726 deducimur,

1965 5738 2328 5792 substantiam
2395 5740 2514 5808 ejus
2578 5737 2736 5790 nobis
2795 5737 3062 5800 indicant,
3133 5745 3190 5789 ut
3247 5736 3532 5805 copiosius
