4048 6432
417 389 615 478 ’····ιθ’1

508 619 898 690 proﬁciscitur,
947 618 1148 683 d-ill'ert,
1179 617 1321 672 sicut
1353 617 1495 673 ratio
1525 617 1719 685 poscit,
1751 632 1778 671 a
1814 616 2072 672 substanv

508 713 586 765 tia
641 710 756 776 Dei,
798 711 926 773 quia
976 710 1066 764 illa
1118 708 1330 764 scilicet
1382 708 1630 762 voluntas
1679 707 1771 761 Dei
1810 707 1994 775 cmpit,
2025 713 2079 760 ct

507 811 593 858 est
629 811 782 857 extra
826 801 1112 856 iacientem
1143 809 1196 854 et
1224 809 1523 863 creantem,
1557 801 1671 854 haec
1714 815 1859 861 vero,
1888 800 1938 852 id
1971 805 2076 863 est,

510 891 816 946 substantia
861 890 952 945 Dei
1003 901 1204 945 interna
1247 902 1349 955 cst,
1399 899 1454 944 et
1500 890 1642 944 intra
1681 906 1739 944 se
1772 891 1942 958 ipsam
1976 890 2078 942 ﬁxe

511 992 714 1043 manet,
763 981 850 1034 illa
901 980 1088 1049 incipit
1132 988 1185 1032 et
1231 978 1453 1041 desinit,
1498 979 1610 1032 bzrc
1649 978 1787 1032 initii
1845 985 1897 1030 et
1955 977 2078 1029 ﬁnis

507 1085 701 1141 expers
729 1080 852 1134 est;
895 1071 980 1124 illa
1039 1070 1230 1139 recipit
1263 1085 1369 1123 non
1411 1085 1554 1130 esse,
1599 1083 1722 1121 cum
1780 1068 1920 1122 Deus
1973 1080 2078 1121 non

511 1161 628 1216 vult
654 1176 798 1228 esse,
836 1161 952 1216 haec
977 1176 1255 1230 nunquam
1290 1161 1481 1228 recipit
1508 1173 1614 1212 non
1640 1173 1781 1213 esse.

1113 1267 1339 1324 CAPUT
1383 1267 1488 1321 VII.

515 1361 675 1428 Quod
710 1361 1000 1416 secundum
1029 1367 1164 1414 hanc
1200 1359 1523 1413 voluntatem
1557 1367 1604 1412 et
1635 1357 1950 1411 desiderium
1989 1355 2081 1410 Dei

723 1432 889 1500 ipsius
923 1446 1049 1500 erga
1089 1445 1182 1482 nos
1211 1430 1563 1497 providentia:
1595 1430 1867 1481 dicuntur.

585 1522 946 1588 Athanasius,
998 1521 1052 1575 in
1107 1521 1269 1575 tertio
1298 1520 1496 1575 Contra
1545 1521 1774 1574 Ariauos
1814 1517 2079 1583 :Omnia,

510 1613 714 1685 inquit,
750 1613 902 1668 dedit
954 1612 1113 1668 Pater
1163 1611 1320 1676 Fi!io,
1360 1619 1414 1666 et
1459 1612 1642 1666 omnia
1697 1626 1889 1666 rursus
1921 1609 2084 1664 Pater

513 1705 680 1760 habet
715 1706 768 1759 in
801 1705 939 1760 Filio
972 1722 986 1760 :
1022 1703 1458 1759 divinitas-enim
1493 1701 1638 1766 Filii,
1670 1703 1931 1758 divinitas
1976 1701 2082 1756 Pa-

516 1797 620 1850 tris
651 1806 755 1860 est,
785 1805 949 1864 atque
997 1794 1069 1848 ita
1106 1792 1267 1848 Pater
1296 1793 1691 1863 providentiam
1733 1793 1976 1848 omnium
2022 1792 2076 1847 in

515 1883 656 1940 Filio
683 1886 839 1954 gerit.
875 1883 940 1938 Et
970 1884 1164 1939 iterum
1201 1883 1365 1947 idem,
1417 1883 1617 1938 Contra
1669 1883 1890 1953 gentiles
1920 1898 1940 1937 :
1977 1882 2080 1936 Per

515 1973 972 2040 incarnationem,
1019 1973 1217 2042 inquit,
1250 1971 1414 2028 Verbi
1462 1973 1798 2042 providentia
1834 1972 2080 2027 omnium

512 2067 710 2136 patuit,
762 2074 816 2120 et
851 2065 1026 2135 ipsum
1057 2062 1294 2119 Verbum
1330 2061 1494 2131 hujus
1547 2061 1904 2132 providentia:
1951 2076 2083 2131 sup-

514 2155 784 2226 peditator
817 2164 872 2209 et
925 2163 1114 2209 auctor
1151 2161 1275 2218 est;
1314 2153 1430 2222 ipse
1474 2152 1618 2205 enim
1652 2149 1825 2205 factus
1853 2157 1937 2204 est
1987 2151 2084 2202 lio-

514 2259 627 2309 mo,
662 2256 720 2300 ut
767 2260 868 2300 nos
909 2244 1312 2306 deiﬁcaremur,
1343 2257 1403 2297 se
1438 2242 1551 2312 ipse
1587 2257 1684 2312 per
1735 2255 1934 2310 corpus
1969 2253 2084 2293 mae

515 2336 773 2392 nifestum
803 2335 953 2399 fecit,
977 2345 1039 2390 ut
1065 2351 1166 2391 nos
1195 2334 1372 2390 Patris
1401 2333 1804 2402 inaspectabilis
1833 2332 2080 2386 notitiam

513 2444 862 2500 caperemus.
907 2431 1021 2483 lmo
1052 2439 1107 2483 et
1143 2443 1373 2497 magnus
1407 2428 1637 2484 Basilius
1676 2430 1730 2482 in
1765 2427 2079 2490 Moralibus,

509 2531 710 2592 quarto
745 2531 800 2578 et
829 2522 1250 2591 quadragesimo
1282 2520 1494 2575 Psalmo
1521 2539 1535 2574 :
1587 2520 1831 2585 Intende,
1881 2519 2080 2588 inquit,

508 2628 758 2684 prospere
804 2614 1043 2681 procede,
1092 2621 1143 2664 et
1199 2627 1357 2681 regna
1384 2613 1454 2677 “,
1502 2613 1553 2665 id
1603 2623 1706 2674 est,
1744 2612 1835 2681 qui
1893 2627 2081 2666 curam

509 2707 799 2766 hominum
836 2721 932 2774 per
958 2719 1178 2759 carnem
1219 2705 1415 2760 habere
1444 2704 1679 2773 cmpisti,
1706 2703 1790 2758 fac
1812 2711 1867 2757 ut
1896 2719 2080 2758 curam

510 2797 656 2853 banc
694 2797 969 2861 intendas,
1003 2797 1308 2861 centinues,
1361 2803 1416 2851 et
1470 2797 1618 2850 nullo
1659 2812 1900 2866 unquam
1950 2805 2086 2852 tem-

511 2903 649 2960 pore
684 2888 915 2943 relaxes.
960 2887 1026 2942 Et
1073 2886 1441 2942 Damascenus
1487 2887 1844 2957 Theologus:
1896 2887 2086 2942 Provi-

511 2977 720 3041 dentia,
757 2978 955 3046 inquit,
1003 2986 1090 3034 est
1123 2993 1255 3032 cura
1290 2976 1382 3032 Dei
1415 2979 1481 3032 de
1505 2979 1778 3034 omnibus.
1815 2979 1880 3034 Et
1904 2973 2085 3034 Theo-

513 3072 684 3126 dorus
713 3079 1076 3140 cognomento
1124 3069 1235 3122 τῶν
1281 3069 1546 3141 γραπτῶν
1580 3088 1594 3127 :
1641 3071 1960 3140 Cujusnam,
1998 3072 2088 3127 in-

1685 408 2008 472 JOANNIS
2046 410 2603 474 CYPARISSIOT/E

506 538 668 598 aequa
720 542 844 581 cum
901 525 1342 582 emanatiouibus
1404 534 1457 580 et
1508 523 1924 593 operationibus
1978 522 2072 580 Dei
2102 524 2154 582 Α

3641 412 3747 479 788

2756 524 2984 582 CAPUT
3025 523 3165 580 VIII.

2181 639 2335 704 Quod
2399 642 2687 707 generatim
2759 657 2936 694 omnes
2987 641 3181 693 divina'
3222 623 3580 692 emanaliones
3619 653 3748 705 pro-

2355 710 2597 765 videntia:
2631 711 2884 764 dicuntur
2916 719 3085 763 mente
3116 708 3565 777 contemplabiles.
3665 719 3669 723 ’

2251 799 2477 871 Magnus
2511 801 2802 870 Dionysius
2851 803 3029 869 primo
3067 815 3186 870 cap.
3234 800 3308 853 De
3339 799 3532 852 divinis
3573 799 3742 852 nanti-

2181 893 2355 958 nibus,
2389 895 2508 949 ait:
2542 885 2659 947 Non
2693 894 2868 948 solum
2906 893 3050 946 enim
3097 901 3179 946 est
3223 906 3384 945 causa
3431 889 3744 945 continendi

2181 985 2386 1046 omnia,
2423 993 2477 1038 et
2507 985 2628 1038 vitae
2672 999 2735 1037 ac
2765 983 3112 1054 perfectionis
3143 997 3308 1036 causa
3336 989 3441 1043 est,
3474 982 3547 1034 ita
3587 988 3644 1032 ut
3676 978 3746 1032 ab

2182 1078 2284 1132 hac
2323 1078 2459 1136 sola,
2517 1085 2607 1129 aut
2656 1075 2724 1128 ab
2774 1075 2878 1128 alia
2932 1073 3275 1144 providentia
3337 1071 3572 1131 bonitag
3625 1085 3750 1134 qua:

2180 1177 2342 1216 omne
2397 1176 2592 1215 nomen
2644 1169 2902 1230 Superat,
2955 1161 3286 1222 nominetur,
3344 1159 3438 1214 sed
3495 1159 3749 1212 universa

2180 1256 2504 1326 simpliciter
2547 1267 2594 1309 et
2642 1253 3119 1321 ineircumscripte
3151 1253 3203 1306 in
3239 1267 3296 1306 se
3325 1250 3637 1320 anticipavit
3667 1250 3746 1317 (Ι)

2179 1347 2436 1416 perfectis
2511 1346 2846 1400 honitatibus
2923 1345 3094 1414 ipsius
3155 1342 3330 1398 unica:
3397 1353 3450 1396 et
3499 1341 3746 1395 omnium

2181 1437 2471 1492 eli‘eclricis
2519 1436 2893 1507 providentia,
2928 1445 2984 1490 et
3033 1434 3102 1487 ab
3143 1433 3398 1487 omnibus
3429 1431 3592 1485 rebus
3623 1440 3750 1497 apte

2181 1529 2434 1584 laudatur
2495 1537 2550 1584 et
2602 1527 2942 1582 nominatur.
2998 1523 3162 1593 Atqui
3231 1537 3338 1577 non
3398 1521 3574 1575 solum
3628 1520 3750 1574 haec

2184 1622 2404 1674 nomina
2440 1619 2622 1672 divina
2679 1617 2916 1686 theologi
2974 1615 3272 1673 celebrant.
3307 1625 3429 1682 qua:
3484 1625 3514 1665 a
3563 1609 3751 1679 provi-

2185 1710 2383 1765 dentiis
2434 1707 2815 1777 generalibus,
2867 1715 2959 1760 aut
3009 1719 3037 1759 a
3089 1702 3442 1774 providentiis
3478 1701 3532 1755 in
3575 1708 3747 1770 parte,

2184 1812 2279 1856 aut
2320 1802 2389 1855 ab
2436 1800 2502 1855 iis
2543 1800 2741 1869 quibus
2784 1798 3127 1868 providetur,
3159 1781 3540 1862 efaliquando
3567 1807 3594 1846 a
3623 1793 3749 1859 qui-

2181 1893 2411 1948 busdam
2469 1891 2667 1946 divinis
2701 1890 2833 1946 visis
2892 1886 3379 1951 dicuntur.,ldem
3430 1898 3642 1940 rursus.
3692 1883 3748 1934 in

2186 1984 2424 2052 Epistola
2464 1983 2532 2036 ad
2571 1981 2747 2036 Titum
2787 1995 2806 2033 .'
2854 1980 2910 2034 In
2950 1976 3329 2048 providentiis.
3373 1975 3573 2040 inquit.
3629 1973 3746 2032 Dei,

2180 2089 2319 2145 quas
2369 2081 2548 2128 mente
2599 2070 3055 2141 contemplamur,
3095 2070 3180 2121 vel
3229 2067 3284 2120 in
3320 2065 3480 2118 (luitis
3515 2063 3618 2127 (2),
3665 2062 3749 2116 vel

2180 2165 2484 2221 visionibus
2509 2165 2609 2235 (5),
2638 2163 2720 2218 vel
2751 2147 3312 2233 proprietatibufu),
3341 2155 3436 2224 vel_
3477 2154 3750 2207 facultati-

2180 2259 2284 2314 bus
2337 2256 2436 2326 (5),
2493 2257 2574 2311 vel
2624 2256 2878 2318 statibus,
2940 2253 3021 2305 vel
3069 2247 3447 2302 mansionibus
3507 2243 3607 2314 (6),
3664 2242 3750 2297 vel

2181 2349 2642 2412 emanationibus,
2675 2346 2759 2401 vel
2787 2342 3230 2400 distinctionibus
3262 2337 3362 2405 (7),
3394 2334 3476 2387 vel
3515 2334 3748 2401 conjun-

2182 2442 2454 2498 ctionibus
2502 2440 2598 2509 (8).
2653 2439 2717 2492 Et
2768 2451 2960 2492 rursus
3011 2449 3133 2502 cap.
3185 2445 3380 2501 quarto
3429 2427 3504 2481 De
3561 2426 3753 2481 cuticin

2182 2531 2400 2584 hieran:
2423 2527 2648 2591 Cuncta,
2676 2525 2872 2594 inquit,
2889 2540 3007 2594 qua:
3026 2531 3172 2588 sunt,
3202 2523 3594 2592 providentiam
3625 2532 3748 2587 par-

2184 2621 2591 2691 ticipant-qua
2619 2632 2685 2672 ex
2731 2616 3031 2678 divinitate,
3068 2629 3190 2684 quae
3238 2629 3457 2668 omnem
3500 2620 3747 2666 naturam

2185 2707 2481 2768 antecellit.
2510 2715 2566 2760 et
2612 2705 2854 2760 omnium
2885 2718 3064 2757 rerum
3091 2718 3256 2758 causa
3283 2712 3388 2763 est,
3412 2701 3601 2757 eﬂluit.
3629 2698 3751 2762 Quo

2185 2800 2240 2855 in
2273 2799 2396 2854 loco
2430 2804 2656 2854 sanctus
2709 2795 2979 2850 Maximus
3016 2811 3032 2849 :
3079 2795 3296 2857 Omnia,
3334 2793 3533 2861 inquit,
3584 2802 3748 2858 opera

2186 2887 2478 2945 creationis
2529 2887 2842 2960 summatim
2903 2885 3164 2949 declarat,
3224 2899 3350 2939 cum
3399 2883 3580 2937 dicit:
3622 2880 3752 2945 ρυω

2186 2989 2329 3046 sunt,
2365 2978 2546 3034 omnia
2594 2977 2804 3032 scilicet
2856 2976 3182 3032 intellectilia
3234 2985 3288 3030 et
3327 2973 3596 3036 sensilia;
3631 2973 3754 3024 uni-

2187 3086 2346 3127 versa
2377 3070 2522 3125 enim
2556 3069 2685 3124 fecit
2720 3069 2882 3130 Deus,
2923 3083 3046 3122 cum
3081 3081 3184 3120 non
3211 3075 3419 3121 essent.
3455 3073 3508 3118 et
3531 3064 3602 3117 ob
3630 3076 3750 3115 eam
3779 3105 3790 3114 κ

512 3161 656 3230 quit,
691 3161 766 3242 rei
805 3158 1146 3228 providentia
1181 3164 1307 3223 erit,
1346 3158 1391 3213 si
1443 3173 1549 3213 non
1600 3160 1673 3214 sit
1714 3162 1859 3229 quod
1897 3177 2082 3218 serve-
2113 3163 2156 3223 C
2192 3176 2413 3218 causam
2443 3160 2645 3223 solum,
2673 3167 2735 3212 ut
2759 3158 3000 3212 bonitate
3026 3149 3199 3230 ipsius
3215 3149 3755 3212 fruerentur,l‘ruun-

509 3264 605 3308 tur
648 3252 956 3307 incolume?
1001 3251 1346 3306 Providentia
1401 3253 1545 3304 enim
1595 3267 1661 3308 ex
1717 3253 1785 3309 iis
1831 3266 1914 3309 est
1966 3269 2086 3323 qua:

515 3351 647 3397 sunt
678 3353 900 3412 propter
929 3357 1175 3396 causam.
1226 3343 1407 3407 Quare
1436 3357 1502 3396 ex
1549 3343 1632 3396 his
1675 3353 1846 3412 patet,
1887 3359 2082 3411 quem-

516 3432 810 3486 admodum
841 3441 1063 3500 pr0pter
1091 3444 1154 3484 ea
1185 3445 1304 3501 qua:
1345 3444 1374 3484 a
1425 3445 1482 3484 se
1531 3429 1672 3486 facta
1717 3442 1865 3499 sunt,
1907 3434 2088 3502 provi-

515 3520 758 3576 dentiam
805 3521 968 3576 babet
1001 3521 1162 3586 Deus,
1199 3535 1307 3589 qua
1365 3521 1452 3576 illa
1486 3534 1744 3593 procurat
1784 3534 1840 3579 et
1888 3525 2087 3593 guber-

517 3621 644 3678 nat;
679 3621 734 3668 et
789 3612 906 3682 ipse
947 3621 1030 3668 est
1082 3612 1177 3668 Dei
1226 3611 1485 3680 Verbum,
1518 3614 1680 3682 hujus
1734 3616 2084 3683 providentia:

517 3703 900 3776 stippeditator
933 3713 986 3758 et
1016 3712 1228 3760 auctor.
1256 3703 1411 3770 Quod
1460 3705 1507 3759 si
1551 3714 1772 3775 propter
1804 3707 1904 3759 ista
1942 3707 2084 3760 facta

519 3807 625 3861 est,
660 3795 938 3868 quomodo
980 3811 1089 3851 non
1139 3797 1212 3852 sit
1258 3797 1477 3852 condita
1523 3806 1577 3854 et
1629 3808 1814 3853 creata
1843 3807 1897 3852 et
1936 3799 1987 3851 in
2021 3799 2086 3854 iis

517 3898 826 3953 numerata,
880 3903 1003 3957 qua:
1047 3897 1179 3943 sunt
1233 3899 1455 3959 propter
1493 3903 1737 3953 causam,
1787 3891 2084 3944 secundum

516 3992 768 4036 naturam
823 3981 1204 4052 operationum
1264 3992 1320 4036 et
1371 3981 1806 4043 emanationum,
1855 3991 1911 4033 et
1950 3980 2084 4033 alio-

513 4089 639 4127 rum
695 4089 814 4142 quae
875 4073 941 4129 ad
1005 4072 1380 4131 habitudinem
1436 4071 1710 4143 pertinere
1770 4072 2086 4142 intelligun-

517 4163 659 4220 tur?

597 4501 642 4532 "
681 4498 830 4557 Psal.
859 4515 1005 4565 xm,
1038 4501 1092 4556 5.

2189 3260 2276 3306 tur
2309 3257 2490 3304 autem
2546 3247 2885 3317 providentia
2947 3246 3084 3311 ipsa.
3121 3254 3178 3298 ut
3209 3256 3441 3312 quaeque
3492 3255 3580 3294 res
3631 3248 3752 3306 apta

2184 3351 2266 3398 est
2294 3360 2306 3407 ;
2339 3339 2676 3410 providentia
2725 3337 2868 3391 enim
2928 3335 3022 3390 Dei
3054 3334 3380 3403 principium
3417 3339 3501 3386 est
3549 3338 3756 3383 natura:

2174 3432 2452 3501 cujusque
2487 3431 2588 3494 rei,
2629 3439 2792 3498 atque
2837 3426 2965 3482 hinc
2993 3435 3140 3494 patet
3173 3423 3491 3493 Dionysium
3535 3433 3753 3472 omnem

2185 3520 2587 3574 emanationem
2649 3515 2756 3569 Dei"
2807 3513 3205 3582 providentiam
3268 3511 3594 3578 appellasse.
3653 3506 3758 3560 hoc

2191 3605 2334 3659 enim
2362 3614 2443 3658 est
2474 3603 2603 3656 illud
2657 3603 2798 3672 apud
2831 3601 3152 3670 Dionysium
3193 3616 3208 3652 :
3239 3599 3322 3653 Ab
3359 3598 3460 3651 hac
3507 3597 3645 3658 sola,
3672 3594 3756 3647 vel

2191 3695 2260 3748 ab
2289 3694 2392 3748 alia
2425 3693 2761 3761 providentia
2789 3710 2801 3757 ;
2849 3701 2905 3746 et
2938 3690 3067 3745 illud
3107 3709 3120 3743 :
3167 3689 3208 3742 A
3242 3688 3584 3758 generalibus
3628 3699 3758 3753 pro-

2192 3782 2472 3847 videntiis,
2505 3781 2587 3835 vel
2637 3780 2989 3849 providentiis
3034 3780 3088 3832 in
3123 3791 3292 3848 parte,
3329 3777 3410 3829 vel
3441 3777 3509 3830 ab
3543 3777 3608 3829 iis
3637 3773 3757 3841 qui-

2193 3873 2294 3928 bus
2330 3874 2684 3942 prmidetur;
2741 3883 2796 3928 et
2844 3871 2976 3926 illud
3027 3886 3266 3925 rursus:
3303 3869 3356 3922 In
3397 3867 3754 3940 provivlentiis

2194 3964 2313 4025 Dei.
2346 3979 2482 4032 quas
2525 3972 2705 4018 mente
2741 3962 3214 4030 eontemplamur;
3272 3960 3431 4030 plane
3471 3967 3757 4012 contentus

2195 4057 2299 4112 fuit
2333 4055 2620 4124 Dionysius
2663 4071 2757 4124 pro
2803 4053 3242 4108 emanationibus
3275 4049 3640 4120 providentius
3670 4047 3756 4101 di-

2195 4160 2357 4210 cere;
2416 4144 2520 4198 nisi
2554 4144 2676 4211 quis
2726 4142 2863 4198 forte
2901 4143 3068 4206 dicat,
3119 4140 3266 4194 idem
3317 4155 3440 4195 csse
3473 4138 3758 4207 providen-

2197 4236 2356 4300 tiam,
2386 4243 2438 4287 et
2466 4231 2896 4294 emanationem,
2917 4246 3173 4286 emanare
3199 4230 3343 4284 enim
3367 4237 3586 4299 propter
3612 4225 3757 4280 aliud

2187 4325 2339 4397 quid,
2376 4323 2509 4394 quid
2541 4321 2689 4378 aliud
2718 4331 2804 4378 est
2833 4338 2995 4392 quam
3038 4318 3330 4392 providere
3370 4321 3511 4384 suis,
3537 4330 3756 4388 propter

1985 4610 2254 4674 Schoha.

587 4742 664 4810 (λι)
703 4739 757 4793 Id
782 4747 897 4802 εει,
936 4738 1012 4810 ita
1049 4739 1104 4791 in
1132 4735 1389 4810 seomnia
1427 4734 1755 4802 anticipavit,
1793 4742 1848 4788 et
1897 4735 2080 4788 omnia

2190 4749 2316 4785 στον
2363 4731 2551 4798 αὐτοῦ,
2600 4743 2830 4810 ut_cum
2886 4733 3390 4810 dicitHScriptui-a:

513 4807 620 4874 est,
650 4807 720 4865 ut
747 4824 871 4864 cum
908 4809 988 4860 eis
1021 4822 1128 4861 non
1159 4807 1230 4860 sit
1259 4814 1696 4870 coagmentatus,
1745 4820 1920 4872 neque
1953 4819 2081 4858 cor-

518 4896 682 4943 poree
712 4881 925 4937 unitus.
959 4877 1062 4930 hoc
1095 4884 1178 4930 est
1207 4875 1530 4943 simpliciter
1579 4883 1633 4927 et
1663 4874 2080 4928 incircumscri-

515 4963 605 5020 pte
647 4950 830 5020 omnia
861 4961 984 5020 esse
1006 4945 1058 4998 in
1086 4959 1171 5020 e_o.
1199 4955 1253 5000 et
1281 4945 1465 5020 ipsum
1479 4958 1602 4997 esse
1641 4943 1848 5020 omnia.
1877 4943 2082 4998 Contra

516 5013 695 5075 aiebat
731 5017 1062 5072 Manichacus
1104 5014 1267 5068 Deum
1300 5013 1554 5067 omnibus
1584 5013 1908 5079 corporibus
1955 5029 2084 5064 συν-

518 5089 900 5157 ουσιασμένογ,
929 5085 980 5136 id
1012 5093 1116 5145 est.
1138 5093 1197 5138 ut
1221 5084 1296 5138 ita
1329 5091 1627 5143 vertamus,
1647 5082 2085 5136 consubstantia-

523 5175 633 5213 ium
673 5155 1056 5225 providentia.
1346 5223 1353 5225 _
1467 5219 1478 5225 _
1648 5198 1652 5204 .

589 5219 685 5296 (εἰ)
713 5226 895 5278 Donis.
1048 5224 1099 5275 in
1148 5222 1240 5276 illo
1279 5219 1505 5288 :Aperis
1565 5228 1622 5271 tu
1671 5235 1887 5273 manum
1935 5227 2084 5274 tuam

519 5292 693 5367 (νέαι.
727 5292 1048 5367 ςδιᾳνηςϐ).
1091 5302 1194 5367 etc.

593 5367 669 5435 (5)
724 5358 1056 5435 _Visionibus.
1114 5361 1183 5435 Ut
1223 5376 1341 5435 cum
1377 5359 1450 5435 _in
1500 5358 1698 5435 Veteri‘
1731 5358 2082 5435 Testamento

518 5429 813 5504 apparebat
848 5433 998 5504 Deus
1032 5433 1209 5504 specie
1244 5430 1482 5504 hominis
1511 5439 1613 5504 ;_et
1655 5429 1798 5504 sicut
1841 5431 2082 5497 Spiritus

517 5498 743 5558 sanctus
775 5501 1030 5571 apparuit
1057 5502 1112 5554 in
1149 5499 1328 5569 specie
1352 5499 1635 5564 columbae,
1677 5509 1734 5554 et
1764 5498 2072 5568 linguarum

513 5587 820 5626 tunicarum.

538 5594 1145 5707 μὲιῗῗῐὲῗέἧπῑριηιὶὺηδ.
1186 5635 1256 5691 Ut
1294 5652 1345 5690 In
1397 5640 1661 5706 prOphela
1708 5641 1894 5700 Amos,
1945 5640 2073 5691 ada-

515 5724 658 5771 tnas,
705 5711 940 5776 providit
996 5709 1153 5771 Deus,
1208 5718 1265 5761 ut
1319 5709 1671 5776 similitudine
1728 5716 1782 5762 et
1827 5709 2076 5776 exetnplo

491 5775 822 5844 adamantis
875 5781 1184 5838 ostenderet
1223 5779 1379 5835 nobis
1418 5779 1476 5831 τὸ
1504 5775 1712 5842 ἀπαθὲς
1742 5777 1834 5832 καὶ
1861 5775 2074 5830 aridita-

3447 4730 3583 4784 Deus
3626 4729 3761 4797 ignis

2191 4819 2499 4873 consumens
2529 4815 2603 4858 est
2633 4803 2811 4873 (Deut.
2849 4820 2921 4869 Iv,
2971 4803 3084 4872 24),
3135 4802 3369 4873 providit
3401 4810 3460 4855 ut
3488 4801 3565 4855 sic
3595 4800 3760 4870 signi-

2191 4872 2380 4928 ﬁcaret
2410 4874 2515 4926 vim
2548 4871 2901 4928 consumendi
2933 4871 3130 4942 pravos
3151 4871 3393 4942 habitus.

2261 4942 2342 5008 (5)
2368 4942 2762 4997 Facultatibus.
2789 4943 2855 4998 Ut
2879 4939 3042 5002 oculi,
3069 4941 3160 5009 qui
3187 4939 3493 4993 facultatem
3520 4939 3759 5005 videndi,

2193 5020 2248 5092 et
2292 5013 2460 5082 pedes
2493 5013 2806 5068 ambulandi
2841 5012 3170 5083 signiﬁcant,
3217 5011 3427 5078 species
3467 5009 3762 5078 providen-

2193 5093 2280 5134 tia:
2307 5092 2452 5136 sunt.

2262 5151 2338 5220 (6)
2363 5151 2602 5205 Statibus
2621 5150 2698 5204 vel
2727 5150 3107 5204 mansionibus.
3134 5150 3204 5204 Ut
3231 5164 3353 5204 cum
3380 5149 3600 5220 dicitur,
3627 5146 3762 5214 lapis

2187 5218 2552 5343 Igulndatnenti,
2576 5221 2847 5292 signiﬁcat
2869 5221 3262 5290 providentiam
3293 5227 3470 5274 status
3499 5218 3761 5272 immuta-

2228 5307 2238 5342 l
2267 5307 2332 5343 IS.

2228 5307 2332 5344 IIIS.

2262 5360 2338 5431 (7)
2364 5359 2814 5431 Emanationibus
2844 5357 2920 5411 vel
2939 5357 3381 5431 distinctionibus.
3417 5355 3490 5431 U_t
3518 5370 3642 5411 cum
3676 5353 3765 5408 di-

2184 5426 2346 5494 citur,
2379 5429 2476 5484 llos
2509 5429 2621 5494 agri
2655 5437 2709 5481 et
2740 5427 2912 5482 lilium
2945 5426 3310 5493 convallium,
3355 5427 3591 5480 varietas
3631 5439 3759 5494 pro-

2183 5499 2815 5565 videntim-signiﬂcatnr.

2257 5569 2334 5636 t8)
2379 5561 2876 5636 Conjnnctionibus.
2920 5565 2993 5620 Ut
3043 5580 3165 5619 cum
3216 5573 3442 5619 vocatur
3492 5561 3766 5636 lapisan-

2181 5632 2414 5706 gularis,
2443 5632 2781 5707 signiﬁcatur
2824 5636 3167 5706 providentia
3203 5634 3559 5692 convertendi
3584 5632 3652 5685 ad
3682 5645 3763 5698 se,

2181 5705 2235 5762 et
2273 5721 2459 5762 secum
2487 5705 2802 5774 copulandi.
