4048 6428
263 516 405 572 quos
449 515 481 554 a
516 496 789 568 principio
818 501 1222 557 emanationem
1256 501 1406 564 fecit.
1436 509 1491 556 et
1521 499 1701 556 adhuc
1734 508 1832 553 eo-
1857 496 1907 556 Δ

264 607 384 648 rum
408 606 596 645 curam
630 591 789 666 gerit,
810 591 960 659 quod
991 593 1161 661 magis
1191 593 1370 647 adhuc
1399 608 1463 646 ex
1497 606 1564 646 eo
1595 597 1833 653 constat,

264 681 412 752 quod
447 681 794 750 providentia
823 682 912 735 Dei
941 683 1266 751 principium
1291 691 1602 736 estnaturee
1625 694 1834 744 rerum,

260 787 423 828 emus
457 781 639 824 autem
694 771 1021 841 principium
1059 773 1366 840 aliquorum
1405 774 1460 826 in
1496 772 1563 826 iis
1597 787 1718 841 quae
1766 771 1850 826 ab-

262 862 380 928 ipso
411 861 681 930 principio
709 862 1003 923 exsistunt,
1031 863 1414 928 concluditur;
1469 863 1640 930 liquet
1672 862 1850 932 igitur.

261 967 383 1006 esse
415 951 816 1020 providentiam
846 969 1012 1004 ιιιιιιιιι
1047 968 1116 1007 ex-
1161 954 1229 1009 iis
1259 970 1380 1022 qua:
1429 971 1459 1008 a
1512 954 1619 1009 Deo
1646 954 1850 1009 volun--

264 1053 373 1099 tate
404 1060 500 1098 sua
540 1044 678 1098 facta
713 1055 862 1098 sunt.
903 1043 1199 1100 Enumerat
1231 1055 1411 1099 autem
1465 1045 1750 1116 Dionysius
1782 1046 1836 1100 in

263 1138 618 1204 providentiis
647 1137 789 1190 dona
845 1146 898 1191 et
926 1137 1166 1192 visiones
1219 1139 1445 1202 et‘alia,
1503 1149 1664 1192 utens
1699 1153 1836 1193 voce

262 1227 682 1295 disjunctiouis,
757 1229 838 1282 vel
907 1228 974 1282 ad
1038 1228 1475 1294 declarandum,
1542 1242 1652 1282 non
1716 1243 1842 1283 esse

263 1316 710 1385 improbandum,
769 1317 816 1372 si
874 1320 997 1388 quis
1051 1319 1168 1374 haec
1222 1321 1324 1374 hoc
1381 1328 1477 1374 aut
1529 1319 1623 1372 illo
1667 1317 1862 1372 verbo»

264 1417 446 1463 νορθι.

872 1480 1225 1552 carurlx.

269 1568 427 1634 Quod
459 1573 742 1624 secundum
775 1574 918 1641 ipsas
969 1574 1064 1627 Dei
1111 1573 1471 1640 providentiae
1527 1586 1576 1628 et
1622 1593 1844 1630 emana-

341 1642 507 1715 tiones
544 1650 696 1710 atque
720 1645 1043 1715 onerationes
1071 1643 1204 1711 ﬁunt
1231 1655 1420 1699 nostra:
1449 1645 1641 1699 divina:
1669 1648 1840 1715 parti-

340 1711 650 1776 cipationes.
679 1722 727 1765 et
753 1713 934 1766 divina
947 1747 950 1750 ~
965 1715 1198 1767 nomina.

342 1795 918 1893 Magnus-Dionysius,
951 1801 1129 1893 capite
1178 1801 1358 1870 primo
1406 1801 1480 1893 De
1513 1802 1706 1856 divinis
1746 1818 1843 1856 uo-
1879 1839 1924 1893 Β

271 1888 524 1953 minibus,
557 1889 703 1956 Haec,
756 1891 956 1960 inquit,
987 1907 1052 1946 ex
1084 1891 1387 1962 Scripturis
1421 1892 1622 1948 divinis
1649 1893 1846 1946 didici-

271 1994 436 2045 mus;
465 1989 517 2034 et
565 1995 782 2035 onmem
835 1982 950 2037 fere
989 1999 1204 2038 sacram
1235 1983 1578 2052 Scripturam
1611 1973 1873 2050 reperies.

271 2071 338 2125 ad
390 2070 778 2127 declarandum
833 2075 990 2129 nobis
1042 2077 1210 2129 Deum
1267 2084 1321 2129 et
1382 2075 1448 2129 ad
1513 2074 1848 2128 laudandum

275 2176 437 2226 eum,
488 2162 671 2242 divina
729 2165 948 2219 nomina
1005 2164 1246 2220 formare
1296 2166 1594 2219 secundum
1652 2164 1852 2220 divina)

281 2251 535 2310 bonitatis
624 2257 1019 2310 emanationes.
1093 2255 1156 2310 Et
1208 2255 1404 2310 iterum
1492 2256 1545 2308 in
1611 2255 1851 2310 secundo

279 2349 456 2416 e'pitc
515 2365 531 2402 :
597 2348 857 2402 Absolute
911 2348 987 2417 (1)
1071 2347 1599 2401 communicationcs
1691 2345 1849 2411 vitte,

282 2438 581 2507 sapientiae,
645 2447 720 2492 et'
773 2438 878 2492 alia
935 2437 1078 2492 dona
1138 2437 1335 2491 divinae
1396 2435 1658 2491 bonitatis
1735 2450 1855 2488 om-

249 2527 434 2583 nium
491 2544 674 2584 rerum
729 2527 1047 2592 eﬂ‘ectricis,
1097 2529 1181 2582 in-
1213 2527 1417 2597 quibus
1457 2525 1853 2580 donisdivinac

285 2632 565 2689 personas;
615 2635 737 2690 qua:
786 2621 906 2675 sine
963 2630 1177 2674 naturae
1251 2633 1364 2673 suae
1393 2647 1396 2649 λ
1430 2616 1855 2688 participatione

287 2711 693 2780 participantur.
726 2726 788 2766 ar
814 2708 1320 2780 participationibus
1373 2718 1428 2764 et
1479 2707 1855 2778 participanti-

287 2804 390 2858 bus
443 2805 752 2860 laudantur.-
782 2806 902 2870 Quo
948 2805 1003 2858 in
1050 2805 1168 2859 loco
1198 2803 1256 2858 S.
1295 2802 1605 2857 Maximus:
1649 2801 1856 2855 Secun-

286 2895 441 2950 dum.
469 2897 848 2961 substantiam,
881 2896 1078 2966 inquit,
1118 2894 1376 2950 divinitas
1419 2905 1596 2960 neque
1633 2890 1855 2960 partici-

293 2995 472 3054 potur,
527 3002 628 3041 nec
681 2985 998 3053 intelligitur
1049 3003 1064 3039 :
1110 2983 1504 3054 participahilis
1566 2996 1692 3036 vero
1746 2991 1886 3046 est,.

292 3086 562 3144 quatenus
588 3077 655 3130 ab
682 3092 745 3131 ea
759 3077 1031 3132 exsistunt
1055 3077 1262 3138 omnia,
1288 3083 1342 3130 et
1363 3074 1434 3130 ab
1463 3089 1527 3129 ea
1567 3074 1854 3128 continen-

295 3177 385 3220 tur
431 3175 484 3220 et
529 3176 921 3221 conservantur
955 3176 1016 3220 ut
1045 3166 1175 3220 sint.
1205 3166 1286 3220 Ac
1325 3179 1518 3219 rursus
1565 3160 1858 3232 Dionysius
1886 3157 1928 3214 C

293 3253 348 3307 in
396 3252 586 3309 eodem
621 3268 740 3320 cap.
771 3253 1023 3320 :Omuia,
1054 3255 1252 3325 inquit,
1281 3254 1488 3316 divina,
1520 3253 1865 3321 etiam'qure-

217 3337 512 3416 ‘"'cttnque
575 3346 736 3401 nobis
803 3346 1087 3402 declarata;
1131 3353 1294 3410 sunt,
1362 3343 1868 3415 participationibns

288 3439 467 3495 solum
530 3448 961 3509 cognoscuntur,
1016 3439 1129 3507 ipsa
1186 3447 1370 3493 autem
1447 3437 1632 3491 divina
1682 3435 1875 3505 qualia-

294 3530 512 3584 taudem
569 3529 679 3584 sint
726 3527 1044 3597 exvproprio
1089 3525 1358 3596 principio
1394 3534 1449 3580 et
1500 3525 1880 3588 fundatione;

297 3636 473 3690 neque
503 3629 705 3684 mente,
740 3633 918 3689 neque
933 3617 1270 3688 cogitatione
1299 3616 1532 3670 ulla-aut-
1556 3615 1868 3684 cognitione

211 3753 225 3762 .
300 3712 516 3779 assequi
571 3711 714 3770 licet.
760 3720 820 3764 ut
868 3711 938 3764 sia
962 3709 1198 3764 abditam
1233 3708 1376 3761 illam
1417 3706 1711 3761 essentiam
1757 3704 1882 3769 Dei,

299 3817 424 3870 qua:
461 3815 872 3869 supraomnem
903 3809 1148 3854 naturam
1179 3807 1283 3861 est,
1318 3797 1509 3864 Deum,
1553 3805 1647 3851 aut
1685 3795 1872 3860 vitam,

301 3901 398 3944 aut
439 3891 818 3955 substantiam,
865 3903 960 3946 aut
1006 3891 1210 3954 lumen,
1251 3896 1346 3944 aut
1396 3890 1663 3944 rationem
1708 3901 1872 3941 voce-

305 4001 447 4050 mus,
505 3985 639 4037 nihil
692 3983 838 4038 aliud
894 3968 1274 4051 intelligimus,
1318 3997 1482 4050 quam
1519 3980 1892 4050 multiplicem

303 4076 612 4130 facultatem
637 4076 705 4130 ah
737 4089 800 4130 eo
837 4075 1156 4145 productam
1197 4084 1251 4127 et
1280 4072 1765 4131 communicatam,
1793 4068 1877 4123 vel

302 4168 367 4220 ad
418 4165 816 4228 deificaudum,
860 4165 946 4219 vel
985 4164 1051 4218 ad
1102 4161 1454 4232 capiendum
1489 4158 1878 4222 substantiam,

301 4259 386 4312 vel
417 4259 482 4312 ad
526 4259 691 4312 vitam
742 4255 1125 4326 praestandam”,
1151 4255 1234 4308 vel
1283 4252 1348 4306 ad
1397 4250 1718 4318 sapientiam
1763 4249 1878 4302 lar-

303 4350 556 4419 g-iendam
612 4367 628 4404 :
685 4351 750 4404 ad
793 4349 970 4418 ipsum
1033 4362 1162 4402 vero
1197 4347 1394 4399 ~Denm
1463 4343 1877 4414 intelligendum

305 4453 542 4497 tuentem
581 4442 915 4497 intendimus
955 4441 1209 4495 nude-ac
1255 4438 1430 4492 solute
1465 4435 1545 4490 ab‘
1575 4433 1723 4489 omni
1753 4449 1880 4501 ope-

1061 375 1324 448 DECAS
1354 381 1468 446 III.
1509 411 1577 421 -
1615 383 1716 449 DE
1752 381 2050 446 DIVINIS
2075 381 2728 445 EMANATIONIBUS.

1936 511 1999 552 ac
2033 497 2314 554 beneflciis
2353 498 2471 567 ejus
2502 512 2630 566 erga
2675 510 2774 550 nos
2811 491 3030 549 nomina
3080 489 3252 567 ipsius
3293 487 3523 554 confici,

1935 605 2000 645 ea
2035 605 2162 644 vero
2197 590 2312 660 ipsa
2345 604 2466 657 qua:
2500 590 2553 642 in
2593 587 2706 641 Deo
2759 594 2910 648 sunt.
2951 584 3260 655 cuiusmodi
3293 579 3528 638 demum-

1937 680 2046 735 sint
2071 680 2281 734 ratione
2306 680 2390 732 sui
2429 678 2681 747 principii
2711 687 2764 732 et
2805 677 3170 740 fundamenti,
3203 685 3256 728 et
3299 691 3420 744 qua:
3461 675 3532 727 in-

1937 783 2003 823 eo
2048 777 2198 830 sunt,
2277 783 2442 838 supra
2497 783 2715 823 omnem
2771 778 3048 832 mentem,
3105 766 3378 820 notionem
3453 781 3522 820 ac

1938 859 2304 927 cognitionem
2359 855 2666 912 naturalem
2744 857 3046 926 putandum
3112 869 3235 910 esse
3287 872 3302 909 ε
3350 864 3529 923 atque

1939 949 2102 1002 etiam
2135 949 2215 1018 (id
2255 950 2397 1016 quod
2444 948 2594 1017 prius
2636 943 3135 1012 demonstrabatur)
3163 961 3228 998 ex
3269 945 3568 1018 magnillt;

1940 1039 2116 1094 centia
2139 1049 2194 1092 et
2222 1054 2406 1092 rerum
2437 1040 2628 1093 ordine
2661 1038 2828 1092 Deum
2875 1037 3157 1106 cognosci,
3199 1051 3306 1090 non
3339 1027 3574 1089 antem‘7
3610 1058 3613 1060 ·

1940 1145 2005 1185 ex
2042 1131 2346 1185 substantia
2392 1145 2510 1184 sua.
2543 1129 2801 1195 Quamvis
2851 1132 3008 1184 enim-
3037 1131 3410 1184 d‘eill'catioucs
3449 1129 3519 1181 ah

1941 1235 2008 1276 eo
2033 1223 2098 1275 ad
2133 1236 2232 1275 nos
2263 1220 2534 1290 proficisci
2562 1220 2874 1284 audiamus,
2919 1232 3009 1275 aut
3053 1220 3340 1274 facultates
3369 1220 3526 1272 deifi-

1941 1325 2035 1364 cas
2088 1311 2169 1362 vel
2230 1309 2568 1369 substantiae.
2607 1310 2688 1362 vel
2748 1311 2891 1374 vitae,
2924 1311 3007 1364 vel
3059 1310 3338 1379 sapientia:
3394 1311 3526 1362 επρ-

1861 1439 1864 1446 -
1942 1401 2160 1463 ctrices,
2195 1401 2329 1453 nihil
2357 1400 2501 1454 aliud
2549 1399 2927 1470 intelligimus,
2961 1417 3122 1470 quam
3183 1402 3254 1455 ab
3307 1399 3526 1468 ip’soad

1944 1505 2044 1546 nos
2077 1490 2486 1559 proficiscentes
2520 1490 2888 1556 habitudines,
2909 1491 3200 1554 motiones,
3227 1490 3530 1544 emanatio-

1946 1596 2041 1637 nes
2082 1590 2135 1635 et
2161 1582 2530 1650 operationes,
2551 1583 2699 1634 nulla
2725 1591 2906 1635 autem
2932 1596 2995 1636 ex
3027 1581 3146 1636 istis
3173 1581 3559 1645 motionibus,~,

1946 1672 1992 1726 si
2033 1671 2114 1728 sic
2165 1687 2258 1726 eas
2305 1686 2602 1731 vocemus:
2655 1671 3064 1725 similitudinem
3099 1681 3191 1724 aut
3222 1671 3533 1741 proportio-

1948 1777 2070 1815 nem
2129 1761 2292 1815 habet
2346 1775 2472 1814 cum
2526 1760 2617 1813 illa
2669 1759 2914 1814 omnium
2978 1774 3157 1812 rerum
3222 1773 3430 1820 causa,
3479 1765 3577 1810 ct-

1950 1865 2166 1906 omnem
2235 1863 2490 1906 naturam
2565 1857 2891 1918 superante;
2978 1850 3092 1904 hinc
3152 1850 3295 1902 enim
3345 1849 3548 1902 omnia.

1951 1951 2170 2011 propter
2221 1955 2442 1994 causam
2502 1948 2645 1993 mota
2696 1947 2858 2003 sunt,
2925 1953 3088 1992 omne
3148 1945 3332 1991 autem
3389 1939 3547 2006 quo.l~

1952 2039 2174 2100 propter
2228 2044 2450 2085 causam
2493 2039 2602 2093 est,
2653 2037 2704 2082 et
2757 2039 3031 2093 movetur,
3084 2027 3288 2084 factum
3334 2036 3439 2092 est,
3471 2042 3549 2081 ac-

1953 2117 2290 2190 principium
2330 2126 2384 2172 et
2417 2118 2580 2172 linem
2612 2116 2794 2194 habet.

2582 2248 2813 2307 CAPUT
2846 2248 2916 2304 Χ.

1956 2365 2120 2431 Quod.
2156 2365 2303 2420 Deus
2344 2376 2434 2420 ut
2465 2381 2624 2428 imus,
2649 2373 2700 2419 et
2730 2362 3092 2428 impartibilis,
3135 2373 3185 2416 et
3220 2365 3553 2417 nonmlti-

2021 2435 2312 2504 plicabilis,
2344 2443 2394 2489 et
2425 2435 2709 2490 immobilis
2740 2449 2756 2486 :
2783 2435 2838 2485 in
2884 2433 2966 2504 Itis
3008 2442 3208 2504 gautem
3245 2435 3550 2504 ementium,

2025 2501 2177 2556 nibus
2236 2505 2443 2558 videtur
2498 2506 2714 2569 moveri,
2747 2513 2796 2556 et
2822 2501 3039 2571 partiri,
3064 2518 3124 2555 ac
3165 2503 3538 2572 multiplicari,

2024 2583 2076 2626 et
2097 2573 2284 2627 dividi.

2027 2684 2255 2755 Magnus
2293 2685 2624 2757 Dionysius,
2683 2688 2860 2754 capite
2915 2687 3157 2745 secundo
3205 2686 3278 2742 De
3343 2686 3540 2740 divinis

1957 2776 2258 2831 nom‘im’bus
2297 2795 2317 2833 :
2357 2774 2504 2842 Quia
2555 2779 2694 2834 Deus
2747 2796 2911 2849 supra
2947 2780 3306 2837 substantiam
3336 2787 3440 2843 est.
3487 2785 3548 2830 (δι’

1957 2869 2214 2923 omnibus
2245 2883 2364 2938 quae
2388 2878 2535 2933 sunt,
2571 2871 2664 2924 dat
2696 2887 2837 2938 esse,
2877 2882 2931 2926 et
2975 2886 3166 2927 omnes
3205 2870 3538 2926 substantias.

1958 2958 2235 3027 producit,
2269 2959 2618 3028 multiplicari
2670 2959 2877 3015 dicitur
2927 2962 3060 3016 illud
3115 2977 3281 3016 unum
3334 2976 3534 3024 eus.en

1960 3051 2106 3120 quod
2158 3066 2223 3106 ex
2289 3051 2654 3120 productione
2711 3053 2830 3123 ejus
2879 3054 3045 3109 multa
3081 3055 3374 3117 exsistunt,
3421 3067 3546 3108 cum

1961 3140 2176 3210 alioqui
2204 3141 2566 3196 nihilominus
2599 3154 2816 3199 maneat
2843 3153 2898 3199 et
2929 3161 3110 3199 unum-
3131 3145 3184 3199 iu
3215 3143 3548 3214 multiplica-

1969 3235 2140 3296 tione,—
2164 3236 2455 3290 et‘unit'um
2491 3235 2542 3290 in
2575 3237 2944 3293 emanatlone.
2980 3238 3060 3293 Ac
3087 3252 3279 3292 rursus
3320 3238 3464 3290 idem
3492 3237 3548 3289 in

1969 3324 2177 3379 eisdem
2227 3341 2242 3378 :
2295 3325 2548 3380 Divinam
2598 3326 3008 3390 discretionem,
3048 3323 3245 3396 inquit,
3282 3324 3552 3386 dicimus,

1972 3417 2114 3470 sicut
2150 3415 2354 3471 dictum
2408 3424 2513 3482 est,
2542 3422 2917 3474 emanatlones
2953 3417 3069 3484 Dei,
3094 3419 3390 3472 bonitatem
3433 3417 3600 3484 ejus"

1974 3506 2228 3561 decentes
2257 3523 2272 3572 ;
2307 3507 2542 3577 largiens
2573 3507 2716 3560 enim
2751 3507 3007 3561 omnibus
3049 3521 3192 3572 esse,
3234 3515 3287 3560 et
3323 3487 3578 3560 fundens:

1975 3595 2264 3652 al‘fluenter
2297 3593 2539 3652 omnium
2575 3598 2844 3653 bonorum
2877 3598 3344 3673 participationes,
3374 3596 3561 3650 distri—

1975 3689 2160 3745 buitur
2189 3691 2358 3754 unite,
2387 3700 2440 3746 et
2469 3691 2861 3760 multiplicatur
2889 3690 3266 3762 singulariter,
3297 3689 3564 3742 el‘ticitur-

1978 3797 2087 3853 que
2122 3782 2401 3852 multiplex
2444 3797 2554 3837 non
2609 3783 2868 3837 recedens
2901 3783 2970 3836 ab
3006 3798 3134 3836 uno.
3170 3782 3341 3846 Quem
3378 3781 3561 3833 locum

1978 3877 2246 3928 adnotans
2268 3872 2326 3927 S.
2348 3872 2616 3927 Maximus
2641 3889 2655 3926 :
2678 3873 2910 3937 Dicitur,
2938 3873 3137 3941 inquit,
3171 3886 3340 3926 unum
3377 3869 3562 3923 multi—

1979 3967 2103 4037 ple:
2147 3964 2284 4026 ﬁeri.
2313 3965 2446 4034 quia
2477 3980 2540 4032 ex
2573 3964 2714 4032 ipso,
2749 3979 2817 4018 ac
2849 3978 2946 4032 per
2974 3964 3176 4033 ipsum,
3205 3971 3256 4016 et
3295 3961 3348 4014 in
3380 3960 3559 4030 ipsum

1981 4065 2176 4111 cuncta
2225 4055 2444 4110 condita
2494 4066 2656 4120 sunt;
2705 4062 2760 4108 et
2806 4054 2925 4125 ipse
2962 4064 3045 4109 est
3089 4061 3256 4121 caput
3313 4049 3564 4106 omnium

1979 4163 2102 4217 qua:
2132 4155 2352 4209 sunt,et
2383 4147 2496 4215 ipse
2523 4161 2713 4201 omnes
2739 4146 3071 4201 substantias
3099 4143 3354 4213 produxit
3378 4161 3391 4196 :
3422 4157 3569 4196 recte

1985 4238 2154 4309 igitur
2185 4247 2406 4309 propter
2431 4253 2494 4292 ea
2531 4253 2653 4306 quae
2688 4237 2756 4291 ab
2783 4239 2905 4305 ipso
2958 4235 3149 4290 effecta
3199 4243 3354 4299 sunt,
3387 4233 3574 4286 multi-

1985 4322 2422 4399 plicari'dicitur.
2447 4327 2524 4384 Ac
2550 4343 2739 4382 rursus
2760 4321 2900 4382 idem
2925 4325 3240 4396 Dionysius,
3271 4338 3388 4391 cap.
3425 4337 3572 4377 nono

1989 4420 2064 4475 De
2091 4421 2281 4475 divinis
2309 4423 2537 4486 nomin.,
2592 4419 2756 4485 Quid,
2791 4418 2988 4486 inquit,
3025 4432 3148 4471 cum
3182 4430 3378 4470 rursus
3417 4414 3574 4478 theo-

583 4479 915 4497 ................,
957 4479 1100 4495 ...ων
1146 4479 1209 4492 ..υ
1255 4479 1430 4492 wn..-
1465 4479 1532 4490 η
1756 4479 1852 4501 νγ-
2524 4479 2534 4486 ,
2604 4479 2637 4485 ._
2745 4479 2750 4480 ν
2868 4479 2879 4486 ,
2974 4479 2982 4482 _

304 4535 538 4598 mtione,
577 4534 777 4587 nullam
808 4540 1090 4587 cernentes
1117 4528 1534 4589 deificati'onem,
1563 4535 1676 4580 aut:
1694 4525 1885 4588 vitam,
1916 4479 1961 4535 θ
1999 4510 2106 4582 logi
2135 4512 2328 4566 dicunt
2358 4512 2411 4565 in
2445 4521 2644 4565 cuncta
2671 4524 2872 4574 meare.
2890 4507 3179 4562 eluci/eri
3211 4505 3575 4580 inmobilem.

249 4641 269 4659 ο
307 4634 399 4678 aut
426 4625 813 4688 substantiam;
835 4637 956 4693 quae
973 4621 1209 4689 perfecte
1242 4618 1439 4674 similis
1469 4616 1545 4671 sit“
1578 4616 1654 4670 illi
1687 4631 1890 4698 causre.

306 4730 429 4785 qua:
468 4715 858 4784 omni'genere
901 4710 1333 4766 excellentimet
1372 4707 1890 4785 praegstantiaaeextra

304 4783 491 4860 omnia
539 4806 738 4874 posita-
777 4814 880 4859 est.
935 4801 1133 4867 Quem
1173 4800 1352 4852 locum
1422 4783 1689 4850 adnotans
1744 4795 1887 4848 ide-tn

308 4896 890 4959 Maximus—:Nomen,
926 4891 1245 4961 inquit,-Dei
1302 4905 1409 4943 non
1451 4888 1722 4957 significat
1758 4886 1886 4942 sub.

306 4988 589 5047 Stantiam,
620 4999 798 5054 neque
839 4984 969 5054 quid
1010 4980 1287 5043 est-Deus,
1318 4978 1412 5033 sed
1453 4977 1870 5031 beneficentiam

308 5076 600 5147 quamdam
627 5061 878 5146 erga-nos
918 5091 931 5126 :
960 5082 1016 5127 et
1043 5065 1186 5142 (ιιώά
1215 5084 1291 5124 εκ
1313 5067 1824 5136 participationibus
1847 5081 1898 5119 a.

315 5168 425 5218 Deo
472 5165 630 5220 nobis
687 5163 903 5217 donatis
947 5161 1169 5215 nomina
1220 5159 1312 5212 Dei
1373 5157 1705 5218 formamus,
1751 5155 1880 5223 quid

311 5261 495 5308 autem
539 5261 622 5306 est
663 5250 827 5314 Deus,
854 5249 1108 5303 omnibus
1138 5255 1225 5300 est
1264 5241 1630 5311 incogitabile.
1660 5240 1735 5293 Ex
1761 5241 1887 5309 qui-

314 5344 416 5400 bus
446 5341 788 5397 manifestum
830 5340 908 5402 lit,
946 5331 1888 5397 ext-etnanationibusoDei,.etdonis

1957 4605 1960 4614 “
1999 4619 2180 4659 nonne
2227 4605 2330 4658 hoc
2365 4613 2424 4657 ut
2459 4603 2634 4658 Deum.
2654 4603 2831 4664 decet,
2877 4597 3283 4670 intelligendum
3320 4595 3447 4650 est?
3479 4594 3584 4654 Pio.

1996 4696 2141 4749 enim
2205 4693 2507 4764 putandum
2540 4691 2859 4747 estmoveri
2888 4690 3076 4755 Deum,
3107 4703 3211 4744 non
3241 4688 3397 4757 quasi
3427 4684 3574 4739 fera.-

1998 4796 2107 4852 tur,
2130 4795 2225 4838 aut
2251 4794 2512 4847 mutetur,
2535 4782 2884 4837 aut'varietur
2900 4782 3084 4852 aliquo
3103 4779 3286 4843 modo,
3307 4786 3402 4833 aut
3423 4789 3579 4833 motu

1995 4878 2101 4932 loci
2133 4877 2250 4932 sive
2280 4885 2450 4943 recto,
2481 4877 2598 4930 sive
2629 4873 2892 4936 rotundo,
2913 4874 3033 4928 sive
3053 4881 3382 4942 ex.utroque
3408 4887 3528 4926 com
3551 4902 3577 4913 -

1983 4967 2182 5039 posito,
2203 4982 2379 5036 neque
2405 4974 2553 5020 motu
2582 4964 2972 5034 intelligentiae,
2995 4979 3170 5032 neque
3192 4963 3452 5027 naturali,
3477 4979 3584 5018 nec

1986 5059 2230 5124 animali,
2250 5058 2346 5114 sed
2363 5067 2646 5128 quatenus
2673 5057 2858 5110 omnia
2894 5057 3035 5110 Deus
3063 5056 3316 5124 producit
3343 5064 3401 5108 ut
3438 5055 3574 5108 sintv

1988 5160 2042 5205 et
2071 5150 2553 5211 omnia-continet,
2578 5157 2631 5201 et
2649 5147 2907 5202 omnibus
2938 5147 3086 5200 varie
3117 5147 3386 5216 providet.
3412 5144 3574 5200 Hunc

1995 5241 2176 5294 locum
2211 5239 2519 5294 cdissereus
2550 5237 2610 5292 Sr.
2651 5237 2918 5292 Maximus
2960 5255 2976 5291 :
3013 5235 3173 5302 Deus,
3207 5237 3421 5306 inquit,
3468 5251 3585 5290 non

1998 5343 2266 5387 movetur:
2290 5328 2473 5400 aliquo
2503 5345 2568 5384 ex-
2605 5329 2724 5385 istis
2762 5344 2960 5400 genere
2995 5338 3199 5394 motus,
3228 5329 3359 5398 quin
3394 5327 3582 5396 potius

1791 5492 2071 5556 Seholi't.

388 5630 463 5700 (Ι)
519 5628 787 5684 Absolute.
835 5626 912 5700 Ea
962 5635 1113 5700 parte
1168 5622 1441 5700 principii,
1475 5619 1591 5675 sive
1635 5617 1896 5672 essentia:

319 5694 534 5757 divinat.
559 5700 683 5766 quia
715 5697 949 5751 essentia
964 5694 1155 5766 divina
1183 5694 1481 5766 secundum
1513 5705 1573 5743 se
1603 5703 1706 5766 non
1741 5701 1892 5766 com:

323 5756 638 5827 maturatur
677 5781 826 5823 eum.
848 5765 1140 5838 creaturis,
1182 5764 1288 5836 sed.
1334 5767 1581 5818 remanet
1619 5757 1798 5814 soluta
1829 5756 1902 5810 ab.

2003 5619 2148 5672 omni
2217 5616 2538 5673 habitudine
2597 5612 3071 5684 participationls,
3143 5604 3592 5672 communicatur.

2002 5699 2182 5745 tamen
2211 5687 2510 5753 secundam
2538 5685 2975 5768 similitudinem.
