4048 6494
344 404 346 408 '
429 388 533 466 791

370 1407 406 1442 d-

1591 398 1914 463 IOANNIS
1947 397 2515 460 CYPARISSIOTE

3573 369 3693 458 792

433 524 618 570 motus
673 511 1014 578 immobilis,
1062 515 1118 568 ei
1169 510 1360 568 eodem
1416 510 1583 566 modo
1636 526 1697 566 se
1747 511 2076 573 habentis}
2108 513 2291 566 titudo
2329 511 2640 567 divinarum
2693 511 3101 567 emanatiouum
3141 518 3406 574 versatur,
3441 513 3692 565 secundo

432 606 688 662 voluntas
734 605 858 675 ejus
903 605 1125 670 dicitur,
1173 619 1280 673 qua
1323 604 1678 659 vultesseea
1715 616 1836 672 quae
1858 611 2008 663 sunt,

432 706 490 764 et
525 698 802 754 emanatio
853 697 1206 768 providentiae
1246 697 1314 750 ad
1347 695 1555 750 omnia.
1597 693 1677 748 Ει
1708 693 1797 748 his
1835 701 2003 761 patet,

438 789 610 844 Deum
661 790 810 845 nulla
859 804 928 844 ex
985 788 1054 844 iis
1085 785 1481 847 motionibus.
1533 799 1675 854 quas
1723 783 2014 853 Dionysius

436 880 718 950 ingeniose
743 878 1109 944 enumeravit,
1142 877 1373 941 moveri,
1403 876 1496 932 illa
1524 884 1733 930 tantum
1767 882 2010 940 excepta,

437 987 562 1044 quae
587 981 811 1028 externa
837 978 943 1038 est,
977 979 1034 1025 ct
1056 985 1164 1040 qua
1198 981 1480 1026 creaturas
1513 982 1609 1037 per
1642 981 1773 1022 suas
1799 964 2013 1019 divinas

439 1065 816 1133 emanationes
864 1061 1146 1132 produxit,
1175 1058 1573 1128 multiplicatus
1618 1065 1675 1112 et
1699 1054 2015 1125 dispertitos

441 1170 507 1218 ac
534 1155 864 1211 distributus
891 1168 996 1207 non
1027 1160 1302 1222 quatenus
1341 1151 1458 1218 ipse
1488 1157 1594 1213 est,
1619 1150 1710 1203 sed
1746 1155 2014 1216 quatenus

445 1260 675 1310 manens
728 1244 1028 1300 immobilis
1067 1251 1121 1298 et
1181 1239 1529 1311 impartibitis
1581 1246 1636 1293 et
1689 1237 2016 1305 multiplica-

445 1337 609 1401 tionis
637 1351 859 1414 expers,
903 1344 956 1390 et
1005 1334 1196 1389 eodem
1234 1333 1383 1401 prius
1429 1337 1484 1383 et
1537 1335 1724 1399 postea
1790 1335 2012 1389 tenore,

370 1420 406 1510 ξ’
448 1432 564 1486 sola
595 1430 876 1486 voluntate
897 1427 1085 1485 omnia
1118 1426 1395 1496 produxit,
1433 1437 1611 1490 neque
1637 1421 1718 1475 sic
1755 1435 1784 1472 a
1815 1434 1873 1474 se
1898 1420 2016 1487 ipso

376 1502 390 1565 Ῡ
408 1517 410 1520 ’
448 1519 560 1581 tilio
579 1519 742 1574 modo
767 1516 1043 1574 recedens.
1064 1516 1184 1580 Quo
1207 1512 1350 1567 enim
1372 1517 1697 1573 mox-eretur,
1723 1505 1816 1573 qui
1834 1502 2016 1556 omnia

370 1599 408 1629 ⁴’
449 1610 756 1668 substantia
792 1623 891 1664 sua
940 1607 1151 1676 replet?
1183 1605 1296 1657 lmo
1329 1603 1470 1656 sicut
1527 1599 1576 1653 si
1653 1611 1762 1650 una
1812 1593 2018 1650 iaciens

430 5265 462 5317 ’γι

451 1687 692 1765 maneat,
732 1699 890 1764 cuius
942 1697 1116 1752 forma
1151 1693 1301 1748 nulla
1352 1699 1506 1760 parte
1549 1696 1603 1741 et
1653 1685 1808 1739 nullo
1862 1682 2020 1736 modo

427 1791 716 1854 .varictur,
755 1795 810 1844 et
842 1800 1111 1856 ponamus
1131 1783 1330 1837 multas
1372 1779 1581 1834 circum
1617 1775 1782 1830 iacies
1811 1787 1878 1828 ex
1913 1771 2021 1826 ful-

2117 602 2238 658 loco
2279 603 2608 672 principium
2656 602 2721 657 ad
2775 613 3078 657 creaturam
3112 610 3168 656 et
3202 609 3408 655 motum
3453 616 3516 654 ac
3549 617 3691 655 cau-

2116 710 2232 750 sam
2278 695 2799 750 demonstrabamus
2841 695 3181 765 generationi
3240 708 3426 748 rerum
3487 708 3694 746 conve-

2117 785 2353 840 nientem
2387 803 2400 840 :
2437 787 2584 841 nulla
2642 797 2824 841 autem
2883 787 3164 854 generatio
3205 787 3324 840 sine
3369 784 3694 839 habitudine

2116 885 2222 940 est,
2256 876 2400 930 unde
2449 877 2612 931 tertio
2647 877 2958 931 necessario
2987 876 3344 946 sequebatur,
3373 875 3544 930 altero
3589 889 3694 929 eo-

2119 984 2239 1024 rum
2267 985 2389 1038 qute
2416 969 2787 1024 habitudinem
2817 968 3047 1032 faciunt,
3073 969 3375 1033 deficiente,
3408 984 3516 1022 non
3551 983 3697 1022 cou-

2120 1061 2315 1116 sistere
2339 1061 2784 1130 generationem;
2819 1071 3016 1131 quarto
3050 1063 3304 1128 deinceps
3337 1060 3476 1123 loco,
3509 1061 3697 1114 omnis

2120 1152 2352 1216 effectio,
2384 1167 2506 1220 qua:
2543 1153 2608 1205 ad
2631 1152 2818 1228 eiiecta
2848 1153 3100 1217 refertur,
3131 1153 3404 1207 emanatio
3429 1165 3509 1206 est
3539 1151 3591 1205 in
3625 1167 3694 1204 ea

2120 1253 2174 1297 et
2207 1247 2451 1309 operatio
2487 1262 2500 1307 ;
2533 1253 2716 1312 postea
2751 1246 3122 1312 quaerebatur,
3153 1259 3273 1310 quae
3327 1253 3468 1298 esset
3495 1243 3695 1295 harum

2121 1333 2528 1386 emanationum
2579 1342 2636 1386 et
2682 1333 3064 1398 operationum
3111 1332 3370 1392 essentia,
3410 1342 3462 1384 et
3497 1347 3561 1383 an
3595 1346 3699 1398 per

2121 1436 2182 1476 se
2210 1423 2555 1486 exsisterent,
2597 1439 2660 1477 ac
2691 1439 2799 1479 non
2841 1425 3020 1492 potius
3067 1434 3252 1481 essent
3294 1439 3417 1478 cum
3453 1425 3640 1477 tierent
3675 1439 3694 1487 ;

2123 1511 2228 1566 boc
2282 1525 2464 1567 autem
2512 1514 2800 1583 explicato,
2844 1515 2898 1569 in
2953 1525 3166 1570 sextum
3198 1516 3375 1572 locum
3403 1515 3593 1570 incidit
3624 1517 3699 1570 de

2123 1603 2404 1662 voluntate
2443 1615 2495 1658 et
2528 1606 2858 1674 expetitione
2889 1606 2982 1661 Dei
3011 1607 3304 1668 disserere.
3338 1615 3393 1661 et
3418 1607 3699 1675 quomodo

2125 1692 2264 1748 sicut
2292 1696 2666 1750 emanationes
2695 1696 2787 1750 Dei
2818 1711 3010 1752 eorum
3038 1706 3165 1753 sunt
3193 1713 3316 1765 quas
3347 1713 3375 1751 a
3403 1698 3512 1752 Deo
3547 1712 3701 1751 ema-

2127 1791 2278 1849 nant,
2301 1785 2380 1838 sic
2411 1785 2664 1840 voluntas
2717 1785 2810 1841 Dei
2840 1801 3030 1842 eorum
3073 1799 3153 1843 est
3197 1801 3323 1856 quae
3354 1787 3495 1843 Deus
3535 1788 3644 1841 vult
3677 1803 3697 1850 ς
3797 1814 3801 1817 ·

453 1896 582 1952 σοι-ο
607 1879 753 1934 illius
779 1876 1041 1938 emicare,
1076 1873 1262 1927 videor
1290 1869 1424 1924 milii
1459 1883 1526 1922 ex
1557 1867 1659 1921 hac
1687 1865 1834 1920 tenui
1882 1863 2018 1917 ima-
2051 1859 2094 1921 Β
2119 1871 2316 1927 deinde
2371 1876 2789 1942 explanabatnr,
2857 1878 3318 1948 quemadmodum
3352 1891 3356 1895 ‘
3385 1881 3712 1949 huiusmodi-

452 1973 575 2041 gine
623 1983 688 2024 ac
739 1965 1095 2024 similitudine
1145 1960 1516 2030 conjecturam
1545 1957 1612 2012 de
1658 1955 1744 2010 his
1776 1953 1959 2007 lacere
2007 1967 2024 2041 ς

455 2040 522 2117 ad
557 2062 706 2116 hunc
739 2058 962 2113 modum
1011 2063 1158 2110 recte
1208 2053 1337 2122 quis
1386 2050 1565 2114 dicat,
1612 2061 1725 2102 non
1768 2040 2028 2098 distribui

457 2160 556 2208 aut
609 2150 799 2222 partiri
834 2157 932 2203 aut
979 2143 1333 2216 multiplicari
1367 2141 1560 2204 Deum,
1589 2139 1680 2193 sed
1712 2150 1812 2191 nos
1846 2134 2030 2205 potius

459 2243 627 2297 abeo
661 2249 918 2309 tanquam
957 2231 1346 2293 similitudines
1367 2239 1423 2285 et
1449 2227 1716 2296 imagines
1755 2222 2034 2290 exempla-

460 2335 609 2387 rium
641 2331 759 2401 eius
788 2329 1076 2385 distinctos
1115 2340 1178 2382 ac
1211 2325 1452 2378 variatos
1473 2333 1636 2375 esse:
1670 2325 1725 2372 et
1765 2312 2034 2382 multipli-

459 2423 733 2478 curionem
756 2426 813 2476 et
841 2416 1190 2489 partitionem
1221 2412 1458 2468 subiisse
1483 2427 1500 2464 :
1535 2401 1854 2476 huiusmodi
1885 2401 2030 2458 enim

457 2511 779 2566 alicctiones
836 2502 1297 2562 similitudinibus
1346 2515 1454 2558 non
1507 2496 1619 2554 Deo
1674 2491 2032 2552 conveniunt.

461 2601 556 2656 Sic
605 2614 636 2652 a
689 2597 947 2668 Dionysio
977 2609 1163 2650 rerum
1193 2592 1504 2647 divinorum
1556 2582 1898 2656 peritissimo
1919 2582 2036 2637 hac

460 2707 585 2765 quae
613 2691 671 2748 in
689 2689 799 2744 Deo
827 2693 1076 2760 apparet,
1099 2682 1355 2739 discretio
1385 2679 1653 2748 appellata
1681 2686 1788 2732 est.
1815 2673 2038 2729 Videtur

463 2763 636 2845 enim,
673 2778 870 2850 inquit,
892 2785 946 2831 ct
975 2773 1175 2832 dicitur
1206 2769 1368 2826 unius
1403 2767 1496 2823 Dei
1527 2765 1790 2826 discwtio
1817 2775 1869 2818 et
1901 2763 2038 2814 mul-

462 2873 759 2942 t'plicatio;
789 2879 876 2926 est
920 2880 1101 2924 tamen
1131 2861 1492 2920 nihilominus
1532 2856 1860 2928 principium
1895 2854 2038 2939 divi-

463 2964 654 3025 nitatis
697 2974 864 3032 supra
895 2972 1110 3014 omnem
1155 2964 1406 3009 naturam
1440 2964 1581 3004 unus
1615 2946 1758 3003 Deus
1791 2934 2041 3013 imparti-

464 3055 593 3112 bilis
641 3053 695 3109 in
752 3049 1126 3121 partibilibus,
1150 3055 1207 3102 et
1258 3058 1446 3101 secum
1482 3042 1598 3111 ipse
1651 3038 1960 3108 copulatus.
1989 3045 2042 3091 et

465 3144 842 3217 permistionis
894 3139 1154 3211 plurium,
1195 3152 1260 3192 ac
1315 3131 1785 3201 multiplicationis
1819 3141 2038 3198 expers.

469 3233 579 3294 Sed
611 3245 670 3291 ut
693 3237 805 3304 jam
843 3232 1024 3304 capita
1071 3229 1230 3299 hujus
1263 3226 1483 3283 decadis
1519 3224 1572 3282 in
1599 3236 1871 3278 summam
1900 3221 2042 3275 redi-

470 3335 682 3397 gamus,
724 3340 992 3392 exponam
1039 3321 1342 3392 simplicem
1389 3331 1583 3373 eorum
1633 3316 1830 3374 seriem
1875 3322 2043 3368 matc-

470 3421 700 3474 riarum.
749 3415 1190 3471 Demonstratum
1245 3420 1330 3466 est
1383 3407 1659 3478 duplicem
1683 3421 1804 3462 esse
1841 3420 2042 3474 specu-

469 3511 732 3567 lationem
783 3509 1090 3564 divinarum
1121 3502 1528 3560 emanationum
1574 3518 1589 3554 :
1628 3513 1790 3564 unam
1820 3511 2046 3552 emana-

471 3603 684 3656 tionum
719 3602 773 3656 in
823 3600 935 3657 Deo
983 3587 1340 3661 naturaliter;
1378 3593 1602 3649 alteram
1636 3589 2042 3646 emanationuut

473 3684 632 3750 extra
659 3695 824 3749 Deum
867 3691 935 3748 ad
966 3699 1250 3745 creaturas
1280 3683 1670 3758 pertinentium
1699 3681 2039 3736 voluntarie:

474 3779 852 3862 aggredientes
887 3785 1052 3854 igitur
1100 3781 1242 3836 hanc
1278 3777 1636 3842 exteriorem,
1674 3775 1727 3828 in
1761 3787 1868 3842 qua
1904 3769 2046 3824 mul-

2055 3915 2126 3932 _

2126 1961 2429 2019 voluntates
2464 1974 2578 2020 tum
2609 1966 2986 2022 emanationes
3007 2007 3024 2028 .
3055 1975 3168 2022 tum
3209 1970 3557 2039 providentiae
3606 1971 3701 2024 nvi

2127 2051 2404 2120 dicuntur,
2427 2064 2480 2109 et
2511 2069 2692 2110 rerum
2749 2055 3212 2126 gubernationes;
3252 2069 3373 2128 post
3408 2062 3701 2128 septimum

2129 2145 2460 2214 sequebatur
2513 2155 2772 2202 octavum
2799 2158 2984 2218 caput,
3015 2148 3069 2203 in
3093 2165 3205 2218 quo
3241 2151 3587 2206 docebamus'
3605 2168 3706 2220 pro

2130 2235 2570 2292 cmanationibus
2623 2249 2823 2292 nomen
2872 2236 3185 2292 divinarum
3238 2241 3702 2308 providentiarum

2132 2325 2332 2394 accipi;
2353 2339 2496 2380 nono
2513 2333 2698 2382 autem
2730 2327 3011 2382 ctdecimo
3035 2331 3212 2398 capite
3234 2330 3345 2384 duo
3367 2340 3494 2385 sunt
3516 2332 3706 2387 ordine

2134 2413 2392 2482 conclusa
2417 2433 2432 2474 :
2461 2430 2629 2469 unum
2672 2427 2781 2481 est,
2805 2415 3106 2472 secundum
3146 2418 3295 2486 ipsas
3339 2420 3554 2475 divinas
3575 2436 3704 2491 pro-
3769 2478 3790 2495 ο

2135 2504 2404 2560 videntias
2453 2513 2507 2560 et
2553 2509 2930 2562 emanationes
2971 2523 3135 2564 omne
3158 2526 3353 2567 nomen
3379 2513 3621 2568 divinum
3653 2522 3707 2569 et

2135 2595 2231 2650 Dei
2270 2596 2739 2667 participationem
2791 2599 2954 2666 fieri;
3004 2601 3262 2669 alterum,
3311 2619 3436 2658 eum
3485 2606 3577 2675 qui
3623 2615 3708 2662 est

2136 2701 2282 2741 unus
2347 2685 2512 2748 Deus.
2543 2698 2602 2742 et
2653 2689 3026 2758 impartibllis,
3057 2700 3113 2747 et
3159 2693 3480 2762 immobilis,
3511 2704 3567 2752 et
3601 2712 3706 2752 non

2139 2777 2600 2846 multiplicabilis,
2635 2779 2806 2834 videri
2848 2779 2904 2835 in
2934 2781 3072 2853 ipsis
3117 2785 3227 2844 illis
3258 2788 3612 2858 providentiis
3653 2797 3710 2842 ct

2138 2865 2573 2926 emanationibus
2609 2873 2918 2942 dispertiri,
2963 2878 3168 2932 moveri
3218 2894 3285 2935 ac
3336 2880 3704 2946 multiplicari,

2141 2957 2310 3014 Recte
2338 2961 2501 3032 igitur
2529 2978 2559 3024 a
2600 2965 2869 3038 theologis
2912 2969 2982 3026 de
3026 2971 3228 3026 divinis
3272 2971 3712 3026 cmanationibus

2141 3050 2473 3126 explicatum
2500 3061 2586 3110 est
2605 3095 2621 3122 ,
2651 3064 2708 3110 et
2739 3058 2937 3114 merito
2981 3061 3359 3116 emanationes
3400 3059 3495 3116 Dt-i
3526 3061 3714 3114 dicun-

2144 3150 2238 3198 ιω·
2273 3161 2293 3210 ἱ
2327 3142 2634 3204 eﬂ’eetionis
2663 3149 2835 3215 enim,
2872 3151 2993 3208 sive
3037 3154 3353 3218 creationis,
3382 3162 3437 3208 et
3482 3155 3709 3208 aliarum

2146 3237 2558 3292 emanationum
2615 3240 2870 3296 conditor
2917 3253 2971 3298 et
3026 3255 3221 3300 auctor
3271 3257 3324 3300 et
3359 3245 3581 3300 cunctor
3627 3254 3712 3300 est

2151 3323 2338 3381 Deus:
2387 3338 2444 3382 ct
2477 3327 2658 3385 nullus
2692 3341 2876 3390 motus
2903 3333 2970 3386 ed
3006 3335 3299 3389 terminum
3350 3346 3592 3390 creatum
3635 3351 3718 3389 re-

2152 3415 2348 3483 fertur,
2379 3419 2511 3486 quin
2562 3423 2863 3478 secundum
2917 3425 3212 3479 terminum
3249 3426 3312 3479 ad
3344 3439 3510 3494 quem
3557 3426 3718 3480 reler-

2156 3517 2277 3573 tur,
2333 3511 2536 3577 ceperit
2591 3521 2874 3580 naturam;
2937 3524 3156 3582 propter
3208 3525 3510 3570 creaturam
3574 3516 3714 3569 etaim

2153 3593 2297 3661 repit
2331 3594 2688 3666 principium,
2731 3609 2786 3654 et
2813 3602 3039 3661 exstitit.
3073 3611 3128 3657 et
3176 3604 3454 3673 perlectus
3497 3613 3599 3668 est,
3629 3604 3715 3657 ubi

2153 3690 2334 3766 autem
2367 3697 2496 3741 sunt
2525 3689 2787 3759 principia
2821 3700 2876 3746 et
2911 3693 3048 3749 tincs
3078 3708 3280 3759 rerum,
3314 3695 3478 3750 etiam
3512 3695 3722 3749 univer-

2152 3790 2274 3829 sum
2312 3775 2368 3832 in
2389 3776 2499 3832 illis
2527 3781 2895 3838 concluditur.

914 4014 1247 4093 oneum
1275 4007 1553 4072 usus.
1609 4037 1684 4050 —
1739 4003 1852 4064 DE
1886 4003 2271 4068 INFORMA
2291 3957 2556 4074 TIONE
2584 4013 2868 4077 12mm
2894 4008 3287 4080 NOMINIS.

1116 4135 1344 4196 CAPUT
1388 4133 1432 4190 l.

485 4276 640 4345 Quod
673 4290 834 4339 omne
855 4287 1044 4327 nomen
1070 4270 1164 4323 Dei
1201 4278 1282 4322 est
1307 4273 1501 4345 nostra:
1529 4269 1723 4344 mentm
1737 4264 2053 4345 juventam,

556 4329 722 4402 etnon
756 4329 873 4397 eam
925 4355 1138 4396 causam
1178 4337 1348 4391 omnis
1398 4331 1690 4402 nominatio
1728 4329 1825 4402 Dei
1862 4331 2060 4382 dicitur

507 4411 510 4414 ’
555 4398 830 4484 iambis
881 4421 958 4467 est
1005 4405 1347 4470 intellectilis,
1377 4403 1482 4456 sive
1528 4400 1622 4455 sub
1659 4398 2060 4469 intelligentiam

549 4489 772 4540 cadens.

555 4593 857 4666 Gregorius
916 4588 1251 4659 Theologus,
1285 4585 1338 4638 in
1395 4594 1646 4637 sermone
1703 4578 2056 4650 Epiphaniae:

488 4690 626 4745 Cum
694 4685 1004 4754 dupliciter,
1041 4681 1236 4749 inquit,
1285 4674 1557 4730 infinitum
1607 4671 2059 4739 contemplemur,

490 4781 709 4852 quando
738 4792 893 4832 mens
924 4777 979 4829 in
1008 4773 1138 4828 illud
1177 4767 1506 4840 profundum
1538 4779 1798 4835 superum
1832 4762 2066 4833 aspexit,

491 4873 618 4942 quia
651 4887 757 4927 non
807 4870 973 4925 habet
1017 4863 1110 4919 ubi
1149 4863 1307 4916 sistat
1335 4868 1392 4916 et
1420 4859 1684 4913 innitatur
1728 4855 1975 4924 cogitans
2001 4853 2070 4908 de

493 4970 648 5031 Dco,
706 4968 808 5021 hoc
858 4975 1076 5021 sursum
1127 4957 1506 5020 inﬁnitum,et
1554 4953 1698 5007 unde
1747 4949 1928 5019 egredi
1962 4963 2068 5000 non

493 5067 695 5129 potest,
727 5037 1001 5125 ἄναρχονζ
1046 5048 1097 5103 id
1131 5057 1234 5109 est,
1267 5062 1462 5102 carens
1509 5042 1778 5121 principio
1810 5039 2024 5093 vocavit
2055 5052 2070 5090 :

497 5151 721 5222 quando
753 5155 934 5200 autem
990 5143 1045 5196 in
1086 5139 1281 5196 inlera.
1317 5146 1372 5191 et
1421 5151 1485 5189 ea
1526 5149 1644 5202 qu:e
1696 5129 1885 5185 subter
1923 5135 2073 5192 sunt,

501 5228 623 5295 sine
659 5223 895 5293 interitu
930 5241 986 5286 et
1029 5229 1389 5284 immortalem
1421 5244 1436 5279 :
1467 5223 1689 5292 quando
1727 5233 1856 5273 vero
1901 5227 2073 5272 totum

502 5325 903 5396 complectitur,
937 5321 1175 5382 αἰώνιον,
1210 5318 1261 5371 id
1294 5325 1397 5380 est,
1425 5325 1688 5369 aeternum
1721 5309 1973 5378 appellat.
2011 5307 2079 5361 Et

459 5397 646 5474 §idem
705 5415 760 5468 in
815 5411 1009 5465 eodem
1068 5420 1322 5464 sermone
1376 5421 1392 5458 :
1436 5401 1633 5466 Mente,
1690 5398 1906 5468 inquit,
1962 5397 2080 5452 sola

2095 4134 2138 4189 D
2166 4135 2578 4203 explicavimus.
2602 4139 2670 4192 Et
2707 4139 2759 4192 in
2796 4150 3041 4195 extremo
3075 4139 3320 4207 ejusdem
3351 4138 3546 4207 capitis
3575 4155 3590 4192 :
3621 4135 3716 4191 Sed

2167 4226 2280 4281 haec
2331 4228 2574 4296 quidem,
2607 4239 2666 4285 ut
2698 4228 2810 4284 Deo
2868 4232 3062 4299 placet.
3100 4233 3178 4286 sic
3227 4233 3468 4286 habeant
3501 4240 3556 4284 et
3586 4229 3722 4283 dic-ta

2167 4317 2309 4381 sint;
2345 4317 2528 4386 sitque
2559 4319 2703 4387 quod
2737 4319 2806 4374 ad
2838 4337 2938 4376 nos
2979 4324 3235 4392 pertinet,
3269 4321 3358 4375 hic
3403 4321 3527 4374 linis
3553 4319 3724 4373 nomi-

2168 4408 2330 4462 nibus
2360 4409 2474 4475 Dei,
2511 4424 2632 4476 quae
2682 4424 2837 4465 mens
2879 4414 3229 4482 excogitavit,
3264 4413 3330 4467 ad
3384 4411 3724 4482 symbolicam

2167 4512 2296 4550 vero
2326 4497 2652 4568 theologiam
2687 4499 2795 4557 Deo
2823 4500 2961 4557 duce
2996 4504 3264 4558 transibo.
3294 4502 3475 4556 Multis
3507 4501 3562 4554 in
3601 4500 3730 4554 locis

2165 4604 2290 4642 cum
2340 4591 2407 4644 de
2455 4591 2773 4648 nominibus
2819 4591 2916 4646 Dei
2970 4601 3185 4660 tractat,
3215 4593 3486 4662 reperitur
3543 4603 3732 4644 vocare

2167 4677 2258 4731 illa
2285 4680 2475 4746 νοητὰ,
2507 4679 2562 4742 id
2615 4688 2700 4736 est
2752 4681 2818 4734 ad
2875 4690 3110 4736 mentem
3157 4681 3504 4749 pertinentia.
3547 4677 3620 4731 Ex
3654 4677 3734 4732 bis

2170 4771 2336 4839 igitur
2369 4771 2563 4840 liquet,
2597 4783 2773 4827 ‘omne
2810 4789 3007 4826 nomen
3044 4771 3158 4837 Dei,
3205 4779 3259 4840 et
3311 4785 3531 4824 omnem
3576 4769 3734 4822 divini

2174 4860 2414 4915 nominis
2449 4859 2865 4929 appellationem
2899 4861 2965 4915 ad
2999 4861 3273 4928 negotium
3292 4870 3346 4913 et
3368 4857 3734 4912 tractationem

2175 4952 2373 5006 mentis
2404 4961 2606 5006 nostra;
2641 4953 2927 5021 pertinere.
2971 4960 3134 5020 atque
3169 4950 3295 5004 inde
3317 4951 3519 5020 νοητήν
3542 4947 3734 5012 vocari,

2177 5043 2228 5094 id
2262 5049 2367 5106 est,
2401 5041 2466 5094 ad
2497 5042 2904 5111 intelligentiam
2939 5043 3336 5109 pertinentem,
3371 5055 3497 5093 cum
3541 5037 3738 5092 scilicet

2178 5140 2333 5180 mens
2365 5133 2457 5179 aut
2497 5127 2562 5181 ad
2605 5143 2667 5182 ea
2712 5143 2834 5196 quae
2863 5143 3024 5197 supra
3069 5137 3218 5192 sunt,
3242 5128 3440 5192 cietur,
3469 5135 3566 5182 aut
3594 5125 3658 5180 ad
3680 5139 3737 5178 ea

2179 5231 2302 5284 qua:
2353 5217 2566 5279 subter,
2593 5226 2688 5270 aut
2729 5217 3046 5272 universum
3086 5218 3319 5284 lustrat;
3343 5229 3508 5287 atque
3550 5217 3622 5270 ita
3651 5231 3740 5270 no-

2181 5305 2506 5361 minationes
2528 5305 2622 5361 Dei
2651 5307 2949 5360 adinvenit.

2786 5415 3019 5471 CAPUT
3073 5417 3138 5473 Il.

508 5508 894 5564 adumbratum
935 5517 999 5557 ac
1042 5498 1409 5561 delineatum;
1445 5494 1608 5563 idque
1653 5492 1812 5545 valde
1849 5489 2085 5543 obscure
2185 5506 2337 5574 Quod
2379 5509 2443 5562 ab
2471 5508 2668 5578 επεειεε
2723 5506 2860 5561 ηεαδ
2909 5508 3186 5570 (audam...
3232 5521 3282 5564 ει
3318 5527 3384 5565 η
3417 5511 3544 5580 ,pn',
3587 5510 3742 5564 non";

475 5629 488 5641 ~
511 5610 567 5654 ct
598 5596 853 5653 tenuiter.
887 5593 1177 5662 Dionysius
1207 5604 1337 5643 vero
1359 5586 1647 5654 theologus
1670 5596 1939 5642 summus,
1958 5596 2081 5647 cap.

509 5691 725 5743 decimo
775 5684 935 5738 tertio
990 5685 1061 5739 De
1105 5681 1298 5735 divinis
1347 5679 1666 5742 nominibus,
1704 5673 1850 5739 Haec,
1885 5672 2081 5742 inquit,

505 5797 612 5837 nos
668 5777 850 5834 divina
905 5777 1122 5832 nomina
1180 5787 1301 5846 quae
1350 5771 1688 5842 collegimus,
1720 5781 1819 5836 pro
1877 5764 2086 5818 viribus

2879 5588 3056 5632 natur.

2259 5649 2487 5739 Magnus
2526 5665 2836 5736 Dionysius,
2869 5683 2990 5737 cap.
3037 5669 3214 5738 primo
3245 5669 3318 5740 De
3349 5669 3542 5724 divinis
3580 5669 3739 5722 nomi-

2189 5762 2341 5816 nibus
2375 5777 2394 5816 :
2427 5758 2694 5826 Quoniam
2748 5773 2879 5814 vero
2928 5759 3094 5829 Deus,
3133 5771 3318 5833 utpote
3351 5763 3467 5832 ipsa
3499 5761 3739 5824 bonitas,
