2024 3165
146 180 200 216 793

143 249 177 269 eo
193 241 254 276 ipso
269 240 343 276 quod
368 245 422 273 est,
438 241 562 268 omnium
590 250 672 270 causa
691 249 743 276 est,
770 243 937 275 rrovidenlia

144 286 192 314 Dei
208 293 304 313 eorum
320 285 368 320 qui
381 286 418 313 dii
435 285 577 319 dicuntur,
588 287 733 322 principis,
743 296 803 322 (IMP
812 288 940 315 omnium

144 333 279 360 bonorum
304 332 466 368 principium
484 337 545 366 est,
560 334 595 359 ab
609 333 739 360 omnibus
761 333 864 362 effectis
883 335 941 361 lau-

144 379 234 406 danda
253 384 306 411 est,
333 379 396 413 quia
414 383 441 405 et
456 380 562 406 circum
588 379 678 412 ipsum
701 384 766 408 stitit
787 381 879 407 omnia
891 401 898 414 ,
914 384 942 409 et

145 429 255 460 propter
268 419 377 459 ipsum;
392 429 418 451 et
439 425 496 459 ipse
513 429 556 452 e~t
578 429 641 452 ante
661 427 764 459 omnia,
786 431 813 453 et
838 427 865 453 in
881 427 942 461 ipso

145 477 236 498 omnia
263 471 431 501 consistunt,
451 474 479 497 et
496 478 557 497 esse
571 478 634 498 eum
659 470 785 506 producit
801 472 902 504 omnia,
915 478 942 499 et

145 516 210 544 facit
222 521 248 544 ut
258 517 400 544 exsistant.
414 515 470 544 Hoc
483 521 572 544 autem
581 522 692 545 sanctus
701 517 943 545 Maximusedisse-

145 564 181 589 rit
206 567 234 589 et
254 566 385 590 retractat
403 571 411 589 :
429 562 467 588 Ex
493 563 547 595 his,
571 562 677 597 inquit,
705 563 849 590 solvuntur
862 563 943 590 fatua;

143 607 287 641 opiniones
297 615 392 642 eorum
404 608 450 642 qui
469 608 528 635 ausi
543 613 608 636 sunt
621 609 721 641 dicere,
738 609 845 636 insitam
879 617 940 637 esse

145 650 200 678 Deo
217 657 313 678 natura
336 654 453 686 quadam
469 652 523 678 vim
538 643 661 685 creandi,
678 653 751 680 sicut
768 653 881 681 insitum
898 658 942 681 est

146 697 283 724 araneolis
306 701 397 725 texere
413 705 421 729 ;
436 697 606 725 demonstrat
627 699 699 725 enim
722 703 834 734 propter
856 700 941 726 solam

146 742 295 769 bonitatem
329 743 480 777 producere
509 743 592 771 Deum
622 744 725 771 omnia.
756 744 941 777 Quamobrem

147 795 202 814 non
233 787 335 814 audent
363 788 480 822 theologi
506 788 620 816 laudare
649 788 734 816 Deum
767 789 802 816 ab
828 790 861 816 iis
884 797 944 824 qua:

148 832 234 866 ipsius
258 837 332 864 sunt.
348 833 374 860 id
398 837 450 865 est,
466 841 481 861 a
506 840 604 861 natura
619 841 645 862 et
661 835 780 862 essentia
796 835 856 869 ejus
875 835 943 870 (h;ec

146 878 219 904 enim
247 878 336 913 ignota
362 880 450 914 sunt),
481 879 528 906 sed
557 880 591 906 ab
607 880 799 914 emanatione,
815 888 876 916 qum
902 885 944 907 est

145 923 320 957 providentia
336 925 396 959 ejus
417 925 443 952 in
465 933 496 952 ea
512 933 574 960 qua:
593 925 626 952 ab
643 926 703 960 ipso
719 932 832 955 auctore
847 926 940 954 effecta

146 973 220 996 sunt.
246 968 322 997 "ant:
345 965 463 998 divinam
490 971 712 1005 providentiam,
736 980 790 1006 qua
813 972 942 1000 omnibus

146 1015 220 1044 Deus
248 1016 382 1051 providet,
409 1017 537 1044 laudibus
565 1017 716 1045 celebrant.
740 1017 847 1046 Rursus
871 1019 942 1047 idem

147 1063 291 1099 Dionysius
309 1063 399 1096 capite
428 1063 548 1090 secundo
576 1062 614 1091 De
640 1063 736 1090 divinis
763 1064 940 1092 nominibus:

147 1108 207 1135 Non
222 1114 260 1137 est
277 1108 397 1144 perfecta
417 1113 444 1136 et.
459 1109 583 1148 ab'soluta
600 1109 755 1137 similitudo
771 1117 866 1138 eorum
881 1120 942 1145 quae

147 1154 240 1182 effecta
256 1159 330 1186 sunt.
350 1160 378 1182 et
394 1163 540 1182 causarum
554 1164 561 1188 ;
577 1156 642 1190 quin
661 1157 752 1190 potius
766 1156 867 1185 habent
883 1158 943 1192 qui-

147 1199 209 1226 dem
221 1198 315 1226 eﬂi-cta
328 1206 474 1226 causarum
490 1199 581 1234 quoad
598 1199 656 1226 lieri
672 1204 771 1233 potest,
788 1201 940 1235 imagines;

149 1244 214 1278 ipsa;
231 1251 296 1271 vero
317 1252 407 1271 causa:
425 1252 456 1271 ex
477 1244 582 1272 effectis
602 1249 735 1279 exempta:
751 1250 833 1278 sunt;
850 1251 877 1273 et
891 1254 941 1281 pro

150 1289 256 1322 ratione
276 1291 446 1325 principatus
471 1291 512 1318 sui
535 1298 619 1324 supra
644 1291 740 1318 locatae
759 1299 790 1318 ac
811 1290 940 1319 fundatae.

149 1334 236 1367 Quem
249 1346 251 1349 ⁴
266 1335 357 1362 locum
378 1335 476 1363 iterum
491 1335 626 1363 adnotans
647 1341 760 1363 sanctus
779 1336 916 1365 Maximus
933 1346 940 1364 :

151 1380 262 1414 Efl‘ecta,
287 1381 394 1415 inquit,
411 1385 475 1408 sunt
493 1381 585 1408 omnia
604 1387 698 1408 creata
727 1382 786 1409 sive
809 1382 835 1409 in
859 1383 940 1416 coelo,

151 1427 210 1455 sive
226 1427 252 1454 in
269 1431 351 1461 terra,
369 1434 459 1454 causa;
477 1434 542 1453 vero
563 1427 714 1455 efficientes
738 1428 796 1455 sive
818 1434 943 1457 creantes

152 1479 276 1507 personae
300 1477 403 1500 sanctas
417 1471 562 1500 Trinitatis
575 1478 650 1500 sunt.
671 1472 844 1500 Manifestum
862 1475 944 1509 igitur

153 1523 215 1551 est,
232 1518 335 1545 nullam
362 1525 422 1546 esse
446 1518 544 1545 borum
571 1519 642 1546 inter
668 1527 698 1546 se
722 1519 941 1555 similitudinem,

507 183 627 214 DECAS
642 182 692 216 IV.
712 197 747 203 —
761 184 810 215 DE
833 183 1045 216 lNFORMAT.
1070 186 1195 217 DIVINI
1214 186 1392 218 NOMINIS.
1410 215 1423 226 ,

1727 186 1788 218 ΤΜ

954 244 1050 277 Aqua:
1076 244 1102 271 in
1131 244 1309 272 universitate
1334 244 1429 272 mundi
1457 243 1680 279 contemplatur;
1710 249 1783 272 unde

994 288 1149 322 bujusmodi
1174 290 1328 318 divinorum
1345 289 1486 317 nominum
1503 289 1618 318 formam
1637 294 1664 317 et
1685 290 1786 318 distin-

992 334 1110 361 ctionem
1132 336 1242 372 colligit.

1294 382 1411 410 CAPUT
1440 383 1485 410 IV.

993 443 1084 476 Quare
1102 443 1134 469 ab
1147 441 1246 476 effectis
1259 442 1411 468 nominatur
1427 441 1506 482 Deus.
1521 446 1547 468 at
1565 449 1618 468 mm
1634 440 1667 468 ab
1681 440 1714 468 iis
1728 448 1791 475 qui?

1258 483 1320 504 sunt
1341 482 1443 503 natura:
1463 485 1538 508 elus.-

1028 523 1143 557 Magnus
1170 523 1287 550 Basilius
1314 523 1340 549 in
1370 522 1403 549 iis
1420 530 1481 555 quae
1498 528 1593 549 contra
1621 522 1786 550 Eunomium

994 570 1104 604 scripsit
1118 578 1124 596 :
1137 569 1164 596 Si
1179 569 1311 599 divinam.
1324 569 1424 603 inquit,
1438 573 1563 594 naturam
1580 568 1607 595 in
1623 575 1652 595 se
1664 572 1788 595 contem-

994 614 1062 649 plari
1077 622 1231 649 possemus,
1246 618 1273 641 et
1287 614 1360 648 quod
1374 614 1512 648 proprium
1529 614 1589 648 ejus
1603 618 1656 646 est,
1671 619 1697 640 et
1713 612 1786 648 quod

994 660 1127 691 alienum,
1147 667 1194 694 per
1211 668 1242 687 ea
1261 667 1321 694 quae
1346 664 1497 687 cernuntur
1522 660 1654 692 invenire,
1680 660 1789 693 penitus

995 714 1047 733 non
1064 706 1251 741 indigeremus
1267 705 1434 737 rationibus.
1460 712 1549 740 neque
1566 705 1732 739 coniecturis
1754 706 1788 732 ad

993 751 1286 786 comprehendendum
1313 752 1384 785 quod
1402 751 1535 786 quaeritur
1550 759 1557 777 :
1576 750 1623 778 sed
1641 750 1705 785 quia
1733 751 1790 777 cel-

995 798 1053 825 sior
1069 802 1111 825 est
1126 804 1209 832 quam
1224 801 1255 823 ut
1267 796 1384 831 perspici
1406 796 1493 831 possit
1510 796 1582 830 quod
1598 796 1742 830 qua‘ritur,
1757 803 1790 823 ex

997 843 1165 878 conjecturis
1181 847 1273 870 autem
1287 843 1474 877 cognitionem
1493 849 1590 868 eorum
1604 849 1666 875 quae
1682 849 1732 868 nos
1746 841 1790 868 fu-

959 907 980 935 B
996 888 1085 922 giunt,
1100 895 1245 920 venamur,
1260 895 1376 915 necesse
1388 892 1430 915 est
1444 887 1558 922 omnino
1573 890 1602 913 ut
1617 886 1650 913 ad
1664 890 1791 914 scrutan-

994 933 1058 960 dum
1075 933 1196 961 divinam
1209 939 1336 962 naturam
1352 941 1400 968 per
1416 933 1592 968 operationes
1603 932 1790 960 deducamur.

993 979 1033 1006 Ac
1051 987 1148 1008 rursus
1167 980 1238 1008 idem
1266 980 1292 1007 in
1314 980 1402 1015 primo
1426 985 1520 1007 contra
1542 979 1668 1006 eumdem
1688 987 1694 1004 :
1713 977 1792 1005 Unus

995 1025 1128 1053 Dominus
1147 1034 1209 1053 cum
1225 1026 1271 1058 sit,
1296 1031 1320 1053 et
1353 1034 1407 1053 una
1433 1026 1590 1054 substantia
1611 1025 1727 1059 simplex
1757 1029 1786 1052 et

993 1079 1092 1105 expers
1103 1072 1323 1107 compositionis,
1335 1072 1404 1099 alias
1416 1071 1497 1099 aliter
1508 1079 1538 1099 se
1547 1072 1681 1104 nominat,
1694 1075 1793 1105 aptans

995 1117 1045 1144 sibi
1064 1118 1268 1146 nominationes
1283 1126 1344 1152 quae
1366 1118 1470 1145 nostris
1493 1116 1705 1151 cogitationibus
1718 1116 1793 1143 inter

995 1171 1025 1190 se
1039 1162 1180 1196 differunt,
1198 1163 1306 1190 diversa
1321 1163 1395 1190 enim
1420 1163 1532 1190 nomina
1550 1161 1601 1190 sibi
1621 1161 1746 1196 imponit,
1762 1164 1794 1187 ut.

994 1213 1060 1236 sunt
1073 1208 1188 1236 diversae
1198 1208 1373 1243 operationes
1385 1208 1525 1243 subjectae,
1538 1211 1564 1234 et
1574 1207 1681 1234 diversa
1695 1213 1790 1233 earum

994 1255 1027 1281 ad
1044 1262 1075 1280 ea
1093 1261 1154 1288 quae
1176 1253 1245 1281 fiunt
1262 1254 1407 1282 habitudo.
1423 1254 1496 1281 ldem
1512 1252 1595 1281 etiam
1616 1260 1624 1279 :
1640 1251 1697 1279 Nos
1722 1259 1789 1278 vero

994 1305 1025 1325 ex
1042 1298 1247 1332 operationibus
1264 1298 1348 1326 Deum
1363 1303 1488 1326 nostrum
1508 1297 1637 1333 cognosci
1655 1293 1791 1324 dicimus:

994 1344 1027 1371 ad
1046 1344 1196 1371 essentiam
1212 1348 1304 1371 tamen
1332 1344 1393 1378 ejus
1410 1343 1632 1378 appropinquare
1646 1350 1700 1369 non
1728 1349 1794 1376 pro-

995 1390 1142 1422 mittimus,
1162 1390 1336 1422 operatioues
1349 1391 1421 1417 enim
1438 1389 1483 1417 Dei
1495 1390 1664 1417 descendunt
1678 1388 1711 1415 ad
1723 1395 1772 1414 nos
1785 1395 1792 1413 :

995 1441 1022 1463 at
1037 1436 1155 1463 essentia
1171 1436 1231 1469 ejus
1246 1440 1338 1463 manet
1357 1436 1507 1463 inaccessa.
1522 1435 1560 1462 Ex
1579 1435 1622 1462 his
1638 1434 1720 1469 igitur
1737 1441 1795 1460 ma-

996 1481 1128 1509 nifestum
1154 1481 1291 1514 ellicitur,
1317 1482 1390 1516 quod
1416 1481 1487 1509 sicut
1513 1489 1545 1509 ex
1569 1481 1602 1508 iis
1616 1488 1676 1515 qum
1695 1481 1721 1507 in
1739 1480 1794 1507 Deo

996 1532 1061 1554 sunt
1073 1547 1080 1558 ν
1098 1527 1284 1561 philosophari
1304 1528 1337 1555 de
1355 1527 1409 1554 Deo
1438 1535 1492 1554 non
1510 1535 1670 1562 possumus,
1689 1526 1729 1554 sic
1746 1534 1795 1554 ne-

153 1573 300 1593 causarum
326 1565 432 1593 scilicet
452 1569 476 1593 et
502 1565 673 1593 ellectorum.
698 1566 806 1594 Rursus
823 1568 892 1594 idem
919 1569 943 1595 in
960 1572 983 1603 C
1001 1580 1054 1607 quo
1068 1580 1117 1607 per
1133 1580 1165 1600 ea
1181 1572 1266 1600 Deum
1281 1573 1425 1600 nominare
1442 1580 1448 1598 ε
1467 1576 1493 1599 at
1507 1580 1539 1600 ex
1555 1572 1720 1607 conjecluris
1735 1572 1796 1605 qui-

151 1611 276 1640 centuria
292 1615 398 1644 octava,
422 1612 509 1645 capite
529 1612 564 1639 2t
585 1621 591 1638 :
609 1612 825 1645 Advertendum,
846 1613 945 1648 inquit,

149 1663 202 1693 est,
219 1658 291 1694 quod
304 1658 400 1686 effecta
415 1666 560 1686 causarum
585 1659 719 1693 imagines
747 1660 858 1693 habent,
878 1669 947 1695 qua-

149 1710 232 1733 tenus
269 1704 371 1732 habere
401 1708 532 1738 possunt,
570 1712 632 1732 esse
667 1709 741 1739 sunt,
776 1713 947 1741 quzrrnnqlte

151 1755 244 1778 creata
275 1756 358 1784 sunt;
386 1758 477 1777 causa:
504 1758 579 1781 vero,
606 1758 667 1785 qua:
696 1751 739 1778 illa
771 1751 895 1779 efliciunt
921 1758 947 1780 ct

153 1801 257 1830 creant,
286 1797 359 1824 nulla
386 1802 478 1823 autem
507 1796 658 1824 similitudo
686 1801 729 1825 est
750 1805 896 1825 causarum
921 1805 948 1826 et

155 1842 300 1870 factorum.
326 1843 367 1870 Ex
405 1843 506 1877 quibus
535 1847 608 1874 patet
654 1844 895 1877 quemadmodum
914 1853 946 1872 ex

155 1886 270 1918 elfeetis,
292 1887 319 1914 id
343 1892 394 1919 est,
414 1895 447 1914 ex
476 1888 609 1915 creaturis
636 1888 746 1915 nomina
771 1888 830 1920 Dei.
847 1890 948 1924 quibus

157 1932 242 1971 Deum
259 1931 399 1959 laudamus
410 1936 436 1959 et
450 1932 638 1967 imploramus,
652 1934 770 1961 humana
791 1941 869 1963 mens
881 1943 948 1963 con-

156 1977 304 2005 siderando
318 1978 468 2005 adinvenit.

455 2024 571 2053 CAPUT
599 2026 644 2053 Ill.

238 2070 304 2103 Qum
322 2071 377 2098 sint
391 2071 495 2105 eﬂ'ecta,
509 2076 534 2098 el
547 2080 606 2107 quin
621 2080 713 2100 eorum
729 2074 853 2100 mmet-ia.

191 2111 343 2152 Gregorius
356 2116 496 2152 Nyssenus
509 2118 533 2144 in
546 2119 738 2153 explanatione
754 2119 860 2147 Cautici
884 2127 950 2147 eau-

154 2163 271 2190 ticorum
289 2172 297 2190 :
315 2162 423 2194 Omnia,
452 2163 550 2197 inquit,
566 2164 647 2195 mira.
677 2172 739 2198 quae
766 2165 793 2192 in
821 2165 950 2193 universo

155 2208 383 2243 contemplamur.
395 2209 536 2235 materiam
556 2209 712 2236 divinorum
726 2211 868 2238 nominum
882 2219 950 2246 prte-

155 2254 231 2285 bent.
251 2254 350 2288 quibus
375 2253 460 2280 Deum
483 2253 815 2289 sapientem.‘potcutem.
836 2256 949 2289 bonum,

156 2304 291 2331 sanctum,
308 2300 426 2331 beatum,
443 2304 587 2331 aeternum,
615 2299 748 2334 iudicem,
776 2301 950 2333 salvatorem,

154 2351 183 2373 et
215 2347 275 2373 aliis
306 2345 464 2380 hujusmodi
491 2346 673 2373 ce'ebramus.
706 2345 737 2372 Et
768 2345 952 2376 Damasceuus

157 2391 310 2426 Tilel'ltiglls
337 2391 388 2425 (τι),
417 2390 498 2423 Deus,
523 2390 620 2425 inquit,
648 2396 771 2426 propter.
788 2392 950 2421 inellabilem

156 2436 306 2464 bonitatem
331 2436 415 2463 voluit
437 2436 470 2463 de
486 2436 586 2463 nostris
603 2437 695 2469 rebus.
711 2443 738 2464 et
757 2443 852 2466 nostro
876 2447 952 2467 more

157 2480 305 2513 nominari.
324 2490 357 2509 ne
374 2482 462 2509 simus
479 2481 602 2509 funditus
624 2482 728 2509 notitia».
739 2482 799 2517 ejus
814 2489 951 2517 expertes.

158 2527 198 2554 Ex
224 2527 266 2554 his
288 2527 627 2562 liquet,quemadmodum
659 2528 777 2554 humana
810 2536 889 2558 mens
911 2535 954 2558 est

159 2580 253 2606 causa,
269 2573 486 2608 qumformat,et
502 2574 685 2607 velutispecie
704 2574 742 2608 (l)
760 2574 844 2602 afficit
862 2576 952 2604 divina

160 2619 288 2653 nomina;
305 2618 419 2647 materia
444 2627 519 2654 vero,
539 2619 584 2647 illa
602 2619 786 2652 admirabilia,
802 2626 829 2648 et
847 2621 952 2654 eﬂecta.

998 1619 1125 1648 busdam.
1141 1626 1202 1653 quae
1221 1623 1287 1645 sunt
1302 1626 1398 1645 eorum
1416 1626 1476 1653 quae
1491 1618 1518 1645 in
1532 1619 1587 1646 Deo
1604 1622 1680 1649 sunt,
1696 1617 1797 1644 simili—

998 1664 1106 1691 tudines
1123 1668 1149 1691 et
1163 1661 1325 1695 simulacra.
1339 1664 1466 1691 notitiam
1486 1664 1531 1691 Dei
1546 1664 1713 1699 colligimus,
1730 1670 1798 1691 con-

995 1710 1120 1744 jecturas
1138 1714 1167 1736 et
1186 1711 1364 1744 operationes
1381 1709 1452 1737 idem
1469 1718 1529 1737 esse
1547 1709 1740 1745 intelligentcs.
1762 1709 1798 1737 l't

998 1756 1069 1782 enim
1085 1763 1117 1783 ex
1134 1755 1300 1790 conjecturis
1324 1755 1359 1783 de
1376 1756 1431 1783 Deo
1452 1756 1650 1783 ratiocinamur
1662 1775 1669 1787 ,
1694 1756 1733 1783 sic
1748 1763 1798 1790 per

998 1797 1173 1835 operationes
1191 1802 1226 1829 ad
1243 1801 1451 1837 intelligendum
1470 1809 1531 1829 eum
1551 1801 1721 1834 adducimur;
1739 1801 1797 1828 sive

999 1856 1030 1875 cx
1048 1848 1265 1884 operationibus,
1280 1854 1308 1876 et
1322 1857 1354 1876 ex
1375 1848 1408 1876 iis
1425 1848 1598 1876 mirabilibus
1614 1856 1674 1883 qua:
1690 1849 1716 1875 in
1733 1849 1795 1875 uni-

999 1902 1079 1922 verso
1103 1895 1288 1930 speculamur.
1321 1895 1403 1922 Deum
1433 1899 1557 1921 nostrum
1583 1894 1723 1922 declarare
1746 1902 1797 1926 nos

999 1941 1130 1968 dicimus.
1146 1942 1235 1975 Atque
1251 1942 1315 1968 hinc
1333 1942 1484 1968 scentulum
1505 1940 1685 1968 differentiam
1699 1949 1798 1975 opera-

1000 1986 1104 2021 tionum
1120 1986 1306 2022 subjectarum
1320 2008 1327 2020 ,
1343 1991 1370 2015 et
1393 1992 1423 2014 ut
1441 1994 1557 2021 qumque
1569 1987 1693 2020 operatio
1710 1988 1743 2013 ad
1763 1994 1795 2013 ea

999 2039 1059 2066 qum
1079 2032 1148 2059 fiunt
1169 2033 1298 2065 refertur,
1316 2033 1456 2068 negotium
1474 2033 1632 2060 divinorum
1650 2035 1794 2059 nominum

1000 2077 1174 2111 conficimus,
1192 2086 1246 2106 non
1264 2084 1391 2113 putantes
1406 2079 1601 2114 intempestive
1616 2078 1705 2105 facere
1724 2079 1798 2113 quod

1001 2124 1058 2151 haec
1068 2124 1178 2152 nomina
1188 2132 1221 2152 ex
1231 2125 1459 2159 coniecturalibus
1467 2125 1633 2159 argumentis
1645 2124 1798 2156 colligimus

1001 2174 1029 2196 et
1055 2170 1233 2204 imponimus.
1258 2171 1404 2206 Conjicere
1427 2176 1518 2198 autem
1544 2170 1611 2205 quid
1638 2170 1711 2198 aliud
1734 2175 1776 2197 est
1791 2191 1797 2202 ,

1003 2223 1084 2250 quem
1105 2225 1137 2244 ex
1160 2216 1194 2244 iis
1215 2225 1276 2252 quae
1292 2218 1319 2244 in
1334 2218 1461 2245 universo
1476 2218 1543 2245 mira
1568 2217 1797 2251 contemplamur,

1004 2267 1032 2289 et
1048 2270 1082 2290 ex
1096 2263 1201 2290 effectis
1223 2263 1294 2298 ipsis
1310 2264 1343 2290 ad
1360 2272 1421 2298 qua:
1441 2263 1631 2291 emanationes
1646 2269 1673 2291 et
1689 2263 1799 2290 habitu-

1002 2308 1078 2336 dines
1091 2309 1259 2341 referuntur,
1276 2310 1485 2337 similitudinem
1499 2315 1526 2337 et
1541 2309 1656 2337 formam
1671 2309 1772 2336 ducere
1786 2309 1798 2335 ?

1003 2353 1071 2380 Cum
1087 2360 1154 2388 ergo
1170 2353 1289 2382 dicimus
1307 2354 1385 2386 illud.
1411 2361 1426 2380 a
1451 2361 1506 2388 quo
1528 2359 1555 2381 ct
1573 2354 1644 2380 unde
1664 2353 1776 2380 materia
1790 2372 1799 2384 ,

1004 2406 1057 2426 non
1074 2399 1327 2433 appropinquamus
1347 2399 1385 2426 illi
1406 2399 1439 2425 ad
1452 2398 1525 2433 quod
1542 2398 1689 2429 tendimus,
1704 2397 1728 2424 id
1745 2404 1797 2428 est.

1007 2444 1171 2471 substantia:
1186 2444 1258 2479 ejus,
1282 2444 1354 2471 sicut
1373 2451 1435 2470 cum
1459 2444 1588 2479 dicimus,
1604 2444 1675 2470 umle
1699 2450 1798 2470 nomen

1006 2489 1068 2517 coeli
1099 2494 1237 2524 sumptum
1265 2495 1317 2522 est,
1345 2497 1399 2517 non
1425 2489 1585 2524 attingimus
1616 2490 1798 2517 substantiam

1006 2535 1067 2563 cmli
1082 2561 1090 2572 ,
1110 2535 1299 2571 operationem
1322 2540 1412 2563 lalnen
1432 2536 1491 2569 ejus
1509 2536 1637 2566 maxime.
1651 2543 1793 2570 argumen-

1008 2586 1097 2609 tamur
1117 2582 1189 2609 enim
1204 2581 1325 2616 undique
1341 2582 1431 2618 ipsum
1449 2590 1462 2609 a
1481 2583 1561 2610 nobis
1575 2582 1672 2616 aspici.

907 2694 1044 2727 Scholia.

196 2767 235 2804 (l)
254 2765 344 2801 Specie
357 2766 464 2794 afﬁcere
478 2767 589 2804 nomina
604 2771 646 2794 est
662 2767 759 2804 litteris
782 2760 820 2794 ac
837 2770 950 2804 syllabis

161 2808 192 2829 ea
210 2802 350 2834 inserere;
367 2810 400 2830 ex
415 2802 614 2836 compositione
628 2802 700 2828 enim
716 2807 743 2829 et
761 2804 831 2831 serie
846 2802 952 2832 littera-

201 2896 239 2926 (α)
257 2895 317 2924 Lib.
331 2904 350 2927 ι.
369 2896 405 2922 Dc
421 2896 473 2929 [ide
490 2897 648 2925 ort/tadoza.

1008 2782 1068 2814 rum
1084 2782 1116 2801 ac
1132 2776 1298 2814 syllabarum
1316 2780 1419 2803 cxsnsut
1438 2776 1544 2809 species
1559 2781 1585 2803 et
1602 2773 1688 2802 forma
1706 2772 1795 2800 notui-

1009 2812 1050 2837 uis
1067 2815 1093 2837 ct
1111 2812 1245 2838 vocabuli.
