4048 6496
982 531 984 534 ν
1045 504 1273 561 (ἎΡῘῚΤ
1314 504 1375 560 ν.

487 581 762 666 Quomodo
797 599 932 654 Deus
962 601 1058 669 ﬁat
1091 618 1121 651 a
1153 600 1298 652 nobis
1334 598 1618 651 multorum
1651 599 1945 653 nominum.

502 692 802 761 Gregorius
824 689 1102 761 Nyssenus
1123 691 1408 758 disputans
1441 702 1631 744 contra
1658 688 2004 748 Eunomium:

432 782 564 854 Ego,
605 781 802 852 inquit,
827 783 1060 851 quodex
1090 781 1373 851 Scriptura
1407 791 1593 836 saneta
1625 781 1811 845 didici,
1843 781 2010 836 ﬁden-

429 882 514 926 ter
560 873 876 950 pronuntio,
921 887 1044 926 eum
1095 873 1188 942 qui
1234 881 1315 926 est
1352 873 1534 940 supraj
1565 886 1730 926 omne
1784 887 2006 938 nomen,

430 963 550 1017 ﬁeri
585 963 745 1018 nobis
772 965 1068 1018 multorum
1107 964 1416 1026 nominum.
1447 979 1572 1018 cum
1603 979 1702 1034 pro
1749 965 2010 1021 varietate

431 1051 817 1107 benelleiorum
854 1046 1002 1106 varie
1031 1053 1368 1117 nominatur;
1398 1053 1578 1108 lumen
1610 1055 1754 1108 enim
1785 1054 2016 1118 dicitur,

428 1157 553 1198 cum
587 1134 875 1212 caliginem
923 1143 1244 1214 ignorantiae
1271 1143 1521 1212 depellit;
1552 1145 1684 1210 vita,
1733 1160 1857 1200 cum
1910 1145 2010 1197 im-

429 1233 820 1288 mortalitatem
858 1234 1125 1304 largitur:
1163 1235 1267 1301 via,
1295 1249 1418 1290 cum
1455 1235 1521 1290 ab
1549 1250 1741 1291 errore
1773 1235 1837 1288 ad
1869 1233 2016 1287 veri-

429 1332 593 1378 tatem
641 1324 906 1379 deducit:
957 1325 1038 1380 sic
1091 1327 1268 1381 turris
1312 1327 1670 1392 fortitudinis,
1723 1335 1774 1380 et
1817 1325 2012 1379 civitas

431 1411 664 1485 munita,
695 1421 748 1466 et
777 1413 918 1475 lous,
946 1422 1001 1468 et
1049 1422 1197 1481 petra
1223 1454 1238 1475 ,
1271 1424 1330 1468 et
1354 1415 1503 1478 vitis,
1547 1425 1608 1470 ct'
1643 1415 1912 1476 medicus,
1954 1423 2013 1468 et

433 1503 765 1556 resurrectio
786 1541 803 1570 ,
831 1512 888 1558 et
920 1503 1176 1558 omnibus
1210 1504 1522 1570 huiusmodi
1551 1506 1867 1560 nominibus
1909 1519 2009 1573 ap-

431 1593 688 1662 pellatur.
718 1595 932 1671 Rursus
956 1596 1098 1651 idem
1129 1613 1143 1648 :
1174 1596 1316 1653 Deus
1343 1596 1559 1666 quidem
1599 1607 1680 1652 est
1704 1597 2005 1652 secundum

433 1694 496 1734 se
528 1680 581 1734 id
623 1683 768 1745 quod
817 1682 1036 1738 demum
1071 1701 1192 1740 esse
1234 1687 1481 1741 creditur
1514 1702 1528 1738 :
1563 1687 1878 1741 nominatur
1914 1703 2010 1740 au-

433 1781 541 1825 tem
587 1773 656 1826 ab
699 1774 767 1827 iis
800 1775 893 1843 qui
932 1791 1054 1830 eum
1089 1778 1388 1845 appellant,
1425 1793 1531 1832 non
1584 1778 1816 1848 idipsum
1860 1779 2005 1847 quod

430 1872 515 1916 est
558 1863 689 1932 (non
719 1865 864 1919 enim
913 1865 1174 1933 explicari
1208 1875 1387 1936 potest.
1427 1876 1622 1922 natura
1659 1868 1825 1944 ejus),
1869 1884 2001 1937 quin

432 1955 613 2024 potius
656 1971 721 2010 ex
778 1957 846 2010 iis
884 1974 1006 2027 quae
1060 1966 1126 2014 ad
1177 1959 1344 2013 vitam
1388 1969 1632 2015 nostram
1682 1961 2008 2030 pertinentia

430 2049 645 2116 operari
695 2050 959 2115 creditur,
1013 2051 1393 2123 hmnonymias
1443 2052 1625 2118 habet,
1665 2052 1717 2106 id
1756 2061 1864 2113 est,
1914 2067 2011 2104 no-

431 2141 576 2194 mina
623 2156 744 2210 quae
787 2137 1066 2211 atquivoca
1102 2151 1316 2197 vocant.
1355 2142 1419 2195 Et
1449 2142 1689 2196 Basilius
1725 2140 1774 2194 Μ
1795 2157 1957 2210 ignes
1986 2181 2001 2205 ,

426 2231 710 2297 Naturam,
740 2233 936 2303 inquit,
961 2234 1198 2289 divinam
1229 2243 1500 2305 quatenus
1527 2245 1630 2295 est.
1658 2233 1792 2289 nihil
1818 2249 2006 2288 eorum

426 2340 550 2394 qum
579 2328 981 2396 excogitantur,
1012 2327 1277 2382 declarat.
1319 2327 1395 2381 Ex
1447 2327 1530 2382 his
1579 2327 1744 2397 igitur
1790 2327 1963 2396 liquet
1989 2365 2006 2390 ,

431 2417 548 2472 lieri
603 2417 763 2474 nobis
826 2419 992 2472 Deum
1048 2421 1344 2474 multorum
1389 2419 1695 2480 nominum,
1745 2417 2006 2486 quoniam

427 2509 616 2564 multis
651 2510 928 2564 beneficiis
957 2510 1077 2580 ejus
1102 2511 1168 2565 ad
1198 2510 1614 2566 custodiendam
1652 2509 1820 2562 vitam
1866 2508 2008 2561 indi-

426 2617 640 2675 gemus,
681 2617 887 2673 nosque
913 2619 1102 2658 sumus
1127 2603 1219 2672 qui
1247 2601 1659 2657 diliieultatibus
1689 2601 2008 2669 circumpli-

425 2709 658 2760 canmr,
704 2704 757 2748 et
797 2698 850 2749 in
899 2696 979 2750 eis
1036 2696 1200 2748 Deum
1243 2695 1569 2763 excogitatis
1600 2703 1654 2748 ct
1687 2693 2000 2748 adiuventis

423 2787 742 2846 nominibus
785 2788 1163 2858 imploramus.
1197 2790 1388 2852 Quare
1429 2786 1532 2840 hoc
1566 2788 1728 2839 etiam
1776 2785 2009 2839 ellicitur

424 2874 772 2929 manilestum
799 2913 814 2938 ,
858 2877 1000 2946 quod
1035 2876 1161 2930 licet
1190 2876 1330 2930 Deus
1362 2891 1425 2929 ex
1453 2875 1681 2935 infinitis
1715 2876 1990 2943 operatio-

425 2968 589 3022 nibus
633 2969 819 3021 multis
874 2967 1188 3022 nominibus
1237 2967 1545 3034 alliciatur,
1599 2982 1764 3037 quam
1821 2977 1999 3021 tamen

425 3070 674 3113 naturam
720 3059 958 3124 habeat,
993 3059 1240 3114 funditus
1276 3060 1634 3129 intelligentia
1676 3069 1861 3114 nostra
1895 3077 2004 3114 non

1677 392 1715 448 Α
1727 391 1830 451 NN
1843 392 1854 448 l
1869 391 1918 451 S
1944 392 2124 452 CYPA
2135 391 2336 454 R‘lSSl
2347 391 2522 452 OTLE'

2041 511 2083 565 Α
2117 507 2429 572 misercndi,
2460 517 2509 559 et
2549 502 2939 560 misericordiae
2967 518 3189 559 nomen.
3217 502 3278 558 Et
3311 504 3505 557 iterum
3539 505 3683 561 idem

2237 269 2260 287 ο

3569 387 3682 452 796

2113 596 2164 648 in
2197 599 2463 660 secundo,
2499 594 2562 650 Ut
2596 595 2740 649 enim
2766 634 2783 659 ,
2836 594 3050 664 inquit,
3085 610 3192 650 non
3241 604 3389 649 esset
3441 595 3685 651 medicus

2111 686 2226 740 nisi-
2247 696 2465 755 propter
2497 695 2750 755 mgrotos,
2794 687 2873 740 sic
2903 701 3097 740 rursus
3122 702 3297 756 neque
3327 687 3638 743 misericors
3666 726 3683 750 ,

2112 793 2286 845 neque
2315 779 2622 839 miscrator,
2657 793 2754 831 nec
2783 776 2902 832 aliis
2945 776 3216 844 ejusmodi
3252 778 3567 832 nominibus
3590 796 3683 849 ap-

2110 871 2424 938 pellaretur,
2474 869 2579 922 nisi
2628 878 2848 938 propter
2897 884 3022 923 eum
3078 869 3169 938 qui
3225 870 3602 924 misericordia
3632 880 3699 925 eL

2111 961 2461 1014 miseratione
2494 959 2699 1028 indiget
2731 978 2744 1013 :
2782 961 2860 1014 sic
2894 961 3060 1014 etiam
3101 976 3202 1016 nec
3231 963 3574 1028 omnipotens
3600 979 3685 1015 cs-

2093 1049 2216 1114 'sct,
2276 1051 2377 1104 nisi
2414 1051 2594 1105 omnis
2623 1059 2872 1106 creatura
2914 1060 2971 1103 ut
2996 1050 3064 1104 ab
3093 1066 3159 1104 eo
3203 1061 3480 1106 teneretur
3510 1063 3563 1106 et
3593 1069 3687 1106 euo

2110 1144 2426 1206 stodiretur,
2464 1159 2602 1213 opus
2633 1143 2881 1197 haberet.
2909 1141 2974 1196 Et
3003 1144 3198 1197 iterum
3235 1143 3286 1196 in
3321 1143 3497 1212 primo
3526 1143 3684 1197 libro:

2111 1233 2251 1296 Alia,
2297 1233 2477 1302 inquit
2508 1273 2524 1296 ,
2572 1234 2790 1287 nomina
2833 1233 3141 1304 signiﬁcant
3173 1234 3304 1288 utile
3335 1233 3400 1288 ad
3435 1234 3636 1304 aliquid
3668 1273 3682 1298 ,

2111 1331 2174 1377 ut
2217 1320 2452 1390 adjutor.
2510 1330 2807 1389 protector,
2859 1323 3172 1384 auxiliator,
3222 1328 3276 1374 et
3321 1331 3534 1376 caetera-
3565 1337 3685 1390 quae

2109 1413 2351 1482 ejusdem
2402 1413 2820 1482 signiﬁcationis
2853 1414 3240 1482 reperiuntur:
3279 1415 3331 1467 in
3386 1416 3586 1484 quibus
3640 1415 3686 1469 si

2109 1519 2235 1558 eum
2283 1505 2377 1573 qui
2427 1504 2633 1558 auxilio
2663 1503 2905 1573 indiget,
2937 1503 3120 1568 tollas,
3157 1503 3242 1558 vis
3288 1520 3410 1574 qua:
3460 1505 3527 1559 in-
3570 1507 3688 1574 ipso

2111 1596 2330 1650 nomine
2361 1597 2624 1658 cernitur,
2658 1609 2830 1650 vacua
2879 1593 3064 1649 fuerit.
3120 1593 3276 1650 Unde
3330 1595 3680 1650 manifestum

2110 1687 2361 1750 ellicitur,
2405 1686 2709 1756 posteriora
2761 1700 2884 1740 esse
2939 1687 3164 1740 nomina
3221 1687 3340 1756 ipsa
3389 1687 3690 1740 aeternitate

2116 1779 2229 1842 Dei,
2261 1787 2315 1832 et
2349 1786 2472 1848 post
2503 1777 2776 1831 hominem
2815 1785 2869 1832 et
2909 1787 3145 1832 mentem
3183 1777 3424 1832 hominis
3470 1777 3687 1831 inventa

2111 1886 2254 1936 esse,
2309 1870 2664 1940 accidereque
2699 1870 3015 1938 aliquamlo,
3052 1879 3111 1924 ut
3143 1870 3214 1923 sit
3239 1869 3356 1937 ipsa
3387 1869 3690 1924 nominatio

2111 1977 2445 2033 supervacua
2479 1965 2521 2016 si
2559 1961 2696 2016 forte
2725 1975 2827 2029 ope
2861 1960 3194 2030 indigentem
3237 1960 3418 2015 tollas.
3452 1961 3690 2026 Denique

2112 2069 2208 2117 per
2233 2053 2412 2106 omnia
2445 2053 2876 2107 demonstratum
2907 2061 3010 2114 est,
3045 2052 3500 2120 quemadmodum
3533 2067 3688 2106 mens

2111 2144 2253 2199 sicut
2300 2143 2530 2196 aliarum
2575 2158 2758 2197 rerum
2817 2142 3041 2198 nomina
3090 2142 3496 2208 adiuvenit,'sic
3523 2141 3686 2196 etiam

2110 2233 2332 2287 nomina
2373 2232 2492 2298 Dei,
2525 2249 2802 2305 aggressa,
2837 2242 2892 2288 et
2927 2233 3091 2287 veluti
3146 2233 3430 2288 materiam
3485 2235 3686 2298 naeta',

2110 2325 2198 2380 illa
2239 2325 2354 2395 ipsa
2401 2325 2592 2382 ell'eeta
2643 2335 2699 2381 et
2750 2326 3130 2392 admirabilia,
3161 2341 3282 2395 quae
3329 2327 3382 2380 in
3431 2327 3686 2380 universo

2109 2416 2543 2486 cont'emplatur',
2587 2418 2702 2474 haec
2749 2417 2897 2473 enim
2932 2418 3248 2485 insequens,
3279 2428 3332 2472 et
3361 2419 3428 2472 de
3456 2417 3566 2470 Deo
3597 2418 3686 2470 in-

2109 2512 2359 2585 quirens,
2388 2512 2612 2567 nomina
2651 2513 2930 2584 imposuit.
2963 2511 3254 2568 Declarant
3287 2513 3465 2567 hocin
3499 2513 3685 2582 primis

2109 2607 2201 2676 qui
2230 2607 2346 2659 haec
2378 2603 2614 2673 primum
2673 2603 3040 2665 invenerunt,
3081 2602 3194 2657 sive
3240 2603 3681 2676 antiquissimum

2107 2698 2395 2769 quemdam
2432 2696 2730 2758 Theuthin,
2773 2695 2889 2750 sive
2933 2695 3100 2749 alium
3153 2695 3463 2766 quempiam
3513 2669 3683 2751 fuisse

2106 2793 2312 2847 dicunt.
2337 2790 2579 2845 Gentiles
2609 2789 2873 2843 hactenus
2897 2787 3138 2851 fuerunt,
3170 2799 3224 2843 et
3253 2791 3318 2842 in.
3337 2789 3696 2858 dogmatibus-

2107 2883 2390 2951 geutilium
2427 2882 2520 2935 alti
2550 2890 2601 2935 et
2636 2879 2876 2942 educati,
2903 2881 2996 2950 qui
3033 2889 3391 2950 prmterquam
3425 2881 3476 2935 in
3499 2881 3694 2935 divino-

2106 2984 2159 3028 et
2190 2989 2355 3044 supra
2387 2982 2635 3027 naturam
2663 2973 2922 3043 mysterio
2947 2985 3148 3028 nostra:
3177 2973 3555 3036 humanitatis,
3577 2973 3679 3025 alia

2110 3067 2198 3120 Dei
2250 3066 2467 3120 nomina
2505 3065 2850 3128 invenerunt,
2885 3075 2940 3120 et
2967 3066 3367 3129 nominarunt,
3408 3066 3548 3120 sicut
3582 3080 3681 3119 nos

423 3151 756 3220 assequitur.
795 3150 932 3206 Cum
961 3152 1104 3205 enim
1137 3151 1329 3219 duplex
1368 3149 1436 3204 sit
1463 3151 1714 3220 quu‘stio,
1740 3153 1882 3220 quod
1916 3159 2069 3214 estC
2103 3159 2284 3212 hodie.
2345 3158 2448 3211 Sed
2503 3157 2627 3225 qttla
2685 3171 2846 3212 omne
2900 3174 3097 3213 nomen
3149 3167 3205 3213 et
3253 3159 3402 3213 notio
3469 3167 3683 3228 propter

426 3243 593 3304 Deus,
625 3254 680 3296 et
714 3242 842 3311 quid
877 3251 994 3305 est;
1027 3242 1157 3296 illud
1188 3243 1431 3310 quidem,
1475 3242 1524 3296 id
1566 3255 1671 3307 est,
1702 3258 1850 3306 esse,
1884 3257 2004 3294 οιιι-

427 3337 558 3389 uino
589 3337 735 3387 inter
765 3348 954 3387 omnes
989 3335 1245 3388 convenit
1279 3351 1293 3389 :
1333 3333 1462 3402 quid
1507 3351 1633 3387 vero
1665 3335 1778 3399 sit,
1812 3341 1867 3387 ct
1898 3348 2002 3402 qua

427 3436 639 3486 natura,
686 3439 794 3477 non
848 3423 1024 3494 solum
1074 3425 1252 3491 nobis,
1305 3425 1399 3479 sed
1446 3423 1652 3493 angelis
1703 3424 1865 3478 etiam
1920 3431 2006 3477 est

434 3515 613 3584 ignoto
626 3531 694 3568 Ill.

1024 3601 1254 3660 CAPUT
1309 3602 1400 3658 Vl.

689 3695 768 3750 Au
802 3697 912 3751 sint
934 3711 999 3750 ea:
1033 3698 1330 3751 aeternitate
1364 3697 1579 3750 nomina
1611 3696 1727 3751 Dei.

498 3789 733 3843 Basilius
758 3792 809 3842 in
834 3793 1077 3844 secundo
1105 3791 1244 3844 libro
1266 3788 1804 3844 Contra'Euuomium
1833 3805 1852 3844 :
1880 3788 2000 3844 Non

422 3882 568 3937 cnim
597 3921 611 3943 ,
638 3881 856 3951 inquit,
896 3893 1088 3935 natura
1124 3897 1302 3935 rerum
1344 3883 1562 3936 nomina
1592 3882 1858 3954 sequitur,
1893 3885 2002 3939 imo

423 3981 547 4044 post
577 3988 662 4028 res
697 3974 843 4043 ipsas
882 3973 1098 4027 inventa
1130 3982 1258 4027 sunt
1284 3975 1503 4029 nomina
1533 3989 1546 4026 :
1574 3975 1776 4028 etenim
1808 3975 1852 4030 si
1889 3976 1992 4031 hoc

421 4073 571 4120 esset
595 4080 922 4122 verum.nou
951 4079 1074 4120 esse
1091 4065 1310 4120 nomina
1336 4067 1496 4122 rebus
1523 4067 1840 4134 posteriora,
1864 4083 2002 4137 opus

420 4163 570 4208 esset
606 4163 664 4206 ut
694 4169 927 4222 quorum
964 4165 1094 4207 sunt
1117 4156 1316 4210 eaedem
1353 4156 1778 4233 nominationes,
1812 4175 1920 4214 una
1947 4169 2002 4216 et

423 4244 612 4298 eadem
644 4246 944 4300 substantia
972 4256 1116 4301 esset
1143 4263 1156 4300 :
1189 4261 1254 4301 ex
1291 4261 1399 4317 quo
1435 4247 1617 4314 ﬂeret,
1649 4258 1707 4303 ut
1735 4253 1862 4319 quia
1895 4251 1989 4320 qui

425 4350 552 4391 sunt
583 4339 784 4392 virtute
823 4337 1061 4408 perfecti.
1107 4341 1254 4409 digni
1297 4341 1520 4396 nomine
1555 4341 1648 4396 Dei
1701 4344 1997 4412 habentur,

422 4439 477 4482 et
501 4429 573 4482 dii
599 4431 959 4499 appellantur.
985 4445 1171 4486 essent
1204 4433 1453 4488 homines
1483 4433 1784 4500 homonoii,
1813 4437 1864 4490 id
1894 4447 1995 4503 est,

419 4521 664 4586 ejusdem
695 4523 1014 4578 snbsmntim
1042 4539 1147 4594 qua
1181 4525 1356 4589 Deus;
1391 4539 1576 4578 verum
1625 4527 1766 4582 sicut
1813 4528 2000 4583 dicere

421 4612 526 4667 hoc
573 4613 860 4668 manifesta
907 4615 1118 4670 insania
1151 4624 1252 4679 est,
1302 4615 1384 4670 sic
1432 4616 1565 4670 illud
1613 4617 1796 4674 dicere
1842 4636 2000 4690 azque

420 4705 692 4760 dementia
723 4717 826 4763 est.
857 4706 971 4763 lmo
1002 4717 1054 4762 et
1074 4708 1374 4776 Gregorius
1401 4708 1680 4778 Nyssenus
1703 4712 1846 4767 libro
1877 4730 1996 4780 xm,

418 4797 703 4868 disputans
752 4807 944 4854 contra
999 4798 1326 4854 Eunomium
1359 4817 1372 4855 :
1415 4801 1738 4869 Μίδαι-οων,
1778 4805 1956 4872 inquit
1981 4845 1997 4868 ,

420 4902 469 4944 et
502 4892 796 4946 misericors
831 4892 1106 4954 Dominus,
1145 4895 1375 4961 patiens,
1409 4905 1458 4948 et
1486 4896 1665 4951 multa:
1696 4897 1998 4950 misericor‘

421 4981 526 5036 dia:
565 4981 630 5048 ’°,
667 4984 796 5052 quid
831 4985 943 5037 ha~c
977 4982 1128 5036 aiunt
1160 4984 1507 5054 signiﬁcare?
1537 4995 1880 5051 naturamue,
1935 5001 2006 5041 an

420 5076 839 5141 operationem?
873 5089 1036 5128 nemo
1074 5090 1203 5130 sane
1242 5076 1388 5132 aliud
1434 5077 1716 5132 declarare
1765 5079 2003 5141 dixerit,

421 5175 784 5234 praeterquam
813 5167 1210 5235 Operationem.
1243 5168 1475 5233 Quando
1513 5168 1681 5236 igitur
1711 5168 2005 5224 miseratus

421 5270 506 5312 est
529 5257 814 5314 Dominus.
851 5268 906 5308 ut
945 5273 1008 5310 cx
1045 5262 1366 5325 operatione
1395 5260 1766 5316 miserationis
1797 5276 2000 5316 nomen

420 5346 683 5401 duceret?
725 5347 970 5413 nunquid
1025 5357 1154 5402 ante
1207 5348 1373 5404 vitam
1429 5349 1764 5403 humanam?
1809 5350 2005 5418 ecquis

422 5445 552 5515 tunc
580 5436 952 5492 tniscticordia
982 5438 1380 5507 indigebat?At
1414 5457 1544 5495 vero
1567 5450 1686 5509 post
1716 5453 1997 5511 peciatmn

425 5544 652 5595 prorsus
704 5528 1080 5587 misericordia
1132 5548 1268 5601 opus
1319 5533 1442 5595 fuit,
1494 5542 1776 5602 peccatum
1813 5543 1996 5587 autem

425 5623 548 5684 post
583 5615 857 5670 hominem
892 5621 1142 5686 exstitit;
1183 5632 1304 5688 post
1347 5623 1616 5680 hominem
1663 5623 1827 5693 igitur
1855 5622 2000 5678 actio

501 5790 552 5824 ⁸⁰
577 5792 718 5855 Paul.
744 5815 925 5874 chiv,
951 5804 1003 5858 8.

2108 3265 2268 3304 usum
2304 3250 2524 3315 quidem
2563 3265 2590 3300 a
2627 3249 2895 3320 principio
2930 3251 3237 3305 introducta
3285 3259 3444 3317 sunt,
3491 3251 3554 3303 ad
3586 3250 3687 3304 ali-

2106 3341 2238 3410 quid
2265 3357 2392 3396 vero
2425 3343 2760 3408 referuntur,
2800 3342 2944 3396 unde
2976 3353 3192 3410 sumpta
3225 3322 3334 3397 sint
3366 3343 3547 3397 divina
3583 3339 3683 3396 nb-

2105 3433 2274 3495 mina,
2315 3444 2368 3486 et
2401 3432 2533 3502 quid
2565 3434 2682 3504 ipsa
2716 3449 2810 3502 per
2850 3449 2909 3488 se
2940 3433 3272 3503 significent,
3317 3435 3520 3490 dictum
3556 3444 3680 3499 est;

2106 3525 2172 3580 ad
2207 3525 2335 3595 quid
2365 3536 2544 3580 autem
2578 3527 2654 3580 rei
2692 3525 2950 3594 subjectae
2983 3527 3386 3592 rcl'erantur,_et
3414 3527 3541 3597 quid
3568 3528 3686 3582 istis

2104 3618 2421 3674 nominibus
2453 3619 2533 3675 sic
2570 3619 2930 3690 signiﬁcetur,
2971 3635 3046 3674 ex,
3084 3619 3168 3674 his
3199 3635 3321 3690 qua:
3357 3629 3680 3690 sequuntur,

2103 3707 2329 3778 patebit.
3117 3701 3120 3704 ’

2703 3801 2933 3858 CAPUT
2970 3802 3084 3858 νη.

2108 3914 2262 3980 Quod
2293 3915 2426 3968 sicut
2465 3915 2646 3970 divina
2680 3926 2899 3970 nomina
2947 3933 3012 3969 ea:
3055 3915 3251 3984 e/I'ectis
3281 3926 3500 3985 sumpta
3534 3913 3688 3985 {li/fe-

2177 3987 2400 4039 rentium
2448 3988 2814 4052 operatimium
2848 3995 3242 4052 repra'sentant,
3285 3987 3360 4039 sic
3404 3983 3477 4037 ot!
3526 3983 3687 4037 Deum

2177 4055 2347 4108 relata
2377 4056 2616 4110 diversas
2676 4072 2758 4110 res
2801 4069 3179 4125 reprirsemare
3213 4072 3314 4108 non
3343 4065 3577 4124 possunt.

2178 4169 2410 4225 Basilius
2433 4169 2682 4240 Magnus,
2709 4170 2762 4223 in
2791 4169 3016 4238 epistola
3046 4170 3111 4222 ad
3140 4169 3483 4224 Eustathium
3515 4183 3528 4220 ε
3557 4167 3686 4223 Om-

2105 4272 2223 4320 nes,
2258 4259 2454 4324 inquit,
2483 4258 2732 4312 notiones
2790 4267 2842 4310 et
2875 4259 3096 4312 nomina
3121 4274 3244 4327 qua:
3275 4257 3444 4312 Deum
3469 4259 3682 4320 decent,

2105 4350 2332 4418 a'qualis
2373 4351 2514 4403 inter
2554 4365 2612 4404 se
2649 4349 2875 4403 honoris
2911 4355 3072 4411 sunt,
3108 4350 3686 4418 quatenussigniliea-

2108 4440 2253 4494 tione
2305 4419 2395 4493 rei
2435 4439 2696 4507 subjecta:
2747 4439 2878 4492 nihil
2934 4439 3242 4505 diﬂieruut;
3277 4457 3384 4494 non
3427 4440 3568 4494 enini
3615 4440 3683 4492 ad

2104 4529 2264 4584 aliam
2303 4544 2418 4583 rem
2451 4528 2753 4596 subiectam
2783 4540 3016 4589 mentem
3040 4531 3192 4584 ducit
3219 4531 3511 4600 appellatio
3536 4531 3682 4596 boni,

2093 4625 2158 4675 'et
2203 4620 2284 4688 [ad
2339 4620 2500 4673 aliam
2537 4621 2828 4689 appellatio
2876 4623 3159 4688 sapientis,
3202 4634 3257 4675 et
3307 4624 3580 4690 potentis,
3631 4630 3684 4674 et

2097 4710 2228 4778 justi
2289 4710 2469 4779 :quin
2517 4699 2697 4778 potius
2761 4726 3116 4780 quaecunque-
3163 4712 3392 4764 nomina.
3443 4711 3680 4774 dixeris,

2103 4814 2272 4852 unttm
2303 4808 2385 4853 est
2411 4798 2555 4868 quqd
2585 4799 2956 4868 signiﬁcatur,
2970 4809 3024 4852 et
3056 4800 3100 4853 si
3132 4799 3298 4853 Deum
3332 4800 3508 4865 dicas,
3531 4814 3683 4852 cum-

2103 4890 2224 4944 dcm
2259 4860 2580 4954 ostendisti,
2631 4904 2792 4959 quem
2844 4905 2940 4958 per
2989 4889 3196 4959 reliqua
3236 4892 3456 4943 nomina
3508 4897 3686 4942 mente

2103 4981 2419 5049 concepisti.
2447 4979 2531 5034 Ex
2573 4980 2662 5034 his
2701 4981 2866 5048 igitur
2898 4977 3245 5033 manifestum
3305 4978 3383 5044 lit,
3415 4979 3558 5047 quod
3593 4992 3684 5030 ca-

2103 5072 2223 5124 dem
2259 5070 2437 5124 divina
2472 5071 2715 5131 nomina,
2748 5079 2799 5124 et
2828 5070 3030 5124 emdem
3083 5070 3336 5125 notiones
3387 5079 3586 5124 nostra:
3617 5067 3684 5120 de

2105 5162 2212 5216 Deo
2242 5163 2520 5227 dicuntur,
2553 5162 2868 5230 nullamque
2894 5161 3194 5214 dilfcrentia
3217 5179 3266 5213 ιιι
3318 5163 3391 5215 rei
3425 5163 3683 5229 subjectae

2106 5256 2170 5308 ad
2210 5254 2388 5308 Dcum-
2416 5253 2588 5307 relata
2625 5260 3040 5320 repraesentant,
3073 5253 3298 5320 etquod
3327 5253 3542 5305 nomina
3587 5250 3680 5304 Dci

2108 5347 2371 5415 triplicem
2411 5345 2610 5398 habent
2639 5358 2883 5407 causam,
2916 5343 3238 5396 ellicientcm
3274 5342 3490 5419 quidem
3528 5357 3682 5394 men-

2108 5448 2218 5491 tem
2249 5437 2420 5506 ipsam
2456 5436 2782 5498 humanam;
2817 5434 3100 5487 materiam
3128 5475 3144 5500 ,
3193 5434 3280 5488 illa
3331 5434 3473 5488 unde
3524 5433 3682 5487 colli-

2105 5537 2328 5595 guutur,
2362 5525 2416 5580 id
2446 5535 2551 5593 ρει,
2581 5524 2811 5594 euecta;
2841 5524 3021 5590 linem,
3070 5525 3258 5588 Deum,
3292 5526 3357 5579 ad
3399 5540 3558 5598 quem
3594 5539 3682 5578 re-

2107 5618 2374 5672 futtlullll».
