4048 6428
307 431 420 498 797

887 543 1111 604 CAPUT
1147 549 1280 606 Vlll.

305 657 368 714 Si
399 674 504 712 non
553 670 770 726 possunt
815 660 995 715 divina
1039 665 1249 716 nomina
1283 664 1512 718 diversas
1557 683 1639 719 res
1685 668 1739 720 in
1768 666 1874 720 Deo

374 741 776 806 repraesentare,
805 731 1117 806 relinquitur
1137 745 1195 806 ut
1208 735 1373 787 solam
1389 736 1742 790 substantiam
1763 736 1877 806 ejus

373 799 667 864 declarent,
700 816 804 854 non
831 799 957 870 quid
989 812 1086 865 est,
1109 805 1197 857 sed
1229 807 1367 873 quod
1393 816 1490 859 est.

375 912 602 982 Magnus
633 913 968 970 Athanasius
1001 916 1199 973 docens
1230 917 1306 988 (a)
1350 928 1495 975 recte
1523 920 1726 976 dictum
1757 937 1878 978 esse

309 1019 338 1058 ι
384 1003 638 1060 Patribus
705 1005 921 1059 concilii
971 1006 1171 1061 Nicaini
1202 1010 1522 1065 vocabulum
1569 1012 1827 1067 Itomousii
1856 1029 1878 1068 :

307 1097 442 1152 Cum
481 1097 681 1164 inquit,
715 1096 1008 1154 audimus:
1045 1097 1153 1170 Ego
1180 1119 1332 1168 sum,
1369 1105 1460 1172 qui
1484 1120 1596 1158 sum
1626 1146 1640 1170 ,
1675 1114 1728 1160 et
1762 1123 1776 1159 :
1814 1101 1880 1158 In

306 1188 565 1258 principio
609 1190 802 1242 creavit
837 1188 976 1243 Deus
1009 1192 1188 1244 caelum
1217 1203 1265 1246 et
1301 1203 1520 1259 terram,
1553 1205 1606 1250 et
1655 1213 1668 1249 :
1711 1198 1878 1263 Audi,

311 1278 502 1345 Israel,
534 1279 790 1334 Dominus
812 1281 951 1335 Dens
979 1292 1098 1334 tuus
1129 1282 1266 1338 Dens
1291 1301 1430 1340 unus
1474 1297 1577 1350 est,
1609 1298 1664 1342 et
1701 1306 1712 1341 :
1751 1287 1882 1342 ιιωσ

307 1374 438 1426 dicit
462 1372 1066 1440 Dominus’omnipoteus
1086 1373 1148 1439 “,
1174 1375 1309 1429 nihil
1336 1376 1480 1431 aliud
1507 1393 1666 1445 quam
1707 1379 1879 1447 ipsam

311 1463 609 1530 simplicem
667 1473 720 1518 et
772 1463 1011 1524 beatam,
1061 1476 1115 1518 et
1163 1481 1281 1536 quae
1333 1467 1720 1536 comprehendi
1771 1485 1881 1524 non

314 1560 514 1620 potest,
551 1553 912 1607 substantiam
947 1553 1066 1624 ejus
1089 1555 1176 1624 qui
1210 1568 1294 1610 est
1315 1555 1688 1628 intelligimus.
1721 1558 1886 1615 Tarn-

314 1644 418 1697 etsi
449 1643 620 1712 enim,
649 1645 776 1715 quid
811 1653 914 1710 est,
946 1647 1401 1714 comprehendere
1429 1664 1534 1703 non
1571 1666 1883 1722 possumus,

316 1742 496 1789 tamen
537 1750 659 1790 cum
697 1737 968 1802 audimus,
1013 1737 1186 1806 Pater,
1213 1750 1286 1803 et,
1313 1739 1696 1812 Omnipotens,
1753 1746 1886 1801 nihil

313 1825 462 1879 aliud
495 1836 852 1896 prauerquam
896 1829 1067 1895 ipsam
1099 1829 1454 1885 substantiam
1489 1831 1622 1901 ejus,
1644 1833 1736 1900 qui
1778 1844 1882 1896 est,

312 1916 688 1985 intelligimus.
719 1917 785 1971 Et
814 1932 1006 1972 rursus
1047 1919 1186 1974 idem
1232 1921 1282 1974 in
1312 1921 1645 1992 Apotogetico
1681 1940 1776 1993 pro
1803 1941 1888 1994 sy-

313 2008 452 2060 nodo
481 2006 699 2063 Nicazna
739 2025 759 2062 :
792 2009 848 2062 Si
886 2008 1029 2063 Deus
1065 2019 1171 2074 est,
1202 2011 1396 2082 inquit,
1431 2015 1576 2069 aliud
1614 2015 1842 2084 simplex
1870 2053 1887 2079 ,

314 2107 374 2150 ut
403 2097 624 2166 quidem
657 2106 762 2160 est,
789 2113 912 2152 cum
951 2098 1190 2156 dicimus
1219 2101 1409 2167 Deum,
1446 2113 1502 2158 et
1541 2105 1887 2160 nominamus

318 2187 558 2252 Patrem,
596 2189 728 2243 nihil
771 2199 1028 2258 tanquam
1062 2192 1205 2246 circa
1235 2209 1380 2257 eum,
1414 2197 1506 2250 sed
1549 2196 1720 2265 ipsam
1752 2198 1885 2251 sub-

321 2282 576 2337 stantiam
607 2281 728 2352 eius
764 2283 1141 2354 intelligimus.
1199 2287 1261 2341 Et
1308 2286 1600 2358 Gregorius
1653 2289 1889 2346 Theolo-

320 2391 420 2444 gus
441 2375 512 2444 (ὁ)
538 2390 553 2427 :
592 2375 652 2427 '0
683 2373 779 2440 ὣν,
806 2375 858 2428 id
877 2385 980 2436 est.
1021 2377 1112 2445 qui
1138 2386 1244 2442 est,
1271 2389 1320 2432 et
1361 2379 1524 2445 Deus,
1552 2381 1723 2451 magis
1752 2397 1890 2449 quo-

318 2469 614 2526 dammodo
642 2476 769 2526 sunt
795 2470 1011 2523 nomina
1038 2470 1347 2526 substantiae
1379 2489 1393 2525 :
1425 2485 1476 2527 et
1503 2488 1568 2529 ex
1601 2475 1685 2528 his
1718 2475 1888 2543 magis

320 2563 350 2614 ὁ
378 2561 473 2615 ὢν.
511 2562 572 2616 Et
602 2576 792 2616 rursus
825 2561 965 2615 idem
997 2577 1010 2615 :
1049 2560 1239 2616 Nonne
1279 2561 1529 2632 Spiritus,
1583 2576 1635 2620 et
1659 2565 1822 2636 Ignis,
1853 2581 1886 2621 o

322 2653 517 2716 amice,
545 2662 600 2708 et
627 2652 927 2722 Sapientia,
947 2661 1000 2708 et
1031 2653 1271 2719 iustitia,
1298 2665 1352 2709 et
1373 2656 1608 2719 Mens,et
1623 2656 1884 2724 Verbum,

320 2751 376 2797 et
401 2743 518 2798 alia:
540 2742 813 2814 ejusmodi
850 2746 1251 2802 nominationes
1288 2755 1490 2802 natura:
1515 2748 1678 2803 sunt?
1698 2749 1762 2804 Et
1789 2748 1886 2804 ite-

320 2853 441 2893 rum
478 2839 620 2893 idem
670 2847 860 2896 contra
915 2836 1204 2908 Evagrium
1237 2856 1252 2894 :
1285 2839 1387 2894 Sed
1438 2841 1760 2906 nominatio,
1806 2841 1888 2896 itt-

317 2931 458 3002 quit,
493 2930 642 2985 utilis
675 2939 936 3002 est,‘quae
977 2945 1079 2986 nos
1115 2939 1338 3001 propter
1388 2933 1763 2987 necessitatem
1816 2932 1884 2986 ad

319 3024 598 3080 notionem
647 3036 835 3077 eorum
871 3037 992 3090 quae
1035 3021 1590 3093 subintelligentiam
1640 3023 1882 3088 radunt,

320 3115 494 3171 ducit.
543 3113 774 3181 Quidam
823 3129 953 3168 vero
1001 3113 1129 3168 dum
1177 3129 1365 3170 crasse
1399 3115 1689 3185 opinantur
1720 3115 1886 3171 simul

1055 436 1294 499 DECAS
1336 439 1434 501 IV.
1469 466 1538 475 —
1575 439 1673 500 DE
1716 441 2128 508 INFORMAT.
2176 445 2429 508 DIVlNI
2459 445 2820 510 NOMINIS.

3447 453 3566 516 798

1910 561 1955 614 Δ
1986 566 2236 613 naturam
2270 560 2533 616 indicant.
2572 562 2638 618 Et
2667 563 3036 617 Dantascenus
3063 559 3420 635 Theologus:
3466 565 3566 618 Di-

1979 651 2200 718 vinitas,
2231 653 2425 723 inquit,
2459 665 2712 709 naturam
2738 653 3004 716 declarat,
3034 652 3193 708 Pater
3223 664 3404 709 autem
3437 670 3560 724 per-

1978 759 2191 800 sonam.
2219 743 2296 798 Es
2329 745 2529 815 quibus
2557 745 2766 815 patefit,
2794 745 2938 812 quod
2969 760 3095 799 eum
3126 745 3357 814 theologi
3385 745 3562 814 respi-

1978 815 2131 888 ciunt
2171 836 2311 890 unde
2349 837 2564 890 nomina
2597 835 2691 890 Dei
2725 835 2886 890 nobis
2907 835 3137 890 collecta
3174 845 3342 900 sunt,
3379 835 3447 890 ab
3489 835 3560 890 iis

1979 926 2208 990 scilicet,
2250 941 2370 995 qua:
2424 927 2477 980 in
2532 928 2790 982 universo
2822 928 2958 982 mira
2991 927 3371 996 speculamur,
3403 935 3457 981 et
3490 925 3560 979 ab

1979 1015 2184 1072 effectis
2213 1016 2346 1084 ipsis
2367 1057 2386 1080 ,
2419 1019 2790 1085 operationem
2824 1027 2876 1072 et
2900 1016 3241 1072 effectionem
3271 1016 3366 1071 Dei
3401 1017 3558 1070 aiunt

1981 1115 2401 1174 repraesentare,
2432 1114 2486 1160 et
2525 1120 2630 1159 non
2667 1105 2797 1175 quid
2832 1114 2937 1170 est,
2978 1115 3033 1161 et
3079 1107 3254 1175 ipsam
3301 1107 3561 1159 substan-
3621 1146 3624 1167 λ

1982 1197 2150 1264 tiam;
2194 1206 2319 1267 post
2354 1197 2628 1279 homian
2660 1199 2806 1253 enim
2851 1198 3067 1252 iuventa
3114 1207 3242 1252 sunt
3289 1199 3558 1259 nomina;
3615 1188 3633 1261 ί

1983 1287 2093 1343 imo
2133 1305 2286 1344 mens
2328 1290 2566 1344 humana
2615 1290 2681 1343 ad
2725 1303 2883 1344 usum
2935 1303 3094 1342 suum
3131 1289 3262 1342 duce
3311 1289 3560 1350 invenit;

1985 1397 2110 1436 cum
2145 1391 2324 1437 autem
2360 1395 2556 1436 rursus
2588 1380 2778 1434 volunt
2819 1394 2916 1449 per
2947 1381 3061 1433 hac
3099 1380 3321 1433 nomina
3365 1365 3565 1433 efferre

1986 1486 2100 1524 rem
2133 1471 2516 1540 signiﬁcatam.
2541 1478 2594 1524 et
2618 1469 2684 1523 ad
2708 1467 2914 1538 aliquid
2949 1466 3260 1531 referimur,
3281 1467 3448 1521 Deum
3471 1481 3581 1534 per.

1988 1555 2102 1609 haec
2131 1555 2348 1609 nomina
2377 1555 2725 1619 invocantes,
2757 1568 2868 1609 non
2893 1555 3156 1610 dividitur
3185 1569 3272 1609 res
3298 1548 3568 1631 subjecta;

1988 1654 2048 1700 ut
2085 1646 2400 1700 dividuntur
2430 1647 2679 1702 notiones
2711 1647 2932 1717 (expers
2978 1647 3123 1701 enim
3171 1647 3366 1716 partis,
3399 1654 3451 1700 et
3483 1647 3568 1700 iu-

1988 1735 2206 1791 dividua
2222 1749 2302 1790 est
2329 1737 2633 1793 substantia
2666 1739 2782 1806 Dei)
2808 1755 2823 1804 ;
2858 1738 3064 1794 idcirco
3083 1737 3352 1792 affirmant
3383 1753 3441 1792 se
3471 1753 3572 1791 no-

1991 1826 2380 1883 minibuslstis
2425 1811 2772 1900 hanc'ipsam
2808 1829 3171 1883 substantiam
3213 1828 3305 1883 Dei
3352 1827 3568 1896 signifi-

1989 1936 2134 1986 care,
2167 1938 2275 1978 non
2319 1923 2450 1993 quid
2498 1933 2603 1985 est,
2634 1923 2726 1979 sed
2761 1922 2908 1993 quod
2937 1932 3021 1978 est
3051 1923 3227 1978 solum
3266 1937 3568 1992 repraesen-

1989 2022 2203 2077 tantes,
2233 2013 2377 2068 sicut
2404 2015 2456 2068 in
2491 2014 2614 2070 aliis
2649 2012 2966 2070 nominibus
2998 2013 3218 2072 evenire
3251 2013 3565 2067 consuevit.

1987 2105 2122 2161 Cum
2159 2106 2303 2160 enim
2335 2103 2475 2161 forte
2503 2107 2818 2176 quarrimus,
2849 2106 2992 2162 unde
3033 2121 3229 2160 nomen
3267 2104 3562 2175 ἀνθρώπου

1989 2198 2291 2252 derivatum
2329 2197 2420 2262 sit,
2454 2207 2511 2253 et
2537 2199 2668 2268 quid
2704 2213 2801 2266 per
2828 2215 2887 2254 se
2914 2198 3206 2266 significet,
3232 2198 3570 2251 affirmamus

1989 2301 2376 2360 repraesentare
2401 2291 2507 2344 vim
2531 2290 2622 2344 τοῦ
2647 2290 2761 2344 ἄνω
2790 2289 3001 2360 ἀθρεῖν,
3044 2291 3094 2344 id
3125 2299 3228 2354 est,
3254 2289 3568 2345 facultatem

1988 2382 2042 2435 itt
2079 2381 2310 2437 sublime
2343 2381 2667 2450 aspiciendi,
2701 2381 2814 2436 sive
2844 2382 3100 2450 ἁναθρεῖν
3145 2381 3181 2434 ἃ.
3222 2383 3470 2444 ὄπωπεν,
3517 2379 3571 2432 id
3607 2455 3610 2458 .
3677 2365 3690 2384 ’

1987 2477 2092 2535 est,
2125 2469 2436 2526 facultatem
2470 2469 2806 2539 recogitandi
2832 2485 2952 2539 quae
2979 2469 3212 2537 aspexit,
3249 2472 3470 2524 nomine
3498 2482 3567 2521 ex

1987 2560 2221 2630 quadam
2261 2561 2587 2631 etymologia
2627 2569 2682 2614 et
2718 2560 2934 2615 actione
2987 2559 3137 2614 circa
3181 2575 3292 2612 rem
3337 2559 3413 2612 ’ab
3471 2559 3577 2611 hu-

1987 2666 2148 2706 mana
2196 2659 2376 2706 mente
2425 2652 2755 2722 excogitato.
2786 2652 2922 2707 Cum
2955 2661 3136 2706 autem
3171 2651 3250 2707 sic
3297 2667 3410 2705 rem
3465 2654 3570 2706 ali-

1986 2758 2149 2813 quam
2201 2744 2537 2798 nominatam
2601 2744 3016 2814 significaverit,
3067 2743 3134 2798 ad
3187 2743 3562 2799 definitionem
3625 2747 3642 2763 ‘

1986 2835 2132 2906 ejus,
2163 2845 2218 2891 et
2249 2837 2381 2906 quid
2419 2846 2526 2902 est,
2559 2837 2904 2892 revertimur.
2939 2837 3096 2890 Aliud
3125 2836 3293 2907 igitur
3327 2845 3414 2892 est
3442 2837 3580 2907 quid

1987 2929 2090 2982 hoc
2119 2943 2314 2982 nomen
2349 2928 2626 2994 declaret,
2663 2936 2717 2982 et
2745 2928 2892 2983 aliud
2926 2944 3122 2984 rursus
3153 2930 3218 2983 ad
3247 2929 3376 2997 quid
3411 2930 3580 2999 perti-

1986 3029 2111 3076 neat
2141 3035 2230 3074 res
2260 3034 2288 3074 a
2323 3019 2479 3074 nobis
2513 3020 2594 3075 sic
2624 3020 2902 3075 nominata
2936 3037 2948 3072 :
2990 3037 3054 3076 ac
3089 3022 3311 3076 nomina
3339 3021 3559 3090 quidem

1987 3126 2055 3166 ex
2091 3121 2366 3166 convento
2411 3111 2488 3181 (2)
2539 3115 2759 3166 inventa
2806 3121 2934 3167 sunt
2969 3112 3355 3166 allec-tionibus
3384 3113 3582 3167 animae

321 3225 448 3266 cum
483 3207 796 3262 nominibus
831 3205 1190 3263 substantiam
1231 3207 1441 3274 dividi,
1480 3210 1775 3279 opinantur
1819 3209 1904 3264 in-
1929 3223 1972 3282 ο
2003 3203 2271 3265 ducibus:
2309 3219 2395 3259 res
2432 3218 2559 3258 vero
2609 3203 2743 3260 foris
2776 3213 3049 3274 quatenus
3081 3218 3424 3274 unaquarque
3478 3215 3563 3258 est

322 3285 638 3371 telligentiis
674 3301 813 3366 suis,
842 3314 980 3369 quas
1010 3300 1342 3370 concipiunt,
1378 3317 1498 3371 quae
1527 3311 1654 3356 sunt
1682 3303 1896 3369 penitus

319 3390 538 3461 indigna
567 3391 793 3444 divinis.
828 3388 1265 3444 Consentaneum
1313 3406 1442 3446 vero
1490 3391 1648 3446 nobis
1681 3403 1801 3455 est,
1839 3401 1898 3446 ut

320 3484 414 3553 qui
462 3483 711 3538 veritatis
762 3482 993 3538 studiosi
1041 3499 1252 3544 sumus,
1303 3474 1541 3539 sciamhs
1569 3484 1811 3538 divinam
1841 3493 1894 3538 et

325 3575 622 3643 simplicem
674 3573 767 3628 Dei
818 3573 1184 3628 substantiam
1221 3589 1342 3628 esse
1385 3575 1765 3643 impartibilem
1791 3616 1804 3640 ,
1840 3587 1894 3628 et

323 3665 486 3718 unius
514 3663 719 3718 fortuna.
753 3663 885 3718 Item
918 3663 1220 3734 Gregorius
1248 3665 1524 3734 Nyssenus
1548 3683 1562 3721 :
1590 3664 1669 3724 Si.
1698 3665 1894 3734 inquit,

329 3770 524 3809 nomen
555 3746 596 3807 D
618 3757 648 3809 'i
681 3756 755 3826 (l)
789 3770 1076 3826 personam
1130 3757 1392 3820 declarat,
1422 3773 1543 3812 cum
1577 3767 1686 3812 tres
1714 3773 1900 3828 perso-

327 3863 428 3904 nas
471 3848 721 3913 dicimus,
757 3860 866 3904 tres
901 3840 1040 3905 deos
1069 3850 1388 3905 necessario
1418 3839 1652 3906 dicimus
1693 3867 1708 3904 :
1754 3860 1810 3906 at
1855 3853 1898 3906 si

237 3947 259 3967 ‘
328 3954 526 3994 nomen
559 3939 651 3993 Dei
684 3940 1047 3996 substantiam
1081 3941 1396 4011 significat,
1421 3958 1544 3998 cum
1575 3942 1902 3998 confitemur

325 4046 489 4086 unam
527 4033 882 4087 substantiam
916 4042 1118 4089 sancta:
1147 4032 1456 4099 Trinitatis,
1506 4049 1676 4089 unum
1724 4033 1894 4089 Deum

324 4130 691 4177 consentanee
714 4133 968 4193 putamus
1001 4140 1014 4177 :
1056 4123 1326 4192 siquidem
1359 4138 1553 4178 nomen
1591 4124 1702 4190 Dei,
1738 4125 1902 4180 unius

323 4212 646 4268 substantia:
683 4229 878 4268 nomen
909 4222 1012 4269 est.
1047 4213 1125 4267 Ac
1153 4228 1383 4286 magnus
1415 4213 1577 4268 etiam
1618 4213 1854 4268 Basilius
1885 4232 1900 4268 :

323 4304 378 4359 Si
409 4320 558 4369 vero,
591 4305 786 4372 inquit,
821 4305 1181 4360 substantiam
1218 4305 1308 4359 Dei
1345 4305 1526 4360 lumen
1560 4321 1683 4361 esse
1709 4307 1902 4360 statui-

325 4410 472 4461 mus,
510 4405 604 4449 aut
631 4396 820 4462 vitam,
866 4406 959 4451 aut
988 4398 1189 4451 bonum
1223 4405 1420 4464 totum,
1452 4397 1506 4453 id
1540 4408 1643 4464 est,
1671 4413 1794 4452 cum
1832 4396 1903 4452 sit

325 4487 454 4550 vita,
485 4495 658 4542 totum
693 4487 871 4543 lumen
903 4498 1007 4553 est,
1034 4498 1088 4542 et
1123 4498 1292 4543 totum
1327 4491 1553 4555 bonum,
1586 4494 1695 4544 vita
1717 4501 1899 4544 autem

1999 3298 2352 3354 exstiterunt.
2400 3296 2792 3353 Consentanee
2843 3299 3011 3364 igitur
3061 3298 3115 3360 in
3167 3297 3316 3352 omni
3364 3296 3584 3351 nomine

1999 3390 2324 3459 qumrimus,
2360 3391 2486 3458 quis
2515 3390 2727 3455 primus
2759 3391 3002 3457 invenit,
3036 3399 3092 3445 et
3121 3391 3263 3445 unde
3304 3405 3455 3443 mens
3485 3388 3586 3443 ho-

2001 3481 2169 3538 minis
2197 3482 2329 3536 illud
2356 3483 2566 3551 accepit
2607 3500 2622 3536 :
2655 3491 2710 3538 et
2739 3483 2804 3537 ad
2842 3498 3008 3552 quam
3063 3499 3173 3538 rem
3224 3497 3413 3536 earum
3463 3496 3585 3551 quae

1999 3583 2151 3629 extra
2187 3585 2334 3639 sunt,
2364 3589 2460 3644 per
2489 3573 2708 3628 nomina
2737 3575 3081 3630 adducimur.

2598 3707 2824 3765 CAPUT
2857 3708 2918 3764 ΙΧ
2933 3749 2947 3764 .

2005 3825 2160 3890 Quod
2190 3825 2406 3878 nomina
2443 3825 2623 3877 divina
2687 3824 2755 3875 ad
2823 3839 2930 3877 rem
2975 3823 3168 3890 ipsum,
3229 3822 3324 3876 Dei
3382 3821 3588 3876 scilicet

2074 3896 2434 3949 substantiam
2470 3894 2658 3957 relata,
2693 3895 2903 3963 proprie
2943 3895 3114 3962 ipsam
3143 3893 3470 3963 signiﬁcant,
3530 3900 3586 3944 et

2073 3982 2175 4018 non
2203 3980 2291 4028 per
2329 3963 2684 4016 abusionem:
2744 3973 2792 4016 et
2843 3965 2981 4031 quod
3035 3979 3129 4031 per
3181 3972 3586 4030 unumquodque

2074 4035 2258 4088 horum
2292 4035 2559 4105 nominant
2591 4032 2936 4105 Trinitatem,
2961 4050 3077 4105 qua:
3099 4049 3260 4103 supra
3283 4049 3441 4104 quam
3467 4032 3591 4086 sub-

2079 4105 2277 4158 stantia
2324 4113 2422 4168 est,
2490 4102 2848 4158 declaramus.

2077 4215 2310 4271 Sanctus
2341 4213 2578 4286 Cyrillus
2619 4215 2671 4269 in
2712 4213 2996 4271 Thesauri:
3051 4214 3122 4287 (ε)
3175 4216 3297 4270 ait:
3354 4213 3592 4284 Oporte-

2004 4309 2096 4363 bat
2121 4316 2323 4372 tacere,
2359 4315 2414 4361 et
2443 4307 2579 4360 nihil
2604 4312 2670 4361 ad
2729 4308 2959 4362 istorum
3024 4307 3098 4362 ita
3157 4307 3363 4362 fatuam
3420 4322 3590 4376 argu-

2003 4399 2396 4456 mentationem
2433 4398 2782 4468 respondere.
2823 4399 2886 4452 Et
2920 4398 3082 4468 paulo
3130 4408 3251 4468 post
3287 4416 3302 4453 :
3335 4397 3516 4466 Quare
3543 4397 3590 4452 si

2006 4491 2130 4560 quis
2159 4490 2433 4546 hominem
2477 4489 2801 4552 nominavit,
2823 4490 2951 4557 quia
2994 4491 3157 4544 homo
3187 4505 3295 4543 non
3345 4499 3430 4544 est
3487 4492 3592 4543 hoc

326 4592 670 4648 consequens
719 4579 882 4634 habet
930 4580 1232 4648 ingenitum
1287 4599 1300 4635 :
1347 4583 1622 4650 quotnodo
1675 4599 1782 4637 non
1821 4591 1908 4638 est
1937 4557 2232 4636 Domnino
2263 4594 2485 4643 nomen,
2521 4577 2667 4648 quod
2726 4580 3003 4634 hominem
3053 4580 3344 4649 significat,
3400 4588 3460 4632 ut
3501 4579 3592 4633 isti

326 4682 521 4736 expers
549 4666 990 4734 compositionis,
1034 4668 1127 4735 qui
1164 4679 1248 4722 est
1298 4670 1599 4724 secundum
1649 4672 1906 4726 substan-

328 4760 457 4813 tiam
511 4759 780 4828 simples‘t
827 4758 972 4814 ldem
1025 4759 1241 4813 etiam:
1277 4757 1506 4815 Nomina
1557 4763 1737 4834 magni
1775 4764 1902 4825 Dei,

398 4901 438 4933 ⁸¹
470 4899 639 4955 Exod.
668 4915 750 4967 tu;
784 4899 922 4956 Gen.
956 4915 1004 4967 ις
1057 4899 1211 4954 Deut.
1238 4914 1313 4955 vt.

2011 4683 2487 4744 argumentantur,
2515 4672 2779 4743 intelligat
2822 4673 2986 4742 igitur
3015 4670 3161 4725 aliud
3201 4671 3354 4740 quid,
3389 4681 3441 4724 et
3484 4687 3592 4738 non

2018 4769 2123 4822 hoc
2154 4768 2394 4836 penitus,
2429 4764 2575 4834 quod
2611 4779 2818 4827 nomen
2859 4763 3171 4836 significat:
3203 4772 3258 4819 at
3287 4765 3332 4820 si
3382 4763 3486 4819 hoc
3509 4765 3595 4818 itt-

1613 5019 1861 5082 Scholia
1893 5021 1958 5082 S.
1991 5021 2271 5082 Thomas.

389 5120 478 5202 .(l)
511 5119 635 5204 llaec
674 5139 775 5204 rex
799 5167 813 5189 ,
850 5126 1011 5204 Deus,
1045 5128 1187 5204 sicut
1219 5128 1462 5184 continet
1494 5143 1778 5204 personas,
1801 5129 1897 5204 sic

326 5196 494 5271 etiam
547 5196 823 5271 significat
861 5208 916 5251 et
955 5200 1199 5271 declarat
1249 5196 1529 5266 personas,
1579 5209 1633 5252 et
1676 5202 1744 5254 de
1801 5199 1907 5252 illis

329 5261 700 5337 prtedicatur:
734 5266 828 5337 sed
874 5268 1004 5336 quia
1058 5286 1165 5322 non
1217 5261 1394 5322 solum
1436 5261 1678 5322 deelarat
1710 5283 1903 5337 perso-

329 5345 480 5407 nam,
532 5332 626 5407 sed
676 5333 836 5407 etiam
883 5332 1044 5390 tinam
1093 5349 1342 5392 naturam
1390 5332 1739 5392 communem
1799 5353 1902 5392 non

332 5401 664 5469 cogitatione
687 5404 966 5477 _so|a,_rsed
1001 5422 1077 5469 re,
1109 5408 1312 5462 idcirco
1339 5410 1432 5477 qui
1476 5409 1606 5461 dicit
1639 5419 1749 5461 tres
1782 5423 1904 5475 per-

328 5483 519 5545 sonas,
541 5485 645 5545 neu
668 5473 944 5527 dicitdicit
975 5485 1083 5530 tres
1111 5479 1242 5531 deos
1262 5473 1425 5543 (sicut
1457 5477 1549 5545 qui
1579 5487 1690 5530 tres
1725 5473 1902 5530 homi-

332 5539 457 5613 nes)_
479 5541 778 5613 sedunum
805 5559 818 5613 ξ
850 5545 1022 5599 deitas
1058 5561 1184 5600 vero
1215 5539 1315 5600 etsi
1344 5539 1585 5601 continet
1613 5561 1897 5613 personas,

328 5620 386 5664 et
429 5611 496 5664 de
541 5610 648 5664 illis
676 5611 1005 5680 praedicatur
1047 5617 1350 5671 secundum
1395 5633 1534 5677 rem,
1568 5610 1899 5686 tamenquia

404 5750 480 5822 (a)
510 5749 568 5822 ln
601 5748 760 5819 epist.
793 5752 854 5805 de
881 5756 1099 5822 synodis
1127 5756 1352 5810 Arimini
1382 5767 1437 5810 et
1462 5756 1742 5812 Seleucia.

402 5819 482 5890 (a)
511 5820 568 5874 lu
600 5822 840 5876 secunda
874 5819 1117 5879 oratione
1154 5829 1218 5879 de
1243 5825 1561 5896 Theologta.

2011 5129 2310 5183 secundum
2365 5125 2583 5178 modum
2625 5139 2969 5180 communem
3011 5124 3375 5194 significandi.
3435 5136 3606 5192 natu:

2011 5213 2129 5251 ram
2159 5197 2279 5250 sine
2307 5196 2732 5267 proprietatibus
2763 5189 3118 5267 hypost:tticis
3149 5197 3447 5267 significat,
3484 5212 3593 5250 non

2009 5264 2336 5336 praedicatur
2376 5268 2593 5333 proprie
2642 5265 2710 5318 de
2758 5264 3026 5336 personis.
3061 5264 3221 5320 Pater
3256 5265 3400 5319 enim
3453 5267 3594 5317 divi-

2010 5335 2183 5391 nitate
2235 5345 2290 5389 et
2321 5335 2648 5404 paternitate
2678 5345 2938 5403 tanquam
2970 5335 3142 5389 forma
3177 5348 3230 5390 et
3265 5336 3594 5402 proprietate

2009 5403 2386 5476 hypostatica
2410 5403 2570 5476 Pater
2602 5414 2726 5476 est;
2761 5405 3096 5476 etrsimilitcr
3131 5406 3184 5459 in
3219 5404 3462 5476 reliquis.
3507 5465 3558 5476 ά

2081 5471 2156 5547 (2)
2192 5475 2305 5530 lloc
2338 5475 2490 5538 dicit,
2524 5475 2648 5542 quia
2685 5475 2910 5547 nomina
2941 5489 3007 5530 ex
3039 5471 3352 5531 constituto
3376 5471 3591 5547 signiﬁ-

2004 5542 2175 5600 cant:
2207 5554 2260 5597 et
2302 5560 2364 5598 ea
2398 5560 2518 5616 tunc
2553 5553 2681 5597 sunt
2712 5545 2765 5598 in
2794 5560 2950 5612 voce,
2989 5547 3144 5616 signa
3179 5553 3308 5601 sunt
3338 5542 3590 5598 affectio-

2005 5631 2133 5670 uum
2165 5630 2284 5684 qua:
2317 5617 2369 5668 in
2405 5614 2588 5668 anima
2629 5625 2780 5671 sunt.
3049 5614 3065 5616 ⁷
3273 5662 3302 5672 ς

2089 5757 2159 5810 Icl
2188 5756 2312 5814 Lib.
2339 5772 2434 5813 vn.
2467 5771 2585 5824 cap.
2619 5757 2675 5811 2.
