4048 6428
439 340 553 406 803

1591 336 1917 399 JOANNIS
1946 323 2512 416 crpanissmm

3599 327 3706 393 805

456 471 509 515 et
540 460 1044 525 immutabilem,‘ut
1078 458 1330 524 salutem,
1360 466 1420 512 ut
1453 456 1746 527 Justitiam,
1798 464 1858 510 ut
1906 468 2032 509 san-
2059 452 2109 513 Λ
2135 445 2314 503 torum
2351 447 2636 501 nominum
2673 443 2905 501 etllcitur
2935 441 3115 509 nobis,
3146 451 3201 499 et
3234 457 3356 526 eum
3377 457 3484 499 non
3519 457 3705 514 paucis

449 551 860 617 ctillcationem,
908 561 968 607 ut
1011 551 1468 620 redemptionem,
1545 557 1606 602 ut
1653 545 2024 616 magnitudine

453 641 640 694 omnia
670 650 1019 711 superantem
1043 658 1058 706 ;
1086 649 1142 694 et
1165 651 1226 694 ut
1255 639 1308 692 in
1339 654 1471 692 aura
1502 637 1672 692 tenui.
1691 635 1854 705 Atqui
1885 645 1938 688 et
1967 633 2023 687 in

451 731 727 786 mentibus
758 747 881 785 eum
912 746 1032 786 esse
1062 732 1269 793 dicunt,
1293 745 1353 785 et
1389 731 1443 784 in
1472 729 1673 784 animis
1699 745 1718 796 ;
1745 737 1799 782 et
1822 742 2015 796 corpo-

450 821 624 886 ribus,
652 830 705 876 et
733 823 786 876 in
823 822 984 885 cmlo,
1021 831 1075 876 et
1107 821 1159 875 in
1185 831 1354 886 terra,
1381 830 1436 875 et
1477 821 1640 876 simul
1709 822 1764 875 in
1823 819 2016 874 eodem

447 911 724 975 eumdem,
762 912 818 966 in
847 913 1069 974 mundo,
1101 913 1246 967 circa
1285 912 1576 976 mundum,
1631 926 1795 979 supra
1858 927 2020 964 mun-

435 1001 587 1065 dum,
637 1017 804 1069 supra
867 1001 1091 1066 caelum,
1148 1016 1313 1070 supra
1379 1001 1765 1065 substantiam,
1817 999 2014 1063 solem,

434 1091 668 1167 stellam,
707 1094 910 1163 ignem,
945 1108 1170 1163 aquam,
1201 1093 1484 1162 spiritum,
1519 1108 1727 1158 rorem,
1786 1092 2010 1155 nubem,

431 1194 529 1249 per
558 1195 616 1236 se
658 1183 914 1251 lapidem,
942 1193 1175 1252 petram,
1208 1184 1392 1238 omnia
1424 1198 1544 1252 qua:
1579 1193 1730 1247 sunt,
1762 1194 1816 1236 et
1877 1182 2013 1236 nihil

428 1284 620 1323 eorum
652 1287 773 1341 qua:
803 1279 956 1326 sunt.
988 1270 1080 1326 Sic
1111 1272 1274 1342 igitur
1295 1272 1344 1325 ei
1373 1271 1466 1341 qui
1522 1270 1765 1324 omnium
1822 1285 2008 1324 rerum

426 1371 718 1429 causaest,
747 1371 802 1416 et
831 1377 999 1434 supra
1021 1363 1228 1426 omnia,
1255 1362 1510 1431 congruit
1535 1376 1724 1416 carere
1749 1359 2007 1427 nomine;

425 1463 478 1505 et
508 1463 819 1521 congruunt
849 1469 1041 1510 rursus
1065 1455 1247 1508 omnia
1272 1469 1455 1508 rerum
1487 1455 1730 1507 omnium
1763 1455 2003 1521 nomina,

426 1551 486 1596 ut
518 1545 591 1597 sit
650 1543 890 1613 perfecte
957 1561 1186 1614 regnum
1240 1545 1617 1600 universitatis
1685 1559 1888 1609 rerum,
1951 1554 2003 1600 et

424 1633 570 1688 circa
597 1633 774 1702 ipsqu
807 1635 918 1690 sint
947 1635 1152 1698 omnia,
1185 1652 1248 1690 ex
1283 1636 1399 1705 ipso
1432 1646 1689 1706 tanquam
1717 1651 1782 1690 ex
1815 1651 2002 1702 causa,

424 1724 722 1794 principio,
755 1733 811 1779 et
838 1726 942 1779 ﬁne
982 1736 1175 1780 cuncta
1219 1727 1510 1794 pendeant,
1541 1734 1597 1780 et
1625 1726 1739 1794 ipse
1797 1726 1892 1794 sit,
1943 1735 2002 1781 ut

2127 537 2444 593 nominibus
2475 538 2795 592 invocamus
2826 554 2844 602 ;
2876 535 3072 591 deinde
3095 535 3314 603 cognito
3358 550 3550 590 rursus
3605 549 3706 590 no-

2123 640 2241 685 stro
2284 645 2388 683 usu
2419 628 2702 695 multiplici
2745 637 2802 681 et
2859 628 3016 681 vario
3059 626 3373 680 nominandi
3425 623 3612 691 Deum,
3647 635 3702 681 et

2124 734 2383 776 concessa
2411 719 2763 772 multitudine
2799 718 3106 782 nominum,
3135 715 3205 771 ad
3261 727 3476 771 sextum
3534 725 3699 785 caput

2121 811 2467 870 deducimur,
2506 821 2700 862 rursus
2756 807 3093 870 dubitantes,
3146 821 3214 860 an
3273 819 3340 860 ex
3399 805 3700 860 aeternitate

2118 902 2344 956 nomina
2374 901 2484 955 Deo
2513 900 2829 952 tribuantur
2857 915 2873 964 ;
2909 909 3204 968 postquam
3235 913 3364 952 vero
3384 897 3696 952 audivimus

2117 1004 2239 1064 post
2271 1008 2358 1047 res
2383 991 2531 1060 ipsas
2567 990 2782 1045 inventa
2820 1005 2943 1044 esse
2976 991 3226 1052 nomina,
3254 1000 3308 1044 et
3339 999 3461 1060 post
3516 989 3696 1043 homi-

2114 1100 2236 1140 nem
2271 1085 2524 1153 imposita
2556 1081 2751 1146 fuisse,
2785 1084 2851 1136 ad
2882 1084 3364 1152 contemplandum
3397 1099 3517 1153 qua:
3555 1092 3688 1137 sunt

2115 1180 2335 1249 septimi
2368 1179 2589 1248 capitis,
2635 1178 3023 1243 occurrimus;
3084 1177 3229 1247 quod
3295 1177 3508 1232 scilicet
3549 1178 3692 1233 sicut

2115 1271 2379 1323 varietate
2421 1267 2704 1322 nominum
2735 1267 3048 1321 varietatem
3080 1266 3456 1334 Oper-alienum
3491 1281 3690 1335 repue-

2108 1369 2396 1416 sentainus
2438 1376 2452 1412 :
2501 1358 2580 1413 sic
2614 1357 2929 1411 nominibus
2960 1357 3127 1410 variis
3173 1358 3238 1411 ad
3279 1357 3446 1411 Deum
3503 1357 3688 1411 relatis

2107 1468 2211 1506 non
2251 1440 2543 1522 possumus
2572 1453 2891 1507 varietatem
2921 1465 3105 1506 rerum
3181 1452 3549 1522 subjectaruiu
3603 1451 3688 1503 in-

2105 1545 2380 1616 telligere;
2417 1555 2650 1600 ostenso
2670 1554 2851 1600 autem
2910 1545 3079 1598 multa
3111 1543 3217 1597 dici
3276 1544 3343 1598 de
3402 1557 3510 1596 uno
3556 1543 3688 1596 sub-

2098 1635 2274 1706 jecto,
2305 1636 2617 1690 necessario
2660 1634 2994 1703 sequebatur
3049 1644 3302 1688 octavqu
3357 1643 3537 1703 caput,
3571 1648 3684 1687 non

2105 1740 2227 1781 esse
2263 1725 2476 1780 scilicet
2507 1726 2656 1780 aliud
2689 1725 3001 1794 subjectum
3036 1723 3088 1776 in
3142 1724 3271 1788 Deo,
3299 1725 3404 1778 nisi
3440 1723 3678 1776 divinant

424 1791 501 1868 ait
533 1791 816 1879 Scriptura
845 1817 910 1879 ³⁸,
940 1818 1121 1870 omnia
1154 1791 1513 1871 iii—omnibus.
1549 1817 1625 1871 Ex
1646 1791 1659 1794 1
1681 1817 1768 1872 his
1829 1791 1998 1886 igitur
2027 1791 2076 1852 B
2102 1827 2156 1874 et
2191 1813 2404 1872 beatam
2427 1791 2940 1884 substantiam'ejus
2967 1857 2983 1880 ,
3015 1831 3179 1884 quam
3213 1830 3358 1869 nono
3381 1815 3501 1869 loco
3557 1830 3684 1883 pro-

422 1905 765 1960 manit‘estnm
793 1906 870 1970 tit,
903 1922 1025 1962 esse
1059 1909 1236 1975 ipsum
1267 1923 1431 1961 unum
1469 1905 1635 1960 Deum
1661 1915 1774 1960 tum
1797 1907 2001 1962 nullius

419 1996 680 2062 nominis,
736 2006 851 2050 tum
900 1999 1231 2064 multorum;
1289 1998 1496 2052 nullius
1527 1997 1775 2067 quidem,
1822 1997 1999 2064 quoad

417 2085 546 2154 quid
578 2098 685 2149 est,
722 2087 1022 2142 multorqu
1047 2099 1485 2158 vero,quatenns
1516 2104 1583 2143 ex
1607 2089 1672 2143 iis
1698 2104 1819 2158 qua:
1845 2087 1993 2153 fecit,

415 2179 678 2246 probatur
716 2194 875 2242 esse;
902 2195 1009 2232 non
1042 2180 1319 2248 discrepat
1354 2178 1500 2248 quod
1529 2193 1592 2231 ex
1633 2177 1993 2232 demonstra-

413 2271 484 2323 tis
515 2270 764 2338 sequitur
813 2287 827 2325 :
858 2286 1048 2326 verum
1074 2273 1220 2326 enim
1248 2281 1334 2327 est
1363 2272 1520 2342 quod
1563 2271 1796 2327 humana
1843 2288 1996 2328 mens

411 2361 636 2412 nomina
666 2360 757 2416 llei
819 2363 1124 2427 adinvenit,
1173 2375 1328 2418 utens
1375 2365 1492 2417 vice
1543 2365 1781 2418 materiae
1831 2365 1994 2420 rebus

410 2449 736 2521 uiiris,quas
767 2453 821 2507 iu
849 2455 1107 2509 universo
1129 2456 1440 2524 speculatur
1467 2456 1938 2524 etcontemplatnr
1964 2461 1988 2523 ';

364 2579 372 2585 .
407 2549 464 2593 et
491 2540 696 2596 idcirco
728 2543 794 2596 ad
829 2557 996 2598 unam
1033 2561 1146 2598 rem
1180 2545 1504 2615 subjectam,
1556 2546 1621 2599 ad
1664 2545 1842 2614 ipsum
1885 2549 1991 2602 sci-

407 2631 535 2686 licet
562 2633 730 2688 Deum
758 2649 817 2690 se
843 2635 956 2704 ipsa
988 2635 1287 2702 deducens,
1319 2637 1382 2689 ad
1410 2636 1850 2691 informationem
1869 2637 1988 2705 ejus

405 2725 484 2777 rei
523 2740 685 2793 quam
723 2727 944 2794 quaerit,
982 2737 1297 2781 revocatur.
1322 2727 1390 2784 Ut
1423 2729 1714 2796 igiturhzec
1744 2743 1987 2783 sumina-

405 2820 504 2868 tim
540 2824 871 2884 repetamus,
912 2827 967 2872 et
1034 2819 1340 2873 secundum
1367 2819 1764 2888 expositionem
1818 2830 1984 2873 mate-

402 2907 606 2961 riarum
638 2915 1021 2973 retractemus,
1082 2911 1316 2977 primum
1379 2911 1812 2966 demonstratum
1874 2919 1981 2976 est,

401 2998 860 3067 quemadmodum
892 3015 1050 3054 mens
1084 3002 1320 3056 hominis
1348 3001 1568 3056 nomina
1611 3002 1704 3056 Dei
1758 3002 1981 3072 excogi-

2104 1911 2221 1979 prie
2276 1909 2548 1964 nominari
2603 1909 2934 1973 didicimus,
2985 1922 3094 1961 nou
3151 1906 3282 1977 quid
3312 1915 3414 1969 est,
3467 1908 3680 1961 curiose

2102 2001 2464 2070 inquirentes,
2499 2000 2592 2054 sed
2653 2000 2915 2070 quodest
2974 2008 3178 2052 tantum
3215 2015 3230 2062 ;
3261 1998 3326 2052 ad
3393 1998 3681 2067 imponen-

2099 2092 2227 2147 dum
2261 2092 2420 2145 tinem
2449 2090 2636 2145 decadi
2676 2090 3007 2157 sequebatur
3054 2089 3320 2143 decimum
3375 2098 3554 2158 caput,
3620 2088 3674 2141 in

2097 2173 2208 2249 quo
2247 2181 2561 2234 conclusum
2599 2189 2682 2234 est
2725 2195 2790 2233 ex
2850 2179 3262 2244 demonstratis,
3312 2180 3560 2234 eumdem
3621 2186 3674 2231 et

2100 2287 2268 2326 unum
2309 2270 2476 2325 Deum
2519 2285 2707 2325 carere
2758 2270 2918 2325 nobis
2963 2271 3205 2333 nomine,
3241 2278 3297 2324 et
3336 2285 3457 2325 esse
3517 2269 3672 2324 nobis

2100 2360 2401 2413 multorum
2436 2359 2716 2414 nominum
2750 2376 2764 2412 :
2805 2360 2929 2412 illud
2953 2360 3199 2427 quidem,
3229 2353 3281 2414 id
3330 2370 3434 2424 est,
3485 2375 3671 2414 carere

2098 2466 2327 2521 prorsus
2356 2451 2598 2513 nomine,
2629 2459 2898 2519 quatenus
2930 2451 3058 2518 quid
3093 2461 3198 2515 est,
3227 2452 3327 2504 hoc
3359 2465 3507 2514 vero,
3539 2464 3670 2519 qna-

2095 2551 2256 2596 tenus
2281 2541 2456 2594 solum
2483 2549 2600 2604 est;
2627 2541 2708 2593 sic
2736 2541 2882 2594 enim
2911 2541 3136 2595 inﬁnitis
3161 2542 3476 2596 nominibus
3505 2556 3569 2595 ex
3601 2540 3669 2596 iis

2089 2648 2210 2701 quae
2238 2633 2514 2702 produxit,
2567 2632 2896 2701 appellatur.
2925 2631 3067 2686 Nihil
3102 2633 3284 2701 itaque
3320 2649 3508 2688 eorum
3546 2648 3667 2701 qua:

2089 2727 2230 2778 scire
2257 2724 2344 2778 hic
2368 2738 2507 2791 Opus
2532 2734 2672 2787 erat,
2707 2723 2942 2793 theologi
2999 2725 3339 2793 reliquerunt.
3367 2743 3380 2779 :
3415 2735 3664 2792 recteque

2086 2811 2344 2881 inscripta
2371 2819 2452 2866 est
2475 2813 2654 2876 decas,
2683 2809 2755 2864 De
2780 2810 3166 2866 informatione
3195 2813 3362 2867 divini
3395 2816 3660 2878 nominis;

2085 2905 2360 2958 noncnim
2395 2907 2763 2972 proprietates
2802 2903 3112 2957 divinorum
3176 2906 3459 2958 nominum
3522 2920 3660 2957 enu-

2091 2999 2387 3051 nterautes,
2411 2989 2776 3043 materiariatn
2805 2989 3201 3058 expositionem
3235 3005 3421 3044 earum
3459 3007 3486 3043 a
3514 2993 3663 3046 theoc

403 3087 584 3142 tavit:
609 3096 664 3142 et
693 3088 763 3142 ob
796 3089 933 3142 hanc
965 3105 1188 3145 causam
1215 3096 1218 3099 ’
1245 3092 1358 3146 haec
1406 3093 1473 3146 de
1525 3094 1842 3146 nominibus
1884 3093 1975 3147 Dei
2007 3122 2051 3180 ε
2108 3083 2536 3180 logistradilam
2578 3081 2980 3180 ὀτάἱιιειικὶηιυε
3011 3101 3025 3148 ;
3059 3084 3300 3180 dicemus
3334 3086 3476 3180 enim
3505 3085 3660 3138 dein-

403 3179 656 3232 tractatio
680 3179 844 3247 νοητή
881 3189 1130 3246 vocatur,
1181 3181 1232 3235 id
1284 3191 1386 3247 est,
1441 3183 1508 3236 ad
1565 3183 1977 3252 intelligentiam

400 3267 723 3337 pertinens;
774 3271 1035 3336 secundo,
1067 3273 1498 3327 demonstratum
1550 3281 1633 3327 est
1687 3273 1852 3328 Deum
1908 3277 1977 3329 ah

400 3355 606 3409 en‘cctis
641 3357 891 3410 laudari:
925 3359 1107 3426 tertio,
1144 3377 1265 3429 quae
1299 3373 1426 3416 sunt
1487 3341 1698 3427 eii'ecta,
1757 3371 1812 3417 et
1858 3380 1979 3432 qua:

397 3457 590 3498 earum
627 3448 850 3499 materia
876 3460 896 3498 :
923 3459 1116 3515 postea
1149 3453 1516 3519 quaerebatur,
1544 3456 1818 3522 quomodo
1835 3454 1974 3511 Deus

397 3535 467 3588 ab
495 3533 699 3591 eﬂectis
739 3542 1077 3606 nominatur,
1111 3552 1167 3596 et
1199 3559 1305 3597 non
1330 3545 1485 3598 abiis
1536 3561 1654 3614 quae
1693 3557 1824 3600 sunt
1875 3562 1973 3600 na-

392 3633 529 3680 tura:
581 3626 739 3695 ejus:
770 3631 869 3684 hac
907 3640 1088 3687 autem
1139 3633 1479 3690 dubitatione
1544 3637 1740 3702 soluta,
1779 3639 1970 3708 quinto

390 3717 567 3785 capite
595 3720 826 3788 quimstio
853 3736 918 3775 ac
963 3721 1236 3778 dubitatio
1275 3735 1415 3790 erat,
1440 3742 1608 3796 quare
1629 3727 1772 3783 Deus
1833 3731 1971 3785 mul-

462 3881 508 3911 ’°
543 3879 712 3936 lCor.
740 3896 863 3944 xui,
898 3882 990 3939 ‘28.

2082 3187 2209 3242 ceps
2241 3172 2307 3226 de
2328 3173 2407 3226 eis
2443 3171 2680 3224 breviter
2699 3179 2754 3223 et
2775 3180 3059 3225 contracto
3117 3173 3296 3240 quoad
3356 3173 3470 3227 ﬁeri
3502 3183 3657 3242 pote-

2082 3268 2174 3322 rit.
2202 3266 2348 3332 Quot
2376 3275 2557 3319 autem
2582 3265 2758 3319 modis
2803 3264 3050 3318 divinum
3105 3279 3301 3318 nomen
3367 3273 3650 3331 tractatur,

2081 3358 2336 3428 superius
2363 3358 2724 3422 ostendimus,
2755 3355 3037 3424 tripliciter
3088 3369 3183 3409 eos
3221 3357 3427 3424 partiti,
3484 3355 3652 3408 intor-

2081 3451 2376 3505 mationem
2411 3450 2715 3513 nominum,
2745 3457 2800 3502 et
2830 3449 2974 3502 unde
3004 3457 3217 3516 sumpta
3270 3457 3419 3512 sunt,
3480 3455 3534 3502 et
3579 3445 3644 3500 ad

2079 3541 2209 3612 quid
2231 3542 2332 3598 ista
2362 3541 2580 3595 nemina
2607 3555 2707 3594 nos
2753 3540 3025 3593 adducant
3074 3548 3128 3592 et
3180 3540 3502 3608 perﬁciant;
3542 3552 3645 3590 ca:-

2077 3625 2194 3688 tera
2223 3633 2324 3687 alia
2369 3633 2774 3687 acconnnodate
2809 3631 2874 3684 ad
2937 3631 3038 3686 ista
3085 3646 3208 3700 quae
3246 3631 3643 3700 quaerebamus,

2081 3726 2416 3781 inciderunt.

1901 3979 2174 4044 Schoha.

389 4119 621 4198 stitiam,
652 4137 706 4180 ut
737 4129 1230 4198 sanctiﬁcationem,
1255 4137 1310 4181 ut
1347 4129 1775 4197 redemptionem.
1803 4129 1964 4185 lCor.

385 4210 421 4248 ι.
464 4193 528 4267 Ut
555 4193 921 4264 magnitudine.
941 4201 1117 4251 omnia
1150 4213 1504 4267 superantem.
1526 4193 1682 4254 'l’sal.
1718 4214 1862 4254 χειν.
1895 4199 1964 4251 Et

383 4275 442 4316 ut
475 4265 528 4316 in
556 4283 690 4319 aura
716 4272 881 4329 tenui.
908 4268 974 4321 Ill
1019 4269 1148 4337 Reg.
1178 4265 1292 4321 xix.
1334 4271 1494 4334 Atqui
1522 4279 1571 4320 et
1613 4269 1666 4320 iu
1700 4271 1962 4321 mentibus

384 4350 512 4406 ςιιιιι
529 4351 640 4389 esse
685 4337 894 4390 dicunt.
925 4337 1128 4406 liphcs.
1165 4352 1246 4391 ιιι.
1283 4340 1487 4390 nentes
1517 4338 1662 4390 enim
1710 4348 1864 4391 vocat
1889 4339 1960 4392 ibi

381 4400 587 4474 Paulus
617 4410 801 4460 corda.
839 4406 904 4460 Et
943 4400 997 4460 iit
1030 4408 1242 4460 animis.
1266 4407 1392 4474 Sap.
1421 4421 1514 4459 vn.
1543 4406 1604 4458 Et
1632 4406 1684 4458 in
1724 4407 1956 4471 animas,

382 4472 581 4540 inquit,
614 4488 832 4531 sanctas
861 4494 918 4531 se
951 4478 1228 4530 transfert.
1257 4477 1322 4529 Et
1341 4472 1398 4527 in
1426 4476 1752 4542 corporibus.
1788 4476 1802 4528 Ι
1828 4479 1958 4530 Cor.

382 4557 455 4605 γι,
492 4555 543 4594 et
604 4547 618 4596 l
676 4545 922 4600 Thcssal.
959 4562 1035 4601 v:
1075 4544 1142 4599 Ut
1205 4547 1415 4612 integer
1463 4548 1687 4609 spiritus
1746 4557 1950 4609 vester,

379 4623 436 4662 et
467 4613 673 4676 anima,
710 4627 762 4668 et
790 4632 990 4684 cerpus
1021 4616 1140 4668 sine
1169 4616 1391 4683 querela
1418 4625 1691 4678 servetur;
1722 4616 1823 4668 hoc
1853 4629 1951 4668 au-

380 4689 486 4732 tem
521 4684 572 4735 tit
596 4686 867 4740 habitante
895 4687 1002 4739 Deo
1031 4688 1082 4736 in
1122 4697 1323 4741 mente.
1353 4693 1407 4734 et
1433 4685 1484 4736 in
1520 4687 1728 4750 anima,
1755 4695 1953 4740 eteor-

377 4766 544 4817 porc;
579 4765 812 4808 mentem
855 4758 1067 4808 vocavit
1109 4754 1198 4805 hic
1251 4752 1446 4805 l’anlus
1475 4755 1726 4822 spiritum
1757 4772 1774 4820 ;
1827 4769 1881 4809 et
1908 4753 1952 4808 ll

377 4824 502 4872 Cor.
547 4838 594 4875 vi
621 4843 632 4875 :
663 4824 727 4877 Et
761 4825 1070 4878 inhabitabo
1114 4823 1166 4874 in
1188 4821 1312 4892 illis,
1348 4821 1558 4876 scilicet
1587 4826 1637 4876 in
1662 4825 1969 4892 mentibus,

375 4892 676 4963 e_t_aniinis,
715 4894 1142 4963 etcoipoiibus.
1201 4891 1268 4943 Et
1300 4893 1372 4963 in
1420 4894 1568 4954 caelo.
1597 4903 1645 4946 et
1677 4897 1732 4946 in
1776 4905 1942 4948 terra.

305 5000 309 5006 .
379 4958 537 5031 llqier.»
564 4977 715 5016 nm.
753 4961 819 5014 Et
850 4958 1010 5016 simul
1051 4963 1106 5013 in
1146 4962 1324 5015 eodem
1355 4965 1613 5018 eumdem.
1644 4963 1752 5017 lloc
1783 4979 1950 5031 espo-

381 5029 459 5079 tiit
490 5029 630 5083 idem
667 5032 961 5102 Dionysius
993 5048 1118 5100 cap.
1142 5048 1197 5102 ix_
1233 5036 1302 5085 de
1332 5048 1548 5102 magno,
1603 5047 1655 5085 et
1687 5029 1872 5100 parvo,
1897 5044 1952 5087 et.

375 5103 592 5156 codem.
655 5110 760 5154 etc.
798 5099 863 5152 Ιιι
913 5099 1120 5152 munito.
1169 5099 1329 5155 1ἰοειιι.
1386 5099 1446 5153 1.*
1482 5101 1636 5155 Circa
1672 5099 1949 5157 mundum.

376 5162 523 5218 Eccli
554 5182 708 5223 xmn.
737 5169 906 5236 Super
937 5174 1212 5224 tumulum.
1250 5169 1350 5223 Isa.
1378 5185 1528 5226 Lxu.
1563 5170 1742 5238 Supra
1769 5175 1956 5225 cwlum

373 5248 420 5310 et
455 5252 615 5311 supra
638 5239 1020 5311 substugitiniit_.
1063 5238 1153 5296 l’s.
1185 5253 1327 5311 cali.
1357 5239 1483 5306 Supi
1507 5257 1532 5294 r
1563 5245 1734 5296 t-wlos
1781 5241 1954 5311 gloria

376 5305 519 5370 cius.
557 5308 759 5362 Solem.
817 5306 1049 5362 Malath.
1106 5325 1181 5366 iv.
1215 5305 1459 5365 Steltam.
1520 5311 1691 5381 Apoc.
1744 5305 1957 5367 ιιῖιιιιιυ.

2076 4129 2282 4202 Ignem.
2317 4133 2469 4186 Dent.
2499 4148 2570 4186 tv.
2599 4132 2824 4200 Aquam.
2859 4130 3020 4185 Joan.
3055 4147 3152 4187 vn.
3173 4131 3452 4200 Spiritum.
3479 4129 3634 4186 Joan.

2073 4201 2145 4256 iv.
2173 4201 2382 4256 Rorem.
2411 4209 2566 4256 Usee.
2603 4217 2709 4256 xiv.
2743 4202 2969 4256 Nubem.
3018 4202 3178 4256 Osee.
3200 4219 3268 4255 vi.
3301 4203 3402 4255 Per
3423 4217 3475 4255 se
3503 4202 3639 4268 lapi-

2069 4273 2186 4324 dem
2221 4273 2518 4324 αὑτόλιθον.
2548 4270 2638 4324 Ps.
2674 4286 2842 4323 Lux.
2877 4272 3010 4325 Esse
3042 4274 3185 4324 enim
3229 4272 3635 4325 fundamentum

2069 4343 2300 4410 propriae
2326 4342 2566 4403 virtutis,
2597 4351 2649 4393 et
2673 4354 2770 4408 per
2796 4355 2874 4406 se,
2900 4342 3118 4395 Christo
3147 4345 3396 4394 convenit
3418 4350 3638 4408 propter

2068 4411 2434 4470 divinitatem,
2468 4425 2589 4478 (inae
2631 4425 2736 4462 una
2771 4419 2826 4462 et
2872 4411 3056 4464 eadem
3090 4423 3174 4464 est
3218 4410 3268 4463 in
3303 4411 3478 4463 tribus
3507 4425 3634 4477 per-

2067 4482 2242 4542 snnis,
2272 4496 2392 4550 quae
2422 4481 2545 4532 fecit
2572 4483 2623 4530 in
2654 4480 2770 4544 ipso
2799 4479 3043 4550 Christo,
3073 4495 3287 4532 summo
3320 4478 3496 4550 lapide
3528 4495 3636 4550 ian-

1991 4534 2033 4588 θ
2101 4534 2259 4614 υΙιιιι,
2291 4534 2544 4616 ὐιηιιιιιε
2579 4534 2747 4600 unum
2779 4549 2864 4600 cui
2893 4534 3148 4602 convenit
3187 4564 3306 4602 esse
3331 4534 3629 4602 αὖτόλιθον.

2061 4565 2297 4672 ἱεινιιηι.
2362 4618 2521 4672 lCor.
2557 4634 2610 4670 χ.
2651 4617 2748 4670 Est
2777 4618 2940 4672 igitur
2972 4617 3035 4672 Β.
3084 4618 3272 4672 Petrus
3309 4626 3391 4672 tut
3432 4618 3629 4672 ubiuue

2107 4629 2297 4672 etram.
2362 4618 2521 4673 lCor.
2557 4634 2610 4670 χ.
2651 4617 2748 4670 Est
2777 4618 2940 4686 igitur
2972 4617 3035 4673 Β.
3084 4618 3272 4672 Petrus
3309 4626 3391 4685 (ιιι
3432 4618 3630 4685 ubique

2063 4690 2335 4743 haereticis
2364 4687 2534 4741 nostri
2561 4686 2821 4756 temporis
2849 4689 3237 4754 occurramus)
3267 4697 3417 4755 petra
3449 4689 3633 4740 Eecte‘

2062 4774 2178 4819 suae,
2221 4767 2278 4810 ut
2324 4757 2676 4826 Evangelium
2715 4765 2986 4821 testatur;
3020 4773 3127 4812 non
3160 4766 3338 4810 tamen
3370 4767 3452 4811 est
3477 4756 3630 4808 αὑτό-

2063 4827 2228 4892 λιους,
2256 4845 2355 4882 nec
2377 4828 2708 4895 αὐτοπὲτρα,
2734 4826 2784 4879 id
2820 4835 2926 4892 est,
2953 4843 3048 4894 per
3071 4842 3129 4880 se
3155 4826 3313 4894 lapis,
3341 4828 3422 4880 vel
3444 4841 3542 4895 per
3570 4841 3632 4880 se

2063 4909 2256 4963 petra;
2293 4913 2464 4966 neque
2491 4897 2536 4951 si
2570 4911 2808 4962 unquam
2847 4897 2899 4966 in
2957 4897 3237 4966 Scriptura
3274 4907 3524 4966 voratur,
3569 4904 3630 4947 ιιι

2057 4969 2310 5022 Christus
2346 4963 2491 5022 Deus
2544 4975 2751 5028 noster,
2787 4965 2878 5033 qni
2915 4966 2994 5018 sic
3025 4963 3105 5019 est
3131 4963 3528 5033 αὑτοθιμόλιος,
3572 4966 3623 5018 id

2051 5047 2156 5102 est,
2193 5053 2285 5106 per
2319 5053 2378 5094 se
2407 5041 2838 5099 tundamentum,
2880 5045 3071 5101 praeter
3114 5037 3258 5102 quod
3301 5049 3394 5106 per
3425 5040 3632 5106 settin-

2052 5109 2367 5162 daincntuin
2427 5107 2574 5162 aliud
2631 5119 2792 5157 nemo
2834 5114 3009 5172 potest
3045 5119 3267 5172 ponere,
3310 5105 3449 5157 sicut
3482 5105 3626 5171 Apo-

2055 5180 2228 5232 stolus
2249 5181 2358 5234 ait:
2393 5182 2462 5236 de
2495 5180 2601 5234 hoc
2621 5177 2764 5228 enim
2785 5188 2883 5243 per
2917 5189 2976 5230 se
3005 5175 3419 5229 fundamentum
3454 5172 3629 5241 loqui-

2056 5255 2168 5302 tur.
