4048 6428
337 411 474 476 *805

1005 517 1234 574 CAPUT
1255 518 1296 572 ι.

255 670 278 686 .
348 639 503 706 Qua:
537 637 643 691 sint
677 636 731 706 in
761 633 984 704 singulis
1018 631 1439 704 proprietatibus
1485 633 1788 689 diuinorum
1849 649 1934 688 no-

439 709 645 761 minum
673 705 1017 759 observanda.

438 797 667 869 Magnus
684 785 991 865 Dionysius
1021 811 1141 867 cap.
1165 795 1378 866 quinto,
1401 794 1472 850 De
1501 795 1688 849 divinis
1710 793 1948 849 non’iirii-

371 891 468 943 bua
499 907 513 943 :
540 888 798 951 Tantum,
837 883 1035 956 inquit,
1090 887 1609 950 comment-.ibimur,
1675 895 1943 957 quantum

369 979 637 1050 propositi
672 977 813 1032 ratio
841 977 1085 1047 postulat
1113 995 1127 1043 ;
1163 993 1267 1032 non
1301 978 1446 1032 enim
1487 978 1832 1048 propositum
1859 984 1944 1031 est

357 1071 684 1127 substantia
742 1083 866 1138 qua:
918 1076 1003 1122 est
1039 1082 1204 1138 supra
1233 1084 1394 1138 quam
1429 1068 1761 1133 substantia,
1799 1079 1949 1124 cate-

370 1180 474 1218 nus
493 1162 702 1232 aperire
738 1170 795 1215 et
815 1161 1121 1222 declarare,
1150 1167 1423 1229 quatenus
1449 1167 1534 1214 est
1577 1175 1741 1230 supra
1777 1176 1940 1230 quam

371 1255 681 1311 substantia
717 1253 860 1322 (hoc
902 1251 1049 1306 enim
1091 1250 1198 1305 dici
1237 1267 1342 1306 non
1374 1260 1569 1322 potest,
1611 1260 1668 1306 et
1697 1253 1942 1322 ignotum

371 1357 479 1409 cst,
509 1355 561 1400 et
575 1344 811 1414 penitus
831 1341 1076 1412 expromi
1109 1357 1216 1396 non
1252 1353 1451 1412 potest,
1491 1350 1546 1396 et
1572 1341 1742 1407 ipsam
1772 1356 1944 1409 copti-

373 1437 630 1491 lationent
654 1435 729 1504 (l)
761 1435 960 1490 mentis
983 1433 1251 1505 supcrat),
1280 1435 1372 1490 sed
1403 1435 1586 1502 potius
1606 1433 1940 1502 propositum

373 1540 456 1582 est
479 1529 698 1582 laudare
713 1526 1032 1581 substantiae
1061 1525 1288 1589 deiilete,
1323 1533 1375 1578 et
1423 1540 1546 1595 qua:
1571 1524 1753 1578 omnis
1810 1523 1943 1578 sub-
1983 1514 2008 1524 ”

375 1619 589 1673 stantia:
615 1618 939 1688 principium
974 1627 1080 1680 est,
1115 1617 1168 1670 in
1200 1617 1452 1671 universa
1485 1631 1609 1686 quae
1638 1623 1770 1672 sunt
1790 1631 1938 1669 euta-

376 1713 654 1766 nationem
729 1711 1160 1766 substantiarum
1209 1709 1590 1765 eﬂectricetn:
1668 1709 1938 1778 siquidem

372 1818 572 1857 nomen
601 1800 724 1856 boni
770 1801 838 1855 de
859 1801 970 1855 Deo
1021 1800 1268 1855 declarat
1323 1815 1517 1854 omnes
1567 1801 1940 1852 emanationes

877 406 1122 467 DECAS
1161 406 1230 466 V.
1264 406 1452 466 -ΠΕ
1508 401 2179 470 PROPRIETATIBUS
2243 406 2680 472 DlVINORUM
2739 411 3144 476 NOMINUM.

3527 414 3635 480 εω

1967 525 2024 584 Α
2052 523 2313 592 pientiatn
2335 523 2656 578 substantia:
2688 533 2742 578 et
2769 525 2894 580 vitae
2929 526 3287 592 eﬂectricent,
3320 538 3373 581 et
3405 545 3630 585 causam

2048 629 2168 683 qnaa
2199 615 2526 684 sapientiam
2557 614 2749 669 tribuit
2779 616 2845 670 iis
2871 631 2993 684 quae
3034 619 3400 682 substantiam
3455 628 3512 673 et
3550 622 3633 673 vi-

2047 711 2156 756 tam
2188 713 2242 756 et
2277 714 2510 758 mentem
2548 713 2598 758 et
2631 707 2898 761 rationem
2927 715 2981 760 et
3010 721 3210 762 sensus
3269 708 3622 778 participant,

2048 811 2156 850 non
2181 796 2314 850 dicit
2336 798 2452 851 haec
2481 809 2666 852 nostra
2690 797 2944 852 tractatio
2972 798 3119 853 aliud
3145 814 3267 854 esse
3292 800 3492 854 bonum
3527 800 3630 870 (6),

2043 895 2101 940 et
2161 887 2307 939 aliud
2365 887 2663 952 exsistens,
2725 888 2986 958 aliudque
3049 892 3238 952 vitam,
3287 891 3370 944 vel
3422 893 3632 960 sapien-

2045 981 2178 1034 tiam
2215 993 2392 1047 neqne
2417 979 2616 1032 multas
2649 994 2870 1045 causas,
2920 990 2974 1035 et
3026 980 3162 1036 alias
3205 982 3440 1036 aliorum
3495 983 3631 1036 elle-

2043 1071 2247 1140 ctrices
2295 1070 2636 1135 divinitates,
2695 1073 3011 1138 superiores
3073 1083 3123 1127 et
3165 1072 3487 1139 inferiores;
3535 1075 3628 1127 sed

2045 1162 2212 1216 unius
2244 1161 2335 1216 Dei
2374 1164 2663 1216 universas
2711 1162 2885 1217 bonas
2915 1165 3312 1228 emanationes,
3355 1173 3412 1219 et
3442 1165 3627 1218 nomi-

2044 1235 2298 1305 nationes
2321 1251 2414 1304 Dei
2455 1267 2483 1303 a
2519 1251 2680 1306 nobis
2744 1251 2992 1306 laudatas
3018 1293 3034 1316 ,
3061 1262 3226 1320 atque
3265 1265 3434 1305 tinam
3499 1251 3632 1320 qui-
3667 1248 3715 1324 ελ

2045 1343 2168 1395 dem
2201 1356 2325 1396 esse
2350 1357 2471 1410 qua!
2500 1351 2671 1399 totam
2698 1342 3097 1411 providentiam
3136 1344 3301 1397 unius
3325 1342 3418 1398 Dei
3448 1344 3630 1398 decla-

2046 1442 2129 1484 rat
2159 1447 2179 1495 ;
2238 1431 2375 1485 alias
2409 1445 2538 1485 vero
2571 1434 2746 1500 magis
2799 1439 2856 1486 et
2886 1433 3067 1488 minus
3103 1434 3388 1502 generales
3446 1436 3628 1500 provi-

2044 1522 2260 1575 dentias
2313 1521 2670 1590 patefaciunt.
2729 1521 2806 1576 Ex
2869 1523 3071 1592 quibus
3125 1523 3185 1576 [it
3256 1524 3628 1590 manifestum,

2043 1611 2257 1677 eiferre,
2290 1612 2344 1668 id
2378 1623 2480 1677 est,
2514 1628 2858 1680 expromere,
2891 1623 2947 1669 et
3002 1614 3280 1669 subtiliter
3332 1629 3620 1679 enarrare,

2042 1713 2314 1780 quatenus
2345 1695 2593 1758 naturam
2622 1713 2676 1758 et
2705 1705 2890 1760 sedem
2917 1719 2979 1758 ac
3002 1703 3418 1762 fundamentum
3465 1707 3629 1762 habet

2043 1799 2350 1852 substantia
2377 1812 2497 1867 quin
2525 1806 2610 1852 est
2640 1812 2806 1866 supra
2849 1812 3011 1866 quam
3053 1799 3379 1861 substantia,
3407 1802 3630 1855 omnino

361 1894 613 1948 auctoris
645 1894 926 1958 omnium,
958 1900 1011 1948 et
1039 1891 1338 1962 porrigitur
1368 1889 1445 1961 (Ξ)
1474 1890 1589 1944 haec
1629 1887 1940 1944 nominatio
1977 1874 2026 1933 Β
2053 1891 2160 1944 diti
2198 1904 2303 1944 non
2335 1899 2538 1960 potest,
2564 1904 2663 1944 nec
2696 1889 2945 1959 intelligi,
2972 1901 3305 1960 superatque
3347 1890 3624 1945 silentium

368 1985 464 2038 Dei
493 2001 523 2038 a
557 1985 702 2038 bono
725 1994 838 2040 tum
870 1985 936 2038 ad
967 1998 1030 2038 ea
1057 1998 1178 2054 quas
1222 1994 1383 2049 sunt,
1417 1991 1530 2036 tum
1566 1981 1632 2036 ad
1695 1995 1759 2036 ea
1815 1994 1937 2050 qua:

366 2091 475 2130 non
507 2087 673 2140 sunt;
703 2086 896 2146 estque
931 2090 1097 2145 supra
1135 2089 1198 2130 ea
1261 2089 1385 2143 quae
1411 2080 1564 2136 sunt,
1599 2082 1654 2126 et
1683 2086 1850 2141 supra
1877 2085 1940 2123 ca

353 2183 491 2238 quae
516 2183 623 2222 non
659 2176 811 2232 sunt,
855 2182 1054 2222 nomen
1084 2180 1213 2221 vero
1243 2167 1367 2220 vitae
1411 2165 1479 2219 de
1520 2163 1632 2219 Deo
1661 2162 1730 2218 ad
1755 2162 1940 2216 omnia

371 2265 605 2318 viventia
635 2263 897 2324 tenditur,
927 2271 981 2317 ει
1018 2276 1184 2330 supra
1209 2260 1448 2315 viventia
1489 2268 1596 2322 est,
1636 2259 1968 2338 nominatio

369 2351 468 2410 Dei
508 2356 566 2409 a'
591 2354 864 2424 sapientia
918 2352 1212 2424 porrigitur
1244 2352 1312 2406 ad
1345 2350 1528 2407 omnia
1576 2365 1698 2420 quae
1741 2348 1943 2404 intelli-

370 2441 502 2518 gunt
525 2445 626 2515 (5),
649 2461 771 2514 qua:
791 2445 1192 2500 ratiocinantur
1215 2443 1315 2514 (ι),
1341 2459 1462 2512 qua:
1479 2441 1724 2497 sentiunt
1747 2440 1854 2508 (5);
1891 2448 1944 2494 et

361 2536 539 2604 supra
568 2538 751 2590 omnia
783 2535 885 2591 ista
921 2543 1025 2591 est.
1055 2533 1165 2590 Has
1196 2534 1361 2604 igitur
1397 2532 1488 2587 Dei
1514 2531 1941 2597 nominationes,

369 2645 492 2695 quin
513 2614 886 2698 providentias
915 2628 1008 2684 Dei
1066 2629 1339 2697 aperiunt,
1373 2626 1712 2697 propositum
1735 2633 1818 2679 est
1847 2638 1943 2678 ce-

371 2722 611 2786 lebrare;
636 2736 742 2774 noti
767 2722 912 2774 enim
940 2720 1191 2774 tractatio
1213 2728 1398 2773 nostra
1418 2715 1683 2788 promittit
1707 2715 1946 2770 enodare

367 2823 420 2868 ει
438 2814 650 2882 aperire
670 2809 1106 2880 bonitateurDei,
1128 2824 1249 2880 quae
1271 2822 1434 2878 supra
1454 2806 1814 2862 substantiam
1836 2812 1941 2869 est,

358 2921 550 2982 -_iieque
583 2906 947 2961 substantiam
987 2914 1053 2958 vet
1090 2903 1414 2973 sapientiam
1464 2899 1791 2964 divinitatis,
1825 2913 1945 2968 quae

264 3051 274 3060 ,
366 3009 448 3053 est
476 3014 641 3066 supra
673 3013 834 3067 quam
879 2995 1204 3062 substantia,
1236 3002 1290 3050 et
1325 3008 1446 3062 qua:
1480 3002 1562 3046 est
1590 3004 1754 3060 supra
1780 3002 1942 3058 quam

357 3089 545 3143 locata
573 3102 739 3157 supra
771 3102 987 3141 omnem
1035 3085 1332 3141 bonitatem
1364 3092 1424 3138 et
1482 3081 1829 3136 divinitatem
1889 3087 1943 3131 ct

2038 1983 2196 2048 illud,
2225 1981 2367 2049 quod
2389 1981 2545 2035 nobis
2597 1995 2691 2050 per
2715 1979 2928 2049 plenam
2949 1993 3018 2034 ex
3075 1980 3226 2033 omni
3278 1988 3429 2049 parte
3471 1979 3628 2052 igno-

2043 2074 2278 2128 rantiam
2304 2083 2357 2127 et
2379 2072 2718 2126 reticentiam
2737 2069 2984 2125 advenit.
3026 2067 3148 2124 Non
3172 2079 3257 2126 est
3286 2071 3450 2141 igitur
3476 2085 3626 2126 nunc

2040 2165 2204 2220 nobis
2234 2180 2415 2220 sermo
2443 2165 2508 2218 de
2540 2179 2625 2230 ea,
2652 2179 2752 2219 nec
2797 2163 3139 2232 propositum
3187 2173 3270 2218 est
3316 2165 3475 2219 nobis
3525 2180 3625 2218 ex-

2041 2257 2272 2325 plicare,
2307 2256 2525 2310 bonitas
2555 2269 2720 2325 supra
2771 2255 3164 2317 substantiam,
3197 2255 3480 2322 quomodo
3527 2271 3620 2310 se-

2044 2346 2286 2400 cundum
2318 2360 2377 2400 se
2408 2344 2481 2400 sit
2509 2345 2833 2411 substantia,
2893 2345 2979 2399 vel
3023 2345 3157 2410 vita,
3189 2346 3273 2400 vel
3327 2345 3619 2414 sapientia,

2045 2447 2100 2492 et
2127 2437 2233 2491 alia
2265 2438 2471 2499 omnia,
2503 2449 2625 2506 qua:
2643 2435 2789 2490 Deus
2827 2443 3017 2490 noster
3040 2437 3344 2492 secundum
3401 2451 3460 2492 se
3497 2451 3624 2492 esse

2046 2527 2304 2588 creditur,
2331 2527 2464 2596 quin
2507 2525 2684 2595 potius
2709 2516 3138 2580 nominationem
3175 2525 3294 2592 Dei,
3346 2541 3470 2596 qua!
3524 2527 3622 2581 illa

2045 2634 2166 2690 quae
2187 2628 2318 2672 sunt
2353 2618 2500 2672 circa
2539 2617 2742 2686 ipsum,
2769 2617 3032 2683 declarat,
3061 2617 3184 2672 dico
3207 2633 3332 2674 esse
3367 2618 3618 2673 ordinem

2047 2727 2253 2776 rerum,
2281 2719 2334 2764 et
2361 2708 2782 2779 providentiam,
2836 2719 2891 2763 et
2913 2719 3096 2778 aptam
3143 2709 3384 2764 universi
3438 2710 3625 2779 dispo-

2051 2803 2336 2859 sitionem.
2363 2801 2478 2855 Hoc
2515 2801 2682 2870 igitur
2709 2809 2794 2854 est
2814 2799 2974 2864 nobis
3026 2799 3084 2854 in
3142 2801 3246 2855 hac
3299 2802 3626 2870 tractatione

2047 2895 2408 2966 propositum,
2443 2891 2673 2948 laudare
2708 2892 2876 2946 Deum
2908 2892 2978 2946 ab
3000 2893 3350 2948 emaiiatione
3394 2893 3516 2962 ejus
3552 2893 3625 2948 ad

2045 2987 2230 3041 omnia
2260 2985 2506 3040 omnium
2535 2997 2718 3038 rerum
2747 2983 3025 3038 eﬂ‘ectrice
3045 2992 3100 3038 et
3126 2984 3357 3050 deiﬁca;
3386 2993 3626 3040 externa:

2043 3080 2188 3134 enim
2205 3078 2560 3148 providentiae
2593 3075 2685 3131 Dei
2715 3091 2841 3145 erga
2886 3091 3007 3141 nos,
3046 3087 3102 3132 et
3146 3077 3526 3133 emanationes
3566 3079 3622 3132 iii

371 3181 732 3233 substantiam
764 3191 818 3233 et
847 3178 1012 3232 vitam
1042 3187 1098 3232 et
1129 3177 1479 3246 sapientiam,
1513 3189 1637 3244 qua:
1657 3180 1764 3236 est,
1799 3172 1942 3226 sicut
1963 3211 2012 3268 ϐ
2047 3173 2115 3228 iis
2141 3187 2266 3241 qua:
2314 3170 2593 3240 produxit,
2659 3168 2995 3233 eiliciuntur,
3054 3177 3108 3222 et
3171 3171 3466 3262 emanatio,
3509 3170 3627 3226 sive

366 3273 444 3322 ait
475 3266 782 3336 Scriptura,
815 3267 869 3320 in
894 3267 1218 3320 abscondito
1243 3266 1291 3298 “
1311 3267 1368 3331 ’ς
1401 3265 1533 3334 quin
1555 3264 1742 3333 potius
1756 3263 1944 3332 provi-

366 3360 606 3413 dentiam
633 3374 696 3427 pa
707 3356 979 3424 te.'actam,
1000 3359 1266 3413 bonorum
1287 3357 1648 3422 eliectricetn,
1716 3356 1940 3410 bonita-

353 3461 472 3506 item
498 3451 1035 3518 excellentissimam,
1062 3461 1117 3506 et
1143 3453 1409 3506 honorum
1435 3451 1679 3504 omnium
1713 3462 1934 3504 causam

365 3543 618 3599 laudibus
647 3543 926 3610 celebrat;
975 3553 1028 3599 et
1072 3545 1427 3602 exsistentem
1453 3553 1508 3599 et
1538 3543 1704 3597 vitam
1760 3549 1814 3595 et
1847 3553 1938 3594 sa-

440 3737 503 3770 ³⁵·
537 3737 637 3794 Joh
668 3755 862 3804 nuit,
898 3739 982 3806 ll,
1021 3739 1102 3797 l5.

2051 3263 2390 3334 providentia
2424 3261 2668 3317 eil‘ectriit
2701 3261 3043 3326 substantiae,
3083 3253 3290 3316 dicitur
3313 3261 3428 3330 ipsa
3462 3260 3628 3315 elice-

2047 3356 2125 3411 tio
2175 3355 2501 3410 substantia
2545 3351 2792 3407 elice-trix
2841 3352 3137 3417 bonitatis,
3189 3353 3306 3422 ipsa
3358 3355 3624 3406 honorum

2045 3444 2283 3499 effectio.
2343 3441 2622 3512 Θεαρχικὴ
2678 3441 2773 3493 καὶ
2829 3441 3058 3510 οεαρχία
3118 3442 3443 3511 principium
3509 3441 3626 3494 dei-

2047 3535 2340 3601 ficationis,
2387 3533 2535 3590 sicut
2584 3547 2736 3588 mors
2771 3531 3038 3604 θεαρχικὴ
3095 3531 3370 3598 laudatur,
3406 3531 3459 3586 id
3518 3540 3624 3595 est,

3650 3801 3662 3909 ἓ

1865 3904 2142 3968 Scholia.

368 4025 424 4048 κ

444 4079 592 4150 (imi
623 4084 790 4153 ipsam
844 4085 1251 4154 copulationem,
1282 4084 1335 4139 id
1359 4095 1461 4147 est.
1497 4085 1712 4140 excedit
1764 4085 1938 4154 ipsam

369 4156 774 4222 copttlationem
811 4154 1125 4219 itiyellecms
1167 4155 1477 4220 beatorum,
1515 4157 1608 4225 qui
1639 4157 1936 4210 essentiam

373 4225 465 4276 Dei
504 4225 692 4276 vident
739 4239 834 4292 per
875 4225 1280 4294 copulationetn
1335 4225 1421 4280 sui
1458 4227 1766 4279 intellectus
1812 4241 1936 4280 cuni

367 4295 482 4361 ipsa
537 4295 624 4347 Dei
655 4298 945 4360 essentia;
1004 4297 1255 4362 quamvis
1308 4299 1452 4349 enim
1502 4298 1722 4349 videant
1759 4297 1936 4362 ipsum

371 4364 426 4414 υ.
449 4379 560 4427 uni,
583 4379 688 4416 non
711 4373 890 4418 tamen
909 4375 992 4420 est
1013 4376 1158 4418 tanta
1183 4365 1446 4432 perfectio
1472 4364 1720 4430 visionis,
1737 4375 1938 4434 quanta

367 4444 452 4505 e..t
477 4436 742 4505 perfectio
771 4434 942 4499 ipsius
971 4450 1092 4505 esse
1127 4436 1320 4499 divini,
1351 4444 1406 4488 et
1447 4445 1652 4505 quanta
1684 4447 1780 4505 est
1818 4449 1940 4502 per-

368 4504 530 4562 i'ectio
568 4503 826 4572 iViSiOlliS,
859 4519 966 4572 qua
1001 4504 1144 4558 Deus
1177 4519 1236 4559 se
1280 4505 1443 4568 videt,
1470 4503 1536 4559 ex
1580 4506 1637 4559 S.
1681 4503 1939 4572 Thomas.

441 4576 518 4638 (2)
548 4571 852 4639 Porrigimr
873 4571 984 4626 Iurc
1011 4575 1303 4626 nominatio
1346 4575 1443 4627 Dei
1475 4592 1510 4628 a
1533 4577 1690 4637 bona,
1722 4585 1830 4626 tum
1850 4571 1938 4626 'ad

369 4658 427 4713 ea
445 4658 559 4710 quis
586 4653 857 4713 satiatum
891 4643 958 4692 ad
988 4660 1046 4696 ea
1069 4659 1184 4713 qua:
1215 4659 1316 4696 non
1345 4654 1484 4707 sunt,
1511 4657 1558 4698 et
1574 4658 1823 4712 estaiipra
1855 4657 1939 4697 ea.

373 4711 579 4764 νοω-υ
611 4713 753 4764 solet
804 4711 1120 4780 Dionysius,
1151 4723 1211 4766 ut
1238 4724 1462 4768 sanctus
1485 4711 1754 4769 Maximus
1787 4723 1941 4766 nota-

371 4784 469 4838 vit,
502 4797 566 4833 ea
597 4797 714 4851 qua:
740 4793 869 4834 sunt
902 4791 1145 4851 expertia
1182 4794 1422 4836 materia:
1453 4800 1467 4850 ;
1504 4801 1623 4850 quae
1657 4800 1784 4838 vero
1816 4799 1936 4837 nia-

371 4850 824 4922 tcriatti__liabent,
859 4850 1022 4905 vocat
1057 4867 1316 4920 quartion
1347 4865 1493 4916 sunt,
1531 4869 1745 4922 propter
1769 4857 1933 4906 inter-

371 4900 1544 4989 iam...init-tunae'sunt."ignariab:
1597 4900 1664 4977 ait
1692 4900 1760 4978 ’ρει
1808 4939 1930 4990 qua:
1965 4900 2010 4958 ί)

371 5006 478 5044 nou
503 4999 651 5048 sunt,
701 4991 824 5055 quia
859 4991 999 5044 Deus
1057 5001 1210 5045 vocat
1255 5010 1317 5045 ea
1347 5008 1469 5060 (ιε-ω
1518 5008 1622 5047 ti0n
1658 5005 1784 5047 sunt
1812 5004 1930 5045 tati-

369 5076 532 5128 quam
554 5075 616 5111 ea
640 5073 760 5126 qua:
783 5069 911 5113 sunt
935 5077 950 5126 ;
980 5063 1324 5132 participatio
1347 5063 1492 5115 enim
1515 5065 1636 5116 boni
1666 5077 1746 5117 εει
1771 5078 1929 5132 posse

368 5144 514 5192 esse,
547 5141 604 5180 ut
632 5140 709 5181 ait
735 5143 962 5184 sanctus
1007 5129 1245 5185 Ttiontas
1271 5147 1286 5184 :
1324 5143 1418 5186 aut
1443 5135 1740 5202 porrigitur
1770 5129 1836 5184 ad
1865 5148 1927 5185 ea

369 5215 487 5267 qua:
517 5215 624 5251 non
651 5209 805 5259 Sttltt,
840 5202 965 5268 quia
1003 5219 1106 5254 noti
1132 5219 1250 5255 esse
1282 5205 1482 5256 bonum
1513 5216 1612 5262 est,
1643 5219 1766 5256 cuni
1797 5219 1930 5256 coii-

373 5271 848 5332 t--mplaiiiuriltud
889 5269 944 5322 iti
976 5271 1107 5335 Deo,
1148 5273 1240 5340 qui
1272 5284 1355 5326 est
1395 5287 1559 5340 sulira
1585 5287 1745 5326 omne
1783 5272 1928 5339 qttod

369 5349 474 5399 cst,
509 5349 568 5390 ut
591 5342 791 5391 bonum
829 5351 912 5392 est
934 5356 1040 5393 non
1061 5357 1182 5395 esse
1217 5347 1541 5410 sapientem,
1571 5355 1845 5403 sanctum,
1881 5353 1934 5394 et

371 5411 477 5461 aha
515 5411 852 5482 huiusmodi,
886 5415 1065 5478 qualia
1096 5410 1150 5463 in
1197 5414 1463 5466 creaturis
1524 5414 1930 5482 engiioscitttus,

369 5481 514 5545 quod
549 5479 660 5549 Deo
682 5493 957 5542 Convenit,
992 5497 1021 5532 a
1045 5497 1155 5549 quo
1205 5485 1320 5535 it.th
1353 5479 1718 5546 removentur,
1775 5493 1832 5534 ut
1857 5483 1960 5533 ait

369 5561 592 5601 sanctus
621 5547 861 5614 'l'hntiias
886 5564 991 5602 non
1019 5547 1235 5620 propter
1256 5553 1550 5619 delectum,
1583 5555 1678 5608 sed
1713 5562 1934 5622 propter

366 5627 804 5694 excessutti,_attt
834 5634 956 5672 esse
985 5636 1151 5694 stipiti
1178 5637 1246 5694 ea
1273 5637 1395 5689 qua:
1421 5633 1570 5688 euut,
1600 5637 1652 5678 et
1675 5639 1797 5694 qua:
1816 5638 1920 5673 ttou

361 5695 519 5758 stitit,
555 5688 822 5751 εἰοιιιιὶιτξιι
848 5704 966 5742 esse
993 5688 1708 5764 loco_itit-ircuitiscriptttiii,
1730 5696 1782 5748 id
1816 5699 1924 5755 est,

367 5773 489 5808 esse
527 5764 748 5822 ubique,
781 5774 842 5809 νε
877 5769 1067 5812 sancto
1101 5760 1359 5816 MJMIM).

2126 4081 2199 4146 (5)
2237 4079 2366 4145 Qua:
2392 4081 2717 4148 intelligunt.
2762 4079 2993 4137 Nomine
3028 4081 3444 4152 ititelligcntium
3477 4101 3627 4142 com-

2054 4151 2346 4219 prehendit
2402 4154 2623 4220 angelos
2653 4163 2706 4205 et
2743 4153 2978 4214 animas,
3009 4163 3061 4208 et
3103 4151 3226 4208 licet
3251 4156 3460 4211 animas
3486 4159 3626 4215 solet

2061 4221 2351 4295 liioii__\_'sitis
2386 4237 2580 4295 vorare
2611 4222 2826 4295 νοερᾲς.
2858 4223 2910 4275 id
2939 4234 3042 4290 est,
3080 4225 3465 4295 inlelligentes,
3498 4244 3622 4282 enni

2047 4304 2142 4366 cas
2174 4290 2464 4366 distinguit
2490 4297 2565 4366 ali
2608 4290 2845 4366 angelis,
2867 4308 3005 4360 quos
3035 4310 3228 4349 vocare
3261 4290 3399 4366 solet
3431 4299 3622 4366 νοητὰ,
3660 4304 3690 4330 ο

2048 4359 2101 4413 id
2127 4370 2228 4434 est,
2265 4360 2624 4434 intellectilia,
2655 4362 2783 4429 quia
2833 4359 3034 4417 habent
3081 4365 3256 4434 angeli
3292 4362 3434 4420 infra
3490 4359 3550 4420 se
3591 4359 3623 4421 ἁ

2045 4430 2249 4497 quibus
2300 4430 2697 4499 intelligantur,
2745 4445 2938 4498 nempe
2967 4430 3220 4498 animas;
3268 4437 3464 4490 anima:
3492 4451 3624 4496 vero

2050 4514 2156 4551 non
2191 4501 2433 4554 habent:
2485 4516 2629 4553 nunc
2686 4514 2888 4562 tamen,
2922 4513 2980 4556 ut
3038 4505 3173 4567 dixi,
3211 4508 3488 4558 communi
3527 4522 3626 4558 tio-

2051 4569 2194 4640 tiiiite
2237 4570 2604 4640 intelligetites
2643 4578 2951 4640 toi-alitum
2994 4574 3214 4639 angelos
3240 4584 3350 4627 tum
3386 4576 3621 4638 animas,

2045 4639 2171 4710 quia
2207 4649 2318 4691 tuin
2349 4639 2546 4710 angeli
2577 4650 2688 4692 ttitti
2738 4639 2933 4694 animae
2983 4641 3295 4710 intelligunt
3333 4641 3528 4708 Deum,
3568 4653 3624 4698 ct

2044 4707 2398 4779 intelligendo
2437 4707 2601 4762 Deum
2638 4712 2703 4762 ad
2736 4723 2860 4779 cui]!
2899 4723 2957 4764 se
2989 4707 3337 4765 convertunt.
3518 4707 3521 4708 ν
3678 4764 3690 4779 ,

2118 4779 2194 4850 ti)
2223 4774 2353 4842 Quia
2383 4781 2798 4850 ratiocinantur,
2823 4774 3080 4834 llontines
3121 4781 3403 4850 intelligit;
3437 4781 3617 4838 anima

2040 4847 2184 4899 enim
2216 4852 2344 4901 dum
2403 4849 2456 4900 iit
2507 4854 2874 4923 corpore‘est,
2938 4851 3252 4904 ratiocinari
3301 4847 3491 4919 'pntcst
3525 4870 3621 4923 per

2036 4932 2448 4972 conversionem
2498 4919 2564 4972 ad
2625 4921 3034 4989 phantasmata,
3067 4933 3177 4974 non
3217 4932 3402 4976 autem
3459 4919 3618 4992 sepa-

2035 4996 2174 5040 rata.

2111 5056 2188 5125 (ὃ)
2231 5055 2361 5120 Quae
2386 5055 2638 5130 sentiimi.
2674 5059 2964 5126 Animalia,
2990 5075 3110 5130 qua:
3143 5076 3252 5116 non
3287 5063 3620 5130 participant

2037 5129 2321 5198 rationein,
2363 5143 2482 5197 qua:
2515 5129 2836 5198 sapientiam
2874 5131 2967 5185 Dei
3000 5129 3053 5184 in
3110 5132 3163 5185 iii
3194 5133 3312 5187 suis
3362 5149 3392 5187 a
3418 5129 3618 5188 natura

2039 5196 2222 5269 insitis
2280 5196 2956 5269 conatibusparticipant,
2986 5211 3044 5255 ut
3092 5201 3285 5258 beatus
3316 5202 3620 5259 Basiliusiii

2039 5265 2376 5320 liexaeiiiet'o
2404 5279 2578 5332 ttocel,
2609 5265 2713 5322 iiuti
2750 5265 2883 5324 dicit
2917 5265 3086 5327 aliud;
3341 5273 3352 5277 ’

2120 5336 2194 5406 (6)
2239 5336 2370 5391 Esse
2424 5341 2636 5408 bonum.
2703 5339 2815 5394 lloc
2851 5342 2984 5398 dicit
3042 5357 3150 5396 non
3206 5343 3400 5408 otiose,
3440 5342 3535 5396 sed
3559 5350 3621 5397 ut

2040 5409 2406 5475 reprehendat
2435 5424 2532 5462 eos
2567 5407 2950 5477 pliilosotihos,
2981 5424 3035 5467 et
3063 5412 3341 5467 Simonem
3379 5407 3615 5481 Magum,

2041 5480 2132 5546 qui
2167 5482 2438 5552 ponebant
2477 5481 2608 5552 dcos
2643 5484 3029 5551 κοσμοποιοὺς,
3063 5484 3220 5537 idest
3246 5480 3620 5552 opiﬁces’par-

2045 5562 2175 5618 titttii
2201 5551 2408 5613 mundi,
2435 5549 2670 5617 majores
2692 5549 3095 5621 ctvalentiores
3115 5549 3384 5621 majorum
3404 5561 3620 5606 creatu—

2035 5635 2244 5682 rarum;
2265 5627 2318 5670 et
2337 5621 2664 5672 iiitirtniores
2689 5619 3076 5686 intirmiorum,
3097 5619 3396 5676 secundum
3412 5623 3615 5690 gradus

2035 5705 2167 5746 suns
2203 5693 2591 5765 itescctttletites
2624 5691 2678 5743 iii
2720 5693 2941 5762 opilicio
2979 5709 3080 5748 suo
3129 5705 3304 5765 usque
3340 5695 3406 5747 ad
3443 5700 3615 5747 ntale-

2037 5777 2197 5827 natu,
2221 5774 2288 5812 cx
2326 5759 2383 5812 S.
2421 5756 2674 5812 Maximo.
