4048 6490
256 434 371 499 8οῢ

932 413 1170 488 DECAS
1207 423 1274 485 V.
1316 446 1386 461 --
1426 418 1523 480 DE
1559 410 2231 481 PROPRIETATIBUS
2288 410 2527 470 DlVlN.
2568 408 2849 472 NOMlN.-

3409 402 3519 470 810
3604 447 3622 465 .

269 546 491 618 quidem
515 543 775 608 dicimus,
802 541 947 611 quod
980 531 1707 618 pulchritudinis'partieeps
1721 539 1797 585 est
1824 543 1841 595 ;
1874 531 1916 586 Α
1948 542 2045 581 nos
2074 537 2129 582 et
2155 528 2456 583 accidentia
2494 528 2547 582 in
2578 529 2742 583 rebus
2809 534 3120 591 censentur,
3144 524 3290 597 quod
3324 524 3378 579 in
3409 525 3522 578 Deo

272 611 745 710 pulchritudinem
772 648 903 688 vero
929 611 1402 702 participationem
1429 641 1608 682 causa:
1661 622 1847 676 omnia

274 731 503 801 pulchra
535 724 846 783 ellicientis.
876 723 999 790 Quo
1021 726 1074 778 in
1110 723 1247 777 loco
1283 722 1361 775 ait
1400 729 1621 775 sanctus
1676 715 1849 769 Mari-

275 834 429 876 mus:
452 818 695 873 Pulcher
712 814 912 871 dicitur
935 814 1080 869 Deus
1106 814 1158 867 in
1175 811 1403 868 Cantico
1416 806 1755 865 canticorum
1777 805 1849 871 ",

275 923 328 969 et
358 908 872 976 David:Speciosus
922 907 1096 977 [arma
1149 920 1260 976 pm
1305 902 1433 972 filiis
1498 897 1848 955 hominum".

280 1003 486 1059 Dicitur
517 1009 699 1059 autem
724 999 1017 1069 pulchrqu
1049 1007 1104 1052 et
1136 994 1512 1066 pulchritudo,
1547 992 1677 1062 quia
1735 990 1852 1044 dis-

281 1093 544 1163 tinguitur
575 1093 631 1145 in
663 1091 829 1146 rebus
880 1089 937 1143 in
994 1086 1371 1156 participanda
1425 1091 1479 1137 et
1509 1081 1852 1161 participata,

276 1185 335 1238 in
362 1183 473 1239 Deo
501 1193 687 1237 autem
721 1196 830 1235 non
864 1180 943 1236 sic
980 1196 995 1234 :
1027 1178 1188 1241 καλὸς
1221 1174 1485 1244 namque,
1509 1175 1559 1229 id
1589 1182 1695 1238 est,
1738 1170 1855 1242 pub

279 1275 414 1328 cher
446 1273 671 1338 dicitur,
700 1279 756 1326 et
786 1270 915 1340 quia
974 1268 1168 1324 tribuit
1186 1266 1451 1322 omnibus
1489 1263 1852 1334 pulchritudi-

282 1380 431 1429 nem,
464 1372 518 1418 et
539 1364 669 1433 quia
690 1363 875 1416 omnia
906 1360 974 1416 ad
992 1375 1055 1416 se
1081 1359 1256 1425 καλεῖ,
1289 1360 1339 1412 id
1370 1368 1476 1432 εει,
1504 1359 1661 1412 vocat
1688 1374 1703 1421 ;
1740 1368 1860 1408 rur-

287 1473 385 1512 sus
414 1456 577 1510 καλὸν
603 1459 678 1518 ὡς
710 1455 797 1508 ἀεὶ
862 1451 945 1517 ὃν,
977 1453 1029 1507 id
1056 1460 1160 1517 est,
1228 1450 1518 1520 pulchrum
1578 1459 1855 1517 tamquam

289 1562 504 1618 semper
531 1546 827 1610 exsistens,
855 1544 1152 1601 secundum
1201 1543 1377 1598 Graeci
1446 1542 1686 1596 nominis
1743 1550 1861 1610 ety-

290 1639 610 1710 mologiam,
654 1645 838 1708 utpote
863 1646 1144 1702 nunquam
1161 1634 1509 1698 decrescens,
1544 1645 1643 1687 nec
1693 1645 1861 1701 auge-

292 1744 477 1787 recns.
523 1729 724 1785 ibidem
756 1729 917 1782 etiam
953 1725 1246 1797 Dionysius
1276 1743 1289 1779 :
1322 1723 1685 1791 Quamobrem
1718 1721 1859 1776 idem

287 1832 376 1877 est
407 1821 694 1892 pulchrum
723 1828 888 1888 atque
915 1820 1140 1883 bonum,
1165 1817 1428 1887 quoniam
1453 1817 1636 1870 omnia
1664 1828 1862 1869 secun-

288 1913 419 1968 dum
472 1924 689 1966 omnem
738 1924 960 1966 causam
1010 1908 1296 1979 pulchrum
1340 1915 1393 1962 et
1435 1905 1638 1960 bonum
1693 1917 1861 1974 appe-

290 2015 415 2059 tunt
432 2002 509 2074 (5)
536 2020 548 2055 :
569 2011 625 2057 et
645 2001 782 2056 nihil
801 2009 887 2056 est
909 2002 962 2055 in
982 2013 1161 2055 rerum
1182 2009 1395 2064 natura,
1415 1998 1546 2069 quin
1569 1995 1859 2066 pulchrum

286 2107 341 2151 et
368 2096 575 2150 bonum
610 2093 904 2165 participat
949 2090 1235 2148 :'audeho
1293 2091 1459 2145 etiam
1501 2090 1606 2145 hoc
1659 2088 1861 2151 dicere,

284 2186 435 2258 quod
462 2202 571 2243 non
609 2192 716 2251 εει,
743 2183 1034 2254 pulchrum
1056 2182 1321 2238 etbonum
1355 2181 1706 2253 participare,
1734 2188 1871 2235 tunc

294 2278 438 2334 enim
462 2284 546 2333 est
576 2278 778 2346 ipsum,
806 2276 1103 2345 pulchrum
1127 2284 1180 2330 et
1251 2275 1480 2339 bonum,
1537 2274 1760 2343 quando
1808 2272 1863 2326 in

296 2371 406 2429 Deo
425 2370 671 2426 laudatur
688 2384 854 2439 supra
878 2368 1237 2426 substantiam
1254 2367 1553 2423 auferendo
1568 2366 1749 2422 omnia
1767 2365 1865 2438 (4).

292 2463 450 2532 Quod
516 2470 697 2517 autem
755 2462 897 2516 idem
959 2469 1045 2516 est
1094 2461 1381 2527 pulchrum
1440 2471 1605 2530 atque
1661 2462 1862 2517 bonum

298 2557 353 2608 in
383 2555 515 2620 Deo,
536 2554 631 2624 qui
663 2564 745 2608 est
774 2567 940 2622 supra
995 2552 1402 2617 substantiam;
1433 2560 1486 2605 et
1546 2552 1692 2621 quod
1753 2554 1868 2608 hac

298 2659 424 2715 quae
458 2643 817 2699 substantiam
838 2643 956 2707 Dei,
983 2656 1106 2712 quae
1139 2651 1221 2697 est
1280 2644 1435 2713 origo
1484 2642 1867 2707 deiﬁcationis,

302 2733 599 2800 declarant,
636 2733 701 2787 ad
729 2735 905 2803 ipsum
944 2748 1038 2801 per
1068 2732 1258 2787 divina
1287 2732 1506 2786 nomina
1557 2732 1773 2799 pulchri
1819 2740 1873 2785 et

301 2826 425 2882 boni
441 2826 714 2898 pertinent
743 2843 757 2879 :
785 2834 840 2879 et
864 2824 1010 2894 quod
1042 2823 1136 2877 ‘ad
1162 2838 1225 2877 ea
1258 2838 1380 2893 quas
1434 2823 1488 2877 in
1545 2823 1655 2878 Deo
1719 2833 1870 2892 sunt,

302 2910 412 2973 non
447 2919 862 2988 distinguuntur
890 2917 945 2971 in
978 2916 1431 2985 participationes
1461 2925 1512 2970 et
1574 2916 1873 2986 participa-

300 3021 379 3078 ιιι,
410 3012 584 3082 liquet
612 3027 681 3066 ex
702 3025 975 3066 consensu
997 3007 1483 3082 tbcologorumJn
1529 3011 1729 3081 quibus
1775 3024 1874 3066 au-

312 3117 418 3160 tem
452 3103 803 3177 distinguitur
832 3101 1068 3167 bonitas,
1099 3114 1152 3159 et
1176 3117 1272 3174 per
1299 3103 1468 3172 ipsam
1484 3104 1802 3173 pulchrum,
1823 3115 1880 3160 et

1893 1879 1937 1937 Β

1953 633 2064 671 non
2103 618 2179 672 ita
2207 630 2316 685 εει,
2348 622 2443 689 qui
2480 619 2662 674 omnia
2733 619 3028 675 antecellit.
3070 617 3284 689 Rursus
3332 615 3519 672 idem:

1954 708 2234 766 Desiderio
2280 712 2612 781 intelligendi
2653 721 2708 766 et
2755 711 2970 767 dicendi
3029 710 3234 782 aliquid
3279 709 3349 765 de
3410 708 3523 762 Deo

1953 818 2149 858 nomen
2181 803 2313 859 boni
2370 805 2626 875 Theologi
2679 804 2791 862 Deo
2852 806 3242 866 attribuerunt,
3302 804 3525 874 proprie

1952 893 2099 951 enim
2121 895 2265 951 Deus
2291 905 2374 952 est
2389 913 2548 967 supra
2565 913 2728 968 quam
2747 898 2945 961 bonus.
2964 908 3017 953 et
3043 913 3372 968 supraquam
3398 898 3527 953 snb-

1954 991 2179 1054 stantia,
2210 989 2424 1043 bonitas
2450 999 2630 1044 autem
2660 1005 2854 1044 nomen
2879 999 2961 1046 est
2987 990 3372 1045 venerationis.
3400 989 3528 1047 Item

1959 1080 2102 1136 idem
2136 1083 2461 1138 incumbens
2482 1087 2534 1137 in
2567 1099 2629 1137 ea
2658 1100 2780 1152 quae
2802 1094 2928 1139 sunt
2967 1084 3018 1138 in
3042 1093 3239 1154 quarto
3259 1084 3436 1152 capite
3465 1083 3532 1137 de

1957 1172 2163 1227 eisdem
2244 1172 2449 1228 divinis
2490 1174 2885 1230 ‘nomiuibus:
2927 1173 3162 1239 Bonum,
3222 1175 3422 1243 inquit,
3474 1182 3531 1226 et

1959 1266 2274 1337 pulchrum,
2300 1267 2444 1337 quod
2481 1267 2534 1322 in
2593 1268 2850 1323 omnibus
2912 1268 3076 1333 inest,
3112 1283 3221 1323 non
3251 1278 3336 1325 est
3397 1269 3529 1322 illud

1960 1357 2197 1428 primum
2231 1359 2523 1427 pulchrum
2556 1370 2612 1414 et
2637 1358 2840 1414 bonum
2870 1359 3140 1422 omnium,
3187 1358 3345 1426 cujus
3407 1374 3535 1427 par-

1961 1449 2278 1519 ticipatione
2314 1454 2499 1507 omnia
2520 1462 2649 1508 sunt
2679 1453 2903 1523 pulchra
2931 1463 2988 1507 et
3021 1453 3183 1517 bona,
3213 1453 3356 1521 quod
3384 1452 3529 1505 enim

1962 1549 2047 1595 est
2078 1540 2132 1593 in
2168 1541 2334 1597 rebus
2357 1543 2734 1611 pulchrum‘et
2769 1542 2995 1605 bonum,
3028 1557 3132 1595 non
3168 1552 3252 1595 est
3278 1542 3536 1595 substan-

1961 1631 2061 1696 tia,
2092 1646 2461 1703 nequegenus
2493 1635 2831 1699 substantiae,
2898 1635 2993 1689 sed
3048 1635 3330 1699 accidens,
3389 1633 3535 1703 quod

1966 1723 2130 1779 habet
2158 1724 2578 1780 similitudinem
2618 1725 3019 1795 aliquantulum
3040 1724 3414 1795 cunjunctam.
3461 1723 3537 1777 Ε(

1965 1815 2168 1887 quibus
2189 1817 2397 1885 pateﬁt,
2456 1818 2920 1887 quemadmodum
2972 1818 3193 1873 bonitas
3240 1828 3297 1873 et
3355 1819 3534 1888 ipsum

1971 1907 2258 1977 pulchrum
2287 1908 2341 1962 in
2378 1908 2490 1963 Deo
2530 1911 2900 1979 copulantur;
2932 1919 2986 1966 et
3014 1910 3157 1964 idem
3194 1922 3277 1965 est
3330 1911 3535 1967 bonum

1970 2003 2134 2067 atque
2159 1996 2471 2066 pulchrum,
2509 2009 2661 2055 extra
2698 1997 2868 2054 Deum
2896 2015 3045 2064 vero,
3079 2010 3132 2055 et
3162 2001 3215 2054 in
3268 2002 3541 2056 creaturis

1970 2089 2092 2158 ejus
2121 2088 2356 2146 discreta
2389 2098 2540 2158 sunt,
2565 2091 2984 2162 passionesque,
3020 2100 3073 2146 et
3105 2092 3406 2147 accidentia
3432 2109 3534 2146 nu-

1972 2190 2279 2235 merantur.
2322 2179 2501 2235 Etiam
2568 2183 2956 2251 proprietatem
3022 2183 3219 2237 horum
3279 2185 3543 2254 intellige-

1976 2285 2121 2335 mus,
2156 2272 2203 2327 si
2243 2287 2365 2342 qua:
2395 2272 2529 2328 dicit
2576 2288 2834 2329 summus
2896 2274 3180 2345 theologus
3248 2275 3543 2347 Dionysius

1975 2363 2356 2420 advertimus:
2424 2364 2561 2419 Boni
2622 2366 2791 2430 enim,
2853 2366 3051 2436 inquit,
3118 2383 3343 2436 nomen,
3400 2371 3548 2436 quod

1979 2447 2259 2510 universas
2286 2459 2664 2512 emanationes
2694 2460 2940 2515 auctoris
2985 2461 3232 2517 omnium
3281 2462 3545 2526 declarat,

1976 2546 2032 2600 in
2066 2562 2126 2600 ea
2159 2562 2282 2616 quae
2319 2557 2469 2613 sunt,
2492 2556 2545 2602 et
2585 2562 2704 2618 qua:
2732 2564 2840 2604 non
2864 2559 3012 2617 sunt,
3051 2553 3289 2608 tenditur
3322 2563 3376 2608 et
3423 2569 3551 2624 por-

1981 2639 2210 2707 rigilur;
2243 2647 2297 2693 et
2327 2653 2491 2705 supra
2510 2639 2695 2694 omnia
2724 2655 2845 2709 quae
2873 2651 3022 2708 sunt,
3049 2654 3103 2697 et
3124 2659 3246 2714 quae
3264 2660 3369 2698 non
3398 2656 3525 2700 sunt

1978 2738 2065 2784 est
2100 2747 2114 2783 :
2147 2730 2195 2787 si
2224 2741 2404 2791 autem
2439 2730 2643 2785 bonum
2672 2730 2915 2802 idipsum
2969 2748 3094 2788 cum
3153 2735 3380 2805 pulchro
3440 2747 3545 2798 est,

1981 2837 2329 2878 communem
2355 2825 2581 2878 omnino
2606 2837 2734 2878 cum
2766 2840 2833 2881 eo
2866 2827 3255 2897 proprietatem
3292 2828 3550 2893 habebit;

1994 2916 2206 2984 eritque
2246 2918 2551 2987 proprietas
2582 2917 2799 2988 pulchri
2856 2919 3003 2974 tendi
3042 2920 3097 2979 iu
3119 2935 3181 2974 ea
3236 2936 3359 2991 quae
3402 2931 3555 2987 sunt,

1983 3017 2037 3062 et
2062 3023 2185 3077 quae
2208 3025 2312 3064 non
2342 3019 2490 3074 sunt,
2526 3019 2748 3081 prepter
2782 3011 3070 3081 pulchrum
3103 3013 3250 3068 enim
3274 3022 3329 3068 et
3349 3014 3550 3068 bonum

1984 3109 2182 3156 cuncta
2217 3102 2481 3170 producta
2512 3113 2665 3169 sunt,
2702 3102 2819 3157 imo
2848 3112 3074 3174 propter
3094 3104 3210 3158 haec
3235 3105 3376 3174 ipsa,
3436 3106 3556 3176 pul-

308 3197 461 3269 quod
495 3198 549 3253 in
580 3206 835 3253 creatura
865 3195 1296 3266 distinguuntur,
1345 3206 1400 3251 et
1459 3211 1581 3266 quae
1633 3198 1875 3266 ipsorum
1907 3229 1955 3293 ο
1989 3194 2183 3247 chrum
2215 3193 2336 3249 dico
2374 3202 2427 3249 et
2454 3194 2685 3260 bonum,
2718 3197 2849 3251 item
2880 3210 2943 3251 ea
2978 3212 3098 3267 qua:
3132 3213 3240 3252 non
3270 3206 3420 3264 sunt,
3452 3216 3560 3253 non

314 3291 599 3347 nominum
633 3287 959 3358 proprietas,
985 3301 1053 3347 ex
1094 3288 1179 3342 his
1240 3284 1591 3342 manifestum
1640 3287 1732 3344 sit.
1781 3285 1883 3358 Sy-

311 3381 491 3437 nodus
521 3392 710 3437 contra
741 3366 1071 3436 Manichaeos
1086 3379 1154 3435 ab
1174 3379 1436 3450 episcopo
1491 3379 1672 3435 Caron
1724 3380 1881 3436 babi-

311 3485 386 3545 ιο,
412 3473 614 3545 ιιιιῖεὶιι
642 3471 900 3527 Ponat-iis
965 3472 1156 3536 fertur,
1210 3473 1323 3527 ait:
1385 3472 1596 3528 Bonum
1659 3474 1712 3527 in
1776 3473 1883 3527 Deo

311 3566 617 3622 substantia
668 3573 774 3628 εει,
830 3564 884 3618 in
939 3566 1211 3620 creaturis
1262 3573 1444 3618 autem
1489 3564 1766 3619 accidens.
1819 3562 1886 3618 Et

315 3657 457 3710 idem
482 3657 688 3710 ibidem
721 3653 993 3711 :Bonitas
1019 3656 1189 3719 enim,
1225 3670 1348 3724 quae
1376 3656 1430 3710 in
1464 3655 1721 3711 universo
1769 3670 1887 3710 cer-

319 3745 490 3811 nitur,
521 3746 884 3803 intonsionem
912 3755 967 3800 εἰ
1011 3745 1389 3802 remissionem
1426 3756 1485 3801 ut
1507 3747 1765 3802 accidens
1796 3761 1885 3802 re-

321 3835 474 3903 cipit.
509 3834 572 3890 Et
595 3835 888 3906 Dionysius
918 3837 1094 3906 capite
1126 3837 1340 3891 decimo
1367 3837 1526 3892 tertio
1568 3838 1641 3893 De
1695 3838 1887 3893 divinis

324 3926 644 3992 nominibus,
696 3924 808 3981 Nec
870 3929 1071 3998 ipsum,
1125 3928 1324 3999 inquit,
1384 3942 1583 3983 nomen
1632 3917 1891 3986 boatitatis

324 4010 596 4071 divinitati
659 4025 913 4087 tanquam
974 4028 1163 4087 aptum
1237 4020 1742 4086 accommodamus,
1794 4020 1888 4076 sed

252 4155 254 4157 .
325 4109 599 4164 desiderio
624 4110 826 4179 aliquid
870 4110 1206 4182 intelligendi
1232 4120 1287 4166 et
1319 4111 1538 4165 dicendi
1568 4112 1636 4167 de
1694 4124 1891 4167 natura

327 4203 416 4256 illa
444 4217 645 4256 arcana
672 4212 726 4255 et
755 4202 1036 4266 inelfabili,
1085 4203 1233 4274 quod
1286 4213 1370 4258 est
1412 4203 1654 4259 omnium
1720 4207 1894 4280 nomi-

324 4309 453 4346 num
490 4294 725 4348 maxime
775 4294 1106 4360 venerabile,
1159 4295 1263 4367 ipsi
1311 4295 1548 4365 primnm
1608 4311 1897 4352 consecra-

328 4383 583 4441 mus.lJbi
612 4398 847 4453 sanctus
878 4385 1148 4442 Maximus
1181 4406 1194 4441 :
1227 4387 1309 4442 οι»
1340 4390 1481 4444 hanc
1504 4404 1750 4457 causam,
1803 4393 1896 4445 in-

327 4477 465 4544 quit.
499 4493 695 4531 nomen
731 4478 857 4533 boni
893 4489 988 4533 aut
1020 4480 1232 4547 pulchri
1268 4495 1375 4533 non
1411 4484 1630 4551 proprie
1679 4497 1893 4538 accom-

1988 3292 2119 3339 sunt
2146 3286 2431 3355 producta,
2470 3288 2728 3357 quoniam
2754 3306 2897 3348 unus
2925 3290 3005 3347 sol
3030 3299 3252 3360 propter
3276 3292 3481 3346 bonum
3505 3301 3564 3346 et

1990 3378 2282 3444 pulchrum
2313 3378 2490 3436 lactus
2521 3388 2627 3446 est,
2655 3391 2709 3434 ει
2736 3381 2873 3436 alter
2913 3383 2993 3437 sol
3024 3383 3116 3451 qui
3148 3398 3253 3436 non
3302 3395 3406 3450 est,
3440 3400 3565 3454 pro-

1992 3474 2109 3535 pter
2141 3468 2340 3523 bonum
2371 3469 2498 3522 item
2532 3480 2586 3523 et
2611 3471 2898 3537 pulchrum
2923 3486 3031 3525 non
3068 3481 3152 3527 est
3204 3470 3380 3529 factus
3408 3491 3421 3527 :
3456 3475 3564 3528 ita-

1993 3576 2099 3629 que
2123 3563 2230 3615 dno
2265 3578 2370 3616 non
2397 3571 2526 3616 sunt.
2554 3560 2682 3616 [ιειί
2710 3571 2928 3631 propter
2948 3563 3198 3619 eamdem
3263 3550 3563 3619 bonitatem

1994 3664 2050 3708 et
2073 3655 2561 3722 pulchritudinem.
2589 3654 2645 3709 Si
2669 3655 2816 3723 enim
2847 3670 3019 3710 unum
3066 3658 3237 3711 solem
3273 3658 3325 3711 in
3370 3660 3568 3714 ardore

1996 3744 2142 3800 ferre
2168 3760 2275 3800 non
2311 3759 2624 3814 possumus,
2655 3748 2699 3800 si
2731 3746 2841 3801 duo
2867 3754 3071 3814 essent,
3110 3748 3232 3815 quis
3279 3765 3384 3803 non
3418 3764 3569 3805 cont-

1997 3834 2195 3891 bustus
2240 3836 2606 3891 remaneret?
2658 3835 2890 3907 Propter
2936 3837 3235 3892 bonitatem
3300 3839 3466 3908 igitur
3513 3854 3570 3898 et

1942 3955 1957 3968 -
1999 3926 2466 3996 pulchritudinem
2492 3928 2661 3982 etiam
2689 3927 2835 3997 quod
2890 3939 3125 3995 nonest,
3164 3945 3272 3985 non
3309 3946 3395 3987 est
3449 3933 3567 3990 fac-

1999 4028 2135 4074 tum.
2161 4018 2337 4074 Simul
2354 4020 2785 4074 demonstratum
2805 4028 2909 4084 est,
2927 4023 3110 4077 omnia
3133 4024 3354 4078 nomina
3378 4027 3431 4080 in
3460 4025 3572 4083 Deo

2001 4125 2109 4164 non
2145 4111 2311 4165 dividi
2350 4110 2404 4163 in
2451 4110 2906 4180 participationes
2932 4125 2989 4169 et
3018 4115 3337 4186 participata
3370 4136 3383 4172 :
3413 4128 3572 4174 extra.

2005 4205 2174 4260 Deum
2213 4212 2418 4270 autem,
2453 4219 2578 4259 cum
2615 4205 2797 4272 agitur
2827 4207 2895 4261 de
2926 4207 3393 4273 emanationibus,
3439 4220 3572 4266 tunc

2003 4296 2548 4367 ctparticipationes,
2581 4307 2632 4351 et
2689 4298 2996 4367 passiones,
3038 4308 3095 4352 et
3144 4302 3446 4356 accidentia
3487 4318 3575 4358 re-

2001 4391 2480 4460 pntanturzsicut
2508 4390 2771 4445 motusin
2833 4391 3149 4457 mobilibus,
3206 4404 3260 4447 et
3313 4395 3577 4463 Operatio-

2006 4499 2103 4540 nes
2169 4483 2224 4537 in
2282 4481 2531 4548 eﬂ‘ectis;
2587 4496 2689 4538 nec
2745 4498 2864 4552 qua:
2915 4483 3040 4538 talia
3077 4496 3223 4549 sunt,
3258 4486 3580 4543 substantia;

330 4569 584 4624 tundatur
610 4571 738 4635 Deo,
777 4570 906 4641 quia
941 4571 1054 4625 haec
1096 4571 1149 4625 in
1179 4572 1344 4627 rebus
1369 4574 1719 4642 reperiuntur
1751 4595 1792 4635 ε,
1817 4579 1899 4633 sic
1932 4582 1976 4638 ι)
2006 4578 2289 4642 dicuntur,
2322 4577 2452 4647 quia
2487 4584 2546 4630 ut
2574 4586 2736 4632 antea
2785 4578 3220 4635 demonstratum
3271 4590 3378 4645 est,
3448 4594 3579 4639 tunc

326 4661 487 4714 etiam
522 4664 778 4730 superius
808 4661 1017 4717 dictum
1042 4662 1311 4732 reperies,
1334 4664 1463 4733 quia
1520 4666 1636 4722 ha-c
1691 4669 1898 4736 passio-

401 4850 447 4883 "
474 4849 632 4906 Cant.
666 4865 709 4917 ι,
744 4850 833 4917 15,
909 4847 955 4881 ³⁸
983 4849 1130 4907 Psal.
1155 4865 1298 4918 aur,
1328 4849 1383 4929 β.

2006 4679 2157 4736 sunt,
2189 4684 2310 4725 cum
2343 4668 2496 4722 ﬁunt.

1824 4968 2096 5033 Scholia.

407 5080 486 5148 (ὅ)
524 5076 722 5134 Omnia
781 5083 1070 5148 secundum
1129 5090 1341 5148 omnem
1384 5090 1605 5129 causam
1637 5073 1916 5148 pulchrum

324 5160 380 5206 et
417 5143 611 5204 bonum
640 5157 911 5217 appetunt.
951 5146 1091 5217 Quia
1149 5143 1292 5217 Deus
1317 5155 1401 5217 est
1438 5159 1601 5199 causa
1638 5143 1915 5217 ieiunium

329 5220 601 5283 effectrix,
640 5214 731 5285 qui
764 5232 886 5271 cum
926 5216 1185 5269 clunibus
1212 5215 1513 5285 bonitatem
1556 5222 1610 5267 et
1664 5214 1914 5280 pulchri-

324 5290 578 5345 tudinem
598 5283 753 5342 suam
789 5287 1186 5348 communicat,
1211 5295 1265 5338 et
1302 5283 1428 5352 quia
1471 5285 1598 5338 linis
1623 5286 1914 5348 .omnium,

333 5360 518 5413 omnia
553 5359 696 5413 enim
756 5356 901 5411 facta
955 5366 1104 5418 sunt,
1140 5363 1199 5408 nt
1252 5353 1492 5409 divinam
1530 5353 1826 5409 bonitatem
1861 5362 1918 5417 et

335 5429 827 5500 pulchritudinem,
866 5437 927 5479 ut
958 5424 1215 5500 quidque
1235 5423 1768 5500 potest,_imiten‘tur.
1797 5421 1914 5500 _Est

333 5492 602 5569 praeterea
642 5511 805 5551 causa
831 5492 1348 5569 esemplarislleus,
1370 5494 1497 5561 quia
1517 5493 1704 5569 omnia
1724 5492 1914 5569 prius-

334 5563 499 5638 quam
545 5566 760 5631 tierent,
793 5563 1013 5638 etinter
1040 5580 1111 5638 se
1141 5564 1630 5638 distinguerentur,
1688 5563 1743 5617 in
1790 5564 1909 5638 ipso

334 5633 516 5700 erant,
543 5645 600 5692 et
629 5637 927 5695 secundum
952 5635 1192 5689 rationes
1231 5642 1286 5688 et
1313 5633 1644 5702 exemplaria
1665 5636 1910 5689 omnium

335 5722 462 5776 quae
526 5708 584 5763 in
647 5720 709 5762 se
774 5704 1031 5770 habebat,
1103 5706 1289 5759 ornnia
1359 5706 1501 5758 facta
1566 5713 1618 5758 et
1670 5703 1912 5759 discreta

336 5785 494 5834 sum.
522 5824 533 5831 .
796 5799 801 5805 ·
1486 5796 1497 5809 ι
1605 5794 1612 5801 '

406 5847 490 5919 (4)
532 5844 766 5914 Quando
819 5843 874 5898 in
901 5840 1013 5898 Deo
1058 5842 1322 5896 laudatur
1358 5859 1522 5914 supra
1565 5845 1917 5901 substantiam

592 5924 627 5947 "
659 5940 933 6002 ctu-nor.
979 5938 1096 6041 ea.
1140 5937 1314 6002 CLII.

2016 5076 2305 5152 auferendo
2344 5077 2545 5152 omnia.
2593 5076 2829 5152 Exponit
2880 5082 3100 5151 quando
3153 5084 3297 5152 quod
3337 5098 3443 5140 non
3477 5094 3584 5151 est.

2016 5148 2314 5221 participat
2340 5148 2629 5221 pulchrum
2661 5148 2975 5221 et_bonuin,
3003 5148 3225 5221 quando
3250 5155 3462 5211 scilicet
3488 5148 3588 5212 ali-

2015 5217 2142 5296 Quis
2159 5217 2458 5296 dicit.:_H_ne
2476 5232 2584 5272 non
2612 5227 2694 5273 est
2720 5217 2885 5296 Deus,
2905 5236 3003 5296 nec
3019 5217 3175 5296 illud,
3198 5226 3288 5279 sed
3311 5239 3397 5280 est
3424 5243 3591 5296 supra

2019 5289 2135 5360 hinc
2160 5304 2177 5352 ;
2203 5288 2304 5341 hoc
2331 5289 2496 5360 igitur
2531 5303 2638 5360 non
2667 5304 2806 5349 esse,
2840 5293 3044 5345 ablatio
3071 5292 3291 5360 inquam
3322 5288 3590 5360 omnium,

2018 5357 2692 5432 sive_uegatioparticipat
2716 5361 3001 5427 pulchrum
3034 5372 3089 5417 et
3138 5357 3366 5424 bonum,
3398 5357 3593 5432 quate;

2019 5442 2121 5480 nus
2146 5426 2286 5481 Deus
2314 5429 2517 5481 dicitur
2552 5442 2658 5480 non
2692 5426 2837 5484 esse.
2896 5432 3082 5486 Potest
3129 5436 3292 5487 etiam
3325 5426 3429 5488 dici
3507 5436 3595 5489 hic

2016 5512 2124 5550 non
2178 5512 2299 5551 esse
2332 5497 2647 5575 materia_u_t
2677 5499 2782 5575 dici
2823 5502 2963 5555 solet
3009 5518 3038 5554 a
3069 5504 3371 5575 Dionysio,
3401 5514 3595 5571 quale-

2018 5582 2123 5620 mts
2151 5583 2351 5640 expers
2375 5576 2459 5621 est
2485 5568 2724 5636 pulchra:
2748 5570 2955 5631 formae,
2984 5582 3164 5640 potest
3195 5568 3319 5626 item
3346 5568 3449 5627 dici
3486 5588 3594 5627 non

2015 5651 2138 5691 esse
2169 5637 2392 5702 malum,
2423 5650 2482 5691 ut
2526 5640 2692 5691 etiam
2721 5641 2858 5693 alias
2889 5637 3114 5704 dicitur,
3165 5652 3214 5695 et
3267 5644 3367 5696 hoc
3429 5644 3594 5697 etiam

2018 5708 2307 5781 participat
2365 5711 2589 5781 bonum,
2641 5711 2769 5781 quia
2826 5710 2883 5764 lit
2917 5723 3140 5781 promer
3185 5712 3415 5778 aliquid,
3449 5714 3599 5781 quod

2020 5777 2307 5845 pulchrum
2347 5787 2399 5831 et
2426 5778 2629 5834 bonum
2661 5777 2894 5836 videtur.
2917 5777 3033 5835 Ἐἰ
3058 5781 3113 5834 δ.
3161 5777 3422 5849 Maximo,
3452 5777 3508 5840 ct
3524 5799 3598 5839 es

2012 5849 2363 5917 l’acbymero.

3207 5942 3284 6004 26
