  <div class='ocr_page' id='page_1' title='image "/cluster/home/n/w/nwhite01/storage/ocr_20150623/152/coo.31924054870575/414.png"; bbox 0 0 4048 6428; ppageno 0'>
   <div class='ocr_carea' id='block_1_1' title="bbox 235 432 341 497">
    <p class='ocr_par' dir='ltr' id='par_1_1' title="bbox 235 432 341 497">
     <span class='ocr_line' id='line_1_1' title="bbox 235 432 341 497; baseline -0.009 -1"><span class='ocrx_word' id='word_1_1' title='bbox 235 432 341 497; x_wconf 84' lang='grc'><strong>813</strong></span> 
     </span>
    </p>
   </div>
   <div class='ocr_carea' id='block_1_2' title="bbox 953 369 2804 488">
    <p class='ocr_par' dir='ltr' id='par_1_2' title="bbox 953 369 2804 488">
     <span class='ocr_line' id='line_1_2' title="bbox 953 369 2804 488; baseline -0.003 -3"><span class='ocrx_word' id='word_1_2' title='bbox 953 423 1188 485; x_wconf 80' lang='lat' dir='ltr'><strong>DECAS</strong></span> <span class='ocrx_word' id='word_1_3' title='bbox 1229 424 1373 488; x_wconf 86' lang='grc' dir='ltr'><strong>ν,-</strong></span> <span class='ocrx_word' id='word_1_4' title='bbox 1414 421 1512 482; x_wconf 88' lang='lat' dir='ltr'><strong>DE</strong></span> <span class='ocrx_word' id='word_1_5' title='bbox 1541 369 2205 482; x_wconf 77' lang='lat' dir='ltr'><strong>PROPRIETATIBUS</strong></span> <span class='ocrx_word' id='word_1_6' title='bbox 2247 419 2485 480; x_wconf 82' lang='lat' dir='ltr'><strong>DIVlN.</strong></span> <span class='ocrx_word' id='word_1_7' title='bbox 2528 417 2804 480; x_wconf 85' lang='lat' dir='ltr'><strong>NOMIN.</strong></span> 
     </span>
    </p>
   </div>
   <div class='ocr_carea' id='block_1_3' title="bbox 3401 394 3529 480">
    <p class='ocr_par' dir='ltr' id='par_1_3' title="bbox 3401 394 3529 480">
     <span class='ocr_line' id='line_1_3' title="bbox 3401 394 3529 480; baseline -0.016 0"><span class='ocrx_word' id='word_1_8' title='bbox 3401 394 3529 480; x_wconf 64' lang='lat' dir='ltr'><strong>sit</strong></span> 
     </span>
    </p>
   </div>
   <div class='ocr_carea' id='block_1_4' title="bbox 237 521 3503 604">
    <p class='ocr_par' dir='ltr' id='par_1_4' title="bbox 237 521 3503 604">
     <span class='ocr_line' id='line_1_4' title="bbox 237 521 3503 604; baseline -0.006 -6"><span class='ocrx_word' id='word_1_9' title='bbox 237 556 388 598; x_wconf 88' lang='lat' dir='ltr'><strong>nunc</strong></span> <span class='ocrx_word' id='word_1_10' title='bbox 419 553 550 594; x_wconf 83' lang='lat' dir='ltr'><strong>vero</strong></span> <span class='ocrx_word' id='word_1_11' title='bbox 593 535 883 592; x_wconf 77' lang='lat' dir='ltr'><strong>amabilem</strong></span> <span class='ocrx_word' id='word_1_12' title='bbox 935 544 990 587; x_wconf 89' lang='lat' dir='ltr'><strong>et</strong></span> <span class='ocrx_word' id='word_1_13' title='bbox 1026 533 1331 588; x_wconf 72' lang='lat' dir='ltr'><strong>dilectum?</strong></span> <span class='ocrx_word' id='word_1_14' title='bbox 1365 533 1511 588; x_wconf 91' lang='lat' dir='ltr'><strong>illius</strong></span> <span class='ocrx_word' id='word_1_15' title='bbox 1564 533 1810 602; x_wconf 82' lang='lat' dir='ltr'><strong>quidem,</strong></span> <span class='ocrx_word' id='word_1_16' title='bbox 1843 549 1884 604; x_wconf 67' lang='grc' dir='ltr'><strong>Α</strong></span> <span class='ocrx_word' id='word_1_17' title='bbox 1935 527 2204 597; x_wconf 90' lang='lat' dir='ltr'><strong>principio</strong></span> <span class='ocrx_word' id='word_1_18' title='bbox 2231 541 2458 582; x_wconf 85' lang='lat' dir='ltr'><strong>carens:</strong></span> <span class='ocrx_word' id='word_1_19' title='bbox 2480 526 2624 596; x_wconf 91' lang='lat' dir='ltr'><strong>quod</strong></span> <span class='ocrx_word' id='word_1_20' title='bbox 2657 525 2875 594; x_wconf 83' lang='lat' dir='ltr'><strong>quidem</strong></span> <span class='ocrx_word' id='word_1_21' title='bbox 2900 521 3232 580; x_wconf 77' lang='lat' dir='ltr'><strong>desiderium</strong></span> <span class='ocrx_word' id='word_1_22' title='bbox 3254 533 3503 580; x_wconf 89' lang='lat' dir='ltr'><strong>nostrum</strong></span> 
     </span>
    </p>
   </div>
   <div class='ocr_carea' id='block_1_5' title="bbox 244 624 1821 694">
    <p class='ocr_par' dir='ltr' id='par_1_5' title="bbox 244 624 1821 694">
     <span class='ocr_line' id='line_1_5' title="bbox 244 624 1821 694; baseline -0.007 -8"><span class='ocrx_word' id='word_1_23' title='bbox 244 635 294 686; x_wconf 91' lang='lat' dir='ltr'><strong>id</strong></span> <span class='ocrx_word' id='word_1_24' title='bbox 325 639 434 694; x_wconf 89' lang='lat' dir='ltr'><strong>est,</strong></span> <span class='ocrx_word' id='word_1_25' title='bbox 493 628 698 684; x_wconf 89' lang='lat' dir='ltr'><strong>amoris</strong></span> <span class='ocrx_word' id='word_1_26' title='bbox 752 641 818 681; x_wconf 87' lang='lat' dir='ltr'><strong>ac</strong></span> <span class='ocrx_word' id='word_1_27' title='bbox 850 624 1161 680; x_wconf 70' lang='lat' dir='ltr'><strong>dilectionis</strong></span> <span class='ocrx_word' id='word_1_28' title='bbox 1193 632 1406 687; x_wconf 87' lang='lat' dir='ltr'><strong>auctor,</strong></span> <span class='ocrx_word' id='word_1_29' title='bbox 1447 631 1503 678; x_wconf 90' lang='lat' dir='ltr'><strong>et</strong></span> <span class='ocrx_word' id='word_1_30' title='bbox 1561 634 1821 690; x_wconf 71' lang='lat' dir='ltr'><strong>tanquam</strong></span> 
     </span>
    </p>
   </div>
   <div class='ocr_carea' id='block_1_6' title="bbox 243 714 1830 792">
    <p class='ocr_par' dir='ltr' id='par_1_6' title="bbox 243 714 1830 792">
     <span class='ocr_line' id='line_1_6' title="bbox 243 714 1830 792; baseline -0.005 -17"><span class='ocrx_word' id='word_1_31' title='bbox 243 723 544 792; x_wconf 87' lang='lat' dir='ltr'><strong>productor</strong></span> <span class='ocrx_word' id='word_1_32' title='bbox 591 727 646 772; x_wconf 90' lang='lat' dir='ltr'><strong>et</strong></span> <span class='ocrx_word' id='word_1_33' title='bbox 707 724 998 788; x_wconf 71' lang='lat' dir='ltr'><strong>generator</strong></span> <span class='ocrx_word' id='word_1_34' title='bbox 1047 723 1150 779; x_wconf 87' lang='lat' dir='ltr'><strong>est;</strong></span> <span class='ocrx_word' id='word_1_35' title='bbox 1203 714 1308 769; x_wconf 91' lang='lat' dir='ltr'><strong>hoc</strong></span> <span class='ocrx_word' id='word_1_36' title='bbox 1365 727 1571 780; x_wconf 88' lang='lat' dir='ltr'><strong>autem,</strong></span> <span class='ocrx_word' id='word_1_37' title='bbox 1640 715 1692 768; x_wconf 89' lang='lat' dir='ltr'><strong>id</strong></span> <span class='ocrx_word' id='word_1_38' title='bbox 1743 721 1830 769; x_wconf 91' lang='lat' dir='ltr'><strong>est</strong></span> 
     </span>
    </p>
   </div>
   <div class='ocr_carea' id='block_1_7' title="bbox 246 806 1828 877">
    <p class='ocr_par' dir='ltr' id='par_1_7' title="bbox 246 806 1828 877">
     <span class='ocr_line' id='line_1_7' title="bbox 246 806 1828 877; baseline -0.007 -8"><span class='ocrx_word' id='word_1_39' title='bbox 246 813 500 869; x_wconf 86' lang='lat' dir='ltr'><strong>amabilis</strong></span> <span class='ocrx_word' id='word_1_40' title='bbox 525 819 580 866; x_wconf 90' lang='lat' dir='ltr'><strong>et</strong></span> <span class='ocrx_word' id='word_1_41' title='bbox 611 810 846 866; x_wconf 81' lang='lat' dir='ltr'><strong>dilectus</strong></span> <span class='ocrx_word' id='word_1_42' title='bbox 871 809 988 877; x_wconf 89' lang='lat' dir='ltr'><strong>ipse</strong></span> <span class='ocrx_word' id='word_1_43' title='bbox 1021 816 1124 874; x_wconf 89' lang='lat' dir='ltr'><strong>est,</strong></span> <span class='ocrx_word' id='word_1_44' title='bbox 1180 806 1275 861; x_wconf 91' lang='lat' dir='ltr'><strong>illo</strong></span> <span class='ocrx_word' id='word_1_45' title='bbox 1302 807 1546 875; x_wconf 89' lang='lat' dir='ltr'><strong>quidem,</strong></span> <span class='ocrx_word' id='word_1_46' title='bbox 1611 807 1663 859; x_wconf 89' lang='lat' dir='ltr'><strong>id</strong></span> <span class='ocrx_word' id='word_1_47' title='bbox 1723 815 1828 870; x_wconf 89' lang='lat' dir='ltr'><strong>est,</strong></span> 
     </span>
    </p>
   </div>
   <div class='ocr_carea' id='block_1_8' title="bbox 250 896 1827 962">
    <p class='ocr_par' dir='ltr' id='par_1_8' title="bbox 250 896 1827 962">
     <span class='ocr_line' id='line_1_8' title="bbox 250 896 1827 962; baseline -0.007 -2"><span class='ocrx_word' id='word_1_48' title='bbox 250 919 435 960; x_wconf 90' lang='lat' dir='ltr'><strong>amore</strong></span> <span class='ocrx_word' id='word_1_49' title='bbox 467 911 519 956; x_wconf 91' lang='lat' dir='ltr'><strong>et</strong></span> <span class='ocrx_word' id='word_1_50' title='bbox 547 900 847 956; x_wconf 71' lang='lat' dir='ltr'><strong>dilectione</strong></span> <span class='ocrx_word' id='word_1_51' title='bbox 878 908 1164 961; x_wconf 89' lang='lat' dir='ltr'><strong>movetur;</strong></span> <span class='ocrx_word' id='word_1_52' title='bbox 1220 896 1324 950; x_wconf 85' lang='lat' dir='ltr'><strong>hoc</strong></span> <span class='ocrx_word' id='word_1_53' title='bbox 1373 905 1577 961; x_wconf 88' lang='lat' dir='ltr'><strong>autem,</strong></span> <span class='ocrx_word' id='word_1_54' title='bbox 1624 896 1674 950; x_wconf 92' lang='lat' dir='ltr'><strong>id</strong></span> <span class='ocrx_word' id='word_1_55' title='bbox 1724 904 1827 962; x_wconf 89' lang='lat' dir='ltr'><strong>est,</strong></span> 
     </span>
    </p>
   </div>
   <div class='ocr_carea' id='block_1_9' title="bbox 259 987 1829 1056">
    <p class='ocr_par' dir='ltr' id='par_1_9' title="bbox 259 987 1829 1056">
     <span class='ocr_line' id='line_1_9' title="bbox 259 987 1829 1056; baseline -0.006 -8"><span class='ocrx_word' id='word_1_56' title='bbox 259 1002 316 1048; x_wconf 84' lang='grc' dir='ltr'><strong>ιιι</strong></span> <span class='ocrx_word' id='word_1_57' title='bbox 351 992 606 1047; x_wconf 85' lang='lat' dir='ltr'><strong>amabilis</strong></span> <span class='ocrx_word' id='word_1_58' title='bbox 636 1001 688 1043; x_wconf 88' lang='lat' dir='ltr'><strong>et</strong></span> <span class='ocrx_word' id='word_1_59' title='bbox 719 989 955 1043; x_wconf 84' lang='lat' dir='ltr'><strong>dilectus</strong></span> <span class='ocrx_word' id='word_1_60' title='bbox 986 997 1185 1051; x_wconf 92' lang='lat' dir='ltr'><strong>movet,</strong></span> <span class='ocrx_word' id='word_1_61' title='bbox 1221 989 1344 1056; x_wconf 84' lang='lat' dir='ltr'><strong>quia</strong></span> <span class='ocrx_word' id='word_1_62' title='bbox 1367 1002 1426 1042; x_wconf 84' lang='lat' dir='ltr'><strong>se</strong></span> <span class='ocrx_word' id='word_1_63' title='bbox 1455 987 1571 1056; x_wconf 89' lang='lat' dir='ltr'><strong>ipse</strong></span> <span class='ocrx_word' id='word_1_64' title='bbox 1586 987 1829 1053; x_wconf 87' lang='lat' dir='ltr'><strong>adducit,</strong></span> 
     </span>
    </p>
   </div>
   <div class='ocr_carea' id='block_1_10' title="bbox 253 1078 1829 1140">
    <p class='ocr_par' dir='ltr' id='par_1_10' title="bbox 253 1078 1829 1140">
     <span class='ocr_line' id='line_1_10' title="bbox 253 1078 1829 1140; baseline -0.006 -1"><span class='ocrx_word' id='word_1_65' title='bbox 253 1101 307 1139; x_wconf 88' lang='lat' dir='ltr'><strong>et</strong></span> <span class='ocrx_word' id='word_1_66' title='bbox 335 1086 438 1140; x_wconf 86' lang='lat' dir='ltr'><strong>sibi</strong></span> <span class='ocrx_word' id='word_1_67' title='bbox 463 1083 686 1138; x_wconf 89' lang='lat' dir='ltr'><strong>adducit</strong></span> <span class='ocrx_word' id='word_1_68' title='bbox 713 1088 769 1134; x_wconf 90' lang='lat' dir='ltr'><strong>et</strong></span> <span class='ocrx_word' id='word_1_69' title='bbox 792 1086 1002 1132; x_wconf 88' lang='lat' dir='ltr'><strong>movet:</strong></span> <span class='ocrx_word' id='word_1_70' title='bbox 1030 1078 1133 1132; x_wconf 91' lang='lat' dir='ltr'><strong>hac</strong></span> <span class='ocrx_word' id='word_1_71' title='bbox 1149 1083 1327 1131; x_wconf 86' lang='lat' dir='ltr'><strong>autem</strong></span> <span class='ocrx_word' id='word_1_72' title='bbox 1346 1078 1554 1132; x_wconf 77' lang='lat' dir='ltr'><strong>ratione</strong></span> <span class='ocrx_word' id='word_1_73' title='bbox 1571 1078 1829 1131; x_wconf 91' lang='lat' dir='ltr'><strong>dilectum</strong></span> 
     </span>
    </p>
   </div>
   <div class='ocr_carea' id='block_1_11' title="bbox 249 1164 1830 1233">
    <p class='ocr_par' dir='ltr' id='par_1_11' title="bbox 249 1164 1830 1233">
     <span class='ocr_line' id='line_1_11' title="bbox 249 1164 1830 1233; baseline -0.009 -3"><span class='ocrx_word' id='word_1_74' title='bbox 249 1189 304 1230; x_wconf 90' lang='lat' dir='ltr'><strong>et</strong></span> <span class='ocrx_word' id='word_1_75' title='bbox 353 1174 639 1228; x_wconf 84' lang='lat' dir='ltr'><strong>amabilem</strong></span> <span class='ocrx_word' id='word_1_76' title='bbox 686 1185 813 1223; x_wconf 87' lang='lat' dir='ltr'><strong>eum</strong></span> <span class='ocrx_word' id='word_1_77' title='bbox 870 1175 1083 1232; x_wconf 87' lang='lat' dir='ltr'><strong>vocant,</strong></span> <span class='ocrx_word' id='word_1_78' title='bbox 1133 1175 1384 1233; x_wconf 85' lang='lat' dir='ltr'><strong>tanquam</strong></span> <span class='ocrx_word' id='word_1_79' title='bbox 1434 1164 1718 1232; x_wconf 89' lang='lat' dir='ltr'><strong>pulchrum</strong></span> <span class='ocrx_word' id='word_1_80' title='bbox 1775 1173 1830 1216; x_wconf 92' lang='lat' dir='ltr'><strong>et</strong></span> 
     </span>
    </p>
   </div>
   <div class='ocr_carea' id='block_1_12' title="bbox 257 1255 1830 1324">
    <p class='ocr_par' dir='ltr' id='par_1_12' title="bbox 257 1255 1830 1324">
     <span class='ocr_line' id='line_1_12' title="bbox 257 1255 1830 1324; baseline -0.01 -1"><span class='ocrx_word' id='word_1_81' title='bbox 257 1269 460 1322; x_wconf 92' lang='lat' dir='ltr'><strong>bonum</strong></span> <span class='ocrx_word' id='word_1_82' title='bbox 494 1281 507 1317; x_wconf 87' lang='lat'><strong>:</strong></span> <span class='ocrx_word' id='word_1_83' title='bbox 538 1277 784 1318; x_wconf 86' lang='lat' dir='ltr'><strong>amorem</strong></span> <span class='ocrx_word' id='word_1_84' title='bbox 820 1273 948 1312; x_wconf 86' lang='lat' dir='ltr'><strong>vero</strong></span> <span class='ocrx_word' id='word_1_85' title='bbox 1022 1271 1216 1324; x_wconf 77' lang='lat' dir='ltr'><strong>rursus</strong></span> <span class='ocrx_word' id='word_1_86' title='bbox 1255 1267 1308 1309; x_wconf 92' lang='lat' dir='ltr'><strong>et</strong></span> <span class='ocrx_word' id='word_1_87' title='bbox 1339 1255 1682 1310; x_wconf 83' lang='lat' dir='ltr'><strong>dilectionem</strong></span> <span class='ocrx_word' id='word_1_88' title='bbox 1710 1263 1830 1308; x_wconf 90' lang='lat' dir='ltr'><strong>tan-</strong></span> 
     </span>
    </p>
   </div>
   <div class='ocr_carea' id='block_1_13' title="bbox 263 1350 1836 1428">
    <p class='ocr_par' dir='ltr' id='par_1_13' title="bbox 263 1350 1836 1428">
     <span class='ocr_line' id='line_1_13' title="bbox 263 1350 1836 1428; baseline -0.008 -18"><span class='ocrx_word' id='word_1_89' title='bbox 263 1376 425 1428; x_wconf 87' lang='lat' dir='ltr'><strong>quam</strong></span> <span class='ocrx_word' id='word_1_90' title='bbox 452 1364 762 1410; x_wconf 84' lang='lat' dir='ltr'><strong>moventem</strong></span> <span class='ocrx_word' id='word_1_91' title='bbox 797 1351 896 1420; x_wconf 87' lang='lat' dir='ltr'><strong>(l),</strong></span> <span class='ocrx_word' id='word_1_92' title='bbox 922 1365 1046 1404; x_wconf 91' lang='lat' dir='ltr'><strong>eum</strong></span> <span class='ocrx_word' id='word_1_93' title='bbox 1075 1350 1286 1406; x_wconf 81' lang='lat' dir='ltr'><strong>scilicet</strong></span> <span class='ocrx_word' id='word_1_94' title='bbox 1335 1350 1401 1416; x_wconf 80' lang='lat' dir='ltr'><strong>ad</strong></span> <span class='ocrx_word' id='word_1_95' title='bbox 1456 1358 1755 1409; x_wconf 85' lang='lat' dir='ltr'><strong>creaturas,</strong></span> <span class='ocrx_word' id='word_1_96' title='bbox 1781 1355 1836 1399; x_wconf 91' lang='lat' dir='ltr'><strong>ct</strong></span> 
     </span>
    </p>
   </div>
   <div class='ocr_carea' id='block_1_14' title="bbox 259 1441 1832 1510">
    <p class='ocr_par' dir='ltr' id='par_1_14' title="bbox 259 1441 1832 1510">
     <span class='ocr_line' id='line_1_14' title="bbox 259 1441 1832 1510; baseline -0.009 -7"><span class='ocrx_word' id='word_1_97' title='bbox 259 1453 326 1503; x_wconf 90' lang='lat' dir='ltr'><strong>ad</strong></span> <span class='ocrx_word' id='word_1_98' title='bbox 355 1465 414 1503; x_wconf 89' lang='lat' dir='ltr'><strong>se</strong></span> <span class='ocrx_word' id='word_1_99' title='bbox 444 1458 735 1501; x_wconf 86' lang='lat' dir='ltr'><strong>creaturas</strong></span> <span class='ocrx_word' id='word_1_100' title='bbox 768 1443 1146 1507; x_wconf 68' lang='lat' dir='ltr'><strong>adducentem,</strong></span> <span class='ocrx_word' id='word_1_101' title='bbox 1198 1441 1292 1510; x_wconf 90' lang='lat' dir='ltr'><strong>qui</strong></span> <span class='ocrx_word' id='word_1_102' title='bbox 1333 1443 1482 1496; x_wconf 88' lang='lat' dir='ltr'><strong>solus</strong></span> <span class='ocrx_word' id='word_1_103' title='bbox 1527 1451 1612 1496; x_wconf 90' lang='lat' dir='ltr'><strong>est</strong></span> <span class='ocrx_word' id='word_1_104' title='bbox 1656 1442 1832 1510; x_wconf 89' lang='lat' dir='ltr'><strong>ipsum</strong></span> 
     </span>
    </p>
   </div>
   <div class='ocr_carea' id='block_1_15' title="bbox 261 1534 1830 1608">
    <p class='ocr_par' dir='ltr' id='par_1_15' title="bbox 261 1534 1830 1608">
     <span class='ocr_line' id='line_1_15' title="bbox 261 1534 1830 1608; baseline -0.003 -16"><span class='ocrx_word' id='word_1_105' title='bbox 261 1547 486 1608; x_wconf 83' lang='lat' dir='ltr'><strong>propter</strong></span> <span class='ocrx_word' id='word_1_106' title='bbox 519 1553 578 1592; x_wconf 89' lang='lat' dir='ltr'><strong>se</strong></span> <span class='ocrx_word' id='word_1_107' title='bbox 610 1538 896 1606; x_wconf 80' lang='lat' dir='ltr'><strong>pulchrum</strong></span> <span class='ocrx_word' id='word_1_108' title='bbox 925 1541 979 1588; x_wconf 89' lang='lat' dir='ltr'><strong>et</strong></span> <span class='ocrx_word' id='word_1_109' title='bbox 1001 1534 1205 1588; x_wconf 88' lang='lat' dir='ltr'><strong>bonum</strong></span> <span class='ocrx_word' id='word_1_110' title='bbox 1233 1543 1288 1586; x_wconf 90' lang='lat' dir='ltr'><strong>et</strong></span> <span class='ocrx_word' id='word_1_111' title='bbox 1318 1545 1574 1602; x_wconf 85' lang='lat' dir='ltr'><strong>tanquam</strong></span> <span class='ocrx_word' id='word_1_112' title='bbox 1596 1534 1830 1589; x_wconf 89' lang='lat' dir='ltr'><strong>indicem</strong></span> 
     </span>
    </p>
   </div>
   <div class='ocr_carea' id='block_1_16' title="bbox 264 1625 1832 1700">
    <p class='ocr_par' dir='ltr' id='par_1_16' title="bbox 264 1625 1832 1700">
     <span class='ocr_line' id='line_1_16' title="bbox 264 1625 1832 1700; baseline -0.004 -14"><span class='ocrx_word' id='word_1_113' title='bbox 264 1632 350 1686; x_wconf 90' lang='lat' dir='ltr'><strong>sui</strong></span> <span class='ocrx_word' id='word_1_114' title='bbox 382 1631 550 1700; x_wconf 83' lang='lat' dir='ltr'><strong>ipsius</strong></span> <span class='ocrx_word' id='word_1_115' title='bbox 601 1643 698 1698; x_wconf 89' lang='lat' dir='ltr'><strong>per</strong></span> <span class='ocrx_word' id='word_1_116' title='bbox 753 1629 1013 1691; x_wconf 80' lang='lat' dir='ltr'><strong>seipsttm,</strong></span> <span class='ocrx_word' id='word_1_117' title='bbox 1047 1637 1104 1678; x_wconf 89' lang='lat' dir='ltr'><strong>et</strong></span> <span class='ocrx_word' id='word_1_118' title='bbox 1152 1635 1210 1678; x_wconf 92' lang='lat' dir='ltr'><strong>ut</strong></span> <span class='ocrx_word' id='word_1_119' title='bbox 1255 1625 1454 1679; x_wconf 89' lang='lat' dir='ltr'><strong>bonum</strong></span> <span class='ocrx_word' id='word_1_120' title='bbox 1490 1640 1832 1695; x_wconf 89' lang='lat' dir='ltr'><strong>progressum</strong></span> 
     </span>
    </p>
   </div>
   <div class='ocr_carea' id='block_1_17' title="bbox 266 1717 1831 1792">
    <p class='ocr_par' dir='ltr' id='par_1_17' title="bbox 266 1717 1831 1792">
     <span class='ocr_line' id='line_1_17' title="bbox 266 1717 1831 1792; baseline -0.003 -15"><span class='ocrx_word' id='word_1_121' title='bbox 266 1722 550 1792; x_wconf 65' lang='lat' dir='ltr'><strong>superlata:</strong></span> <span class='ocrx_word' id='word_1_122' title='bbox 617 1719 857 1784; x_wconf 89' lang='lat' dir='ltr'><strong>unionis,</strong></span> <span class='ocrx_word' id='word_1_123' title='bbox 898 1727 952 1772; x_wconf 90' lang='lat' dir='ltr'><strong>et</strong></span> <span class='ocrx_word' id='word_1_124' title='bbox 999 1717 1322 1770; x_wconf 88' lang='lat' dir='ltr'><strong>amatoriam</strong></span> <span class='ocrx_word' id='word_1_125' title='bbox 1378 1719 1670 1772; x_wconf 84' lang='lat' dir='ltr'><strong>motionem</strong></span> <span class='ocrx_word' id='word_1_126' title='bbox 1730 1719 1831 1787; x_wconf 69' lang='lat'><strong>(2),</strong></span> 
     </span>
    </p>
   </div>
   <div class='ocr_carea' id='block_1_18' title="bbox 259 1807 1831 1882">
    <p class='ocr_par' dir='ltr' id='par_1_18' title="bbox 259 1807 1831 1882">
     <span class='ocr_line' id='line_1_18' title="bbox 259 1807 1831 1882; baseline -0.003 -14"><span class='ocrx_word' id='word_1_127' title='bbox 259 1813 588 1882; x_wconf 87' lang='lat' dir='ltr'><strong>simplicem,</strong></span> <span class='ocrx_word' id='word_1_128' title='bbox 650 1826 746 1880; x_wconf 91' lang='lat' dir='ltr'><strong>per</strong></span> <span class='ocrx_word' id='word_1_129' title='bbox 805 1824 864 1864; x_wconf 88' lang='lat' dir='ltr'><strong>se</strong></span> <span class='ocrx_word' id='word_1_130' title='bbox 903 1807 1180 1872; x_wconf 88' lang='lat' dir='ltr'><strong>mobilem,</strong></span> <span class='ocrx_word' id='word_1_131' title='bbox 1231 1822 1328 1876; x_wconf 90' lang='lat' dir='ltr'><strong>per</strong></span> <span class='ocrx_word' id='word_1_132' title='bbox 1378 1823 1436 1862; x_wconf 90' lang='lat' dir='ltr'><strong>se</strong></span> <span class='ocrx_word' id='word_1_133' title='bbox 1492 1820 1831 1878; x_wconf 88' lang='lat' dir='ltr'><strong>operantem,</strong></span> 
     </span>
    </p>
   </div>
   <div class='ocr_carea' id='block_1_19' title="bbox 1943 616 3503 685">
    <p class='ocr_par' dir='ltr' id='par_1_19' title="bbox 1943 616 3503 685">
     <span class='ocr_line' id='line_1_19' title="bbox 1943 616 3503 685; baseline -0.003 -13"><span class='ocrx_word' id='word_1_134' title='bbox 1943 622 1994 674; x_wconf 91' lang='lat' dir='ltr'><strong>in</strong></span> <span class='ocrx_word' id='word_1_135' title='bbox 2031 621 2198 673; x_wconf 81' lang='lat' dir='ltr'><strong>Deum</strong></span> <span class='ocrx_word' id='word_1_136' title='bbox 2229 619 2491 673; x_wconf 88' lang='lat' dir='ltr'><strong>declarat.</strong></span> <span class='ocrx_word' id='word_1_137' title='bbox 2536 619 2771 673; x_wconf 74' lang='lat' dir='ltr'><strong>Ailverte</strong></span> <span class='ocrx_word' id='word_1_138' title='bbox 2797 628 3002 680; x_wconf 84' lang='lat' dir='ltr'><strong>autem,</strong></span> <span class='ocrx_word' id='word_1_139' title='bbox 3043 616 3503 685; x_wconf 88' lang='lat' dir='ltr'><strong>quemadmodum</strong></span> 
     </span>
    </p>
   </div>
   <div class='ocr_carea' id='block_1_20' title="bbox 1931 709 3501 780">
    <p class='ocr_par' dir='ltr' id='par_1_20' title="bbox 1931 709 3501 780">
     <span class='ocr_line' id='line_1_20' title="bbox 1931 709 3501 780; baseline -0.002 -16"><span class='ocrx_word' id='word_1_140' title='bbox 1931 711 2199 765; x_wconf 89' lang='lat' dir='ltr'><strong>circulum</strong></span> <span class='ocrx_word' id='word_1_141' title='bbox 2236 712 2367 764; x_wconf 90' lang='lat' dir='ltr'><strong>dicit</strong></span> <span class='ocrx_word' id='word_1_142' title='bbox 2402 714 2456 764; x_wconf 89' lang='lat' dir='ltr'><strong>in</strong></span> <span class='ocrx_word' id='word_1_143' title='bbox 2493 711 2659 776; x_wconf 90' lang='lat' dir='ltr'><strong>bono,</strong></span> <span class='ocrx_word' id='word_1_144' title='bbox 2713 711 3098 780; x_wconf 73' lang='lat' dir='ltr'><strong>progrediente</strong></span> <span class='ocrx_word' id='word_1_145' title='bbox 3150 710 3243 764; x_wconf 94' lang='lat' dir='ltr'><strong>illo</strong></span> <span class='ocrx_word' id='word_1_146' title='bbox 3281 709 3501 779; x_wconf 87' lang='lat' dir='ltr'><strong>quidem</strong></span> 
     </span>
    </p>
   </div>
   <div class='ocr_carea' id='block_1_21' title="bbox 1932 801 3505 871">
    <p class='ocr_par' dir='ltr' id='par_1_21' title="bbox 1932 801 3505 871">
     <span class='ocr_line' id='line_1_21' title="bbox 1932 801 3505 871; baseline -0.003 -15"><span class='ocrx_word' id='word_1_147' title='bbox 1932 818 1988 856; x_wconf 90' lang='lat' dir='ltr'><strong>tn</strong></span> <span class='ocrx_word' id='word_1_148' title='bbox 2013 817 2077 856; x_wconf 90' lang='lat' dir='ltr'><strong>ea</strong></span> <span class='ocrx_word' id='word_1_149' title='bbox 2103 817 2223 871; x_wconf 81' lang='lat' dir='ltr'><strong>quae</strong></span> <span class='ocrx_word' id='word_1_150' title='bbox 2245 802 2348 856; x_wconf 90' lang='lat' dir='ltr'><strong>sub</strong></span> <span class='ocrx_word' id='word_1_151' title='bbox 2365 801 2775 870; x_wconf 80' lang='lat' dir='ltr'><strong>intelligentiam</strong></span> <span class='ocrx_word' id='word_1_152' title='bbox 2809 808 2863 856; x_wconf 90' lang='lat' dir='ltr'><strong>et</strong></span> <span class='ocrx_word' id='word_1_153' title='bbox 2905 804 3008 856; x_wconf 86' lang='lat' dir='ltr'><strong>sub</strong></span> <span class='ocrx_word' id='word_1_154' title='bbox 3029 817 3250 857; x_wconf 82' lang='lat' dir='ltr'><strong>sensum</strong></span> <span class='ocrx_word' id='word_1_155' title='bbox 3277 802 3505 864; x_wconf 88' lang='lat' dir='ltr'><strong>eadunt,</strong></span> 
     </span>
    </p>
   </div>
   <div class='ocr_carea' id='block_1_22' title="bbox 1932 891 3507 963">
    <p class='ocr_par' dir='ltr' id='par_1_22' title="bbox 1932 891 3507 963">
     <span class='ocr_line' id='line_1_22' title="bbox 1932 891 3507 963; baseline -0.001 -14"><span class='ocrx_word' id='word_1_156' title='bbox 1932 903 1986 949; x_wconf 90' lang='lat' dir='ltr'><strong>et</strong></span> <span class='ocrx_word' id='word_1_157' title='bbox 2035 909 2224 948; x_wconf 88' lang='lat' dir='ltr'><strong>rursus</strong></span> <span class='ocrx_word' id='word_1_158' title='bbox 2256 894 2320 948; x_wconf 93' lang='lat' dir='ltr'><strong>ad</strong></span> <span class='ocrx_word' id='word_1_159' title='bbox 2354 894 2594 963; x_wconf 90' lang='lat' dir='ltr'><strong>seipsum</strong></span> <span class='ocrx_word' id='word_1_160' title='bbox 2634 891 2744 948; x_wconf 80' lang='lat' dir='ltr'><strong>illa</strong></span> <span class='ocrx_word' id='word_1_161' title='bbox 2802 903 3176 960; x_wconf 84' lang='lat' dir='ltr'><strong>convertente,</strong></span> <span class='ocrx_word' id='word_1_162' title='bbox 3232 903 3287 948; x_wconf 94' lang='lat' dir='ltr'><strong>et</strong></span> <span class='ocrx_word' id='word_1_163' title='bbox 3332 908 3507 962; x_wconf 91' lang='lat' dir='ltr'><strong>neque</strong></span> 
     </span>
    </p>
   </div>
   <div class='ocr_carea' id='block_1_23' title="bbox 1933 986 3507 1058">
    <p class='ocr_par' dir='ltr' id='par_1_23' title="bbox 1933 986 3507 1058">
     <span class='ocr_line' id='line_1_23' title="bbox 1933 986 3507 1058; baseline -0.001 -17"><span class='ocrx_word' id='word_1_164' title='bbox 1933 993 2205 1050; x_wconf 86' lang='lat' dir='ltr'><strong>cessante,</strong></span> <span class='ocrx_word' id='word_1_165' title='bbox 2240 1001 2416 1055; x_wconf 92' lang='lat' dir='ltr'><strong>neque</strong></span> <span class='ocrx_word' id='word_1_166' title='bbox 2442 986 2680 1041; x_wconf 75' lang='lat' dir='ltr'><strong>finiente.</strong></span> <span class='ocrx_word' id='word_1_167' title='bbox 2711 987 2788 1042; x_wconf 85' lang='lat' dir='ltr'><strong>Ae</strong></span> <span class='ocrx_word' id='word_1_168' title='bbox 2816 1002 3007 1042; x_wconf 88' lang='lat' dir='ltr'><strong>rursus</strong></span> <span class='ocrx_word' id='word_1_169' title='bbox 3040 987 3182 1041; x_wconf 90' lang='lat' dir='ltr'><strong>idem</strong></span> <span class='ocrx_word' id='word_1_170' title='bbox 3216 988 3507 1058; x_wconf 88' lang='lat' dir='ltr'><strong>Dionysius</strong></span> 
     </span>
    </p>
   </div>
   <div class='ocr_carea' id='block_1_24' title="bbox 1942 1076 3508 1147">
    <p class='ocr_par' dir='ltr' id='par_1_24' title="bbox 1942 1076 3508 1147">
     <span class='ocr_line' id='line_1_24' title="bbox 1942 1076 3508 1147; baseline 0 -16"><span class='ocrx_word' id='word_1_171' title='bbox 1942 1078 1996 1131; x_wconf 92' lang='lat' dir='ltr'><strong>in</strong></span> <span class='ocrx_word' id='word_1_172' title='bbox 2023 1079 2213 1132; x_wconf 88' lang='lat' dir='ltr'><strong>eodem</strong></span> <span class='ocrx_word' id='word_1_173' title='bbox 2237 1077 2437 1147; x_wconf 89' lang='lat' dir='ltr'><strong>capite.</strong></span> <span class='ocrx_word' id='word_1_174' title='bbox 2474 1076 2540 1131; x_wconf 88' lang='lat' dir='ltr'><strong>Et</strong></span> <span class='ocrx_word' id='word_1_175' title='bbox 2570 1078 2692 1142; x_wconf 89' lang='lat' dir='ltr'><strong>hoc,</strong></span> <span class='ocrx_word' id='word_1_176' title='bbox 2737 1078 2933 1146; x_wconf 91' lang='lat' dir='ltr'><strong>inquit,</strong></span> <span class='ocrx_word' id='word_1_177' title='bbox 2970 1092 3094 1131; x_wconf 87' lang='lat' dir='ltr'><strong>vere</strong></span> <span class='ocrx_word' id='word_1_178' title='bbox 3125 1077 3392 1132; x_wconf 90' lang='lat' dir='ltr'><strong>audemus</strong></span> <span class='ocrx_word' id='word_1_179' title='bbox 3423 1079 3508 1131; x_wconf 88' lang='lat' dir='ltr'><strong>di-</strong></span> 
     </span>
    </p>
   </div>
   <div class='ocr_carea' id='block_1_25' title="bbox 1935 1169 3510 1238">
    <p class='ocr_par' dir='ltr' id='par_1_25' title="bbox 1935 1169 3510 1238">
     <span class='ocr_line' id='line_1_25' title="bbox 1935 1169 3510 1238; baseline -0.001 -16"><span class='ocrx_word' id='word_1_180' title='bbox 1935 1183 2084 1231; x_wconf 88' lang='lat' dir='ltr'><strong>cere,</strong></span> <span class='ocrx_word' id='word_1_181' title='bbox 2123 1169 2266 1235; x_wconf 88' lang='lat' dir='ltr'><strong>quod</strong></span> <span class='ocrx_word' id='word_1_182' title='bbox 2305 1169 2422 1237; x_wconf 87' lang='lat' dir='ltr'><strong>ipse</strong></span> <span class='ocrx_word' id='word_1_183' title='bbox 2459 1169 2551 1238; x_wconf 91' lang='lat' dir='ltr'><strong>qui</strong></span> <span class='ocrx_word' id='word_1_184' title='bbox 2600 1177 2683 1222; x_wconf 87' lang='lat' dir='ltr'><strong>est</strong></span> <span class='ocrx_word' id='word_1_185' title='bbox 2738 1169 2986 1222; x_wconf 91' lang='lat' dir='ltr'><strong>omnium</strong></span> <span class='ocrx_word' id='word_1_186' title='bbox 3036 1184 3224 1234; x_wconf 82' lang='lat' dir='ltr'><strong>causa,</strong></span> <span class='ocrx_word' id='word_1_187' title='bbox 3287 1177 3510 1237; x_wconf 83' lang='lat' dir='ltr'><strong>prOpter</strong></span> 
     </span>
    </p>
   </div>
   <div class='ocr_carea' id='block_1_26' title="bbox 1940 1261 3506 1331">
    <p class='ocr_par' dir='ltr' id='par_1_26' title="bbox 1940 1261 3506 1331">
     <span class='ocr_line' id='line_1_26' title="bbox 1940 1261 3506 1331; baseline -0.003 -13"><span class='ocrx_word' id='word_1_188' title='bbox 1940 1263 2322 1318; x_wconf 89' lang='lat' dir='ltr'><strong>excellentiam</strong></span> <span class='ocrx_word' id='word_1_189' title='bbox 2367 1263 2623 1316; x_wconf 91' lang='lat' dir='ltr'><strong>bonitatis</strong></span> <span class='ocrx_word' id='word_1_190' title='bbox 2646 1263 2826 1314; x_wconf 89' lang='lat' dir='ltr'><strong>omnia</strong></span> <span class='ocrx_word' id='word_1_191' title='bbox 2859 1271 3023 1325; x_wconf 91' lang='lat' dir='ltr'><strong>amat,</strong></span> <span class='ocrx_word' id='word_1_192' title='bbox 3059 1261 3242 1316; x_wconf 89' lang='lat' dir='ltr'><strong>omnia</strong></span> <span class='ocrx_word' id='word_1_193' title='bbox 3274 1262 3506 1331; x_wconf 84' lang='lat' dir='ltr'><strong>perlicit,</strong></span> 
     </span>
    </p>
   </div>
   <div class='ocr_carea' id='block_1_27' title="bbox 1951 1355 3511 1419">
    <p class='ocr_par' dir='ltr' id='par_1_27' title="bbox 1951 1355 3511 1419">
     <span class='ocr_line' id='line_1_27' title="bbox 1951 1355 3511 1419; baseline 0.001 -15"><span class='ocrx_word' id='word_1_194' title='bbox 1951 1355 2134 1408; x_wconf 87' lang='lat' dir='ltr'><strong>omnia</strong></span> <span class='ocrx_word' id='word_1_195' title='bbox 2167 1356 2432 1419; x_wconf 88' lang='lat' dir='ltr'><strong>continet,</strong></span> <span class='ocrx_word' id='word_1_196' title='bbox 2467 1355 2649 1408; x_wconf 87' lang='lat' dir='ltr'><strong>omnia</strong></span> <span class='ocrx_word' id='word_1_197' title='bbox 2681 1355 2950 1407; x_wconf 82' lang='lat' dir='ltr'><strong>convertit</strong></span> <span class='ocrx_word' id='word_1_198' title='bbox 2975 1355 3040 1406; x_wconf 91' lang='lat' dir='ltr'><strong>ad</strong></span> <span class='ocrx_word' id='word_1_199' title='bbox 3073 1369 3162 1418; x_wconf 86' lang='lat' dir='ltr'><strong>se;</strong></span> <span class='ocrx_word' id='word_1_200' title='bbox 3193 1363 3351 1409; x_wconf 84' lang='lat' dir='ltr'><strong>etest</strong></span> <span class='ocrx_word' id='word_1_201' title='bbox 3373 1357 3511 1408; x_wconf 81' lang='lat' dir='ltr'><strong>divi-</strong></span> 
     </span>
    </p>
   </div>
   <div class='ocr_carea' id='block_1_28' title="bbox 1936 1445 3506 1513">
    <p class='ocr_par' dir='ltr' id='par_1_28' title="bbox 1936 1445 3506 1513">
     <span class='ocr_line' id='line_1_28' title="bbox 1936 1445 3506 1513; baseline 0 -15"><span class='ocrx_word' id='word_1_202' title='bbox 1936 1461 2042 1500; x_wconf 92' lang='lat' dir='ltr'><strong>nus</strong></span> <span class='ocrx_word' id='word_1_203' title='bbox 2093 1461 2243 1501; x_wconf 91' lang='lat' dir='ltr'><strong>amor</strong></span> <span class='ocrx_word' id='word_1_204' title='bbox 2275 1446 2452 1500; x_wconf 90' lang='lat' dir='ltr'><strong>bonus</strong></span> <span class='ocrx_word' id='word_1_205' title='bbox 2488 1446 2613 1498; x_wconf 88' lang='lat' dir='ltr'><strong>boni</strong></span> <span class='ocrx_word' id='word_1_206' title='bbox 2652 1452 2872 1513; x_wconf 92' lang='lat' dir='ltr'><strong>propter</strong></span> <span class='ocrx_word' id='word_1_207' title='bbox 2923 1445 3147 1509; x_wconf 91' lang='lat' dir='ltr'><strong>bonum,</strong></span> <span class='ocrx_word' id='word_1_208' title='bbox 3192 1445 3310 1513; x_wconf 66' lang='lat' dir='ltr'><strong>ipse.</strong></span> <span class='ocrx_word' id='word_1_209' title='bbox 3363 1448 3506 1498; x_wconf 90' lang='lat' dir='ltr'><strong>enim</strong></span> 
     </span>
    </p>
   </div>
   <div class='ocr_carea' id='block_1_29' title="bbox 1933 1534 3510 1605">
    <p class='ocr_par' dir='ltr' id='par_1_29' title="bbox 1933 1534 3510 1605">
     <span class='ocr_line' id='line_1_29' title="bbox 1933 1534 3510 1605; baseline -0.001 -13"><span class='ocrx_word' id='word_1_210' title='bbox 1933 1551 2089 1592; x_wconf 83' lang='lat' dir='ltr'><strong>amor</strong></span> <span class='ocrx_word' id='word_1_211' title='bbox 2110 1537 2357 1602; x_wconf 86' lang='lat' dir='ltr'><strong>divinus,</strong></span> <span class='ocrx_word' id='word_1_212' title='bbox 2407 1535 2500 1604; x_wconf 88' lang='lat' dir='ltr'><strong>qui</strong></span> <span class='ocrx_word' id='word_1_213' title='bbox 2531 1535 2826 1590; x_wconf 85' lang='lat' dir='ltr'><strong>bonitatem</strong></span> <span class='ocrx_word' id='word_1_214' title='bbox 2858 1535 2911 1588; x_wconf 89' lang='lat' dir='ltr'><strong>in</strong></span> <span class='ocrx_word' id='word_1_215' title='bbox 2945 1534 3011 1588; x_wconf 91' lang='lat' dir='ltr'><strong>iis</strong></span> <span class='ocrx_word' id='word_1_216' title='bbox 3042 1550 3161 1604; x_wconf 66' lang='lat' dir='ltr'><strong>quae</strong></span> <span class='ocrx_word' id='word_1_217' title='bbox 3188 1544 3334 1598; x_wconf 88' lang='lat' dir='ltr'><strong>sunt,</strong></span> <span class='ocrx_word' id='word_1_218' title='bbox 3376 1551 3510 1605; x_wconf 87' lang='lat' dir='ltr'><strong>0pc-</strong></span> 
     </span>
    </p>
   </div>
   <div class='ocr_carea' id='block_1_30' title="bbox 1937 1623 3512 1695">
    <p class='ocr_par' dir='ltr' id='par_1_30' title="bbox 1937 1623 3512 1695">
     <span class='ocr_line' id='line_1_30' title="bbox 1937 1623 3512 1695; baseline -0.001 -15"><span class='ocrx_word' id='word_1_219' title='bbox 1937 1638 2107 1689; x_wconf 88' lang='lat' dir='ltr'><strong>ratur,</strong></span> <span class='ocrx_word' id='word_1_220' title='bbox 2153 1627 2282 1695; x_wconf 84' lang='lat' dir='ltr'><strong>quia</strong></span> <span class='ocrx_word' id='word_1_221' title='bbox 2333 1625 2484 1694; x_wconf 87' lang='lat' dir='ltr'><strong>prius</strong></span> <span class='ocrx_word' id='word_1_222' title='bbox 2511 1625 2714 1678; x_wconf 78' lang='lat' dir='ltr'><strong>exstitit</strong></span> <span class='ocrx_word' id='word_1_223' title='bbox 2754 1623 2806 1678; x_wconf 92' lang='lat' dir='ltr'><strong>in</strong></span> <span class='ocrx_word' id='word_1_224' title='bbox 2861 1624 3004 1679; x_wconf 85' lang='lat' dir='ltr'><strong>bono</strong></span> <span class='ocrx_word' id='word_1_225' title='bbox 3063 1625 3355 1694; x_wconf 88' lang='lat' dir='ltr'><strong>superlate,</strong></span> <span class='ocrx_word' id='word_1_226' title='bbox 3403 1641 3512 1679; x_wconf 91' lang='lat' dir='ltr'><strong>non</strong></span> 
     </span>
    </p>
   </div>
   <div class='ocr_carea' id='block_1_31' title="bbox 1940 1716 3514 1788">
    <p class='ocr_par' dir='ltr' id='par_1_31' title="bbox 1940 1716 3514 1788">
     <span class='ocr_line' id='line_1_31' title="bbox 1940 1716 3514 1788; baseline -0.003 -14"><span class='ocrx_word' id='word_1_227' title='bbox 1940 1720 2068 1774; x_wconf 87' lang='lat' dir='ltr'><strong>sivit</strong></span> <span class='ocrx_word' id='word_1_228' title='bbox 2089 1719 2264 1788; x_wconf 86' lang='lat' dir='ltr'><strong>ipsum</strong></span> <span class='ocrx_word' id='word_1_229' title='bbox 2286 1719 2338 1770; x_wconf 92' lang='lat' dir='ltr'><strong>in</strong></span> <span class='ocrx_word' id='word_1_230' title='bbox 2359 1733 2418 1777; x_wconf 91' lang='lat' dir='ltr'><strong>se</strong></span> <span class='ocrx_word' id='word_1_231' title='bbox 2449 1717 2567 1772; x_wconf 88' lang='lat' dir='ltr'><strong>sine</strong></span> <span class='ocrx_word' id='word_1_232' title='bbox 2590 1717 2700 1770; x_wconf 76' lang='lat' dir='ltr'><strong>fetu</strong></span> <span class='ocrx_word' id='word_1_233' title='bbox 2734 1730 2980 1778; x_wconf 87' lang='lat' dir='ltr'><strong>manere,</strong></span> <span class='ocrx_word' id='word_1_234' title='bbox 3005 1717 3097 1770; x_wconf 88' lang='lat' dir='ltr'><strong>sed</strong></span> <span class='ocrx_word' id='word_1_235' title='bbox 3135 1716 3314 1784; x_wconf 89' lang='lat' dir='ltr'><strong>potius</strong></span> <span class='ocrx_word' id='word_1_236' title='bbox 3345 1716 3514 1770; x_wconf 91' lang='lat' dir='ltr'><strong>movit</strong></span> 
     </span>
    </p>
   </div>
   <div class='ocr_carea' id='block_1_32' title="bbox 1940 1807 3512 1878">
    <p class='ocr_par' dir='ltr' id='par_1_32' title="bbox 1940 1807 3512 1878">
     <span class='ocr_line' id='line_1_32' title="bbox 1940 1807 3512 1878; baseline 0 -15"><span class='ocrx_word' id='word_1_237' title='bbox 1940 1826 2065 1872; x_wconf 81' lang='lat' dir='ltr'><strong>eam</strong></span> <span class='ocrx_word' id='word_1_238' title='bbox 2102 1812 2167 1864; x_wconf 93' lang='lat' dir='ltr'><strong>ad</strong></span> <span class='ocrx_word' id='word_1_239' title='bbox 2195 1811 2531 1878; x_wconf 84' lang='lat' dir='ltr'><strong>operandam</strong></span> <span class='ocrx_word' id='word_1_240' title='bbox 2556 1807 2857 1864; x_wconf 88' lang='lat' dir='ltr'><strong>secundum</strong></span> <span class='ocrx_word' id='word_1_241' title='bbox 2882 1809 3260 1862; x_wconf 80' lang='lat' dir='ltr'><strong>excellentiam</strong></span> <span class='ocrx_word' id='word_1_242' title='bbox 3294 1808 3512 1863; x_wconf 84' lang='lat' dir='ltr'><strong>virtutis</strong></span> 
     </span>
    </p>
   </div>
   <div class='ocr_carea' id='block_1_33' title="bbox 260 1899 3513 1985">
    <p class='ocr_par' dir='ltr' id='par_1_33' title="bbox 260 1899 3513 1985">
     <span class='ocr_line' id='line_1_33' title="bbox 260 1899 3513 1985; baseline -0.002 -25"><span class='ocrx_word' id='word_1_243' title='bbox 260 1908 412 1977; x_wconf 91' lang='lat' dir='ltr'><strong>prius</strong></span> <span class='ocrx_word' id='word_1_244' title='bbox 435 1904 790 1958; x_wconf 82' lang='lat' dir='ltr'><strong>exsistentem</strong></span> <span class='ocrx_word' id='word_1_245' title='bbox 822 1901 876 1955; x_wconf 91' lang='lat' dir='ltr'><strong>in</strong></span> <span class='ocrx_word' id='word_1_246' title='bbox 897 1901 1042 1956; x_wconf 92' lang='lat' dir='ltr'><strong>bono</strong></span> <span class='ocrx_word' id='word_1_247' title='bbox 1065 1908 1117 1954; x_wconf 91' lang='lat' dir='ltr'><strong>et</strong></span> <span class='ocrx_word' id='word_1_248' title='bbox 1133 1914 1196 1954; x_wconf 86' lang='lat' dir='ltr'><strong>ex</strong></span> <span class='ocrx_word' id='word_1_249' title='bbox 1235 1899 1374 1953; x_wconf 90' lang='lat' dir='ltr'><strong>bono</strong></span> <span class='ocrx_word' id='word_1_250' title='bbox 1403 1899 1458 1952; x_wconf 92' lang='lat' dir='ltr'><strong>in</strong></span> <span class='ocrx_word' id='word_1_251' title='bbox 1481 1914 1540 1952; x_wconf 89' lang='lat' dir='ltr'><strong>ea</strong></span> <span class='ocrx_word' id='word_1_252' title='bbox 1568 1914 1688 1968; x_wconf 75' lang='lat' dir='ltr'><strong>quae</strong></span> <span class='ocrx_word' id='word_1_253' title='bbox 1709 1910 1835 1956; x_wconf 85' lang='lat' dir='ltr'><strong>sunt</strong></span> <span class='ocrx_word' id='word_1_254' title='bbox 1869 1931 1907 1985; x_wconf 73' lang='grc' dir='ltr'><strong>Β</strong></span> <span class='ocrx_word' id='word_1_255' title='bbox 1936 1917 2048 1956; x_wconf 65' lang='lat' dir='ltr'><strong>sua:</strong></span> <span class='ocrx_word' id='word_1_256' title='bbox 2080 1903 2327 1956; x_wconf 89' lang='lat' dir='ltr'><strong>omnium</strong></span> <span class='ocrx_word' id='word_1_257' title='bbox 2379 1916 2561 1956; x_wconf 92' lang='lat' dir='ltr'><strong>rerum</strong></span> <span class='ocrx_word' id='word_1_258' title='bbox 2615 1900 2930 1956; x_wconf 72' lang='lat' dir='ltr'><strong>eﬁectricis.</strong></span> <span class='ocrx_word' id='word_1_259' title='bbox 2971 1899 3092 1967; x_wconf 86' lang='lat' dir='ltr'><strong>Quo</strong></span> <span class='ocrx_word' id='word_1_260' title='bbox 3145 1901 3200 1954; x_wconf 93' lang='lat' dir='ltr'><strong>in</strong></span> <span class='ocrx_word' id='word_1_261' title='bbox 3233 1901 3353 1954; x_wconf 91' lang='lat' dir='ltr'><strong>loco</strong></span> <span class='ocrx_word' id='word_1_262' title='bbox 3381 1915 3513 1956; x_wconf 87' lang='lat' dir='ltr'><strong>san-</strong></span> 
     </span>
    </p>
   </div>
   <div class='ocr_carea' id='block_1_34' title="bbox 261 1985 1836 2056">
    <p class='ocr_par' dir='ltr' id='par_1_34' title="bbox 261 1985 1836 2056">
     <span class='ocr_line' id='line_1_34' title="bbox 261 1985 1836 2056; baseline -0.008 -7"><span class='ocrx_word' id='word_1_263' title='bbox 261 1995 680 2056; x_wconf 85' lang='lat' dir='ltr'><strong>rcdundantem,</strong></span> <span class='ocrx_word' id='word_1_264' title='bbox 713 2004 779 2044; x_wconf 86' lang='lat' dir='ltr'><strong>ac</strong></span> <span class='ocrx_word' id='word_1_265' title='bbox 800 2002 989 2043; x_wconf 90' lang='lat' dir='ltr'><strong>rursus</strong></span> <span class='ocrx_word' id='word_1_266' title='bbox 1025 1987 1092 2042; x_wconf 84' lang='lat' dir='ltr'><strong>ad</strong></span> <span class='ocrx_word' id='word_1_267' title='bbox 1137 1987 1341 2041; x_wconf 90' lang='lat' dir='ltr'><strong>bonum</strong></span> <span class='ocrx_word' id='word_1_268' title='bbox 1369 1996 1751 2048; x_wconf 88' lang='lat' dir='ltr'><strong>revertentem,</strong></span> <span class='ocrx_word' id='word_1_269' title='bbox 1777 1985 1836 2043; x_wconf 86' lang='lat' dir='ltr'><strong>in</strong></span> 
     </span>
    </p>
   </div>
   <div class='ocr_carea' id='block_1_35' title="bbox 256 2076 1833 2157">
    <p class='ocr_par' dir='ltr' id='par_1_35' title="bbox 256 2076 1833 2157">
     <span class='ocr_line' id='line_1_35' title="bbox 256 2076 1833 2157; baseline -0.005 -19"><span class='ocrx_word' id='word_1_270' title='bbox 256 2101 365 2157; x_wconf 89' lang='lat' dir='ltr'><strong>quo</strong></span> <span class='ocrx_word' id='word_1_271' title='bbox 396 2083 812 2154; x_wconf 89' lang='lat' dir='ltr'><strong>perpetuitatem</strong></span> <span class='ocrx_word' id='word_1_272' title='bbox 845 2096 1026 2144; x_wconf 87' lang='lat' dir='ltr'><strong>suam,</strong></span> <span class='ocrx_word' id='word_1_273' title='bbox 1055 2087 1109 2135; x_wconf 89' lang='lat' dir='ltr'><strong>et</strong></span> <span class='ocrx_word' id='word_1_274' title='bbox 1132 2092 1318 2133; x_wconf 89' lang='lat' dir='ltr'><strong>carere</strong></span> <span class='ocrx_word' id='word_1_275' title='bbox 1363 2092 1422 2132; x_wconf 87' lang='lat' dir='ltr'><strong>se</strong></span> <span class='ocrx_word' id='word_1_276' title='bbox 1448 2076 1660 2144; x_wconf 83' lang='lat' dir='ltr'><strong>origine</strong></span> <span class='ocrx_word' id='word_1_277' title='bbox 1692 2077 1833 2130; x_wconf 88' lang='lat' dir='ltr'><strong>divi-</strong></span> 
     </span>
    </p>
   </div>
   <div class='ocr_carea' id='block_1_36' title="bbox 261 2167 1834 2239">
    <p class='ocr_par' dir='ltr' id='par_1_36' title="bbox 261 2167 1834 2239">
     <span class='ocr_line' id='line_1_36' title="bbox 261 2167 1834 2239; baseline -0.008 -6"><span class='ocrx_word' id='word_1_278' title='bbox 261 2193 367 2233; x_wconf 88' lang='lat' dir='ltr'><strong>nus</strong></span> <span class='ocrx_word' id='word_1_279' title='bbox 413 2190 573 2230; x_wconf 90' lang='lat' dir='ltr'><strong>amor</strong></span> <span class='ocrx_word' id='word_1_280' title='bbox 627 2174 956 2230; x_wconf 80' lang='lat' dir='ltr'><strong>excellenter</strong></span> <span class='ocrx_word' id='word_1_281' title='bbox 1008 2173 1364 2235; x_wconf 86' lang='lat' dir='ltr'><strong>demonstrat,</strong></span> <span class='ocrx_word' id='word_1_282' title='bbox 1420 2170 1562 2226; x_wconf 88' lang='lat' dir='ltr'><strong>sicut</strong></span> <span class='ocrx_word' id='word_1_283' title='bbox 1614 2167 1834 2239; x_wconf 91' lang='lat' dir='ltr'><strong>quidam</strong></span> 
     </span>
    </p>
   </div>
   <div class='ocr_carea' id='block_1_37' title="bbox 263 2261 1838 2334">
    <p class='ocr_par' dir='ltr' id='par_1_37' title="bbox 263 2261 1838 2334">
     <span class='ocr_line' id='line_1_37' title="bbox 263 2261 1838 2334; baseline -0.006 -12"><span class='ocrx_word' id='word_1_284' title='bbox 263 2276 507 2322; x_wconf 68' lang='lat' dir='ltr'><strong>aeternus</strong></span> <span class='ocrx_word' id='word_1_285' title='bbox 532 2265 798 2326; x_wconf 83' lang='lat' dir='ltr'><strong>circulus,</strong></span> <span class='ocrx_word' id='word_1_286' title='bbox 829 2273 1049 2334; x_wconf 90' lang='lat' dir='ltr'><strong>propter</strong></span> <span class='ocrx_word' id='word_1_287' title='bbox 1082 2263 1285 2316; x_wconf 85' lang='lat' dir='ltr'><strong>bonum</strong></span> <span class='ocrx_word' id='word_1_288' title='bbox 1312 2263 1671 2316; x_wconf 84' lang='lat' dir='ltr'><strong>conversione</strong></span> <span class='ocrx_word' id='word_1_289' title='bbox 1695 2261 1838 2315; x_wconf 79' lang='lat' dir='ltr'><strong>iner-</strong></span> 
     </span>
    </p>
   </div>
   <div class='ocr_carea' id='block_1_38' title="bbox 262 2353 1833 2418">
    <p class='ocr_par' dir='ltr' id='par_1_38' title="bbox 262 2353 1833 2418">
     <span class='ocr_line' id='line_1_38' title="bbox 262 2353 1833 2418; baseline -0.004 -5"><span class='ocrx_word' id='word_1_290' title='bbox 262 2366 420 2414; x_wconf 89' lang='lat' dir='ltr'><strong>rante</strong></span> <span class='ocrx_word' id='word_1_291' title='bbox 450 2355 977 2418; x_wconf 86' lang='lat' dir='ltr'><strong>circumambulans,</strong></span> <span class='ocrx_word' id='word_1_292' title='bbox 999 2363 1054 2408; x_wconf 91' lang='lat' dir='ltr'><strong>et</strong></span> <span class='ocrx_word' id='word_1_293' title='bbox 1075 2354 1128 2408; x_wconf 92' lang='lat' dir='ltr'><strong>in</strong></span> <span class='ocrx_word' id='word_1_294' title='bbox 1154 2353 1666 2409; x_wconf 76' lang='lat' dir='ltr'><strong>eodetn‘secundum</strong></span> <span class='ocrx_word' id='word_1_295' title='bbox 1692 2353 1833 2407; x_wconf 90' lang='lat' dir='ltr'><strong>ident</strong></span> 
     </span>
    </p>
   </div>
   <div class='ocr_carea' id='block_1_39' title="bbox 258 2445 1834 2522">
    <p class='ocr_par' dir='ltr' id='par_1_39' title="bbox 258 2445 1834 2522">
     <span class='ocr_line' id='line_1_39' title="bbox 258 2445 1834 2522; baseline -0.005 -14"><span class='ocrx_word' id='word_1_296' title='bbox 258 2466 308 2508; x_wconf 91' lang='lat' dir='ltr'><strong>et</strong></span> <span class='ocrx_word' id='word_1_297' title='bbox 351 2451 734 2522; x_wconf 82' lang='lat' dir='ltr'><strong>progrediens,</strong></span> <span class='ocrx_word' id='word_1_298' title='bbox 768 2456 823 2503; x_wconf 88' lang='lat' dir='ltr'><strong>et</strong></span> <span class='ocrx_word' id='word_1_299' title='bbox 855 2461 1107 2511; x_wconf 89' lang='lat' dir='ltr'><strong>manens,</strong></span> <span class='ocrx_word' id='word_1_300' title='bbox 1136 2455 1190 2500; x_wconf 90' lang='lat' dir='ltr'><strong>et</strong></span> <span class='ocrx_word' id='word_1_301' title='bbox 1227 2458 1527 2502; x_wconf 89' lang='lat' dir='ltr'><strong>revertens.</strong></span> <span class='ocrx_word' id='word_1_302' title='bbox 1575 2445 1834 2511; x_wconf 68' lang='lat' dir='ltr'><strong>Quaedam</strong></span> 
     </span>
    </p>
   </div>
   <div class='ocr_carea' id='block_1_40' title="bbox 262 2535 1835 2603">
    <p class='ocr_par' dir='ltr' id='par_1_40' title="bbox 262 2535 1835 2603">
     <span class='ocr_line' id='line_1_40' title="bbox 262 2535 1835 2603; baseline -0.004 -5"><span class='ocrx_word' id='word_1_303' title='bbox 262 2559 331 2598; x_wconf 88' lang='lat' dir='ltr'><strong>ex</strong></span> <span class='ocrx_word' id='word_1_304' title='bbox 366 2545 451 2596; x_wconf 90' lang='lat' dir='ltr'><strong>his</strong></span> <span class='ocrx_word' id='word_1_305' title='bbox 489 2543 758 2595; x_wconf 88' lang='lat' dir='ltr'><strong>adnotaus</strong></span> <span class='ocrx_word' id='word_1_306' title='bbox 789 2548 1017 2594; x_wconf 90' lang='lat' dir='ltr'><strong>sanctus</strong></span> <span class='ocrx_word' id='word_1_307' title='bbox 1078 2536 1348 2591; x_wconf 77' lang='lat' dir='ltr'><strong>Maximus</strong></span> <span class='ocrx_word' id='word_1_308' title='bbox 1412 2553 1427 2591; x_wconf 93' lang='lat'><strong>:</strong></span> <span class='ocrx_word' id='word_1_309' title='bbox 1495 2535 1835 2603; x_wconf 90' lang='lat' dir='ltr'><strong>Dilectionis,</strong></span> 
     </span>
    </p>
   </div>
   <div class='ocr_carea' id='block_1_41' title="bbox 259 2627 1837 2704">
    <p class='ocr_par' dir='ltr' id='par_1_41' title="bbox 259 2627 1837 2704">
     <span class='ocr_line' id='line_1_41' title="bbox 259 2627 1837 2704; baseline -0.004 -16"><span class='ocrx_word' id='word_1_310' title='bbox 259 2631 466 2704; x_wconf 82' lang='lat' dir='ltr'><strong>inquit,</strong></span> <span class='ocrx_word' id='word_1_311' title='bbox 483 2641 538 2686; x_wconf 92' lang='lat' dir='ltr'><strong>et</strong></span> <span class='ocrx_word' id='word_1_312' title='bbox 572 2632 776 2684; x_wconf 87' lang='lat' dir='ltr'><strong>amoris</strong></span> <span class='ocrx_word' id='word_1_313' title='bbox 804 2630 983 2698; x_wconf 89' lang='lat' dir='ltr'><strong>ipsum</strong></span> <span class='ocrx_word' id='word_1_314' title='bbox 1020 2627 1231 2684; x_wconf 87' lang='lat' dir='ltr'><strong>scilicet</strong></span> <span class='ocrx_word' id='word_1_315' title='bbox 1267 2629 1435 2682; x_wconf 89' lang='lat' dir='ltr'><strong>Deum</strong></span> <span class='ocrx_word' id='word_1_316' title='bbox 1469 2636 1630 2681; x_wconf 91' lang='lat' dir='ltr'><strong>vocat</strong></span> <span class='ocrx_word' id='word_1_317' title='bbox 1666 2628 1837 2682; x_wconf 88' lang='lat' dir='ltr'><strong>emis-</strong></span> 
     </span>
    </p>
   </div>
   <div class='ocr_carea' id='block_1_42' title="bbox 267 2718 1839 2791">
    <p class='ocr_par' dir='ltr' id='par_1_42' title="bbox 267 2718 1839 2791">
     <span class='ocr_line' id='line_1_42' title="bbox 267 2718 1839 2791; baseline -0.003 -12"><span class='ocrx_word' id='word_1_318' title='bbox 267 2738 473 2789; x_wconf 88' lang='lat' dir='ltr'><strong>sorem,</strong></span> <span class='ocrx_word' id='word_1_319' title='bbox 498 2731 554 2777; x_wconf 91' lang='lat' dir='ltr'><strong>et</strong></span> <span class='ocrx_word' id='word_1_320' title='bbox 588 2733 914 2791; x_wconf 87' lang='lat' dir='ltr'><strong>parentem:</strong></span> <span class='ocrx_word' id='word_1_321' title='bbox 949 2720 1064 2790; x_wconf 84' lang='lat' dir='ltr'><strong>ipse</strong></span> <span class='ocrx_word' id='word_1_322' title='bbox 1105 2718 1248 2772; x_wconf 91' lang='lat' dir='ltr'><strong>enim</strong></span> <span class='ocrx_word' id='word_1_323' title='bbox 1284 2719 1420 2783; x_wconf 69' lang='lat' dir='ltr'><strong>haec,</strong></span> <span class='ocrx_word' id='word_1_324' title='bbox 1449 2734 1571 2789; x_wconf 74' lang='lat' dir='ltr'><strong>qua:</strong></span> <span class='ocrx_word' id='word_1_325' title='bbox 1619 2719 1674 2772; x_wconf 93' lang='lat' dir='ltr'><strong>in</strong></span> <span class='ocrx_word' id='word_1_326' title='bbox 1723 2720 1839 2788; x_wconf 90' lang='lat' dir='ltr'><strong>ipso</strong></span> 
     </span>
    </p>
   </div>
   <div class='ocr_carea' id='block_1_43' title="bbox 262 2809 1839 2885">
    <p class='ocr_par' dir='ltr' id='par_1_43' title="bbox 262 2809 1839 2885">
     <span class='ocr_line' id='line_1_43' title="bbox 262 2809 1839 2885; baseline -0.003 -15"><span class='ocrx_word' id='word_1_327' title='bbox 262 2827 439 2882; x_wconf 86' lang='lat' dir='ltr'><strong>erant,</strong></span> <span class='ocrx_word' id='word_1_328' title='bbox 466 2813 722 2885; x_wconf 88' lang='lat' dir='ltr'><strong>produxit</strong></span> <span class='ocrx_word' id='word_1_329' title='bbox 747 2814 801 2867; x_wconf 90' lang='lat' dir='ltr'><strong>in</strong></span> <span class='ocrx_word' id='word_1_330' title='bbox 847 2829 910 2868; x_wconf 90' lang='lat' dir='ltr'><strong>ea</strong></span> <span class='ocrx_word' id='word_1_331' title='bbox 939 2826 1059 2882; x_wconf 78' lang='lat' dir='ltr'><strong>quae</strong></span> <span class='ocrx_word' id='word_1_332' title='bbox 1118 2809 1253 2866; x_wconf 81' lang='lat' dir='ltr'><strong>foris</strong></span> <span class='ocrx_word' id='word_1_333' title='bbox 1283 2825 1434 2876; x_wconf 88' lang='lat' dir='ltr'><strong>sunt,</strong></span> <span class='ocrx_word' id='word_1_334' title='bbox 1467 2811 1519 2865; x_wconf 91' lang='lat' dir='ltr'><strong>id</strong></span> <span class='ocrx_word' id='word_1_335' title='bbox 1553 2821 1656 2874; x_wconf 88' lang='lat' dir='ltr'><strong>est,</strong></span> <span class='ocrx_word' id='word_1_336' title='bbox 1693 2813 1839 2867; x_wconf 92' lang='lat' dir='ltr'><strong>circa</strong></span> 
     </span>
    </p>
   </div>
   <div class='ocr_carea' id='block_1_44' title="bbox 263 2898 1840 2961">
    <p class='ocr_par' dir='ltr' id='par_1_44' title="bbox 263 2898 1840 2961">
     <span class='ocr_line' id='line_1_44' title="bbox 263 2898 1840 2961; baseline -0.003 -1"><span class='ocrx_word' id='word_1_337' title='bbox 263 2916 567 2961; x_wconf 87' lang='lat' dir='ltr'><strong>creaturas.</strong></span> <span class='ocrx_word' id='word_1_338' title='bbox 616 2905 750 2957; x_wconf 85' lang='lat' dir='ltr'><strong>item</strong></span> <span class='ocrx_word' id='word_1_339' title='bbox 809 2901 952 2956; x_wconf 89' lang='lat' dir='ltr'><strong>idem</strong></span> <span class='ocrx_word' id='word_1_340' title='bbox 1000 2898 1200 2954; x_wconf 88' lang='lat' dir='ltr'><strong>ibidem</strong></span> <span class='ocrx_word' id='word_1_341' title='bbox 1246 2916 1265 2952; x_wconf 69' lang='grc' dir='ltr'><strong>ι</strong></span> <span class='ocrx_word' id='word_1_342' title='bbox 1293 2899 1609 2955; x_wconf 83' lang='lat' dir='ltr'><strong>Amatorius</strong></span> <span class='ocrx_word' id='word_1_343' title='bbox 1657 2909 1840 2957; x_wconf 90' lang='lat' dir='ltr'><strong>motus</strong></span> 
     </span>
    </p>
   </div>
   <div class='ocr_carea' id='block_1_45' title="bbox 265 2985 1840 3064">
    <p class='ocr_par' dir='ltr' id='par_1_45' title="bbox 265 2985 1840 3064">
     <span class='ocr_line' id='line_1_45' title="bbox 265 2985 1840 3064; baseline -0.001 -18"><span class='ocrx_word' id='word_1_344' title='bbox 265 2993 420 3064; x_wconf 78' lang='lat' dir='ltr'><strong>prius</strong></span> <span class='ocrx_word' id='word_1_345' title='bbox 449 2992 718 3046; x_wconf 87' lang='lat' dir='ltr'><strong>exsistens</strong></span> <span class='ocrx_word' id='word_1_346' title='bbox 763 2989 817 3043; x_wconf 93' lang='lat' dir='ltr'><strong>in</strong></span> <span class='ocrx_word' id='word_1_347' title='bbox 853 2989 1020 3054; x_wconf 91' lang='lat' dir='ltr'><strong>bono,</strong></span> <span class='ocrx_word' id='word_1_348' title='bbox 1069 2985 1322 3056; x_wconf 79' lang='lat' dir='ltr'><strong>simplex,</strong></span> <span class='ocrx_word' id='word_1_349' title='bbox 1379 3002 1476 3056; x_wconf 90' lang='lat' dir='ltr'><strong>per</strong></span> <span class='ocrx_word' id='word_1_350' title='bbox 1505 3002 1564 3042; x_wconf 91' lang='lat' dir='ltr'><strong>se</strong></span> <span class='ocrx_word' id='word_1_351' title='bbox 1599 2989 1840 3054; x_wconf 79' lang='lat' dir='ltr'><strong>mobilis,</strong></span> 
     </span>
    </p>
   </div>
   <div class='ocr_carea' id='block_1_46' title="bbox 271 3077 1838 3154">
    <p class='ocr_par' dir='ltr' id='par_1_46' title="bbox 271 3077 1838 3154">
     <span class='ocr_line' id='line_1_46' title="bbox 271 3077 1838 3154; baseline -0.001 -16"><span class='ocrx_word' id='word_1_352' title='bbox 271 3099 368 3154; x_wconf 90' lang='lat' dir='ltr'><strong>per</strong></span> <span class='ocrx_word' id='word_1_353' title='bbox 415 3098 475 3138; x_wconf 90' lang='lat' dir='ltr'><strong>se</strong></span> <span class='ocrx_word' id='word_1_354' title='bbox 523 3096 780 3152; x_wconf 87' lang='lat' dir='ltr'><strong>operans,</strong></span> <span class='ocrx_word' id='word_1_355' title='bbox 841 3090 1028 3150; x_wconf 88' lang='lat' dir='ltr'><strong>postea</strong></span> <span class='ocrx_word' id='word_1_356' title='bbox 1084 3077 1436 3148; x_wconf 89' lang='lat' dir='ltr'><strong>providentiis</strong></span> <span class='ocrx_word' id='word_1_357' title='bbox 1491 3081 1734 3138; x_wconf 87' lang='lat' dir='ltr'><strong>externis</strong></span> <span class='ocrx_word' id='word_1_358' title='bbox 1785 3082 1838 3136; x_wconf 92' lang='lat' dir='ltr'><strong>in</strong></span> 
     </span>
    </p>
   </div>
   <div class='ocr_carea' id='block_1_47' title="bbox 274 3171 1840 3244">
    <p class='ocr_par' dir='ltr' id='par_1_47' title="bbox 274 3171 1840 3244">
     <span class='ocr_line' id='line_1_47' title="bbox 274 3171 1840 3244; baseline 0.001 -14"><span class='ocrx_word' id='word_1_359' title='bbox 274 3187 562 3230; x_wconf 88' lang='lat' dir='ltr'><strong>creaturas</strong></span> <span class='ocrx_word' id='word_1_360' title='bbox 595 3171 945 3244; x_wconf 75' lang='lat' dir='ltr'><strong>progrediens</strong></span> <span class='ocrx_word' id='word_1_361' title='bbox 976 3184 1174 3227; x_wconf 85' lang='lat' dir='ltr'><strong>rursus</strong></span> <span class='ocrx_word' id='word_1_362' title='bbox 1220 3171 1410 3228; x_wconf 89' lang='lat' dir='ltr'><strong>eodem</strong></span> <span class='ocrx_word' id='word_1_363' title='bbox 1437 3173 1600 3240; x_wconf 87' lang='lat' dir='ltr'><strong>redit,</strong></span> <span class='ocrx_word' id='word_1_364' title='bbox 1647 3175 1752 3231; x_wconf 82' lang='lat' dir='ltr'><strong>line</strong></span> <span class='ocrx_word' id='word_1_365' title='bbox 1785 3187 1840 3232; x_wconf 91' lang='lat' dir='ltr'><strong>et</strong></span> 
     </span>
    </p>
   </div>
   <div class='ocr_carea' id='block_1_48' title="bbox 1937 1994 3513 2062">
    <p class='ocr_par' dir='ltr' id='par_1_48' title="bbox 1937 1994 3513 2062">
     <span class='ocr_line' id='line_1_48' title="bbox 1937 1994 3513 2062; baseline -0.003 -14"><span class='ocrx_word' id='word_1_366' title='bbox 1937 2003 2057 2048; x_wconf 89' lang='lat' dir='ltr'><strong>ctus</strong></span> <span class='ocrx_word' id='word_1_367' title='bbox 2091 1994 2360 2048; x_wconf 82' lang='lat' dir='ltr'><strong>Maximus</strong></span> <span class='ocrx_word' id='word_1_368' title='bbox 2389 1994 2618 2049; x_wconf 85' lang='lat' dir='ltr'><strong>miriﬁce</strong></span> <span class='ocrx_word' id='word_1_369' title='bbox 2645 1994 2814 2058; x_wconf 91' lang='lat' dir='ltr'><strong>dicit,</strong></span> <span class='ocrx_word' id='word_1_370' title='bbox 2868 1997 3012 2062; x_wconf 89' lang='lat' dir='ltr'><strong>quod</strong></span> <span class='ocrx_word' id='word_1_371' title='bbox 3077 1994 3256 2047; x_wconf 88' lang='lat' dir='ltr'><strong>bonus</strong></span> <span class='ocrx_word' id='word_1_372' title='bbox 3316 2007 3513 2058; x_wconf 85' lang='lat' dir='ltr'><strong>amor,</strong></span> 
     </span>
    </p>
   </div>
   <div class='ocr_carea' id='block_1_49' title="bbox 1942 2078 3513 2155">
    <p class='ocr_par' dir='ltr' id='par_1_49' title="bbox 1942 2078 3513 2155">
     <span class='ocr_line' id='line_1_49' title="bbox 1942 2078 3513 2155; baseline 0.003 -21"><span class='ocrx_word' id='word_1_373' title='bbox 1942 2087 2034 2155; x_wconf 87' lang='lat' dir='ltr'><strong>qui</strong></span> <span class='ocrx_word' id='word_1_374' title='bbox 2070 2096 2194 2140; x_wconf 89' lang='lat' dir='ltr'><strong>ante</strong></span> <span class='ocrx_word' id='word_1_375' title='bbox 2223 2090 2407 2140; x_wconf 89' lang='lat' dir='ltr'><strong>omnia</strong></span> <span class='ocrx_word' id='word_1_376' title='bbox 2447 2088 2501 2140; x_wconf 93' lang='lat' dir='ltr'><strong>in</strong></span> <span class='ocrx_word' id='word_1_377' title='bbox 2534 2086 2679 2142; x_wconf 91' lang='lat' dir='ltr'><strong>bono</strong></span> <span class='ocrx_word' id='word_1_378' title='bbox 2696 2086 2928 2148; x_wconf 86' lang='lat' dir='ltr'><strong>exstitit,</strong></span> <span class='ocrx_word' id='word_1_379' title='bbox 2956 2100 3066 2139; x_wconf 90' lang='lat' dir='ltr'><strong>non</strong></span> <span class='ocrx_word' id='word_1_380' title='bbox 3099 2083 3364 2139; x_wconf 87' lang='lat' dir='ltr'><strong>remansit</strong></span> <span class='ocrx_word' id='word_1_381' title='bbox 3391 2078 3513 2138; x_wconf 84' lang='lat' dir='ltr'><strong>sine</strong></span> 
     </span>
    </p>
   </div>
   <div class='ocr_carea' id='block_1_50' title="bbox 1940 2177 3513 2248">
    <p class='ocr_par' dir='ltr' id='par_1_50' title="bbox 1940 2177 3513 2248">
     <span class='ocr_line' id='line_1_50' title="bbox 1940 2177 3513 2248; baseline -0.001 -18"><span class='ocrx_word' id='word_1_382' title='bbox 1940 2179 2073 2243; x_wconf 72' lang='lat' dir='ltr'><strong>ictu,</strong></span> <span class='ocrx_word' id='word_1_383' title='bbox 2109 2179 2201 2233; x_wconf 91' lang='lat' dir='ltr'><strong>sed</strong></span> <span class='ocrx_word' id='word_1_384' title='bbox 2236 2179 2420 2248; x_wconf 89' lang='lat' dir='ltr'><strong>potius</strong></span> <span class='ocrx_word' id='word_1_385' title='bbox 2449 2179 2652 2234; x_wconf 87' lang='lat' dir='ltr'><strong>bonum</strong></span> <span class='ocrx_word' id='word_1_386' title='bbox 2677 2193 2920 2234; x_wconf 86' lang='lat' dir='ltr'><strong>amorem</strong></span> <span class='ocrx_word' id='word_1_387' title='bbox 2955 2178 3112 2232; x_wconf 93' lang='lat' dir='ltr'><strong>nobis</strong></span> <span class='ocrx_word' id='word_1_388' title='bbox 3162 2177 3388 2246; x_wconf 88' lang='lat' dir='ltr'><strong>peperit,</strong></span> <span class='ocrx_word' id='word_1_389' title='bbox 3415 2190 3513 2245; x_wconf 91' lang='lat' dir='ltr'><strong>per</strong></span> 
     </span>
    </p>
   </div>
   <div class='ocr_carea' id='block_1_51' title="bbox 1937 2269 3514 2342">
    <p class='ocr_par' dir='ltr' id='par_1_51' title="bbox 1937 2269 3514 2342">
     <span class='ocr_line' id='line_1_51' title="bbox 1937 2269 3514 2342; baseline -0.003 -17"><span class='ocrx_word' id='word_1_390' title='bbox 1937 2285 2101 2340; x_wconf 86' lang='lat' dir='ltr'><strong>quem</strong></span> <span class='ocrx_word' id='word_1_391' title='bbox 2127 2272 2416 2338; x_wconf 90' lang='lat' dir='ltr'><strong>pulchrum</strong></span> <span class='ocrx_word' id='word_1_392' title='bbox 2447 2282 2499 2327; x_wconf 92' lang='lat' dir='ltr'><strong>et</strong></span> <span class='ocrx_word' id='word_1_393' title='bbox 2526 2273 2725 2328; x_wconf 90' lang='lat' dir='ltr'><strong>bonum</strong></span> <span class='ocrx_word' id='word_1_394' title='bbox 2753 2272 3081 2342; x_wconf 78' lang='lat' dir='ltr'><strong>expetimus.</strong></span> <span class='ocrx_word' id='word_1_395' title='bbox 3110 2269 3353 2325; x_wconf 84' lang='lat' dir='ltr'><strong>Observa</strong></span> <span class='ocrx_word' id='word_1_396' title='bbox 3385 2269 3514 2322; x_wconf 93' lang='lat' dir='ltr'><strong>hinc</strong></span> 
     </span>
    </p>
   </div>
   <div class='ocr_carea' id='block_1_52' title="bbox 1937 2359 3512 2428">
    <p class='ocr_par' dir='ltr' id='par_1_52' title="bbox 1937 2359 3512 2428">
     <span class='ocr_line' id='line_1_52' title="bbox 1937 2359 3512 2428; baseline -0.002 -12"><span class='ocrx_word' id='word_1_397' title='bbox 1937 2363 2182 2416; x_wconf 88' lang='lat' dir='ltr'><strong>divinum</strong></span> <span class='ocrx_word' id='word_1_398' title='bbox 2218 2373 2447 2428; x_wconf 91' lang='lat' dir='ltr'><strong>motum,</strong></span> <span class='ocrx_word' id='word_1_399' title='bbox 2475 2377 2632 2416; x_wconf 89' lang='lat' dir='ltr'><strong>amor</strong></span> <span class='ocrx_word' id='word_1_400' title='bbox 2659 2362 2802 2418; x_wconf 87' lang='lat' dir='ltr'><strong>enim</strong></span> <span class='ocrx_word' id='word_1_401' title='bbox 2848 2361 3112 2416; x_wconf 90' lang='lat' dir='ltr'><strong>bonorum</strong></span> <span class='ocrx_word' id='word_1_402' title='bbox 3140 2359 3363 2415; x_wconf 79' lang='lat' dir='ltr'><strong>eﬂ‘ector</strong></span> <span class='ocrx_word' id='word_1_403' title='bbox 3394 2375 3512 2413; x_wconf 78' lang='lat' dir='ltr'><strong>mo-</strong></span> 
     </span>
    </p>
   </div>
   <div class='ocr_carea' id='block_1_53' title="bbox 1941 2445 3510 2520">
    <p class='ocr_par' dir='ltr' id='par_1_53' title="bbox 1941 2445 3510 2520">
     <span class='ocr_line' id='line_1_53' title="bbox 1941 2445 3510 2520; baseline -0.003 -16"><span class='ocrx_word' id='word_1_404' title='bbox 1941 2451 2019 2504; x_wconf 87' lang='lat' dir='ltr'><strong>vit</strong></span> <span class='ocrx_word' id='word_1_405' title='bbox 2048 2450 2218 2504; x_wconf 90' lang='lat' dir='ltr'><strong>Deum</strong></span> <span class='ocrx_word' id='word_1_406' title='bbox 2255 2451 2320 2505; x_wconf 90' lang='lat' dir='ltr'><strong>ad</strong></span> <span class='ocrx_word' id='word_1_407' title='bbox 2358 2451 2752 2520; x_wconf 88' lang='lat' dir='ltr'><strong>providendum</strong></span> <span class='ocrx_word' id='word_1_408' title='bbox 2787 2450 2968 2514; x_wconf 85' lang='lat' dir='ltr'><strong>nobis,</strong></span> <span class='ocrx_word' id='word_1_409' title='bbox 2997 2456 3130 2503; x_wconf 89' lang='lat' dir='ltr'><strong>etut</strong></span> <span class='ocrx_word' id='word_1_410' title='bbox 3164 2463 3264 2502; x_wconf 89' lang='lat' dir='ltr'><strong>nos</strong></span> <span class='ocrx_word' id='word_1_411' title='bbox 3302 2445 3510 2500; x_wconf 80' lang='lat' dir='ltr'><strong>consti-</strong></span> 
     </span>
    </p>
   </div>
   <div class='ocr_carea' id='block_1_54' title="bbox 1943 2541 3512 2610">
    <p class='ocr_par' dir='ltr' id='par_1_54' title="bbox 1943 2541 3512 2610">
     <span class='ocr_line' id='line_1_54' title="bbox 1943 2541 3512 2610; baseline -0.005 -14"><span class='ocrx_word' id='word_1_412' title='bbox 1943 2553 2140 2607; x_wconf 89' lang='lat' dir='ltr'><strong>tueret,</strong></span> <span class='ocrx_word' id='word_1_413' title='bbox 2176 2551 2232 2596; x_wconf 91' lang='lat' dir='ltr'><strong>ut</strong></span> <span class='ocrx_word' id='word_1_414' title='bbox 2257 2556 2382 2596; x_wconf 88' lang='lat' dir='ltr'><strong>cum</strong></span> <span class='ocrx_word' id='word_1_415' title='bbox 2417 2550 2748 2604; x_wconf 83' lang='lat' dir='ltr'><strong>moveretur,</strong></span> <span class='ocrx_word' id='word_1_416' title='bbox 2782 2541 3123 2610; x_wconf 86' lang='lat' dir='ltr'><strong>produceret,</strong></span> <span class='ocrx_word' id='word_1_417' title='bbox 3165 2548 3218 2592; x_wconf 90' lang='lat' dir='ltr'><strong>et</strong></span> <span class='ocrx_word' id='word_1_418' title='bbox 3265 2553 3374 2591; x_wconf 90' lang='lat' dir='ltr'><strong>non</strong></span> <span class='ocrx_word' id='word_1_419' title='bbox 3425 2553 3512 2589; x_wconf 86' lang='lat' dir='ltr'><strong>rc-</strong></span> 
     </span>
    </p>
   </div>
   <div class='ocr_carea' id='block_1_55' title="bbox 1939 2629 3514 2704">
    <p class='ocr_par' dir='ltr' id='par_1_55' title="bbox 1939 2629 3514 2704">
     <span class='ocr_line' id='line_1_55' title="bbox 1939 2629 3514 2704; baseline -0.004 -17"><span class='ocrx_word' id='word_1_420' title='bbox 1939 2644 2182 2688; x_wconf 87' lang='lat' dir='ltr'><strong>maneret</strong></span> <span class='ocrx_word' id='word_1_421' title='bbox 2203 2648 2397 2704; x_wconf 90' lang='lat' dir='ltr'><strong>expers</strong></span> <span class='ocrx_word' id='word_1_422' title='bbox 2425 2633 2584 2689; x_wconf 79' lang='lat' dir='ltr'><strong>fetus.</strong></span> <span class='ocrx_word' id='word_1_423' title='bbox 2614 2633 2749 2687; x_wconf 87' lang='lat' dir='ltr'><strong>Hine</strong></span> <span class='ocrx_word' id='word_1_424' title='bbox 2773 2631 2956 2686; x_wconf 90' lang='lat' dir='ltr'><strong>evadit</strong></span> <span class='ocrx_word' id='word_1_425' title='bbox 2972 2629 3340 2692; x_wconf 81' lang='lat' dir='ltr'><strong>manifestum,</strong></span> <span class='ocrx_word' id='word_1_426' title='bbox 3367 2630 3514 2697; x_wconf 89' lang='lat' dir='ltr'><strong>quod</strong></span> 
     </span>
    </p>
   </div>
   <div class='ocr_carea' id='block_1_56' title="bbox 1943 2722 3514 2791">
    <p class='ocr_par' dir='ltr' id='par_1_56' title="bbox 1943 2722 3514 2791">
     <span class='ocr_line' id='line_1_56' title="bbox 1943 2722 3514 2791; baseline -0.003 -11"><span class='ocrx_word' id='word_1_427' title='bbox 1943 2742 2136 2781; x_wconf 88' lang='lat' dir='ltr'><strong>nomen</strong></span> <span class='ocrx_word' id='word_1_428' title='bbox 2167 2727 2375 2782; x_wconf 87' lang='lat' dir='ltr'><strong>amoris</strong></span> <span class='ocrx_word' id='word_1_429' title='bbox 2429 2727 2675 2780; x_wconf 87' lang='lat' dir='ltr'><strong>divinum</strong></span> <span class='ocrx_word' id='word_1_430' title='bbox 2720 2734 2775 2779; x_wconf 92' lang='lat' dir='ltr'><strong>et</strong></span> <span class='ocrx_word' id='word_1_431' title='bbox 2833 2723 3139 2778; x_wconf 87' lang='lat' dir='ltr'><strong>venerabile</strong></span> <span class='ocrx_word' id='word_1_432' title='bbox 3177 2737 3207 2776; x_wconf 92' lang='lat' dir='ltr'><strong>a</strong></span> <span class='ocrx_word' id='word_1_433' title='bbox 3250 2722 3514 2791; x_wconf 87' lang='lat' dir='ltr'><strong>principio</strong></span> 
     </span>
    </p>
   </div>
   <div class='ocr_carea' id='block_1_57' title="bbox 1943 2814 3516 2890">
    <p class='ocr_par' dir='ltr' id='par_1_57' title="bbox 1943 2814 3516 2890">
     <span class='ocr_line' id='line_1_57' title="bbox 1943 2814 3516 2890; baseline -0.005 -16"><span class='ocrx_word' id='word_1_434' title='bbox 1943 2820 2180 2888; x_wconf 78' lang='lat' dir='ltr'><strong>theologi</strong></span> <span class='ocrx_word' id='word_1_435' title='bbox 2217 2820 2587 2884; x_wconf 83' lang='lat' dir='ltr'><strong>celebrarunt;</strong></span> <span class='ocrx_word' id='word_1_436' title='bbox 2636 2819 2862 2890; x_wconf 91' lang='lat' dir='ltr'><strong>etquod</strong></span> <span class='ocrx_word' id='word_1_437' title='bbox 2895 2817 3036 2872; x_wconf 91' lang='lat' dir='ltr'><strong>idem</strong></span> <span class='ocrx_word' id='word_1_438' title='bbox 3083 2823 3187 2879; x_wconf 90' lang='lat' dir='ltr'><strong>est,</strong></span> <span class='ocrx_word' id='word_1_439' title='bbox 3235 2814 3516 2869; x_wconf 89' lang='lat' dir='ltr'><strong>eamdem-</strong></span> 
     </span>
    </p>
   </div>
   <div class='ocr_carea' id='block_1_58' title="bbox 1943 2906 3517 2981">
    <p class='ocr_par' dir='ltr' id='par_1_58' title="bbox 1943 2906 3517 2981">
     <span class='ocr_line' id='line_1_58' title="bbox 1943 2906 3517 2981; baseline -0.004 -16"><span class='ocrx_word' id='word_1_440' title='bbox 1943 2928 2052 2981; x_wconf 89' lang='lat' dir='ltr'><strong>que</strong></span> <span class='ocrx_word' id='word_1_441' title='bbox 2079 2913 2185 2966; x_wconf 85' lang='lat' dir='ltr'><strong>vim</strong></span> <span class='ocrx_word' id='word_1_442' title='bbox 2217 2912 2382 2966; x_wconf 86' lang='lat' dir='ltr'><strong>habet</strong></span> <span class='ocrx_word' id='word_1_443' title='bbox 2402 2927 2597 2966; x_wconf 91' lang='lat' dir='ltr'><strong>nomen</strong></span> <span class='ocrx_word' id='word_1_444' title='bbox 2631 2911 2834 2966; x_wconf 88' lang='lat' dir='ltr'><strong>amoris</strong></span> <span class='ocrx_word' id='word_1_445' title='bbox 2868 2918 2923 2965; x_wconf 91' lang='lat' dir='ltr'><strong>et</strong></span> <span class='ocrx_word' id='word_1_446' title='bbox 2941 2907 3270 2972; x_wconf 89' lang='lat' dir='ltr'><strong>dilectionis,</strong></span> <span class='ocrx_word' id='word_1_447' title='bbox 3295 2917 3348 2961; x_wconf 92' lang='lat' dir='ltr'><strong>ct</strong></span> <span class='ocrx_word' id='word_1_448' title='bbox 3367 2906 3517 2976; x_wconf 91' lang='lat' dir='ltr'><strong>quod</strong></span> 
     </span>
    </p>
   </div>
   <div class='ocr_carea' id='block_1_59' title="bbox 1949 2996 3520 3068">
    <p class='ocr_par' dir='ltr' id='par_1_59' title="bbox 1949 2996 3520 3068">
     <span class='ocr_line' id='line_1_59' title="bbox 1949 2996 3520 3068; baseline -0.003 -13"><span class='ocrx_word' id='word_1_449' title='bbox 1949 3003 2221 3055; x_wconf 86' lang='lat' dir='ltr'><strong>estctiam</strong></span> <span class='ocrx_word' id='word_1_450' title='bbox 2281 3001 2576 3056; x_wconf 71' lang='lat' dir='ltr'><strong>exsraticus</strong></span> <span class='ocrx_word' id='word_1_451' title='bbox 2603 3016 2760 3056; x_wconf 89' lang='lat' dir='ltr'><strong>amor</strong></span> <span class='ocrx_word' id='word_1_452' title='bbox 2787 2999 3027 3064; x_wconf 90' lang='lat' dir='ltr'><strong>divinus,</strong></span> <span class='ocrx_word' id='word_1_453' title='bbox 3078 2998 3170 3068; x_wconf 90' lang='lat' dir='ltr'><strong>qui</strong></span> <span class='ocrx_word' id='word_1_454' title='bbox 3222 3011 3330 3050; x_wconf 90' lang='lat' dir='ltr'><strong>non</strong></span> <span class='ocrx_word' id='word_1_455' title='bbox 3385 2996 3520 3051; x_wconf 82' lang='lat' dir='ltr'><strong>sinit</strong></span> 
     </span>
    </p>
   </div>
   <div class='ocr_carea' id='block_1_60' title="bbox 1940 3089 3574 3162">
    <p class='ocr_par' dir='ltr' id='par_1_60' title="bbox 1940 3089 3574 3162">
     <span class='ocr_line' id='line_1_60' title="bbox 1940 3089 3574 3162; baseline 0 -19"><span class='ocrx_word' id='word_1_456' title='bbox 1940 3103 2186 3145; x_wconf 79' lang='lat' dir='ltr'><strong>amantes</strong></span> <span class='ocrx_word' id='word_1_457' title='bbox 2215 3108 2340 3146; x_wconf 89' lang='lat' dir='ltr'><strong>esse</strong></span> <span class='ocrx_word' id='word_1_458' title='bbox 2369 3107 2524 3158; x_wconf 88' lang='lat' dir='ltr'><strong>suos,</strong></span> <span class='ocrx_word' id='word_1_459' title='bbox 2553 3093 2644 3146; x_wconf 89' lang='lat' dir='ltr'><strong>sed</strong></span> <span class='ocrx_word' id='word_1_460' title='bbox 2664 3108 2854 3146; x_wconf 89' lang='lat' dir='ltr'><strong>eorum</strong></span> <span class='ocrx_word' id='word_1_461' title='bbox 2879 3106 3018 3162; x_wconf 89' lang='lat' dir='ltr'><strong>quos</strong></span> <span class='ocrx_word' id='word_1_462' title='bbox 3047 3098 3252 3153; x_wconf 85' lang='lat' dir='ltr'><strong>amant;</strong></span> <span class='ocrx_word' id='word_1_463' title='bbox 3287 3097 3342 3144; x_wconf 91' lang='lat' dir='ltr'><strong>et</strong></span> <span class='ocrx_word' id='word_1_464' title='bbox 3366 3089 3516 3157; x_wconf 88' lang='lat' dir='ltr'><strong>quod</strong></span> <span class='ocrx_word' id='word_1_465' title='bbox 3571 3091 3574 3095; x_wconf 76' lang='grc'>’</span> 
     </span>
    </p>
   </div>
   <div class='ocr_carea' id='block_1_61' title="bbox 1944 3181 3514 3252">
    <p class='ocr_par' dir='ltr' id='par_1_61' title="bbox 1944 3181 3514 3252">
     <span class='ocr_line' id='line_1_61' title="bbox 1944 3181 3514 3252; baseline 0.001 -17"><span class='ocrx_word' id='word_1_466' title='bbox 1944 3183 2298 3252; x_wconf 74' lang='lat' dir='ltr'><strong>providentize</strong></span> <span class='ocrx_word' id='word_1_467' title='bbox 2329 3199 2522 3240; x_wconf 79' lang='lat' dir='ltr'><strong>rerum</strong></span> <span class='ocrx_word' id='word_1_468' title='bbox 2560 3196 2714 3240; x_wconf 80' lang='lat' dir='ltr'><strong>extra</strong></span> <span class='ocrx_word' id='word_1_469' title='bbox 2757 3184 2924 3239; x_wconf 82' lang='lat' dir='ltr'><strong>Deum</strong></span> <span class='ocrx_word' id='word_1_470' title='bbox 2958 3191 3105 3249; x_wconf 85' lang='lat' dir='ltr'><strong>sunt,</strong></span> <span class='ocrx_word' id='word_1_471' title='bbox 3131 3191 3184 3238; x_wconf 89' lang='lat' dir='ltr'><strong>et</strong></span> <span class='ocrx_word' id='word_1_472' title='bbox 3214 3181 3514 3238; x_wconf 88' lang='lat' dir='ltr'><strong>secundum</strong></span> 
     </span>
    </p>
   </div>
   <div class='ocr_carea' id='block_1_62' title="bbox 1775 3321 2048 3389">
    <p class='ocr_par' dir='ltr' id='par_1_62' title="bbox 1775 3321 2048 3389">
     <span class='ocr_line' id='line_1_62' title="bbox 1775 3321 2048 3389; baseline 0.033 -9"><span class='ocrx_word' id='word_1_473' title='bbox 1775 3321 2048 3389; x_wconf 85' lang='lat' dir='ltr'><strong>Scholia.</strong></span> 
     </span>
    </p>
   </div>
   <div class='ocr_carea' id='block_1_63' title="bbox 271 3445 1911 3515">
    <p class='ocr_par' dir='ltr' id='par_1_63' title="bbox 271 3445 1911 3515">
     <span class='ocr_line' id='line_1_63' title="bbox 271 3445 1911 3515; baseline -0.001 -11"><span class='ocrx_word' id='word_1_474' title='bbox 271 3449 420 3504; x_wconf 87' lang='lat' dir='ltr'><strong>Deus</strong></span> <span class='ocrx_word' id='word_1_475' title='bbox 447 3445 694 3502; x_wconf 83' lang='lat' dir='ltr'><strong>ebaritas</strong></span> <span class='ocrx_word' id='word_1_476' title='bbox 717 3451 822 3509; x_wconf 89' lang='lat' dir='ltr'><strong>est,</strong></span> <span class='ocrx_word' id='word_1_477' title='bbox 845 3448 1063 3515; x_wconf 84' lang='lat' dir='ltr'><strong>propter</strong></span> <span class='ocrx_word' id='word_1_478' title='bbox 1095 3451 1376 3515; x_wconf 86' lang='lat' dir='ltr'><strong>creaturas</strong></span> <span class='ocrx_word' id='word_1_479' title='bbox 1403 3459 1540 3514; x_wconf 87' lang='lat' dir='ltr'><strong>quas</strong></span> <span class='ocrx_word' id='word_1_480' title='bbox 1564 3447 1837 3515; x_wconf 84' lang='lat' dir='ltr'><strong>produxit,</strong></span> <span class='ocrx_word' id='word_1_481' title='bbox 1869 3459 1911 3514; x_wconf 78' lang='grc' dir='ltr'>ο</span> 
     </span>
    </p>
   </div>
   <div class='ocr_carea' id='block_1_64' title="bbox 265 3512 1840 3586">
    <p class='ocr_par' dir='ltr' id='par_1_64' title="bbox 265 3512 1840 3586">
     <span class='ocr_line' id='line_1_64' title="bbox 265 3512 1840 3586; baseline 0.015 -37"><span class='ocrx_word' id='word_1_482' title='bbox 265 3530 350 3575; x_wconf 63' lang='grc' dir='ltr'>εει</span> <span class='ocrx_word' id='word_1_483' title='bbox 375 3517 586 3586; x_wconf 59' lang='lat' dir='ltr'><strong>alioqui</strong></span> <span class='ocrx_word' id='word_1_484' title='bbox 621 3516 780 3586; x_wconf 64' lang='lat' dir='ltr'><strong>licus,</strong></span> <span class='ocrx_word' id='word_1_485' title='bbox 826 3529 894 3566; x_wconf 88' lang='lat' dir='ltr'><strong>ne</strong></span> <span class='ocrx_word' id='word_1_486' title='bbox 924 3512 1048 3586; x_wconf 78' lang='lat' dir='ltr'><strong>quis</strong></span> <span class='ocrx_word' id='word_1_487' title='bbox 1093 3512 1196 3566; x_wconf 92' lang='lat' dir='ltr'><strong>hoc</strong></span> <span class='ocrx_word' id='word_1_488' title='bbox 1231 3514 1343 3566; x_wconf 91' lang='lat' dir='ltr'><strong>tolli</strong></span> <span class='ocrx_word' id='word_1_489' title='bbox 1379 3512 1840 3584; x_wconf 60' lang='lat' dir='ltr'><strong>putetiabsolute</strong></span> 
     </span>
    </p>
   </div>
   <div class='ocr_carea' id='block_1_65' title="bbox 268 3583 1839 3657">
    <p class='ocr_par' dir='ltr' id='par_1_65' title="bbox 268 3583 1839 3657">
     <span class='ocr_line' id='line_1_65' title="bbox 268 3583 1839 3657; baseline -0.002 -15"><span class='ocrx_word' id='word_1_490' title='bbox 268 3591 384 3657; x_wconf 89' lang='lat' dir='ltr'><strong>ipsa</strong></span> <span class='ocrx_word' id='word_1_491' title='bbox 410 3583 584 3657; x_wconf 58' lang='lat' dir='ltr'><strong>per&#39;se</strong></span> <span class='ocrx_word' id='word_1_492' title='bbox 605 3583 844 3657; x_wconf 87' lang='lat' dir='ltr'><strong>cbaritas</strong></span> <span class='ocrx_word' id='word_1_493' title='bbox 869 3583 1164 3652; x_wconf 90' lang='lat' dir='ltr'><strong>superlata,</strong></span> <span class='ocrx_word' id='word_1_494' title='bbox 1203 3599 1314 3638; x_wconf 92' lang='lat' dir='ltr'><strong>non</strong></span> <span class='ocrx_word' id='word_1_495' title='bbox 1360 3583 1566 3652; x_wconf 88' lang='lat' dir='ltr'><strong>creata,</strong></span> <span class='ocrx_word' id='word_1_496' title='bbox 1599 3588 1692 3642; x_wconf 88' lang='lat' dir='ltr'><strong>sed</strong></span> <span class='ocrx_word' id='word_1_497' title='bbox 1719 3605 1839 3640; x_wconf 88' lang='lat' dir='ltr'><strong>om-</strong></span> 
     </span>
    </p>
   </div>
   <div class='ocr_carea' id='block_1_66' title="bbox 271 3656 701 3712">
    <p class='ocr_par' dir='ltr' id='par_1_66' title="bbox 271 3656 701 3712">
     <span class='ocr_line' id='line_1_66' title="bbox 271 3656 701 3712; baseline -0.014 0"><span class='ocrx_word' id='word_1_498' title='bbox 271 3656 422 3712; x_wconf 81' lang='lat' dir='ltr'><strong>nium</strong></span> <span class='ocrx_word' id='word_1_499' title='bbox 449 3656 701 3710; x_wconf 85' lang='lat' dir='ltr'><strong>creatrix.</strong></span> 
     </span>
    </p>
   </div>
   <div class='ocr_carea' id='block_1_67' title="bbox 348 3719 1840 3796">
    <p class='ocr_par' dir='ltr' id='par_1_67' title="bbox 348 3719 1840 3796">
     <span class='ocr_line' id='line_1_67' title="bbox 348 3719 1840 3796; baseline 0.002 -17"><span class='ocrx_word' id='word_1_500' title='bbox 348 3725 426 3796; x_wconf 86' lang='lat'><strong>(5)</strong></span> <span class='ocrx_word' id='word_1_501' title='bbox 475 3722 1093 3796; x_wconf 23' lang='lat' dir='ltr'><strong>Tanquamﬁmoventem.</strong></span> <span class='ocrx_word' id='word_1_502' title='bbox 1133 3719 1452 3796; x_wconf 65' lang='lat' dir='ltr'><strong>observavit</strong></span> <span class='ocrx_word' id='word_1_503' title='bbox 1479 3724 1568 3780; x_wconf 89' lang='lat' dir='ltr'><strong>hic</strong></span> <span class='ocrx_word' id='word_1_504' title='bbox 1592 3725 1649 3779; x_wconf 89' lang='lat' dir='ltr'><strong>S.</strong></span> <span class='ocrx_word' id='word_1_505' title='bbox 1695 3723 1840 3782; x_wconf 83' lang='lat' dir='ltr'><strong>Th0-</strong></span> 
     </span>
    </p>
   </div>
   <div class='ocr_carea' id='block_1_68' title="bbox 279 3789 1842 3865">
    <p class='ocr_par' dir='ltr' id='par_1_68' title="bbox 279 3789 1842 3865">
     <span class='ocr_line' id='line_1_68' title="bbox 279 3789 1842 3865; baseline 0.001 -17"><span class='ocrx_word' id='word_1_506' title='bbox 279 3789 699 3865; x_wconf 49' lang='lat' dir='ltr'><strong>ma&#39;s&#39;triplicenr</strong></span> <span class='ocrx_word' id='word_1_507' title='bbox 715 3789 968 3845; x_wconf 76' lang='lat' dir='ltr'><strong>effectum</strong></span> <span class='ocrx_word' id='word_1_508' title='bbox 990 3791 1368 3865; x_wconf 76' lang='lat' dir='ltr'><strong>_amoris,_sive</strong></span> <span class='ocrx_word' id='word_1_509' title='bbox 1392 3795 1695 3860; x_wconf 88' lang='lat' dir='ltr'><strong>eharitatis,</strong></span> <span class='ocrx_word' id='word_1_510' title='bbox 1732 3799 1842 3865; x_wconf 86' lang='lat' dir='ltr'><strong>pri-</strong></span> 
     </span>
    </p>
   </div>
   <div class='ocr_carea' id='block_1_69' title="bbox 280 3861 1840 3930">
    <p class='ocr_par' dir='ltr' id='par_1_69' title="bbox 280 3861 1840 3930">
     <span class='ocr_line' id='line_1_69' title="bbox 280 3861 1840 3930; baseline 0.001 -13"><span class='ocrx_word' id='word_1_511' title='bbox 280 3879 404 3918; x_wconf 87' lang='lat' dir='ltr'><strong>mus</strong></span> <span class='ocrx_word' id='word_1_512' title='bbox 426 3873 529 3926; x_wconf 76' lang='lat' dir='ltr'><strong>eSI,</strong></span> <span class='ocrx_word' id='word_1_513' title='bbox 563 3861 703 3930; x_wconf 91' lang='lat' dir='ltr'><strong>quod</strong></span> <span class='ocrx_word' id='word_1_514' title='bbox 731 3875 905 3925; x_wconf 90' lang='lat' dir='ltr'><strong>amor,</strong></span> <span class='ocrx_word' id='word_1_515' title='bbox 957 3861 1072 3930; x_wconf 88' lang='lat' dir='ltr'><strong>sive</strong></span> <span class='ocrx_word' id='word_1_516' title='bbox 1093 3861 1335 3916; x_wconf 87' lang='lat' dir='ltr'><strong>eharitas</strong></span> <span class='ocrx_word' id='word_1_517' title='bbox 1366 3874 1545 3917; x_wconf 89' lang='lat' dir='ltr'><strong>movet</strong></span> <span class='ocrx_word' id='word_1_518' title='bbox 1567 3861 1840 3918; x_wconf 84' lang='lat' dir='ltr'><strong>amaniem</strong></span> 
     </span>
    </p>
   </div>
   <div class='ocr_carea' id='block_1_70' title="bbox 282 3929 1840 4000">
    <p class='ocr_par' dir='ltr' id='par_1_70' title="bbox 282 3929 1840 4000">
     <span class='ocr_line' id='line_1_70' title="bbox 282 3929 1840 4000; baseline -0.001 -12"><span class='ocrx_word' id='word_1_519' title='bbox 282 3935 353 3988; x_wconf 90' lang='lat' dir='ltr'><strong>ad</strong></span> <span class='ocrx_word' id='word_1_520' title='bbox 388 3929 775 4000; x_wconf 83' lang='lat' dir='ltr'><strong>Operationem,</strong></span> <span class='ocrx_word' id='word_1_521' title='bbox 807 3933 950 4000; x_wconf 82' lang='lat' dir='ltr'><strong>unde</strong></span> <span class='ocrx_word' id='word_1_522' title='bbox 989 3929 1070 3998; x_wconf 91' lang='lat' dir='ltr'><strong>(ut</strong></span> <span class='ocrx_word' id='word_1_523' title='bbox 1096 3931 1200 3984; x_wconf 90' lang='lat' dir='ltr'><strong>hoc</strong></span> <span class='ocrx_word' id='word_1_524' title='bbox 1239 3931 1415 3985; x_wconf 89' lang='lat' dir='ltr'><strong>obiter</strong></span> <span class='ocrx_word' id='word_1_525' title='bbox 1435 3933 1753 3988; x_wconf 88' lang='lat' dir='ltr'><strong>observetur</strong></span> <span class='ocrx_word' id='word_1_526' title='bbox 1787 3936 1840 3987; x_wconf 90' lang='lat' dir='ltr'><strong>in</strong></span> 
     </span>
    </p>
   </div>
   <div class='ocr_carea' id='block_1_71' title="bbox 283 3999 1840 4071">
    <p class='ocr_par' dir='ltr' id='par_1_71' title="bbox 283 3999 1840 4071">
     <span class='ocr_line' id='line_1_71' title="bbox 283 3999 1840 4071; baseline 0.001 -15"><span class='ocrx_word' id='word_1_527' title='bbox 283 3999 594 4066; x_wconf 63' lang='lat' dir='ltr'><strong>ltaireticos,</strong></span> <span class='ocrx_word' id='word_1_528' title='bbox 627 4002 720 4069; x_wconf 86' lang='lat' dir='ltr'><strong>qui</strong></span> <span class='ocrx_word' id='word_1_529' title='bbox 752 3999 1026 4053; x_wconf 82' lang='lat' dir='ltr'><strong>hominem</strong></span> <span class='ocrx_word' id='word_1_530' title='bbox 1049 4012 1144 4071; x_wconf 85' lang='lat' dir='ltr'><strong>per</strong></span> <span class='ocrx_word' id='word_1_531' title='bbox 1167 3999 1337 4054; x_wconf 84' lang='lat' dir='ltr'><strong>solam</strong></span> <span class='ocrx_word' id='word_1_532' title='bbox 1369 4002 1529 4071; x_wconf 75' lang='lat' dir='ltr'><strong>tidem</strong></span> <span class='ocrx_word' id='word_1_533' title='bbox 1559 4002 1840 4071; x_wconf 84' lang='lat' dir='ltr'><strong>justiﬁeari</strong></span> 
     </span>
    </p>
   </div>
   <div class='ocr_carea' id='block_1_72' title="bbox 278 4069 1843 4139">
    <p class='ocr_par' dir='ltr' id='par_1_72' title="bbox 278 4069 1843 4139">
     <span class='ocr_line' id='line_1_72' title="bbox 278 4069 1843 4139; baseline 0.001 -15"><span class='ocrx_word' id='word_1_534' title='bbox 278 4071 528 4139; x_wconf 86' lang='lat' dir='ltr'><strong>tradunt)</strong></span> <span class='ocrx_word' id='word_1_535' title='bbox 563 4074 704 4124; x_wconf 89' lang='lat' dir='ltr'><strong>sicut</strong></span> <span class='ocrx_word' id='word_1_536' title='bbox 749 4082 890 4138; x_wconf 87' lang='lat' dir='ltr'><strong>aqua</strong></span> <span class='ocrx_word' id='word_1_537' title='bbox 936 4069 1304 4136; x_wconf 87' lang='lat' dir='ltr'><strong>operationem</strong></span> <span class='ocrx_word' id='word_1_538' title='bbox 1330 4070 1400 4123; x_wconf 90' lang='lat' dir='ltr'><strong>ab</strong></span> <span class='ocrx_word' id='word_1_539' title='bbox 1444 4069 1585 4139; x_wconf 78' lang='lat' dir='ltr'><strong>igne,</strong></span> <span class='ocrx_word' id='word_1_540' title='bbox 1639 4075 1843 4126; x_wconf 88' lang='lat' dir='ltr'><strong>scilicet</strong></span> 
     </span>
    </p>
   </div>
   <div class='ocr_carea' id='block_1_73' title="bbox 273 4140 1844 4211">
    <p class='ocr_par' dir='ltr' id='par_1_73' title="bbox 273 4140 1844 4211">
     <span class='ocr_line' id='line_1_73' title="bbox 273 4140 1844 4211; baseline 0.002 -17"><span class='ocrx_word' id='word_1_541' title='bbox 273 4141 686 4194; x_wconf 75' lang='lat' dir='ltr'><strong>calcfactionem</strong></span> <span class='ocrx_word' id='word_1_542' title='bbox 719 4140 931 4211; x_wconf 82' lang='lat' dir='ltr'><strong>recipit,</strong></span> <span class='ocrx_word' id='word_1_543' title='bbox 955 4151 1010 4190; x_wconf 91' lang='lat' dir='ltr'><strong>et</strong></span> <span class='ocrx_word' id='word_1_544' title='bbox 1035 4140 1212 4191; x_wconf 83' lang='lat' dir='ltr'><strong>caletit</strong></span> <span class='ocrx_word' id='word_1_545' title='bbox 1249 4140 1512 4208; x_wconf 88' lang='lat' dir='ltr'><strong>(operatio</strong></span> <span class='ocrx_word' id='word_1_546' title='bbox 1545 4143 1686 4195; x_wconf 88' lang='lat' dir='ltr'><strong>enim</strong></span> <span class='ocrx_word' id='word_1_547' title='bbox 1704 4141 1844 4211; x_wconf 81' lang='lat' dir='ltr'><strong>ignis</strong></span> 
     </span>
    </p>
   </div>
   <div class='ocr_carea' id='block_1_74' title="bbox 272 4209 1840 4280">
    <p class='ocr_par' dir='ltr' id='par_1_74' title="bbox 272 4209 1840 4280">
     <span class='ocr_line' id='line_1_74' title="bbox 272 4209 1840 4280; baseline 0.001 -17"><span class='ocrx_word' id='word_1_548' title='bbox 272 4226 472 4279; x_wconf 90' lang='lat' dir='ltr'><strong>aquam</strong></span> <span class='ocrx_word' id='word_1_549' title='bbox 509 4210 733 4278; x_wconf 89' lang='lat' dir='ltr'><strong>movet),</strong></span> <span class='ocrx_word' id='word_1_550' title='bbox 762 4209 1002 4280; x_wconf 85' lang='lat' dir='ltr'><strong>sic_tldes</strong></span> <span class='ocrx_word' id='word_1_551' title='bbox 1035 4212 1408 4280; x_wconf 71' lang='lat' dir='ltr'><strong>operationem</strong></span> <span class='ocrx_word' id='word_1_552' title='bbox 1438 4211 1677 4280; x_wconf 89' lang='lat' dir='ltr'><strong>recipita</strong></span> <span class='ocrx_word' id='word_1_553' title='bbox 1708 4209 1840 4266; x_wconf 89' lang='lat' dir='ltr'><strong>eha-</strong></span> 
     </span>
    </p>
   </div>
   <div class='ocr_carea' id='block_1_75' title="bbox 271 4277 1845 4347">
    <p class='ocr_par' dir='ltr' id='par_1_75' title="bbox 271 4277 1845 4347">
     <span class='ocr_line' id='line_1_75' title="bbox 271 4277 1845 4347; baseline 0.001 -13"><span class='ocrx_word' id='word_1_554' title='bbox 271 4277 456 4345; x_wconf 85' lang='lat' dir='ltr'><strong>riiate,</strong></span> <span class='ocrx_word' id='word_1_555' title='bbox 515 4295 620 4347; x_wconf 90' lang='lat' dir='ltr'><strong>qua</strong></span> <span class='ocrx_word' id='word_1_556' title='bbox 657 4277 968 4346; x_wconf 88' lang='lat' dir='ltr'><strong>operatione</strong></span> <span class='ocrx_word' id='word_1_557' title='bbox 1007 4277 1174 4331; x_wconf 87' lang='lat' dir='ltr'><strong>veluti</strong></span> <span class='ocrx_word' id='word_1_558' title='bbox 1195 4279 1518 4347; x_wconf 80' lang='lat' dir='ltr'><strong>_viviticatur</strong></span> <span class='ocrx_word' id='word_1_559' title='bbox 1552 4277 1620 4333; x_wconf 49' lang='lat' dir='ltr'><strong>&#39;et</strong></span> <span class='ocrx_word' id='word_1_560' title='bbox 1669 4283 1845 4336; x_wconf 82' lang='lat' dir='ltr'><strong>caletit</strong></span> 
     </span>
    </p>
   </div>
   <div class='ocr_carea' id='block_1_76' title="bbox 274 4344 1843 4418">
    <p class='ocr_par' dir='ltr' id='par_1_76' title="bbox 274 4344 1843 4418">
     <span class='ocr_line' id='line_1_76' title="bbox 274 4344 1843 4418; baseline 0.001 -16"><span class='ocrx_word' id='word_1_561' title='bbox 274 4359 330 4402; x_wconf 89' lang='lat' dir='ltr'><strong>et</strong></span> <span class='ocrx_word' id='word_1_562' title='bbox 357 4344 475 4403; x_wconf 85' lang='lat' dir='ltr'><strong>sine</strong></span> <span class='ocrx_word' id='word_1_563' title='bbox 495 4344 562 4401; x_wconf 85' lang='lat' dir='ltr'><strong>ea</strong></span> <span class='ocrx_word' id='word_1_564' title='bbox 590 4344 766 4415; x_wconf 80' lang='lat' dir='ltr'><strong>friget,</strong></span> <span class='ocrx_word' id='word_1_565' title='bbox 800 4354 947 4418; x_wconf 24' lang='lat' dir='ltr'><strong>etuut</strong></span> <span class='ocrx_word' id='word_1_566' title='bbox 980 4347 1055 4398; x_wconf 90' lang='lat' dir='ltr'><strong>ait</strong></span> <span class='ocrx_word' id='word_1_567' title='bbox 1090 4347 1152 4418; x_wconf 69' lang='grc' dir='ltr'><strong>Β.</strong></span> <span class='ocrx_word' id='word_1_568' title='bbox 1187 4344 1422 4402; x_wconf 85' lang='lat' dir='ltr'><strong>Jacobus</strong></span> <span class='ocrx_word' id='word_1_569' title='bbox 1446 4353 1586 4418; x_wconf 90' lang='lat' dir='ltr'><strong>(cap.</strong></span> <span class='ocrx_word' id='word_1_570' title='bbox 1609 4351 1672 4417; x_wconf 91' lang='grc' dir='ltr'>ιι)</span> <span class='ocrx_word' id='word_1_571' title='bbox 1696 4366 1843 4404; x_wconf 90' lang='lat' dir='ltr'><strong>mor-</strong></span> 
     </span>
    </p>
   </div>
   <div class='ocr_carea' id='block_1_77' title="bbox 273 4415 1844 4489">
    <p class='ocr_par' dir='ltr' id='par_1_77' title="bbox 273 4415 1844 4489">
     <span class='ocr_line' id='line_1_77' title="bbox 273 4415 1844 4489; baseline 0.003 -18"><span class='ocrx_word' id='word_1_572' title='bbox 273 4427 513 4489; x_wconf 26' lang='lat' dir='ltr'><strong>tua‘est,</strong></span> <span class='ocrx_word' id='word_1_573' title='bbox 563 4432 630 4471; x_wconf 88' lang='lat' dir='ltr'><strong>ex</strong></span> <span class='ocrx_word' id='word_1_574' title='bbox 679 4431 790 4485; x_wconf 86' lang='lat' dir='ltr'><strong>quo</strong></span> <span class='ocrx_word' id='word_1_575' title='bbox 831 4415 930 4489; x_wconf 75' lang='grc' dir='ltr'>ιιι,</span> <span class='ocrx_word' id='word_1_576' title='bbox 979 4423 1044 4489; x_wconf 91' lang='lat' dir='ltr'><strong>_ut</strong></span> <span class='ocrx_word' id='word_1_577' title='bbox 1088 4417 1399 4489; x_wconf 67' lang='lat' dir='ltr'><strong>huiusmodi</strong></span> <span class='ocrx_word' id='word_1_578' title='bbox 1443 4415 1573 4474; x_wconf 72' lang='lat' dir='ltr'><strong>fides</strong></span> <span class='ocrx_word' id='word_1_579' title='bbox 1597 4415 1685 4485; x_wconf 81' lang='lat' dir='ltr'><strong>sit,</strong></span> <span class='ocrx_word' id='word_1_580' title='bbox 1724 4436 1844 4489; x_wconf 62' lang='lat' dir='ltr'><strong>qua:</strong></span> 
     </span>
    </p>
   </div>
   <div class='ocr_carea' id='block_1_78' title="bbox 275 4486 1840 4559">
    <p class='ocr_par' dir='ltr' id='par_1_78' title="bbox 275 4486 1840 4559">
     <span class='ocr_line' id='line_1_78' title="bbox 275 4486 1840 4559; baseline 0.001 -20"><span class='ocrx_word' id='word_1_581' title='bbox 275 4491 328 4540; x_wconf 89' lang='lat' dir='ltr'><strong>in</strong></span> <span class='ocrx_word' id='word_1_582' title='bbox 369 4487 591 4559; x_wconf 75' lang='lat' dir='ltr'><strong>Christo</strong></span> <span class='ocrx_word' id='word_1_583' title='bbox 612 4489 775 4559; x_wconf 87' lang='lat' dir='ltr'><strong>valet,</strong></span> <span class='ocrx_word' id='word_1_584' title='bbox 799 4487 940 4539; x_wconf 84' lang='lat' dir='ltr'><strong>sicut</strong></span> <span class='ocrx_word' id='word_1_585' title='bbox 963 4487 1336 4559; x_wconf 85' lang='lat' dir='ltr'><strong>Apostolusad</strong></span> <span class='ocrx_word' id='word_1_586' title='bbox 1361 4486 1580 4559; x_wconf 78' lang='lat' dir='ltr'><strong>Galatas</strong></span> <span class='ocrx_word' id='word_1_587' title='bbox 1615 4486 1756 4558; x_wconf 59' lang='lat' dir='ltr'><strong>(cap;</strong></span> <span class='ocrx_word' id='word_1_588' title='bbox 1789 4494 1840 4559; x_wconf 83' lang='lat' dir='ltr'><strong>v)</strong></span> 
     </span>
    </p>
   </div>
   <div class='ocr_carea' id='block_1_79' title="bbox 278 4556 1844 4624">
    <p class='ocr_par' dir='ltr' id='par_1_79' title="bbox 278 4556 1844 4624">
     <span class='ocr_line' id='line_1_79' title="bbox 278 4556 1844 4624; baseline 0.004 -16"><span class='ocrx_word' id='word_1_589' title='bbox 278 4558 515 4623; x_wconf 82' lang='lat' dir='ltr'><strong>scripsit,</strong></span> <span class='ocrx_word' id='word_1_590' title='bbox 563 4558 1011 4624; x_wconf 44' lang='lat' dir='ltr'><strong>quamquam,</strong></span> <span class='ocrx_word' id='word_1_591' title='bbox 1077 4571 1169 4620; x_wconf 89' lang='lat' dir='ltr'><strong>per</strong></span> <span class='ocrx_word' id='word_1_592' title='bbox 1221 4556 1542 4610; x_wconf 82' lang='lat' dir='ltr'><strong>charitatem</strong></span> <span class='ocrx_word' id='word_1_593' title='bbox 1595 4556 1844 4614; x_wconf 80' lang='lat' dir='ltr'><strong>movetur</strong></span> 
     </span>
    </p>
   </div>
   <div class='ocr_carea' id='block_1_80' title="bbox 276 4623 1838 4695">
    <p class='ocr_par' dir='ltr' id='par_1_80' title="bbox 276 4623 1838 4695">
     <span class='ocr_line' id='line_1_80' title="bbox 276 4623 1838 4695; baseline 0.003 -19"><span class='ocrx_word' id='word_1_594' title='bbox 276 4625 486 4679; x_wconf 84' lang='lat' dir='ltr'><strong>scilicet</strong></span> <span class='ocrx_word' id='word_1_595' title='bbox 541 4623 669 4694; x_wconf 83' lang='lat' dir='ltr'><strong>erga</strong></span> <span class='ocrx_word' id='word_1_596' title='bbox 723 4623 929 4695; x_wconf 86' lang='lat' dir='ltr'><strong>Deum;</strong></span> <span class='ocrx_word' id='word_1_597' title='bbox 961 4626 1232 4678; x_wconf 89' lang='lat' dir='ltr'><strong>secundus</strong></span> <span class='ocrx_word' id='word_1_598' title='bbox 1285 4626 1429 4678; x_wconf 90' lang='lat' dir='ltr'><strong>enim</strong></span> <span class='ocrx_word' id='word_1_599' title='bbox 1466 4625 1688 4681; x_wconf 69' lang='lat' dir='ltr'><strong>enectus</strong></span> <span class='ocrx_word' id='word_1_600' title='bbox 1733 4638 1838 4695; x_wconf 91' lang='lat' dir='ltr'><strong>est,</strong></span> 
     </span>
    </p>
   </div>
   <div class='ocr_carea' id='block_1_81' title="bbox 272 4693 1843 4764">
    <p class='ocr_par' dir='ltr' id='par_1_81' title="bbox 272 4693 1843 4764">
     <span class='ocr_line' id='line_1_81' title="bbox 272 4693 1843 4764; baseline 0.004 -19"><span class='ocrx_word' id='word_1_601' title='bbox 272 4697 416 4764; x_wconf 90' lang='lat' dir='ltr'><strong>quod</strong></span> <span class='ocrx_word' id='word_1_602' title='bbox 439 4693 623 4764; x_wconf 88' lang='lat' dir='ltr'><strong>movet</strong></span> <span class='ocrx_word' id='word_1_603' title='bbox 655 4693 1034 4764; x_wconf 81' lang='lat' dir='ltr'><strong>operationem</strong></span> <span class='ocrx_word' id='word_1_604' title='bbox 1083 4707 1206 4764; x_wconf 79' lang='lat' dir='ltr'><strong>erga</strong></span> <span class='ocrx_word' id='word_1_605' title='bbox 1247 4705 1509 4761; x_wconf 86' lang='lat' dir='ltr'><strong>amatum,</strong></span> <span class='ocrx_word' id='word_1_606' title='bbox 1564 4697 1709 4752; x_wconf 86' lang='lat' dir='ltr'><strong>unde</strong></span> <span class='ocrx_word' id='word_1_607' title='bbox 1763 4693 1843 4753; x_wconf 82' lang='lat' dir='ltr'><strong>sic</strong></span> 
     </span>
    </p>
   </div>
   <div class='ocr_carea' id='block_1_82' title="bbox 1946 3451 3516 3528">
    <p class='ocr_par' dir='ltr' id='par_1_82' title="bbox 1946 3451 3516 3528">
     <span class='ocr_line' id='line_1_82' title="bbox 1946 3451 3516 3528; baseline -0.002 -18"><span class='ocrx_word' id='word_1_608' title='bbox 1946 3457 2187 3511; x_wconf 86' lang='lat' dir='ltr'><strong>secunda</strong></span> <span class='ocrx_word' id='word_1_609' title='bbox 2207 3459 2508 3528; x_wconf 88' lang='lat' dir='ltr'><strong>proprietas</strong></span> <span class='ocrx_word' id='word_1_610' title='bbox 2530 3458 2809 3512; x_wconf 81' lang='lat' dir='ltr'><strong>cltaritatis</strong></span> <span class='ocrx_word' id='word_1_611' title='bbox 2830 3467 2932 3520; x_wconf 77' lang='lat' dir='ltr'><strong>est,</strong></span> <span class='ocrx_word' id='word_1_612' title='bbox 2957 3456 3100 3528; x_wconf 88' lang='lat' dir='ltr'><strong>quod</strong></span> <span class='ocrx_word' id='word_1_613' title='bbox 3121 3453 3249 3509; x_wconf 78' lang='lat' dir='ltr'><strong>facit</strong></span> <span class='ocrx_word' id='word_1_614' title='bbox 3269 3462 3327 3528; x_wconf 85' lang='lat' dir='ltr'><strong>ut</strong></span> <span class='ocrx_word' id='word_1_615' title='bbox 3351 3451 3396 3508; x_wconf 91' lang='lat' dir='ltr'><strong>is</strong></span> <span class='ocrx_word' id='word_1_616' title='bbox 3419 3454 3516 3522; x_wconf 86' lang='lat' dir='ltr'><strong>qui</strong></span> 
     </span>
    </p>
   </div>
   <div class='ocr_carea' id='block_1_83' title="bbox 1944 3524 3517 3594">
    <p class='ocr_par' dir='ltr' id='par_1_83' title="bbox 1944 3524 3517 3594">
     <span class='ocr_line' id='line_1_83' title="bbox 1944 3524 3517 3594; baseline 0 -16"><span class='ocrx_word' id='word_1_617' title='bbox 1944 3541 2183 3580; x_wconf 88' lang='lat' dir='ltr'><strong>amorem</strong></span> <span class='ocrx_word' id='word_1_618' title='bbox 2209 3524 2334 3583; x_wconf 59' lang='lat' dir='ltr'><strong>&#39;sive</strong></span> <span class='ocrx_word' id='word_1_619' title='bbox 2357 3530 2676 3584; x_wconf 89' lang='lat' dir='ltr'><strong>charitatem</strong></span> <span class='ocrx_word' id='word_1_620' title='bbox 2704 3529 2880 3590; x_wconf 86' lang='lat' dir='ltr'><strong>habet,</strong></span> <span class='ocrx_word' id='word_1_621' title='bbox 2913 3524 2985 3578; x_wconf 81' lang='lat' dir='ltr'><strong>ad</strong></span> <span class='ocrx_word' id='word_1_622' title='bbox 3011 3541 3135 3580; x_wconf 92' lang='lat' dir='ltr'><strong>eum</strong></span> <span class='ocrx_word' id='word_1_623' title='bbox 3165 3524 3517 3594; x_wconf 82' lang='lat' dir='ltr'><strong>tendat,erga</strong></span> 
     </span>
    </p>
   </div>
   <div class='ocr_carea' id='block_1_84' title="bbox 1945 3593 3511 3664">
    <p class='ocr_par' dir='ltr' id='par_1_84' title="bbox 1945 3593 3511 3664">
     <span class='ocr_line' id='line_1_84' title="bbox 1945 3593 3511 3664; baseline -0.002 -16"><span class='ocrx_word' id='word_1_624' title='bbox 1945 3611 2103 3663; x_wconf 87' lang='lat' dir='ltr'><strong>quem</strong></span> <span class='ocrx_word' id='word_1_625' title='bbox 2140 3597 2300 3651; x_wconf 91' lang='lat' dir='ltr'><strong>habet</strong></span> <span class='ocrx_word' id='word_1_626' title='bbox 2331 3599 2668 3662; x_wconf 75' lang='lat' dir='ltr'><strong>charitatem,</strong></span> <span class='ocrx_word' id='word_1_627' title='bbox 2702 3608 2887 3650; x_wconf 75' lang='lat' dir='ltr'><strong>contra</strong></span> <span class='ocrx_word' id='word_1_628' title='bbox 2912 3605 3074 3664; x_wconf 89' lang='lat' dir='ltr'><strong>atque</strong></span> <span class='ocrx_word' id='word_1_629' title='bbox 3102 3595 3230 3646; x_wconf 83' lang='lat' dir='ltr'><strong>facit</strong></span> <span class='ocrx_word' id='word_1_630' title='bbox 3251 3593 3511 3664; x_wconf 77' lang='lat' dir='ltr'><strong>cognitio,</strong></span> 
     </span>
    </p>
   </div>
   <div class='ocr_carea' id='block_1_85' title="bbox 1944 3665 3515 3738">
    <p class='ocr_par' dir='ltr' id='par_1_85' title="bbox 1944 3665 3515 3738">
     <span class='ocr_line' id='line_1_85' title="bbox 1944 3665 3515 3738; baseline -0.002 -21"><span class='ocrx_word' id='word_1_631' title='bbox 1944 3681 2063 3733; x_wconf 70' lang='lat' dir='ltr'><strong>qua:</strong></span> <span class='ocrx_word' id='word_1_632' title='bbox 2084 3682 2197 3738; x_wconf 85' lang='lat' dir='ltr'><strong>retu</strong></span> <span class='ocrx_word' id='word_1_633' title='bbox 2221 3668 2492 3738; x_wconf 84' lang='lat' dir='ltr'><strong>cognitam</strong></span> <span class='ocrx_word' id='word_1_634' title='bbox 2533 3669 2694 3721; x_wconf 90' lang='lat' dir='ltr'><strong>trahit</strong></span> <span class='ocrx_word' id='word_1_635' title='bbox 2749 3665 2814 3719; x_wconf 86' lang='lat' dir='ltr'><strong>ad</strong></span> <span class='ocrx_word' id='word_1_636' title='bbox 2864 3672 3325 3738; x_wconf 86' lang='lat' dir='ltr'><strong>cognnscentcm;_</strong></span> <span class='ocrx_word' id='word_1_637' title='bbox 3358 3677 3515 3716; x_wconf 88' lang='lat' dir='ltr'><strong>amor</strong></span> 
     </span>
    </p>
   </div>
   <div class='ocr_carea' id='block_1_86' title="bbox 1946 3733 3516 3802">
    <p class='ocr_par' dir='ltr' id='par_1_86' title="bbox 1946 3733 3516 3802">
     <span class='ocr_line' id='line_1_86' title="bbox 1946 3733 3516 3802; baseline -0.004 -15"><span class='ocrx_word' id='word_1_638' title='bbox 1946 3749 2073 3789; x_wconf 88' lang='lat' dir='ltr'><strong>vero</strong></span> <span class='ocrx_word' id='word_1_639' title='bbox 2100 3736 2265 3790; x_wconf 85' lang='lat' dir='ltr'><strong>trahit</strong></span> <span class='ocrx_word' id='word_1_640' title='bbox 2286 3733 2554 3790; x_wconf 71' lang='lat' dir='ltr'><strong>amantem</strong></span> <span class='ocrx_word' id='word_1_641' title='bbox 2581 3738 2645 3790; x_wconf 76' lang='lat' dir='ltr'><strong>ad</strong></span> <span class='ocrx_word' id='word_1_642' title='bbox 2663 3752 2785 3788; x_wconf 79' lang='lat' dir='ltr'><strong>eum</strong></span> <span class='ocrx_word' id='word_1_643' title='bbox 2809 3750 2967 3802; x_wconf 85' lang='lat' dir='ltr'><strong>quem</strong></span> <span class='ocrx_word' id='word_1_644' title='bbox 2996 3742 3169 3798; x_wconf 81' lang='lat' dir='ltr'><strong>amat;</strong></span> <span class='ocrx_word' id='word_1_645' title='bbox 3208 3733 3363 3802; x_wconf 88' lang='lat' dir='ltr'><strong>tertia</strong></span> <span class='ocrx_word' id='word_1_646' title='bbox 3391 3746 3516 3798; x_wconf 84' lang='lat' dir='ltr'><strong>pro-</strong></span> 
     </span>
    </p>
   </div>
   <div class='ocr_carea' id='block_1_87' title="bbox 1945 3801 3513 3874">
    <p class='ocr_par' dir='ltr' id='par_1_87' title="bbox 1945 3801 3513 3874">
     <span class='ocr_line' id='line_1_87' title="bbox 1945 3801 3513 3874; baseline -0.001 -18"><span class='ocrx_word' id='word_1_647' title='bbox 1945 3805 2146 3872; x_wconf 90' lang='lat' dir='ltr'><strong>prietas</strong></span> <span class='ocrx_word' id='word_1_648' title='bbox 2176 3816 2280 3871; x_wconf 90' lang='lat' dir='ltr'><strong>est,</strong></span> <span class='ocrx_word' id='word_1_649' title='bbox 2313 3823 2432 3861; x_wconf 88' lang='lat' dir='ltr'><strong>esse</strong></span> <span class='ocrx_word' id='word_1_650' title='bbox 2466 3807 2762 3874; x_wconf 85' lang='lat' dir='ltr'><strong>simplicem</strong></span> <span class='ocrx_word' id='word_1_651' title='bbox 2795 3801 3002 3874; x_wconf 89' lang='lat' dir='ltr'><strong>motum</strong></span> <span class='ocrx_word' id='word_1_652' title='bbox 3047 3801 3352 3874; x_wconf 82' lang='lat' dir='ltr'><strong>eharitatis,</strong></span> <span class='ocrx_word' id='word_1_653' title='bbox 3381 3803 3513 3868; x_wconf 85' lang='lat' dir='ltr'><strong>quia</strong></span> 
     </span>
    </p>
   </div>
   <div class='ocr_carea' id='block_1_88' title="bbox 1945 3870 3512 3945">
    <p class='ocr_par' dir='ltr' id='par_1_88' title="bbox 1945 3870 3512 3945">
     <span class='ocr_line' id='line_1_88' title="bbox 1945 3870 3512 3945; baseline -0.004 -17"><span class='ocrx_word' id='word_1_654' title='bbox 1945 3870 2025 3928; x_wconf 77' lang='lat' dir='ltr'><strong>est</strong></span> <span class='ocrx_word' id='word_1_655' title='bbox 2064 3870 2274 3942; x_wconf 87' lang='lat' dir='ltr'><strong>primus</strong></span> <span class='ocrx_word' id='word_1_656' title='bbox 2291 3885 2470 3929; x_wconf 90' lang='lat' dir='ltr'><strong>motus</strong></span> <span class='ocrx_word' id='word_1_657' title='bbox 2497 3870 2766 3945; x_wconf 76' lang='lat' dir='ltr'><strong>appetitus</strong></span> <span class='ocrx_word' id='word_1_658' title='bbox 2809 3892 2821 3928; x_wconf 88' lang='lat'><strong>:</strong></span> <span class='ocrx_word' id='word_1_659' title='bbox 2855 3883 2907 3945; x_wconf 83' lang='lat' dir='ltr'><strong>et</strong></span> <span class='ocrx_word' id='word_1_660' title='bbox 2927 3873 3161 3945; x_wconf 77' lang='lat' dir='ltr'><strong>primum</strong></span> <span class='ocrx_word' id='word_1_661' title='bbox 3181 3870 3232 3923; x_wconf 91' lang='lat' dir='ltr'><strong>in</strong></span> <span class='ocrx_word' id='word_1_662' title='bbox 3257 3885 3512 3938; x_wconf 76' lang='lat' dir='ltr'><strong>unoquo-</strong></span> 
     </span>
    </p>
   </div>
   <div class='ocr_carea' id='block_1_89' title="bbox 1946 3941 3505 4014">
    <p class='ocr_par' dir='ltr' id='par_1_89' title="bbox 1946 3941 3505 4014">
     <span class='ocr_line' id='line_1_89' title="bbox 1946 3941 3505 4014; baseline -0.003 -18"><span class='ocrx_word' id='word_1_663' title='bbox 1946 3960 2051 4014; x_wconf 83' lang='lat' dir='ltr'><strong>que</strong></span> <span class='ocrx_word' id='word_1_664' title='bbox 2066 3941 2268 4014; x_wconf 82' lang='lat' dir='ltr'><strong>genere</strong></span> <span class='ocrx_word' id='word_1_665' title='bbox 2295 3955 2505 4014; x_wconf 89' lang='lat' dir='ltr'><strong>oportet</strong></span> <span class='ocrx_word' id='word_1_666' title='bbox 2532 3941 2582 3998; x_wconf 80' lang='lat' dir='ltr'><strong>iii</strong></span> <span class='ocrx_word' id='word_1_667' title='bbox 2621 3946 2691 3998; x_wconf 91' lang='lat' dir='ltr'><strong>sit</strong></span> <span class='ocrx_word' id='word_1_668' title='bbox 2715 3943 2965 4011; x_wconf 88' lang='lat' dir='ltr'><strong>simplex,</strong></span> <span class='ocrx_word' id='word_1_669' title='bbox 2988 3941 3112 4010; x_wconf 90' lang='lat' dir='ltr'><strong>quia</strong></span> <span class='ocrx_word' id='word_1_670' title='bbox 3137 3956 3197 3992; x_wconf 81' lang='lat' dir='ltr'><strong>ex</strong></span> <span class='ocrx_word' id='word_1_671' title='bbox 3217 3956 3280 3993; x_wconf 90' lang='lat' dir='ltr'><strong>eo</strong></span> <span class='ocrx_word' id='word_1_672' title='bbox 3309 3951 3505 4014; x_wconf 59' lang='lat' dir='ltr'><strong>cajtera</strong></span> 
     </span>
    </p>
   </div>
   <div class='ocr_carea' id='block_1_90' title="bbox 1946 4009 3511 4082">
    <p class='ocr_par' dir='ltr' id='par_1_90' title="bbox 1946 4009 3511 4082">
     <span class='ocr_line' id='line_1_90' title="bbox 1946 4009 3511 4082; baseline -0.001 -16"><span class='ocrx_word' id='word_1_673' title='bbox 1946 4009 2000 4066; x_wconf 86' lang='lat' dir='ltr'><strong>in</strong></span> <span class='ocrx_word' id='word_1_674' title='bbox 2029 4009 2096 4066; x_wconf 74' lang='lat' dir='ltr'><strong>eti</strong></span> <span class='ocrx_word' id='word_1_675' title='bbox 2124 4009 2642 4082; x_wconf 41' lang='lat' dir='ltr'><strong>genere’composita</strong></span> <span class='ocrx_word' id='word_1_676' title='bbox 2671 4009 2971 4078; x_wconf 81' lang='lat' dir='ltr'><strong>exsistunt;</strong></span> <span class='ocrx_word' id='word_1_677' title='bbox 2998 4009 3189 4078; x_wconf 70' lang='lat' dir='ltr'><strong>Quarta</strong></span> <span class='ocrx_word' id='word_1_678' title='bbox 3207 4009 3511 4078; x_wconf 85' lang='lat' dir='ltr'><strong>proprietas</strong></span> 
     </span>
    </p>
   </div>
   <div class='ocr_carea' id='block_1_91' title="bbox 1946 4084 3508 4152">
    <p class='ocr_par' dir='ltr' id='par_1_91' title="bbox 1946 4084 3508 4152">
     <span class='ocr_line' id='line_1_91' title="bbox 1946 4084 3508 4152; baseline -0.001 -18"><span class='ocrx_word' id='word_1_679' title='bbox 1946 4093 2048 4147; x_wconf 80' lang='lat' dir='ltr'><strong>t&#39;sl,</strong></span> <span class='ocrx_word' id='word_1_680' title='bbox 2093 4099 2211 4135; x_wconf 85' lang='lat' dir='ltr'><strong>esse</strong></span> <span class='ocrx_word' id='word_1_681' title='bbox 2243 4099 2337 4152; x_wconf 69' lang='lat' dir='ltr'><strong>per</strong></span> <span class='ocrx_word' id='word_1_682' title='bbox 2358 4099 2416 4138; x_wconf 86' lang='lat' dir='ltr'><strong>se</strong></span> <span class='ocrx_word' id='word_1_683' title='bbox 2453 4085 2728 4146; x_wconf 84' lang='lat' dir='ltr'><strong>mobilem,</strong></span> <span class='ocrx_word' id='word_1_684' title='bbox 2757 4084 2884 4151; x_wconf 91' lang='lat' dir='ltr'><strong>quia</strong></span> <span class='ocrx_word' id='word_1_685' title='bbox 2937 4085 2987 4134; x_wconf 86' lang='lat' dir='ltr'><strong>in</strong></span> <span class='ocrx_word' id='word_1_686' title='bbox 3028 4095 3357 4150; x_wconf 89' lang='lat' dir='ltr'><strong>unoquoque</strong></span> <span class='ocrx_word' id='word_1_687' title='bbox 3413 4095 3508 4147; x_wconf 84' lang='lat' dir='ltr'><strong>ge-</strong></span> 
     </span>
    </p>
   </div>
   <div class='ocr_carea' id='block_1_92' title="bbox 1947 4153 3510 4223">
    <p class='ocr_par' dir='ltr' id='par_1_92' title="bbox 1947 4153 3510 4223">
     <span class='ocr_line' id='line_1_92' title="bbox 1947 4153 3510 4223; baseline -0.001 -19"><span class='ocrx_word' id='word_1_688' title='bbox 1947 4167 2077 4223; x_wconf 88' lang='lat' dir='ltr'><strong>nere</strong></span> <span class='ocrx_word' id='word_1_689' title='bbox 2099 4153 2251 4218; x_wconf 88' lang='lat' dir='ltr'><strong>prius</strong></span> <span class='ocrx_word' id='word_1_690' title='bbox 2269 4166 2352 4208; x_wconf 90' lang='lat' dir='ltr'><strong>est</strong></span> <span class='ocrx_word' id='word_1_691' title='bbox 2384 4155 2525 4223; x_wconf 84' lang='lat' dir='ltr'><strong>quod</strong></span> <span class='ocrx_word' id='word_1_692' title='bbox 2551 4165 2630 4207; x_wconf 83' lang='lat' dir='ltr'><strong>est</strong></span> <span class='ocrx_word' id='word_1_693' title='bbox 2659 4168 2752 4221; x_wconf 85' lang='lat' dir='ltr'><strong>per</strong></span> <span class='ocrx_word' id='word_1_694' title='bbox 2779 4168 2858 4214; x_wconf 90' lang='lat' dir='ltr'><strong>se,</strong></span> <span class='ocrx_word' id='word_1_695' title='bbox 2914 4167 3073 4222; x_wconf 79' lang='lat' dir='ltr'><strong>quam</strong></span> <span class='ocrx_word' id='word_1_696' title='bbox 3101 4154 3245 4223; x_wconf 86' lang='lat' dir='ltr'><strong>quod</strong></span> <span class='ocrx_word' id='word_1_697' title='bbox 3274 4158 3357 4202; x_wconf 86' lang='lat' dir='ltr'><strong>est</strong></span> <span class='ocrx_word' id='word_1_698' title='bbox 3416 4165 3510 4216; x_wconf 85' lang='lat' dir='ltr'><strong>per</strong></span> 
     </span>
    </p>
   </div>
   <div class='ocr_carea' id='block_1_93' title="bbox 1946 4222 3512 4292">
    <p class='ocr_par' dir='ltr' id='par_1_93' title="bbox 1946 4222 3512 4292">
     <span class='ocr_line' id='line_1_93' title="bbox 1946 4222 3512 4292; baseline -0.001 -18"><span class='ocrx_word' id='word_1_699' title='bbox 1946 4222 2115 4286; x_wconf 86' lang='lat' dir='ltr'><strong>aliud;</strong></span> <span class='ocrx_word' id='word_1_700' title='bbox 2166 4223 2306 4276; x_wconf 87' lang='lat' dir='ltr'><strong>unde</strong></span> <span class='ocrx_word' id='word_1_701' title='bbox 2367 4222 2418 4276; x_wconf 87' lang='lat' dir='ltr'><strong>iii</strong></span> <span class='ocrx_word' id='word_1_702' title='bbox 2470 4238 2666 4292; x_wconf 61' lang='lat' dir='ltr'><strong>genere</strong></span> <span class='ocrx_word' id='word_1_703' title='bbox 2719 4234 2899 4275; x_wconf 88' lang='lat' dir='ltr'><strong>motus</strong></span> <span class='ocrx_word' id='word_1_704' title='bbox 2935 4222 3240 4289; x_wconf 87' lang='lat' dir='ltr'><strong>appetentis</strong></span> <span class='ocrx_word' id='word_1_705' title='bbox 3291 4228 3512 4292; x_wconf 70' lang='lat' dir='ltr'><strong>oportet</strong></span> 
     </span>
    </p>
   </div>
   <div class='ocr_carea' id='block_1_94' title="bbox 1949 4288 3507 4361">
    <p class='ocr_par' dir='ltr' id='par_1_94' title="bbox 1949 4288 3507 4361">
     <span class='ocr_line' id='line_1_94' title="bbox 1949 4288 3507 4361; baseline 0 -19"><span class='ocrx_word' id='word_1_706' title='bbox 1949 4301 2006 4343; x_wconf 92' lang='lat' dir='ltr'><strong>ut</strong></span> <span class='ocrx_word' id='word_1_707' title='bbox 2039 4292 2249 4360; x_wconf 88' lang='lat' dir='ltr'><strong>primus</strong></span> <span class='ocrx_word' id='word_1_708' title='bbox 2277 4288 2597 4361; x_wconf 45' lang='lat' dir='ltr'><strong>motus,&#39;qui</strong></span> <span class='ocrx_word' id='word_1_709' title='bbox 2627 4304 2709 4346; x_wconf 91' lang='lat' dir='ltr'><strong>est</strong></span> <span class='ocrx_word' id='word_1_710' title='bbox 2735 4307 2912 4353; x_wconf 91' lang='lat' dir='ltr'><strong>amor,</strong></span> <span class='ocrx_word' id='word_1_711' title='bbox 2932 4288 3002 4344; x_wconf 78' lang='lat' dir='ltr'><strong>sit</strong></span> <span class='ocrx_word' id='word_1_712' title='bbox 3033 4306 3127 4358; x_wconf 86' lang='lat' dir='ltr'><strong>per</strong></span> <span class='ocrx_word' id='word_1_713' title='bbox 3156 4305 3214 4343; x_wconf 92' lang='lat' dir='ltr'><strong>se</strong></span> <span class='ocrx_word' id='word_1_714' title='bbox 3267 4288 3507 4361; x_wconf 80' lang='lat' dir='ltr'><strong>mobilis,</strong></span> 
     </span>
    </p>
   </div>
   <div class='ocr_carea' id='block_1_95' title="bbox 1949 4358 3513 4431">
    <p class='ocr_par' dir='ltr' id='par_1_95' title="bbox 1949 4358 3513 4431">
     <span class='ocr_line' id='line_1_95' title="bbox 1949 4358 3513 4431; baseline -0.003 -18"><span class='ocrx_word' id='word_1_715' title='bbox 1949 4358 2093 4414; x_wconf 88' lang='lat' dir='ltr'><strong>unde</strong></span> <span class='ocrx_word' id='word_1_716' title='bbox 2131 4362 2292 4415; x_wconf 90' lang='lat' dir='ltr'><strong>tintor</strong></span> <span class='ocrx_word' id='word_1_717' title='bbox 2330 4367 2458 4431; x_wconf 83' lang='lat' dir='ltr'><strong>quia</strong></span> <span class='ocrx_word' id='word_1_718' title='bbox 2488 4358 2570 4416; x_wconf 62' lang='lat' dir='ltr'><strong>eét</strong></span> <span class='ocrx_word' id='word_1_719' title='bbox 2601 4365 2745 4417; x_wconf 82' lang='lat' dir='ltr'><strong>sicut</strong></span> <span class='ocrx_word' id='word_1_720' title='bbox 2774 4372 2957 4414; x_wconf 90' lang='lat' dir='ltr'><strong>motus</strong></span> <span class='ocrx_word' id='word_1_721' title='bbox 2991 4361 3260 4414; x_wconf 84' lang='lat' dir='ltr'><strong>violentus</strong></span> <span class='ocrx_word' id='word_1_722' title='bbox 3302 4358 3513 4431; x_wconf 81' lang='lat' dir='ltr'><strong>extrin—</strong></span> 
     </span>
    </p>
   </div>
   <div class='ocr_carea' id='block_1_96' title="bbox 1945 4428 3513 4497">
    <p class='ocr_par' dir='ltr' id='par_1_96' title="bbox 1945 4428 3513 4497">
     <span class='ocr_line' id='line_1_96' title="bbox 1945 4428 3513 4497; baseline -0.001 -15"><span class='ocrx_word' id='word_1_723' title='bbox 1945 4445 2105 4484; x_wconf 78' lang='lat' dir='ltr'><strong>secus</strong></span> <span class='ocrx_word' id='word_1_724' title='bbox 2159 4428 2447 4497; x_wconf 81' lang='lat' dir='ltr'><strong>accedens,</strong></span> <span class='ocrx_word' id='word_1_725' title='bbox 2478 4448 2583 4485; x_wconf 83' lang='lat' dir='ltr'><strong>ltuit</strong></span> <span class='ocrx_word' id='word_1_726' title='bbox 2613 4443 2694 4486; x_wconf 65' lang='lat' dir='ltr'><strong>est</strong></span> <span class='ocrx_word' id='word_1_727' title='bbox 2727 4433 2779 4485; x_wconf 91' lang='lat' dir='ltr'><strong>in</strong></span> <span class='ocrx_word' id='word_1_728' title='bbox 2811 4433 3100 4494; x_wconf 86' lang='lat' dir='ltr'><strong>charitate,</strong></span> <span class='ocrx_word' id='word_1_729' title='bbox 3130 4431 3273 4484; x_wconf 89' lang='lat' dir='ltr'><strong>sicut</strong></span> <span class='ocrx_word' id='word_1_730' title='bbox 3305 4430 3380 4480; x_wconf 84' lang='lat' dir='ltr'><strong>ait</strong></span> <span class='ocrx_word' id='word_1_731' title='bbox 3417 4428 3513 4497; x_wconf 80' lang='lat' dir='ltr'><strong>be-</strong></span> 
     </span>
    </p>
   </div>
   <div class='ocr_carea' id='block_1_97' title="bbox 1945 4496 3511 4582">
    <p class='ocr_par' dir='ltr' id='par_1_97' title="bbox 1945 4496 3511 4582">
     <span class='ocr_line' id='line_1_97' title="bbox 1945 4496 3511 4582; baseline -0.002 -31"><span class='ocrx_word' id='word_1_732' title='bbox 1945 4507 2067 4554; x_wconf 90' lang='lat' dir='ltr'><strong>atus</strong></span> <span class='ocrx_word' id='word_1_733' title='bbox 2088 4499 2400 4582; x_wconf 37' lang='lat' dir='ltr'><strong>Joannes-(1</strong></span> <span class='ocrx_word' id='word_1_734' title='bbox 2424 4501 2587 4555; x_wconf 82' lang='lat' dir='ltr'><strong>Joau.</strong></span> <span class='ocrx_word' id='word_1_735' title='bbox 2623 4502 2718 4582; x_wconf 83' lang='lat' dir='ltr'><strong>tv),</strong></span> <span class='ocrx_word' id='word_1_736' title='bbox 2767 4501 2859 4582; x_wconf 73' lang='lat' dir='ltr'><strong>sed</strong></span> <span class='ocrx_word' id='word_1_737' title='bbox 2882 4500 3129 4582; x_wconf 79' lang='lat' dir='ltr'><strong>perfecta</strong></span> <span class='ocrx_word' id='word_1_738' title='bbox 3162 4499 3400 4582; x_wconf 70' lang='lat' dir='ltr'><strong>cltaritas</strong></span> <span class='ocrx_word' id='word_1_739' title='bbox 3422 4496 3511 4577; x_wconf 38' lang='grc' dir='ltr'><strong>,Γυ-</strong></span> 
     </span>
    </p>
   </div>
   <div class='ocr_carea' id='block_1_98' title="bbox 1947 4565 3508 4639">
    <p class='ocr_par' dir='ltr' id='par_1_98' title="bbox 1947 4565 3508 4639">
     <span class='ocr_line' id='line_1_98' title="bbox 1947 4565 3508 4639; baseline -0.003 -19"><span class='ocrx_word' id='word_1_740' title='bbox 1947 4584 2034 4622; x_wconf 86' lang='lat' dir='ltr'><strong>ras</strong></span> <span class='ocrx_word' id='word_1_741' title='bbox 2053 4571 2273 4636; x_wconf 86' lang='lat' dir='ltr'><strong>expellit</strong></span> <span class='ocrx_word' id='word_1_742' title='bbox 2301 4565 2574 4628; x_wconf 84' lang='lat' dir='ltr'><strong>timorem,</strong></span> <span class='ocrx_word' id='word_1_743' title='bbox 2593 4565 2718 4639; x_wconf 85' lang='lat' dir='ltr'><strong>quia</strong></span> <span class='ocrx_word' id='word_1_744' title='bbox 2745 4565 2985 4624; x_wconf 43' lang='lat' dir='ltr'><strong>citari-tas</strong></span> <span class='ocrx_word' id='word_1_745' title='bbox 3017 4578 3196 4621; x_wconf 89' lang='lat' dir='ltr'><strong>tnotus</strong></span> <span class='ocrx_word' id='word_1_746' title='bbox 3224 4581 3298 4620; x_wconf 88' lang='lat' dir='ltr'><strong>est</strong></span> <span class='ocrx_word' id='word_1_747' title='bbox 3336 4569 3401 4619; x_wconf 87' lang='lat' dir='ltr'><strong>ab</strong></span> <span class='ocrx_word' id='word_1_748' title='bbox 3420 4565 3508 4618; x_wconf 88' lang='lat' dir='ltr'><strong>iu-</strong></span> 
     </span>
    </p>
   </div>
   <div class='ocr_carea' id='block_1_99' title="bbox 1945 4639 3510 4708">
    <p class='ocr_par' dir='ltr' id='par_1_99' title="bbox 1945 4639 3510 4708">
     <span class='ocr_line' id='line_1_99' title="bbox 1945 4639 3510 4708; baseline -0.001 -18"><span class='ocrx_word' id='word_1_749' title='bbox 1945 4641 2099 4700; x_wconf 86' lang='lat' dir='ltr'><strong>timo,</strong></span> <span class='ocrx_word' id='word_1_750' title='bbox 2125 4649 2181 4691; x_wconf 93' lang='lat' dir='ltr'><strong>ut</strong></span> <span class='ocrx_word' id='word_1_751' title='bbox 2209 4639 2282 4692; x_wconf 91' lang='lat' dir='ltr'><strong>ait</strong></span> <span class='ocrx_word' id='word_1_752' title='bbox 2311 4651 2529 4694; x_wconf 85' lang='lat' dir='ltr'><strong>sanctus</strong></span> <span class='ocrx_word' id='word_1_753' title='bbox 2551 4639 2807 4702; x_wconf 85' lang='lat' dir='ltr'><strong>Thomas,</strong></span> <span class='ocrx_word' id='word_1_754' title='bbox 2829 4639 3157 4708; x_wconf 83' lang='lat' dir='ltr'><strong>procedens;</strong></span> <span class='ocrx_word' id='word_1_755' title='bbox 3181 4640 3366 4705; x_wconf 85' lang='lat' dir='ltr'><strong>quinta</strong></span> <span class='ocrx_word' id='word_1_756' title='bbox 3383 4651 3510 4708; x_wconf 85' lang='lat' dir='ltr'><strong>pro-</strong></span> 
     </span>
    </p>
   </div>
   <div class='ocr_carea' id='block_1_100' title="bbox 1945 4706 3508 4777">
    <p class='ocr_par' dir='ltr' id='par_1_100' title="bbox 1945 4706 3508 4777">
     <span class='ocr_line' id='line_1_100' title="bbox 1945 4706 3508 4777; baseline -0.001 -19"><span class='ocrx_word' id='word_1_757' title='bbox 1945 4709 2146 4772; x_wconf 84' lang='lat' dir='ltr'><strong>prietas</strong></span> <span class='ocrx_word' id='word_1_758' title='bbox 2173 4717 2276 4771; x_wconf 87' lang='lat' dir='ltr'><strong>est,</strong></span> <span class='ocrx_word' id='word_1_759' title='bbox 2292 4709 2504 4777; x_wconf 84' lang='lat' dir='ltr'><strong>operari</strong></span> <span class='ocrx_word' id='word_1_760' title='bbox 2536 4726 2629 4777; x_wconf 90' lang='lat' dir='ltr'><strong>per</strong></span> <span class='ocrx_word' id='word_1_761' title='bbox 2658 4725 2738 4770; x_wconf 91' lang='lat' dir='ltr'><strong>se,</strong></span> <span class='ocrx_word' id='word_1_762' title='bbox 2771 4706 2916 4776; x_wconf 85' lang='lat' dir='ltr'><strong>quod</strong></span> <span class='ocrx_word' id='word_1_763' title='bbox 2950 4709 3226 4776; x_wconf 87' lang='lat' dir='ltr'><strong>pr0prium</strong></span> <span class='ocrx_word' id='word_1_764' title='bbox 3261 4716 3343 4759; x_wconf 85' lang='lat' dir='ltr'><strong>est</strong></span> <span class='ocrx_word' id='word_1_765' title='bbox 3373 4706 3508 4757; x_wconf 88' lang='lat' dir='ltr'><strong>cha-</strong></span> 
     </span>
    </p>
   </div>
   <div class='ocr_carea' id='block_1_101' title="bbox 273 4761 3504 4852">
    <p class='ocr_par' dir='ltr' id='par_1_101' title="bbox 273 4761 3504 4852">
     <span class='ocr_line' id='line_1_101' title="bbox 273 4761 3504 4852; baseline -0.003 0"><span class='ocrx_word' id='word_1_766' title='bbox 273 4761 1634 4852; x_wconf 46' lang='lat' dir='ltr'><strong>flevisse}!911&#39;s?«93$5999.593959]”-1&#39;9}!</strong></span> <span class='ocrx_word' id='word_1_767' title='bbox 1661 4782 1673 4818; x_wconf 85' lang='lat'><em>=</em></span> <span class='ocrx_word' id='word_1_768' title='bbox 1700 4765 1836 4852; x_wconf 64' lang='grc' dir='ltr'><strong>ρυέιξ</strong></span> <span class='ocrx_word' id='word_1_769' title='bbox 1868 4797 1913 4852; x_wconf 87' lang='lat' dir='ltr'><strong>n</strong></span> <span class='ocrx_word' id='word_1_770' title='bbox 1945 4761 2142 4852; x_wconf 57' lang='lat' dir='ltr'><strong>ﬁmus;</strong></span> <span class='ocrx_word' id='word_1_771' title='bbox 2181 4781 2231 4830; x_wconf 69' lang='grc' dir='ltr'>ιη</span> <span class='ocrx_word' id='word_1_772' title='bbox 2257 4761 2562 4846; x_wconf 65' lang='grc' dir='ltr'>ίιυδειιῑερὲ</span> <span class='ocrx_word' id='word_1_773' title='bbox 2580 4761 2909 4852; x_wconf 46' lang='lat' dir='ltr'><strong>imminui</strong></span> <span class='ocrx_word' id='word_1_774' title='bbox 2937 4761 3080 4831; x_wconf 75' lang='grc' dir='ltr'>ἑιιιιῖι</span> <span class='ocrx_word' id='word_1_775' title='bbox 3109 4787 3328 4845; x_wconf 73' lang='grc' dir='ltr'>ριὐιηετ</span> <span class='ocrx_word' id='word_1_776' title='bbox 3353 4790 3504 4852; x_wconf 70' lang='lat' dir='ltr'><strong>spem</strong></span> 
     </span>
    </p>
   </div>
   <div class='ocr_carea' id='block_1_102' title="bbox 274 4831 1834 4903">
    <p class='ocr_par' dir='ltr' id='par_1_102' title="bbox 274 4831 1834 4903">
     <span class='ocr_line' id='line_1_102' title="bbox 274 4831 1834 4903; baseline 0.003 -17"><span class='ocrx_word' id='word_1_777' title='bbox 274 4848 369 4901; x_wconf 85' lang='lat' dir='ltr'><strong>per</strong></span> <span class='ocrx_word' id='word_1_778' title='bbox 403 4831 799 4901; x_wconf 77' lang='lat' dir='ltr'><strong>operationem,</strong></span> <span class='ocrx_word' id='word_1_779' title='bbox 836 4831 1057 4903; x_wconf 78' lang='lat' dir='ltr'><strong>scilicet</strong></span> <span class='ocrx_word' id='word_1_780' title='bbox 1101 4831 1401 4903; x_wconf 89' lang='lat' dir='ltr'><strong>eharitatis,</strong></span> <span class='ocrx_word' id='word_1_781' title='bbox 1453 4831 1743 4903; x_wconf 79' lang='lat' dir='ltr'><strong>operatur,</strong></span> <span class='ocrx_word' id='word_1_782' title='bbox 1782 4839 1834 4891; x_wconf 88' lang='lat' dir='ltr'><strong>id</strong></span> 
     </span>
    </p>
   </div>
   <div class='ocr_carea' id='block_1_103' title="bbox 273 4901 1834 4970">
    <p class='ocr_par' dir='ltr' id='par_1_103' title="bbox 273 4901 1834 4970">
     <span class='ocr_line' id='line_1_103' title="bbox 273 4901 1834 4970; baseline 0.002 -14"><span class='ocrx_word' id='word_1_783' title='bbox 273 4913 381 4968; x_wconf 83' lang='lat' dir='ltr'><strong>eSt,</strong></span> <span class='ocrx_word' id='word_1_784' title='bbox 410 4910 680 4965; x_wconf 89' lang='lat' dir='ltr'><strong>movetur,</strong></span> <span class='ocrx_word' id='word_1_785' title='bbox 702 4902 916 4969; x_wconf 85' lang='lat' dir='ltr'><strong>passive</strong></span> <span class='ocrx_word' id='word_1_786' title='bbox 943 4901 1089 4953; x_wconf 88' lang='lat' dir='ltr'><strong>enitn</strong></span> <span class='ocrx_word' id='word_1_787' title='bbox 1147 4901 1522 4970; x_wconf 85' lang='lat' dir='ltr'><strong>accipiendum</strong></span> <span class='ocrx_word' id='word_1_788' title='bbox 1555 4914 1639 4957; x_wconf 88' lang='lat' dir='ltr'><strong>est</strong></span> <span class='ocrx_word' id='word_1_789' title='bbox 1677 4920 1834 4959; x_wconf 91' lang='lat' dir='ltr'><strong>voca-</strong></span> 
     </span>
    </p>
   </div>
   <div class='ocr_carea' id='block_1_104' title="bbox 274 4972 1830 5041">
    <p class='ocr_par' dir='ltr' id='par_1_104' title="bbox 274 4972 1830 5041">
     <span class='ocr_line' id='line_1_104' title="bbox 274 4972 1830 5041; baseline 0.003 -16"><span class='ocrx_word' id='word_1_790' title='bbox 274 4974 460 5025; x_wconf 86' lang='lat' dir='ltr'><strong>bulum</strong></span> <span class='ocrx_word' id='word_1_791' title='bbox 490 4972 885 5041; x_wconf 68' lang='grc' dir='ltr'><strong>ὲγεργουμένη,</strong></span> <span class='ocrx_word' id='word_1_792' title='bbox 918 4972 1126 5041; x_wconf 85' lang='lat' dir='ltr'><strong>utalias</strong></span> <span class='ocrx_word' id='word_1_793' title='bbox 1159 4985 1190 5023; x_wconf 92' lang='lat' dir='ltr'><strong>a</strong></span> <span class='ocrx_word' id='word_1_794' title='bbox 1220 4973 1376 5024; x_wconf 83' lang='lat' dir='ltr'><strong>nobis</strong></span> <span class='ocrx_word' id='word_1_795' title='bbox 1397 4974 1685 5040; x_wconf 81' lang='lat' dir='ltr'><strong>probatum</strong></span> <span class='ocrx_word' id='word_1_796' title='bbox 1712 4986 1830 5041; x_wconf 88' lang='lat' dir='ltr'><strong>est;</strong></span> 
     </span>
    </p>
   </div>
   <div class='ocr_carea' id='block_1_105' title="bbox 271 5039 1830 5115">
    <p class='ocr_par' dir='ltr' id='par_1_105' title="bbox 271 5039 1830 5115">
     <span class='ocr_line' id='line_1_105' title="bbox 271 5039 1830 5115; baseline 0.001 -21"><span class='ocrx_word' id='word_1_797' title='bbox 271 5043 463 5094; x_wconf 80' lang='lat' dir='ltr'><strong>tertius</strong></span> <span class='ocrx_word' id='word_1_798' title='bbox 485 5039 735 5104; x_wconf 71' lang='lat' dir='ltr'><strong>effectus,</strong></span> <span class='ocrx_word' id='word_1_799' title='bbox 796 5039 942 5108; x_wconf 90' lang='lat' dir='ltr'><strong>quod</strong></span> <span class='ocrx_word' id='word_1_800' title='bbox 983 5054 1135 5115; x_wconf 78' lang='lat' dir='ltr'><strong>amor</strong></span> <span class='ocrx_word' id='word_1_801' title='bbox 1164 5039 1411 5115; x_wconf 76' lang='lat' dir='ltr'><strong>seipsutn</strong></span> <span class='ocrx_word' id='word_1_802' title='bbox 1435 5045 1671 5115; x_wconf 87' lang='lat' dir='ltr'><strong>ostendit</strong></span> <span class='ocrx_word' id='word_1_803' title='bbox 1701 5039 1830 5115; x_wconf 80' lang='lat' dir='ltr'><strong>erga</strong></span> 
     </span>
    </p>
   </div>
   <div class='ocr_carea' id='block_1_106' title="bbox 269 5108 1829 5183">
    <p class='ocr_par' dir='ltr' id='par_1_106' title="bbox 269 5108 1829 5183">
     <span class='ocr_line' id='line_1_106' title="bbox 269 5108 1829 5183; baseline 0.002 -19"><span class='ocrx_word' id='word_1_804' title='bbox 269 5126 420 5174; x_wconf 90' lang='lat' dir='ltr'><strong>eum,</strong></span> <span class='ocrx_word' id='word_1_805' title='bbox 446 5125 572 5180; x_wconf 85' lang='lat' dir='ltr'><strong>erga</strong></span> <span class='ocrx_word' id='word_1_806' title='bbox 613 5125 775 5183; x_wconf 89' lang='lat' dir='ltr'><strong>quem</strong></span> <span class='ocrx_word' id='word_1_807' title='bbox 801 5111 1079 5183; x_wconf 74' lang='lat' dir='ltr'><strong>est,_u_nde</strong></span> <span class='ocrx_word' id='word_1_808' title='bbox 1110 5109 1300 5164; x_wconf 91' lang='lat' dir='ltr'><strong>beatus</strong></span> <span class='ocrx_word' id='word_1_809' title='bbox 1319 5108 1553 5183; x_wconf 9' lang='lat' dir='ltr'><strong>.Iracobus</strong></span> <span class='ocrx_word' id='word_1_810' title='bbox 1572 5115 1712 5180; x_wconf 87' lang='lat' dir='ltr'><strong>(cap.</strong></span> <span class='ocrx_word' id='word_1_811' title='bbox 1745 5108 1829 5183; x_wconf 80' lang='lat' dir='ltr'><strong>ti),</strong></span> 
     </span>
    </p>
   </div>
   <div class='ocr_carea' id='block_1_107' title="bbox 271 5180 1827 5248">
    <p class='ocr_par' dir='ltr' id='par_1_107' title="bbox 271 5180 1827 5248">
     <span class='ocr_line' id='line_1_107' title="bbox 271 5180 1827 5248; baseline 0 -14"><span class='ocrx_word' id='word_1_812' title='bbox 271 5191 462 5234; x_wconf 90' lang='lat' dir='ltr'><strong>contra</strong></span> <span class='ocrx_word' id='word_1_813' title='bbox 504 5195 628 5234; x_wconf 91' lang='lat' dir='ltr'><strong>eum</strong></span> <span class='ocrx_word' id='word_1_814' title='bbox 653 5180 744 5248; x_wconf 91' lang='lat' dir='ltr'><strong>qui</strong></span> <span class='ocrx_word' id='word_1_815' title='bbox 781 5182 846 5233; x_wconf 89' lang='lat' dir='ltr'><strong>de</strong></span> <span class='ocrx_word' id='word_1_816' title='bbox 902 5180 1003 5232; x_wconf 87' lang='lat' dir='ltr'><strong>tide</strong></span> <span class='ocrx_word' id='word_1_817' title='bbox 1037 5180 1156 5232; x_wconf 90' lang='lat' dir='ltr'><strong>sine</strong></span> <span class='ocrx_word' id='word_1_818' title='bbox 1188 5182 1443 5248; x_wconf 85' lang='lat' dir='ltr'><strong>operibus</strong></span> <span class='ocrx_word' id='word_1_819' title='bbox 1491 5183 1754 5248; x_wconf 85' lang='lat' dir='ltr'><strong>gloriatur</strong></span> <span class='ocrx_word' id='word_1_820' title='bbox 1789 5180 1827 5234; x_wconf 63' lang='lat'><strong>&#39;:</strong></span> 
     </span>
    </p>
   </div>
   <div class='ocr_carea' id='block_1_108' title="bbox 270 5249 1826 5322">
    <p class='ocr_par' dir='ltr' id='par_1_108' title="bbox 270 5249 1826 5322">
     <span class='ocr_line' id='line_1_108' title="bbox 270 5249 1826 5322; baseline 0.002 -19"><span class='ocrx_word' id='word_1_821' title='bbox 270 5250 504 5304; x_wconf 88' lang='lat' dir='ltr'><strong>Ostende</strong></span> <span class='ocrx_word' id='word_1_822' title='bbox 535 5250 830 5322; x_wconf 73' lang='lat' dir='ltr'><strong>tu,inquit,</strong></span> <span class='ocrx_word' id='word_1_823' title='bbox 853 5249 1011 5301; x_wconf 87' lang='lat' dir='ltr'><strong>Iidem</strong></span> <span class='ocrx_word' id='word_1_824' title='bbox 1037 5256 1182 5302; x_wconf 89' lang='lat' dir='ltr'><strong>tuatn</strong></span> <span class='ocrx_word' id='word_1_825' title='bbox 1208 5251 1328 5303; x_wconf 90' lang='lat' dir='ltr'><strong>sine</strong></span> <span class='ocrx_word' id='word_1_826' title='bbox 1345 5251 1698 5322; x_wconf 80' lang='lat' dir='ltr'><strong>operibus,_et</strong></span> <span class='ocrx_word' id='word_1_827' title='bbox 1726 5269 1826 5322; x_wconf 84' lang='lat' dir='ltr'><strong>ego</strong></span> 
     </span>
    </p>
   </div>
   <div class='ocr_carea' id='block_1_109' title="bbox 266 5319 1826 5388">
    <p class='ocr_par' dir='ltr' id='par_1_109' title="bbox 266 5319 1826 5388">
     <span class='ocr_line' id='line_1_109' title="bbox 266 5319 1826 5388; baseline 0.003 -17"><span class='ocrx_word' id='word_1_828' title='bbox 266 5322 554 5373; x_wconf 89' lang='lat' dir='ltr'><strong>ostendam</strong></span> <span class='ocrx_word' id='word_1_829' title='bbox 591 5320 686 5373; x_wconf 90' lang='lat' dir='ltr'><strong>tibi</strong></span> <span class='ocrx_word' id='word_1_830' title='bbox 750 5319 908 5372; x_wconf 79' lang='lat' dir='ltr'><strong>[idem</strong></span> <span class='ocrx_word' id='word_1_831' title='bbox 959 5332 1153 5388; x_wconf 43' lang='lat' dir='ltr'><strong>mean:</strong></span> <span class='ocrx_word' id='word_1_832' title='bbox 1185 5333 1251 5372; x_wconf 92' lang='lat' dir='ltr'><strong>ex</strong></span> <span class='ocrx_word' id='word_1_833' title='bbox 1301 5320 1579 5388; x_wconf 81' lang='lat' dir='ltr'><strong>operibus.</strong></span> <span class='ocrx_word' id='word_1_834' title='bbox 1622 5319 1826 5376; x_wconf 82' lang='lat' dir='ltr'><strong>Deinde</strong></span> 
     </span>
    </p>
   </div>
   <div class='ocr_carea' id='block_1_110' title="bbox 263 5385 1821 5459">
    <p class='ocr_par' dir='ltr' id='par_1_110' title="bbox 263 5385 1821 5459">
     <span class='ocr_line' id='line_1_110' title="bbox 263 5385 1821 5459; baseline 0.001 -17"><span class='ocrx_word' id='word_1_835' title='bbox 263 5391 571 5442; x_wconf 90' lang='lat' dir='ltr'><strong>observavit</strong></span> <span class='ocrx_word' id='word_1_836' title='bbox 612 5393 775 5442; x_wconf 87' lang='lat' dir='ltr'><strong>etiam</strong></span> <span class='ocrx_word' id='word_1_837' title='bbox 811 5389 950 5440; x_wconf 87' lang='lat' dir='ltr'><strong>idem</strong></span> <span class='ocrx_word' id='word_1_838' title='bbox 1011 5385 1069 5440; x_wconf 89' lang='lat' dir='ltr'><strong>S.</strong></span> <span class='ocrx_word' id='word_1_839' title='bbox 1115 5385 1353 5442; x_wconf 77' lang='lat' dir='ltr'><strong>Thomas</strong></span> <span class='ocrx_word' id='word_1_840' title='bbox 1406 5391 1644 5458; x_wconf 89' lang='lat' dir='ltr'><strong>quinque</strong></span> <span class='ocrx_word' id='word_1_841' title='bbox 1703 5406 1821 5459; x_wconf 87' lang='lat' dir='ltr'><strong>pro-</strong></span> 
     </span>
    </p>
   </div>
   <div class='ocr_carea' id='block_1_111' title="bbox 260 5459 1826 5527">
    <p class='ocr_par' dir='ltr' id='par_1_111' title="bbox 260 5459 1826 5527">
     <span class='ocr_line' id='line_1_111' title="bbox 260 5459 1826 5527; baseline 0.004 -18"><span class='ocrx_word' id='word_1_842' title='bbox 260 5467 524 5527; x_wconf 83' lang='lat' dir='ltr'><strong>prietates</strong></span> <span class='ocrx_word' id='word_1_843' title='bbox 549 5462 754 5512; x_wconf 84' lang='lat' dir='ltr'><strong>amoris</strong></span> <span class='ocrx_word' id='word_1_844' title='bbox 780 5460 894 5512; x_wconf 89' lang='lat' dir='ltr'><strong>sive</strong></span> <span class='ocrx_word' id='word_1_845' title='bbox 917 5459 1202 5512; x_wconf 81' lang='lat' dir='ltr'><strong>charitatis</strong></span> <span class='ocrx_word' id='word_1_846' title='bbox 1241 5474 1296 5510; x_wconf 91' lang='grc' dir='ltr'><strong>ιιι</strong></span> <span class='ocrx_word' id='word_1_847' title='bbox 1346 5459 1430 5512; x_wconf 89' lang='lat' dir='ltr'><strong>his</strong></span> <span class='ocrx_word' id='word_1_848' title='bbox 1463 5475 1582 5527; x_wconf 77' lang='lat' dir='ltr'><strong>qua:</strong></span> <span class='ocrx_word' id='word_1_849' title='bbox 1631 5463 1716 5515; x_wconf 88' lang='lat' dir='ltr'><strong>ltic</strong></span> <span class='ocrx_word' id='word_1_850' title='bbox 1761 5475 1826 5515; x_wconf 79' lang='lat' dir='ltr'><strong>ex</strong></span> 
     </span>
    </p>
   </div>
   <div class='ocr_carea' id='block_1_112' title="bbox 264 5530 1828 5598">
    <p class='ocr_par' dir='ltr' id='par_1_112' title="bbox 264 5530 1828 5598">
     <span class='ocr_line' id='line_1_112' title="bbox 264 5530 1828 5598; baseline 0.003 -18"><span class='ocrx_word' id='word_1_851' title='bbox 264 5530 526 5598; x_wconf 83' lang='lat' dir='ltr'><strong>Dionysio</strong></span> <span class='ocrx_word' id='word_1_852' title='bbox 543 5530 882 5593; x_wconf 86' lang='lat' dir='ltr'><strong>recitantur;</strong></span> <span class='ocrx_word' id='word_1_853' title='bbox 915 5530 1087 5596; x_wconf 89' lang='lat' dir='ltr'><strong>prima</strong></span> <span class='ocrx_word' id='word_1_854' title='bbox 1122 5537 1226 5594; x_wconf 87' lang='lat' dir='ltr'><strong>est,</strong></span> <span class='ocrx_word' id='word_1_855' title='bbox 1256 5534 1506 5597; x_wconf 82' lang='lat' dir='ltr'><strong>pregredi</strong></span> <span class='ocrx_word' id='word_1_856' title='bbox 1529 5533 1593 5582; x_wconf 89' lang='lat' dir='ltr'><strong>ad</strong></span> <span class='ocrx_word' id='word_1_857' title='bbox 1630 5532 1828 5584; x_wconf 89' lang='lat' dir='ltr'><strong>uuien-</strong></span> 
     </span>
    </p>
   </div>
   <div class='ocr_carea' id='block_1_113' title="bbox 259 5599 1828 5668">
    <p class='ocr_par' dir='ltr' id='par_1_113' title="bbox 259 5599 1828 5668">
     <span class='ocr_line' id='line_1_113' title="bbox 259 5599 1828 5668; baseline 0.003 -17"><span class='ocrx_word' id='word_1_858' title='bbox 259 5601 392 5652; x_wconf 85' lang='lat' dir='ltr'><strong>dum</strong></span> <span class='ocrx_word' id='word_1_859' title='bbox 425 5615 546 5651; x_wconf 89' lang='lat' dir='ltr'><strong>eum</strong></span> <span class='ocrx_word' id='word_1_860' title='bbox 571 5605 662 5668; x_wconf 87' lang='lat' dir='ltr'><strong>qui</strong></span> <span class='ocrx_word' id='word_1_861' title='bbox 687 5599 881 5666; x_wconf 73' lang='lat' dir='ltr'><strong>diligit,</strong></span> <span class='ocrx_word' id='word_1_862' title='bbox 921 5613 1045 5650; x_wconf 87' lang='lat' dir='ltr'><strong>cutn</strong></span> <span class='ocrx_word' id='word_1_863' title='bbox 1064 5611 1131 5652; x_wconf 85' lang='lat' dir='ltr'><strong>eo</strong></span> <span class='ocrx_word' id='word_1_864' title='bbox 1152 5615 1314 5668; x_wconf 87' lang='lat' dir='ltr'><strong>quem</strong></span> <span class='ocrx_word' id='word_1_865' title='bbox 1339 5601 1602 5668; x_wconf 85' lang='lat' dir='ltr'><strong>dtligtt;et</strong></span> <span class='ocrx_word' id='word_1_866' title='bbox 1624 5613 1828 5666; x_wconf 88' lang='lat' dir='ltr'><strong>quanto</strong></span> 
     </span>
    </p>
   </div>
   <div class='ocr_carea' id='block_1_114' title="bbox 256 5669 1825 5734">
    <p class='ocr_par' dir='ltr' id='par_1_114' title="bbox 256 5669 1825 5734">
     <span class='ocr_line' id='line_1_114' title="bbox 256 5669 1825 5734; baseline 0.001 -11"><span class='ocrx_word' id='word_1_867' title='bbox 256 5669 613 5724; x_wconf 77' lang='lat' dir='ltr'><strong>excellentior</strong></span> <span class='ocrx_word' id='word_1_868' title='bbox 633 5677 718 5722; x_wconf 87' lang='lat' dir='ltr'><strong>est</strong></span> <span class='ocrx_word' id='word_1_869' title='bbox 741 5684 916 5732; x_wconf 88' lang='lat' dir='ltr'><strong>amor,</strong></span> <span class='ocrx_word' id='word_1_870' title='bbox 942 5677 1089 5722; x_wconf 85' lang='lat' dir='ltr'><strong>tanto</strong></span> <span class='ocrx_word' id='word_1_871' title='bbox 1116 5669 1468 5723; x_wconf 83' lang='lat' dir='ltr'><strong>excellentius</strong></span> <span class='ocrx_word' id='word_1_872' title='bbox 1501 5670 1648 5734; x_wconf 88' lang='lat' dir='ltr'><strong>unit;</strong></span> <span class='ocrx_word' id='word_1_873' title='bbox 1682 5675 1825 5726; x_wconf 86' lang='lat' dir='ltr'><strong>unde</strong></span> 
     </span>
    </p>
   </div>
   <div class='ocr_carea' id='block_1_115' title="bbox 258 5736 1818 5806">
    <p class='ocr_par' dir='ltr' id='par_1_115' title="bbox 258 5736 1818 5806">
     <span class='ocr_line' id='line_1_115' title="bbox 258 5736 1818 5806; baseline 0.002 -15"><span class='ocrx_word' id='word_1_874' title='bbox 258 5755 390 5806; x_wconf 83' lang='lat' dir='ltr'><strong>quia</strong></span> <span class='ocrx_word' id='word_1_875' title='bbox 417 5755 571 5793; x_wconf 87' lang='lat' dir='ltr'><strong>amor</strong></span> <span class='ocrx_word' id='word_1_876' title='bbox 594 5741 651 5792; x_wconf 90' lang='lat' dir='ltr'><strong>in</strong></span> <span class='ocrx_word' id='word_1_877' title='bbox 683 5736 849 5791; x_wconf 86' lang='lat' dir='ltr'><strong>Deum</strong></span> <span class='ocrx_word' id='word_1_878' title='bbox 885 5745 970 5791; x_wconf 90' lang='lat' dir='ltr'><strong>est</strong></span> <span class='ocrx_word' id='word_1_879' title='bbox 1003 5739 1298 5802; x_wconf 84' lang='lat' dir='ltr'><strong>excellens,</strong></span> <span class='ocrx_word' id='word_1_880' title='bbox 1325 5739 1652 5793; x_wconf 76' lang='lat' dir='ltr'><strong>excellenter</strong></span> <span class='ocrx_word' id='word_1_881' title='bbox 1691 5755 1818 5794; x_wconf 89' lang='lat' dir='ltr'><strong>eum</strong></span> 
     </span>
    </p>
   </div>
   <div class='ocr_carea' id='block_1_116' title="bbox 259 5808 1816 5882">
    <p class='ocr_par' dir='ltr' id='par_1_116' title="bbox 259 5808 1816 5882">
     <span class='ocr_line' id='line_1_116' title="bbox 259 5808 1816 5882; baseline 0.001 -18"><span class='ocrx_word' id='word_1_882' title='bbox 259 5809 373 5864; x_wconf 82' lang='lat' dir='ltr'><strong>Deo</strong></span> <span class='ocrx_word' id='word_1_883' title='bbox 401 5808 700 5880; x_wconf 80' lang='lat' dir='ltr'><strong>conjungit;</strong></span> <span class='ocrx_word' id='word_1_884' title='bbox 744 5816 797 5864; x_wconf 90' lang='lat' dir='ltr'><strong>et</strong></span> <span class='ocrx_word' id='word_1_885' title='bbox 827 5819 955 5878; x_wconf 77' lang='lat' dir='ltr'><strong>erga</strong></span> <span class='ocrx_word' id='word_1_886' title='bbox 984 5808 1156 5877; x_wconf 85' lang='lat' dir='ltr'><strong>magis</strong></span> <span class='ocrx_word' id='word_1_887' title='bbox 1189 5819 1480 5882; x_wconf 57' lang='grc' dir='ltr'>εοιιλιιιιειιι</span> <span class='ocrx_word' id='word_1_888' title='bbox 1511 5811 1684 5879; x_wconf 79' lang='lat' dir='ltr'><strong>major</strong></span> <span class='ocrx_word' id='word_1_889' title='bbox 1702 5820 1816 5878; x_wconf 78' lang='lat' dir='ltr'><strong>est;</strong></span> 
     </span>
    </p>
   </div>
   <div class='ocr_carea' id='block_1_117' title="bbox 1939 4847 3507 4916">
    <p class='ocr_par' dir='ltr' id='par_1_117' title="bbox 1939 4847 3507 4916">
     <span class='ocr_line' id='line_1_117' title="bbox 1939 4847 3507 4916; baseline -0.001 -17"><span class='ocrx_word' id='word_1_890' title='bbox 1939 4847 2167 4904; x_wconf 88' lang='lat' dir='ltr'><strong>alterius</strong></span> <span class='ocrx_word' id='word_1_891' title='bbox 2194 4860 2471 4915; x_wconf 84' lang='lat' dir='ltr'><strong>operatur,</strong></span> <span class='ocrx_word' id='word_1_892' title='bbox 2507 4859 2730 4916; x_wconf 82' lang='lat' dir='ltr'><strong>propter</strong></span> <span class='ocrx_word' id='word_1_893' title='bbox 2764 4847 2910 4901; x_wconf 89' lang='lat' dir='ltr'><strong>aliud</strong></span> <span class='ocrx_word' id='word_1_894' title='bbox 2945 4856 3221 4915; x_wconf 85' lang='lat' dir='ltr'><strong>cperatur,</strong></span> <span class='ocrx_word' id='word_1_895' title='bbox 3270 4849 3364 4913; x_wconf 88' lang='lat' dir='ltr'><strong>qui</strong></span> <span class='ocrx_word' id='word_1_896' title='bbox 3407 4860 3507 4897; x_wconf 83' lang='lat' dir='ltr'><strong>au-</strong></span> 
     </span>
    </p>
   </div>
   <div class='ocr_carea' id='block_1_118' title="bbox 1935 4916 3504 4986">
    <p class='ocr_par' dir='ltr' id='par_1_118' title="bbox 1935 4916 3504 4986">
     <span class='ocr_line' id='line_1_118' title="bbox 1935 4916 3504 4986; baseline -0.001 -19"><span class='ocrx_word' id='word_1_897' title='bbox 1935 4923 2042 4968; x_wconf 91' lang='lat' dir='ltr'><strong>tem</strong></span> <span class='ocrx_word' id='word_1_898' title='bbox 2093 4919 2294 4985; x_wconf 86' lang='lat' dir='ltr'><strong>(inquit</strong></span> <span class='ocrx_word' id='word_1_899' title='bbox 2321 4928 2546 4970; x_wconf 69' lang='lat' dir='ltr'><strong>sanctus</strong></span> <span class='ocrx_word' id='word_1_900' title='bbox 2579 4916 2840 4986; x_wconf 77' lang='lat' dir='ltr'><strong>Thomas)</strong></span> <span class='ocrx_word' id='word_1_901' title='bbox 2890 4933 2952 4970; x_wconf 87' lang='lat' dir='ltr'><strong>ex</strong></span> <span class='ocrx_word' id='word_1_902' title='bbox 2993 4930 3178 4986; x_wconf 84' lang='lat' dir='ltr'><strong>amore</strong></span> <span class='ocrx_word' id='word_1_903' title='bbox 3224 4926 3504 4985; x_wconf 77' lang='lat' dir='ltr'><strong>cperatur,</strong></span> 
     </span>
    </p>
   </div>
   <div class='ocr_carea' id='block_1_119' title="bbox 1932 4985 3506 5055">
    <p class='ocr_par' dir='ltr' id='par_1_119' title="bbox 1932 4985 3506 5055">
     <span class='ocr_line' id='line_1_119' title="bbox 1932 4985 3506 5055; baseline 0.001 -19"><span class='ocrx_word' id='word_1_904' title='bbox 1932 4999 2032 5052; x_wconf 87' lang='lat' dir='ltr'><strong>per</strong></span> <span class='ocrx_word' id='word_1_905' title='bbox 2067 5003 2125 5040; x_wconf 86' lang='lat' dir='ltr'><strong>se</strong></span> <span class='ocrx_word' id='word_1_906' title='bbox 2160 4991 2342 5055; x_wconf 89' lang='lat' dir='ltr'><strong>ipsum</strong></span> <span class='ocrx_word' id='word_1_907' title='bbox 2375 4985 2637 5055; x_wconf 83' lang='lat' dir='ltr'><strong>Operatur</strong></span> <span class='ocrx_word' id='word_1_908' title='bbox 2661 4987 2790 5040; x_wconf 90' lang='lat' dir='ltr'><strong>illud</strong></span> <span class='ocrx_word' id='word_1_909' title='bbox 2828 4997 3083 5055; x_wconf 86' lang='lat' dir='ltr'><strong>tanquam</strong></span> <span class='ocrx_word' id='word_1_910' title='bbox 3120 4985 3222 5040; x_wconf 86' lang='lat' dir='ltr'><strong>sibi</strong></span> <span class='ocrx_word' id='word_1_911' title='bbox 3254 4991 3354 5040; x_wconf 91' lang='lat' dir='ltr'><strong>hoc</strong></span> <span class='ocrx_word' id='word_1_912' title='bbox 3389 4987 3506 5053; x_wconf 80' lang='lat' dir='ltr'><strong>pla-</strong></span> 
     </span>
    </p>
   </div>
   <div class='ocr_carea' id='block_1_120' title="bbox 1931 5055 3506 5126">
    <p class='ocr_par' dir='ltr' id='par_1_120' title="bbox 1931 5055 3506 5126">
     <span class='ocr_line' id='line_1_120' title="bbox 1931 5055 3506 5126; baseline -0.003 -16"><span class='ocrx_word' id='word_1_913' title='bbox 1931 5065 2067 5126; x_wconf 75' lang='lat' dir='ltr'><strong>ceat.</strong></span> <span class='ocrx_word' id='word_1_914' title='bbox 2096 5057 2320 5112; x_wconf 68' lang='lat' dir='ltr'><strong>Praestat</strong></span> <span class='ocrx_word' id='word_1_915' title='bbox 2343 5059 2481 5112; x_wconf 82' lang='lat' dir='ltr'><strong>scire</strong></span> <span class='ocrx_word' id='word_1_916' title='bbox 2515 5072 2637 5126; x_wconf 67' lang='lat' dir='ltr'><strong>quae</strong></span> <span class='ocrx_word' id='word_1_917' title='bbox 2660 5055 2855 5110; x_wconf 84' lang='lat' dir='ltr'><strong>elliciat</strong></span> <span class='ocrx_word' id='word_1_918' title='bbox 2887 5059 3147 5119; x_wconf 78' lang='lat' dir='ltr'><strong>churitas,</strong></span> <span class='ocrx_word' id='word_1_919' title='bbox 3170 5066 3223 5108; x_wconf 90' lang='lat' dir='ltr'><strong>et</strong></span> <span class='ocrx_word' id='word_1_920' title='bbox 3256 5072 3375 5124; x_wconf 72' lang='lat' dir='ltr'><strong>qua:</strong></span> <span class='ocrx_word' id='word_1_921' title='bbox 3393 5057 3506 5110; x_wconf 84' lang='lat' dir='ltr'><strong>sint</strong></span> 
     </span>
    </p>
   </div>
   <div class='ocr_carea' id='block_1_121' title="bbox 1932 5124 3503 5196">
    <p class='ocr_par' dir='ltr' id='par_1_121' title="bbox 1932 5124 3503 5196">
     <span class='ocr_line' id='line_1_121' title="bbox 1932 5124 3503 5196; baseline 0 -20"><span class='ocrx_word' id='word_1_922' title='bbox 1932 5124 2053 5192; x_wconf 85' lang='lat' dir='ltr'><strong>ejus</strong></span> <span class='ocrx_word' id='word_1_923' title='bbox 2112 5131 2328 5196; x_wconf 89' lang='lat' dir='ltr'><strong>propria</strong></span> <span class='ocrx_word' id='word_1_924' title='bbox 2388 5128 2452 5180; x_wconf 90' lang='lat' dir='ltr'><strong>ad</strong></span> <span class='ocrx_word' id='word_1_925' title='bbox 2508 5124 2948 5194; x_wconf 72' lang='lat' dir='ltr'><strong>cognoscendum</strong></span> <span class='ocrx_word' id='word_1_926' title='bbox 3003 5128 3383 5180; x_wconf 69' lang='lat' dir='ltr'><strong>excellentiam</strong></span> <span class='ocrx_word' id='word_1_927' title='bbox 3447 5134 3503 5178; x_wconf 89' lang='lat' dir='ltr'><strong>et</strong></span> 
     </span>
    </p>
   </div>
   <div class='ocr_carea' id='block_1_122' title="bbox 1934 5197 3502 5265">
    <p class='ocr_par' dir='ltr' id='par_1_122' title="bbox 1934 5197 3502 5265">
     <span class='ocr_line' id='line_1_122' title="bbox 1934 5197 3502 5265; baseline 0.001 -19"><span class='ocrx_word' id='word_1_928' title='bbox 1934 5201 2304 5261; x_wconf 75' lang='lat' dir='ltr'><strong>praestantiam</strong></span> <span class='ocrx_word' id='word_1_929' title='bbox 2337 5197 2455 5264; x_wconf 89' lang='lat' dir='ltr'><strong>ejus</strong></span> <span class='ocrx_word' id='word_1_930' title='bbox 2487 5213 2651 5265; x_wconf 84' lang='lat' dir='ltr'><strong>supra</strong></span> <span class='ocrx_word' id='word_1_931' title='bbox 2685 5198 2842 5250; x_wconf 83' lang='lat' dir='ltr'><strong>tidem</strong></span> <span class='ocrx_word' id='word_1_932' title='bbox 2879 5197 3075 5258; x_wconf 81' lang='lat' dir='ltr'><strong>solum,</strong></span> <span class='ocrx_word' id='word_1_933' title='bbox 3127 5213 3288 5264; x_wconf 70' lang='lat' dir='ltr'><strong>quam</strong></span> <span class='ocrx_word' id='word_1_934' title='bbox 3329 5203 3502 5250; x_wconf 69' lang='lat' dir='ltr'><strong>lucre-</strong></span> 
     </span>
    </p>
   </div>
   <div class='ocr_carea' id='block_1_123' title="bbox 1929 5265 3502 5337">
    <p class='ocr_par' dir='ltr' id='par_1_123' title="bbox 1929 5265 3502 5337">
     <span class='ocr_line' id='line_1_123' title="bbox 1929 5265 3502 5337; baseline 0.003 -22"><span class='ocrx_word' id='word_1_935' title='bbox 1929 5265 2017 5316; x_wconf 89' lang='lat' dir='ltr'><strong>ttci</strong></span> <span class='ocrx_word' id='word_1_936' title='bbox 2053 5282 2186 5320; x_wconf 88' lang='lat' dir='ltr'><strong>vane</strong></span> <span class='ocrx_word' id='word_1_937' title='bbox 2211 5268 2564 5336; x_wconf 78' lang='lat' dir='ltr'><strong>j.ictattt,tiun</strong></span> <span class='ocrx_word' id='word_1_938' title='bbox 2599 5267 2961 5337; x_wconf 66' lang='lat' dir='ltr'><strong>intelligi-tiles</strong></span> <span class='ocrx_word' id='word_1_939' title='bbox 2986 5282 3107 5336; x_wconf 67' lang='lat' dir='ltr'><strong>qua:</strong></span> <span class='ocrx_word' id='word_1_940' title='bbox 3123 5270 3331 5332; x_wconf 87' lang='lat' dir='ltr'><strong>dicunt,</strong></span> <span class='ocrx_word' id='word_1_941' title='bbox 3352 5282 3502 5319; x_wconf 86' lang='lat' dir='ltr'><strong>ama-</strong></span> 
     </span>
    </p>
   </div>
   <div class='ocr_carea' id='block_1_124' title="bbox 1928 5343 2143 5388">
    <p class='ocr_par' dir='ltr' id='par_1_124' title="bbox 1928 5343 2143 5388">
     <span class='ocr_line' id='line_1_124' title="bbox 1928 5343 2143 5388; baseline 0.009 -2"><span class='ocrx_word' id='word_1_942' title='bbox 1928 5343 2143 5388; x_wconf 83' lang='lat' dir='ltr'><strong>tortam.</strong></span> 
     </span>
    </p>
   </div>
   <div class='ocr_carea' id='block_1_125' title="bbox 2004 5406 3498 5472">
    <p class='ocr_par' dir='ltr' id='par_1_125' title="bbox 2004 5406 3498 5472">
     <span class='ocr_line' id='line_1_125' title="bbox 2004 5406 3498 5472; baseline -0.001 -14"><span class='ocrx_word' id='word_1_943' title='bbox 2004 5406 2079 5472; x_wconf 84' lang='lat'><strong>(6)</strong></span> <span class='ocrx_word' id='word_1_944' title='bbox 2139 5407 2448 5460; x_wconf 72' lang='lat' dir='ltr'><strong>Notionem.</strong></span> <span class='ocrx_word' id='word_1_945' title='bbox 2499 5407 2782 5472; x_wconf 87' lang='lat' dir='ltr'><strong>Quatenus</strong></span> <span class='ocrx_word' id='word_1_946' title='bbox 2845 5423 3002 5459; x_wconf 89' lang='lat' dir='ltr'><strong>amor</strong></span> <span class='ocrx_word' id='word_1_947' title='bbox 3061 5418 3114 5460; x_wconf 89' lang='lat' dir='ltr'><strong>et</strong></span> <span class='ocrx_word' id='word_1_948' title='bbox 3144 5407 3382 5460; x_wconf 78' lang='lat' dir='ltr'><strong>Charitas</strong></span> <span class='ocrx_word' id='word_1_949' title='bbox 3433 5421 3498 5458; x_wconf 83' lang='lat' dir='ltr'><strong>ex</strong></span> 
     </span>
    </p>
   </div>
   <div class='ocr_carea' id='block_1_126' title="bbox 1933 5474 3498 5544">
    <p class='ocr_par' dir='ltr' id='par_1_126' title="bbox 1933 5474 3498 5544">
     <span class='ocr_line' id='line_1_126' title="bbox 1933 5474 3498 5544; baseline -0.001 -17"><span class='ocrx_word' id='word_1_950' title='bbox 1933 5474 2054 5543; x_wconf 91' lang='lat' dir='ltr'><strong>ipso</strong></span> <span class='ocrx_word' id='word_1_951' title='bbox 2087 5477 2193 5529; x_wconf 87' lang='lat' dir='ltr'><strong>Deo</strong></span> <span class='ocrx_word' id='word_1_952' title='bbox 2219 5490 2440 5531; x_wconf 89' lang='lat' dir='ltr'><strong>manant</strong></span> <span class='ocrx_word' id='word_1_953' title='bbox 2472 5485 2537 5530; x_wconf 90' lang='lat' dir='ltr'><strong>ad</strong></span> <span class='ocrx_word' id='word_1_954' title='bbox 2569 5489 2872 5542; x_wconf 73' lang='lat' dir='ltr'><strong>creaturas,</strong></span> <span class='ocrx_word' id='word_1_955' title='bbox 2913 5493 3025 5544; x_wconf 83' lang='lat' dir='ltr'><strong>ipse</strong></span> <span class='ocrx_word' id='word_1_956' title='bbox 3051 5479 3254 5530; x_wconf 84' lang='lat' dir='ltr'><strong>amoris</strong></span> <span class='ocrx_word' id='word_1_957' title='bbox 3285 5487 3336 5529; x_wconf 89' lang='lat' dir='ltr'><strong>et</strong></span> <span class='ocrx_word' id='word_1_958' title='bbox 3362 5475 3498 5526; x_wconf 81' lang='lat' dir='ltr'><strong>rha-</strong></span> 
     </span>
    </p>
   </div>
   <div class='ocr_carea' id='block_1_127' title="bbox 1933 5546 3498 5615">
    <p class='ocr_par' dir='ltr' id='par_1_127' title="bbox 1933 5546 3498 5615">
     <span class='ocr_line' id='line_1_127' title="bbox 1933 5546 3498 5615; baseline -0.001 -17"><span class='ocrx_word' id='word_1_959' title='bbox 1933 5546 2110 5600; x_wconf 88' lang='lat' dir='ltr'><strong>rttatis</strong></span> <span class='ocrx_word' id='word_1_960' title='bbox 2141 5559 2328 5600; x_wconf 84' lang='lat' dir='ltr'><strong>auctor</strong></span> <span class='ocrx_word' id='word_1_961' title='bbox 2360 5549 2562 5601; x_wconf 87' lang='lat' dir='ltr'><strong>moveri</strong></span> <span class='ocrx_word' id='word_1_962' title='bbox 2607 5548 2826 5609; x_wconf 86' lang='lat' dir='ltr'><strong>dicitur,</strong></span> <span class='ocrx_word' id='word_1_963' title='bbox 2883 5559 3152 5615; x_wconf 85' lang='lat' dir='ltr'><strong>quatenus</strong></span> <span class='ocrx_word' id='word_1_964' title='bbox 3214 5561 3341 5597; x_wconf 91' lang='lat' dir='ltr'><strong>vero</strong></span> <span class='ocrx_word' id='word_1_965' title='bbox 3382 5547 3498 5610; x_wconf 81' lang='lat' dir='ltr'><strong>ipse</strong></span> 
     </span>
    </p>
   </div>
   <div class='ocr_carea' id='block_1_128' title="bbox 1935 5618 3499 5686">
    <p class='ocr_par' dir='ltr' id='par_1_128' title="bbox 1935 5618 3499 5686">
     <span class='ocr_line' id='line_1_128' title="bbox 1935 5618 3499 5686; baseline -0.003 -18"><span class='ocrx_word' id='word_1_966' title='bbox 1935 5627 2019 5668; x_wconf 84' lang='lat' dir='ltr'><strong>est</strong></span> <span class='ocrx_word' id='word_1_967' title='bbox 2050 5618 2322 5681; x_wconf 88' lang='lat' dir='ltr'><strong>amabilis,</strong></span> <span class='ocrx_word' id='word_1_968' title='bbox 2352 5628 2405 5671; x_wconf 91' lang='lat' dir='ltr'><strong>et</strong></span> <span class='ocrx_word' id='word_1_969' title='bbox 2439 5618 2760 5686; x_wconf 77' lang='lat' dir='ltr'><strong>diligendus,</strong></span> <span class='ocrx_word' id='word_1_970' title='bbox 2795 5629 2976 5671; x_wconf 82' lang='lat' dir='ltr'><strong>movet</strong></span> <span class='ocrx_word' id='word_1_971' title='bbox 3007 5627 3062 5670; x_wconf 90' lang='lat' dir='ltr'><strong>et</strong></span> <span class='ocrx_word' id='word_1_972' title='bbox 3091 5619 3196 5668; x_wconf 90' lang='lat' dir='ltr'><strong>eiet</strong></span> <span class='ocrx_word' id='word_1_973' title='bbox 3227 5619 3292 5666; x_wconf 80' lang='lat' dir='ltr'><strong>ad</strong></span> <span class='ocrx_word' id='word_1_974' title='bbox 3339 5629 3499 5686; x_wconf 78' lang='lat' dir='ltr'><strong>auto-</strong></span> 
     </span>
    </p>
   </div>
   <div class='ocr_carea' id='block_1_129' title="bbox 1932 5682 3498 5766">
    <p class='ocr_par' dir='ltr' id='par_1_129' title="bbox 1932 5682 3498 5766">
     <span class='ocr_line' id='line_1_129' title="bbox 1932 5682 3498 5766; baseline -0.001 -28"><span class='ocrx_word' id='word_1_975' title='bbox 1932 5701 2044 5766; x_wconf 79' lang='lat' dir='ltr'><strong>rem</strong></span> <span class='ocrx_word' id='word_1_976' title='bbox 2079 5689 2281 5752; x_wconf 81' lang='lat' dir='ltr'><strong>oninia,</strong></span> <span class='ocrx_word' id='word_1_977' title='bbox 2345 5682 2560 5758; x_wconf 64' lang='lat' dir='ltr'><strong>quibus</strong></span> <span class='ocrx_word' id='word_1_978' title='bbox 2581 5692 2658 5744; x_wconf 87' lang='lat' dir='ltr'><strong>vis</strong></span> <span class='ocrx_word' id='word_1_979' title='bbox 2685 5689 2903 5741; x_wconf 77' lang='lat' dir='ltr'><strong>amandi</strong></span> <span class='ocrx_word' id='word_1_980' title='bbox 2945 5687 3335 5742; x_wconf 84' lang='lat' dir='ltr'><strong>convenienter</strong></span> <span class='ocrx_word' id='word_1_981' title='bbox 3363 5682 3498 5752; x_wconf 77' lang='lat' dir='ltr'><strong>ipsis</strong></span> 
     </span>
    </p>
   </div>
   <div class='ocr_carea' id='block_1_130' title="bbox 1929 5768 2214 5812">
    <p class='ocr_par' dir='ltr' id='par_1_130' title="bbox 1929 5768 2214 5812">
     <span class='ocr_line' id='line_1_130' title="bbox 1929 5768 2214 5812; baseline -0.004 0"><span class='ocrx_word' id='word_1_982' title='bbox 1929 5771 2089 5812; x_wconf 84' lang='lat' dir='ltr'><strong>tnsna</strong></span> <span class='ocrx_word' id='word_1_983' title='bbox 2112 5768 2214 5811; x_wconf 81' lang='lat' dir='ltr'><strong>est.</strong></span> 
     </span>
    </p>
   </div>
  </div>
