4048 6426
546 387 657 453 815

1730 387 2056 451 JOANNIS
2094 390 2663 455 CYPARlSSIOT/E

3707 404 3821 468 8l6

545 519 640 582 eas
668 504 785 568 ipse
803 502 965 558 etiam
999 501 1139 557 Deus
1162 508 1314 556 extra
1353 516 1411 556 se
1438 508 1541 565 est,
1568 503 1929 557 conversione
1970 502 2119 558 iner-
2151 508 2196 564 Α
2226 506 2483 560 omnibus
2516 506 2702 561 trihuit
2732 515 2791 560 ut
2819 505 2929 562 sint
2977 515 3149 562 totum
3187 506 3238 562 id
3273 509 3417 579 quod
3453 522 3583 567 sunt
3605 552 3619 575 ,
3652 525 3705 569 et
3730 530 3821 576 est

546 599 703 646 rante
738 591 914 665 instar
958 590 1151 645 circuli
1209 592 1635 656 circutnmeans;
1688 601 1741 645 et
1772 592 1921 662 quod
1977 591 2122 649 Deus

549 695 719 734 amor
771 680 1093 750 praccxstitit
1130 680 1184 734 in
1224 679 1334 737 Deo
1384 680 1639 751 simplex,
1712 698 1808 754 per
1848 699 1908 739 se
1951 685 2126 740 mobi-

483 752 493 839 ί
559 773 648 838 lis,
678 787 776 841 per
800 787 860 827 sc
882 787 1139 841 operans,
1176 784 1227 826 et
1252 775 1394 842 quod
1415 783 1536 829 erat
1557 752 1738 829 divina
1758 784 1813 830 et
1828 777 1984 832 beata
2005 776 2126 846 ejus

548 864 858 921 substantia
890 880 904 917 :
944 878 1116 935 quare
1152 873 1264 920 tota
1291 865 1529 921 Trinitas
1554 868 2122 937 suprasuhstantialis,

547 968 670 1024 qua:
690 962 775 1008 εει
809 966 983 1017 amor,
1014 961 1069 1005 et
1092 952 1345 1016 dulcedo,
1379 963 1434 1007 et
1461 953 1816 1020 desiderium,
1844 971 1953 1012 non
2000 959 2127 1012 sivit

512 1060 515 1065 ·
541 1057 660 1097 eam
692 1044 746 1097 in
770 1057 829 1098 se
868 1042 985 1112 ipsa
1010 1044 1131 1098 sine
1169 1041 1516 1099 fecunditate
1548 1059 1794 1114 manere,
1821 1048 1914 1103 sed
1944 1050 2126 1118 potius

539 1135 714 1189 movit
753 1151 814 1190 se
855 1135 973 1206 ipsa
1003 1135 1070 1189 ad
1101 1134 1413 1191 faciendum
1440 1146 1497 1192 et
1555 1139 1879 1196 creandum.
1933 1140 2123 1198 Provi-

484 1229 491 1236 ’
535 1228 735 1284 demite
768 1227 934 1299 igitur
972 1225 1063 1283 Dei
1091 1238 1331 1282 externae
1390 1228 1527 1283 nihil
1570 1230 1715 1286 aliud
1751 1242 1905 1299 sunt,
1957 1249 2123 1302 quam

539 1328 820 1384 creatura,
846 1327 901 1372 et
932 1318 1162 1385 creatio;
1202 1329 1258 1375 et
1286 1334 1350 1374 ex
1388 1321 1475 1375 his
1502 1322 1663 1391 plane
1681 1323 1837 1379 nobis
1866 1326 2123 1394 netescit,

534 1410 685 1480 quod
730 1410 912 1477 omnis
964 1417 1217 1465 creatura
1247 1408 1418 1465 Deum
1456 1412 1618 1468 habet
1648 1415 2036 1484 producentem
2069 1425 2125 1472 et

534 1511 917 1569 gener-antem,
946 1501 1061 1572 ipse
1084 1501 1230 1559 enim
1263 1501 1377 1574 haec
1398 1518 1523 1558 eum
1552 1504 1606 1559 in
1626 1519 1685 1560 se
1715 1506 1958 1573 haberet,
1987 1522 2122 1577 pro-

533 1596 689 1649 duxit
717 1609 781 1649 ea
820 1593 993 1660 foras,
1033 1593 1138 1649 hoc
1155 1602 1259 1656 est,
1285 1597 1491 1650 circum
1515 1607 1833 1653 creaturas:
1867 1599 2123 1668 quocirca

531 1700 732 1740 nomen
749 1686 953 1741 amoris
965 1686 1332 1745 etdilcctionis
1355 1688 1407 1740 in
1430 1703 1596 1742 unum
1617 1696 1673 1743 et
1691 1688 1834 1745 idem
1855 1705 1978 1745 cum
1999 1691 2124 1762 pul-

531 1776 671 1831 chro
704 1785 757 1829 et
802 1777 946 1830 bono
972 1772 1115 1831 redit
1141 1766 1412 1846 ;cumque
1441 1779 1493 1830 in
1527 1776 1637 1833 Deo
1656 1779 1787 1842 sint,
1809 1780 1945 1836 etad
1978 1796 2125 1835 eum-

530 1868 655 1922 dem
683 1867 1014 1933 referantur,
1062 1868 1302 1935 divinam
1353 1878 1407 1923 et
1457 1869 1671 1925 beatam
1710 1873 1831 1943 ejus
1865 1873 2122 1928 substan-

537 1961 693 2025 tiam,
717 1958 867 2029 quod
898 1968 983 2015 εει
1028 1968 1263 2025 tantum,
1292 1972 1686 2032 reprasentant
1716 1980 1730 2016 ε
1761 1972 1916 2019 extra
1951 1965 2119 2022 Deum

529 2064 663 2106 vero
690 2064 814 2103 cum
859 2057 1010 2117 sunt,
1038 2050 1092 2104 in
1117 2051 1341 2119 negatio
1390 2061 1663 2107 creaturae
1690 2054 1982 2123 desinunt;
2036 2057 2119 2112 id-

529 2142 679 2197 circo
729 2140 1019 2211 passiones
1049 2151 1105 2196 et
1135 2141 1439 2198 accidentia
1479 2144 1627 2200 circa
1670 2160 1791 2201 eam
1827 2157 2120 2205 censentur

526 2218 984 2288 etnumerantur.
1020 2232 1262 2303 Apparet
1320 2236 1486 2289 etiam
1546 2250 1648 2307 per
1680 2237 1820 2300 haec,
1874 2239 2022 2308 quod
2047 2240 2115 2297 ad

525 2324 917 2395 proprietatem
940 2324 1137 2379 horum
1176 2323 1461 2380 nominum
1493 2327 1748 2397 pertinet,
1782 2332 1928 2386 ratio
1964 2331 2113 2388 enim

525 2416 726 2470 amoris
749 2425 802 2469 et
841 2414 1153 2479 dilectionis
1187 2417 1373 2471 eadem
1408 2427 1493 2474 est
1530 2426 1693 2489 atque
1724 2421 1866 2485 ratio
1891 2423 2112 2481 bonita-

524 2509 596 2563 tis
629 2517 683 2563 et
714 2507 1163 2578 pulchritudinis.
1196 2506 1344 2565 Deus
1384 2509 1530 2565 enim
1564 2522 1793 2582 propter
1834 2516 2111 2573 excellen—

524 2611 633 2655 tem
654 2615 899 2655 amoretn
930 2599 1116 2654 omnia
1152 2600 1434 2670 produxit;
1484 2609 1541 2658 et
1574 2612 1800 2674 propter
1853 2609 2108 2666 eumdem

523 2705 769 2746 amorem
795 2729 813 2756 ,
858 2704 982 2759 quae
1016 2705 1124 2745 non
1147 2698 1297 2756 sunt,
1328 2705 1439 2747 non
1464 2693 1746 2763 produxit,
1778 2695 1908 2752 dum
1940 2699 2108 2765 cavit,

523 2799 595 2838 ne
620 2782 997 2853 producendo,
1020 2783 1323 2853 quidquam
1353 2799 1545 2842 eorum
1571 2800 1694 2856 qua:
1723 2789 1963 2857 amabat,
2015 2792 2108 2849 la:-

521 2875 698 2929 derct.
735 2874 923 2928 Potest
967 2884 1149 2930 autem
1201 2875 1433 2948 intelligi
1469 2877 1681 2950 aliquid
1717 2882 1881 2938 etiam
1928 2886 2104 2957 magis

521 2967 808 3035 speciatim
838 2966 1115 3041 proprium
1145 3008 1161 3034 ,
1195 2968 1344 3038 quod
1391 2969 1604 3027 scilicet
1652 2972 1839 3031 divina
1884 2978 2102 3035 bonitas

520 3061 578 3114 in
611 3059 888 3119 inﬁnitum
952 3060 1358 3130 progrediatur,
1396 3061 1616 3120 divinus
1651 3080 1779 3122 vero
1813 3082 1967 3123 amor
2012 3071 2100 3126 in-

2225 609 2353 649 vere
2381 595 2609 650 eﬁ‘ector
2636 596 2969 650 exsisteutim
2988 597 3088 667 (i),
3128 611 3377 667 personae
3397 641 3412 663 ,
3445 602 3773 661 substantiae
3795 648 3814 669 .

2225 696 2474 756 naturae;
2520 689 2647 743 item
2679 689 3031 758 principium,
3079 699 3133 744 et
3184 706 3436 747 mensura
3487 696 3815 751 smeulorum

2225 790 2279 835 et
2307 791 2613 851 temporum
2638 821 2654 843 ,
2684 792 2739 837 et
2769 781 2898 836 tat-it
2932 790 2992 836 ut
3036 782 3237 837 saecula
3269 791 3324 838 et
3357 794 3602 855 tempora
3650 789 3763 844 sint
3792 806 3809 843 :

2226 883 2305 926 est
2347 873 2605 927 sseculum
2640 886 2829 928 eorum
2864 888 2983 943 quas
3022 885 3190 928 sunt:
3225 884 3437 945 tempus
3469 891 3655 931 eorum
3694 895 3818 949 qua:

2228 962 2399 1028 ﬁunt;
2430 973 2511 1017 est
2539 978 2661 1018 esse
2703 964 2773 1019 iis
2816 980 2938 1034 qua:
2983 976 3112 1019 sunt
3152 968 3682 1040 quomodocunque;
3731 982 3817 1026 est

2226 1054 2505 1122 generatio
2551 1054 3049 1125 quomodocunque
3110 1058 3307 1125 genitis
3355 1073 3421 1114 ex
3463 1075 3530 1115 eo
3576 1064 3669 1132 qui
3702 1073 3806 1130 est;

2227 1146 2510 1209 stcculum,
2548 1145 2873 1208 substantia,
2899 1156 2953 1201 et
2989 1161 3156 1201 unum
3197 1163 3211 1202 :
3241 1157 3297 1204 et
3344 1156 3582 1220 tempus,
3633 1161 3686 1206 et
3715 1168 3813 1222 ge-

2226 1234 2460 1301 neratio,
2491 1244 2545 1289 et
2578 1237 2722 1304 quod
2750 1237 2992 1308 gignitur
3020 1254 3037 1292 :
3071 1248 3154 1295 est
3187 1255 3250 1295 ea
3282 1256 3405 1311 quas
3456 1254 3585 1298 sunt
3630 1245 3683 1299 in
3736 1248 3807 1301 iis

2226 1339 2350 1393 quae
2373 1334 2538 1392 sunt;
2574 1336 2627 1381 et
2661 1341 2783 1396 qua)
2828 1342 3163 1398 quocunque
3205 1331 3369 1387 modo
3409 1334 3723 1403 exsistunt,
3755 1348 3814 1391 et

2227 1429 2350 1484 quas
2379 1430 2476 1484 per
2509 1432 2568 1471 se
2600 1418 2895 1473 exsistunt.
2932 1417 3078 1474 Deus
3108 1420 3254 1475 enim
3305 1436 3416 1477 non
3465 1422 3547 1479 sic
3594 1432 3698 1491 est,
3748 1437 3812 1483 ut

2226 1509 2302 1564 sit
2331 1508 2761 1579 quodammodo,
2797 1511 2892 1566 sed
2924 1511 3249 1582 simpliciter
3288 1522 3344 1568 et
3387 1516 3598 1571 inﬁnite
3636 1526 3809 1573 totum

2225 1615 2352 1657 esse
2401 1603 2456 1656 in
2507 1616 2568 1657 se
2613 1601 2932 1672 complexus
2956 1601 3059 1672 (ἓ).
3093 1604 3162 1659 Et
3186 1606 3350 1675 paulo
3382 1616 3503 1676 post
3536 1624 3550 1663 :
3583 1604 3650 1669 Et
3684 1622 3812 1666 ante

2228 1694 2369 1749 alias
2407 1694 2525 1763 ejus
2567 1694 3015 1764 participationes
3048 1697 3376 1767 productum
3416 1709 3500 1756 est
3548 1716 3710 1766 esse,
3753 1713 3812 1757 et

2226 1794 2313 1840 est
2341 1785 2523 1855 ipsum
2557 1786 2859 1843 secundum
2910 1801 2971 1843 se
3013 1802 3139 1844 esse
3158 1789 3454 1861 antiquius
3479 1806 3641 1862 quam
3683 1808 3809 1848 esse

2227 1895 2325 1951 per
2356 1896 2418 1952 se
2454 1881 2621 1936 vitam
2649 1881 2751 1953 (ἢ),
2782 1890 2837 1937 ει
2876 1895 2974 1952 per
3019 1897 3077 1938 se
3122 1884 3447 1953 sapientiam
3475 1921 3491 1949 ,
3532 1893 3589 1941 et
3618 1900 3715 1956 per
3746 1901 3810 1943 se

2223 1973 2643 2031 similitudinem
2675 1973 2917 2029 divinam
2941 2026 2956 2052 ,
2989 1984 3043 2031 ει
3075 1975 3203 2042 alia,
3241 1989 3476 2044 quorum
3512 1977 3810 2048 participa-

2227 2068 2432 2124 tionem
2464 2081 2587 2137 quas
2614 2065 2841 2133 habent,
2870 2076 2998 2123 ante
3028 2068 3275 2122 omnium
3322 2067 3543 2125 illorum
3586 2070 3811 2139 partici-

2224 2159 2509 2231 pationem
2555 2159 2890 2230 participant
2922 2173 3045 2215 esse
3087 2177 3102 2215 :
3146 2160 3259 2215 imo
3293 2173 3426 2214 vero
3457 2159 3573 2231 ipsa
3615 2176 3712 2230 per
3747 2177 3811 2217 se

2219 2253 2411 2308 omnia
2439 2265 2561 2322 qute
2592 2251 2761 2307 abiis
2799 2265 2924 2321 qua
2973 2259 3125 2316 sunt,
3169 2250 3593 2321 participantur,
3625 2254 3805 2323 ipsum

2216 2357 2316 2414 per
2354 2357 2414 2399 se
2444 2357 2569 2398 esse
2598 2342 2966 2412 participant;
2999 2350 3052 2397 et
3105 2342 3243 2396 nihil
3286 2352 3369 2398 est
3396 2342 3564 2414 cuius
3592 2356 3699 2400 non
3734 2348 3808 2402 sit

2214 2435 2549 2512 substantia,
2593 2446 2648 2491 et
2693 2436 2960 2491 saeculum
3008 2436 3184 2506 ipsius
3231 2451 3330 2507 per
3373 2451 3434 2493 se
3472 2451 3615 2493 esse.
3664 2438 3806 2494 Deus

2213 2526 2382 2596 igitur
2422 2540 2548 2580 cum
2599 2527 2689 2589 sit,
2724 2535 2782 2581 ut
2810 2534 3209 2581 consentanum
3249 2534 3354 2593 est,
3382 2527 3645 2585 omnibus
3679 2530 3803 2589 aliis

2214 2618 2392 2688 magis
2424 2617 2791 2688 principialis,
2826 2617 2896 2672 ab
2927 2618 3235 2687 antiquiore
3271 2619 3417 2673 dono
3459 2634 3564 2673 suo
3611 2620 3802 2675 lauda-

2212 2721 2301 2767 tur
2330 2751 2344 2775 ,
2397 2708 2664 2780 siquidem
2739 2709 2891 2778 prius
2938 2723 3063 2765 esse
3094 2747 3110 2772 ,
3151 2718 3207 2765 et
3263 2709 3617 2767 excellentius
3673 2725 3796 2766 esse

2207 2816 2333 2857 cum
2410 2800 2562 2870 prius
2632 2799 2866 2866 habeat,
2904 2809 2961 2855 et
3009 2799 3361 2856 excellentius
3397 2798 3592 2856 habeat
3645 2800 3794 2868 prius

2206 2891 2339 2949 fecit
2401 2905 2524 2948 esse
2585 2889 2734 2962 quod
2794 2898 2933 2947 est:
2994 2890 3172 2961 ipsum
3205 2929 3221 2956 ,
3273 2892 3529 2963 inquam,
3594 2907 3691 2962 per
3733 2906 3795 2948 se

2204 3001 2349 3053 esse,
2385 2994 2439 3041 et
2466 3000 2561 3055 per
2592 2985 2772 3054 ipsum
2803 2998 2966 3038 omne
2991 2985 3141 3053 quod
3174 2983 3671 3053 quomodocunque
3690 2993 3798 3051 est,

2205 3079 2478 3153 exsistere
2529 3077 2678 3134 fecit.
2728 3075 2891 3146 Atqui
2938 3076 3209 3145 principia
3238 3090 3427 3131 eorum
3476 3090 3602 3147 quae
3626 3084 3799 3144 sunt,

448 3200 451 3201 ν
522 3161 642 3215 star
674 3150 870 3209 circuli
896 3151 1227 3219 circumeat;
1282 3167 1408 3209 nam
1467 3168 1496 3208 e
1547 3170 1606 3209 se
1657 3158 1878 3226 quidem
1917 3162 2104 3237 incipit

2214 3150 2399 3227 omnia
2438 3171 2768 3242 participant
2800 3183 2943 3233 esse,
2980 3178 3034 3223 et
3063 3179 3210 3234 sunt,
3233 3178 3290 3224 et
3320 3168 3594 3239 principia
3623 3180 3797 3237 sunt;

518 3245 756 3314 operari,
788 3245 982 3299 deinde
1022 3260 1119 3315 per
1156 3260 1221 3300 ea
1263 3261 1385 3315 qua:
1432 3248 1710 3317 produxit,
1757 3257 2114 3323 providemzis

518 3337 637 3392 suis
665 3336 798 3391 foris
842 3351 1072 3391 manens
1119 3336 1225 3393 ﬁne
1259 3339 1513 3408 imposito
1544 3341 1611 3396 ad
1637 3357 1696 3399 se
1725 3360 1917 3407 rursus
1953 3356 2110 3412 redit.

1136 3446 1365 3504 CAPUT
1406 3448 1491 3504 IV.

517 3537 596 3594 De
623 3550 741 3596 eme
773 3547 821 3594 et
852 3540 912 3595 de
939 3539 1182 3625 partibus
1214 3540 1330 3622 ejus
1356 3580 1379 3625 ,Δ
1402 3552 1451 3595 et
1497 3557 1616 3625 quis
1665 3545 1737 3599 sit
1778 3547 1833 3600 in
1879 3551 1946 3604 iis
1995 3568 2113 3621 qua:

987 3619 1147 3685 sunt,
1171 3619 1443 3680 prapietas
1471 3619 1631 3667 entis.

588 3722 818 3794 Magnus
855 3720 1153 3792 Dionysius
1185 3725 1362 3793 capite
1392 3724 1608 3796 quinto,
1656 3729 1734 3784 De
1777 3730 1972 3786 divinis
2005 3748 2102 3787 no-

517 3818 746 3872 minibus
785 3833 804 3872 :
845 3817 980 3886 Age,
1010 3816 1208 3886 inquit,
1251 3815 1539 3874 laudemus
1592 3820 1796 3875 bonum
1840 3833 2100 3895 tanquam

514 3910 661 3979 quod
701 3924 827 3964 vere
858 3917 985 3972 est.
1047 3915 1103 3963 et
1154 3909 1397 3964 omnium
1448 3910 1787 3969 substantias
1810 3914 2007 3983 edicit,
2050 3927 2105 3974 et

517 4001 822 4058 secundum
859 4002 967 4055 vim
1004 4015 1160 4056 suam
1214 4017 1337 4072 quae
1384 4016 1550 4074 supra
1590 4003 1950 4063 substantiam
1997 4019 2102 4075 est,

2212 3274 2266 3319 et
2295 3264 2533 3334 primum
2566 3272 2717 3328 sunt,
2758 3270 2813 3316 et
2852 3270 3040 3331 postea
3077 3260 3344 3331 principia
3374 3269 3525 3325 sunt,
3558 3262 3688 3336 etsi
3717 3261 3798 3317 vis

2211 3354 2536 3421 viventium,
2576 3364 2848 3425 quatenus
2879 3352 3092 3419 vivunt,
3124 3350 3456 3422 principium
3491 3350 3677 3407 dicere
3702 3366 3798 3421 per

2211 3463 2272 3503 se
2305 3447 2469 3503 vitam
2501 3464 2517 3501 :
2550 3452 2606 3500 et
2636 3444 2925 3506 similium,
2958 3451 3230 3513 quatenus
3263 3443 3461 3500 similia
3493 3452 3660 3512 sunt,
3700 3458 3795 3513 per

2210 3553 2271 3594 se
2297 3535 2717 3592 similitudinem
2751 3551 2765 3589 :
2795 3546 2851 3591 et
2883 3534 3284 3605 copulatorum,
3316 3545 3589 3607 quatenus
3620 3550 3792 3606 copu-

2209 3630 2318 3685 lata
2348 3636 2513 3696 sunt,
2545 3644 2644 3699 per
2674 3643 2735 3684 se
2763 3627 3167 3700 capulationem
3197 3643 3214 3693 ;
3263 3635 3321 3681 et
3370 3627 3745 3683 ordinatorqu
3772 3667 3791 3694 ,

2209 3729 2483 3792 quatenus
2513 3720 2766 3775 ordinata
2802 3726 2967 3782 sunt,
3019 3730 3115 3785 per
3148 3728 3209 3772 se
3252 3715 3656 3772 ordinationem
3690 3733 3705 3771 :
3735 3724 3792 3771 et

2200 3815 2456 3871 similiter
2488 3815 2544 3869 in
2584 3812 2732 3877 aliis,
2762 3824 3104 3882 quaecunque
3151 3809 3278 3875 hoc,
3334 3819 3430 3865 aut
3474 3810 3611 3867 illud
3638 3851 3653 3876 ,
3687 3798 3813 3866 aut.

2202 3919 2519 3980 utrumque,
2555 3916 2652 3963 aut
2685 3907 2859 3961 multa
2885 3904 3262 3975 participant?
3285 3913 3338 3959 et
3367 3906 3491 3973 hoc,
3514 3913 3610 3960 aut
3635 3904 3786 3969 illud,

2202 4001 2289 4056 vel
2318 4008 2636 4079 utrumque.
2663 4007 2756 4052 aut
2788 3995 2959 4050 multa
3001 4008 3131 4049 sunt
3166 3993 3517 4066 participata,
3555 3997 3788 4065 reperies

2030 4122 2311 4187 Scholia.

585 4246 663 4315 (1)
698 4242 791 4297 Est
820 4241 1173 4318 vere‘e/Tecwr
1192 4242 1821 4318 exsistentiw,_personm,
1853 4247 2101 4305 substan-

517 4309 888 4387 g,‘a§,'n_utt_trw.
921 4309 1053 4378 Quae
1088 4313 1389 4387 exsistunt,
1406 4309 1749 4387 conSi'derari
1783 4309 2014 4386 possunt
2041 4330 2101 4387 ut

515 4383 840 4454 singularia.
871 4392 927 4437 et
946 4394 1024 4454 _ut
1054 4383 1302 4448 species;
1339 4383 1419 4437 vel
1452 4398 1644 4452 genus,
1685 4394 1739 4440 et
1770 4383 1826 4440 ut
1867 4401 2096 4452 natura,

514 4450 667 4512 VPl‘ili
702 4463 898 4522 gratia,
942 4450 1203 4506 Socrates
1232 4461 1317 4506 est
1357 4450 1616 4521 persona,
1650 4454 1812 4510 homo
1866 4450 2092 4521 animal,

516 4525 748 4597 species.
784 4532 837 4576 et
867 4536 1037 4590 genus
1061 4539 1074 4586 ;
1108 4535 1230 4597 quas
1259 4531 1525 4597 potestate
1546 4525 1825 4597 continent
1852 4525 2092 4597 singula-

514 4591 622 4661 ria,
650 4594 776 4662 quia
806 4599 1038 4660 possunt
1064 4591 1288 4658 cogitari
1317 4592 1368 4644 in
1399 4591 1794 4661 singularibus,
1832 4591 2081 4651 humaui-

514 4676 598 4723 tas
627 4674 706 4719 est
738 4671 953 4733 natura,
997 4674 1120 4733 quin
1149 4673 1248 4713 nec
1273 4671 1419 4733 aetu,
1456 4677 1631 4732 neque
1667 4672 1936 4733 potestate
1963 4682 2094 4722 con-

512 4738 654 4791 tinet
695 4731 1041 4801 singularia,_
1072 4728 1259 4801 itaque
1291 4731 1454 4785 homo
1500 4728 1800 4788 secundum
1834 4736 2093 4792 substan-

512 4809 649 4861 tiam
680 4798 895 4859 coustat
928 4814 993 4853 ex
1031 4798 1388 4867 humanitate,
1434 4818 1556 4872 quae
1586 4815 1670 4859 est
1718 4806 1958 4861 hominis
1988 4823 2090 4861 na-

512 4887 659 4940 tura,
690 4872 1054 4943 cujus‘partes
1082 4879 1210 4943 sunt
1239 4885 1435 4940 cci-pus
1477 4882 1531 4927 et
1573 4877 1755 4928 anima
1784 4877 1838 4929 in
1873 4878 2094 4930 univer-

512 4939 967 5015 sali;sccuudu_m
989 4939 1362 4995 exsistent‘tam
1390 4953 1608 4997 constat
1624 4959 1687 4997 ex
1714 4947 1819 4999 hoc
1841 4959 2088 5015 corpore,

511 5026 568 5071 et
599 5008 666 5069 ex
709 5014 809 5066 hac
841 5008 1043 5082 anima,
1092 5019 1281 5063 natura
1333 5015 1566 5079 generis,
1609 5015 1691 5068 vel
1738 5008 1980 5082 speciei,
2037 5008 2091 5072 id

511 5093 617 5145 est,
645 5078 1011 5154 universalis,_
1041 5093 1105 5134 ea
1155 5078 1367 5154 tantum
1406 5088 1529 5154 actu
1576 5078 1845 5148 continet,
1878 5078 2001 5154 quae
2033 5087 2089 5140 in

509 5154 880 5212 deﬁnitionem
913 5151 1117 5203 cadunt
1140 5187 1156 5213 ,
1191 5159 1253 5203 ut
1294 5151 1626 5218 humanitas,
1660 5167 1780 5222 quae
1812 5151 1919 5208 non
1954 5171 2087 5210 con-

510 5228 651 5279 tinet
677 5231 804 5275 actu
832 5234 1028 5274 carnes
1060 5229 1112 5272 et
1142 5234 1268 5273 ossa
1290 5258 1304 5283 ,
1341 5235 1463 5289 quae
1496 5236 1604 5273 non
1643 5226 1843 5277 cadunt
1875 5227 1926 5278 iu
1957 5226 2089 5279 deﬁ-

509 5292 802 5354 nitionem,
837 5291 981 5342 sicut
1011 5289 1265 5360 continet
1288 5290 1485 5355 homo;
1516 5291 1642 5360 quia
1669 5305 1818 5347 notto
1848 5295 2085 5351 hominis

510 5379 622 5419 non
659 5360 928 5416 abstrahit
957 5363 1027 5413 ah
1055 5359 1194 5421 istis,
1224 5357 1367 5413 sicut
1399 5357 1668 5414 abstrahit
1710 5365 1858 5418 notio
1892 5366 2086 5419 huma-

508 5435 736 5498 nitatis;
783 5430 1029 5504 continet
1080 5437 1262 5504 tamen
1301 5432 1564 5504 potentia,
1599 5445 1796 5504 carnes
1829 5442 1883 5487 et
1929 5450 2081 5504 ossa,

509 5505 639 5572 quia
679 5497 1112 5572 potest_cogilari
1149 5497 1459 5572 humanitas
1504 5501 1558 5555 in
1599 5501 1819 5557 homine
1865 5497 2081 5560 univer;

509 5568 634 5635 sali,
667 5568 759 5647 qui
788 5568 1065 5647 deﬁnitur,
1085 5568 1359 5647 principia
1393 5579 1570 5647 autem
1604 5573 1871 5647 individui
1903 5590 2082 5647 neque

510 5645 751 5711 potentia
787 5643 1052 5704 continet,
1082 5642 1423 5696 humanitate
1454 5642 1599 5696 enim
1628 5654 1713 5698 est
1743 5645 1906 5699 homo
1933 5663 1948 5711 ;
1983 5642 2077 5701 sed

509 5729 616 5766 non
647 5724 755 5777 est,
787 5727 965 5782 neque
1002 5713 1226 5781 cogitari
1255 5720 1429 5779 potest
1456 5727 1578 5769 esse
1617 5715 1957 5770 humanitate
1989 5715 2078 5770 hic

509 5781 695 5849 homo,
721 5769 785 5837 ex
810 5769 1099 5837 Sfl‘hom?
1124 5782 1203 5835 Ad
1237 5769 1383 5838 liunc
1413 5784 1631 5837 modum
1664 5790 1726 5838 s'e
1750 5769 1952 5838 habent
1983 5769 2078 5852 per

2211 5783 2388 5852 OCw'h,
2411 5782 2505 5852 atat
2533 5780 2587 5852 Δὴ
2616 5769 2779 5852 ’καθξ
2800 5775 2995 5852 αὕτη.
3016 5771 3145 5852 ζωὴκ
3187 5769 3356 5852 ἢχων
3400 5769 3496 5840 ὅλη
3538 5769 3622 5852 ξφζ

2178 5854 2236 5907 τὸ
2249 5839 2392 5907 ’καθ
2427 5839 2725 5903 αὺτὸέῖναι
2753 5839 3073 5915 ἤγουίὸὶον
3102 5839 3159 5895 ’ξδ
3187 5839 3344 5911 aii/att,
3378 5839 3749 5911 progreditur,

511 5868 568 5907 se
600 5855 965 5925 participatis,
991 5854 1359 5923 participatio,
1394 5862 1447 5906 et
1478 5853 1591 5909 haec
1618 5855 1980 5925 nartiCtpatto,
2011 5866 2074 5943 ut

2207 4247 2362 4304 verbi
2401 4243 2612 4316 gratia,
2663 4255 2762 4316 per
2787 4253 2846 4316 se
2873 4237 3008 4316 vita,
3039 4236 3168 4316 vita,
3201 4244 3256 4290 et
3280 4236 3393 4290 haec
3437 4233 3567 4299 vita,
3600 4250 3696 4316 per
3723 4251 3785 4293 se

2207 4318 2319 4372 vita
2350 4306 2603 4370 naturam
2635 4306 2758 4365 vitae
2787 4308 3081 4379 signiﬁcat,
3114 4306 3167 4361 id
3189 4316 3296 4379 est,
3339 4319 3403 4361 ea
3443 4320 3561 4379 qua:
3585 4308 3788 4379 cadunt

2207 4386 2265 4441 in
2299 4384 2671 4439 deﬁnitionem
2701 4375 2863 4445 vitae;
2910 4380 3043 4440 vita,
3076 4387 3160 4431 est
3206 4375 3512 4446 universale
3557 4377 3781 4446 speciei,

2208 4466 2267 4510 ut
2294 4456 2401 4512 vita
2432 4452 2706 4515 hominis,
2751 4448 2857 4503 vita
2893 4447 3055 4517 equi;
3092 4447 3171 4501 vel
3205 4445 3513 4517 universale
3542 4447 3782 4515 generis,

2205 4538 2263 4580 ut
2296 4526 2401 4579 vita
2430 4521 2632 4591 angeli,
2671 4513 3085 4591 honunisfequi
3111 4535 3123 4580 ;
3154 4525 3208 4570 et
3229 4514 3373 4591 sicut
3398 4513 3659 4591 ’Deus'est
3681 4530 3784 4568 au-

2120 4582 2172 4643 D
2197 4607 2315 4649 ctor
2335 4610 2431 4664 per
2457 4582 2802 4664 se'hoiuinis,
2821 4582 3514 4664 idest,'lt_umauitatis,fest,
3535 4585 3779 4664 inquam,

2195 4655 2385 4729 causa,
2432 4673 2491 4718 ut
2522 4670 2720 4715 natura
2749 4655 2987 4735 hominis
3018 4661 3092 4735 sit
3126 4671 3251 4735 esse
3281 4655 3483 4735 animal
3511 4655 3782 4735 rationale

2196 4724 2515 4805 (haecenitn
2549 4732 2795 4805 continet
2815 4729 3184 4805 humanitas),
3210 4735 3262 4778 et
3283 4734 3475 4805 auctor
3516 4724 3777 4805 hominis,

2193 4799 2246 4858 et
2275 4804 2434 4874 hujus
2472 4801 2748 4874 hominis;
2781 4799 2861 4854 sic
2890 4812 3058 4874 causa
3081 4806 3166 4850 est
3194 4810 3288 4874 per
3318 4806 3378 4853 se
3401 4799 3544 4872 vitae,
3570 4802 3625 4874 et
3653 4799 3778 4847 vita:

2191 4882 2248 4928 et
2277 4868 2441 4943 hu'jus
2478 4873 2599 4926 vitae
2624 4910 2640 4936 ,
2688 4885 2796 4943 per
2826 4883 2886 4923 se
2921 4868 3028 4943 vita
3063 4880 3171 4943 non
3204 4872 3286 4943 est
3318 4868 3534 4943 proprie
3566 4871 3621 4943 et
3648 4877 3776 4917 vere

2192 4959 2290 5007 eus
2325 4932 2653 5007 subsistens,
2688 4932 2971 5013 'uthonto,
3006 4937 3164 5004 lapis,
3197 4934 3337 4989 sicut
3363 4946 3541 5011 neque
3575 4932 3773 5013 huma-

2192 5015 2360 5078 nitas,
2407 5014 2500 5070 sed
2546 5026 2658 5081 quo
2703 5007 2911 5081 aliquid
2955 5018 3077 5071 est;
3113 5014 3171 5058 ut
3203 5017 3300 5074 per
3326 5015 3385 5056 se
3416 5007 3529 5057 vita
3561 5007 3767 5068 vivens,

2190 5085 2330 5139 sicut
2363 5080 2701 5139 humanitate
2730 5080 2943 5150 homo._
3000 5143 3018 5150 Δ
3068 5143 3078 5150 _
3185 5140 3219 5150 _
3322 5104 3329 5111 -
3712 5140 3723 5150 _

2263 5155 2340 5224 (ἓξ
2382 5152 2477 5207 Est
2508 5149 2821 5224 simpliciter
2846 5156 2895 5201 et
2926 5143 3144 5224 inﬁnite
3174 5140 3316 5224 Deus
3348 5149 3517 5196 totum
3548 5155 3661 5193 esse
3706 5140 3768 5219 in_

2187 5240 2243 5278 se
2268 5212 2643 5291 complectens,
2670 5218 2799 5287 quia
2818 5212 3089 5291 erunibus
3112 5212 3219 5291 dat_
3235 5226 3357 5267 esse
3409 5227 3503 5291 per
3534 5225 3656 5265 esse
3686 5212 3769 5262 sui

2186 5283 2656 5363 participationem
2684 5283 2702 5353 ξ
2731 5298 2785 5343 ει
2813 5289 2937 5363 ipse
2959 5294 3045 5340 est
3074 5283 3259 5338 omnia
3299 5283 3601 5363 secundum
3632 5295 3767 5363 cau-

2184 5350 2339 5429 satu;
2374 5350 2430 5418 et
2478 5376 2582 5415 suo
2612 5350 2748 5431 esse
2792 5350 2978 5431 omnia
3008 5369 3131 5431 quin
3187 5363 3339 5418 sunt,
3372 5361 3426 5407 et
3460 5350 3762 5431 quomodo-

2185 5420 2401 5502 cunq'ue
2427 5440 2570 5495 sunt,
2602 5430 2730 5482 facit
2759 5440 2902 5502 esse,
2934 5420 3119 5481 sic—est
3151 5438 3319 5478 causa
3356 5421 3577 5492 pt'Oprie
3604 5420 3766 5472 abso-

2183 5501 2295 5557 luta
2311 5497 2911 5573 'etiincircumscripta.
3004 5562 3018 5573 _
3407 5559 3417 5573 ,
3441 5560 3454 5573 ,
3626 5556 3673 5573 ,κν
3698 5556 3732 5573 ν,

2254 5556 2347 5640 (ὅ)
2373 5572 2476 5625 Per
2508 5586 2562 5629 se
2596 5582 2705 5640 esss
2742 5556 3212 5640 et'secusdumse
3231 5559 3558 5640 esseuidem‘
3594 5556 3764 5640 signi-

2182 5627 2348 5699 ﬁcant
2394 5642 2503 5702 hic,
2540 5627 2614 5709 ιιι
2633 5638 2693 5689 τὸ
2728 5628 3039 5709 αὐτὼ-εἷναι
3064 5673 3079 5696 ,
3286 5630 3406 5709 anuli:
3438 5629 3570 5709 ante
3598 5627 3759 5709 Eiva't,

2181 5698 2275 5767 καὶ
2308 5698 2443 5764 αὐτὸ
2473 5698 2535 5763 ἐὺ
2561 5704 2726 5770 εἶναι,
2770 5703 3019 5765 similiter
3059 5698 3197 5766 αὐὶὴ
3235 5704 3269 5772 ἡ
3302 5702 3437 5770 ζωὴ,
3481 5702 3572 5753 καὶ
3601 5698 3761 5839 Ἔαρ-

2181 5783 2378 5839 cotton,
2411 5782 2505 5833 iul.
2555 5780 2587 5839 ἡ
2642 5775 2764 5830 καθ’
2800 5775 2971 5839 αὐτὴν
3016 5771 3131 5839 ζωὴ
3187 5772 3356 5839 ἤγουν
3400 5771 3496 5839 ὅλη
3538 5769 3613 5833 ξω
3680 5781 3758 5825 ως

3722 5803 3758 5825 L‘
