4048 6426
230 491 338 556 8i"!

913 493 1149 554 DECAS
1191 497 1252 558 V.
1283 520 1348 530 -’
1385 497 1480 557 DE
1514 496 2177 562 PROPRIETATIBUS
2207 502 2438 566 DIVIN.
2474 504 2743 567 NOMIN.

3388 510 3492 572 818

235 617 333 672 pur
380 615 438 656 se
475 599 927 671 participationes
961 606 1196 673 primum
1230 607 1553 676 participare
1581 625 1716 675 esse,
1767 619 1819 665 et
1848 615 1892 672 Α
1925 614 1995 667 tia
2028 629 2132 668 non
2161 631 2325 684 posse
2353 630 2367 670 :
2401 619 2493 685 qui
2525 619 2998 686 pragdcstinationc
3031 619 3360 689 cognitionis
3383 638 3494 677 sum

232 694 312 747 sic
354 691 588 760 primum
626 706 747 746 csse
787 692 929 760 quod
963 704 1130 756 sunt,
1165 695 1365 751 deinde
1401 698 1581 764 hujus,
1614 709 1708 754 aut
1748 701 1811 753 il-

234 785 340 837 lius
378 783 646 852 principia
680 799 837 837 esse:
867 789 921 836 et
951 786 1327 854 participando
1357 803 1499 853 esse,
1526 793 1812 856 exsistere,

232 886 286 930 et
319 873 658 943 participari.
683 872 738 927 Si
765 874 879 928 haec
908 884 1114 941 autem,
1145 893 1265 946 qua:
1291 880 1520 935 aliorum
1550 884 1815 952 principia

234 979 612 1033 numerantur,
649 984 746 1040 per
777 971 1248 1040 participatiooem
1287 989 1408 1029 esse
1435 986 1604 1038 sunt,
1644 979 1815 1033 multo

236 1061 405 1132 magis
429 1077 548 1132 qua:
592 1061 710 1131 ipsn
757 1060 844 1114 illa
881 1064 1148 1134 principia
1182 1067 1535 1137 participant.
1573 1067 1813 1124 Primum

235 1152 399 1220 igitur
429 1153 632 1207 donum
685 1167 781 1221 per
836 1169 894 1207 se
945 1169 1089 1218 esse,
1117 1171 1238 1210 cum
1271 1174 1364 1225 per
1403 1176 1460 1214 se
1502 1161 1590 1214 illa
1625 1177 1818 1230 supra-

233 1260 394 1311 quam
443 1243 659 1299 bonitas
708 1243 1004 1314 producat,
1051 1249 1246 1304 merito
1287 1251 1354 1304 ab
1405 1253 1716 1322 antiquiore
1762 1262 1816 1308 et

234 1336 406 1405 prima
441 1336 683 1390 omnium
723 1335 1200 1407 participationum
1239 1343 1512 1400 laudatur.
1553 1345 1618 1399 Et
1655 1348 1816 1415 paulo

239 1435 358 1488 post
391 1444 405 1480 :
451 1427 507 1481 Si
551 1439 734 1482 autem
771 1429 884 1482 vult
909 1428 1166 1486 Clemens
1204 1433 1568 1504 pltilosopbus
1600 1437 1666 1492 ad
1718 1440 1819 1493 ali-

241 1518 369 1587 quid
402 1519 507 1573 dici
540 1522 872 1590 exemplaria
905 1536 1025 1589 qum
1057 1533 1185 1578 sunt
1235 1525 1288 1578 in
1333 1527 1496 1583 rebus
1539 1531 1814 1600 principa-

243 1611 403 1685 liora,
432 1613 776 1682 progreditur
796 1613 1008 1684 quidem
1042 1631 1166 1670 cum
1197 1618 1276 1672 sic
1307 1619 1567 1689 loquitur,
1589 1639 1696 1677 non
1723 1641 1815 1694 per

243 1701 461 1770 propria
493 1713 547 1756 et
579 1703 813 1773 perfecta
846 1713 900 1759 et
935 1707 1204 1775 simplicia
1237 1713 1458 1766 nomina
1491 1715 1568 1784 (l)
1601 1730 1614 1766 :
1647 1717 1740 1770 sed
1769 1717 1814 1772 si

242 1792 604 1848 concedamus
666 1804 808 1850 recte
869 1797 973 1852 hoc
1025 1797 1174 1866 dici,
1230 1810 1445 1870 oportet
1500 1807 1816 1862 meminisse

242 1881 556 1952 Scriptum,
591 1900 708 1951 quae
740 1887 814 1940 ait
850 1906 864 1942 :
907 1887 1023 1941 Non
1051 1890 1254 1943 ostendi
1287 1891 1382 1946 illa
1415 1894 1510 1947 tibi
1529 1893 1700 1966 (2),:1!
1726 1915 1814 1951 ea:

238 1985 353 2042 post
394 1976 486 2029 illa
518 1976 599 2042 “;

239 2065 432 2131 borum
468 2067 535 2122 ad
566 2072 1002 2138 cognoscendam
1049 2075 1296 2130 omnium
1341 2092 1593 2140 causam,
1633 2081 1812 2149 quoad

240 2175 552 2227 possumus,
582 2163 940 2219 adducantur.
971 2164 1095 2221 Haec
1119 2167 1391 2225 adnotans
1425 2170 1485 2226 S.
1524 2171 1814 2239 Maximus,

241 2253 358 2308 Hoc
391 2270 610 2316 nomen,
638 2256 837 2325 inquit,
869 2259 1127 2328 imposuit
1154 2261 1255 2314 sibi
1281 2262 1444 2326 Deus,
1478 2278 1601 2318 cum
1629 2265 1763 2320 dixit
1799 2285 1813 2322 :

242 2341 356 2413 Ego
386 2364 521 2404 sum.
554 2350 643 2417 qui
677 2367 793 2404 sum
836 2352 928 2417 δ”,
952 2368 981 2406 a
1016 2367 1123 2422 quo
1164 2365 1534 2411 consentanee
1559 2357 1813 2414 laudatur

239 2447 366 2492 ante
404 2440 506 2494 alia
535 2456 656 2509 quae
689 2444 755 2498 de
785 2443 903 2511 ipso
933 2445 1213 2512 dicuntur,
1242 2449 1424 2516 qualia
1457 2461 1581 2506 sunt
1612 2467 1810 2506 nomen

240 2533 386 2594 vitae,
413 2533 710 2602 sapientiae,
735 2544 787 2592 et
815 2537 922 2592 alia
952 2538 1243 2607 ejusmodi,
1269 2541 1399 2596 illud
1431 2553 1638 2610 autem,
1659 2545 1812 2614 prius

244 2636 386 2687 esse,
417 2632 470 2676 ct
508 2641 668 2694 supra
703 2643 826 2683 esse
857 2629 1155 2704 declaravit
1207 2646 1328 2687 esse
1360 2632 1568 2698 Deum,
1620 2649 1812 2688 carere

244 2712 507 2784 principio
530 2754 546 2782 ,
579 2727 631 2771 et
657 2719 823 2798 Deum.
847 2722 1063 2790 penitus
1087 2724 1476 2792 comprehendi
1510 2724 1814 2793 intelligun-

258 2857 261 2860 '
311 2855 357 2887 δ’
384 2854 553 2914 Exod.
580 2873 704 2922 xxv,
730 2860 820 2915 40.
895 2861 964 2892 δ”
984 2861 1152 2916 Exod.
1187 2876 1268 2928 ttt,
1305 2862 1392 2915 Η.

1922 705 2218 763 ineﬂabilis
2257 710 2439 763 omnia
2474 711 2526 764 in
2561 725 2620 765 se
2656 711 2769 780 ipse
2800 712 3118 780 complexus
3149 720 3262 777 est,
3295 723 3345 768 et
3375 728 3498 769 om-

1921 797 2007 848 nia
2040 797 2093 850 in
2126 812 2186 852 se
2214 813 2276 852 ex
2311 807 2421 854 toto
2450 797 2570 854 esse
2604 812 2862 870 tanquam
2895 803 2948 856 in
2978 803 3271 870 exemplari
3297 810 3349 859 et
3375 805 3496 859 idca

1922 884 2082 948 fecit,
2123 886 2226 941 ltoc
2270 888 2413 942 enim
2448 889 2632 943 statim
2669 891 2840 960 prima
2887 893 3108 946 notione
3147 908 3304 948 mens
3341 895 3495 956 cogi-

1921 986 2019 1040 tat,
2061 992 2184 1032 esse
2229 978 2450 1047 inquam
2479 1018 2494 1040 .
2550 990 2735 1048 postea
2790 970 2912 1045 hoc,
2949 993 3042 1036 aut
3095 983 3209 1046 illo,
3245 993 3338 1037 aut
3388 985 3497 1037 alio

1923 1069 2085 1124 uodo
2111 1085 2230 1124 esse
2260 1072 2686 1141 contemplatur.
2719 1071 2849 1129 Esse
2883 1075 3045 1144 igitur
3074 1075 3418 1144 simpliciter,
3445 1090 3498 1129 ct

1921 1176 2025 1213 non
2054 1161 2236 1229 aliquo
2267 1162 2430 1216 modo
2457 1178 2595 1228 esse,
2631 1162 2924 1219 declaravit
2951 1181 3071 1220 cum
3102 1167 3263 1233 dixit,
3304 1183 3401 1236 per
3436 1183 3495 1222 se

1919 1268 2060 1316 esse,
2095 1255 2237 1307 sicut
2281 1253 2537 1324 deinceps
2573 1255 2711 1311 dixit
2762 1272 2858 1326 per
2896 1273 2954 1312 se
2989 1259 3310 1328 vitattt,'per
3335 1275 3394 1315 se
3426 1263 3500 1316 si-

1922 1347 2283 1401 militudinem
2309 1387 2322 1409 ,
2370 1357 2419 1402 et
2475 1349 2577 1401 alia
2608 1349 2898 1416 ejusmodi,
2934 1365 3058 1406 esse
3087 1351 3230 1405 enim
3266 1366 3498 1420 prorsus

1922 1439 2086 1492 vitam
2121 1439 2218 1508 (3),
2253 1451 2304 1491 et
2349 1439 2677 1508 simpliciter
2709 1443 2889 1495 vivere
2917 1457 3022 1496 non
3057 1442 3328 1513 signiﬁcat
3357 1446 3498 1498 hanc

1923 1531 2082 1586 talem
2118 1533 2324 1596 vitam;
2379 1541 2431 1586 et
2485 1532 2737 1587 similiter
2771 1532 2822 1585 in
2875 1533 3041 1588 aliis:
3081 1535 3223 1589 sicut
3270 1536 3496 1594 exempli

1921 1625 2092 1694 gratia
2135 1623 2212 1694 (4)
2247 1625 2300 1678 in
2335 1627 2714 1696 qualitatibus,
2757 1627 2907 1694 prius
2960 1641 3055 1696 per
3105 1642 3163 1681 se
3212 1627 3502 1695 qualitates

1923 1716 2130 1779 insunt,
2161 1727 2347 1785 postea
2381 1717 2691 1778 accidentes
2725 1725 3022 1785 operantur
3043 1755 3061 1781 ,
3109 1717 3176 1771 ad
3211 1717 3354 1771 hunc
3387 1735 3506 1771 mo-

1919 1806 2048 1861 dum
2081 1808 2434 1877 proportione
2460 1809 2513 1863 in
2546 1809 2615 1864 iis
2645 1823 2767 1879 qua!
2791 1808 3052 1873 diximus,
3087 1809 3499 1878 intelligendum

1921 1907 2022 1953 est.
2047 1899 2182 1953 Item
2214 1899 2345 1954 dicit
2368 1900 2421 1953 in
2455 1899 2634 1970 primo
2661 1914 2787 1970 cap.
2819 1899 2960 1952 idem
2991 1899 3258 1954 Maximus
3290 1915 3304 1953 :
3333 1898 3499 1954 Crea-

586 1994 600 2044 ;
659 1977 751 2032 sed
796 1987 853 2031 ttt
901 1995 995 2048 per
1032 1983 1438 2052 proportionem
1485 1989 1815 2058 ceguitionis
1849 1961 1887 2015 Β
1919 1993 2121 2045 tionem
2165 1992 2307 2057 vitae,
2341 2000 2395 2046 et
2432 1992 2764 2046 creationem
2798 1991 3154 2056 substantia,
3195 1991 3244 2046 id
3274 2002 3378 2052 est,
3413 2008 3502 2046 res

1921 2085 2064 2152 ipsas
2096 2082 2224 2137 fecit
2250 2083 2393 2138 Deus
2425 2083 2708 2138 exsistere.
2743 2081 2986 2136 Primum
3027 2083 3190 2153 igitur
3219 2084 3498 2138 notionem

1918 2177 1993 2230 rei
2037 2176 2207 2246 ipsius
2242 2177 2410 2232 menti
2462 2175 2830 2231 informamus
2861 2193 2874 2240 ;
2906 2184 3096 2246 postea
3127 2175 3493 2230 uttiversalctn

1915 2268 2034 2334 ejus
2052 2267 2129 2322 rei
2148 2267 2448 2331 notionem,
2491 2274 2550 2320 ut
2582 2267 2856 2320 notionem
2883 2265 3007 2319 vitae
3055 2265 3137 2317 vel
3175 2265 3501 2320 substantiae

1919 2354 2174 2410 universe
2197 2355 2620 2419 consideratam,
2641 2355 2831 2408 deinde
2865 2355 2915 2409 id
2945 2364 3116 2423 parte,
3135 2355 3184 2409 id
3205 2364 3307 2414 est.
3335 2356 3504 2410 notio.

1923 2463 2043 2502 nent
2068 2447 2369 2502 secundum
2397 2447 2642 2517 singulas
2663 2447 2874 2515 species
2900 2447 3230 2514 accepimus,
3255 2456 3314 2501 ut
3341 2447 3459 2501 vitae
3481 2463 3499 2515 ;

1920 2540 2004 2594 vel
2032 2539 2350 2593 substantiae
2379 2538 2638 2609 angelicae
2665 2579 2679 2602 ,
2707 2537 2790 2592 vel
2841 2537 3114 2600 humanae,
3146 2546 3238 2592 aut
3265 2539 3502 2607 reliquo-

1919 2647 2039 2684 rum
2066 2629 2118 2683 in
2147 2629 2400 2685 universa
2431 2629 2632 2699 specie.
2659 2628 2926 2684 Praeterea
2953 2629 3096 2682 idem
3124 2643 3186 2683 ca
3204 2644 3256 2697 p.
3281 2630 3500 2698 quinto,

1918 2722 2364 2792 participationes
2394 2721 2544 2788 dicit,
2570 2735 2704 2790 quas
2731 2736 2793 2777 ea
2826 2736 2947 2790 quae
2973 2731 3124 2790 sunt,
3153 2723 3498 2792 participant,

1741 2956 2009 3020 Schoba.

319 3060 396 3128 (Ι)
443 3059 562 3115 Non
599 3077 681 3130 pet
720 3065 934 3131 propria
967 3073 1014 3118 et
1043 3063 1274 3132 perfecta
1323 3070 1373 3114 et
1415 3061 1683 3130 simplicia
1714 3077 1810 3115 no—

247 3133 412 3183 mina.
445 3131 497 3201 id
530 3141 633 3189 est.
662 3147 756 3200 per
789 3133 846 3185 Se
885 3150 1028 3194 esse,
1059 3143 1110 3187 et
1138 3131 1232 3197 per
1267 3147 1325 3186 se
1356 3134 1497 3193 vita;
1534 3140 1587 3183 et
1619 3147 1713 3201 per
1752 3146 1812 3185 se

248 3200 538 3268 sapivntia,
577 3210 631 3255 et
666 3201 863 3256 similia
898 3219 1018 3267 quae
1048 3210 1176 3257 sunt
1219 3201 1484 3269 principia
1531 3208 1582 3254 et
1623 3200 1811 3255 causa:

245 3285 438 3327 eorum
489 3286 611 3338 qua:
661 3281 806 3330 sunt.
862 3289 982 3340 quae
1013 3273 1224 3335 vivunt,
1275 3281 1329 3325 et
1383 3287 1506 3340 quae
1545 3271 1809 3338 sapientia

247 3340 473 3410 przedita
506 3350 652 3406 sunt,
680 3357 786 3393 non
811 3352 1038 3407 possunt
1065 3343 1168 3396 dici
1203 3341 1419 3410 proprie
1444 3341 1808 3410 exemplaria;

245 3409 374 3479 quia
431 3427 684 3477 quorum.
725 3411 826 3464 ista
884 3421 1008 3463 sunt
1069 3411 1362 3479 principia,
1415 3425 1522 3463 non
1572 3409 1709 3463 iittnt
1757 3420 1813 3462 ttt

245 3483 531 3534 imitentur
564 3482 652 3534 illa
679 3481 794 3546 ipsa
827 3483 1112 3550 principia,
1140 3481 1233 3536 sed
1263 3482 1394 3536 liuttt
1428 3489 1490 3534 ut
1521 3480 1812 3546 impleatur

247 3553 302 3604 in
361 3552 441 3604 eis
493 3552 640 3618 quod
695 3551 874 3606 divina
942 3552 1218 3620 Sapientia
1269 3551 1565 3611 ordinavit,
1605 3551 1656 3604 id
1704 3558 1811 3610 est,

250 3622 390 3685 quod
420 3631 536 3675 erat
573 3625 627 3676 itt
680 3621 798 3674 idea
832 3631 886 3676 et
922 3622 1218 3689 exemplari
1267 3622 1476 3682 divino,
1529 3635 1636 3674 non
1686 3627 1813 3674 sunt

252 3691 414 3742 etiam
448 3691 682 3756 perlecta
720 3693 1072 3760 exemplaria,
1115 3707 1239 3744 cum
1295 3690 1411 3757 ipsa
1449 3691 1574 3745 aliis
1622 3705 1813 3760 exemf

257 3761 495 3822 pluribus
527 3761 821 3829 indigeant,
868 3757 977 3814 non
1005 3769 1133 3816 sttut
1165 3761 1462 3828 simplicia,
1495 3760 1622 3829 quia
1650 3757 1812 3814 simul

255 3840 381 3882 sunt
429 3831 706 3894 exemplar
749 3834 812 3884 ad
863 3831 1096 3884 formata
1153 3832 1295 3898 (quae
1322 3831 1483 3894 vulgo
1545 3839 1812 3882 vocantur

253 3900 583 3965 exempla'a)
619 3909 670 3952 et
706 3901 1060 3966 exemplaria,
1089 3916 1152 3955 ex
1188 3911 1377 3954 sancto
1401 3898 1633 3954 Thoma.

325 3967 401 4036 (2)
449 3967 569 4021 Non
623 3971 820 4023 ostendi
875 3969 972 4026 illa
1035 3973 1152 4025 tibi.
1207 3969 1408 4023 Locum
1475 3968 1646 4022 Exod.
1708 3983 1813 4021 xxv

251 4041 383 4112 citat
422 4040 708 4112 Dionysius
755 4041 813 4093 οὐ
863 4042 1005 4095 κατὰ
1033 4043 1092 4094 τὸ
1145 4039 1504 4112 ῥητὸνηαλλὰ
1534 4039 1674 4112 ararat
1714 4037 1813 4107 τὴν

251 4109 513 4173 διάνοιαν,
556 4109 606 4164 id
640 4118 741 4176 est,
776 4127 881 4164 non
917 4107 1216 4166 secundum
1252 4111 1435 4172 verba,
1475 4107 1568 4163 sed
1618 4125 1812 4164 secun-

252 4182 379 4234 dum
434 4195 679 4250 sensum,
733 4181 814 4235 sic
870 4181 1154 4248 apostolici
1213 4181 1462 4250 discipuli
1527 4195 1554 4232 a
1613 4178 1813 4234 sanctis

251 4249 513 4317 apostolis
565 4249 872 4305 didicerunt
903 4252 1071 4306 citare
1113 4249 1408 4318 aliquando
1447 4251 1810 4319 Scripturatn,

251 4321 394 4373 sicut
443 4319 542 4388 ipsi
605 4321 776 4373 sancti
831 4323 1060 4390 apostoli
1121 4321 1395 4375 interdum
1435 4321 1676 4381 faciunt,
1737 4320 1814 4373 sic

248 4390 396 4445 enim
452 4389 530 4460 ait
585 4389 922 4457 Scriptura:
976 4391 1208 4460 Inspice,
1255 4400 1312 4444 et
1367 4391 1452 4444 fac
1512 4391 1810 4445 secundum

252 4459 546 4523 exemplar,
600 4460 745 4527 quod
808 4461 904 4514 tibi
964 4459 1325 4514 monstratum
1383 4468 1467 4513 est.
1527 4463 1578 4513 itt
1631 4469 1814 4513 monte

255 4529 452 4596 (Exod.
489 4545 618 4588 xxv.
649 4529 766 4596 40).
814 4528 949 4583 Cum
984 4531 1080 4591 ait,
1113 4531 1341 4599 inspice,
1385 4538 1437 4583 et
1487 4529 1570 4583 fac
1615 4545 1814 4599 secun-

256 4601 380 4653 dum
432 4599 710 4667 exemplar

259 4683 420 4720 unum
479 4668 792 4735 exemplar,
844 4669 939 4723 sed
993 4669 1198 4737 multa)
1259 4670 1352 4724 tibi
1413 4680 1693 4723 ostensum
1758 4669 1809 4722 in

259 4748 474 4796 monte.
525 4740 658 4793 satis
705 4738 850 4791 clare
899 4738 1049 4799 dicit,
1097 4741 1308 4793 ostendi
1360 4739 1658 4805 exemplar,
1695 4739 1812 4793 sive

256 4808 583 4876 exemplaria
619 4824 724 4861 non
760 4807 825 4860 ad
858 4809 1142 4862 colendum
1192 4809 1278 4862 illa
1329 4807 1455 4876 (hoc
1486 4810 1631 4873 enim
1670 4817 1809 4870 erat,

253 4877 334 4931 ire
363 4887 478 4943 post
520 4893 602 4941 ca,
637 4879 818 4932 colere
851 4879 958 4943 illa,
980 4889 1031 4931 et
1064 4880 1263 4932 habere
1295 4893 1358 4932 ea
1389 4894 1486 4947 pro
1532 4877 1684 4947 diis),
1719 4879 1812 4932 sed

254 4951 464 4999 ostendi
500 4949 828 5015 exemplaria
865 4948 930 5002 ad
981 4947 1290 5002 faciendum
1349 4949 1644 5002 secundum
1703 4949 1811 5009 illa,

255 5033 377 5084 qum
414 5017 651 5070 facienda
687 5029 814 5072 sunt
848 5019 900 5072 itt
936 5019 1290 5072 tabernaculo
1316 5027 1366 5072 et
1403 5020 1546 5072 vasis
1578 5017 1713 5085 cjtts,
1761 5031 1816 5072 et

255 5085 310 5138 iu
337 5088 707 5140 sacerdotibus
739 5100 791 5142 et
818 5102 1008 5140 eorum
1042 5086 1348 5151 sacrificiis,
1381 5098 1432 5141 et
1463 5089 1514 5140 in
1549 5089 1690 5152 aliis,
1731 5087 1814 5141 lex

250 5156 398 5209 cnim
432 5155 678 5210 umbram
710 5159 937 5212 babebat
962 5158 1268 5212 futurorum
1297 5159 1590 5218 bonorum,
1611 5159 1818 5212 scilicet

255 5226 646 5292 spiritualium,
687 5244 808 5295 qua:
851 5228 1066 5296 quidem
1103 5237 1325 5282 ostensa
1377 5236 1506 5282 sunt
1554 5227 1725 5296 Moysi
1763 5228 1815 5280 itt

253 5297 470 5368 Spiritu,
506 5312 738 5368 quorum
774 5299 1165 5364 exemplarium
1202 5298 1464 5368 imagines
1506 5307 1661 5368 erant
1688 5307 1819 5350 om-

255 5364 344 5436 nia
390 5382 512 5434 qua:
549 5367 603 5419 in
637 5367 751 5434 lege
781 5368 1000 5434 liebant,
1044 5369 1187 5421 sicut
1233 5364 1484 5421 ait'idetn
1523 5366 1816 5436 Dionysius

253 5434 311 5505 in
351 5444 592 5488 extrema
627 5439 817 5504 pagina
849 5451 968 5505 cap.
999 5441 1030 5492 4
1083 5437 1284 5490 Eccles.
1317 5436 1460 5491 Hier.
1495 5436 1629 5502 Quia
1656 5434 1819 5504 igitur

252 5504 1157 5574 (ὶΙρηιεηενίνὶάρὺιιΓτὰίνοητὰ,
1226 5510 1274 5560 id
1333 5517 1452 5571 est,
1509 5505 1817 5574 spiritualia

252 5583 473 5628 ostensa
514 5573 683 5644 Moysi
715 5577 894 5629 vocari
933 5577 984 5629 in
1029 5576 1310 5638 Scriptura
1352 5573 1789 5644 Exodi‘mpaoai

253 5659 465 5716 ςγματᾳ,
501 5661 621 5714 qua:
661 5655 788 5716 sunt
834 5646 898 5698 ad
952 5648 1178 5715 aliquul,
1227 5651 1354 5716 quia
1395 5648 1704 5700 referuntur
1752 5647 1819 5700 ad

251 5713 856 5787 itnagines_(exemplar
886 5713 1274 5787 enim‘dicitu—r
1300 5718 1571 5787 imaginis,
1599 5725 1652 5769 et
1678 5717 1818 5770 iuta-

251 5785 711 5850 goexemplaris),
734 5785 984 5838 similiter
1005 5787 1255 5842 Clemens
1281 5802 1401 5855 qua:
1421 5785 1552 5842 sunt
1579 5789 1630 5838 itt
1661 5788 1820 5840 rebus

254 5855 687 5922 prtttcipialiora,
725 5857 1056 5920 exemplaria
1089 5857 1192 5908 diri
1241 5857 1432 5922 voluit,
1462 5873 1580 5921 qum.
1625 5856 1689 5910 ad
1723 5857 1819 5909 ali-

253 5926 383 5987 quid
453 5926 785 5986 referuntur,
841 5927 905 5978 ad
965 5927 1050 5978 illa
1106 5928 1333 5993 scilicet,
1390 5942 1621 5996 quorum
1695 5940 1820 5980 sunt

1922 3062 2212 3132 principia.
2240 3071 2296 3114 ttt
2327 3075 2504 3132 causa:
2528 3061 2593 3116 ad
2620 3060 2838 3122 eii'ecta,
2865 3070 2917 3116 et
2951 3061 3138 3116 eﬂ‘ecta
3177 3064 3244 3117 ad
3274 3078 3492 3127 causas,

1921 3130 1965 3188 si
2003 3135 2083 3188 sic
2108 3130 2321 3193 accepit
2349 3130 2620 3195 Clemens,
2651 3139 2710 3185 ttt
2745 3132 2902 3198 plane
2942 3132 3219 3198 accepisse
3246 3135 3492 3194 videtur,

1919 3215 2064 3258 recte
2093 3203 2335 3270 accepit;
2369 3210 2423 3256 et
2463 3202 2542 3256 sic
2572 3202 2736 3255 etiam
2770 3201 2874 3255 ista
2909 3201 3342 3272 principialiora,
3373 3220 3496 3272 qme

1918 3273 2251 3339 exemplaria
2282 3280 2457 3333 vocat,
2490 3280 2670 3326 creata
2707 3280 2853 3331 sunt,
2880 3271 3024 3326 sicut
3057 3270 3149 3326 illa
3183 3270 3495 3339 spiritualia

1915 3343 2244 3409 exemplaria
2296 3349 2514 3412 ostensa
2549 3339 2823 3412 Moysiniu
2860 3351 3067 3407 monte,
3118 3357 3229 3396 non
3273 3344 3496 3412 quidem

1915 3422 2176 3480 tauquam
2213 3411 2544 3478 exemplaria
2581 3410 2670 3480 illa
2707 3410 2913 3473 divina,
2943 3413 3075 3480 quar'
3102 3421 3231 3466 sunt
3259 3410 3497 3469 increata

1913 3491 1968 3536 et
1997 3490 2224 3544 a-terna,
2273 3480 2564 3551 invisibilia
2601 3479 2715 3544 Dei,
2771 3489 2821 3533 et
2859 3479 3164 3542 adoranda,
3213 3498 3337 3551 quae
3371 3493 3499 3538 sunt

1915 3551 2032 3618 ipse
2061 3551 2202 3606 Deus
2239 3550 2704 3620 simplicissimus,
2735 3551 2835 3620 sed
2856 3559 3129 3620 tanquam
3158 3550 3494 3620 exemplaria

1915 3627 2100 3675 creata
2153 3629 2208 3674 et
2262 3621 2549 3692 informata
2611 3620 2779 3673 menti
2823 3619 3373 3692 Moysisgdivinitu’s,
3439 3632 3499 3677 ut

1914 3691 2216 3746 secundum
2261 3705 2324 3744 ea
2360 3689 2584 3755 laceret,
2641 3704 2763 3760 qua}
2814 3689 3000 3760 facere
3041 3690 3181 3757 Dens
3215 3693 3263 3745 ei
3303 3693 3498 3760 prteci-

1914 3761 2118 3831 piebat,
2159 3775 2291 3831 quze
2314 3767 2470 3814 erant
2499 3759 2697 3831 omnia
2745 3759 3009 3828 imagines
3033 3762 3282 3831 tenuiter
3305 3759 3363 3816 et
3398 3763 3495 3816 ob-

1916 3828 2075 3885 scure
2109 3829 2448 3884 adumbrata:
2497 3828 2714 3882 illorum
2745 3829 3166 3896 exemplarium.
3207 3831 3306 3884 Alii
3351 3833 3496 3886 hunc

1915 3900 2094 3954 locum
2136 3916 2164 3953 a
2196 3899 2456 3965 Dionysio
2484 3899 2708 3952 citatum
2752 3913 2815 3951 ex
2855 3897 3016 3953 Deut.
3070 3914 3190 3965 cap.
3234 3916 3306 3965 tv,
3337 3917 3493 3954 sum-

1916 3981 2066 4039 ptutn
2122 3985 2241 4024 esse
2297 3969 2738 4039 adnotaverunt;
2805 3969 2895 4022 sed
2935 3969 3078 4022 nulla
3113 3970 3324 4024 ratione
3353 3987 3498 4038 qua-

1915 4038 2059 4094 drat.
2089 4041 2204 4110 Ego,
2227 4039 2514 4110 Georgium
2550 4038 2945 4110 Bacbymerunt
2979 4047 3201 4094 secutus
3229 4055 3372 4105 sum,
3400 4042 3492 4108 qui

1916 4111 1980 4164 ad
2014 4108 2163 4164 illum
2193 4109 2373 4164 locum
2414 4108 2589 4162 Exodi
2637 4124 2742 4161 xxv
2767 4108 2973 4173 retulit,
3007 4124 3164 4177 quem
3217 4111 3326 4163 dixi
3361 4112 3496 4164 cita-

1916 4191 2030 4235 tum
2060 4195 2183 4236 esse
2215 4194 2245 4233 a
2279 4177 2535 4249 Dionysio
2571 4178 2872 4249 secundum
2911 4194 3159 4249 sensum,
3196 4181 3338 4235 sicut
3385 4183 3488 4235 alio

1916 4251 2135 4319 quando
2163 4250 2342 4305 solent
2385 4248 2725 4319 apostoli,et
2771 4251 2946 4302 sancti
2981 4248 3190 4314 Patres,
3239 4251 3492 4306 similiter

1915 4318 2103 4374 citavit
2156 4322 2318 4375 etiam
2380 4318 2576 4388 ibidem
2637 4318 2928 4388 Dionysius
2992 4319 3169 4373 locum
3225 4322 3387 4388 epist.
3423 4321 3491 4376 ad

1921 4389 2076 4444 Rom.
2115 4406 2234 4458 cap.
2271 4404 2287 4441 l
2328 4406 2342 4442 :
2379 4387 2678 4444 lnvisibilia
2715 4387 2885 4455 ipsius
2929 4403 2956 4441 a
3007 4387 3267 4442 creatura
3305 4393 3491 4445 mundi

1921 4473 2014 4527 per
2057 4475 2118 4514 ea
2148 4457 2269 4528 quze
2319 4457 2464 4513 facta
2522 4469 2669 4523 sunt,
2723 4457 2995 4512 intellecta
3030 4460 3488 4527 conspiciuntur;

1919 4530 2130 4595 citavit,
2163 4531 2404 4598 inquam,
2456 4529 2603 4598 ltuuc
2648 4529 2824 4581 locum
2880 4528 3180 4581 secundum
3239 4545 3485 4589 sensum.

767 4599 906 4668 (sive
957 4597 1306 4664 exemplarta,
1360 4615 1468 4654 non
1525 4601 1671 4653 enim
1713 4598 1812 4652 fuit
1846 4601 1890 4656 Ι)
1920 4602 2010 4667 qui
2043 4609 2148 4665 est,
2178 4597 2249 4653 ut’
2275 4599 2352 4652 ait
2383 4597 2697 4668 Dionysius,
2716 4611 2820 4668 per
2855 4599 3258 4668 proportionem
3303 4601 3491 4667 cogni-

1919 4671 2082 4724 tionis
2121 4678 2497 4722 creaturarum
2530 4667 2729 4721 adduci
2776 4681 2894 4732 nos,
2937 4667 3116 4733 quoad
3175 4683 3488 4734 possumus,

1917 4741 1982 4792 ad
2040 4735 2476 4808 cognoscendum
2525 4735 3075 4808 causamomnium.
3129 4735 3313 4808 Itaque
3365 4752 3490 4792 cum

1917 4810 2050 4861 dixit
2081 4805 2432 4862 :‘luvisibilia
2454 4807 2628 4872 ipsine
2663 4806 2745 4876 (ut
2778 4806 2880 4876 hoc
2912 4805 3089 4876 obiter
3117 4807 3488 4873 observetur),

1919 4879 2135 4932 videtur
2194 4877 2354 4946 plane
2424 4876 2623 4930 Paulus
2674 4875 3035 4929 intellexisse
3103 4877 3192 4929 illa
3263 4877 3318 4931 in
3385 4879 3492 4932 Deo

1918 4949 2248 5016 exemplaria
2297 4955 2520 5010 :eterna,
2552 4962 2672 5014 qua:
2703 4946 2837 4998 idea:
2871 4957 3152 5010 vocantur,
3187 4949 3491 5003 secundum

1919 5034 2057 5087 quas
2088 5019 2270 5072 omnia
2319 5031 2413 5084 per
2467 5018 2760 5069 essentiam
2803 5029 2958 5069 suam
3033 5016 3495 5085 sintplicissimam

1920 5090 2222 5157 cognoscit,
2255 5098 2308 5141 et
2343 5087 2470 5140 fecit
2511 5087 2695 5140 omnia
2733 5095 2990 5154 tanquam
3031 5101 3127 5155 per
3160 5088 3489 5155 principium

1919 5168 1973 5212 ct
2026 5173 2247 5212 causam
2305 5160 2574 5221 omnium,
2627 5168 2680 5211 et
2742 5164 2824 5209 est
2875 5157 3098 5222 omnia,
3156 5167 3214 5212 ut
3247 5161 3494 5213 omnium

1920 5243 2105 5282 causa.

1941 5293 1944 5296 ’
1993 5298 2071 5368 (5)
2122 5296 2319 5350 Vitam.
2353 5295 2528 5350 Vitam
2559 5297 2710 5364 dicit,
2739 5311 2861 5368 cum
2891 5297 2996 5348 vita
3028 5296 3279 5368 absolute
3307 5300 3492 5355 consi-

1922 5366 2180 5433 deratur;
2227 5368 2299 5421 ita
2355 5377 2413 5421 ut
2466 5375 2579 5420 tota
2635 5366 2999 5421 consideratio
3060 5367 3133 5422 sit
3186 5370 3326 5433 vitae,
3389 5385 3496 5424 non

1921 5447 2191 5508 quatenus
2243 5447 2327 5492 est
2354 5437 2622 5501 omnium,
2675 5437 3257 5508 aut_particu|arium,
3293 5441 3342 5492 id
3381 5449 3486 5505 est,

1924 5502 2030 5561 non
2088 5508 2468 5562 consideratur
2514 5502 2885 5576 (generaliter,
2952 5516 3132 5575 neque
3197 5502 3495 5576 particulan

1925 5579 2093 5643 riter;
2154 5580 2248 5632 sed
2290 5575 2611 5644 simpliciter
2666 5576 2796 5645 vita,
2850 5589 2974 5642 qua:
3028 5575 3227 5628 dicitur
3286 5593 3379 5646 per
3435 5593 3495 5632 se

1927 5649 2054 5702 tim.

1995 5717 2072 5785 (4)
2126 5715 2279 5771 Verbi
2314 5717 2511 5787 gratia.
2555 5715 2673 5785 Ipsa
2724 5731 2821 5783 per
2855 5713 3256 5781 se-corporalis
3291 5716 3494 5772 albedo

1925 5787 2220 5841 adveniens
2252 5788 2466 5855 corpori
2501 5787 2679 5854 alunt.»
2717 5788 2845 5855 facit
2874 5798 3096 5853 corpus,
3125 5794 3178 5838 et
3209 5799 3496 5854 postquam

1925 5858 2122 5914 aecidit
2175 5854 2408 5924 corpori,
2459 5858 2732 5926 disgrcgat
2766 5854 2962 5920 visum,
3000 5869 3124 5924 quae
3159 5866 3240 5907 est
3274 5860 3498 5927 propria

1925 5932 2046 5996 ejus
2077 5937 2343 5994 Ope-ratio.
