4048 6450
555 439 588 500 8
601 439 666 504 1'9

1731 448 2056 510 JOANNIS
2095 449 2278 510 CYPA
2295 451 2669 514 ΒῘΞΞῙΟΤιΕ

3714 458 3822 525 820

559 559 721 626 quale
754 566 836 612 est
869 558 1046 628 ipsum
1089 573 1182 629 per
1221 575 1279 614 se
1317 575 1460 623 esse,
1499 560 1668 630 ipsam
1703 577 1796 630 per
1830 577 1888 618 se
1927 563 2094 618 vitam
2124 603 2139 625 .
2171 568 2215 624 Α
2249 567 2615 636 antiquiorem
2666 565 2790 622 aliis
2827 564 3029 623 divinis
3063 566 3221 623 donis
3252 565 3331 623 ait
3359 580 3481 624 esse
3511 571 3819 640 proprieta-

557 646 732 714 ipsam
759 648 1102 716 sapientiam,
1134 649 1311 718 ipsum
1343 650 1614 716 ordinem,
1651 661 1704 707 et
1736 655 1979 724 reliqua;
2016 671 2138 726 quae

556 739 774 806 quidem
842 741 1289 810 participationes
1347 743 1527 797 divina
1581 746 1720 801 dona
1777 757 1944 812 sunt,
2000 764 2137 815 quas

556 829 820 898 principia
849 847 1037 886 eorum
1070 849 1192 902 qua:
1240 847 1388 899 sunt,
1440 838 1673 892 vocavit.
1708 838 1787 892 Ex
1829 839 1914 893 his
1969 839 2138 910 igitur

553 927 788 981 constat,
817 923 1274 990 quemadmodum
1304 925 1447 981 Deus
1479 928 1777 982 secundum
1811 941 2134 999 potestatem

552 1011 668 1066 sive
702 1012 954 1067 virtutem
987 1029 1166 1082 suam,
1209 1032 1331 1086 quae
1375 1032 1542 1084 supra
1596 1019 1958 1074 substantiam
2008 1031 2131 1084 est,

549 1119 716 1160 causa
749 1114 833 1160 est
862 1105 1109 1162 eﬂ‘ectrix
1139 1118 1188 1163 et
1223 1112 1458 1164 creatrix
1500 1110 1672 1165 totius
1717 1128 1860 1174 esse.
1908 1123 1961 1167 et
2005 1128 2135 1183 par-

551 1196 684 1249 tium
728 1197 869 1266 ejus,
910 1198 1245 1253 cxsistentixe
1269 1240 1285 1265 ,
1319 1214 1569 1269 personat
1593 1241 1606 1265 ,
1641 1201 1959 1260 substantiae
1983 1243 1996 1267 ,
2036 1219 2146 1278 na-g

552 1297 712 1354 turre,
743 1298 838 1344 aut
866 1291 1071 1358 swculi,
1103 1301 1157 1346 et
1185 1294 1470 1361 temporis.
1504 1294 1658 1360 Quod
1695 1294 1739 1349 si
1789 1295 1929 1349 Deus
1962 1296 2136 1351 totius

551 1394 674 1434 esse
713 1380 938 1435 cﬂector
969 1392 1083 1447 est;
1120 1383 1262 1435 haud
1293 1383 1543 1440 dubium.
1577 1383 1708 1451 quin
1745 1385 1981 1453 partium
2014 1385 2135 1454 ejus

553 1469 778 1525 cﬂ‘ector
811 1471 903 1534 sit,
951 1482 1007 1526 et
1059 1481 1230 1527 totum
1279 1474 1499 1543 penitus
1529 1475 1760 1540 efﬁciat,
1796 1484 1964 1529 totum
2007 1493 2136 1532 vero

552 1577 678 1618 esse
717 1575 824 1631 est,
857 1565 1003 1633 quod
1039 1566 1222 1622 statim
1261 1567 1438 1636 prima
1491 1569 1712 1624 notione
1765 1585 1918 1624 mens
1964 1569 2138 1624 iniure

555 1667 706 1722 maL;
749 1659 1049 1713 secundum
1081 1675 1242 1730 quam
1276 1663 1506 1730 primam
1539 1660 1814 1716 notionem
1847 1677 2046 1731 genera
2078 1662 2132 1715 in

553 1750 1022 1818 disputationibus
1049 1753 1514 1822 contemplamur;
1540 1765 1726 1823 postea
1755 1767 1936 1825 partes
1964 1755 2136 1811 totius

552 1843 746 1895 ordine
771 1843 1143 1912 expromimus
1171 1883 1185 1908 ,
1216 1853 1271 1899 et
1299 1846 1443 1899 sicut
1472 1846 1644 1916 logice
1673 1862 1702 1900 a
1733 1846 2028 1914 generibus
2064 1845 2131 1900 ad

2239 666 2346 710 tem
2381 651 2478 710 τοῦ
2506 657 2680 724 ὄντος,
2717 659 2768 713 id
2794 670 2896 723 est,
2931 660 3075 716 entis
3111 674 3127 712 :
3163 659 3433 730 siquidem
3461 660 3678 718 bonitas
3711 679 3816 718 non

2239 748 2404 802 habet
2452 749 2687 804 similem
2739 750 3006 804 rationem
3041 751 3093 805 in
3136 751 3331 806 ordine
3363 752 3655 819 donorum,
3686 769 3821 822 quo-

2236 841 2382 894 niam
2432 841 2732 910 porrigitur
2765 851 2819 897 et
2853 843 3093 897 tenditur
3139 859 3304 912 supra
3363 859 3428 899 ea
3478 859 3598 914 qua:
3642 856 3815 901 sunt:

2235 939 2494 999 praeterea
2524 939 2698 997 potest
2729 945 2850 986 esse
2880 932 3185 1002 proprietas
3214 934 3332 1000 ejus
3358 931 3500 1002 quod
3526 941 3608 989 est
3635 948 3729 1003 per
3757 949 3820 989 se

2236 1036 2379 1084 esse,
2421 1022 2546 1091 quia
2584 1023 2688 1078 hoc
2719 1031 2845 1077 ante
2886 1023 2989 1078 alia
3039 1039 3163 1094 quae
3206 1032 3336 1080 sunt
3383 1025 3639 1096 produxit
3677 1025 3818 1081 Deus

2237 1112 2426 1178 prius:
2475 1110 2670 1166 deinde
2705 1111 2810 1166 hoc
2855 1127 2954 1183 per
3000 1127 3058 1168 se
3100 1127 3222 1170 esse
3251 1155 3268 1180 ,
3319 1122 3578 1184 tanquam
3623 1123 3819 1170 natura

2236 1200 2472 1268 quadam
2532 1213 2714 1266 utens,
2763 1202 3630 1276 universum,quomodocunque
3706 1217 3809 1271 est,

2236 1291 2533 1359 produxit;
2566 1292 2776 1358 adbaac,
2823 1292 2929 1346 alia
2982 1309 3166 1349 rerum
3216 1295 3487 1365 principia
3540 1311 3814 1366 nunquam

2238 1391 2466 1449 possunt
2493 1398 2638 1447 esse,
2666 1383 2796 1453 quin
2827 1385 2896 1438 sit
2926 1384 3104 1454 ipsum
3149 1400 3244 1454 per
3292 1401 3351 1440 se
3400 1401 3522 1441 esse
3550 1402 3564 1438 :
3590 1387 3691 1441 hoc
3717 1402 3816 1442 au-

2238 1481 2345 1526 tem
2379 1473 2498 1527 sine
2528 1471 2635 1527 illis
2668 1481 2751 1528 est
2773 1472 3013 1551 ,deinde
3041 1473 3462 1545 participatione
3505 1474 3666 1545 hujus
3701 1475 3818 1529 alia:

2237 1563 2498 1618 dicuntur
2540 1563 3008 1634 partieipationes,
3043 1575 3098 1620 et
3129 1581 3225 1636 per
3263 1581 3322 1620 se
3352 1566 3809 1636 participationcs,

2236 1661 2290 1707 et
2320 1653 2577 1709 dicuntur
2618 1669 2742 1710 esse
2771 1663 2827 1710 et
2877 1671 3122 1712 manere.
3169 1657 3286 1711 Hoc
3329 1666 3513 1713 autem
3567 1658 3810 1722 sublato,

2238 1745 2387 1800 nulla
2432 1746 2537 1800 erit
2569 1747 3117 1824 participatio;tum
3177 1750 3354 1804 etiam‘
3393 1751 3569 1820 ipsum
3621 1765 3714 1818 per
3757 1763 3813 1802 se

2238 1850 2384 1901 esse,
2431 1851 2554 1906 quae
2602 1844 2685 1893 est
2731 1837 3081 1907 participatio
3112 1839 3314 1914 prima,
3348 1855 3376 1892 a
3413 1839 3560 1893 nullo
3596 1847 3717 1891 ante
3756 1853 3812 1890 se

553 1934 785 2001 species,
821 1935 900 1989 sic
926 1944 1010 1990 est
1039 1950 1134 2005 per
1160 1951 1219 1992 se
1249 1953 1391 2003 esse,
1425 1938 1475 1992 id
1503 1946 1589 1993 est
1615 1978 1630 2000 ,
1665 1945 1836 1993 totum
1877 1953 2034 2004 esse;
2073 1947 2130 1993 et

2239 1927 2609 1996 participatur,
2642 1928 2827 1983 omnia
2859 1939 3040 1984 autem
3073 1940 3197 1998 post
3225 1911 3349 1984 cum
3378 1939 3429 1985 et
3467 1930 3810 2000 participant,

553 2024 618 2077 ad
653 2026 804 2091 quod
834 2025 1241 2096 intelligendum
1280 2043 1434 2083 mens
1463 2030 1703 2098 primum
1738 2029 1848 2083 vim
1878 2029 2130 2097 intendit,

551 2115 832 2182 antiquius
866 2127 949 2172 est
988 2118 1112 2174 aliis
1154 2133 1276 2188 quae
1321 2130 1506 2188 postea
1544 2135 1699 2175 mens
1740 2121 2126 2190 cotemplatur.

549 2203 668 2259 Non
710 2209 852 2261 enim
891 2223 1182 2278 possumus
1223 2213 1388 2264 vitam
1439 2212 1741 2266 secundum
1775 2226 1834 2266 se
1883 2220 2132 2280 contem-

550 2295 714 2364 plari,
745 2309 838 2352 aut
876 2301 1226 2367 sapientiam,
1265 2312 1357 2356 aut
1385 2303 1798 2357 similitudinem
1822 2342 1837 2368 ,
1876 2302 1976 2357 nisi
2013 2304 2128 2374 pri—

551 2405 705 2445 mum
747 2406 867 2446 esse
915 2408 1207 2462 ponamus,
1262 2402 1347 2449 est
1397 2395 1541 2451 enim
1591 2396 1701 2450 vita
1750 2397 2025 2466 primum;
2079 2404 2132 2450 et

551 2491 682 2537 tunc
719 2483 1020 2539 secundum
1051 2500 1110 2540 se
1147 2488 1598 2555 contemplantes.
1651 2489 1728 2552 ὡς
1776 2491 1841 2543 τὸ
1873 2490 1926 2542 τί
1969 2492 2086 2544 ἐστι
2115 2533 2130 2554 ,

551 2589 814 2630 vocamus
845 2590 942 2645 per
976 2591 1035 2632 se
1059 2579 1225 2630 vitam
1252 2579 1334 2643 ;si
1369 2579 1531 2648 igitur
1561 2580 1752 2635 subter
1779 2596 1920 2647 esse,
1948 2598 2043 2651 per
2073 2599 2133 2638 se

549 2665 689 2732 vita,
722 2675 774 2718 et
830 2680 926 2734 per
976 2679 1036 2720 se
1085 2667 1378 2735 sapientia,
1407 2677 1461 2723 et
1499 2684 1596 2738 per
1630 2684 1690 2725 se
1725 2671 2049 2736 similitudo,
2082 2681 2134 2726 et

550 2760 658 2812 alia
691 2758 1053 2822 collocantur,
1081 2759 1247 2814 totius
1279 2771 1458 2815 autem
1487 2776 1608 2817 esse
1639 2771 1834 2819 auctor
1863 2773 1946 2819 est
1969 2765 2130 2826 Deus,

550 2850 832 2920 quomodo
853 2865 962 2906 non
999 2852 1103 2905 erit
1133 2861 1325 2908 auctor
1350 2853 1545 2907 horum
1578 2869 1699 2924 qua:
1727 2871 1820 2924 per
1850 2871 1909 2912 se
1945 2857 2135 2912 dicun-

551 2955 664 3008 tur,
703 2943 819 2998 sive
863 2959 925 2998 ea
976 2953 1248 3000 vocentur
1289 2953 1548 3015 tanquam
1599 2950 1917 3005 exsistentia
1949 2991 1964 3009 .
2017 2950 2136 3006 sive

552 3049 810 3107 tanquam
845 3048 1047 3102 motus,
1084 3039 1345 3094 formatio
1386 3040 1511 3095 vitae
1534 3080 1549 3105 ,
1583 3039 1836 3095 formatio
1872 3043 2133 3098 substano

555 3132 664 3194 tiae,
698 3132 1086 3205 similitudinis
1114 3133 1370 3197 imitatio,
1421 3142 1474 3187 et
1503 3133 1650 3187 alia?
1695 3133 1938 3188 Primum
1988 3135 2132 3189 enim

552 3222 685 3275 fecit
714 3221 858 3277 Deus
885 3237 1010 3278 esse
1037 3237 1126 3278 res
1155 3224 1324 3292 ipsas,
1351 3233 1551 3293 postea
1567 3238 1687 3278 csse
1713 3227 2019 3293 generalem
2053 3241 2141 3279 ea.

554 3328 678 3368 rum
713 3314 995 3370 notionem
1025 3355 1042 3380 ,
1074 3315 1237 3382 quale
1267 3322 1352 3370 est
1375 3316 1740 3386 contemplari
1797 3318 1964 3372 vitam
1991 3356 2006 3382 ,
2058 3314 2146 3372 vel

552 3407 925 3461 substantiam
959 3407 1011 3461 in
1048 3408 1194 3460 omni
1231 3421 1449 3479 genere,
1476 3419 1531 3462 et
1555 3409 1814 3466 omnibus
1844 3408 2044 3463 modis.
2073 3407 2150 3462 Ex

552 3501 641 3555 his
689 3500 962 3556 sententia
1020 3498 1260 3572 Dionysii
1314 3500 1491 3556 notior
1527 3503 1756 3566 exstitit,
1813 3502 1959 3570 quod
2005 3501 2152 3557 sicut

554 3591 700 3646 Deus
728 3600 922 3647 auctor
954 3602 1035 3647 est
1065 3606 1257 3648 eorum
1299 3607 1422 3662 quae
1458 3591 1754 3662 singularia
1790 3602 1954 3655 sunt,
1989 3591 2069 3647 sic
2097 3602 2152 3648 et

553 3701 746 3739 eorum
794 3700 914 3754 quae
959 3685 1138 3754 prima
1174 3694 1307 3741 sunt
1339 3722 1355 3749 ,
1397 3700 1462 3738 ex
1498 3685 1697 3752 quibus
1744 3685 2144 3739 dubitationem

553 3776 856 3831 Clementis
887 3777 1198 3847 philosophi
1229 3777 1296 3832 de
1331 3775 1397 3829 iis
1430 3791 1550 3845 quze
1603 3776 1775 3845 magis
1820 3776 2144 3847 principalia

553 3869 610 3921 in
645 3867 812 3923 rebus
842 3869 1143 3933 exsistunt,
1171 3867 1222 3920 id
1262 3874 1349 3921 est
1372 3907 1386 3930 ,
1419 3866 1486 3921 de
1520 3869 1732 3923 naturis
1777 3883 1990 3934 earum,
2016 3869 2151 3925 dua-

552 3961 656 4013 hus
702 3959 1126 4014 auctoritatibus
1154 3958 1456 4026 Scriptura:
1489 3959 1650 4014 solvit
1685 3977 1698 4022 ;
1728 3975 1834 4014 una
1885 3968 1968 4016 est
1992 3977 2006 4012 :
2029 3961 2149 4016 Non

553 4051 771 4107 ostendi
814 4053 930 4106 haec
962 4052 1080 4115 tibi,
1117 4060 1175 4105 ut
1203 4067 1296 4106 eas
1336 4061 1457 4120 post
1493 4067 1591 4119 ea;
1629 4053 1796 4108 altera
1827 4063 1912 4108 est
1950 4069 1964 4104 :
1999 4052 2146 4108 Invi-

553 4145 736 4199 sibilia
780 4144 872 4198 Dei
901 4161 992 4214 per
1033 4161 1096 4198 ea
1147 4161 1262 4214 qua:
1297 4146 1438 4214 facta
1469 4155 1612 4214 sunt,
1635 4145 1904 4200 intellecta
1943 4147 2146 4216 conspi-

556 4241 770 4291 ciuntur
804 4237 872 4303 ⁵³,
908 4254 974 4293 ex
1023 4239 1401 4308 magnitudine
1449 4220 1595 4293 enim
1632 4247 1692 4293 et
1731 4238 2144 4308 pulchritudine

556 4339 935 4385 creaturarum
966 4331 1316 4401 proportione
1344 4331 1574 4388 eﬂ‘ector
1609 4331 2012 4406 consideratur,
2039 4331 2145 4385 hoc

556 4424 702 4476 enim
742 4422 1012 4492 signiﬁcat
1051 4423 1196 4493 quod
1250 4424 1425 4488 dixit,
1464 4430 1523 4477 ut
1585 4436 1681 4490 per
1739 4422 2145 4491 proportionem

558 4513 890 4583 cognitionis
918 4515 1110 4582 bonum
1151 4514 1218 4570 ad
1257 4513 1703 4586 cognoscendum
1732 4513 1978 4568 omnium
2016 4527 2148 4567 cau-

557 4620 675 4660 sam
715 4604 1090 4676 adducamur._
1119 4605 1212 4662 Sic
1245 4620 1424 4661 autem
1459 4604 1694 4659 solvisse
1723 4603 2146 4671 dubitationem,

554 4699 834 4768 quomodo
879 4715 989 4754 non
1019 4699 1370 4769 apertissime
1403 4695 1666 4767 patefacit
1703 4707 1883 4752 creata
1924 4712 2047 4752 esse
2081 4713 2145 4752 ea

557 4805 679 4859 qua:
708 4790 787 4844 sic
819 4799 951 4846 sunt
988 4791 1043 4844 in
1079 4790 1242 4844 rebus
1274 4792 1446 4858 magis
1483 4789 1826 4860 principalia,
1857 4804 1980 4858 quae
2011 4803 2147 4843 con-

557 4881 699 4935 cedit
723 4881 829 4936 dici
853 4880 1184 4948 exen‘iplaria
1214 4880 1280 4934 ad
1318 4881 1524 4952 aliquid
1552 4921 1567 4948 ,
1601 4891 1661 4935 ut
1692 4896 1789 4950 per
1813 4895 1878 4936 ea
1917 4894 2145 4950 propor-

559 4975 706 5029 tione
737 4975 974 5042 quadam
1004 5011 1018 5037 ,
1069 4981 1330 5041 tanquam
1373 4989 1470 5043 per
1503 4974 1726 5042 specula
1763 4985 1819 5028 et
1851 4977 2142 5045 aenigmata

557 5079 957 5133 cognoscamus
991 5063 1218 5118 divina?
1252 5065 1326 5118 Ex
1376 5064 1444 5119 iis
1488 5064 1653 5119 etiam
1689 5080 1810 5134 qua:
1849 5075 2007 5119 antea
2049 5063 2145 5117 dc-

566 5165 871 5212 monstrata
924 5162 1095 5220 sunt,
1153 5164 1381 5226 apparet
1434 5156 1578 5224 quod
1632 5157 1698 5211 ad
1753 5157 2142 5226 proprietatem

558 5251 799 5318 pertinet
836 5262 851 5299 :
895 5248 949 5301 in
983 5248 1089 5302 illis
1120 5250 1286 5313 enim,
1320 5249 1528 5303 scilicet
1556 5249 1702 5304 bono
1728 5259 1781 5303 et
1814 5249 2067 5319 pulchro.
2093 5249 2153 5330 in!

559 5356 624 5394 ea
652 5355 774 5409 quae
810 5348 962 5402 sunt,
1005 5350 1058 5393 et
1089 5356 1209 5409 quae
1237 5356 1346 5394 non
1380 5350 1532 5407 sunt,
1563 5341 1805 5396 tenditur
1837 5341 2149 5411 proprietas

559 5430 818 5486 nominis'
839 5430 964 5484 boni
996 5439 1052 5485 et
1082 5431 1294 5500 pulchri
1323 5447 1337 5495 ;
1386 5433 1440 5486 in
1491 5433 1581 5487 his
1609 5440 1818 5495 autem,
1861 5433 1917 5486 in
1947 5447 2010 5487 ea
2056 5447 2150 5487 so-

562 5520 675 5573 lum
711 5537 831 5591 quae
865 5529 995 5576 sunt
1018 5562 1032 5586 ,
1067 5539 1264 5578 nomen
1297 5524 1538 5579 divinutn
1587 5524 1682 5579 τοῦ
1727 5525 1900 5589 ὄντος,
1938 5525 1991 5580 id
2019 5533 2102 5580 est
2125 5565 2140 5578 .
2174 5526 2184 5534 '

563 5610 731 5668 cutis.
764 5612 1082 5682 porrigitur.
1123 5613 1190 5670 Et
1226 5617 1338 5672 haec
1367 5625 1453 5673 est
1493 5619 1793 5688 proprietas
1828 5621 1968 5687 ejus.
2005 5617 2141 5672 Nota

566 5705 748 5756 tamen
783 5700 948 5760 etiam
982 5705 1119 5776 hoc,
1151 5723 1278 5765 esse
1309 5711 1536 5780 primam
1570 5709 2041 5781 participationem
2088 5717 2143 5763 et

655 5879 700 5923 ⁸³
729 5883 888 5944 Rom.
928 5904 966 5956 ι,
999 5887 1090 5943 20.

2171 3266 2214 3324 (Ξ

2233 2027 2286 2072 et
2321 2019 2450 2074 liunt
2486 2019 2610 2075 aliis
2639 2018 2802 2087 infra,
2840 2021 3314 2091 participationes.
3366 2020 3578 2075 liahent
3630 2032 3810 2076 autem

2235 2111 2349 2166 haec
2383 2125 2491 2170 non
2533 2125 2754 2181 parvam
2785 2113 3146 2182 quaestionem
3167 2151 3182 2176 ,
3219 2113 3494 2182 quomodo
3530 2112 3815 2180 Dionysius

2234 2217 2358 2259 cum
2389 2202 2830 2275 praemunitione.
2867 2202 2926 2258 Si
2976 2203 3081 2269 vis,
3115 2204 3316 2274 inquit,
3367 2204 3665 2258 viventium
3699 2217 3812 2259 tan-

2233 2310 2396 2363 quam
2429 2295 2731 2350 viventium
2769 2295 3104 2367 principium
3147 2296 3330 2352 dicere
3360 2311 3456 2364 per
3500 2311 3559 2351 se
3603 2297 3803 2358 vitam,

2235 2397 2507 2454 quatenus
2545 2385 2756 2443 scilicet
2789 2385 3143 2441 manifestum
3184 2394 3268 2442 est
3293 2425 3310 2452 ,
3361 2386 3473 2441 haec
3517 2386 3765 2442 absoluta
3793 2427 3806 2451 .

2237 2493 2342 2533 non
2369 2479 2588 2549 proprie
2617 2465 2869 2534 absoluta
2903 2493 3048 2543 esse,
3085 2478 3238 2535 solus
3265 2479 3408 2534 enim
3439 2481 3582 2536 Deus
3621 2479 3812 2535 horum

2234 2578 2426 2624 auctor
2461 2569 2710 2624 absoluta
2751 2584 2917 2625 causa
2949 2569 3190 2626 dicitur:
3223 2585 3347 2640 quae
3380 2578 3565 2625 autem
3604 2570 3670 2625 ab
3697 2571 3814 2640 ipso

2234 2660 2424 2716 etiecta
2439 2669 2588 2728 sunt,
2613 2663 2881 2718 voluntati
2901 2663 3254 2735 permittitur,
3287 2675 3346 2720 ut
3365 2665 3444 2721 sic
3459 2679 3521 2719 ea
3554 2665 3814 2728 nominet,

2237 2769 2423 2808 verum
2455 2769 2578 2810 cum
2597 2754 2968 2824 adjunctione,
2993 2757 3288 2812 viventium
3309 2765 3577 2828 quatenus
3601 2757 3816 2822 vivunt,

2236 2843 2566 2913 principium
2596 2859 2719 2900 esse
2745 2859 2842 2915 per
2879 2860 2938 2902 se
2961 2845 3156 2910 vitam,
3181 2859 3290 2900 non
3314 2855 3491 2901 autem
3533 2850 3808 2914 quatenus

2235 2934 2558 2988 substantiae
2588 2945 2742 3000 sunt,
2781 2945 2877 2990 aut
2918 2936 3204 3007 sapientiae
3229 2977 3246 3002 ,
3280 2926 3375 2991 aut
3407 2935 3659 2996 rationes,
3692 2932 3815 2988 hare

2235 3025 2380 3080 enim
2407 3026 2597 3081 subter
2627 3025 2776 3081 aliud
2805 3034 2861 3082 et
2893 3019 3038 3082 aliud
3101 3027 3426 3097 principium
3458 3026 3818 3090 collocantur,

2236 3117 2379 3185 quod
2409 3117 2628 3186 quidem
2667 3119 2721 3171 in
2752 3118 2863 3174 Deo
2890 3118 3090 3174 efferre
3115 3135 3225 3175 non
3250 3127 3336 3175 est
3366 3126 3815 3183 consentaneum,

2246 3221 2351 3259 una
2380 3206 2649 3276 siquidem
2673 3222 2838 3263 causa
2865 3217 2919 3261 et
2961 3223 3071 3264 uno
3099 3210 3371 3281 principio
3396 3209 3584 3266 omnia
3619 3209 3819 3280 produ-

2249 3299 2342 3366 cit,
2386 3307 2444 3354 ut
2481 3299 2970 3356 demonstrabitur.

2857 3388 3084 3445 CAPUT
3125 3389 3191 3446 ν.

2244 3456 2518 3521 Quomodo
2572 3456 2709 3512 Deus
2740 3459 2940 3513 dicitur
2970 3477 3062 3528 per
3115 3477 3169 3517 se
3216 3477 3348 3521 esse.
3378 3470 3424 3514 et
3456 3476 3547 3529 per
3591 3475 3646 3513 se
3683 3459 3816 3527 vita,

2311 3538 2358 3581 et
2384 3544 2473 3596 per
2504 3544 2559 3600 se
2589 3530 2878 3600 sapientia,
2925 3539 2976 3584 et
3007 3533 3268 3600 quomodo
3313 3547 3497 3585 rursus
3536 3530 3673 3585 idem
3721 3531 3818 3583 Ito-

2318 3613 2436 3650 rum
2465 3599 2678 3666 effector
2707 3599 2927 3654 dicitur.

2313 3682 2542 3752 Magnus
2578 3684 2872 3755 Dionysius
2907 3701 3030 3756 cap.
3058 3688 3112 3755 9,
3151 3688 3226 3743 De
3259 3689 3450 3743 divinis
3481 3688 3774 3742 nominibus
3795 3702 3817 3741 :

2245 3773 2352 3832 Sed
2385 3776 2538 3845 quia,
2584 3775 2784 3846 inquit,
2821 3776 2957 3833 alias
2997 3793 3084 3833 me
3115 3794 3212 3848 per
3244 3779 3530 3850 epistolam
3582 3780 3815 3834 interro-

2243 3867 2401 3939 gasti,
2435 3867 2568 3938 quid
2595 3870 2862 3940 appellem
2889 3885 2987 3940 per
3018 3885 3080 3926 se
3113 3886 3254 3935 esse,
3288 3888 3383 3942 per
3409 3885 3468 3926 se
3501 3872 3683 3938 vitam,
3719 3883 3816 3940 per

2245 3976 2303 4016 se
2357 3961 2705 4030 sapientiam,
2737 3973 2794 4018 et
2842 3972 3019 4018 tecum
3074 3963 3158 4018 ais
3197 3964 3493 4032 dubitasse,
3543 3964 3816 4035 quomodo

2243 4054 2416 4109 Deum
2459 4054 2751 4124 aliquando
2789 4055 3011 4124 quidem
3067 4069 3205 4111 voco
3254 4071 3350 4126 per
3401 4073 3458 4113 se
3485 4058 3675 4122 vitam,
3716 4057 3817 4110 ali-

2242 4149 2464 4219 quando
2491 4163 2620 4203 vero
2650 4147 2962 4204 eﬂectorem
3019 4163 3116 4219 per
3149 4164 3208 4205 se
3238 4151 3395 4217 vitae;
3449 4149 3814 4207 necessarium

2242 4254 2366 4295 esse
2397 4238 2697 4293 arbitratus
2726 4253 2871 4303 sum,
2907 4239 3076 4295 homo
3105 4238 3196 4294 Dei
3227 4250 3440 4306 sancte,
3477 4241 3544 4296 ab
3574 4241 3678 4295 hac
3722 4242 3820 4295 du-

2219 4322 2514 4385 bitatione
2565 4331 2743 4400 quoad
2794 4331 3004 4400 possim
3060 4343 3113 4386 te
3165 4331 3420 4386 liberare.
3457 4332 3535 4386 Ac
3579 4332 3814 4400 primum

2242 4420 2486 4490 quidem,
2542 4429 2603 4474 ut
2663 4435 2810 4475 nunc
2860 4431 3351 4498 repetamuspcmre
3417 4421 3615 4476 millies
3674 4421 3821 4474 dicta

2245 4521 2392 4577 sunt,
2421 4526 2528 4565 non
2559 4519 2802 4580 pugnant
2829 4526 3014 4567 secum
3049 4511 3219 4567 Deum
3251 4527 3348 4581 per
3382 4528 3442 4568 se
3470 4518 3822 4582 potestatein,

2181 4601 2310 4670 D,ct
2350 4619 2444 4674 per
2473 4619 2534 4660 se
2570 4606 2776 4671 vitam;
2812 4614 2865 4660 et
2891 4606 3073 4660 dicere
3102 4604 3271 4660 Deum
3299 4613 3605 4659 creatorem
3638 4617 3732 4672 per
3761 4615 3825 4655 se

2245 4699 2390 4762 vita»,
2428 4695 2508 4750 vel
2557 4711 2656 4766 per
2695 4711 2754 4750 se
2789 4697 2958 4766 pacis,
2986 4696 3072 4750 vel
3105 4710 3198 4766 per
3243 4711 3303 4752 se
3359 4697 3665 4767 potestatis,
3705 4695 3825 4748 hac

2245 4789 2390 4844 enim
2419 4789 2619 4843 dicitur
2671 4786 2817 4844 Deus
2845 4805 2907 4843 ex
2942 4789 3008 4844 iis
3039 4804 3161 4859 qua:
3193 4797 3344 4853 sunt,
3375 4799 3429 4843 ct
3478 4789 3713 4842 maxime
3755 4799 3822 4838 ex

2247 4882 2315 4935 iis
2347 4895 2468 4951 quae
2504 4879 2679 4949 prima
2709 4889 2861 4944 sunt,
2895 4888 3155 4948 tanquam
3193 4894 3360 4935 causa
3409 4880 3654 4934 omnium
3697 4889 3821 4944 quae

2246 4986 2412 5038 sunt;
2443 4973 2531 5027 illa
2572 4983 2752 5028 autem
2789 4974 3012 5039 dicitur,
3048 4982 3304 5042 tanquam
3351 4988 3474 5043 quae
3517 4972 3587 5027 sit
3623 4985 3820 5040 supra-

2247 5066 2683 5121 substantialiter
2712 5080 2872 5134 supra
2904 5071 3088 5119 omnia
3122 5080 3243 5134 quae
3273 5074 3424 5129 sunt,
3456 5073 3509 5118 et
3559 5077 3676 5134 quae
3709 5059 3826 5126 pri-

2251 5173 2341 5212 mo
2376 5169 2523 5212 sunt.
2562 5157 2772 5222 Quaeris
2813 5167 2994 5211 autem
3027 5156 3172 5227 quod
3203 5170 3428 5226 prorsus
3455 5156 3690 5210 dicimus
3723 5166 3827 5220 per

2251 5262 2312 5303 se
2347 5263 2490 5310 esse,
2544 5253 2639 5299 aut
2691 5260 2786 5314 per
2824 5260 2884 5300 se
2923 5245 3114 5312 vitam,
3177 5253 3270 5298 aut
3299 5258 3638 5314 quaecunque
3664 5242 3830 5295 abso-

2251 5339 2363 5395 lute
2420 5350 2475 5394 et
2515 5337 2890 5407 principaliter
2929 5352 3075 5401 esse,
3119 5345 3172 5392 et
3230 5351 3295 5392 ex
3358 5336 3468 5391 Deo
3526 5351 3591 5390 ac
3645 5333 3830 5402 primo

2252 5440 2439 5486 creata
2484 5445 2607 5485 esse
2637 5430 2915 5497 ponimus.
2949 5429 3390 5498 Respondemus,
3421 5443 3529 5482 non
3569 5441 3691 5481 esse
3721 5425 3836 5478 hoc

2251 5528 2584 5585 contortum,
2622 5518 2717 5574 sed
2757 5527 2988 5584 rectum,
3020 5527 3078 5573 et
3123 5518 3426 5589 simplicem
3478 5517 3682 5572 habens
3725 5529 3834 5568 ex-

2252 5614 2644 5684 planationem,
2706 5626 2811 5666 non
2846 5612 2995 5669 enim
3031 5627 3127 5683 per
3173 5627 3234 5668 se
3280 5627 3401 5668 esse
3452 5607 3836 5667 substantiam

2250 5706 2543 5778 quamdam
2598 5705 2839 5762 divinam
2879 5713 2974 5762 aut
3028 5706 3330 5777 angelicam
3381 5718 3502 5762 esse
3562 5702 3838 5771 dicimus,
