4048 6428
267 507 370 570 ῑοθὶῐ

935 503 1170 563 DECAS
1199 503 1261 560 V.
1289 527 1357 537 -
1395 500 1492 559 DE
1533 495 2199 559 FROPRIETATlBUS
2234 495 2472 559 DIVIN.
2511 498 2782 559 NOMIN.

3424 495 3530 557 8‘22

271 639 394 693 quae
440 621 512 676 sit
565 633 733 675 causa
786 627 847 672 ut
899 619 1011 673 sint
1059 616 1242 670 omnia
1291 629 1414 684 qua:
1461 621 1590 668 sunt
1645 613 1842 680 (solum
1876 613 1920 670 Α
1951 619 2005 664 ει
2035 623 2240 667 natura:
2272 613 2402 678 sint,
2439 613 2745 669 antecellat.
2778 611 2910 680 Qute
2938 612 3154 683 quidem
3191 627 3314 668 cum
3352 615 3528 666 adno-

266 716 412 772 enim
444 714 539 784 qui
572 721 657 766 est
691 704 1025 778 supraquam
1059 708 1390 770 substantia,
1434 703 1763 776 principium
1791 713 1845 756 et

266 807 509 861 essentia
542 815 597 860 et
634 817 803 858 causa
835 810 922 858 est
960 812 1016 855 ut
1062 801 1172 856 sint
1223 801 1409 854 omnia
1460 813 1579 867 qua
1615 805 1762 859 sunt,
1793 803 1846 850 et

270 901 446 968 ipsum
483 895 626 966 esse)
669 910 775 949 nec
807 893 966 948 aliam
1001 892 1368 955 divinitatem,
1403 904 1524 959 quae
1558 889 1722 942 vitam
1753 901 1847 955 pa-

273 991 394 1052 riat,
443 999 806 1056 praeterquam
863 985 1028 1036 vitam
1079 983 1157 1052 (I)
1219 995 1554 1050 supraquam
1605 979 1844 1033 divinam

271 1083 515 1136 omnium
568 1090 912 1148 quascunque
967 1075 1157 1128 vivunt
1193 1083 1247 1127 ει
1297 1073 1470 1140 ipsius
1507 1087 1600 1140 per
1634 1087 1692 1125 se
1721 1065 1847 1126 vita

270 1187 489 1240 causam
526 1169 812 1240 ponimus;
853 1181 973 1233 nec,
1007 1174 1066 1219 ut
1119 1165 1429 1220 summatim
1479 1164 1682 1227 dicam,
1713 1163 1848 1218 alias

269 1239 469 1317 causas
519 1239 869 1329 principiales
901 1270 1108 1317 rerum,
1149 1262 1205 1307 et
1236 1264 1508 1320 creantes,
1559 1261 1612 1307 et
1661 1267 1757 1322 per
1787 1267 1848 1308 se

273 1352 624 1414 exsistentes,
655 1362 794 1418 quas
821 1345 1046 1416 quidam
1085 1353 1139 1398 et
1173 1345 1302 1399 deos
1339 1359 1544 1408 rerum,
1600 1352 1657 1398 et
1711 1342 1846 1397 επε-

275 1456 460 1498 ctores
490 1451 692 1498 temere
729 1440 1083 1494 ell‘utiverunt
1117 1437 1193 1508 (a)
1223 1455 1237 1491 :
1289 1453 1428 1507 quos
1464 1452 1593 1493 vere
1638 1446 1690 1492 et
1723 1451 1849 1507 pro-

278 1535 394 1605 prie
425 1534 605 1588 dicere
659 1533 881 1603 (quippe
909 1545 1032 1585 cum
1065 1545 1172 1584 non
1203 1531 1410 1598 essent)
1445 1545 1545 1584 nec
1577 1531 1700 1599 ipsi,
1747 1546 1848 1585 nec

277 1641 468 1681 eorum
527 1632 709 1692 patres
739 1637 803 1676 ac
837 1619 1076 1690 majores
1123 1620 1404 1675 sciverunt
1439 1639 1452 1676 :
1486 1621 1614 1689 quin
1667 1620 1848 1689 potius

280 1735 374 1788 per
402 1733 461 1771 se
489 1732 630 1782 esse,
665 1726 719 1771 et
749 1730 845 1786 per
876 1729 934 1770 se
959 1714 1148 1779 vitam,
1182 1724 1235 1768 et
1267 1729 1364 1784 per
1398 1727 1457 1768 se
1506 1713 1845 1767 divinitatem

279 1806 672 1878 principialiter
701 1805 922 1876 quidem
959 1814 1013 1860 et
1037 1804 1238 1869 divine,
1267 1813 1321 1859 et
1351 1803 1648 1859 eﬂicienter
1677 1819 1845 1858 unum

275 1901 522 1956 omnium
560 1901 888 1971 principium
917 1909 972 1954 et
1017 1915 1239 1956 causam
1268 1915 1602 1971 supraquam
1640 1899 1847 1968 princi-

277 1993 449 2060 pium,
473 2002 526 2046 et
553 2007 910 2061 supraquam-
935 1991 1296 2047 substantiam
1326 2005 1449 2046 esse
1489 1990 1747 2046 dicimus.
1782 1989 1850 2044 Ut

276 2094 455 2138 autem
492 2085 546 2138 in
594 2085 756 2140 donis
809 2084 925 2139 suis
957 2084 1322 2154 participatur
1355 2083 1525 2146 Deus,
1555 2082 1852 2153 providen-

278 2175 380 2228 tias
409 2190 441 2230 a
481 2175 612 2242 Deo,
643 2175 734 2244 qui
771 2175 826 2230 in
873 2189 932 2230 se
966 2189 1074 2229 non
1117 2173 1500 2242 participatur,
1537 2181 1850 2238 manantes,

279 2267 509 2321 dicimus
547 2281 645 2336 per
687 2281 746 2322 se
775 2266 1096 2322 substantiae.
1136 2264 1505 2327 eﬂ'ectionem,
1539 2279 1638 2334 per
1672 2278 1731 2318 se
1768 2263 1850 2318 vi-

281 2359 668 2423 vilicationem,
697 2373 797 2428 per
821 2373 880 2412 se
903 2357 1353 2421 'deiﬁcationem;
1395 2369 1632 2426 quorum
1675 2357 1850 2425 parti-

279 2449 602 2519 cipationem
639 2463 777 2518 quae,
816 2458 876 2502 ut
903 2449 1104 2512 cuique
1137 2450 1415 2511 convenit,
1463 2447 1690 2512 habent,
1723 2448 1889 2512 sub-_

280 2544 536 2596 stantiam
567 2541 819 2596 habentia
862 2550 915 2596 et
942 2539 1180 2595 viventia
1214 2547 1267 2594 et
1296 2539 1480 2593 divina
1522 2548 1650 2594 sunt
1685 2546 1738 2594 et
1767 2539 1854 2592 di-

283 2641 510 2698 cuntur,
541 2641 594 2687 et
626 2632 878 2687 similiter
908 2632 963 2685 in
992 2631 1135 2696 aliis,
1159 2631 1518 2701 quamobrem
1552 2631 1732 2685 bonus
1761 2631 1854 2688 ille

282 2735 336 2781 et
379 2729 643 2794 ipsorum,
681 2739 802 2796 quae
849 2723 1020 2794 prima
1052 2730 1201 2787 sunt,
1235 2728 1428 2777 auctor
1471 2737 1596 2776 esse
1628 2722 1853 2791 dicitur,

280 2819 476 2874 deinde
505 2833 696 2872 eorum
725 2832 848 2886 quae
877 2813 1174 2884 generatim
1205 2824 1262 2867 et
1314 2813 1573 2868 universe
1608 2813 1697 2868 illa
1734 2830 1857 2884 par-

283 2911 532 2979 ticipant,
563 2916 749 2978 postea
773 2921 965 2960 eorum
994 2919 1117 2975 quae
1145 2904 1200 2960 in
1227 2914 1403 2974 parte.
1431 2903 1535 2958 Sed
1567 2904 1697 2974 quid
1727 2905 1858 2959 atti-

284 3011 379 3056 nct
407 3001 475 3054 de
523 3001 608 3055 bis
637 2998 862 3054 dicere?
912 2997 1192 3067 Siquidem
1242 2997 1494 3052 nonnulli
1545 3012 1610 3052 ex
1657 2997 1859 3052 nostris

286 3092 485 3146 divinis
516 3091 795 3160 magistris
836 3090 1025 3146 dicunt
1065 3089 1216 3143 illum
1267 3103 1600 3157 supraquam
1630 3089 1856 3155 bonum,

285 3192 340 3235 et
371 3194 702 3250 supraquam
735 3178 902 3234 Deum
945 3189 1227 3234 auctorem
1257 3193 1381 3234 esse
1426 3194 1525 3248 per
1554 3195 1612 3234 se
1651 3181 1864 3235 bonita-

1882 1945 1921 2002 Β

1952 711 2024 757 tat
2057 713 2282 759 sanctus
2320 704 2587 760 Maximus
2627 723 2640 760 :
2684 707 2741 760 In
2794 705 2902 773 his,
2944 706 3143 776 inquit,
3181 706 3326 760 clare
3369 706 3532 761 solvit

1954 797 2289 864 propositam
2326 798 2685 866 quaestionem
2733 817 2748 854 :
2797 797 3270 866 Quemadmodum
3311 806 3530 865 Oportet

1953 885 2154 952 dicere,
2179 887 2510 958 quandoque
2535 890 2756 959 quidem
2783 891 3161 960 accipiendum
3186 905 3308 944 esse
3333 888 3528 953 Drum,

1949 990 2074 1032 cum
2102 977 2337 1035 dicimus
2364 994 2460 1050 per
2483 995 2543 1035 se
2572 981 2762 1047 vitam,
2792 991 2846 1037 et
2875 982 2978 1036 alia
3013 980 3279 1049 ejusmodi
3306 999 3322 1044 ;
3359 996 3531 1048 quatt-

1948 1070 2129 1140 doque
2178 1085 2308 1126 vero
2360 1073 2555 1126 horum
2599 1071 2915 1127 eﬂ‘cctorem
2967 1089 3106 1136 esse,
3158 1069 3208 1125 id
3260 1083 3361 1136 est,
3414 1071 3529 1124 haec

1949 1176 2168 1219 creasse
2203 1180 2218 1216 :
2259 1166 2522 1231 quoniam
2546 1172 2809 1234 tanquam
2845 1179 3008 1218 causa
3047 1164 3135 1218 ille
3175 1163 3394 1232 quidem
3434 1163 3532 1215 bo-

1949 1269 2094 1320 rum,
2133 1263 2186 1311 et
2216 1255 2544 1325 principium
2576 1270 2907 1325 supraquam
2937 1254 3270 1324 principium
3303 1265 3533 1308 vocatur

1952 1345 2037 1400 bis
2067 1345 2382 1401 nominibus
2408 1361 2424 1411 ;
2455 1360 2518 1401 ea
2553 1361 2683 1400 vero
2707 1362 2829 1416 quae
2860 1349 2973 1402 haec
2999 1347 3349 1418 participant,
3383 1345 3529 1409 inde,

1950 1438 2002 1492 id
2032 1446 2134 1504 est,
2177 1454 2242 1494 ex
2292 1437 2632 1508 participatis
2667 1439 2930 1492 dicuntur
2959 1453 3102 1504 esse,
3141 1449 3195 1492 et
3227 1439 3431 1503 vivere,
3477 1446 3533 1492 et

1948 1530 2129 1584 divina
2168 1543 2312 1596 esse,
2347 1531 2468 1584 vitaz
2501 1531 2667 1601 igitur
2718 1531 3074 1596 creationem,
3104 1539 3158 1584 et
3211 1529 3532 1584 substantia:

1951 1623 2310 1688 creationem,
2339 1622 2508 1692 ipsas,
2545 1623 2794 1692 inquam,
2823 1638 2909 1677 res
2936 1620 3064 1676 fecit
3094 1621 3257 1676 Deus.
3286 1620 3529 1675 Primum

1951 1714 2118 1784 igitur
2143 1716 2446 1784 cogitemus
2493 1729 2606 1770 rem
2640 1715 2810 1784 ipsam
2840 1734 2853 1779 ;
2891 1714 3088 1770 deinde
3122 1714 3295 1784 ipsius
3327 1713 3401 1767 rei
3435 1730 3532 1782 ge-

1951 1805 2190 1860 neralem
2235 1805 2508 1860 notionem
2557 1804 2940 1868 informemus,
2970 1805 3119 1859 verbi
3159 1805 3331 1875 gratia
3365 1805 3530 1857 vitem

1953 1905 2048 1951 aut
2085 1897 2450 1952 substantiam
2506 1897 2761 1952 universe
2789 1897 3212 1963 consideratam,
3245 1905 3300 1950 et
3341 1905 3530 1967 postea

1955 1989 2008 2043 in
2041 1998 2214 2057 parte.
2243 1987 2388 2042 Idem
2420 1988 2685 2044 Maximus
2713 1989 2891 2059 capite
2915 2003 3060 2044 nono
3086 2007 3099 2043 :
3131 1989 3300 2052 Solet,
3325 1989 3524 2058 inquit,

1957 2084 2250 2155 Dionysius
2279 2082 2450 2156 Deum
2483 2083 2550 2137 ab
2577 2082 2784 2138 eﬂ'ectis
2838 2083 3020 2138 dicere
3053 2097 3153 2153 per
3198 2098 3257 2137 se
3301 2075 3443 2148 esse,
3478 2093 3533 2138 et

1955 2177 2128 2246 ipsius
2162 2192 2256 2247 per
2286 2192 2344 2233 se
2373 2193 2496 2234 esse
2525 2177 2839 2241 eﬂectorem
2866 2197 2880 2244 ;
2913 2186 2967 2233 et
2988 2178 3169 2247 ipsum
3198 2195 3320 2235 esse
3353 2196 3447 2249 per
3472 2196 3533 2236 se

1953 2269 2143 2332 vitam,
2170 2277 2223 2323 et
2256 2284 2348 2338 per
2371 2284 2429 2325 se
2460 2269 2582 2326 vita
2609 2270 2960 2338 effectorem;
2992 2272 3138 2326 sicut
3171 2288 3318 2327 nunc
3354 2274 3529 2341 ipsum

1953 2375 2077 2414 esse
2130 2375 2229 2430 per
2278 2376 2336 2416 se
2369 2360 2808 2429 similitudinem,
2835 2370 2890 2417 et
2925 2377 3020 2432 per
3058 2377 3119 2418 se
3155 2363 3532 2419 similitudinis

1957 2460 2252 2516 auctorem,
2303 2453 2419 2508 haec
2452 2463 2633 2508 autem
2675 2453 2832 2520 dicit,
2867 2469 2976 2509 non
3020 2455 3178 2523 quasi
3209 2455 3357 2511 dicat
3395 2458 3532 2512 alte-

1955 2559 2072 2598 ram
2108 2543 2328 2614 quidem
2371 2545 2540 2599 vitam
2568 2560 2689 2601 esse
2716 2545 2894 2616 ipsum
2926 2545 3117 2614 Deum,
3144 2547 3370 2602 alteram
3403 2564 3534 2604 vero

1959 2635 2280 2706 productam
2334 2651 2454 2692 esse
2503 2635 2950 2705 substantialem,
3004 2647 3060 2693 ει
3116 2639 3284 2694 veluti
3345 2655 3441 2708 per
3473 2656 3534 2696 se

1958 2731 2311 2784 exsistentem
2365 2737 2560 2798 praeter
2597 2729 2788 2796 Deum,
2823 2745 2988 2801 quam
3038 2731 3366 2803 participant
3412 2748 3537 2803 qum

1959 2821 2126 2875 vitam
2167 2821 2528 2890 participant;
2571 2821 2664 2876 sed
2717 2821 2924 2890 potius,
2959 2822 3105 2878 sicut
3128 2823 3247 2892 ipse
3285 2833 3369 2877 est
3401 2839 3538 2878 suus

1962 2913 2252 2982 interpres,
2280 2928 2331 2968 c.
2378 2929 2434 2968 ix
2472 2932 2486 2969 :
2527 2913 2629 2970 Per
2683 2929 2744 2969 se
2785 2915 3006 2985 quidem
3050 2915 3184 2980 vita,
3236 2918 3432 2987 inquit,
3484 2925 3542 2972 et

1961 3020 2058 3074 per
2086 3019 2143 3060 se
2174 3013 2435 3073 potestas,
2461 3014 2514 3060 et
2553 3022 2649 3076 per
2682 3020 2742 3063 se
2770 3008 3095 3075 similitudo,
3119 3020 3176 3064 et
3214 3011 3320 3066 alia
3350 3011 3543 3082 hujus-

1964 3097 2109 3152 modi
2146 3097 2347 3151 dicitur
2376 3095 2538 3162 Deus,
2581 3099 2726 3166 quod
2774 3100 2888 3154 haec
2923 3101 2995 3155 sit
3045 3109 3304 3177 tanquam
3340 3105 3546 3172 princi-

1964 3188 2161 3258 paliter
2188 3198 2241 3243 et
2270 3187 2478 3254 divine,
2511 3197 2566 3243 et
2594 3188 2910 3258 elﬁcienter,
2945 3191 3058 3248 haec
3105 3192 3253 3247 enim
3285 3201 3372 3250 est
3424 3195 3543 3264 ipse

288 3274 378 3339 tis,
417 3281 470 3327 et
504 3287 599 3342 per
628 3285 688 3327 se
720 3271 1042 3335 divinitatis,
1081 3280 1280 3325 vocant
1312 3281 1496 3325 autem
1532 3286 1631 3339 per
1658 3286 1717 3326 se
1759 3272 1858 3326 bo-

1963 3298 2152 3338 eorum
2184 3297 2347 3337 verus
2384 3282 2541 3348 t‘ons;
2575 3291 2767 3339 auctor
2792 3298 2923 3339 vero
2960 3294 3044 3340 est
3074 3299 3170 3355 per
3197 3299 3256 3342 se
3286 3285 3544 3341 similitu-

286 3366 537 3427 nitatcm,
577 3372 633 3419 et
662 3378 756 3431 per
788 3377 847 3417 se
877 3361 1214 3416 divinitatem
1242 3361 1446 3416 donum
1470 3375 1500 3415 a
1541 3361 1650 3415 Deo
1680 3359 1863 3430 profe-

283 3468 453 3522 ctum,
488 3457 635 3528 quod
670 3457 848 3512 bonos
873 3465 928 3510 et
967 3455 1098 3512 deos
1120 3454 1249 3509 facit
1279 3453 1396 3526 (2);
1432 3463 1487 3508 et
1515 3469 1610 3523 per
1636 3468 1696 3510 se
1735 3453 1860 3525 pul-

285 3551 648 3606 chritudinem
694 3549 898 3603 donum
929 3563 959 3602 a
991 3545 1100 3601 Deo
1132 3545 1389 3612 effusum,
1425 3545 1571 3614 quod
1604 3546 1863 3614 pulchros

291 3642 492 3706 reddit,
520 3641 713 3696 dicunt
745 3640 910 3694 etiam
947 3647 1112 3692 totam
1145 3637 1629 3706 pulchritudinem,
1656 3647 1709 3693 et
1737 3639 1862 3708 pul-

293 3733 654 3787 cbritudinem
688 3747 754 3787 ει
801 3741 986 3802 parte;
1021 3739 1074 3784 et
1107 3731 1362 3784 universe
1407 3729 1658 3800 pulchra,
1711 3738 1766 3784 et
1809 3730 1866 3784 iu

297 3833 447 3893 parte
481 3823 726 3892 pulchra,
761 3831 815 3878 et
841 3835 1185 3892 quaecunque
1213 3819 1320 3873 alia
1361 3820 1552 3872 eodem
1586 3818 1750 3873 modo
1781 3820 1868 3874 di-

294 3928 380 3972 cta
412 3925 558 3982 sunt,
592 3925 645 3970 ct
692 3915 960 3981 dicentur,
991 3929 1112 3986 quae
1164 3913 1447 3968 declarant
1498 3912 1872 3982 providentias

295 4021 350 4064 et
376 4007 757 4075 bonitates,ab
793 4007 861 4062 iis
887 4020 1006 4076 qure
1039 4007 1093 4065 itt
1119 4019 1302 4060 rerum
1340 4012 1534 4058 natura
1567 4015 1718 4070 sunt,
1751 4019 1873 4074 par-

297 4101 570 4170 ticipatas,
601 4116 631 4154 a
665 4101 778 4156 Deo
811 4099 907 4170 qui
937 4107 1021 4155 est
1055 4107 1208 4152 extra
1249 4097 1334 4152 sui
1367 4095 1864 4166 participationem,

295 4194 443 4264 larga
467 4192 734 4248 efl’usione
763 4190 1107 4246 dimanantes
1135 4199 1186 4245 et
1209 4189 1544 4260 proﬂuentes
1575 4198 1634 4244 ιιι
1661 4189 1754 4259 qui
1784 4197 1871 4244 est

294 4301 456 4340 causa
489 4285 757 4351 omnium,
808 4282 1049 4354 perfecte
1097 4282 1168 4338 sit
1218 4282 1361 4336 ultra
1408 4281 1633 4344 omnia;
1684 4290 1740 4336 et
1773 4280 1868 4350 qui

296 4377 661 4434 substantiam
697 4383 752 4430 et
791 4384 1042 4429 naturam
1075 4380 1391 4443 exsuperat,
1425 4386 1489 4426 ex
1517 4371 1666 4426 omni
1711 4383 1870 4443 parte

295 4482 348 4527 et
390 4471 444 4525 in
476 4469 794 4524 universum
829 4467 1088 4523 omnibus
1115 4465 1499 4537 cujuscunque
1547 4464 1868 4523 substantiae

1961 3375 2126 3440 diuis,
2153 3383 2206 3430 et
2243 3374 2505 3430 similium
2531 3383 2793 3446 tauquam
2825 3375 3070 3447 largiens
3105 3378 3436 3448 participate
3474 3381 3544 3434 iis

1963 3481 2083 3536 quae
2119 3465 2356 3535 primum
2389 3466 2531 3521 inter
2571 3482 2636 3521 ea
2670 3481 2793 3537 quae
2822 3477 2972 3534 sunt,
3005 3469 3108 3524 hoc
3131 3471 3339 3525 donum
3375 3475 3547 3541 parti-

1963 3559 2169 3628 cipant,
2207 3565 2405 3612 cuncta
2447 3573 2708 3627 namque,
2749 3567 2811 3613 ut
2843 3550 3117 3629 cujusque
3168 3571 3378 3616 natura:
3412 3578 3545 3618 con-

1966 3651 2132 3712 vertit,
2173 3648 2489 3717 hujusmodi
2518 3650 2656 3702 dona
2690 3651 3041 3720 participant,
3084 3653 3277 3721 prima:
3319 3653 3545 3722 quidem

1965 3747 2020 3793 et
2051 3753 2321 3808 supremae
2350 3739 2492 3792 inter
2531 3739 2784 3810 caelestes
2817 3749 3029 3795 mentes
3062 3751 3328 3796 creatura:
3374 3744 3547 3809 parti-

1967 3817 2146 3898 cipant
2180 3829 2488 3898 pnncipue;
2548 3845 2672 3900 qua:
2719 3845 2851 3885 vero
2886 3831 3167 3902 deinceps,
3219 3831 3550 3903 participant

1967 3919 2110 3974 infra
2155 3919 2296 3975 illas.
2346 3921 2422 3974 Ex
2449 3921 2652 3990 quibus
2704 3920 3052 3978 manifestum
3081 3903 3361 3988 edicitur,
3397 3923 3548 3991 quod

1964 4011 2114 4067 sicut
2150 4013 2316 4066 Deum
2346 4026 2521 4066 aevum
2547 4020 2602 4067 et
2640 4020 2860 4082 tempus
2909 4013 3168 4081 dicimus,
3201 4023 3258 4069 et
3296 4014 3546 4069 eumdem

1971 4119 2164 4158 rursus
2187 4103 2286 4157 aevi
2326 4112 2381 4160 et
2416 4103 2674 4174 temporis
2715 4115 2992 4161 auctorem
3023 4107 3109 4171 (ex
3157 4105 3366 4163 effectis
3396 4107 3546 4162 enim

1975 4203 2028 4250 et
2062 4193 2284 4260 creatis,
2313 4208 2436 4264 quae
2463 4194 2582 4264 ipse
2608 4195 2891 4266 produxit,
2927 4199 3169 4268 suppetit
3199 4198 3359 4254 nobis
3389 4200 3547 4269 copia

1974 4282 2290 4354 imponendi
2339 4284 2390 4339 ei
2436 4284 2684 4352 nomina)
2719 4294 2784 4355 et
2827 4286 2972 4342 sicut
3026 4288 3202 4359 magis
3251 4286 3419 4343 Deum
3455 4305 3552 4343 uo-

1976 4375 2252 4431 minamus
2283 4390 2459 4431 arvum
2493 4377 2592 4448 (5),
2631 4392 2660 4431 a
2691 4378 2872 4449 primo
2905 4377 3026 4449 ejus
3059 4395 3224 4450 opere
3257 4379 3437 4448 facto;
3469 4382 3550 4437 sic

1976 4468 2146 4525 etiam
2178 4469 2246 4524 ab
2289 4469 2358 4524 lis
2391 4483 2515 4539 quae
2551 4478 2681 4526 sunt
2719 4469 3022 4528 secundum
3058 4487 3258 4538 aevum,
3303 4473 3552 4528 absolute

1791 4603 2074 4668 Scholia.

371 4733 446 4802 (I)
481 4731 654 4786 Vitam
689 4741 1010 4798 sapraqttam
1037 4724 1291 4780 divinant.
1319 4723 1444 4802 Vita
1469 4723 1561 4778 Dei
1592 4733 1678 4780 est
1701 4740 1868 4795 supra
1897 4731 1949 4792 Ι)
1975 4727 2070 4784 sed
2083 4709 2310 4782 'ratione
2330 4725 2404 4802 ab_
2423 4726 2507 4782 eis
2525 4741 2836 4802 separatum
2855 4725 2949 4798 qui
2975 4729 3397 4802 participatione
3421 4731 3548 4787 νίιςε
3589 4702 3593 4707 ’

298 4796 465 4855 vitam
499 4796 784 4856 hominum
816 4805 1132 4853 sanctorum
1164 4803 1220 4850 et
1247 4796 1590 4864 angelorum,
1627 4809 1865 4864 quorum

300 4875 410 4926 vita
442 4882 527 4927 est
553 4871 758 4934 divina,
792 4869 939 4924 sicut
970 4869 1234 4934 scriptum
1263 4862 1389 4934 est:
1426 4862 1581 4934 Deus
1615 4862 1864 4930 deorum,

299 4953 407 4995 ctc.
444 4941 634 5010 (Psal.
668 4941 838 5006 χιιι),
872 4933 1132 5010 e_t_i|lu_d:
1167 4934 1277 5004 Ego
1303 4933 1460 5010 Δ(ιίιί,
1497 4933 1578 4988 Ι)ιὶ
1613 4935 1767 5000 estis,
1811 4943 1867 4990 et

301 5013 394 5065 lilii
424 5003 630 5066 Excelsi
669 5003 864 5062 omnes
893 5007 910 5076 (
936 5006 1080 5060 Psal.
1117 5003 1279 5076 ωικξι
1303 5003 1345 5074 ).

375 5082 450 5150 (2)
468 5082 614 5146 Quod
635 5083 817 5139 bonos,
839 5073 1031 5150 ct’deos
1055 5077 1205 5150 facit.
1229 5073 1512 5143 Tanquam
1533 5073 1863 5150 principium

299 5145 642 5224 participans
678 5147 1004 5224 principium
1047 5145 1293 5224 omnium
1337 5159 1548 5224 rerum,
1577 5145 1723 5224 quod
1758 5159 1866 5198 non

300 5215 478 5289 potest
503 5215 741 5289 particip
756 5234 845 5271 are
860 5215 1048 5289 neque
1071 5218 1122 5268 in
1153 5230 1210 5269 se
1238 5215 1574 5289 participari,
1602 5216 1734 5289 quia
1759 5229 1866 5267 non

305 5283 487 5360 potest
511 5283 633 5345 'lieri
676 5283 1094 5360 parsalicujus,
1124 5283 1270 5360 quod
1309 5295 1391 5337 est
1429 5283 1578 5360 Solus
1617 5283 1779 5360 Deus‘,
1813 5291 1868 5336 ct

306 5351 578 5429 ianquam'
599 5351 929 5428 principium
957 5351 1446 5429 ijtrparticipatum,
1481 5353 1608 5423 quia
1641 5362 1724 5406 est
1749 5351 1866 5406 for-

305 5424 446 5484 male
482 5424 811 5499 principium
849 5425 1304 5499 part_ic_ipant_ibus
1341 5424 1394 5499 in
1421 5439 1521 5499 suo
1547 5437 1781 5499 genere;
1812 5430 1871 5474 ut

303 5516 401 5569 per
431 5492 496 5554 se
520 5492 756 5560 bonitas,
804 5492 1132 5570 principium
1161 5493 1397 5570 formale
1433 5492 1592 5570 bonis
1624 5505 1754 5570 non.
1789 5505 1864 5554 re,

303 5562 399 5625 sed
434 5571 647 5622 ratione
677 5562 1000 5636 separatum
1027 5579 1056 5617 a
1089 5563 1266 5628 bonis,
1307 5563 1400 5636 qui
1446 5562 1869 5636 participatione

301 5638 568 5694 bonitatis
601 5630 799 5691 creatae
847 5635 1104 5687 dicuntur
1133 5645 1187 5688 et
1216 5630 1344 5687 suni
1378 5630 1680 5685 fofmaliter
1713 5630 1868 5693 boni,

301 5726 403 5780 per
425 5723 484 5766 se
507 5710 639 5776 vita,
668 5703 998 5778 principium
1025 5703 1253 5758 formale
1284 5701 1615 5768 viventibus,
1646 5714 1751 5756 non
1783 5714 1863 5767 re,

375 5915 448 5992 (a)
481 5917 651 5985 Plato,
681 5917 736 5972 in
763 5912 978 5969 Tintreo.

1975 4808 2194 4862 creatae,
2227 4810 2350 4865 quae
2373 4795 2579 4850 donum
2603 4795 2698 4851 Dei
2718 4809 2831 4864 est,
2857 4795 2908 4851 et
2942 4795 3207 4864 perfectio
3235 4803 3304 4854 ab
3337 4815 3402 4854 eo
3432 4818 3552 4854 tua-

1974 4881 2135 4930 naus,
2168 4867 2423 4920 dicuntur
2450 4877 2503 4920 et
2547 4874 2676 4919 sunt
2720 4866 3024 4922 formaliter
3058 4867 3339 4924 viventes:
3375 4880 3428 4925 et
3459 4875 3535 4925 si-

1972 4936 2178 5008 militer
2222 4937 2279 5008 in
2310 4934 2542 5008 reliquis
2574 4934 2885 5008 hujusmodi
2927 4938 3213 5008 principiis
3244 4941 3547 4996 secundum

1973 5005 2418 5131 gniﬁcujusque
2465 5005 2716 5076 principii
2767 5017 3018 5061 naturam
3069 5005 3126 5063 ei.
3174 5010 3444 5077 ordinem,
3483 5030 3551 5068 ex

2017 5115 2032 5130 ο
2159 5091 2303 5130 outa.
2641 5119 2646 5123 ς

2017 5115 2032 5130 .
2073 5079 2303 5130 Thoma.
2641 5119 2646 5123 ς

2048 5147 2127 5214 (5)
2181 5145 2248 5199 Et
2301 5147 2437 5201 sicut
2493 5148 2662 5217 magis
2698 5162 2886 5217 terunt.
2947 5147 3104 5202 Sicut
3154 5147 3300 5205 Deus
3351 5151 3554 5206 dicitur

1975 5230 2178 5289 aevum,
2210 5217 2303 5285 qui
2337 5225 2422 5272 est
2445 5216 2638 5289 auctor
2659 5216 2780 5279 aevi,
2809 5227 2864 5270 et
2896 5233 3084 5273 eorum
3121 5219 3174 5273 in
3201 5221 3402 5289 quibus
3433 5235 3553 5276 teu-

1976 5286 2126 5339 ditur
2161 5301 2337 5359 rerum
2367 5305 2380 5353 ;
2415 5289 2496 5344 sic
2535 5286 2748 5359 dicitur
2771 5303 2866 5357 per
2899 5304 2956 5342 se
2980 5304 3122 5354 esse,
3195 5286 3290 5359 per
3319 5308 3379 5346 se
3415 5293 3548 5354 vita,

1977 5370 2087 5436 per.
2107 5369 2166 5409 se
2206 5355 2497 5436 sapientia,
2518 5365 2572 5410 et
2607 5355 2862 5412 similiter
2893 5359 2947 5412 in
2979 5359 3126 5424 aliis,
3145 5355 3290 5436 quia
3314 5369 3395 5416 cst
3421 5377 3553 5436 cau-

1977 5439 2038 5497 sa
2076 5428 2129 5478 iu
2167 5428 2437 5481 creaturis
2461 5441 2570 5497 (per
2601 5441 2659 5482 se
2699 5441 2844 5491 esse,
2881 5443 2979 5497 per
3022 5444 3081 5484 se
3107 5431 3253 5494 vitae,
3289 5442 3338 5484 et
3391 5431 3551 5482 simi-

1976 5494 2132 5557 lium,
2154 5510 2274 5567 quae
2291 5504 2420 5567 sunt
2442 5494 2585 5550 dona
2608 5497 2749 5566 ejus,
2773 5498 2827 5550 in
2850 5494 3054 5567 quibus
3068 5511 3314 5554 versatur
3336 5515 3510 5552 aevum
3534 5516 3550 5564 ;

1977 5578 2086 5616 non
2118 5566 2264 5619 etiitn
2289 5564 2392 5620 iuit
2430 5564 2668 5634 tempus,
2703 5582 2827 5620 cum
2867 5564 2985 5622 non
3013 5579 3200 5623 essent
3248 5571 3384 5630 haec,
3424 5585 3552 5633 qua:

1975 5647 2098 5688 cum
2121 5643 2432 5707 mvocmpta
2469 5648 2593 5690 sunt
2621 5639 2638 5704 (
2664 5638 2932 5707 siquidem
2965 5640 3185 5692 fuerunt
3212 5637 3267 5692 in
3299 5639 3550 5707 angeliS),
3645 5635 3668 5642 “

1978 5717 2098 5771 qua:
2129 5704 2464 5776 cogitatione
2489 5717 2680 5763 nostra
2725 5704 2853 5764 sunt
2887 5709 3139 5765 absoluta
3170 5717 3226 5765 et
3265 5704 3549 5765 abstracta
