4048 6432
481 402 591 470 823

482 632 538 676 et
561 638 589 674 a
636 640 730 692 per
758 642 817 681 se
844 631 1131 700 sapientia,
1177 653 1276 693 nec
1304 640 1448 696 enim
1482 642 1599 700 hare
1642 646 1900 702 dicuntur
1925 649 2060 704 sim-

483 713 698 782 pliciter
721 720 992 789 absoluta,
1030 727 1123 781 sed
1153 728 1388 799 alicujus
1435 749 1556 790 csse
1595 737 1821 808 aliquid,
1854 740 2062 797 idcirco

484 808 665 875 primo
713 826 834 868 esse
866 814 1022 883 dixit,
1054 828 1396 894 quantumue
1422 827 1665 897 ejusdem
1697 831 1906 888 ordinis
1935 847 2060 888 cum

483 914 620 965 tero,
646 903 894 962 absolute
923 909 1201 979 dicuntur,
1251 920 1527 985 quomodo
1562 920 1709 975 enim
1760 937 1858 991 per
1877 937 1937 978 se
1965 939 2063 981 ex-

480 994 629 1049 sistit
660 1012 835 1053 aevum
885 1010 940 1057 et
983 1012 1216 1076 tempus,
1252 1011 1355 1065 nisi
1406 1012 1825 1071 considerenlur
1879 1016 1933 1073 in
1993 1018 2061 1074 iis

479 1103 603 1156 qua:
653 1105 826 1148 aevum
869 1107 1037 1166 agunt
1096 1110 1153 1154 et
1200 1105 1455 1170 tempus?
1512 1107 1683 1162 Aliter
1734 1111 1898 1165 etiam
1955 1114 2089 1173 hoc-

477 1189 652 1250 patet,
681 1184 729 1238 si
779 1188 924 1241 enim
981 1189 1121 1247 Deus
1160 1195 1404 1249 omnium
1461 1212 1583 1266 quae
1631 1211 1780 1269 sunt,
1837 1202 2061 1262 eﬂector

479 1281 582 1339 est,
638 1277 809 1331 multo
842 1283 1015 1350 magis
1050 1298 1238 1339 eorum
1282 1303 1404 1358 quae
1455 1291 1630 1359 prima
1686 1304 1837 1363 sunt,
1886 1296 1954 1351 ab
1995 1298 2062 1356 iis

483 1367 652 1433 igitur
695 1384 814 1438 quae
848 1380 996 1435 sunt,
1039 1383 1095 1428 et
1131 1378 1476 1443 podssimum
1521 1398 1643 1453 quae
1694 1387 1873 1456 prima
1907 1401 2061 1458 sunt,

480 1466 739 1527 tanquam
801 1464 1048 1518 omnium
1096 1477 1290 1523 auctor
1343 1472 1686 1530 nominatur.
1735 1478 1875 1545 Quia
1927 1496 2059 1535 vero

476 1553 597 1606 vult
628 1555 801 1625 magis
833 1557 981 1626 quod
1014 1560 1165 1626 dicit,
1225 1564 1542 1635 explanare,
1599 1570 1763 1625 valde
1821 1573 2061 1631 dilucide

482 1660 604 1714 qua:
635 1645 750 1701 haec
779 1638 833 1703 in
859 1649 1087 1706 dubium
1119 1664 1407 1725 venerunt,
1437 1659 1600 1715 solvit
1637 1680 1649 1716 :
1681 1670 1738 1717 et
1768 1678 2061 1735 aggressus

484 1755 554 1821 ea.
578 1755 700 1808 (μιῆς
727 1743 807 1796 sic
834 1743 1084 1800 absolute
1110 1746 1370 1804 dicuntur
1410 1752 1701 1819 ὑπάρξεις,
1736 1755 1788 1808 id
1835 1766 1938 1820 est,
1969 1772 2060 1812 es-

1638 430 2560 509 JOANNIS'CYPARISSIOTE

484 531 868 591 nominamus:
911 537 1033 591 dico
1063 556 1093 593 a
1135 558 1229 609 per
1265 561 1328 600 se
1364 562 1507 611 csse.
1533 560 1588 605 et
1624 567 1653 605 a
1686 568 1781 621 per
1819 568 1881 610 se
1921 556 2053 622 vita,
2085 557 2133 613 Δ
2160 573 2321 629 esse;
2363 568 2468 623 hoc
2501 579 2708 629 tantum

2737 574 3017 648 diderunt‘,
3065 582 3220 656 quod
3241 588 3355 644 haec
3378 591 3599 660 quidem
3629 595 3745 664 pri-

2166 673 2322 762 mum.
2345 662 2537 762 elfecta
2576 678 2727 737 sunt,
2771 683 2827 727 et
2875 691 2970 744 per
3000 679 3115 735 haec
3141 679 3330 737 effecta
3380 662 3645 752 extrema,
3685 695 3747 741 ut

2164 752 2210 802 si
2232 752 2355 817 quis
2383 752 2435 807 in
2475 757 2718 815 minimis
2758 767 3030 822 creaturis
3054 769 3234 825 videat
3262 773 3437 829 nubes
3470 774 3623 843 prius
3651 791 3741 831 ex-

2163 840 2359 935 sistere
2389 860 2554 916 quam
2589 850 2851 921 pluviam,
2893 868 2947 912 et
2978 875 3073 928 per
3098 862 3274 917 nubes
3310 840 3487 918 Deum
3522 867 3742 935 pluere;

2163 940 2216 985 et
2249 931 2395 989 sicut
2428 948 2610 996 motus
2637 944 2910 1004 exsistunt
2943 960 3160 1020 propter
3203 953 3451 1022 mobilia,
3479 931 3536 1011 et
3569 931 3755 1015 nubes

2164 1038 2389 1097 propter
2422 1030 2686 1099 pluviam,
2722 1038 2788 1092 ad
2835 1041 3088 1096 eumdem
3144 1046 3368 1101 modum
3422 1048 3747 1104 substantiae
3805 1052 3808 1057 λ

2163 1120 2469 1178 creationes
2511 1137 2736 1196 propter
2766 1130 3132 1202 substantias,
3187 1146 3241 1191 et
3270 1138 3397 1193 vitae
3432 1139 3754 1196 creationes

2165 1222 2387 1283 propter
2433 1218 2597 1286 vitas,
2650 1231 2706 1277 et
2740 1223 3104 1282 deiﬁcationis
3160 1230 3471 1303 creationes
3522 1216 3746 1303 propter

2162 1305 2437 1373 deiﬁcata,
2469 1325 2634 1367 omne
2669 1323 2851 1371 autem
2881 1319 3029 1388 quod
3069 1332 3292 1391 propter
3317 1302 3540 1380 causam
3573 1302 3661 1382 est
3686 1331 3743 1380 et

2164 1410 2435 1466 movetur,
2473 1412 2652 1458 ortum
2689 1421 2913 1478 quoque
2949 1410 3153 1468 habere
3177 1414 3614 1470 demonstratum
3636 1424 3744 1473 est.

2163 1486 2326 1544 Ponit
2354 1503 2538 1548 autem
2572 1494 2865 1568 Dionysius
2892 1516 3016 1559 esse
3048 1504 3219 1559 Deum
3248 1515 3530 1563 auctorem
3562 1521 3660 1578 per
3687 1521 3749 1564 se

2163 1581 2446 1652 bonitatis,
2490 1596 2546 1641 et
2592 1603 2688 1658 per
2723 1607 2783 1646 se
2813 1593 3141 1663 divinitatis,
3188 1598 3445 1655 similiter
3476 1608 3538 1655 ut
3568 1600 3753 1655 actio—

2162 1688 2293 1728 num
2327 1684 2384 1729 et
2418 1678 2724 1734 motionum
2751 1681 2844 1737 Dei
2884 1683 3026 1741 Deus
3059 1695 3146 1741 est
3169 1698 3386 1756 auctor,
3425 1690 3755 1747 divinitatea

2164 1780 2295 1821 vero
2333 1766 2626 1825 inferiores
2669 1769 2912 1842 intellige
2957 1778 3300 1847 angelorum,
3346 1790 3403 1835 et
3457 1780 3762 1837 hominen

485 1834 701 1949 ξθηῑίαδο
723 1832 984 1949 Ῑίτίιηδιξιι
1016 1837 1080 1892 ῗξῑ
1114 1853 1246 1949 (tum.
1274 1841 1513 1895 minime
1540 1843 1950 1912 QUOdammodo
1985 1846 2063 1900 Vi-
2093 1895 2136 1949 Β
2160 1857 2462 1929 justorum,
2496 1877 2691 1920 rursus
2716 1832 3134 1938 vero‘intellige,
3165 1870 3590 1939 interpretatum
3619 1883 3767 1938 esse

483 1926 644 1981 detur
670 1927 999 1997 substantia,
1029 1946 1135 1984 non
1163 1932 1528 1990 substantiam
1552 1937 1819 2007 aliquam.
1856 1939 2057 2009 inquit,

481 2019 720 2075 divinam
765 2031 860 2076 aut
896 2024 1200 2092 angellcam
1231 2026 1466 2084 dicimus
1520 2043 1614 2097 per
1653 2044 1714 2085 se
1746 2045 1889 2096 esse,
1940 2044 2063 2099 quae

483 2111 555 2168 sit
587 2128 752 2168 causa
807 2123 865 2168 ut
913 2116 1097 2169 omnia
1135 2116 1246 2172 sint
1280 2137 1295 2183 ;
1331 2119 1375 2174 si
1430 2132 1610 2175 autem
1658 2123 1965 2192 antiquius,
2010 2130 2063 2177 ct

481 2207 722 2276 primum
759 2222 823 2262 ex
856 2207 1035 2275 donis,
1069 2211 1213 2280 quod
1262 2212 1390 2279 quia
1441 2225 1524 2267 est
1575 2222 1631 2269 et
1683 2214 2061 2284 participatur.

480 2299 588 2353 alia
622 2299 765 2355 dona
796 2310 1003 2357 suntet
1050 2303 1333 2374 dicuntur,
1379 2318 1605 2367 nonest
1648 2323 1826 2378 neque
1878 2308 2063 2364 divina

478 2408 583 2448 nec
643 2395 891 2465 angelica
954 2396 1286 2465 substantia,
1349 2398 1459 2456 imo
1508 2417 1610 2457 nec
1658 2417 1827 2460 causa
1867 2411 1927 2457 ut
1957 2403 2066 2456 sint

478 2486 664 2542 omnia
699 2487 872 2556 (solus
912 2489 1056 2544 enim
1096 2490 1260 2559 Deus,
1302 2492 1397 2563 qui
1443 2504 1525 2548 est
1572 2509 1903 2565 supraquam
1938 2497 2066 2551 sub-

480 2582 706 2647 stantia,
739 2591 795 2637 et
843 2583 1200 2652 principium,
1226 2593 1285 2639 et
1314 2587 1577 2651 essentia,
1605 2596 1659 2641 et
1691 2603 1855 2644 causa
1886 2600 1971 2644 est
2004 2596 2065 2642 ut

479 2674 591 2728 sint
615 2685 810 2728 cuncta
839 2690 961 2745 qua:
989 2686 1139 2738 sunt,
1182 2686 1237 2732 et
1268 2677 1513 2749 idipsum-
1551 2678 1871 2750 simpliciter
1894 2681 2062 2752 esse),

479 2764 537 2818 in
568 2763 713 2834 quali
760 2766 978 2821 tandem
1008 2767 1204 2823 ordine
1241 2783 1305 2824 ea
1336 2784 1460 2839 qua:
1490 2770 1572 2826 sic
1597 2771 1857 2827 dicuntur
1890 2773 2064 2843 magis

480 2857 854 2928 principialia,
890 2860 1201 2929 ponemus?
1232 2860 1298 2914 Et
1331 2860 1379 2916 si
1430 2877 1541 2917 non
1589 2871 1723 2918 sunt
1759 2878 1941 2921 causae
1971 2880 2065 2919 eo-

475 2965 599 3005 rum
632 2967 754 3022 quae
791 2963 943 3015 sunt,
976 2969 1077 3008 nec
1118 2954 1245 3009 item
1279 2964 1443 3010 erunt
1489 2956 1790 3013 eﬂectricia
1840 2960 2060 3025 borum,

475 3043 622 3113 quod
662 3044 708 3100 si
752 3059 860 3098 non
906 3044 1149 3101 cilicium
1176 3062 1239 3102 ea
1282 3064 1403 3117 qua:
1430 3059 1581 3117 sunt,
1610 3052 1790 3121 neque
1815 3061 1944 3107 sunt
1977 3050 2061 3105 fn-

476 3137 659 3193 cultas
692 3152 795 3193 nec
829 3126 1090 3208 'operatio
1147 3141 1237 3195 Dei
1269 3141 1514 3197 effectrix
1549 3152 1603 3200 e‘t
1646 3146 1886 3201 creatrix
1938 3147 2064 3201 uni-

2166 1951 2510 2019 apertissime
2550 1953 2869 2024 Dionysium
2901 1958 3182 2015 declarare
3211 1961 3328 2017 haec
3374 1964 3622 2027 nomina,
3649 1961 3768 2017 do—

2164 2057 2298 2096 num
2336 2057 2366 2096 a
2407 2042 2520 2099 Deo
2547 2045 2878 2114 profectum,
2920 2056 2978 2102 et
3010 2050 3227 2118 pulchri
3258 2054 3318 2106 ln
3351 2067 3415 2107 ea
3442 2067 3566 2119 qua:
3609 2049 3771 2104 foris

2166 2144 2317 2201 sunt,
2370 2134 2735 2203 eﬂ‘usionem;
2787 2137 3088 2205 declarare,
3135 2140 3383 2210 inquam,
3435 2150 3646 2195 motum
3696 2147 3767 2194 et

2167 2228 2439 2284 actionem
2474 2227 2593 2296 Dei,
2641 2240 2902 2303 tanquam
2945 2231 3289 2289 etIectionem
3323 2241 3377 2289 et
3408 2232 3755 2290 creationem

2169 2322 2342 2393 ipsius
2364 2322 2477 2379 Dei.

2769 2436 3001 2495 CAPUT
3055 2434 3148 2494 VI.

2170 2554 2244 2611 De
2273 2564 2555 2625 potestate,
2609 2554 2721 2608 sine
2767 2553 2983 2625 uirtute,
3032 2562 3082 2606 et
3123 2551 3386 2625 iustitia;
3424 2561 3476 2607 et
3521 2550 3662 2620 quod
3714 2563 3753 2606 η

2234 2622 2493 2695 potestate
2535 2625 2744 2695 inﬁnite
2772 2624 2991 2691 potenti,
3022 2631 3143 2695 et_a
3164 2622 3411 2693 iustitia,
3439 2638 3533 2690 per
3552 2636 3620 2695 __se
3651 2635 3749 2689 po-

2239 2689 2428 2761 testas,
2454 2704 2505 2750 et
2535 2689 2628 2765 per
2646 2711 2702 2749 se
2716 2689 2936 2764 iustitia
2961 2689 3234 2760 producta:
3262 2703 3386 2748 sum
3408 2689 3473 2748 et
3503 2692 3705 2762 eﬂ'ectte
3726 2706 3753 2757 ι

2235 2776 2289 2825 et
2323 2783 2440 2837 quae
2465 2766 2519 2820 in
2557 2768 2630 2820 eis
2661 2765 3037 2836 proprietates.
3546 2797 3557 2802 -

2239 2881 2469 2952 Magnus
2509 2878 2809 2951 Dionysius
2852 2893 2976 2946 cap.
3009 2885 3208 2935 octavo
3247 2875 3320 2932 De
3352 2877 3549 2932 diuinis
3576 2876 3757 2931 uomi-

2166 2975 2343 3039 m‘bus,
2376 2973 2453 3028 ait
2483 2988 2497 3026 :
2523 2970 2592 3026 Et
2618 2970 2765 3041 quod
2792 2969 2939 3027 Deus
2971 2969 3340 3027 deiﬁcatlonis
3379 2969 3635 3040 princeps
3659 2983 3758 3025 su~

2169 3083 2268 3138 pra
2301 3080 2524 3121 omnem
2564 3070 2894 3135 potestatem
2927 3061 3128 3129 fertur,
3165 3071 3220 3117 et
3254 3075 3475 3118 omnem
3511 3067 3762 3130 potesta-

2166 3168 2276 3215 tem
2301 3198 2317 3221 .
2339 3157 2837 3228 quomodocnnque
2856 3164 2941 3212 est
2956 3164 3009 3210 et
3030 3155 3397 3226 excogitatur,
3415 3160 3714 3224 exsuperat
3739 3168 3761 3219 ;

473 3227 644 3298 versi,
674 3229 1005 3301 relinquitur
1047 3242 1109 3288 ut
1138 3233 1249 3287 sint
1281 3235 1392 3291 haec
1441 3235 1795 3294 habitudines
1828 3247 1882 3293 et
1909 3254 2031 3294 ema

2169 3268 2277 3307 non
2305 3227 2440 3321 puto
2472 3248 2651 3303 ullum
2673 3262 2739 3302 ex
2773 3246 2845 3302 iis
2870 3246 2965 3317 qui
2993 3248 3047 3302 in
3078 3245 3391 3316 Scripturis
3424 3244 3628 3299 divinis
3653 3245 3761 3299 alti

478 3322 754 3388 nationes,
781 3338 901 3393 quae
931 3334 1208 3381 suntcum
1235 3326 1371 3381 tiunt
1392 3335 1627 3396 tantum,
1661 3331 1805 3384 sicut
1833 3330 2065 3389 demon-

475 3425 710 3470 stratum
748 3423 852 3471 est.
914 3413 1051 3470 Cum
1092 3426 1270 3472 autem
1330 3418 1622 3487 Dionysius
1684 3420 1877 3476 borum
1922 3438 2062 3478 con-

475 3509 888 3579 templationem
930 3510 1169 3565 dilatat:
1200 3509 1311 3567 Nec
1350 3512 1537 3579 aliam,
1572 3513 1770 3583 inquit,
1801 3515 2062 3571 divinita-

474 3610 608 3666 tem,
667 3617 791 3671 qua:
838 3604 1005 3657 vitam
1057 3604 1257 3670 pariat,
1292 3605 1550 3673 dicimus,
1584 3615 1781 3676 praeter
1836 3623 2062 3665 causam

475 3708 811 3762 supraquam
862 3694 1102 3751 divinam
1152 3697 1398 3752 omnium
1455 3714 1797 3784 quaecunque
1849 3703 2060 3773 vivunt,

473 3798 530 3843 et
549 3802 648 3857 per
677 3803 736 3842 se
766 3787 890 3841 vita:
926 3803 1188 3854 causam;
1223 3792 1366 3860 quod
1394 3791 1440 3847 si
1486 3808 1590 3848 non
1641 3803 1726 3850 est
1755 3796 1861 3852 alia
1897 3812 2065 3854 causa

473 3879 803 3943 viventium,
836 3893 937 3934 nec
966 3878 1070 3934 alia
1104 3880 1363 3938 divinitas
1414 3898 1537 3954 quae
1569 3885 1733 3940 vitam
1779 3889 1961 3957 pariat
1985 3890 2067 3945 vi-

477 3971 754 4037 ventibus,
783 3972 885 4027 nisi
914 3973 1022 4029 vita
1052 3990 1386 4046 supraquam
1417 3975 1627 4044 divina,
1663 3988 1720 4035 et
1752 3979 2067 4038 substantia

480 4080 817 4136 supraquam
866 4068 1206 4125 substantia:
1240 4080 1295 4124 et
1340 4070 1518 4139 ipsum
1555 4071 2059 4143 siugularissimum

478 4173 537 4214 et
575 4159 1084 4229 splendidissimum
1119 4176 1312 4227 unum,
1358 4168 1415 4215 ct
1464 4164 1567 4217 hoc
1614 4174 1698 4220 est
1746 4165 1860 4218 sola
1896 4179 2062 4222 causa

478 4253 751 4319 omnium,
771 4253 996 4308 evidens
1024 4262 1110 4308 est
1142 4253 1286 4323 quod
1322 4253 1438 4308 haec
1465 4268 1589 4322 quae
1618 4256 1796 4323 primo
1824 4264 1879 4311 et
1910 4258 2064 4327 prin-

476 4345 746 4415 cipialitcr
769 4354 918 4409 sunt,
948 4355 1007 4400 et
1036 4344 1228 4399 etl‘ecta
1275 4353 1509 4411 tantum,
1549 4347 1683 4402 nihil
1720 4362 1911 4404 eorum
1938 4365 2064 4420 quae

478 4448 667 4508 postea
712 4448 860 4501 sunt,
902 4447 1161 4507 tanquam
1192 4452 1361 4492 causa
1402 4438 1690 4493 etiiciunt:
1730 4440 1937 4498 idcirco
1967 4444 2066 4499 bo-

2168 3349 2296 3399 sunt
2324 3349 2380 3396 et
2394 3339 2635 3404 educati,
2666 3338 2947 3406 ignorare,
2963 3337 3148 3393 multis
3162 3337 3307 3392 enim
3329 3336 3383 3391 in
3407 3334 3544 3392 locis
3563 3333 3764 3403 Scrip-

2171 3444 2296 3491 tura
2326 3441 2381 3488 et
2408 3431 2843 3487 dominationem
2876 3433 3051 3500 ipsam
3079 3444 3203 3485 esse
3227 3427 3414 3491 tradit,
3441 3434 3496 3483 et
3523 3427 3592 3481 ab
3618 3426 3765 3496 ipsis

2168 3543 2336 3598 supra
2382 3526 2703 3583 ctelestibus
2756 3525 3122 3596 potestatibus
3166 3532 3414 3594 separat.
3459 3523 3768 3589 Quomodo

2172 3622 2340 3690 igitur
2371 3617 2610 3687 theologi
2665 3627 2926 3687 tanquam
2982 3621 3307 3685 potestatem
3345 3614 3593 3677 laudant,
3629 3627 3769 3681 qua:

2169 3721 2325 3768 extra
2350 3721 2568 3767 omnem
2606 3715 2935 3778 potestatem
2967 3707 3148 3774 posita
3188 3702 3316 3759 est?
3346 3711 3445 3758 aut
3474 3704 3769 3773 quomodo

2169 3805 2226 3862 in
2255 3819 2319 3861 ea
2349 3817 2547 3858 nomen
2583 3798 2871 3871 potestatis
2896 3796 3281 3867 accipiemus?
3317 3794 3558 3849 Dicimus
3585 3792 3770 3863 igitur

2166 3898 2340 3956 Deum
2362 3912 2502 3956 .esse
2531 3901 2880 3967 potestatem,
2918 3900 2979 3947 ut
3013 3890 3109 3961 qui
3145 3889 3459 3966 praa'ltabeat
3492 3891 3546 3942 in
3582 3900 3663 3950 se,
3712 3896 3773 3941 et

2168 4004 2505 4062 supraquam
2546 3988 2747 4043 babeat
2786 3999 3004 4041 omnem
3039 3990 3366 4053 potestatem
3398 3997 3413 4046 ;
3442 3989 3498 4036 et
3534 3991 3595 4034 ut
3629 3993 3776 4033 om-

2166 4081 2255 4137 nis
2280 4080 2573 4151 potestatis
2600 4086 2817 4145 auctor,
2852 4082 2909 4130 et
2941 4082 3001 4129 ut
3031 4073 3218 4129 omnia
3253 4070 3540 4127 inﬂexibili
3575 4079 3632 4124 et
3663 4069 3772 4126 in-

2167 4171 2593 4239 circumscripta
2621 4174 2896 4236 potestate
2925 4165 3263 4234 producens,
3295 4172 3350 4218 et
3369 4171 3429 4216 ut
3457 4169 3649 4215 auctor
3674 4161 3777 4228 ip-

2166 4262 2284 4319 sius
2334 4277 2429 4332 per
2479 4275 2540 4315 se
2586 4274 2707 4314 esse
2752 4265 3095 4327 potestatem,
3153 4255 3233 4311 vel
3264 4269 3385 4309 esse
3413 4254 3771 4318 universam,

2167 4360 2264 4410 aut
2292 4350 2627 4421 singularem
2673 4346 2910 4417 alicujus
2943 4353 3270 4416 potestatem
3303 4363 3319 4410 ;
3351 4355 3404 4400 et
3435 4352 3495 4399 ut
3541 4343 3775 4400 inﬁnite

2166 4453 2389 4517 potens,
2424 4458 2532 4498 non
2561 4442 2739 4498 solum
2762 4456 2827 4495 eo
2847 4441 2995 4510 quod
3022 4454 3241 4495 onmem
3271 4428 3598 4509 potestatem
3627 4452 3770 4508 pro-

482 4546 588 4585 nus
620 4528 762 4584 Deus
793 4545 982 4583 eorum
1014 4530 1261 4597 ipsorum
1293 4544 1414 4598 quae
1443 4530 1617 4598 prima
1645 4542 1799 4597 sunt,
1834 4533 2062 4591 cﬂ‘cctor
2089 4576 2144 4637 Β
2171 4538 2346 4603 ducit,
2381 4535 2475 4593 sed
2511 4534 2658 4606 quod
2709 4542 2796 4589 est
2836 4549 3007 4603 supra
3030 4548 3261 4588 omnem
3298 4539 3654 4637 potestatem.
3711 4547 3772 4586 et.

481 4620 941 4687 dicitur,_dcinde
988 4636 1176 4673 eorum
1238 4636 1360 4689 qua:
1410 4621 1670 4680 universe
1702 4624 1779 4696 (a)
1836 4627 2063 4707 partici-

482 4724 640 4783 pant,
674 4723 859 4783 postea
887 4727 1079 4766 eorum
1120 4726 1242 4780 qua:
1265 4713 1319 4767 in
1353 4723 1507 4784 parte
1546 4731 1560 4770 :
1607 4717 1690 4773 sic
1717 4717 2066 4776 demonstrat

484 4808 660 4863 solum
731 4805 899 4859 Deum
959 4819 1080 4860 esse
1135 4819 1357 4861 causam
1423 4810 1710 4881 omnium,
1781 4813 1896 4869 sive
1952 4817 2067 4885 pri-

484 4914 573 4953 ma
627 4897 902 4962 dicuntur,
956 4895 1069 4952 sive
1130 4899 1412 4968 universe,
1475 4901 1593 4957 sive
1655 4904 1710 4959 in
1761 4915 1948 4976 parte;
2014 4920 2069 4967 et

483 4992 598 5047 sive
643 4991 724 5048 sic
775 4990 1098 5060 participata
1149 4992 1425 5055 dicuntur,
1480 4996 1594 5051 sive
1636 5000 2018 5070 participanda
2047 5046 2060 5070 ,

485 5083 633 5153 quod
668 5083 715 5138 si
746 5084 887 5138 idem
917 5092 971 5139 et
1006 5086 1157 5140 solus
1204 5097 1395 5141 auctor
1417 5098 1500 5143 est
1527 5098 1580 5144 et
1616 5092 2060 5164 partlcipantium

485 5188 542 5232 et
598 5175 1080 5246 participatornm,
1136 5178 1360 5232 evidens
1411 5190 1496 5235 est
1562 5182 1607 5236 si
1679 5187 2061 5258 participantia

485 5279 755 5326 creaturae
793 5278 942 5335 sunt,
1005 5281 1062 5324 et
1121 5270 1447 5338 participata
1503 5273 1731 5343 penitus
1775 5292 2062 5340 creaturas

2175 4648 2340 4702 supra
2371 4633 2544 4703 ipsam
2579 4644 2677 4699 per
2709 4642 2768 4682 se
2801 4635 3125 4697 potestatem
3153 4641 3167 4678 :
3197 4632 3251 4679 et
3280 4624 3428 4693 quod
3460 4636 3625 4692 supra
3659 4638 3767 4691 po-

2177 4733 2282 4782 test
2308 4720 2789 4779 innumerabiliter
2818 4718 3063 4774 intinltas
3117 4718 3255 4772 alias
3282 4723 3582 4787 potestates
3618 4730 3751 4784 pro-

2176 4823 2378 4878 ducere
2408 4839 2425 4887 ;
2457 4827 2511 4873 et
2545 4814 2692 4887 quod
2727 4814 2982 4879 inlinittn,
3027 4820 3081 4869 et
3113 4811 3332 4867 inﬁnito
3365 4825 3596 4866 numero
3623 4825 3767 4880 pro-

2178 4917 2356 4973 ductae
2382 4920 2678 4985 potestates
2706 4923 2988 4978 nunquam
3020 4914 3226 4976 queant
3253 4904 3516 4960 hebetare
3543 4912 3640 4958 aut
3668 4920 3763 4959 rc-

2182 5009 2412 5065 tundere
2450 5016 2783 5074 snpraqnam
2825 4999 3149 5055 inﬁnitatem
3201 4995 3546 5051 eﬂectionem
3599 5004 3768 5063 pote—

2176 5100 2336 5157 statis
2368 5099 2489 5167 ejus
2525 5091 2873 5165 potentiﬁcae,
2908 5089 3025 5144 haec
3053 5086 3220 5156 igitur
3256 5095 3504 5158 potestas
3540 5086 3632 5142 Dei
3671 5087 3766 5141 in-

2178 5191 2329 5249 tinite
2359 5196 2577 5260 potens,
2619 5184 2673 5238 in
2709 5181 2895 5237 omnia
2926 5193 3048 5248 quae
3080 5186 3232 5244 sunt,
3268 5185 3414 5233 meat
3441 5184 3497 5232 et
3523 5191 3764 5248 progre-

2173 5286 2348 5350 ditur,
2380 5280 2630 5348 nihilque
2659 5288 2852 5332 eorum
2887 5286 3010 5342 qua:
3042 5280 3191 5335 sunt,
3220 5271 3452 5327 omnino
3484 5268 3761 5326 nudatum

1971 5437 2244 5503 Sehoﬁa.

488 5573 521 5613 a
547 5558 713 5612 rebus
742 5556 1158 5629 exsistentibus,
1192 5534 1301 5611 non
1332 5565 1512 5613 tamen
1540 5558 1868 5629 simpliciter
1899 5564 2063 5618 abso-

485 5629 603 5685 luta
631 5639 684 5683 et
707 5629 1006 5695 abstracta,
1034 5628 1161 5696 quia
1200 5629 1255 5682 in
1284 5642 1340 5682 re
1367 5628 1770 5697 participantur
1792 5633 1864 5687 ab
1887 5635 2065 5690 exsis-

488 5701 760 5765 tentibus,
785 5710 840 5755 et
869 5709 1003 5755 sunt
1023 5698 1220 5755 ctfecta
1248 5714 1279 5751 a
1309 5699 1442 5765 Deo,
1467 5716 1500 5754 a
1534 5714 1647 5770 quo
1674 5704 1933 5771 pendent,
1962 5707 2069 5761 sed.

2169 5566 2289 5621 haec
2324 5562 2497 5629 magis
2546 5560 2854 5629 aduncae:
2880 5516 3018 5629 cap.
3084 5558 3117 5611 7
3168 5556 3391 5614 decadis
3440 5554 3497 5623 7,
3546 5552 3671 5611 dcc.
3726 5550 3780 5611 8

2171 5651 2296 5706 cap.
2326 5636 2382 5703 4,
2416 5626 2606 5688 Ῐὶεθὺὶι
2632 5626 2964 5698 intelligere.

562 5888 640 5960 (a)
681 5886 965 5956 Universe,
996 5896 1053 5943 ut
1083 5889 1192 5943 vita
1220 5886 1461 5943 omnium
1486 5886 1817 5956 viventium;
1850 5888 1903 5945 in
1933 5897 2108 5960 parte,
2142 5895 2200 5945 ut
2219 5886 2329 5945 vita
2356 5882 2638 5941 hominum
2666 5890 2760 5941 aut
2782 5878 3124 5954 angelorum,
3149 5889 3267 5936 etc,
