4048 6506
337 467 439 531 Βὲτ

1534 449 1862 516 ΙΟΑΝΝΙὸ
1891 446 2466 512 (ΞΥΡΑΗΙΒΞΙΟΊἾΕ

3519 451 3629 518 sas

339 571 676 632 immortales
708 573 842 638 sint,
865 579 921 628 et
953 579 1222 642 perpetuo
1259 569 1469 631 vivant,
1503 567 1599 623 sed
1631 583 1696 621 ex
1737 562 1918 620 viviii-
1948 559 1997 618 Δ
2027 567 2245 636 mundi,
2281 586 2402 639 qua:
2449 545 2697 640 apparet,
2745 579 2800 625 et
2853 584 3042 626 vocem
3086 567 3201 625 fere
3253 581 3349 638 per
3405 583 3468 624 ea
3498 585 3626 638 qua:

341 688 426 735 ca,
457 681 511 725 et
541 667 721 723 omnis
749 668 871 721 vitae
900 664 1175 720 eﬂectrice
1198 672 1252 719 et
1280 661 1692 718 conservatrice
1723 672 1915 719 causa,

341 775 397 819 et
426 763 572 818 sicut
615 759 932 815 dicebamus
960 756 1028 813 de
1071 771 1136 811 eo
1170 755 1266 826 qui
1301 763 1389 810 est
1421 753 1523 825 (i),
1573 765 1696 808 esse
1743 763 1919 805 aevum

345 852 518 922 ipsius
564 866 660 920 per
711 862 772 904 se
795 862 956 914 esse,
994 847 1076 901 sic
1119 845 1282 901 etiam
1319 845 1409 899 hic
1457 844 1570 898 vita
1621 840 1805 895 divina
1839 846 1922 892 est

345 959 446 1014 per
469 958 529 998 se
557 942 686 996 vita:
715 937 1040 994 viviﬁcatrix
1078 946 1134 992 et
1160 935 1426 1000 effectrix,
1455 943 1510 989 et
1541 932 1772 1002 largitur
1804 929 1920 1000 pri-

348 1049 499 1088 mum
542 1047 637 1102 per
663 1044 725 1086 se
753 1029 901 1093 vita,
952 1043 1076 1084 esse
1122 1027 1334 1092 vitam;
1382 1033 1437 1080 et
1482 1023 1633 1078 omni
1680 1021 1822 1078 vitae.
1871 1027 1926 1073 et

346 1125 549 1194 cuique
577 1123 727 1188 vita,
763 1135 888 1177 esse
919 1132 1366 1188 unamquamque
1392 1125 1519 1186 apte
1550 1115 1617 1170 ad
1667 1123 1921 1168 naturam

345 1208 503 1271 suam
533 1233 547 1281 ;
582 1223 637 1270 et
664 1213 847 1284 (quod
889 1213 1131 1269 divinius
1183 1211 1309 1280 est)
1345 1223 1447 1263 nos
1498 1216 1662 1268 totos,
1712 1204 1926 1260 animas

344 1307 494 1372 dico,
526 1315 581 1361 et
607 1319 863 1374 corpora,
896 1304 961 1358 ad
1006 1303 1302 1374 perfectam
1346 1314 1402 1357 et
1446 1298 1810 1354 immortalem
1844 1294 1925 1349 vi-

345 1407 457 1452 tam
514 1401 909 1454 translaturam
964 1413 1023 1455 se
1067 1397 1340 1469 promisit,
1393 1396 1444 1451 id
1492 1392 1638 1464 quod
1689 1388 1930 1460 antiqui-

347 1492 444 1545 tati
475 1490 551 1561 (2)
604 1491 826 1562 quidem
858 1500 1056 1560 prmter
1082 1499 1338 1544 naturam
1363 1500 1486 1542 esse
1516 1484 1756 1547 videtur,
1787 1479 1928 1535 mihi

347 1595 481 1636 vero
519 1588 575 1634 et
613 1579 713 1634 tibi
748 1587 802 1633 et
835 1579 1052 1635 veritati
1101 1579 1284 1633 divina
1320 1591 1432 1643 res,
1466 1585 1522 1630 et
1555 1587 1721 1642 supra
1761 1578 1929 1625 natu-

351 1687 514 1737 ram;
553 1685 720 1740 supra
749 1679 1006 1724 naturam
1046 1676 1292 1724 nostram
1339 1665 1488 1731 dico,
1520 1678 1643 1735 quae
1687 1661 1927 1722 videtur,

351 1780 468 1820 non
498 1770 682 1818 autem
718 1761 866 1816 illam
897 1759 1333 1828 omnipotentem
1371 1757 1496 1812 vita
1541 1754 1763 1820 divinat,
1798 1751 1930 1806 huic

2023 675 2367 729 cernuntur,
2419 663 2644 730 emittit,
2702 662 2849 732 quod
2908 661 3118 716 scilicet
3183 674 3213 714 a
3270 661 3380 714 Deo
3445 658 3623 716 factus

2030 759 2124 824 sit,
2162 767 2217 812 et
2247 772 2354 811 non
2389 755 2616 812 fortuito
2665 763 2813 810 tanta
2845 754 3122 825 sapientia
3163 767 3228 809 ea
3263 769 3387 824 qua;
3426 753 3616 808 cffccta

2025 858 2180 911 sunt,
2216 847 2442 903 decorat
2466 866 2479 913 ;
2507 856 2564 903 ut
2588 847 2734 901 enim
2761 886 2776 910 ,
2805 846 2935 902 Caeli
2956 854 3215 899 enarrant
3241 845 3472 916 gloriam
3501 846 3620 907 Dei.

2026 949 2076 995 et
2125 955 2256 1008 opus
2312 953 2565 992 manuum
2594 937 2711 1006 ejus
2760 935 3046 990 annuntiat
3079 937 3480 1006 firmamentum
3529 938 3616 991 “:

2025 1037 2306 1095 enarrant,
2341 1028 2588 1098 inquam,
2617 1029 2738 1083 sine
2775 1043 2950 1094 voce;
2978 1029 3105 1095 quia
3162 1044 3267 1083 non
3299 1039 3421 1082 sunt
3451 1045 3615 1093 voces,

2027 1136 2190 1190 neque
2215 1135 2478 1175 sermones
2511 1119 2616 1190 (5),
2646 1135 2874 1190 quorum
2899 1135 3003 1175 non
3026 1121 3323 1173 audiantur
3354 1135 3501 1174 voces
3532 1137 3618 1174 eo-

2028 1228 2150 1267 rum
2166 1213 2209 1244 "
2238 1229 2253 1267 :
2288 1213 2354 1268 ad
2379 1213 2632 1268 eumdem
2665 1213 2889 1268 modum
2921 1221 3052 1270 sunt
3081 1213 3306 1283 quidam
3331 1227 3614 1268 sermones

2031 1304 2321 1372 sapientiai
2353 1304 2661 1373 antiquitus
2689 1303 2874 1370 editas,
2912 1319 3036 1375 quae
3065 1312 3192 1360 ante
3219 1303 3326 1358 alia
3355 1304 3412 1358 in
3440 1303 3610 1359 fabri-

2029 1400 2248 1455 catione
2282 1398 2471 1454 mundi
2495 1413 2620 1453 cum
2646 1406 2898 1453 creatura
2936 1398 3314 1453 conseminata
3341 1407 3461 1460 est;
3498 1397 3612 1452 haec

2031 1499 2242 1556 tacens,
2276 1507 2437 1546 suum
2469 1490 2812 1546 conditorem
2855 1499 2910 1545 et
2960 1490 3248 1543 Dominum
3295 1489 3518 1551 clamat,
3555 1499 3613 1542 ut

2030 1600 2130 1655 per
2157 1599 2277 1638 eam
2311 1585 2376 1638 ad
2409 1585 2759 1655 cogitandum
2791 1599 2915 1640 eum
2942 1585 3036 1653 qui
3070 1583 3222 1638 solus
3247 1591 3330 1637 est
3357 1583 3606 1650 sapiens,

2031 1685 2086 1730 te
2124 1674 2354 1733 releras.
2387 1675 2468 1731 Ex
2512 1675 2715 1745 quibus
2756 1677 2951 1746 liquet,
3001 1675 3147 1750 quod
3203 1675 3334 1734 vita.
3391 1690 3511 1743 qure
3557 1676 3610 1730 iu

2033 1769 2146 1823 Deo
2177 1776 2261 1823 est
2293 1782 2628 1838 supraquam
2660 1766 2836 1830 unite,
2869 1775 2925 1820 et
2955 1765 3243 1836 sapientia,
3281 1773 3334 1818 et
3359 1764 3610 1827 scientia,

351 1857 525 1920 enim,
563 1863 626 1910 ut
656 1870 774 1924 quae
803 1853 875 1909 sit
907 1853 1153 1908 omnium
1185 1850 1447 1912 vitarum,
1481 1856 1535 1902 et
1564 1859 1757 1901 earum
1789 1857 1929 1913 prte-

2035 1865 2089 1913 et
2119 1873 2292 1922 mens,
2320 1868 2376 1912 et
2406 1858 2656 1923 verbum,
2685 1867 2738 1912 et
2775 1856 3128 1927 intelligentia
3161 1873 3228 1910 ex
3258 1855 3430 1910 nihilo
3461 1867 3603 1912 creat
3646 1841 3650 1846 ⁵

351 1947 542 2002 sertim
591 1961 715 2016 quas
746 1944 1045 1999 diviniores
1089 1953 1239 2007 sunt,
1273 1951 1494 2004 natura,
1522 1938 1670 1992 nulla
1698 1937 1810 1992 vita
1848 1943 1933 1990 est

351 2049 547 2111 praeter
573 2045 825 2093 naturam
850 2046 942 2090 aut
966 2050 1130 2102 supra
1159 2043 1431 2089 naturam.
1456 2030 1718 2097 Quaedam
1750 2028 1934 2097 itaque

358 2128 739 2185 adnotanshic
775 2128 836 2184 S.
869 2127 1164 2190 Maximus,
1188 2122 1508 2195 Συνοχικὴν,
1540 2123 1594 2177 id
1615 2132 1723 2186 est,
1754 2119 1936 2174 conti-

353 2228 570 2275 nentem
603 2233 826 2274 causam
853 2217 1092 2283 vocavit,
1125 2214 1330 2284 inquit,
1355 2212 1522 2267 vitam
1547 2210 1814 2275 divinam,
1843 2214 1934 2262 ut-

352 2319 477 2379 pote
491 2323 612 2379 quae
625 2321 734 2362 non
754 2306 930 2362 solum
945 2306 1112 2380 vitam
1141 2303 1196 2358 in
1220 2318 1401 2358 rerum
1425 2308 1621 2356 natura
1643 2297 1933 2361 creaverit,

353 2400 446 2455 sed
479 2415 601 2468 quae
627 2397 794 2453 vitam
848 2397 1126 2451 contineat
1172 2403 1228 2448 et
1259 2399 1570 2456 conservet,
1603 2399 1665 2445 ut
1695 2387 1855 2442 duret
1882 2393 1936 2439 et

354 2495 695 2557 permaneat,
717 2495 771 2542 et
788 2500 980 2540 rursus
1001 2484 1056 2539 in
1082 2483 1287 2537 eisdem
1313 2499 1328 2536 ε
1352 2479 1505 2534 Hanc
1521 2479 1712 2543 vitam,
1735 2475 1933 2546 inquit,

357 2580 662 2636 secundum
695 2577 1060 2635 substantiam
1089 2573 1392 2629 fabricatus
1420 2571 1582 2632 Deus,
1607 2569 1674 2624 ad
1709 2570 1933 2622 immor-

357 2673 566 2728 talitcm
597 2670 808 2741 angelis
852 2680 908 2724 et
956 2666 1159 2722 animis
1211 2665 1418 2720 nostris
1467 2661 1668 2718 eﬂecit.
1722 2660 1934 2717 Rursus

359 2765 501 2819 idem
538 2743 828 2834 Dionysius
856 2761 909 2815 in
943 2759 1182 2829 septimo
1214 2756 1394 2826 capite
1427 2753 1502 2809 De
1544 2752 1737 2807 divinis
1765 2753 1936 2806 nomi-

356 2857 512 2912 nibus
538 2873 558 2912 :
589 2855 743 2911 l-lanc
771 2854 941 2925 igitur
971 2847 1205 2907 rationis
1234 2856 1537 2920 expertem,
1571 2855 1626 2901 et
1653 2854 1930 2901 amentem

357 2959 524 3016 atque
558 2945 768 2999 fatuam
820 2942 1148 3014 sapientiam
1183 2938 1468 3009 superlata
1499 2937 1810 3001 laudantes,
1845 2937 1933 2992 tli-

359 3038 544 3092 ximus
576 3036 757 3090 omnis
787 3037 990 3088 mentis
1017 3041 1073 3088 et
1100 3032 1356 3100 rationis,
1383 3030 1674 3101 omnisque
1710 3031 1934 3101 sapien-

358 3127 449 3179 tiae
493 3133 548 3178 et
578 3124 953 3194 intelligentiae
984 3138 1207 3178 causam
1252 3137 1418 3188 esse;
1478 3127 1532 3176 et
1581 3121 1757 3190 ipsius
1809 3135 1934 3176 esse

359 3228 523 3268 omne
547 3213 864 3278 consilium,
895 3221 951 3266 et
981 3213 1049 3267 ab
1077 3226 1138 3266 ea
1187 3225 1406 3268 omnem
1439 3209 1724 3267 scientiam
1763 3219 1816 3264 et
1851 3209 1934 3263 iu-

361 3307 718 3375 telligentiam
767 3304 1068 3374 proﬁcisci,
1102 3313 1157 3358 et
1191 3302 1248 3357 in
1301 3317 1366 3358 ea
1415 3316 1611 3359 omnes
1646 3302 1936 3358 thesauros

361 3396 646 3467 sapientia:
698 3404 753 3451 et
799 3396 1041 3452 scientiae
1092 3395 1448 3453 absconditos
1505 3410 1670 3462 esse;
1731 3395 1936 3451 etenim

363 3488 758 3544 convenienter
791 3489 858 3544 iis
900 3503 1022 3558 quae
1057 3499 1216 3544 antea
1256 3489 1406 3545 dicta
1453 3499 1606 3558 sunt,
1640 3501 1808 3544 causa
1847 3504 1941 3545 su-

363 3594 630 3649 praquam
658 3579 901 3650 sapiens,
933 3589 988 3634 et
1029 3579 1217 3635 omnia
1259 3578 1443 3636 sciens
1479 3594 1576 3649 per
1619 3593 1681 3634 se
1721 3580 1976 3649 sapien-t

365 3675 475 3736 tiae.
511 3682 565 3727 et
613 3673 782 3728 totius
815 3673 1120 3743 sapientiae,
1145 3681 1201 3728 et
1245 3673 1420 3744 partis
1459 3671 1706 3727 effectrix
1745 3681 1848 3728 est.
1880 3672 1939 3727 In

366 3763 528 3833 hujus
561 3764 764 3835 capitis
796 3764 1246 3820 adnotationibus
1288 3765 1350 3819 ὃ.
1383 3762 1655 3820 Maximus
1683 3781 1697 3818 :
1743 3763 1937 3834 Omne,

365 3856 567 3926 inquit,
598 3857 982 3927 participatum
1012 3856 1296 3924 antiquius
1324 3863 1412 3910 est
1450 3853 1519 3910 iis
1555 3869 1679 3925 quae
1715 3865 1843 3910 sunt
1872 3870 1937 3912 ex

364 3949 506 4016 ipso,
540 3963 713 4018 quare
747 3946 891 4004 Deus
937 3958 992 4002 et
1030 3963 1208 4002 aevum
1258 3953 1314 4002 et
1347 3955 1566 4017 tempus
1605 3949 1824 4018 proprie
1847 3963 1944 4004 no-

364 4039 629 4107 minatur,
648 4049 708 4093 ut
742 4040 836 4108 qui
866 4038 1066 4092 saecula
1091 4046 1148 4092 et
1177 4047 1426 4106 tempora
1469 4037 1619 4103 fecit,
1657 4040 1737 4094 sic
1775 4039 1944 4109 igitur

365 4133 502 4185 etin
539 4131 647 4184 vita
695 4130 832 4184 etin
883 4129 1152 4199 sapientia
1202 4127 1493 4186 dicendum
1528 4138 1633 4196 est,
1687 4132 1816 4201 quia
1850 4145 1945 4188 ea-

369 4236 490 4275 rum
537 4228 622 4275 est
653 4231 864 4275 auctor.
902 4221 966 4274 Et
997 4235 1194 4275 rursus
1224 4219 1366 4275 idem
1393 4238 1408 4278 :
1440 4219 1600 4286 Quia,
1635 4223 1833 4292 inquit,
1887 4224 1943 4278 in

370 4312 642 4382 sapientia
672 4311 765 4366 Dei
794 4327 899 4365 non
925 4313 1179 4381 cognovit
1211 4312 1453 4369 mundus
1490 4328 1586 4383 per
1616 4315 1942 4384 sapientiam

374 4400 547 4455 Deum
569 4401 654 4466 “;
688 4416 785 4471 per
811 4401 1161 4472 sapientiam,
1183 4403 1432 4473 inquam,
1471 4419 1592 4474 quae
1621 4405 1673 4459 in
1701 4421 1939 4464 concen-

373 4502 428 4546 tu
461 4501 515 4547 et
547 4493 739 4547 ordine
783 4503 1050 4549 creaturae
1079 4504 1308 4565 apparet
1345 4504 1401 4550 et
1430 4501 1696 4555 cernitur.
1743 4501 1860 4558 lmo
1886 4513 1942 4561 et

374 4599 612 4664 magnus
641 4582 875 4640 Basilius
922 4587 977 4640 in
1022 4585 1351 4656 principium
1400 4589 1844 4660 Proverbiorum,
1879 4608 1934 4654 et
1971 4567 2017 4625 θ

375 4676 626 4754 denique
656 4677 710 4732 in
759 4677 914 4743 illud,
961 4677 1218 4732 Dominus
1258 4681 1454 4735 creavit
1503 4699 1585 4738 me
1613 4687 1934 4759 principium

369 4768 581 4822 riarum
619 4786 837 4824 suarum
859 4771 948 4826 ηε
990 4770 1280 4842 Loquitur,
1316 4775 1516 4845 inquit,
1547 4777 1614 4833 de
1654 4783 1923 4849 sapientia

2035 1949 2206 2019 ipsam
2236 1949 2345 2005 late
2389 1958 2680 2018 patentem,
2733 1957 2790 2003 et
2845 1963 2970 2003 cum
3019 1955 3271 2002 creatura
3330 1946 3592 2000 conditam

2033 2058 2130 2112 per
2167 2058 2226 2099 se
2258 2045 2449 2108 vitam,
2478 2052 2535 2099 et
2553 2057 2659 2119 ’δι’
2695 2058 2756 2099 se
2785 2040 3109 2112 sapientiam
3139 2058 3154 2107 ;
3191 2050 3246 2096 et
3277 2056 3338 2096 ea
3370 2056 3487 2110 quae
3513 2055 3602 2094 se-

2031 2137 2274 2192 cundum
2312 2136 2488 2206 ipsam
2529 2149 2628 2205 per
2656 2149 2714 2190 se
2757 2135 2923 2189 vitam
2974 2133 3187 2200 vivunt,
3222 2142 3278 2188 et
3303 2132 3602 2188 secundum

2032 2230 2206 2299 ipsam
2238 2243 2335 2298 per
2363 2242 2423 2282 se
2451 2227 2774 2294 sapientiam
2805 2225 3051 2295 sapiunt,
3083 2234 3142 2280 et
3174 2238 3393 2279 omnem
3439 2223 3603 2277 aliam

2033 2323 2219 2383 vitam,
2248 2329 2303 2375 et
2331 2319 2677 2387 sapientiam,
2713 2332 2837 2388 quae
2875 2317 2932 2371 in
2969 2316 3038 2371 iis
3066 2331 3192 2385 quae
3219 2323 3370 2378 sunt,
3398 2315 3608 2384 reperi-

2033 2425 2144 2485 tur,
2171 2413 2319 2482 atqui
2345 2419 2529 2482 patent
2554 2411 2720 2466 etiam
2749 2409 3131 2480 proprietates,
3157 2408 3270 2463 vita
3301 2407 3443 2464 enim
3476 2415 3597 2461 ten-

2033 2505 2180 2560 ditur
2212 2504 2265 2559 in
2298 2503 2534 2558 viventia
2567 2510 2780 2557 tantum
2809 2519 2824 2566 ;
2853 2512 2908 2556 et
2936 2499 3354 2556 immortalitate
3381 2497 3604 2567 quidem

2035 2597 2273 2668 praeditis
2298 2595 2512 2667 species
2546 2595 2691 2660 vitae,
2722 2601 2778 2650 et
2804 2593 3110 2663 subjectum
3141 2589 3376 2646 emcitur
3406 2607 3422 2654 ;
3461 2604 3612 2658 prae-

2035 2689 2162 2745 ditis
2207 2703 2334 2744 vero
2365 2701 2596 2757 corpore
2636 2683 2866 2741 edicitur
2907 2683 3226 2739 continuata
3281 2681 3450 2736 motio
3484 2694 3614 2734 cor-

2034 2781 2182 2851 poris
2207 2796 2225 2847 ;
2259 2778 2524 2848 sapientia
2552 2791 2683 2832 vero
2711 2776 2894 2831 minus
2927 2776 3036 2830 late
3071 2781 3237 2844 patet,
3269 2786 3435 2841 quam
3463 2770 3569 2824 vita
3591 2807 3608 2832 ,

2035 2873 2306 2941 siquidem
2341 2872 2397 2924 in
2429 2885 2492 2926 ea
2525 2878 2737 2925 tantum
2779 2866 3100 2938 porrigitur,
3129 2878 3252 2934 quae
3285 2861 3607 2932 sapientiam

2036 2967 2257 3029 habent,
2283 2972 2444 3032 atque
2477 2963 2530 3016 in
2558 2960 2764 3030 angelis
2793 2959 3014 3029 quidem
3041 2954 3441 3012 immortalibus
3464 2966 3616 3021 aque

2035 3069 2182 3132 patet
2216 3059 2322 3113 vita
2347 3065 2402 3111 et
2423 3054 2687 3125 sapientia
2715 3072 2730 3120 ;
2754 3053 2808 3108 in
2835 3053 2900 3108 iis
2922 3066 3049 3108 vero
3066 3064 3186 3121 quae
3212 3048 3458 3104 sentiunt
3487 3054 3608 3100 ten-

2035 3154 2182 3208 ditur
2197 3151 2374 3207 solum
2393 3148 2528 3214 vita;
2549 3148 2603 3202 in
2623 3146 2862 3202 essolum
2878 3142 3173 3213 porrigitur
3187 3141 3470 3210 sapientia,
3493 3153 3617 3209 qua

1962 3235 2008 3294 ο
2042 3249 2252 3310 ratione
2275 3245 2498 3316 pratdlta
2519 3252 2650 3301 sunt
2673 3259 2689 3308 ;
2719 3248 2773 3297 et
2803 3241 2856 3296 in
2878 3241 2964 3295 his
2984 3253 3094 3294 non
3118 3251 3312 3293 omnes
3333 3235 3616 3305 sapientia

2040 3336 2330 3408 participes
2357 3343 2508 3400 sunt,
2535 3333 2630 3388 sed
2655 3332 2747 3404 qui
2776 3337 3056 3386 amatores
3081 3327 3363 3394 sapientiae
3391 3325 3616 3381 fuerunt

2038 3431 2124 3485 vel
2155 3435 2378 3500 propter
2405 3424 2650 3482 studium
2683 3421 2950 3478 divinitus
3007 3419 3318 3482 incensum,
3375 3424 3468 3472 aut
3496 3429 3619 3485 pro-

2040 3532 2168 3595 pter
2214 3520 2490 3575 sinceram
2526 3514 2893 3594 disciplinam,
2928 3521 3025 3567 aut
3056 3518 3274 3582 propter
3305 3517 3617 3575 utrumque.

2039 3615 2332 3675 Praeterea,
2367 3607 2601 3664 viventia
2641 3605 2862 3678 quidem
2907 3611 3103 3659 natura
3144 3600 3338 3662 sortita
3378 3607 3508 3654 sunt
3535 3599 3616 3651 vi-

2042 3717 2151 3763 tam
2179 3722 2196 3770 ;
2226 3702 2321 3774 qui
2355 3715 2486 3757 vero
2517 3695 2844 3769 sapientiam
2876 3695 3101 3761 habent,
3132 3691 3316 3747 idonei
3355 3698 3410 3746 et
3437 3689 3616 3744 studio

2041 3801 2282 3857 scientiae
2308 3796 2476 3855 dediti
2508 3794 2754 3859 fuerunt,
2791 3791 2991 3847 deinde
3036 3788 3310 3858 sapientia
3342 3785 3462 3855 ejus
3493 3799 3619 3853 par-

2042 3894 2115 3950 tis
2139 3892 2335 3947 animat
2359 3898 2462 3956 est,
2492 3902 2613 3958 qum
2644 3887 2699 3941 in
2723 3881 3450 3952 contemplatiouefversatur
3471 3895 3487 3942 ;
3511 3877 3616 3929 vita

2042 3994 2222 4044 autem
2255 3983 2475 4040 habitus
2503 3989 2590 4037 est
2622 3975 3005 4035 substantialis
3036 3972 3360 4042 congenitus
3391 3971 3508 4026 sine
3530 3969 3616 4022 in—

2044 4077 2396 4136 termissione
2421 4071 2758 4145 operationis
2788 4069 2856 4124 iis
2893 4081 3017 4138 quae
3049 4071 3178 4135 apta
3215 4073 3344 4119 sunt
3380 4062 3446 4118 ad
3476 4059 3616 4116 reci-

2043 4171 2302 4244 piendum
2323 4183 2472 4234 eum,
2499 4172 2770 4237 quantum
2800 4161 2968 4232 recipi
3001 4167 3203 4230 potest.

2565 4360 2568 4363 -
2617 4315 2852 4376 CAPUT
2895 4315 3033 4373 Vill.

2047 4443 2122 4500 De
2149 4457 2295 4510 pace,
2330 4446 2379 4493 et
2404 4434 2682 4510 parvitate,
2708 4441 2757 4486 et
2787 4429 3175 4510 magnitudine.
3208 4436 3258 4481 et
3294 4426 3543 4510 statione,
3572 4430 3622 4477 et

2116 4495 2295 4572 motu:
2320 4519 2368 4561 et
2397 4495 2462 4561 de
2485 4495 2675 4562 altera,
2699 4512 2748 4555 et
2779 4504 2842 4555 de
2867 4495 3249 4572 simititudine:
3274 4507 3322 4550 et
3349 4495 3486 4566 quod
3513 4495 3622 4572 tunc

2119 4567 2173 4637 in
2210 4567 2317 4634 Deo
2349 4593 2456 4631 una
2483 4591 2588 4644 pax
2620 4574 2762 4634 sint;
2791 4582 2944 4625 extra
2981 4570 3146 4623 Deum
3179 4579 3361 4644 autent
3387 4576 3443 4618 ut
3472 4567 3537 4618 ab
3563 4579 3620 4618 eo

2119 4653 2284 4721 facta,
2310 4639 2517 4721 diversa
2547 4653 2698 4708 sunt;
2739 4651 2788 4696 et
2810 4657 2928 4711 qua:
2963 4655 3145 4694 eorum
3181 4639 3551 4708 proprietates.

2115 4785 2343 4855 Magnus
2374 4775 2666 4848 Dionysius
2698 4788 2818 4847 cap.
2843 4775 2931 4841 il,
2957 4773 3032 4830 De
3055 4773 3245 4828 divinis
3281 4770 3620 4827 nominibus:

447 4892 492 4922 ιδ
521 4889 536 4943 l
562 4892 745 4960 Cor.t,
768 4891 860 4948 25.
937 4891 984 4926 ⁸⁸
1026 4891 1190 4949 Prov.
1214 4909 1331 4964 vnt,
1365 4896 1457 4954 ‘22.
1535 4902 1580 4934 ⁸⁸
1640 4901 1787 4963 Psal.
1813 4922 1936 4965 xvtn

2037 4911 2094 4968 Δ..
2168 4905 2212 4946 υ
2249 4901 2385 4958 ibid.
2447 4897 2504 4953 2.

1839 5021 2114 5086 Scholia.

447 5136 524 5212 ti)
558 5135 626 5190 Et
672 5135 802 5189 sicut
834 5137 1131 5212 dicebamus
1158 5140 1236 5212 de
1265 5158 1324 5194 eo
1350 5143 1438 5212 qui
1480 5153 1589 5207 est,
1630 5157 1742 5195 esse
1780 5158 1946 5198 aevum

374 5210 544 5289 ipsius
579 5222 670 5276 per
700 5223 756 5261 se
803 5223 933 5289 esse.
972 5208 1083 5289 Hoc
1116 5211 1329 5266 dixerat
1357 5208 1478 5279 cap.
1512 5212 1587 5289 5,_
1609 5225 1733 5264 cum
1785 5213 1945 5280 dixit,

375 5281 583 5332 cntium
613 5292 814 5339 aevum,
850 5281 994 5334 sicut
1037 5291 1219 5335 autem
1263 5290 1346 5335 est
1383 5284 1683 5334 secundum
1713 5295 1941 5337 causam

376 5358 626 5416 tempus,
679 5356 735 5402 et
758 5363 820 5404 ea
851 5365 972 5419 qua:
1005 5351 1142 5405 liunt
1170 5351 1414 5418 subjecta
1450 5350 1680 5418 tempori
1707 5367 1721 5414 ;
1760 5352 1838 5406 sic
1863 5363 1949 5409 est

384 5420 551 5470 etiam
585 5422 882 5473 secundum
915 5435 1140 5476 causam
1188 5433 1363 5473 aevum
1391 5456 1408 5482 ,
1440 5427 1496 5473 et
1541 5433 1627 5484 ea,
1658 5420 1713 5474 in
1745 5423 1947 5491 quibus

377 5499 462 5543 εει
488 5503 686 5542 aevum.

453 5556 531 5622 (2)
579 5559 919 5628 Antiquitati.
971 5559 1362 5626 Antiquitatem
1415 5568 1568 5613 vocat
1617 5561 1844 5615 stultam
1895 5571 1948 5616 et

383 5627 944 5704 f.ttttatn__otiiniottem
972 5628 1282 5704 gentilium,
1308 5630 1456 5704 ul_S.
1483 5628 1752 5704 Maximus
1785 5645 1947 5690 nota-

383 5698 994 5772 t_um_reliqt_tit,_itaque
1028 5712 1134 5752 non
1173 5699 1800 5772 antiquissimpliciter,
1845 5709 1942 5762 sed

387 5768 550 5822 fatuis
583 5766 827 5833 antiquis
859 5766 1036 5822 visum
1064 5783 1190 5822 esse
1217 5766 1322 5824 hoc
1344 5769 1491 5826 dicit.

455 5836 535 5905 (ὅ)
558 5834 739 5919 tyeque
770 5852 1051 5919 sermones.
1083 5838 1175 5919 _Sic
1198 5840 1361 5919 etiam
1399 5841 1621 5910 intelligi
1642 5852 1816 5919 potest
1851 5847 1939 5901 hic

390 5905 538 5963 locus
557 5907 870 5976 Scriptura,
891 5908 1097 5966 scilicet
1123 5911 1255 5967 nulli
1279 5927 1501 5982 usquam
1521 5905 1654 5968 sunt
1668 5913 1934 5972 homines.

2053 5157 2385 5216 quacunque
2420 5141 2603 5216 lingua
2635 5147 2690 5193 et
2721 5137 3328 5216 sermonenloquantur,
3369 5136 3462 5205 qui
3513 5151 3619 5216 non

2052 5207 2366 5276 audiant'ct
2400 5207 2706 5282 percipiant
2733 5247 2748 5271 ,
2786 5209 2917 5277 quid
2953 5208 3376 5282 dies_et_noc_tes
3409 5207 3620 5282 sua‘illa

2051 5287 2354 5356 composita
2380 5277 2436 5338 et
2475 5277 2822 5356 ratamutuae
2845 5277 3212 5356 successionis
3230 5277 3622 5356 vicissitudine

2055 5347 2450 5428 praedicentet
2493 5351 2795 5428 declarent,
2842 5347 3336 5428 nempehuotitiam
3361 5347 3491 5428 Dei,
3529 5347 3622 5415 qui

2049 5416 2234 5481 omnia
2287 5423 2434 5486 fecit,
2471 5420 2809 5484 moderatur,
2841 5425 2895 5470 et
2945 5417 3102 5484 regit.
3143 5416 3241 5486 Est
3261 5426 3463 5486 autem
3496 5431 3625 5470 con-

2048 5496 2286 5552 structio
2322 5494 2619 5548 verborum
2663 5487 2941 5542 idiomatis
2971 5487 3144 5541 Graeci
3175 5503 3189 5541 :
3231 5485 3349 5540 Non
3380 5495 3508 5540 sunt
3539 5487 3624 5540 lo-

2046 5569 2246 5639 quelze,
2277 5578 2455 5639 neque
2486 5573 2790 5639 sermones,
2823 5557 3106 5639 hominum
3134 5557 3366 5639 scilicet,
3388 5571 3622 5625 quorum

2054 5627 2161 5692 non
2194 5627 2513 5698 audiantur,
2550 5629 2601 5683 id
2631 5637 2735 5690 est,
2769 5642 2798 5678 a
2829 5627 3031 5696 quibus
3064 5643 3169 5682 non
3203 5627 3502 5682 audiantur
3529 5639 3625 5698 vo-

2046 5723 2137 5762 ces
2159 5719 2374 5767 eorum,
2407 5696 2619 5756 dierum
2641 5698 2850 5754 scilicet
2884 5705 2940 5752 et
2977 5698 3214 5753 noctium
3242 5714 3258 5763 ;
3297 5698 3377 5754 sic
3411 5696 3626 5750 intelle-

2047 5779 2128 5832 xit
2157 5775 2427 5830 Eusebius
2449 5767 2810 5828 Caesariensis
2834 5768 2892 5824 in
2915 5767 3340 5825 Commentariis
3362 5767 3477 5826 suis
3501 5779 3628 5821 eru-

2048 5845 2358 5903 ditissimis.
