4048 6426
423 379 529 446 8Z9

1141 380 1380 442 DECAS
1420 380 1486 444 V.
1527 406 1592 418 ·-
1629 381 1728 442 DE
1753 383 2422 453 PROPRIETATIBUS
2456 393 2696 458 DIVIN.
2739 395 3011 461 NOMIN.

3601 403 3713 468 830

424 500 501 554 De
535 498 655 568 ipsa
705 494 872 567 igitur
901 495 1086 552 divina
1122 510 1276 568 pace,
1308 506 1363 554 et
1392 497 1610 552 silentio
1636 537 1650 560 ,
1685 513 1848 567 quam
1882 515 2012 555 san-
2041 501 2085 560 Δ
2117 517 2240 558 nem
2277 505 2399 571 ejus
2430 509 2638 564 unitam
2667 550 2682 574 ,
2725 521 2780 566 et
2817 512 3118 570 uniformes
3153 515 3528 572 emanationes
3559 520 3710 573 ntul-

423 602 545 648 ctns
576 590 770 648 Justus
807 599 966 646 vocat
994 590 1333 659 ἀφθεγξῐαν,
1366 589 1418 646 id
1448 599 1565 655 est,
1604 590 1973 646 insonantiam
1997 631 2014 657 ,

421 695 477 742 et
500 684 814 756 ἀκινησίαν,
845 683 896 738 id
918 691 1022 746 est,
1053 681 1495 737 immobilitatem
1522 682 1589 737 ad
1618 697 1835 738 omnem
1864 697 2018 738 ema-

427 777 734 844 natiouem,
776 791 900 846 qua:
929 773 1200 838 noscitur,
1231 774 1492 843 quidnam
1528 783 1633 840 est,
1658 781 1714 828 et
1741 775 2016 844 quomodo

423 872 568 928 Deus
600 869 856 940 quiescit,
879 879 932 925 et
967 867 1108 934 silet,
1143 879 1198 922 et
1231 867 1505 936 quomodo
1527 867 1581 922 in
1609 882 1669 923 se
1697 874 1752 922 et
1787 867 1924 922 intra
1960 881 2018 924 se

423 973 530 1032 est,
575 972 630 1019 et
660 970 808 1018 totus
840 976 1027 1019 secum
1055 967 1140 1015 est
1184 974 1520 1031 supraquam
1555 959 1772 1024 unitus,
1816 967 1872 1016 et
1917 974 2016 1014 nec

426 1058 482 1113 in
510 1072 570 1112 se
601 1054 937 1127 ingrediens,
988 1060 1044 1108 et
1086 1066 1146 1109 se
1197 1053 1314 1121 ipse
1364 1050 1734 1121 multiplicans
1760 1093 1776 1118 ,
1811 1050 2017 1106 deserit

426 1149 726 1212 unionem;
763 1144 895 1215 quin
946 1142 1131 1215 potius
1181 1141 1249 1197 ad
1293 1142 1479 1197 omnia
1514 1141 1816 1214 egreditur,
1864 1151 2016 1199 totus

427 1242 576 1298 intus
606 1252 835 1294 manens
868 1245 1093 1308 propter
1124 1234 1508 1291 excellentiam
1560 1235 1782 1291 unionis
1831 1236 2015 1291 omnia

429 1333 834 1405 exsuperantis,
861 1346 1038 1400 neque
1073 1330 1275 1393 dicere,
1312 1344 1491 1398 neque
1521 1327 1765 1398 cogitare
1798 1328 1892 1390 ulli
1923 1343 2019 1384 eo-

433 1443 553 1481 rum
590 1426 684 1495 qui
727 1433 874 1488 sunt,
911 1423 994 1478 Ias
1032 1431 1136 1486 est,
1188 1436 1366 1490 neque
1410 1420 1695 1490 possibile.
1743 1419 1849 1475 Sed
1890 1435 2015 1475 cum

437 1520 539 1574 hoc
575 1517 775 1587 alioqui
817 1514 997 1585 eloqui
1030 1527 1140 1568 non
1191 1512 1489 1583 possimus,
1523 1526 1622 1567 nec
1652 1512 2017 1582 intelligentia

437 1607 697 1678 assequi,
735 1605 799 1660 ad
836 1606 1006 1672 ipsam
1049 1612 1229 1658 tamen
1268 1603 1513 1658 divinam
1565 1617 1752 1672 pacem
1786 1612 1847 1659 ut
1875 1603 2017 1658 ultra

437 1700 619 1754 omnia
649 1697 880 1768 positam
917 1710 1137 1753 sursum
1165 1693 1363 1760 evecti,
1391 1693 1844 1764 participationes
1873 1693 2015 1763 ejus,

433 1807 554 1862 quze
593 1789 966 1860 intelliguntur
1013 1796 1067 1843 et
1109 1785 1490 1849 nominantur,
1541 1783 1706 1852 idque
1752 1791 2015 1853 quantum

434 1882 682 1937 homines
707 1918 722 1944 ,
754 1887 810 1934 ει
855 1893 956 1932 nos
994 1876 1302 1946 praesertim
1336 1874 1424 1944 qui
1475 1873 1662 1946 multis
1691 1872 1852 1928 bonis
1881 1872 2014 1928 viris

432 1973 670 2043 impares
716 1984 933 2035 sumus,
969 1966 1237 2037 consequi
1273 1945 1612 2036 possumus,
1642 1963 2010 2018 attendamus.

431 2066 508 2121 Ac
537 2065 770 2136 primum
801 2059 1018 2133 quidem
1049 2058 1341 2116 dicendum
1379 2065 1464 2115 est
1495 2057 1620 2124 hoc,
1661 2055 1806 2126 quod
1835 2071 1932 2126 per
1956 2070 2016 2112 se

431 2159 584 2232 pacis
613 2198 628 2222 ,
659 2171 713 2211 et
745 2155 891 2224 pacis
931 2154 985 2208 in
1021 2153 1342 2208 universum
1390 2149 1754 2206 considerata:
1786 2190 1801 2216 ,
1855 2159 1909 2204 et
1959 2149 2014 2203 in

433 2262 609 2322 parte,
661 2247 884 2303 cliector
937 2254 1022 2300 est
1071 2245 1216 2299 Deus
1248 2284 1264 2309 ,
1299 2253 1354 2299 et
1383 2242 1528 2314 quod
1569 2241 1754 2298 omnia
1787 2241 1928 2297 inter
1960 2257 2017 2298 se

434 2352 623 2398 mutuo
662 2339 1053 2409 conjunctione
1092 2338 1344 2407 ipsorum
1380 2351 1491 2392 non
1525 2334 1753 2391 confusa
1787 2334 2021 2390 commi-

432 2443 576 2496 scet;
603 2448 710 2503 qua
739 2425 1126 2502 conjunctione
1150 2427 1484 2484 cohaerentia
1514 2426 1632 2481 sine
1671 2425 1941 2480 divisione
1969 2431 2023 2479 et
2051 2475 2055 2481 .

434 2524 692 2579 distantia
715 2562 730 2586 ,
760 2521 971 2591 singula
1009 2529 1189 2573 tamen
1227 2516 1528 2572 secundum
1563 2515 1842 2586 prepriam
1897 2530 2022 2585 spe-

436 2618 574 2671 ciem
619 2631 752 2684 pura
799 2614 1137 2675 consistunt,
1187 2626 1295 2666 non
1331 2610 1549 2665 turbata
1585 2625 1680 2678 per
1710 2608 2022 2663 concretio-

436 2722 558 2762 nem
597 2706 1023 2762 cantrariorum.
1075 2703 1142 2758 Et
1170 2702 1336 2773 paulo
1369 2710 1529 2772 post:
1556 2700 1622 2756 Et
1651 2709 1734 2756 est
1760 2741 1776 2767 ,
1809 2700 2025 2770 inquit,

433 2797 674 2870 perfecta
703 2799 793 2853 illa
826 2813 931 2868 pax
961 2794 1400 2865 uniuscujusque
1431 2793 1786 2864 preprietatis
1824 2794 2028 2864 imper-

434 2893 613 2946 mistaa
674 2890 1088 2954 conservatrix,
1149 2902 1248 2957 per
1296 2887 1668 2958 providentias
1704 2901 1835 2943 suas
1881 2887 2030 2957 pacis

433 2978 758 3055 largitrices,
787 2984 968 3038 omnia
1001 2985 1144 3037 inter
1166 2996 1225 3038 se
1256 2980 1370 3051 ipsa
1403 2990 1456 3034 et
1485 2995 1606 3034 cum
1638 2980 1760 3037 aliis
1791 2980 1907 3035 sine
1939 2995 2030 3034 se-

439 3075 644 3130 ditione
668 3086 725 3130 et
749 3073 1071 3129 confusione
1099 3071 1436 3128 custodiens.
1471 3069 1614 3136 Quid
1664 3079 1846 3124 autem
1874 3069 2029 3124 dica-

2046 1839 2095 1899 B

2119 593 2322 662 tiplicis
2356 593 2520 654 fmtus
2570 598 2626 652 in
2672 601 2877 654 omnia.
2915 599 2980 654 Et
3015 601 3215 657 iterum
3252 619 3268 658 :
3298 601 3542 657 Similem
3575 617 3708 657 vero

2121 687 2286 742 Deum
2315 689 2359 743 si
2394 691 2517 758 quis
2565 691 2733 756 dicat,
2785 700 2846 747 ut
2881 691 3157 759 eumdem,
3193 701 3249 749 et
3293 703 3353 749 ut
3401 703 3574 750 totum
3614 711 3710 766 per

2117 788 2289 834 totum
2315 783 2416 837 sibi
2452 783 2604 838 unite
2647 791 2704 839 et
2739 783 3148 854 impartibiliter
3177 786 3440 850 similem,
3467 804 3578 842 non
3621 796 3708 843 est

2119 871 2544 943 improhandum
2594 891 2796 934 nomen
2844 878 3091 933 divinum
3160 877 3381 935 similis.
3441 878 3705 949 Theologi

2117 977 2249 1019 vero
2293 965 2458 1020 Deum
2489 1006 2505 1031 ,
2541 967 2636 1037 qui
2668 977 2757 1023 est
2779 983 2945 1039 supra
2996 969 3183 1053 omnia
3206 1011 3223 1037 ,
3263 978 3536 1040 quatenus
3589 973 3708 1040 ipse

2118 1067 2222 1122 est,
2257 1057 2459 1113 nullius
2484 1058 2718 1114 similem
2748 1074 2870 1115 esse
2895 1061 3086 1126 aiunt,
3129 1061 3224 1116 sed
3255 1062 3432 1130 ipsum
3464 1063 3705 1118 divinam

2119 1147 2539 1204 similitudinem
2581 1148 2712 1203 dare
2741 1149 2808 1204 iis
2839 1150 2930 1219 qui
2971 1149 3037 1205 ad
3073 1166 3200 1206 eum
3241 1160 3645 1208 convertuntur
3682 1169 3701 1209 :

2118 1253 2193 1304 et,
2227 1243 2373 1312 quod
2408 1241 2794 1298 admirabilius
2839 1252 2944 1307 est,
2993 1244 3139 1313 quod
3175 1244 3310 1299 nihil
3346 1245 3544 1301 'simile
3585 1245 3707 1314 ejus

2119 1344 2198 1391 est
2242 1335 2375 1390 dicit
2415 1334 2729 1403 Scriptura;
2766 1334 2868 1389 etsi
2922 1349 3029 1389 non
3075 1344 3340 1404 repugnat
3387 1336 3474 1390 hic
3523 1351 3705 1392 sermo

2121 1427 2490 1493 similitudini,
2521 1441 2644 1496 qua:
2673 1441 2797 1482 cum
2834 1424 2952 1481 Deo
2989 1437 3094 1493 est,
3131 1426 3326 1482 eadem
3357 1432 3504 1481 enim
3540 1436 3593 1483 et
3625 1428 3706 1483 si,

2121 1520 2267 1574 milia
2311 1527 2366 1575 et
2415 1519 2702 1576 dissimilia
2751 1519 2860 1574 Deo
2904 1520 3166 1575 dicuntur
3198 1534 3214 1572 :
3248 1519 3450 1574 simllia
3487 1519 3707 1590 quidem

2121 1612 2424 1666 secundum
2450 1611 2836 1676 imitationem,
2869 1627 2990 1680 qua:
3013 1626 3134 1667 esse
3163 1619 3344 1681 potest
3374 1610 3513 1681 ejus,
3544 1625 3708 1680 quam

2123 1704 2259 1757 nihil
2295 1713 2476 1772 potest
2505 1702 2709 1758 imitari
2736 1723 2750 1768 ;
2777 1701 3065 1758 dissimilia
3098 1683 3250 1768 vero,
3281 1711 3553 1772 quatenus
3583 1699 3714 1755 effe-

2125 1805 2244 1850 ctus
2283 1794 2424 1849 infra
2456 1809 2676 1850 causam
2715 1803 2846 1850 sunt
2873 1835 2888 1860 ,
2939 1803 2995 1848 et
3041 1793 3273 1848 inﬁnitis
3316 1790 3617 1856 mensuris,
3657 1801 3714 1846 et

2123 1897 2246 1950 quae
2299 1881 2539 1936 conferri
2591 1897 2698 1937 non
2751 1891 3002 1952 qtteunt,
3055 1882 3126 1936 ab
3156 1897 3219 1936 ea
3262 1881 3494 1936 diSIant.
3526 1881 3710 1934 Item:

2119 1971 2261 2039 Quid
2295 1988 2424 2028 vero
2449 1973 2517 2028 de
2551 1974 2738 2029 divina
2766 1973 3023 2040 statione,
3055 1973 3142 2028 vel
3173 1973 3242 2027 de
3280 1971 3409 2027 sede
3431 1970 3714 2026 dicimus?

2122 2056 2245 2128 Ipse
2278 2059 2423 2114 enim
2463 2069 2548 2117 est
2587 2061 2768 2117 omnis
2801 2061 3078 2124 stationis,
3126 2068 3182 2116 et
3216 2059 3366 2116 sedis
3395 2075 3586 2124 causa,
3617 2059 3710 2130 qui

2124 2157 2206 2204 est
2246 2165 2409 2220 supra
2439 2166 2660 2206 omnem
2693 2152 2878 2206 sedem
2905 2193 2920 2218 ,
2952 2163 3005 2206 et
3033 2150 3354 2216 stationem,
3384 2159 3439 2205 et
3485 2149 3542 2206 in
3590 2151 3726 2220 ipso

2079 2235 2087 2241 ’
2123 2251 2322 2298 cuncta
2351 2257 2416 2297 ex
2465 2242 2738 2300 bonorum
2783 2241 2982 2312 cuique
3021 2257 3214 2297 eorum
3264 2241 3710 2297 convenientium

2123 2334 2363 2390 statione
2392 2335 2727 2399 consistunt,
2775 2343 2832 2390 et
2879 2335 3295 2400 custodiuntur,
3328 2348 3396 2388 ne
3428 2349 3496 2391 ex
3535 2333 3716 2389 bono—
3747 2359 3752 2363 -

2126 2442 2246 2482 rum
2288 2427 2732 2483 convenientium
2765 2427 3001 2482 statione
3025 2429 3402 2481 excutiantur.
3436 2424 3581 2490 Quid
3605 2440 3714 2480 au-.

2131 2527 2260 2583 tem,
2289 2533 2412 2574 cum
2443 2533 2635 2574 rursus
2661 2517 2901 2589 theologi
2933 2515 2999 2572 ad
3028 2517 3213 2573 omnia
3241 2517 3496 2588 progredi
3522 2526 3580 2573 et
3601 2531 3720 2573 mo-

2130 2612 2242 2667 veri
2275 2611 2465 2668 dicunt
2519 2612 2895 2668 immobilem?
2943 2627 3012 2667 an
3057 2627 3164 2668 non
3204 2623 3266 2667 ut
3319 2610 3489 2666 Deum
3538 2611 3716 2675 decet,

2129 2705 2236 2760 hoc
2271 2704 2685 2774 intelligendum
2721 2704 2842 2760 est?
2881 2702 3088 2760 Moveri
3117 2719 3356 2773 namque
3385 2703 3474 2772 pie
3506 2703 3714 2758 intelli-

2131 2800 2366 2870 gendum
2404 2804 2488 2854 est
2518 2812 2616 2868 pro
2647 2812 2714 2852 eo
2745 2795 2888 2866 quod
2919 2807 3024 2860 est,
3062 2795 3244 2851 facere
3278 2795 3448 2852 Deum
3478 2805 3542 2850 ut
3582 2810 3724 2851 cun-

2132 2900 2218 2944 cta
2246 2890 2372 2954 sint,
2397 2898 2451 2944 et
2476 2891 2755 2944 continere
2785 2888 2995 2955 omnia,
3025 2898 3080 2943 et
3105 2888 3361 2944 omnibus
3391 2888 3572 2944 modis
3596 2901 3723 2943 om-

2134 2983 2297 3037 nibus
2330 2982 2636 3052 providere,
2663 2987 2717 3036 et
2753 2981 3008 3036 omnibus
3055 2981 3248 3037 adesse
3275 2990 3390 3036 tum
3427 2981 3717 3051 complexu

2136 3076 2382 3131 omnium
2424 3089 2546 3145 quae
2585 3083 2739 3137 sunt,
2771 3073 2893 3129 sine
2923 3073 3258 3128 habitudine
3285 3071 3720 3142 coniunctionis,

439 3183 564 3224 mus
604 3169 670 3224 de
711 3167 976 3222 cltaritate
1014 3164 1214 3221 Christi
1248 3179 1376 3236 erga
1412 3164 1667 3219 homines
1692 3204 1706 3228 ,
1743 3178 1869 3234 quae
1920 3177 2020 3233 pa-
2043 3199 2090 3264 α
2137 3176 2252 3222 tum
2296 3181 2394 3236 per
2439 3165 2836 3236 providentiam
2871 3164 3056 3220 omnia
3105 3162 3524 3228 circumeundo,
3567 3170 3622 3217 et
3665 3162 3720 3216 in

439 3276 558 3318 cem
605 3259 829 3316 eﬂ'udit?
867 3259 943 3314 Ex
994 3274 1099 3329 qua
1157 3273 1267 3313 non
1296 3258 1408 3326 jam
1463 3257 1790 3319 nobiscum,
1844 3271 2022 3326 neque

435 3369 564 3412 cum
593 3353 720 3410 aliis
766 3354 907 3406 inter
941 3366 1062 3417 nos,
1108 3365 1290 3418 neque
1337 3364 1462 3406 cum
1518 3349 1731 3419 angelis
1785 3363 2032 3418 pugnare

436 3447 740 3510 discamus,
775 3446 868 3501 sed
901 3443 1084 3514 potius
1111 3458 1236 3498 cum
1280 3442 1418 3512 ipsis
1466 3441 1651 3496 divina
1684 3455 1786 3511 pro
1815 3439 2033 3496 viribus

434 3555 730 3612 operemur
759 3537 1061 3594 secundum
1095 3534 1500 3606 providentiam
1529 3531 1682 3599 Jesu,
1717 3534 1808 3602 qni
1845 3531 2032 3588 omnia

439 3639 494 3692 in
527 3633 786 3690 omnibus
826 3637 1088 3702 operatur
1112 3629 1179 3692 “,
1212 3638 1268 3684 et
1300 3642 1490 3698 pacem
1517 3625 1672 3691 facit,
1706 3639 1825 3693 quae
1849 3623 2033 3680 verbis

442 3727 703 3795 explicari
733 3740 842 3779 non
870 3733 1072 3795 potest,
1103 3729 1157 3777 et
1185 3736 1304 3792 quae
1336 3737 1366 3774 a
1407 3720 1610 3777 saaculo
1647 3719 2034 3789 praedestinata

442 3825 556 3882 est;
591 3816 682 3887 qui
712 3812 1093 3871 reconciliavit
1129 3827 1228 3868 nos
1265 3811 1375 3867 sibi
1413 3811 1466 3866 in
1505 3810 1700 3880 Spiritu
1733 3809 1803 3873 δ’,
1836 3816 1892 3864 ει
1934 3824 2034 3878 per

443 3909 645 3985 ipspm.
676 3916 731 3961 et
760 3907 811 3960 in
848 3907 987 3975 ipso,
1025 3903 1208 3969 Patri,
1265 3912 1320 3958 et
1381 3917 1574 3957 rursus
1629 3901 1770 3956 idem
1803 3917 1923 3971 cap.
1962 3901 2018 3968 9,

443 4002 509 4054 (le
541 4000 743 4054 eisdem
777 3997 978 4053 divinis
1010 3997 1323 4051 nominibus
1355 4013 1369 4050 ε
1401 3994 1527 4050 Ηωε
1562 3995 1906 4064 magnitude,
1943 3994 2032 4048 in-

441 4089 580 4158 quit,
620 4099 672 4143 et
715 4088 925 4143 infinita
969 4097 1073 4153 est,
1109 4096 1163 4142 et
1208 4086 1528 4157 quantitatis
1577 4093 1632 4140 et
1682 4085 1896 4140 numeri
1933 4100 2032 4139 ex-

441 4197 599 4251 pers;
635 4190 689 4236 et
725 4182 842 4235 ha:c
888 4180 1205 4249 magnitudo
1242 4189 1324 4234 est
1372 4179 1695 4234 excellentia
1731 4178 2031 4234 secundum

440 4272 768 4328 etfusionem
804 4269 1115 4324 absolutam
1146 4277 1200 4324 et
1233 4284 1569 4339 supraquam
1596 4279 1880 4323 extensam
1916 4283 2034 4322 ma-

442 4364 770 4435 gniﬁcentia:
804 4378 913 4417 non
960 4364 1390 4432 comprehensae.
1436 4361 1581 4416 Idem
1637 4361 1803 4416 etiam
1872 4369 2034 4425 atque

441 4457 687 4513 Omnium
718 4465 984 4512 causaest
1016 4471 1243 4526 parvum
1271 4473 1285 4520 ;
1318 4469 1599 4524 nunquam
1627 4454 1771 4507 enim
1799 4452 2032 4507 formam

2137 3261 2396 3316 onmibus
2418 3260 2718 3329 operando.
2743 3257 2946 3314 Ibidem
2969 3263 3196 3312 sanctus
3217 3254 3489 3310 Maximus
3507 3272 3522 3310 ι
3538 3254 3721 3321 Ωιιοιιο

2135 3349 2337 3422 inquit,
2372 3365 2586 3420 semper
2616 3359 2698 3404 est
2729 3351 2872 3404 idem
2899 3387 2915 3413 ,
2967 3356 3022 3403 et
3070 3347 3320 3403 absolute
3367 3355 3473 3412 est,
3511 3345 3565 3399 in
3607 3344 3724 3400 sola

2136 3459 2302 3500 causa
2354 3442 2600 3496 omnium
2653 3438 2930 3495 effectrice
2987 3437 3258 3503 cernitur,
3299 3452 3421 3507 qua:
3452 3434 3722 3490 creaturis

2135 3536 2332 3605 largita
2360 3542 2465 3597 est,
2504 3544 2556 3586 ut
2596 3533 2652 3587 in
2685 3532 2878 3588 eodem
2909 3540 3056 3588 statu
3082 3537 3464 3601 permaneant,
3493 3537 3548 3582 et
3572 3536 3624 3580 ut
3655 3540 3722 3580 ea

2137 3645 2256 3700 qua:
2291 3626 2586 3692 contrarie,
2626 3625 2709 3680 vel
2739 3625 2847 3680 alio
2878 3623 3040 3680 modo
3067 3623 3291 3687 habent,
3324 3623 3468 3678 inter
3499 3638 3557 3678 se
3588 3636 3722 3677 coa-

2138 3728 2412 3791 gmentata
2446 3719 2593 3782 sint,
2639 3716 2828 3772 eodem
2881 3715 3050 3786 igitur
3085 3715 3247 3771 modo
3279 3714 3502 3781 omnia,
3553 3713 3720 3768 etiam

2138 3829 2259 3884 qua:
2288 3827 2395 3866 non
2430 3819 2654 3866 manent
2681 3811 2736 3866 in
2764 3810 2958 3866 eadem
2989 3817 3207 3873 natura,
3241 3807 3298 3862 in
3341 3807 3450 3861 Deo
3479 3821 3721 3861 cernun-

2138 3917 2226 3962 tur
2256 3921 2376 3962 csse
2391 3924 2406 3971 ;
2433 3903 2700 3972 siquidem
2725 3903 2971 3960 omnium
2998 3917 3120 3973 quae
3142 3908 3291 3965 sunt,
3315 3900 3510 3955 eodem
3536 3899 3720 3962 modo,

2139 3999 2189 4053 id
2221 4008 2304 4053 est
2342 3995 2618 4062 similiter,
2672 4005 2758 4052 est
2813 4003 3005 4051 auctor
3059 3995 3225 4049 Deus.
3273 3991 3350 4046 Ex
3397 3979 3604 4060 quibus
3661 3990 3722 4045 tit

2137 4090 2508 4158 manifestum,
2545 4091 2690 4160 quod
2720 4105 2825 4161 pax
2849 4129 2863 4153 ,
2898 4096 2955 4143 et
2986 4087 3339 4159 magnitudo,
3373 4093 3428 4142 et
3455 4085 3717 4154 parvitas,

2135 4192 2189 4238 et
2213 4183 2396 4258 statio,
2425 4191 2480 4236 et
2519 4193 2725 4244 tnoms,
2761 4191 2818 4236 et
2845 4180 2986 4235 idem
3014 4193 3158 4246 esse,
3189 4186 3244 4235 et
3272 4177 3546 4233 diversum
3574 4189 3718 4237 esse,

2135 4287 2191 4332 ct
2225 4275 2485 4339 similem,
2511 4281 2567 4328 et
2589 4272 2934 4335 dissimilem,
2964 4272 3078 4326 haec
3109 4269 3294 4326 omnia
3323 4282 3432 4324 una
3461 4281 3564 4337 pax
3591 4274 3720 4321 sunt

2137 4369 2192 4423 in
2229 4370 2368 4430 Deo,
2391 4367 2596 4421 idcirco
2633 4376 2689 4420 et
2724 4365 2835 4429 hic,
2868 4373 2923 4419 et
2952 4363 3088 4418 alias
3127 4363 3274 4418 clare
3301 4361 3506 4417 dictum
3537 4368 3594 4414 et
3625 4357 3722 4412 tle-

2143 4470 2506 4516 monstratutn
2536 4467 2616 4512 est
2642 4473 2672 4512 a
2703 4455 2980 4527 Dionysio,
3013 4454 3117 4509 alia
3145 4493 3159 4520 ,
3189 4463 3244 4509 et
3271 4449 3568 4516 contraria,
3597 4464 3720 4503 om-

445 4549 594 4618 parvi
627 4549 867 4618 reperies
902 4563 1011 4602 non
1046 4546 1456 4616 participatam.
1494 4545 1585 4600 Sic
1615 4544 1780 4616 igitur
1820 4544 1874 4598 in
1920 4544 2030 4600 Deo
2063 4535 2108 4591 ι)
2140 4554 2228 4607 nia
2259 4551 2452 4606 eodem
2481 4549 2641 4603 modo
2673 4557 2728 4602 et
2777 4546 2949 4610 unite,
2980 4552 3035 4600 et
3064 4544 3213 4598 nulla
3256 4539 3629 4612 duplicatione
3663 4539 3718 4594 in

441 4639 824 4710 accipiendum
859 4647 943 4692 est
976 4653 1228 4707 parvum,
1265 4649 1322 4691 ιιι
1358 4639 1411 4691 in
1447 4637 1652 4704 omnia,
1693 4645 1744 4691 et
1778 4653 1874 4706 per
1905 4652 2028 4691 om-

442 4735 528 4787 nia
563 4731 814 4800 expedite
841 4744 1052 4791 means.
1081 4737 1134 4783 et
1158 4745 1413 4799 operans,
1445 4739 1499 4783 et
1524 4730 1828 4799 pervadens
1857 4746 2030 4800 usque

443 4826 492 4877 in
520 4825 842 4880 divisionem
875 4821 1070 4875 anima!
1117 4829 1173 4876 et
1221 4822 1492 4891 corporis.
1524 4837 1848 4893 compagum
1885 4837 2026 4892 quo-

441 4933 546 4986 que
577 4930 630 4972 et
666 4917 1048 4981 medullarum,
1085 4927 1138 4971 et
1175 4915 1564 4983 cogitationum
1592 4915 1776 4969 cordis
1801 4916 1870 4979 ⁸ο,
1915 4915 2026 4969 imo

441 5008 686 5060 omnium
724 5021 846 5078 quae
876 5014 1041 5071 sunt;
1072 5021 1180 5060 non
1209 5006 1356 5060 enim
1385 5011 1472 5058 est
1501 5015 1755 5059 creatura
1796 5005 1906 5058 ulla
1937 5004 2026 5058 in—

443 5098 678 5154 visibilis
716 5100 767 5152 in
820 5107 1116 5167 conspectu
1169 5097 1312 5166 ejus,
1356 5099 1458 5151 hoc
1507 5113 1732 5166 parvum
1783 5108 1867 5152 est
1915 5099 2036 5154 sine

442 5186 781 5258 quantitate,
817 5191 935 5245 sine
977 5205 1230 5254 numero,
1280 5189 1400 5244 sine
1447 5189 1794 5255 inhibitione,
1849 5191 2036 5246 inﬁni-

442 5291 558 5336 tum
585 5325 600 5347 ,
659 5283 1200 5352 ineircumscriptum
1227 5324 1242 5347 ,
1290 5282 1476 5337 omnia
1518 5282 1994 5350 comprehentlens
2017 5323 2032 5348 ,

445 5372 626 5438 ipsum
658 5387 687 5427 a
723 5373 874 5428 nullo
911 5372 1302 5440 comprehendi
1349 5382 1550 5443 potest.
1591 5354 1805 5428 Rursus
1841 5373 2030 5431 idem:

446 5462 602 5518 Nunc
632 5473 812 5518 autem
848 5464 1090 5519 divinam
1121 5465 1496 5520 diversitatem
1528 5481 1650 5520 cum
1677 5465 1934 5528 dicimus,
1967 5483 2038 5522 ne

451 5555 800 5626 suspicemur
831 5557 1190 5614 variationem
1227 5557 1541 5628 quampiam
1574 5559 1628 5613 in
1662 5575 1728 5613 eo
1764 5560 1857 5628 qui
1889 5545 2056 5617 idem

448 5656 555 5714 est,
589 5657 642 5704 et
671 5661 1006 5719 supraquam
1036 5649 1437 5719 immutabilis;
1481 5651 1577 5708 sed
1623 5651 2040 5723 multiplicatio-

2144 4646 2252 4700 Deo
2297 4658 2456 4707 csse;
2499 4650 2680 4695 tamen
2717 4639 2786 4694 ab
2820 4639 2939 4709 ipso
2985 4636 3250 4708 producta
3275 4673 3292 4701 ,
3329 4634 3532 4688 variata
3577 4646 3722 4696 esse,

2143 4737 2212 4791 ab
2249 4736 2381 4804 ipsis
2411 4733 2856 4788 emanationibus
2883 4730 3256 4785 diversitatem
3287 4734 3470 4781 nacta.
3505 4724 3597 4779 Est
3627 4725 3727 4794 igi-

2141 4836 2228 4882 tur
2257 4827 2420 4891 Deus,
2459 4835 2516 4880 ut
2557 4825 2710 4891 prius
2748 4823 3183 4878 demonstratum
3229 4827 3344 4886 est,
3394 4819 3539 4875 sicut
3587 4820 3723 4874 sub-

2136 4920 2361 4981 stantia,
2395 4933 2558 4988 quam
2592 4931 2768 4987 neque
2799 4915 2984 4971 verbis
3008 4913 3336 4984 exprimere,
3371 4927 3472 4967 nec
3513 4911 3722 4982 eloqui,

2141 5026 2243 5066 nec
2265 5023 2592 5080 cognoscere
2622 5021 2937 5078 possumus,
2964 5006 3042 5060 sic
3058 5005 3224 5060 etiam
3243 5004 3426 5058 divina
3453 5003 3570 5072 ejus
3595 5019 3726 5071 pax»

2143 5111 2401 5172 praeterea
2437 5099 2700 5169 sapientia
2727 5099 2869 5167 ejus,
2903 5107 2957 5152 et
2981 5099 3090 5152 vita
3114 5096 3258 5167 ejus,
3296 5107 3353 5152 et
3383 5111 3723 5166 quaecunque

2141 5193 2246 5248 alia
2277 5193 2548 5257 absoluta,
2581 5201 2634 5247 et
2665 5206 3004 5261 quamunque
3029 5205 3170 5245 nunc
3205 5189 3260 5245 in
3313 5189 3432 5261 ipsa
3466 5189 3722 5244 videntur

2143 5284 2444 5338 secundum
2476 5284 2923 5338 contrarietatem
2949 5279 3150 5340 eﬂ‘erri.
3189 5281 3501 5339 Laudamus
3536 5295 3722 5340 autem

2144 5376 2287 5429 hanc
2318 5375 2619 5431 Secundum
2666 5375 3109 5446 participationes
3147 5375 3266 5441 eius
3315 5377 3620 5432 intellectas
3671 5389 3728 5432 et

2145 5466 2479 5532 nominatas,
2519 5466 2571 5521 id
2603 5476 2707 5533 est,
2737 5467 3026 5522 laudamus
3049 5468 3117 5522 ab
3155 5467 3223 5522 iis
3269 5483 3392 5538 qua;
3421 5471 3676 5538 produxit
3706 5510 3724 5534 ,

2141 5571 2263 5625 quae
2286 5558 2388 5610 sub
2421 5555 2834 5628 intelligentiam
2870 5558 3094 5623 cadunt,
3117 5566 3172 5614 et
3197 5574 3316 5630 qua:
3341 5560 3448 5615 sub
3470 5575 3722 5626 sensum,

2145 5650 2349 5719 quibus
2391 5663 2496 5704 nos
2533 5665 2599 5704 cx
2629 5649 2697 5706 iis
2727 5665 2849 5722 quae
2879 5647 3154 5720 videntur,
3197 5649 3474 5714 instructi.
3524 5653 3591 5708 ad
3634 5669 3726 5712 co-

525 5837 569 5870 "
620 5838 749 5895 Cor.
774 5838 952 5905 xn,6.
1007 5841 1076 5875 “°
1106 5842 1150 5900 li
1223 5844 1351 5903 Cor.
1383 5863 1433 5917 v,
1469 5847 1568 5914 IS;
1616 5845 1816 5919 Ephcs.
1850 5864 1914 5918 ιι,
1950 5847 2040 5904 I8.
2104 5849 2150 5881 "
2189 5847 2355 5903 llebr.
2396 5865 2470 5917 tv,
2510 5850 2596 5906 12.
