4048 6426
378 395 485 459 8‘i3

1082 386 1318 447 DECAS
1352 388 1417 444 V.
1461 407 1527 420 -
1553 381 1651 443 DE
1677 376 2340 445 PROPBIETATIBUS
2369 386 2599 449 DlVlN.
2638 390 2906 454 NOMiN.

3540 400 3647 466 87’s

382 511 437 563 in
483 504 608 561 aliis
659 501 976 572 ejusmodi,
1016 501 1122 554 nisi
1175 508 1322 554 esset
1367 499 1461 567 qui
1513 494 1864 552 miseratione
1911 503 1965 548 et
1995 498 2036 552 A
2068 514 2250 553 serum
2287 501 2489 556 infert?
2519 514 2572 558 et
2609 505 2946 576 reti-igeratio
2977 507 3374 579 refrigeratum,
3404 521 3456 567 et
3487 515 3646 570 refri-

380 597 764 657 misericordia
799 596 1098 664 indigeret;
1136 594 1214 646 sic
1244 591 1410 645 etiam
1445 603 1544 642 nec
1595 587 1965 656 omnipotens,

380 693 486 750 nisi
521 689 702 744 omnis
747 701 997 743 creatura
1033 687 1381 746 dominante,
1411 692 1465 736 et
1497 681 1552 743 in
1583 696 1649 739 eo
1679 680 1822 748 quod
1851 686 1932 733 est
1952 716 1967 741 ,

378 801 499 842 eam
553 790 918 836 conservante
962 779 1248 848 indigeret.
1306 773 1663 832 Ut'mcdicus
1710 773 1873 842 igitur
1915 771 1966 825 ei

387 879 483 948 qui
523 875 814 931 curatione
849 872 1077 942 indiget,
1126 870 1451 932 adhibetur;
1504 867 1583 920 sic
1614 865 1965 930 omnipotens

379 970 453 1032 ei,
482 968 571 1020 cui
601 981 739 1036 opus
769 971 852 1018 est
887 961 1055 1016 teneri
1083 960 1393 1014 dominatu.
1432 956 1497 1011 Et
1522 957 1666 1012 sicut
1697 954 1834 1008 bene
1872 966 1968 1004 va-

381 1041 622 1114 lentibus
647 1072 751 1110 non
786 1071 928 1124 opus
951 1062 1035 1108 est
1059 1051 1296 1115 medico,
1329 1051 1420 1106 sed
1453 1048 1594 1105 male
1620 1044 1965 1108 habentibus;

382 1152 462 1206 sic
493 1155 899 1217 consequenter
931 1154 1076 1198 recte
1109 1143 1214 1197 dici
1247 1149 1444 1210 potest,
1475 1154 1599 1194 eum
1648 1138 1700 1192 in
1731 1151 1843 1205 quo
1870 1150 1968 1190 na-

383 1253 506 1297 tura
539 1241 796 1295 aberrare
819 1249 870 1290 et
905 1236 1010 1290 labi
1046 1250 1152 1290 non
1190 1243 1390 1305 potest,
1448 1247 1556 1286 non
1585 1231 1826 1300 indigere
1861 1227 1970 1281 alio

384 1351 413 1388 a
447 1350 558 1403 quo
587 1340 860 1385 teneatur.
890 1327 954 1382 Et
989 1343 1221 1396 magnus
1254 1326 1564 1395 Dionysius,
1599 1323 1651 1377 in
1679 1321 1840 1390 epist.
1875 1335 1966 1376 se—

385 1424 562 1478 cunda
609 1421 674 1475 ad
713 1419 903 1480 Caium
941 1432 956 1472 :
991 1418 1276 1484 Quomodo
1327 1417 1489 1480 Deus,
1537 1413 1630 1481 qui
1672 1419 1757 1465 est
1795 1423 1965 1478 supra

391 1518 599 1580 omnia,
635 1524 716 1567 est
767 1525 935 1578 supra
978 1508 1307 1578 principium
1343 1503 1647 1566 divinitatis
1669 1543 1683 1568 ,
1717 1509 1771 1557 et
1802 1515 1965 1570 supra

397 1608 724 1679 principium
798 1601 1096 1657 bonitatis?
1150 1599 1359 1654 scilicet
1415 1597 1462 1651 si
1514 1595 1856 1651 divinitatem
1907 1601 1962 1646 et

399 1703 750 1756 Louitatatem
807 1694 1081 1764 intelligas
1130 1705 1252 1746 esse
1303 1693 1506 1744 donum
1561 1686 1764 1756 ipsum,
1817 1684 1960 1753 quod

392 1795 522 1847 deos
551 1800 605 1844 et
635 1792 802 1843 bonos
831 1785 978 1850 facit,
1014 1794 1067 1838 et
1095 1785 1267 1851 ipsam
1296 1781 1654 1834 imitationem
1689 1777 1765 1846 (Ι)
1801 1792 1961 1848 quam

389 1883 607 1952 assequi
645 1896 752 1934 non
798 1891 1113 1948 possumus,
1153 1874 1246 1930 Dei
1275 1883 1330 1928 et
1357 1871 1628 1940 boni,'qui
1657 1879 1738 1924 est
1769 1883 1963 1936 supra-

386 1988 546 2046 quam
584 1973 744 2037 Deus,
781 1971 1207 2038 et‘supraquam
1258 1965 1436 2026 bonus
1467 1979 1578 2034 qua
1619 1963 1694 2016 dii
1745 1970 1798 2014 et
1839 1960 1964 2014 boni

387 2065 677 2121 enitimur.
710 2061 925 2116 Etenim
957 2061 1004 2114 si
1041 2059 1145 2113 hoc
1174 2064 1257 2112 est
1294 2054 1640 2125 principium,
1677 2067 1786 2122 quo
1815 2049 1965 2106 deiﬁ-

389 2171 604 2216 camur,
638 2163 692 2208 et
719 2151 844 2208 boni
892 2149 1176 2213 eﬂicimur,
1225 2147 1316 2216 qui
1357 2154 1443 2201 est
1486 2143 1668 2198 omnis
1703 2138 1965 2212 principii

389 2261 724 2318 supraquam
768 2242 1100 2314 principium
1129 2281 1144 2306 ,
1193 2238 1354 2294 etiam
1384 2243 1468 2291 est
1511 2249 1675 2304 supra
1705 2231 1966 2288 divinita-

391 2348 496 2392 tem
523 2346 578 2390 et
610 2335 927 2400 bonitatem,
967 2334 1073 2387 hoc
1106 2341 1210 2398 est,
1251 2344 1416 2398 supra
1449 2327 1776 2397 principium
1821 2323 1964 2378 divi-

391 2429 600 2496 nitatis,
638 2437 694 2482 et
729 2425 1059 2497 principium
1089 2423 1368 2480 bonitatis.
1404 2420 1542 2486 Quia
1570 2419 1716 2474 enim
1747 2432 1856 2470 non
1884 2423 1969 2470 est

395 2521 700 2583 imitabilis,
739 2533 916 2587 neque
948 2516 1133 2572 haberi
1168 2522 1368 2584 potest,
1402 2511 1675 2567 antecellit
1707 2507 1967 2563 inritatio-

399 2613 556 2666 nibus
580 2619 631 2664 et
666 2607 1102 2670 habitudinibus,
1131 2615 1182 2660 et
1211 2605 1292 2659 eis
1318 2605 1416 2672 qui
1453 2602 1752 2666 imitantur,
1787 2609 1841 2654 et
1872 2601 1969 2655 lia—

397 2702 672 2757 biludincs
704 2699 1052 2770 participant.
1079 2695 1305 2765 Magnus
1339 2691 1671 2748 Athanasius
1725 2691 1780 2745 in
1831 2690 1970 2746 libro

395 2795 470 2848 De
494 2793 860 2867 incarnatione
903 2787 1051 2843 Verbi
1082 2787 1178 2840 Dei
1204 2801 1222 2839 :
1256 2785 1364 2839 Deo
1407 2784 1600 2854 igitur,
1634 2783 1827 2852 inquit,
1861 2796 1973 2834 non

393 2896 477 2941 est
508 2884 706 2940 similis
747 2881 922 2936 Filius
960 2879 1123 2944 Deus,
1159 2877 1250 2932 sed
1295 2892 1461 2930 unum
1497 2884 1549 2930 et
1599 2875 1740 2928 idem
1767 2915 1781 2940 ,
1831 2873 1974 2928 sicut

393 2978 658 3045 scriptum
687 2983 770 3028 est
808 2988 822 3026 :
855 2971 966 3042 Ego
1004 2978 1055 3024 et
1093 2968 1252 3022 Pater
1291 2983 1454 3022 unum
1500 2982 1683 3019 sumus
1707 2965 1796 3018 "z
1831 2963 1972 3017 divi-

399 3070 626 3126 nitatem
683 3064 1070 3131 interpretatus
1122 3070 1205 3115 est
1256 3059 1558 3118 unitatem;
1620 3055 1965 3108 divinitatem

2070 602 2347 658 gerantem
2371 633 2384 651 .
2419 603 2474 648 et
2502 595 2642 649 visio
2680 597 2880 660 visum,
2915 611 2969 653 et
2999 600 3306 670 videntem;
3338 611 3394 658 et
3427 603 3636 661 inte!!!-

2070 682 2248 749 gentia
2286 683 2620 740 intellectam
2663 704 2797 752 rem,
2827 697 2884 744 et
2912 690 3305 760 intelligentem
3334 697 3465 763 (non
3497 697 3648 751 enim

2069 784 2246 842 potest
2283 776 2550 833 habitudo
2576 782 2696 834 sine
2723 781 3052 837 habentibus
3084 785 3460 841 habitudinem
3496 788 3602 844 dici
3632 829 3650 855 ,

2069 876 2165 921 aut
2194 867 2469 939 intelligi),
2490 871 2589 941 sic,
2615 882 2674 926 ut
2701 887 3039 943 consequens
3064 885 3161 940 est,
3198 879 3466 932 deiltcatio
3494 879 3652 936 deiﬁ-

2068 966 2271 1024 calum,
2303 970 2358 1014 et
2388 960 2729 1017 deiﬁcantem
2759 980 2944 1019 secum
2979 966 3203 1022 inducit.
3234 969 3378 1023 Idem
3417 985 3432 1022 :
3474 970 3650 1040 Opor-

2069 1050 2237 1116 tebat,
2273 1062 2330 1105 ut
2366 1066 2493 1107 vere
2523 1054 2700 1108 dicam
2730 1096 2745 1116 .
2798 1072 2919 1110 eum
2968 1059 3060 1127 qui
3101 1068 3185 1114 est
3236 1071 3429 1116 auctor
3456 1079 3646 1118 eorum

2069 1153 2191 1206 qua:
2223 1141 2524 1196 secundum
2551 1153 2802 1198 naturam
2835 1156 2983 1211 sunt,
3017 1163 3141 1203 esse
3166 1151 3328 1204 etiam
3362 1161 3645 1208 auctorem

2069 1227 2430 1286 deiiicationis
2466 1236 2768 1288 secundum
2804 1240 3056 1305 gratiam.
3083 1238 3229 1294 Idem
3267 1243 3465 1297 iterum
3499 1263 3512 1298 :
3548 1244 3664 1298 De»

2070 1323 2400 1386 monstravi,
2445 1325 2642 1392 inquit,
2676 1327 2914 1381 divinam
2956 1333 3277 1398 potentiam,
3319 1350 3440 1402 quae
3474 1351 3640 1404 supra

2070 1413 2436 1467 substantiam
2473 1423 2592 1480 est,
2640 1416 2850 1471 edicere
2891 1419 3294 1477 tleiticationem
3327 1438 3516 1479 eurum
3551 1427 3643 1493 qui

2071 1504 2378 1558 secundum
2410 1506 2642 1574 gratiam
2679 1507 2914 1562 deitieati
2946 1519 3098 1564 sunt.
3137 1511 3430 1582 Gregorius
3461 1515 3642 1570 Theo-

2069 1596 2252 1665 logus,
2291 1598 2344 1652 in
2378 1601 2628 1652 oratione
2664 1609 2954 1668 postquam
3003 1599 3178 1656 factus
3209 1614 3292 1656 est
3321 1605 3605 1674 presbyter
3633 1625 3649 1662 :

2048 1687 2482 1762 .Solitndinem,
2536 1691 2747 1758 inquit,
2793 1691 3032 1745 maxime
3069 1692 3314 1746 omnium
3364 1695 3655 1764 amplexus

2071 1791 2298 1844 sum,et
2349 1793 2604 1848 tauquam
2653 1781 2974 1849 adjutricem
3039 1791 3092 1836 et
3145 1795 3427 1852 parentem
3483 1786 3652 1838 divini

2072 1887 2334 1952 ascensus
2362 1880 2414 1925 et
2447 1870 2694 1928 deificam
2754 1874 3105 1927 vehementer
3160 1875 3461 1930 admiratus
3510 1891 3653 1930 smn.

2072 1961 2282 2016 Rursus
2319 1976 2548 2031 magnus
2577 1970 2632 2015 et
2659 1960 2876 2018 divinus
2913 1964 3240 2035 Dionysius,
3288 1982 3410 2036 cap.
3449 1968 3539 2033 it),
3580 1967 3656 2020 lle

2073 2054 2263 2108 divinis
2293 2054 2619 2119 nominibus,
2681 2055 2756 2109 ait
2799 2072 2812 2108 :
2845 2054 3053 2110 Dicitur
3087 2069 3266 2111 autem
3305 2060 3652 2127 omn‘potens

2074 2143 2236 2204 Deus.
2274 2152 2333 2198 ut
2363 2148 2548 2200 omnia
2567 2145 2850 2201 dominatu
2875 2162 2976 2202 suo
2999 2157 3210 2214 tenens,
3241 2157 3295 2203 et
3317 2150 3411 2218 qui
3437 2150 3504 2204 iis
3535 2166 3659 2215 qua:

2073 2237 2355 2305 gubernat,
2393 2245 2590 2307 praeest
2626 2253 2732 2293 non
2761 2239 2930 2294 mixte
2959 2239 3074 2308 (2);
3104 2249 3157 2294 et
3190 2250 3250 2294 ut
3273 2241 3534 2296 omnibus
3565 2244 3659 2294 de-

2073 2326 2404 2392 siderabilis,
2440 2337 2493 2382 et
2522 2328 2808 2394 amabilis;
2842 2339 2898 2383 et
2938 2333 3150 2386 cunctis
3175 2331 3304 2401 juga
3346 2332 3650 2387 voluntaria

2077 2421 2361 2489 imponens
2394 2419 2490 2492 (3),
2513 2429 2567 2475 et
2589 2421 2779 2476 dulces
2810 2424 3201 2490 parturitiones
3226 2425 3432 2479 amoris
3456 2424 3654 2492 divini,

2075 2520 2130 2566 et
2179 2512 2597 2580 omnipmentis,
2663 2522 2722 2567 et
2773 2513 3084 2570 insolubilis
3144 2516 3325 2584 ipsius
3375 2516 3657 2572 bonitatis.

2080 2605 2380 2675 Gregorius
2413 2605 2713 2676 Nyssenus,
2770 2608 2822 2659 in
2873 2609 3048 2676 primo
3080 2607 3221 2662 libro
3252 2618 3436 2662 contra
3478 2608 3661 2662 Euno-

2078 2700 2243 2753 mium
2265 2714 2282 2751 :
2307 2696 2446 2765 Alia,
2471 2697 2670 2767 inquit,
2698 2698 2916 2752 nomina
2943 2707 3152 2752 tantum
3184 2701 3489 2769 signiﬁcant
3515 2702 3661 2770 quod

2079 2800 2162 2846 est
2201 2793 2266 2846 ad
2307 2792 2512 2861 aliquid
2544 2791 2700 2855 utile,
2728 2798 2783 2845 ut
2813 2789 3048 2861 adjutor,
3085 2790 3362 2856 defensor,
3392 2803 3445 2849 et
3474 2808 3660 2849 susce-

2080 2891 2222 2950 ptor,
2251 2890 2303 2934 et
2338 2896 2677 2950 quaecunque
2703 2882 2866 2950 hujus
2899 2883 3314 2951 signiﬁcationis
3369 2886 3654 2953 reperiun-

2083 2982 2194 3037 tur,
2230 2974 2431 3042 quibus
2462 2973 2505 3026 si
2531 2973 2740 3026 adimas
2761 2982 3008 3041 egentem
3042 2989 3164 3042 ope,
3191 2990 3360 3029 vacua
3401 2985 3456 3030 et
3485 2977 3662 3030 otiosa

2084 3063 2247 3118 fuerit
2283 3063 2364 3117 vis
2389 3104 2403 3128 ,
2441 3077 2563 3132 qua
2597 3063 2650 3116 in
2685 3063 2801 3131 ipso
2837 3063 3056 3116 nomine
3106 3065 3369 3120 cernitur.
3439 3065 3658 3120 Rursus

399 3171 528 3210 vero
557 3170 663 3208 non
709 3153 886 3226 qualis
907 3160 1004 3229 est
1028 3163 1239 3212 eorum,
1288 3147 1379 3216 qui
1429 3145 1557 3198 facti
1587 3152 1716 3198 sunt
1743 3142 1818 3197 dii
1849 3158 1862 3194 :
1893 3140 1971 3194 si-
1997 3183 2042 3242 ϐ
2087 3152 2378 3223 Dionysius
2408 3166 2530 3222 cap,
2565 3151 2632 3205 η
2655 3193 2670 3218 ,
2706 3152 2775 3206 de
2806 3152 3014 3206 eisdem
3057 3153 3256 3209 divinis
3304 3153 3661 3210 nominibus;

400 3248 617 3320 quidem
658 3246 794 3298 hanc
820 3244 896 3298 illi
929 3255 1232 3316 opponens,
1276 3239 1440 3304 Deus,
1476 3237 1674 3306 inquit,
1737 3243 1819 3289 est
1865 3248 1972 3287 non

401 3343 546 3399 sicut
595 3341 761 3392 homo
791 3335 858 3390 ad
891 3332 1306 3409 similitudinem
1355 3330 1447 3384 Dei
1496 3327 1694 3392 factus,
1740 3338 1794 3380 et
1836 3326 1975 3380 Dens

402 3433 722 3491 nominatus
774 3435 995 3498 propter
1044 3422 1480 3478 similitudinem.
1543 3417 1611 3472 Et
1675 3417 1974 3488 Gregorius

395 3523 680 3596 Nyssenus
731 3520 784 3572 in
839 3517 1076 3587 quodam
1132 3514 1269 3568 libro
1315 3526 1382 3567 ex
1427 3510 1543 3566 suis
1591 3507 1976 3565 confutatoriis

398 3625 588 3669 contra
622 3609 946 3666 Eunomium
974 3625 989 3662 :
1016 3607 1080 3659 Et
1109 3605 1155 3662 si
1180 3604 1428 3659 inimicus
1453 3601 1665 3656 Domini
1687 3599 1975 3654 Dominum

402 3700 646 3756 nominet
683 3699 888 3765 Deum,
919 3697 1112 3750 nititur
1145 3707 1463 3762 comparare
1496 3691 1645 3745 illum
1682 3706 1803 3748 cum
1834 3690 1976 3744 divi-

405 3795 571 3848 nitate
605 3791 828 3858 Moysis.
867 3788 1104 3843 Sanctus
1132 3785 1400 3840 Maximus
1433 3783 1484 3836 in
1520 3768 1741 3837 scholiis
1777 3782 1975 3849 Diony-

401 3888 492 3950 sii,
545 3885 732 3950 Recte,
786 3883 982 3951 inquit,
1016 3878 1151 3935 dixit
1181 3878 1520 3932 divinitatem
1558 3890 1722 3945 supra
1757 3889 1974 3930 omnem

401 3980 726 4042 bonitatem,
761 3983 816 4029 et
844 3973 1184 4028 divinitatem
1208 3987 1223 4032 ;
1269 3969 1558 4024 inferiores
1586 3969 1751 4034 igitur
1776 3967 1976 4022 divini-

398 4079 539 4125 tates
587 4067 829 4135 intellige
859 4065 1200 4135 angelorum,
1243 4067 1296 4116 et
1346 4061 1631 4116 hominum
1673 4060 1974 4128 justorum.

401 4163 637 4219 Sanctus
662 4158 903 4215 Joannes
933 4158 1299 4212 Damascenus
1320 4197 1334 4222 ,
1362 4155 1504 4208 libro
1535 4170 1595 4207 ιιι
1633 4153 1704 4206 De
1737 4154 1840 4221 ﬁde
1886 4169 1975 4206 or-

400 4257 656 4320 thodoxa,
686 4269 808 4324 cap.
845 4252 934 4306 12.
965 4249 1158 4318 Natus,
1192 4249 1392 4319 inquit,
1420 4263 1484 4302 ex
1515 4245 1756 4318 Virgine,
1793 4261 1977 4317 egres-

398 4367 494 4406 sus
529 4358 710 4403 autem
745 4345 887 4400 Deus
921 4359 1043 4397 cum
1071 4357 1238 4396 carne
1268 4350 1580 4410 assumpta,
1610 4339 1720 4407 jam
1757 4340 1874 4409 ipsa
1907 4340 1976 4394 ab

397 4456 467 4497 eo
494 4442 772 4504 dciﬁcala,
816 4435 984 4492 simul
1017 4445 1076 4488 ut
1103 4433 1364 4502 producta
1395 4441 1498 4494 est,
1531 4443 1586 4485 et
1625 4445 1745 4486 esse
1767 4430 1971 4499 erepit:

2081 3242 2215 3309 Quia
2244 3282 2260 3306 ,
2295 3243 2491 3312 inquit,
2524 3252 2711 3295 auctor
2749 3241 2994 3296 omnium
3029 3244 3335 3297 secundum
3376 3260 3539 3298 unam
3572 3261 3666 3297 ex-

2079 3335 2390 3394 cellentiam
2430 3334 2687 3388 universa
2721 3342 3139 3402 exsuperantem
3175 3345 3258 3388 est
3295 3351 3459 3404 supra
3498 3351 3662 3405 quam

2078 3428 2300 3497 plenus,
2334 3436 2558 3480 sanctus
2592 3433 2930 3488 sanctorum,
2957 3432 3010 3478 et
3040 3426 3164 3480 aliis
3195 3425 3464 3495 ejusmodi
3495 3427 3667 3480 nomi-

2080 3519 2244 3575 nibus
2273 3517 2552 3572 laudando
2586 3517 2902 3569 nominatur
2935 3517 3325 3572 convenienter
3355 3533 3536 3572 causa:
3571 3533 3665 3571 su-

2081 3607 2390 3679 perﬂuenti,
2423 3613 2477 3660 et
2503 3605 2839 3664 excellentiae
2865 3603 3106 3668 eximiae,
3152 3613 3210 3658 ut
3247 3605 3292 3658 si
3326 3606 3450 3673 quis
3478 3607 3665 3669 dicat,

2075 3707 2282 3767 quanto
2301 3695 2635 3750 antecellunt
2660 3703 2868 3756 saneta,
2894 3701 2988 3747 aut
3015 3693 3220 3751 divina.
3253 3703 3344 3747 aut
3365 3694 3656 3748 dominan-

2080 3789 2174 3854 tia,
2209 3796 2304 3842 aut
2334 3786 2482 3856 regia
2511 3786 2579 3840 iis
2605 3801 2726 3854 quae
2754 3800 2862 3840 nun
2899 3795 3027 3840 sunt
3058 3785 3205 3849 talia,
3230 3795 3284 3838 et
3316 3800 3509 3840 rursus
3538 3785 3667 3853 ipso:

2078 3897 2177 3951 per
2208 3895 2266 3935 se
2304 3878 2748 3949 participationes
2781 3876 3274 3945 partieipantibus;
3320 3885 3469 3930 tanto
3503 3886 3659 3930 aute-

2079 3971 2224 4026 cellit
2261 3969 2517 4024 omnibus
2550 3982 2670 4038 qua:
2702 3976 2864 4031 sunt,
2915 3965 3009 4036 qui
3044 3975 3126 4019 est
3157 3982 3322 4034 supra
3355 3967 3573 4032 omnia,
3613 3965 3669 4020 t4

2079 4062 2338 4115 omnibus
2371 4059 2846 4130 participautibus,
2888 4066 2943 4111 et
2998 4057 3540 4127 participationibus,
3573 4059 3670 4128 qui

2059 4163 2170 4223 est
2199 4167 2366 4207 causa
2407 4167 2512 4206 non
2539 4151 2886 4220 participata.
2924 4150 3155 4204 Sani-tos
3185 4161 3365 4205 autem
3402 4160 3455 4205 et
3491 4166 3669 4222 reges,

2082 4255 2244 4316 atque
2274 4245 2548 4307 dominos,
2584 4252 2640 4298 et
2667 4243 2804 4321 deos,
2832 4251 3030 4298 vocant
3065 4241 3366 4311 Scriptura:
3395 4243 3673 4313 principa-

2081 4333 2251 4389 liores
2308 4334 2361 4386 iu
2411 4341 2743 4402 unoquoque
2788 4332 3034 4387 ordines.
3077 4332 3234 4398 Quod
3277 4334 3496 4402 quidem
3545 4349 3670 4387 cum

2081 4440 2306 4484 sanctus
2339 4427 2610 4480 Maximus
2651 4427 2898 4490 adnotat,
2932 4426 3210 4497 principes
3250 4426 3340 4496 qui
3380 4426 3658 4480 inferiori-

399 4534 475 4587 ita
507 4541 568 4586 ut
599 4527 762 4585 simul
809 4532 924 4580 haec
955 4525 1061 4578 tria
1103 4532 1311 4589 essent,
1345 4522 1674 4591 assumptio,
1704 4519 1976 4574 exsistcn-
2012 4514 2054 4569 D
2093 4523 2193 4578 bus
2243 4527 2520 4590 prtesunt,
2569 4517 2643 4571 ait
2700 4517 2882 4572 vocari
2934 4517 3235 4572 secundum
3292 4516 3674 4570 excellentiam

400 4625 494 4690 tia,
531 4620 804 4678 deiﬁcatio
847 4616 1019 4688 ipsius
1067 4617 1134 4670 ab
1173 4618 1289 4684 ipso
1336 4612 1514 4669 Verbo
1560 4614 1725 4669 facta.
1772 4612 1979 4668 Rursus

395 4723 620 4771 sanctus
660 4712 926 4767 Maximus
953 4708 1007 4761 in
1040 4707 1410 4776 disputatione
1441 4716 1636 4760 contra
1669 4705 1975 4777 Pyrrhum:

398 4807 552 4860 Sient
587 4801 946 4859 inflannnatio
975 4799 1365 4854 inﬂammatum
1393 4837 1409 4865 ,
1450 4805 1504 4851 et
1550 4797 1974 4853 inﬂammantem

478 4922 522 4954 "
551 4918 712 4974 Joan.
766 4931 821 4971 ι.
866 4911 956 4970 50.

2087 4624 2332 4676 sanctos,
2364 4620 2420 4666 et
2454 4611 2706 4665 dominos
2730 4622 2788 4664 et
2816 4626 2992 4678 reges,
3016 4617 3068 4662 et
3091 4609 3258 4673 deos;
3286 4608 3428 4662 sicut
3456 4616 3508 4660 et
3535 4608 3676 4660 inter

2089 4706 2339 4761 homines
2365 4703 2399 4755 ii
2420 4701 2513 4771 qui
2547 4715 2669 4755 sum
2701 4700 3167 4763 excellentissimi,
3199 4701 3279 4753 sic
3307 4699 3673 4768 appellantur.

2087 4801 2167 4854 Ex
2204 4795 2406 4865 quibus
2438 4793 2668 4846 edicitur
2700 4779 3044 4848 manifestum
3070 4827 3086 4854 ,
3131 4789 3293 4844 aliam
3339 4791 3559 4851 quidem
3596 4793 3674 4844 si-

1870 5009 2150 5074 Scholia.

471 5117 546 5186 (l)
580 5114 763 5182 Ipsam
800 5112 1149 5186 imitationem
1199 5109 1314 5168 Dei.
1347 5109 1581 5186 Imitatio
1619 5109 1710 5186 Dei
1745 5123 1970 5186 vocatur

398 5181 689 5253 deitii-atio,
710 5186 836 5251 quia
855 5200 958 5236 non
989 5183 1328 5247 deiﬁcamur,
1349 5181 1448 5236 nisi
1484 5181 1745 5253 imitando
1769 5182 1968 5249 Deum;

398 5252 680 5310 dedicatio
704 5257 842 5322 ipsa,
875 5268 993 5322 qua:
1016 5253 1122 5306 dici
1169 5253 1310 5305 solet
1363 5265 1457 5320 per
1486 5266 1544 5305 se
1572 5252 1861 5322 deiticatio,
1894 5265 1976 5306 est

398 5333 600 5379 donum
639 5321 750 5391 Dei,
777 5334 829 5376 et
849 5321 1397 5391 principiumluostt'tﬁ
1428 5321 1786 5391 deilicationis
1808 5337 1837 5374 a
1871 5322 1976 5373 Deo

399 5398 658 5465 don'itum
689 5390 870 5448 nobis.
926 5390 1070 5465 Deus
1093 5392 1266 5465 igitur
1319 5399 1609 5465 est-supra
1668 5390 1977 5456 hujusmodi

400 5458 719 5533 principium
747 5461 975 5517 formale
996 5458 1297 5533 divinitatis
1311 5458 1557 5533 ‘deilicai,
1578 5475 1700 5533 qua
1721 5469 1977 5530 tanquam

396 5530 542 5588 dono
577 5530 667 5585 Dei
695 5534 1014 5602 deilicamur
1065 5532 1133 5584 ab
1162 5533 1276 5602 ipso
1310 5530 1510 5594 Deo;et
1541 5531 1790 5602 similiter
1814 5545 1980 5602 supra

399 5606 741 5676 principium
791 5599 1068 5664 bonitatis,
1101 5598 1207 5669 qua
1242 5611 1496 5670 tanquam
1533 5601 1678 5656 dono
1727 5598 1822 5654 Dei
1854 5602 1985 5654 boni

395 5673 662 5730 cilicimur
694 5673 873 5736 abeo.

457 5746 535 5813 (9.)
557 5742 677 5797 Non
695 5743 1002 5811 mixte,quia
1030 5757 1134 5795 non
1159 5756 1294 5813 opus
1315 5750 1416 5807 est,
1437 5751 1490 5794 ut
1509 5755 1569 5795 se
1584 5740 1744 5794 veluti
1763 5754 1885 5793 cum
1903 5753 1990 5792 re-

397 5810 576 5870 bu‘s'et
609 5816 843 5883 negoziis
872 5810 1093 5868 misceat
1116 5810 1181 5865 ad
1202 5815 1634 5881 cogitescendum
1665 5826 1748 5878 ea,
1788 5819 1845 5864 ut
1879 5818 1991 5863 tute

2074 5121 2128 5167 et
2155 5116 2312 5164 caute
2341 5105 2622 5176 gubernet,
2658 5101 2798 5176 sicut
2831 5115 3055 5176 necesse
3084 5110 3166 5156 est
3197 5101 3403 5176 homini
3428 5119 3445 5168 ;
3473 5102 3678 5170 alioqui

2079 5197 2185 5236 non
2215 5173 2412 5246 poterit
2435 5176 2584 5246 solus
2615 5173 2860 5246 sullicere
2896 5173 3321 5246 gubernationi.

2177 5243 2251 5316 (5)
2274 5247 2434 5316 Juga.
2468 5243 2604 5310 Juga
2638 5243 2941 5316 voluntaria
2972 5253 3126 5296 vocat
3159 5244 3429 5311 appetitus
3455 5253 3681 5316 natural,

2081 5332 2137 5374 nl
2161 5313 2365 5386 cuique
2379 5317 2654 5379 convenit,
2676 5313 2892 5386 insitos,
2921 5323 3176 5381 tanquam
3211 5318 3352 5381 leges
3376 5315 3672 5377 impOsitas,

2083 5383 2282 5460 quibus
2312 5387 2719 5460 omnisnatnra
2763 5383 2999 5460 libenter
3051 5395 3102 5436 et
3127 5399 3317 5452 sponte
3342 5393 3627 5460 smnpm-ct
3654 5419 3668 5442 ,

2083 5449 2137 5516 et
2160 5458 2306 5511 nulla
2339 5455 2561 5518 resistit,
2591 5468 2690 5508 nec
2725 5452 3083 5506 obedientiam
3115 5449 3397 5507 ditt-ertat.
3435 5449 3496 5501 Et
3552 5466 3674 5512 quia

2093 5526 2400 5598 bujusmodi
2451 5523 3058 5598 appetitus,etimpetus
3085 5525 3334 5598 insiti,_et
3370 5520 3679 5598 inclinatiof

2095 5590 2189 5651 nes
2255 5590 2578 5649 tenduntiad
2609 5591 2898 5645 amandum
2945 5607 3218 5646 summum
3257 5592 3479 5647 bonum,
3532 5590 3676 5653 quod

2094 5667 2243 5720 varie
2314 5661 2896 5733 participant,idcirco
2958 5662 3225 5732 ejusmodi
3298 5657 3677 5733 inclinationes

2097 5728 2354 5791 dicuntur
2377 5748 2406 5786 a
2437 5728 2690 5802 Dionysio
2711 5731 2952 5783 divinum
2974 5728 3209 5782 amorem
3261 5737 3434 5795 partu:
3451 5728 3548 5794 ire,
3571 5740 3680 5780 sier-

2099 5807 2176 5862 uti
2209 5817 2348 5862 terra
2380 5802 2493 5859 sole
2521 5800 2786 5872 tepefacta
2833 5801 3042 5854 fructus
3062 5805 3313 5861 parturit.
