4048 6478
395 406 506 476 8’“5
1440 409 1444 412 ’
1584 400 1908 466 JOANNIS
1939 399 2124 462 CYPA
2136 400 2508 466 RISSIOTIE
3563 396 3672 461 836

398 519 806 590 gnificationem
849 513 1175 588 praeseferre.
1199 529 1264 570 ea
1307 513 1531 569 nomina
1556 553 1572 578 ,
1606 527 1729 584 qua:
1757 513 1824 567 de
1863 514 1971 566 Deo
2001 516 2046 570 A
2072 513 2266 566 horum
2302 521 2507 580 autem,
2559 511 2613 566 id
2643 517 2751 578 est,
2789 523 2914 576 quas
2947 511 3248 568 secundum
3286 510 3668 569 excellentiam

399 614 660 668 dicuntur
689 610 754 664 ad
804 609 1045 678 aliquid;
1083 608 1246 664 aliam
1298 621 1450 671 vero,
1504 620 1626 676 qua:
1672 606 1974 661 secundum
2085 602 2370 668 dicuntur,
2403 603 2711 674 proprietas
2746 613 2851 670 est,
2888 618 2954 659 ex
2981 617 3137 674 atquo
3160 603 3440 659 esseinfra
3475 604 3669 674 Deum,

400 703 875 773 exsuperationem
909 699 1212 756 eﬂ'eruntur
1251 711 1268 752 :
1298 707 1462 768 atque
1487 698 1580 752 illa
1613 697 1836 768 quidem
1873 696 1976 752 ali-
2085 708 2212 748 cum
2242 693 2352 750 illis
2382 708 2505 764 qua:
2544 695 2897 764 participant,
2923 702 2978 749 et
3003 703 3132 750 sunt
3161 709 3257 764 per
3294 709 3352 749 se
3375 695 3670 765 participa-

404 797 624 867 quando
658 806 999 863 supervacua
1025 805 1147 846 esse
1191 799 1247 846 et
1295 791 1468 846 otiosa
1501 787 1746 860 perfecto
1790 803 1976 859 opere,
2086 786 2286 853 tiones,
2329 785 2533 856 quibus
2563 797 2614 842 et
2656 786 2745 840 illa
2796 784 2936 841 facta
3005 795 3156 842 sunt.
3221 783 3492 840 Praeterea
3552 801 3674 842 om-

395 880 462 942 ut
489 896 650 942 antea
677 927 690 951 ,
723 893 778 940 et
812 898 957 939 nunc
989 884 1422 938 demonstratum
1467 893 1588 950 est;
1641 882 1758 937 haec
1804 896 1937 935 vero
1961 921 1976 945 ,
2088 881 2408 948 nipotentia,
2432 881 2734 950 susceptio,
2758 880 3048 944 auxilium,
3071 888 3125 934 et
3155 879 3384 934 salvatio
3407 878 3452 933 si
3479 879 3532 933 in
3559 878 3670 932 Deo

399 994 522 1050 quae
572 978 876 1034 secundum
939 976 1418 1046 exsuperationem
1443 1014 1460 1039 ,
1518 989 1736 1043 semper
1787 974 1976 1027 eodem
2088 972 2370 1036 dicuntur,
2404 981 2532 1025 sunt
2562 987 2669 1025 una
2703 987 2829 1041 pax,
2861 979 2915 1026 et
2939 972 3120 1042 quies,
3154 985 3219 1030 ac
3246 970 3546 1035 silentium;
3583 969 3668 1024 sin

399 1072 564 1125 modo
613 1069 998 1126 excellentiam
1045 1069 1343 1132 declarare,
1397 1077 1562 1136 atque
1610 1065 1700 1120 illa
1760 1065 1978 1136 quidem
2089 1079 2221 1120 vero
2255 1073 2408 1118 extra
2439 1062 2638 1130 Deum,
2662 1072 2716 1118 et
2745 1073 3000 1132 tanquam
3029 1061 3400 1117 emanationes
3433 1063 3486 1116 in
3519 1076 3673 1117 crea-

400 1163 626 1217 evidens
679 1162 941 1216 indicium
994 1159 1296 1216 ostendunt
1344 1159 1400 1214 in
1452 1157 1817 1214 fabricatione
1853 1158 1980 1211 uni-
2091 1163 2264 1219 turas,
2319 1155 2386 1210 ad
2435 1154 2764 1216 custodiam,
2796 1162 2851 1208 et
2887 1153 3151 1217 tutelam,
3198 1161 3252 1207 et
3294 1152 3581 1215 auxilium,
3613 1160 3672 1205 et

398 1251 565 1307 versi.
591 1252 826 1319 Septimo
859 1251 1003 1304 enim
1043 1250 1152 1314 die,
1191 1247 1392 1319 inquit,
1427 1247 1678 1318 requievit
1714 1247 1778 1298 ab
1809 1245 1982 1299 omni-
2091 1248 2516 1317 susceptionem,
2551 1255 2605 1302 et
2635 1247 2864 1302 salutem
2895 1246 3169 1316 producta:
3194 1285 3209 1310 ,
3241 1244 3294 1298 in
3329 1244 3396 1300 iis
3423 1258 3540 1314 qua:
3569 1257 3670 1296 cu-

399 1346 492 1399 bus
526 1344 769 1413 operibus
805 1342 1000 1404 suis”;
1025 1355 1195 1410 quare
1216 1338 1457 1396 cessavit
1483 1353 1511 1392 a
1539 1337 1813 1393 creatione
1836 1337 1982 1400 coeli,
2092 1339 2431 1403 stodiuntur,
2459 1339 2839 1410 perﬁciuntur.
2876 1337 3108 1406 Rursus,
3142 1337 3408 1392 sanctitas
3432 1375 3447 1402 ,
3474 1344 3529 1390 et
3569 1335 3670 1390 do-

398 1437 553 1502 solis,
580 1435 859 1504 stirpium,
887 1432 1274 1498 animantium,
1305 1439 1368 1484 ut
1403 1430 1658 1484 universe
1689 1427 1894 1492 dicam,
1918 1431 1985 1483 ab
2095 1433 2356 1497 minatus,
2388 1441 2440 1486 et
2468 1445 2693 1501 regnum
2721 1471 2736 1496 ,
2769 1440 2824 1486 et
2853 1431 3134 1492 divinitas,
3172 1429 3422 1485 absolute
3451 1428 3670 1498 quidem

399 1525 657 1580 universo
683 1538 848 1594 opere
876 1523 1021 1592 quod
1050 1530 1292 1593 patrarat
1317 1519 1422 1591 (l),
1445 1529 1667 1591 propter
1680 1533 1819 1588 opus
1838 1518 1983 1571 enim
2095 1523 2151 1577 in
2183 1523 2292 1578 Deo
2327 1522 2488 1578 dicta;
2517 1522 2796 1577 silentium
2829 1521 2949 1592 ejus
2979 1528 3110 1577 sunt
3141 1520 3361 1576 beatum
3386 1559 3402 1584 ,
3431 1528 3485 1574 et
3511 1533 3674 1588 supra

399 1617 580 1672 dictus
624 1624 711 1670 est
743 1624 876 1670 tunc
919 1613 1060 1670 Deus
1097 1611 1396 1668 fabricator
1440 1611 1651 1666 mundi.
1696 1609 1794 1665 Est
1824 1609 1988 1681 igitur
2096 1613 2468 1670 substantiam
2507 1630 2521 1666 :
2552 1623 2708 1667 extra
2743 1611 2910 1668 Deum
2947 1628 3096 1679 vero,
3131 1612 3493 1682 proprietates
3526 1609 3673 1666 acci-

399 1724 620 1777 semper
652 1707 952 1763 fabricator
998 1706 1185 1760 muudi
1220 1704 1382 1771 Deus,
1431 1702 1528 1760 sed
1566 1715 1826 1773 tanquam
1874 1701 1986 1775 iam
2096 1705 2252 1776 piunt
2282 1706 2349 1760 ad
2387 1716 2698 1761 creaturam
2731 1713 3068 1776 spectantes;
3095 1705 3209 1768 illa,
3240 1703 3291 1759 id
3318 1711 3426 1769 est,
3468 1701 3673 1759 sancti—

402 1799 692 1855 fabricatio
717 1797 906 1853 mundi
939 1798 1197 1864 desierit;
1232 1798 1377 1853 sicut
1413 1803 1468 1851 et
1495 1803 1732 1872 creator,
1763 1793 1856 1864 qui
1878 1809 1987 1849 non
2100 1807 2205 1864 tas,
2239 1795 2490 1852 liberatio
2524 1805 2610 1851 est
2657 1797 2726 1851 ab
2765 1797 2916 1852 omni
2955 1799 3162 1854 scelere
3192 1805 3245 1852 et
3291 1795 3538 1862 macula;
3574 1795 3675 1850 do-

401 1907 624 1962 semper
658 1903 846 1958 creat;
883 1899 936 1946 et
965 1892 1034 1946 ad
1065 1891 1352 1946 ridendum
1383 1899 1567 1961 aptus,
1599 1886 1690 1954 qui
1713 1901 1817 1942 non
1848 1901 1990 1941 sem-
2020 1876 2062 1930 Β
2092 1890 2329 1944 minatus
2364 1887 2676 1945 ﬁrmitatem
2714 1905 2896 1945 veram
2920 1929 2936 1956 ,
2962 1899 3017 1944 et
3064 1891 3132 1943 ab
3166 1891 3513 1958 prolapsione
3542 1889 3674 1944 libe-

400 1998 499 2052 per
537 1983 711 2046 ridet,
755 1983 874 2038 haec
901 1989 1086 2038 autem
1116 1993 1220 2046 est,
1248 1981 1380 2052 quia
1418 1980 1594 2036 solum
1625 1986 1710 2034 est
1739 1993 1905 2032 causa
1935 1986 1990 2032 et
2091 1997 2206 2036 ram
2239 1981 2493 2047 exhibet;
2521 1997 2744 2052 regnum
2775 1991 2858 2037 est
2892 1981 3207 2037 distributio
3234 1983 3416 2035 omnis
3444 1979 3667 2049 regulae.

399 2076 624 2134 eﬂeetor
654 2075 822 2138 Deus.
848 2073 1078 2130 infinitis
1105 2073 1254 2130 enim
1285 2083 1342 2128 et
1369 2072 1656 2128 inmensis
1686 2069 1988 2125 intervallis
2091 2080 2146 2128 et
2185 2074 2532 2140 ornamenti,
2569 2081 2625 2130 et
2674 2073 2835 2145 juris,
2871 2082 2925 2128 et
2968 2075 3215 2140 ordinis;
3246 2072 3500 2127 divinitas
3549 2086 3675 2127 vero

401 2169 627 2226 effector
659 2167 871 2224 effectis
919 2166 1220 2222 antecellit.
1273 2165 1409 2222 Cum
1460 2173 1644 2220 autem
1695 2162 1991 2234 Dionysius
2091 2165 2434 2236 providentia
2487 2167 2671 2221 omnia
2721 2166 3142 2236 contemplans,
3203 2176 3259 2222 et
3305 2165 3558 2222 similiter
3617 2165 3670 2219 in

399 2259 781 2316 excellentiam
813 2259 866 2313 in
903 2257 988 2314 his
1019 2257 1282 2325 ostendit,
1319 2259 1375 2313 in
1407 2257 1550 2313 duas
1571 2265 1754 2327 partes
1779 2256 1986 2324 divisit;
2091 2258 2234 2322 aliis,
2273 2258 2322 2314 si
2368 2257 2494 2329 quis
2536 2274 2566 2314 a
2615 2258 2864 2314 moribus
2920 2267 2975 2314 et
3015 2257 3324 2314 actionibus
3360 2257 3456 2313 Dei
3500 2256 3678 2312 nomi-

401 2351 459 2406 in
487 2359 675 2407 sancta
703 2389 718 2416 ,
748 2358 803 2405 et
831 2365 939 2404 non
971 2361 1186 2413 sancta,
1220 2360 1275 2403 et
1313 2349 1366 2403 in
1403 2363 1500 2419 per
1526 2363 1586 2404 se
1614 2347 1988 2418 participatio-
2091 2361 2222 2402 nare
2256 2357 2446 2419 pergat
2491 2348 2842 2404 divinitatem
2885 2362 3010 2419 qua:
3060 2357 3143 2402 est
3188 2359 3352 2414 supra
3385 2359 3549 2415 quam
3579 2358 3676 2399 ex-

402 2455 527 2504 nes,
562 2449 616 2494 et
645 2440 700 2494 in
730 2437 1134 2510 particlpantia.
1167 2436 1236 2492 Et
1260 2447 1491 2508 quanto,
1530 2438 1730 2507 inquit,
1769 2451 1833 2490 ea
1867 2452 1990 2508 quae
2099 2438 2276 2508 promi
2311 2441 2486 2509 po‘ssit
2515 2439 2632 2494 sive
2663 2439 2984 2495 aliirmando
3004 2439 3120 2494 sive
3141 2438 3406 2510 negando,
3438 2445 3492 2492 et
3512 2450 3676 2508 supra

400 2540 553 2596 sunt,
603 2530 670 2585 iis
700 2545 824 2600 qua:
853 2546 961 2585 non
1009 2539 1164 2593 sunt,
1203 2528 1560 2596 antecellunt,
1591 2535 1648 2583 et
1690 2528 1986 2598 participa-
2093 2544 2259 2599 quam
2293 2530 2546 2600 intelligi,
2582 2540 2638 2588 et
2671 2546 2836 2603 supra
2867 2530 3257 2586 substantiam.

402 2623 586 2678 tiones
638 2621 1136 2692 participantibus;
1190 2628 1342 2674 tanto
1372 2618 1516 2675 Deus
1545 2619 1818 2674 antecellit
1858 2634 1987 2675 san-
2716 2641 2948 2700 CAPUT
2979 2642 3052 2698 χ,

403 2713 534 2778 ctis,
572 2722 626 2767 et
657 2726 766 2766 non
797 2711 1047 2779 sanctis;
1075 2719 1132 2766 et
1161 2725 1258 2780 per
1289 2725 1348 2764 se
1377 2710 1908 2782 participationlbus,
1935 2723 1990 2768 et

2091 2731 2171 2789 De
2195 2734 2519 2805 aequalitate,
2565 2735 2901 2804 perfectione,
2927 2737 3148 2800 unitate,
3180 2743 3230 2791 et
3261 2750 3376 2806 qua!
3407 2750 3582 2791 eorum
3617 2735 3673 2789 iu

400 2803 877 2876 participantibus.
913 2802 1245 2858 Excellentia
1282 2802 1449 2871 igitur
1476 2802 1568 2856 Dei
1603 2818 1758 2873 aeque
1785 2819 1980 2874 perva-
2253 2802 2263 2805 ⁷
2567 2802 2574 2804 ⁷
2622 2802 2772 2860 rebus
2801 2806 3161 2874 proprietates.
3270 2802 3282 2806 ⁷
3618 2823 3624 2830 ·

398 2898 479 2952 dit
501 2897 555 2951 in
586 2893 991 2967 participantia,
1017 2902 1074 2949 et
1096 2907 1194 2965 per
1227 2908 1289 2949 se
1326 2893 1815 2964 participationcs;
1847 2905 1896 2951 et
1931 2897 1983 2952 in
2159 2895 2385 2964 Magnus
2420 2897 2732 2968 Dionysius,
2763 2912 2888 2967 cap.
2927 2897 2961 2952 9
3006 2897 3082 2954 De
3107 2900 3300 2954 divinis
3341 2897 3622 2953 nominibus
3650 2915 3666 2954 ι

400 2997 614 3052 sancta,
643 2995 737 3042 aut
767 2985 972 3052 divina,
1006 2993 1101 3041 aut
1128 2985 1493 3049 dominantia,
1522 2993 1618 3041 aut
1646 2987 1814 3057 regia,
1843 2996 1898 3042 et
1929 2989 1982 3043 in
2077 2987 2144 3042 'Si
2164 2989 2288 3057 quis
2315 3003 2444 3043 vero
2463 2988 2679 3060 ,inquit,
2703 2992 2757 3045 in
2787 2993 2992 3049 sanctis
3021 2991 3318 3064 Scripturis
3347 3003 3676 3060 nomen,quo

399 3093 465 3133 ea
495 3092 616 3148 quae
648 3091 757 3131 non
792 3085 922 3133 sunt
953 3075 1104 3130 talia.
1137 3073 1195 3130 Si
1246 3084 1428 3131 autem
1460 3074 1603 3131 Deus
1637 3091 1792 3146 aeque
1828 3085 1983 3132 utra-
2089 3079 2230 3136 Deus
2261 3083 2574 3137 nominatur
2625 3083 2788 3149 idem,
2812 3093 2866 3140 et
2897 3101 3007 3156 quo
3057 3087 3369 3140 nominatur
3394 3085 3596 3155 justus,
3621 3083 3678 3136 in

400 3185 509 3240 que
539 3167 777 3232 excellit,
807 3181 971 3238 quam
1000 3166 1269 3220 rationem
1296 3167 1670 3235 productionis
1708 3168 1983 3224 habebunt
2011 3215 2053 3246 η
2087 3170 2307 3225 nomine
2322 3171 2527 3238 divino,
2556 3189 2665 3244 quo
2696 3175 3008 3230 nominatur
3033 3177 3281 3246 aequalis,
3315 3174 3561 3244 accipiat,
3593 3171 3684 3228 di-

385 3275 526 3330 .quze
555 3274 662 3314 non
711 3265 842 3314 sunt
872 3267 1084 3323 sancta,
1113 3265 1167 3312 et
1196 3271 1320 3327 quae
1348 3257 1704 3329 participant,
1737 3261 1982 3315 eamdem
2012 3257 2055 3275 “⁶
2089 3264 2321 3317 cendum
2353 3272 2457 3329 est,
2478 3265 2646 3322 Deum
2676 3281 2797 3323 esse
2831 3269 3096 3339 aqualem
3130 3283 3238 3322 non
3285 3267 3461 3322 solum
3497 3274 3559 3320 ut
3585 3279 3683 3320 ex-

403 3351 685 3407 habehunt
713 3358 927 3414 sancta,
963 3359 1020 3404 et
1047 3363 1144 3419 per
1175 3364 1235 3406 se
1265 3350 1731 3420 participationes,
1767 3353 1912 3424 quod
1940 3355 1988 3408 si
2094 3365 2300 3424 pertem
2331 3359 2590 3426 partium,
2621 3369 2675 3416 et
2699 3361 2791 3431 qui
2819 3376 2847 3416 a
2877 3370 3028 3416 recto
3059 3359 3335 3415 declinare
3363 3372 3468 3412 non
3489 3357 3683 3427 possit,

407 3443 502 3499 illa
539 3453 670 3501 sunt
693 3453 960 3500 creatura:
993 3443 1114 3509 Dei,
1143 3451 1198 3498 et
1231 3443 1344 3499 hac
1371 3443 1539 3515 igitur
1568 3453 1698 3501 sunt
1729 3457 1991 3502 creaturae
2095 3447 2191 3504 sed
2223 3455 2282 3502 ut
2316 3449 2370 3504 in
2399 3452 2584 3505 omnia
2606 3460 2661 3507 et
2700 3467 2799 3522 per
2836 3453 3016 3507 omnia
3050 3452 3331 3522 aequaliter
3386 3459 3681 3514 meantem,

403 3534 524 3591 Dei.
565 3537 840 3605 Appareut
888 3545 1069 3590 tamen
1137 3533 1229 3590 hic
1273 3535 1436 3590 etiam
1475 3537 1857 3608 prOprietates,
1898 3537 1992 3594 illa
2097 3547 2152 3593 et
2183 3548 2241 3593 ut
2273 3554 2366 3609 per
2395 3553 2454 3595 se
2471 3543 2798 3610 aequalitatis
2818 3543 3157 3609 eﬁectorem,
3181 3543 3477 3599 secundum
3519 3556 3684 3611 quam

403 3628 576 3692 enim,
596 3627 648 3683 id
671 3638 777 3691 est,
803 3627 1185 3697 participantia
1207 3634 1260 3682 et
1280 3626 1752 3698 participationes,
1771 3637 1994 3700 propter
2111 3633 2394 3704 aequaliter
2423 3643 2684 3703 operatur
2718 3635 2950 3691 similem
3011 3636 3256 3691 omnium
3285 3651 3378 3704 per
3407 3634 3522 3704 ipsa
3545 3635 3686 3688 inter

402 3719 589 3782 linem.
619 3716 778 3786 cuius
807 3731 999 3783 causa.
1036 3715 1274 3787 Ρθτίθοιθ
1307 3722 1457 3780 sum:
1505 3723 1562 3772 θι
1611 3731 1800 3772 eorum
1871 3732 2001 3788 pro-
2113 3740 2173 3780 se
2195 3726 2468 3782 incessum
2496 3725 2652 3797 (2),et
2671 3729 3140 3798 participationem
3162 3727 3443 3797 aequaliter
3464 3725 3687 3796 partici-

403 3809 610 3881 prietas
659 3819 746 3866 est
775 3808 884 3864 dici
913 3809 981 3864 ad
1021 3807 1252 3880 aliquid,
1275 3806 1460 3878 aliquo
1487 3806 1650 3864 modo
1679 3823 1739 3865 se
1757 3808 1997 3866 habere;
2114 3820 2448 3889 pantium,nt
2469 3819 2725 3892 quodque
2744 3835 2933 3877 eorum
2982 3830 3168 3892 aptum
3193 3829 3275 3878 est
3297 3819 3396 3892 (5),
3420 3827 3474 3875 et
3505 3832 3685 3889 aequa-

477 3951 523 3985 ³³
547 3951 685 4008 Gen.
716 3966 776 4017 tl,
809 3947 864 4004 2.
1983 3937 2016 3971 ⁸

1892 4048 2172 4115 Schoha.

454 4149 530 4219 (Ι)
560 4147 793 4228 ςεεδαυιι
825 4147 887 4200 ab
910 4144 1052 4200 omni
1074 4161 1245 4216 apere.
1276 4145 1477 4228 creare
1498 4159 1604 4228 mut
1633 4145 1807 4228 solum
1827 4147 1998 4218 signl-
2107 4162 2430 4228 monstrare,
2455 4152 2711 4228 illiusque
2740 4153 3005 4228 infinitam
3025 4155 3370 4228 sapientiam,
3389 4157 3679 4225 potentiam

402 4213 532 4299 fidat
555 4219 757 4299 facere
778 4287 790 4299 .
813 4231 878 4299 ex
913 4231 1020 4270 non
1045 4213 1206 4299 βίης,
1229 4227 1288 4271 ut
1318 4217 1518 4298 impius
1551 4213 1853 4296 Eunomius
1881 4213 1996 4299 ira:
2106 4233 2164 4279 et
2187 4213 2641 4299 magnificentiam
2671 4224 2879 4288 testari,
2904 4213 3274 4299 verum-etiam
3295 4213 3414 4294 quae
3442 4230 3680 4283 nondum

406 4291 591 4369 debat;
649 4288 741 4356 qui
777 4287 981 4369 idcirco
1007 4286 1183 4369 aiebat
1244 4286 1486 4366 nonjam
1539 4286 1760 4369 animas
1809 4289 1991 4369 creari
2108 4286 2398 4369 exsistunt,
2427 4293 2521 4369 sed
2569 4291 2752 4369 futura
2794 4286 2942 4369 sunt,
2987 4286 3363 4369 _i_psa_quoque
3419 4298 3682 4352 rationem

414 4359 511 4415 sed
559 4358 830 4435 generari,
874 4373 1074 4435 ex_quo
1121 4358 1264 4412 Deus
1313 4358 1673 4435 requievisset
1713 4358 1781 4411 ab
1843 4358 1996 4435 omni
2108 4363 2342 4426 ordinis,
2380 4362 2740 4429 subiectionis
2778 4371 2833 4415 et
2863 4358 3185 4416 obedientize
3227 4358 3440 4418 illorum
3485 4369 3685 4435 primo-

405 4423 742 4501 opere'quod
765 4423 1001 4501 creando
1037 4435 1299 4496 patrarat;
1354 4423 1462 4501 sed
1490 4423 1763 4501 significat
1797 4428 1992 4501 etiam
2109 4447 2229 4486 rum
2256 4423 2386 4501 erga
2419 4423 2694 4486 auctorem
2732 4446 2892 4501 suum
2931 4443 3184 4501 secutura
3235 4449 3376 4489 esse:
3413 4423 3572 4490 ita-ut
3599 4438 3686 4491 ni-

410 4490 590 4586 ξξῖοοτεξ
614 4490 1072 4586 ξΙίίζξιίάηηίξνξιηξν
1098 4507 1156 4552 ιιι
1188 4490 2000 4586 "flexitNfﬂﬁﬂusAdamau-
2024 4523 2078 4586 ι)
2106 4502 2180 4586 hil
2209 4490 2398 4586 eorum
2432 4508 2704 4586 quae‘sunt
2737 4500 2937 4567 futura,
2961 4511 3055 4580 aut
3083 4500 3350 4586 facienda,
3384 4505 3465 4559 vel
3491 4490 3685 4560 crean-

404 4571 538 4649 t_i_us,
573 4566 669 4620 ltb.
703 4582 762 4631 tt,
807 4566 878 4621 De
906 4567 1144 4649 homine:
1213 4581 1244 4618 a
1294 4577 1661 4649 (ιειυγιςςιξςφ.
1705 4568 1998 4648 creationis
2024 4566 2076 4586 ³¹
2101 4572 2190 4649 da,
2226 4566 2501 4649 diversum
2534 4569 2602 4624 ab
2635 4572 2700 4649 iis
2743 4585 2862 4639 quae
2906 4572 3141 4640 primum
3184 4566 3498 4641 farta'sunt,
3532 4577 3682 4629 inve-

407 4639 541 4714 (_lici_t
573 4650 817 4714 cessasse
846 4636 1062 4714 quidem
1094 4636 1285 4714 Deum.
1313 4636 1456 4686 sicut
1497 4636 1765 4714 scriptum
1809 4638 1995 4714 estuiu
2103 4636 2322 4714 piatur:
2350 4639 2463 4714 imo
2486 4636 2784 4714 secundum
2811 4636 3006 4714 seriem
3036 4643 3225 4714 primis
3253 4643 3367 4714 illis
3395 4660 3421 4698 a
3449 4636 3680 4712 potentia

406 4708 734 4786 Ecclesiaste
762 4703 903 4776 (Cap.
939 4707 1046 4786 1.):
1113 4703 1258 4760 Nihil
1285 4703 1630 4786 no‘vumhslt‘tb
1689 4706 1825 4786 sole.
1860 4704 1999 4786 “Nec
2103 4712 2195 4766 Dei
2213 4710 2844 4778 omniumOperatriceet
2859 4703 3686 4786 gubernatriceimpositam,or-

407 4779 553 4832 enim
573 4777 656 4856 vel
699 4769 1029 4856 resurrectio
1048 4775 1428 4856 corporum(ut
1455 4772 1530 4856 ait
1546 4769 1836 4856 Gregorius
1856 4775 2000 4856 Nys-
2104 4789 2216 4856 tum
2237 4789 2291 4835 et
2306 4769 2591 4856 motum'ac
2608 4769 3078 4856 conservationem
3101 4769 3350 4856 habitura
3373 4799 3491 4838 esse
3513 4769 3684 4854 usque

408 4862 574 4925 sentis
603 4846 954 4925 hnnc_loc_uin
1004 4846 1406 4925 interpretans)
1440 4845 1658 4925 aliquid
1691 4849 1814 4925 novi
1871 4845 1998 4925 erit,
2106 4852 2172 4905 ad
2197 4851 2574 4925 praescriptum
2598 4865 2628 4903 a
2655 4849 2764 4903 Deo
2783 4850 2946 4925 ﬁnem
2972 4851 3237 4925 oinnium;
3265 4853 3509 4922 nihilque
3529 4845 3685 4922 pror-

409 4917 815 4998 sedrestitutio
837 4915 1253 4998 iupristiuutg
1279 4921 1504 4998 statum;
1539 4914 1766 4998 idcirco,
1799 4918 1997 4998 inquit,
2107 4914 2760 4998 sus-reperie'nduniesse,
2782 4919 2925 4998 quod
2941 4921 3104 4998 alium
3122 4914 3435 4998 ortum,aui.
3459 4914 3683 4985 motum,

409 4987 692 5067 sulijungit
726 4983 1168 5067 ιεὶῳιρξξὶξινδμεῑρΔ
1195 4983 1360 5067 Extra
1413 4995 1570 5067 vct‘us
1612 4986 1746 5066 nihil
1779 4983 1889 5054 est,
1923 4988 2002 5067 sic
2105 5004 2199 5044 aut
2229 4983 2474 5067 ordinem
2519 4990 2734 5067 habeat,
2766 4983 2906 5043 unde
2928 4983 3684 5067 possitaliquisoccasionem

406 5053 659 5113 emines]
693 5057 832 5124 apud
888 5053 1032 5108 LXX
1094 5053 1664 5134 interpretes._Creari
1701 5070 1830 5134 ergo
1881 5057 2002 5134 aui-
2104 5074 2324 5134 sumere
2344 5053 3682 5134 dicendi:_llocnovum-est.l'laet'enusisteauctor.

411 5143 556 5205 {nam
591 5141 700 5180 non
726 5123 813 5179 est
840 5141 1060 5205 novum,
1086 5125 1179 5205 sed
1204 5123 1308 5205 tale
1324 5123 1478 5204 quid,
1503 5124 1667 5205 quale
1688 5140 1717 5177 a
1735 5123 2002 5205 principio
2185 5131 2263 5200 (2)
2299 5131 2467 5205 Inter_
2487 5145 2540 5182 se
2570 5130 2852 5205 incessum.
2874 5129 2958 5205 “In
2986 5132 3382 5185 elementorum
3432 5133 3684 5188 mistione

410 5196 610 5274 factum
645 5205 912 5274 est,_‘cuui
935 5195 1059 5274 fecit
1090 5193 1557 5274 Deus-hominem.
1591 5201 1646 5245 ει
1682 5199 2000 5274 ,ευςυιιύξξηᾎ
2105 5193 2356 5274 versatur
2376 5199 2690 5274 huiusmodi
2714 5201 3152 5269 mqualitas,qu:e
3183 5204 3225 5256 si
3251 5216 3356 5255 non
3381 5210 3548 5261 esset.
3575 5220 3681 5257 non

409 5263 856 5345 imaginemnDei
887 5265 1015 5345 fecit
1037 5279 1184 5323 eum.
1217 5263 1386 5343 sicut.
1415 5275 1630 5345 semper
1681 5263 1811 5317 facit
1868 5265 2003 5345 nihil
2107 5270 2300 5345 fierent
2354 5263 2738 5341 generationes
2769 5263 2819 5320 in
2847 5263 3070 5345 llllllldo;
3103 5272 3148 5324 si
3181 5273 3326 5324 enim
3364 5273 3582 5340 aliquod
3617 5288 3685 5326 ex

413 5333 652 5414 variatis.
694 5333 864 5414 Desiit
889 5338 1069 5414 itaque
1080 5333 1834 5414 crearenpriittordiarerum,
1861 5335 2006 5414 unde
2109 5333 2399 5394 elementis
2425 5347 2718 5410 exsuperet
2741 5354 2804 5392 ac
2832 5333 3122 5407 redundet,
3145 5333 3515 5412 COrrutnpitur
3540 5346 3683 5413 quod

412 5407 552 5479 idem
575 5400 1182 5479 _Ecclesiastes_ibidem
1222 5419 1236 5454 :
1268 5400 1413 5479 Quid
1441 5409 1544 5479 est,
1608 5404 1826 5479 iuqui_t.__
1859 5405 2004 5472 quod
2107 5421 2420 5479 generatur,

413 5474 544 5553 fuit}
575 5475 754 5553 ipsum
782 5475 925 5540 quod
956 5471 1202 5553 futurum
1238 5481 1341 5553 est.
1376 5471 1612 5553 Quidest
1637 5471 1781 5543 quod
1805 5471 2003 5553 factum
2182 5481 2258 5550 r3)
2298 5480 2362 5536 Ut
2401 5482 2641 5546 quodque
2669 5489 2852 5549 aptum
2915 5489 3011 5545 est,
3049 5490 3097 5533 et
3123 5497 3218 5549 pro
3247 5483 3529 5553 dignitate.
3566 5481 3678 5537 Hoc

411 5545 544 5626 est?
582 5542 790 5626 (ipsum
843 5543 1000 5626 quod
1068 5542 1370 5626 faciendum
1403 5557 1419 5609 ;
1454 5542 1840 5626 .nihilnnovuni
1904 5546 2007 5626 sub
2108 5542 2477 5626 dicit'propter
2500 5542 2866 5626 aequalitatem
2889 5542 3276 5618 proportionis,
3298 5542 3412 5607 sive
3431 5562 3691 5626 quaesout

411 5617 548 5696 sole.
582 5610 1033 5696 Significat’euim
1071 5614 1154 5684 (ut
1180 5612 1319 5696 ali‘us
1340 5613 1571 5696 quidam.
1591 5611 1880 5683 Gregorius
1909 5615 2006 5676 ait,
2111 5610 2300 5696 natura
2317 5610 2469 5686 liant,
2485 5610 2600 5674 sive
2619 5637 2712 5696 per
2728 5610 3183 5689 gratia-mfutnon
3205 5610 3395 5677 omnes
3409 5610 3692 5696 aequaliter

412 5690 570 5736 νειυε
603 5695 655 5734 ει
687 5683 904 5756 βίεῧυηε
935 5681 1200 5756 διδωψτθδ
1230 5681 1452 5756 (ἓνξῦῠὸ
1486 5682 1642 5752 cujus
1674 5681 2007 5756 cognomcu-
2112 5681 2493 5749 illuminantur
2522 5707 2550 5742 a
2576 5681 2688 5745 sole
2713 5681 2814 5744 nvec
2838 5681 3026 5743 Otones
3042 5697 3323 5756 aequaliter
3341 5681 3692 5746 sanciitican-

413 5752 801 5835 sustinendum
871 5754 1074 5835 reperi)
1110 5767 1217 5808 non
1249 5753 1422 5807 Solum
1455 5766 1665 5835 eaque:
1693 5772 1719 5805 ιι
1743 5752 2010 5835 principio
2112 5771 2220 5828 tur,
2247 5763 2338 5817 sed
2363 5759 2737 5831 proportione,
2762 5752 3376 5835 utaptisuut,'autdigni
3397 5767 3690 5819 habentur.

412 5823 556 5873 facta
585 5834 711 5878 sunt
739 5824 1055 5880 servitutem
1071 5839 1225 5880 suam
1256 5837 1382 5893 erga
1427 5833 1704 5879 auctorem
1726 5840 1884 5880 suum
1919 5833 2012 5878 oe-
