4048 6430
344 360 448 424 837

1063 338 1302 420 DECAS
1325 359 1393 422 ν.
1438 379 1494 393 -
1533 356 1632 420 DE
1673 351 2341 418 PROPRIETATIBUS
2381 354 2622 419 DIVIN.
2656 357 2929 420 NOMIN.

3521 363 3632 426 838

352 480 458 531 it-m
506 477 560 532 in
587 489 773 531 omnia
799 488 896 546 pro
925 474 1190 545 cujusque
1208 475 1468 547 dignitate
1493 476 1950 546 distributionem,
1979 477 2027 537 Α
2056 476 2350 531 antecellit:
2391 475 2536 531 unde
2564 477 2777 531 numeri
2808 485 2891 531 est
2914 473 3157 542 eﬂ'ector,
3195 482 3252 529 et
3267 479 3535 531 inventor.
3561 477 3630 530 Et

355 579 410 621 et
433 579 703 636 quatenus
725 580 940 618 omnem
974 565 1334 636 aequalitatem
1356 565 1718 621 intellectilem
1744 567 1844 636 (1),
1869 567 1945 621 in.

348 661 704 728 telligentem,
731 657 1166 720 ratiocinantem,
1182 657 1521 723 sentientem,
1536 673 1598 714 su
1608 660 1947 716 bstantialem

350 748 678 810 naturalem,
709 749 1096 814 voluntariam,
1120 757 1372 820 exempte
1394 757 1451 805 et
1470 751 1620 805 unite
1649 751 1702 804 in
1749 768 1809 807 se
1831 753 1949 822 ipse

349 842 684 911 anticipavit,
709 841 1006 897 secundum
1026 842 1280 898 virtutem
1303 844 1488 899 omnia
1506 856 1942 915 exsuperantem.

349 937 527 990 omnis
543 934 869 1005 aequalitatis
884 933 1319 990 effectricem.Ac
1337 951 1530 994 rursus
1547 937 1686 993 idem
1709 954 1828 1009 cap.
1843 940 1906 994 l5
1926 957 1940 995 :

351 1029 664 1083 Perfectum
701 1043 898 1082 rursus
930 1027 1157 1092 dicitur,
1216 1027 1359 1097 quod
1388 1045 1497 1084 non
1531 1040 1706 1101 potest
1735 1034 1941 1102 augeri,

350 1127 403 1171 et
429 1133 649 1188 semper
681 1117 983 1189 perfectum
1024 1125 1108 1172 est
1132 1126 1206 1183 ,et
1241 1118 1412 1173 minui
1445 1136 1549 1175 non
1591 1130 1790 1192 potest,
1809 1125 1940 1181 item

349 1211 496 1280 quod
541 1211 722 1264 omnia
748 1211 801 1263 in
835 1225 894 1264 se
931 1210 1200 1275 continet,
1243 1217 1297 1264 et
1343 1210 1609 1268 redundat
1639 1217 1939 1272 secundum

351 1317 512 1356 unam
547 1309 828 1370 nunquam
854 1300 1326 1362 intermittentem,
1355 1312 1411 1358 et
1467 1305 1736 1373 eamdem,
1758 1318 1812 1364 et
1840 1324 1938 1365 su-

353 1409 611 1463 praquam
641 1393 857 1463 plenam
880 1391 1404 1462 suppeditationem,
1455 1413 1578 1467 quae
1608 1399 1779 1454 minui
1824 1417 1936 1456 non

357 1494 661 1554 potest,qua
695 1483 873 1537 omnia
906 1482 1141 1552 perfecta
1189 1497 1558 1554 consummat,
1614 1499 1668 1545 et
1725 1506 1930 1548 conve-

311 1643 314 1646 ξ
357 1577 525 1630 nienti
560 1576 888 1643 perfectione
909 1575 1118 1644 implet.
1145 1577 1214 1634 Et
1244 1577 1436 1634 iterum
1459 1580 1600 1635 idem
1623 1599 1636 1635 :
1658 1580 1764 1638 Nec
1787 1583 1931 1638 enim

356 1680 437 1722 est
460 1668 888 1736 multiludo,quat
907 1667 1092 1739 aliquo
1115 1672 1278 1727 modo
1299 1687 1406 1737 non
1432 1673 1718 1744 participet
1737 1690 1929 1743 unum,

356 1761 467 1814 imo
497 1775 616 1829 quae
645 1769 772 1812 sunt
803 1759 973 1815 multa
1002 1761 1273 1830 partibus,
1308 1771 1434 1818 sunt
1471 1780 1637 1819 unum
1671 1775 1930 1836 ιοιοςίιιιω

352 1866 478 1911 sunt
498 1855 664 1909 multa
692 1855 1233 1920 accidentibus,sunt
1254 1874 1420 1914 unum
1450 1859 1718 1928 subjecto;
1738 1870 1928 1931 etquae

354 1946 523 1998 multa
548 1958 796 2010 numero,
829 1952 925 1999 aut
972 1943 1482 2012 facultatibus,sunt
1519 1962 1688 2002 unum
1719 1949 1928 2018 specie,

352 2046 559 2105 etquae
583 2043 713 2090 sunt
749 2035 921 2089 multa
983 2035 1270 2106 multiplici
1341 2036 1542 2106 specie,
1579 2047 1708 2092 sunt
1763 2054 1929 2094 unum

349 2143 572 2199 genere;
594 2135 650 2182 et
675 2142 794 2196 quae
814 2135 944 2182 sunt
967 2127 1136 2182 multa
1149 2129 1928 2194 emanationibus,suntunum

350 2219 647 2290 principio;
671 2229 726 2274 et
752 2219 887 2273 nihil
913 2219 1208 2290 quidquam
1239 2231 1346 2286 est,
1373 2222 1504 2293 quin
1529 2237 1748 2293 quoquo
1772 2225 1932 2281 modo

355 2328 523 2366 unum
582 2312 891 2382 participet;
923 2311 1052 2367 illud
1080 2312 1224 2376 dico,
1287 2315 1428 2382 quod
1463 2313 1518 2368 in
1541 2329 1600 2369 se
1633 2315 1931 2370 secundum

348 2404 528 2458 omnia
547 2403 828 2474 singulari,
846 2403 1051 2470 omnia,
1070 2411 1123 2458 et
1144 2412 1253 2458 tota
1271 2405 1454 2460 omnia
1474 2405 1572 2476 (2),
1593 2415 1647 2461 et
1663 2408 1933 2463 contraria

351 2493 687 2563 autieipavit.
715 2492 968 2562 Amplius
999 2491 1176 2547 adhuc
1205 2492 1345 2548 idem
1377 2512 1391 2548 :
1415 2491 1659 2563 Oportet,
1683 2503 1743 2550 ut
1776 2511 1874 2552 nos
1901 2511 1932 2550 a

354 2583 538 2638 multis
594 2583 791 2638 virtute
818 2583 1018 2638 divinae
1071 2583 1299 2638 unitatis
1334 2585 1401 2638 ad
1463 2599 1629 2639 unum
1685 2589 1932 2642 conversi

360 2675 509 2730 unite
531 2675 826 2732 .laudemus
855 2682 1021 2730 totam
1101 2674 1310 2730 beatam
1357 2672 1720 2745 divinitatem,
1769 2695 1933 2735 unam

364 2765 570 2820 scilicet
599 2765 842 2821 omnium
900 2779 1123 2819 causam
1179 2780 1300 2835 quae
1315 2774 1398 2821 est
1429 2775 1555 2822 ante
1580 2782 1740 2823 onme
1763 2785 1932 2826 unum

348 2868 401 2914 et
424 2868 548 2914 ante
599 2873 819 2913 omnem
871 2856 1296 2921 multitudinem,
1342 2866 1406 2919 et
1443 2873 1659 2914 omnem
1699 2871 1930 2930 partem,

346 2965 400 3007 et
417 2967 580 3006 omne
599 2959 850 3013 totom,et
865 2965 1080 3005 omnem
1105 2950 1396 3004 terminum
1413 2959 1466 3005 et
1491 2951 1932 3024 incircumscrip-

350 3043 582 3106 tionem,
626 3055 845 3096 omnem
875 3040 1062 3105 finem,
1088 3049 1141 3094 et
1164 3054 1382 3095 omnem
1401 3040 1744 3112 infinitatem;
1765 3060 1930 3098 unum

2053 585 2246 626 rursus
2273 589 2285 624 :
2313 569 2578 636 Observa,
2609 569 2811 639 inquit,
2841 569 2985 638 quod
3015 568 3429 624 adnumerabile
3461 569 3632 639 signi-

2050 662 2175 717 ficat
2205 663 2622 719 declarationem
2659 661 2891 727 numeri,
2932 675 3099 731 quare
3123 662 3176 714 in
3225 661 3293 714 iis
3330 674 3452 730 quae
3481 668 3627 725 sunt,

2048 756 2101 811 id
2129 763 2212 810 est
2257 754 2310 808 in
2344 753 2634 818 creaturis,
2665 767 2788 807 cum
2850 767 3019 806 unum
3074 751 3294 816 dicitur,
3326 750 3627 806 secundum

2047 846 2258 901 numeri
2313 846 2590 898 notionem
2647 843 2872 898 dicitur.
2928 842 3001 896 Ex
3032 842 3232 912 quibus
3263 852 3410 912 patet
3440 885 3454 908 ,
3481 842 3629 912 quod

2045 937 2214 1002 Deus,
2250 935 2342 1005 qui
2373 935 2486 1004 ipse
2514 943 2598 989 est
2631 935 2927 989 secundum
2959 948 3016 999 se
3044 949 3139 1004 per
3162 950 3219 989 se
3235 935 3538 1002 aequalitas,
3573 942 3630 989 et

2044 1043 2138 1099 per
2156 1043 2215 1083 se
2242 1027 2522 1096 perfectio,
2555 1038 2715 1096 etper
2736 1042 2796 1081 se
2826 1026 2998 1079 unitas
3033 1028 3145 1079 haec
3163 1027 3266 1081 sibi
3300 1026 3626 1098 tribuitque:

2041 1129 2124 1174 est
2143 1119 2436 1189 ipse,atqui
2453 1119 2566 1173 haec
2582 1133 2702 1188 quae
2720 1120 2833 1188 ipse
2849 1128 2952 1182 est,
2967 1118 3264 1187 intelligere
3283 1133 3624 1188 nequaquam

2040 1225 2353 1281 possumus,
2417 1225 2513 1263 nec
2549 1224 2872 1278 expromere
2933 1209 3017 1263 fas
3049 1217 3154 1264 est.
3208 1208 3466 1279 Tlteologi
3494 1224 3623 1264 vero

2040 1303 2108 1357 de
2125 1317 2223 1372 per
2247 1317 2307 1357 se
2334 1301 2664 1372 aequalitate,
2693 1310 2750 1354 et
2780 1315 2876 1369 per
2904 1316 2962 1355 se
3010 1300 3345 1369 perfectione
3380 1343 3392 1366 ,
3424 1309 3477 1353 et
3524 1316 3622 1369 per

2037 1409 2098 1450 se
2119 1394 2324 1449 unitate
2357 1394 2409 1448 in
2436 1407 2620 1447 rerum
2642 1401 2836 1446 natura
2857 1390 3137 1460 productis
3171 1391 3490 1458 loquuntur,
3522 1408 3619 1445 ex-

2040 1487 2270 1555 plicant,
2295 1495 2351 1539 et
2373 1484 2705 1553 intelligunt.
2739 1481 2834 1537 Est
2859 1482 3024 1552 igitur
3066 1483 3349 1552 aequalitas
3397 1484 3623 1551 aequalis

2035 1576 2352 1633 distributio
2375 1573 2844 1644 universi,partim
2869 1572 3072 1642 aliquid
3101 1588 3392 1627 commune
3415 1573 3626 1626 habens

2034 1685 2158 1726 cum
2193 1670 2409 1734 eodem,
2439 1679 2493 1723 et
2552 1682 2676 1723 cum
2744 1666 2982 1736 justitia;
3015 1665 3210 1738 partim
3242 1666 3446 1735 aliquid
3500 1681 3627 1734 pro—

2036 1763 2238 1831 prium;
2286 1760 2530 1816 abundat
2555 1758 2700 1812 enim
2724 1756 2895 1812 variis
2930 1757 3179 1822 vocibus,
3216 1771 3326 1811 non
3360 1764 3417 1809 ut
3443 1771 3540 1811 eas
3567 1756 3621 1809 in

1960 1831 2000 1883 Β
2031 1868 2198 1909 unum
2259 1851 2554 1907 concilians
2587 1892 2602 1917 ,
2635 1849 2732 1906 sed
2781 1857 2842 1904 ut
2889 1848 3214 1918 principium
3267 1847 3539 1918 quoddam
3574 1856 3627 1901 ιιι

2028 1958 2331 2002 extremum
2362 1945 2417 1998 in
2452 1958 2620 1998 unum
2655 1955 2850 1996 sonum
2877 1939 3354 2002 desinens,omnia
3392 1953 3626 2004 namque

2028 2052 2150 2108 qum
2176 2037 2317 2091 inter
2355 2049 2414 2090 se
2441 2033 2761 2098 concinunt,
2795 2028 3165 2085 diversitatem
3200 2029 3403 2083 habent
3433 2042 3622 2081 eorum

2029 2143 2093 2184 ex
2128 2127 2332 2198 quibus
2361 2133 2654 2189 constant;
2684 2133 2738 2177 et
2763 2121 3176 2177 similitudinem
3231 2133 3493 2173 sonorum
3531 2132 3622 2170 se-

2035 2225 2278 2280 cundum
2314 2221 2507 2292 plectri
2536 2218 2758 2274 modum
2786 2233 2802 2279 ;
2829 2216 3112 2286 aequalitas
3150 2224 3330 2268 autem
3364 2211 3621 2266 similitu-

2029 2315 2174 2373 dinis
2201 2329 2395 2368 vocum
2430 2311 2550 2382 plus
2581 2316 2882 2364 concentus
2908 2308 3094 2372 habet;
3128 2307 3444 2360 moderatur
3474 2303 3618 2356 enim

2032 2412 2178 2464 hunc
2223 2420 2481 2477 tanquam
2512 2420 2674 2460 causa
2707 2401 2998 2467 inchoatis,
3035 2399 3323 2463 ettiniens,
3369 2404 3424 2450 et
3453 2396 3620 2450 veluti

2031 2517 2062 2556 a
2081 2516 2139 2556 se
2164 2499 2453 2570 incipiens,
2475 2505 2530 2551 et
2559 2511 2655 2566 per
2677 2494 3045 2556 concinentia,
3065 2497 3118 2544 et
3150 2489 3292 2542 inter
3316 2501 3374 2541 se
3397 2500 3624 2554 restion-

2032 2595 2214 2652 dentia
2237 2591 2584 2656 circumiens,
2609 2590 2663 2642 in
2690 2602 2750 2644 se
2785 2601 2975 2642 rursus
2990 2582 3210 2638 desinit.
3234 2581 3316 2636 Ab
3333 2595 3437 2633 una
3454 2577 3620 2647 igitur

2033 2687 2250 2742 ratione
2281 2680 2606 2753 aequalitatis
2648 2677 2913 2734 sumenda
2961 2680 3124 2729 estet
3169 2671 3416 2724 aliorum
3476 2667 3619 2723 ratio
3692 2721 3700 2727 ,

2047 2781 2100 2835 in
2132 2777 2323 2848 quibus
2345 2770 2630 2842 aequalitas
2648 2767 2857 2823 versari
2889 2761 3198 2828 consuevit,
3234 2759 3445 2830 aequale
3469 2757 3616 2812 enim

2033 2881 2136 2936 est,
2155 2868 2300 2942 quod
2321 2877 2401 2922 est
2418 2860 2732 2920 eorumdem
2761 2871 3037 2920 mensura,
3063 2868 3295 2924 quorum
3329 2852 3494 2921 igitur
3512 2865 3616 2904 em-

2035 2967 2157 3020 detn
2210 2969 2339 3017 sunt
2369 2969 2639 3013 mensura:
2669 2996 2683 3020 ,
2726 2949 3010 3021 inqualitas
3043 2948 3208 3002 etiam
3258 2945 3449 2999 eadem
3511 2951 3614 2996 est.

2039 3055 2220 3123 Quare
2235 3051 2416 3107 divina
2445 3043 2731 3116 aequalitas
2775 3039 3058 3110 aequaliter
3089 3044 3348 3105 operatur
3377 3031 3616 3088 similem

352 3133 598 3202 inquam,
656 3131 806 3202 quod
857 3130 1039 3185 omnia
1131 3147 1250 3201 qua:
1279 3137 1429 3197 sunt,
1465 3140 1522 3188 et
1551 3133 1729 3204 ipsum
1815 3152 1934 3192 esse

2039 3145 2279 3202 omnium
2313 3157 2411 3212 per
2457 3140 2574 3208 ipsa
2599 3135 2745 3189 inter
2805 3145 2865 3186 se
2892 3130 3194 3192 incessum,
3225 3133 3281 3180 et
3349 3123 3616 3194 aequalem

352 3222 540 3276 definit
559 3222 636 3292 (3)
660 3239 674 3286 ;
701 3229 756 3275 et
779 3229 862 3275 est
885 3230 1114 3275 totorum
1150 3222 1416 3288 omnium,
1455 3231 1510 3278 et
1534 3225 1786 3290 simul,et
1808 3236 1934 3282 ante

350 3312 555 3379 omnia,
585 3322 638 3367 et
662 3326 825 3381 supra
861 3312 1042 3365 omnia
1087 3324 1254 3368 causa
1306 3312 1662 3382 singulariter
1693 3354 1710 3382 ,
1740 3325 1796 3371 et
1850 3327 1932 3372 cst

361 3419 524 3474 Supra
604 3405 784 3474 ipsutn
814 3419 980 3458 unum
1027 3405 1231 3475 ens”),
1263 3413 1318 3460 et
1373 3405 1554 3476 ipsum
1611 3422 1779 3462 unum
1833 3423 1934 3466 ens

354 3499 544 3552 definit
574 3513 588 3549 :
626 3495 897 3565 siquidem
921 3495 1061 3564 quod
1082 3506 1164 3551 est
1187 3513 1354 3551 unum
1385 3497 1440 3552 in
1469 3498 1649 3565 rebus,
1673 3516 1934 3555 annume-

359 3585 530 3643 rabile
542 3598 645 3653 est,
669 3601 930 3641 numerus
952 3595 1130 3641 autem
1150 3588 1810 3658 substantiamparticipat
1831 3590 1931 3661 (5);

355 3698 522 3735 unum
578 3696 727 3746 vero,
784 3679 930 3748 quod
985 3688 1418 3748 estsupraquam
1461 3679 1765 3734 substantia
1790 3683 1936 3750 quod

315 3840 318 3843 _
361 3782 445 3825 est
477 3784 725 3837 unum,et
769 3785 986 3825 onmem
1021 3784 1308 3824 numerum
1332 3768 1596 3829 deﬂnit.et
1641 3769 1819 3841 ipsum
1849 3783 1936 3828 est

357 3863 600 3927 unius,ct
623 3863 858 3930 numeri,
901 3870 955 3916 et
991 3861 1234 3915 omnium
1265 3875 1386 3931 qua:
1413 3869 1561 3926 sunt,
1585 3863 1932 3933 principium,

353 3966 608 4020 ett-ausa,
643 3967 696 4009 et
722 3964 1074 4018 numerus,et
1103 3952 1256 4007 ordo.
1292 3951 1417 4008 Haec
1453 3963 1631 4009 autem
1665 3956 1932 4014 adnotans

351 4061 574 4105 sanctus
607 4049 895 4133 Maximus:
931 4046 1188 4112 Adverte,
1211 4045 1405 4115 inquit,
1438 4047 1580 4115 quod
1601 4049 1794 4104 merito
1810 4060 1937 4105 ante

357 4158 525 4197 unum
579 4141 714 4198 dicit
764 4155 886 4196 esse
936 4137 1108 4194 Deum
1145 4176 1161 4205 ,
1193 4138 1632 4208 quandoquidem
1685 4142 1938 4199 omnibus

2039 3235 2535 3309 participationem,
2569 3235 2629 3282 ιιι
2658 3224 2913 3296 quodque
2953 3233 3136 3290 aptum
3170 3225 3334 3284 est,et
3355 3217 3616 3286 aequalem

2049 3331 2106 3386 in
2139 3328 2324 3382 omnia
2381 3338 2482 3393 pro
2529 3319 2798 3389 cujusque
2842 3313 3108 3382 dignitate
3153 3307 3619 3372 distributionem,

2041 3417 2304 3491 perfectio
2321 3425 2500 3470 autem
2537 3410 2592 3465 in
2623 3409 2691 3462 iis
2721 3419 2841 3475 quae
2877 3412 3024 3468 sunt,
3057 3401 3203 3471 quod
3229 3401 3280 3454 in
3299 3400 3381 3453 eis
3414 3405 3496 3451 est
3517 3398 3623 3448 mi-

2040 3487 2141 3562 nus
2179 3513 2234 3560 et
2259 3504 2380 3574 plus
2424 3498 2618 3571 ejicit;
2674 3492 2936 3564 aequalem
2972 3501 3150 3545 autem
3228 3487 3620 3557 perfectionem

2045 3597 2224 3652 reddit
2242 3594 2509 3664 partibus,
2529 3598 2583 3646 et
2613 3594 2696 3641 est
2715 3582 3014 3655 petfectum
3043 3584 3093 3635 in
3117 3580 3360 3635 numeris
3377 3579 3620 3649 quidem,

2046 3695 2214 3738 totum
2241 3679 2447 3752 aequale
2482 3677 2728 3746 partibus
2761 3691 2776 3738 ;
2804 3673 2858 3725 in
2898 3671 3109 3725 affectis
3141 3685 3267 3724 vero
3317 3667 3577 3737 qualitate
3603 3705 3619 3731 ,

2048 3775 2326 3848 perfectus
2360 3772 2580 3827 habitus
2625 3781 2812 3824 eorum
2855 3762 2946 3834 qui
2981 3762 3046 3816 ad
3078 3761 3226 3816 hunc
3259 3775 3417 3814 usum
3443 3759 3622 3812 affecti

2036 3875 2173 3948 sunt
2225 3865 2737 3936 qualitate,natura
2780 3857 3040 3931 quaedam
3068 3863 3153 3908 est
3207 3853 3337 3922 ipsis
3381 3849 3624 3920 perfecte

2035 3943 2255 4033 propter
2276 3956 2500 4011 multam
2523 3951 2915 4024 experientiam
2940 3945 3198 4017 ingenita,
3223 3951 3276 3998 et
3295 3957 3470 4011 neque
3501 3943 3623 4012 plus

2044 4067 2221 4122 neque
2245 4050 2424 4104 minus
2458 4046 2663 4102 habens
2692 4086 2706 4112 ,
2729 4058 2892 4115 quam
2927 4049 3072 4095 recta
3101 4037 3284 4108 regula
3318 4037 3619 4090 secundum

2046 4145 2226 4216 ipsum
2278 4154 2435 4195 usum
2464 4136 2714 4207 requirit:
2746 4136 2800 4191 in
2828 4129 3150 4189 substantiis
3193 4142 3323 4185 vero
3384 4127 3623 4197 perfecta

1812 4261 2092 4326 Scholia.

424 4389 500 4461 (Ι)
527 4387 743 4461 Omnem
760 4384 1144 4461 wqualitetem.
1163 4383 1407 4452 Νοητοῦς
1426 4392 1479 4438 et
1503 4400 1587 4461 vos
1598 4385 1744 4456 ροὺς,
1759 4387 1810 4441 id
1831 4399 1932 4456 ρει⁹

2055 4395 2241 4453 ιυιιηι,
2266 4383 2351 4438 vel
2384 4383 2644 4452 speciem,
2673 4378 2757 4434 vel
2779 4389 2985 4453 genus;
3021 4372 3101 4453 vel
3136 4370 3412 4450 contraria
3440 4377 3501 4453 et
3521 4383 3621 4453 op:-

352 4442 716 4532 int‘cl'lectiles,
745 4468 800 4512 et
819 4442 1640 4532 intelligentesvocatangelos,
1671 4442 1800 4532 quia
1841 4442 1934 4512 ita:
1968 4468 2016 4530 ε)
2044 4442 2310 4532 ρὖἰιείίιι
2343 4442 2512 4507 “ll-uili
2535 4442 2900 4506 consensione
2921 4445 3169 4532 quadam.
3194 4442 3528 4510 conspirant,
3562 4449 3621 4492 ut

352 4536 482 4587 bent
523 4531 659 4582 infra
695 4543 755 4580 se
788 4543 816 4579 a
845 4524 1046 4594 quibus
1073 4524 1481 4592 intelligantur;
1513 4533 1568 4578 et
1595 4526 1698 4593 ipsi
1731 4529 1935 4581 intelli-

351 4611 512 4671 gunt,
542 4599 740 4671 animae
770 4605 954 4671 autem
991 4609 1098 4671 non
1139 4596 1318 4671 solent.
1343 4595 1525 4671 vnocari
1551 4601 1738 4671 vomat}
1763 4597 1814 4650 id
1851 4607 1936 4654 est

356 4660 720 4733 intellectiles,
766 4665 890 4734 quia
919 4677 1029 4716 non
1065 4660 1436 4734 habentinfra
1468 4677 1526 4716 se
1558 4660 1813 4733 aquibus
1846 4669 1932 4721 in-

355 4731 712 4809 telligantur,
739 4731 834 4809 sed
864 4733 1124 4809 dicuntur
1186 4731 1600 4809 ratiocinantes,
1632 4731 1711 4809 iet
1753 4738 1938 4806 νοεραὶ

351 4803 540 4874 etiam,
572 4807 622 4861 id
651 4815 737 4861 est
767 4803 1152 4871 intelligentes,
1211 4803 1304 4854 sed
1331 4815 1441 4854 non
1476 4803 1714 4874 prOprie,
1752 4815 1808 4858 ut
1833 4803 1934 4859 an-

352 4883 454 4952 geli
479 4895 494 4944 ;
518 4873 844 4952 Sentientem
868 4873 1233 4952 aequalitatem
1266 4876 1448 4933 Vocat.
1485 4887 1607 4952 quae
1630 4873 1685 4952 il!
1719 4876 1934 4928 anima"

355 4941 498 5006 iam
531 4946 798 5016 reperitur
830 4959 846 5008 ;
878 4941 1317 5005 substantialem,
1354 4955 1474 5006 qua:
1503 4945 1556 4994 in
1594 4945 1935 5000 substantia-

353 5023 496 5076 libus
522 5015 623 5089 (sic
649 5024 810 5069 vorat
829 5026 951 5082 qua
985 5020 1114 5089 sunt
1130 5016 1444 5089 sine_sensu
1465 5019 1521 5089 et
1547 5015 1755 5089 motu);
1781 5025 1936 5068 natu-

361 5079 556 5152 ralem‘,
582 5100 700 5155 quae
729 5099 782 5136 tn
811 5079 1158 5155 naturalibus
1193 5098 1207 5133 :
1237 5079 1326 5132 illa
1349 5080 1626 5155 lntelligit,
1663 5079 1934 5152 quasqua-

354 5153 684 5225 lemcunque
707 5154 1250 5225 motionemliabent,
1272 5156 1467 5225 natura
1481 5153 1636 5225 enim
1667 5164 1749 5206 est
1781 5157 1935 5222 ptin-

354 5233 559 5298 cipium
597 5220 825 5298 imotus
847 5231 902 5298 et
929 5223 1140 5292 quietis
1173 5238 1192 5298 _;
1222 5220 1708 5298 voluntariatn,_in
1743 5220 1806 5276 iis
1829 5227 1934 5298 qui

351 5290 634 5355 voluntate
663 5293 872 5363 praediti
905 5290 1054 5352 sunt.
1092 5290 1574 5363 quirrvoluntjnste
1595 5291 1792 5354 vivere,
1819 5290 1938 5359 jus-

354 5372 470 5426 titia
493 5368 640 5422 enim
660 5362 742 5418 est
762 5366 1010 5431 quaedam
1029 5362 1342 5428 inqualitas;
1369 5373 1531 5414 omne
1560 5377 1732 5430 genus
1755 5378 1939 5430 aequa-

353 5440 526 5496 litatis
549 5437 712 5489 habet
747 5431 892 5487 Deus
919 5431 1361 5501 anticipatutnin
1397 5435 1582 5499 seipso
1615 5433 1936 5499 simpliciter

357 5523 626 5578 tanquam
650 5507 704 5558 in
737 5508 872 5556 idets
905 5515 959 5558 et
981 5500 1410 5578 exemplaribus,
1441 5506 1772 5570 aeternisque
1819 5506 1937 5560 suis

353 5573 692 5640 ttottonibus,
733 5589 798 5628 ex
829 5584 1018 5628 Sancto
1069 5573 1322 5626 Maximo.

428 5652 503 5720 (‘2)
530 5647 723 5701 Omnia
736 5655 785 5699 et
811 5653 919 5702 tota
951 5648 1152 5700 omnia.
1177 5644 1371 5720 Omnia
1401 5642 1676 5720 dicuntur,
1709 5645 1930 5720 quando

356 5711 746 5788 sunt'species,
777 5730 832 5773 et
856 5727 1061 5784 partes,
1089 5725 1143 5770 et
1172 5711 1495 5788 dtll’erentiue
1553 5715 1604 5766 iu
1639 5711 1928 5788 divistotii-

356 5798 496 5859 bus;
538 5786 732 5856 totum,
764 5789 980 5858 quando
1004 5801 1188 5856 partes
1239 5786 1483 5842 culicem:
1539 5799 1703 5840 unum
1724 5787 1928 5840 consti-

2043 4510 2186 4600 aqua
2223 4525 2407 4600 simul,
2435 4533 2489 4577 et
2531 4529 2776 4600 terra,__et
2796 4510 3015 4600 _aer,'ex
3038 4513 3095 4566 ὃ.
3123 4510 3264 4600 Ma}.

2113 4580 2193 4672 ὦ)
2229 4595 2295 4648 Et
2327 4580 2495 4672 ipsum
2514 4607 2654 4672 esse.
2675 4580 2809 4672 illud
2835 4580 2928 4667 per
2947 4600 3005 4637 se
3035 4595 3155 4663 esse
3181 4583 3335 4672 diuit;
3361 4580 3501 4648 quod
3535 4587 3616 4660 (15‘

2074 4651 2233 4725 ervise
2299 4651 2646 4733 principium,
2682 4669 2737 4733 et
2788 4651 3032 4733 prium-tn
3179 4722 3191 4733 ο
3217 4651 3352 4717 πρός
3404 4666 3457 4700 τι
3498 4651 3615 4711 πῶς

2066 4721 2204 4810 iste,
2240 4721 2428 4810 id'est,
2457 4721 2586 4799 quia
2620 4721 2838 4810 ratione
2887 4721 3227 4810 babitttditiis
3253 4731 3510 4810 tanquam
3547 4737 3614 4810 ωε

2039 4790 2216 4863 issue
2251 4790 2315 4861 ex
2349 4790 2602 4871 ipso'per
2633 4813 2694 4852 se
2724 4809 2848 4851 esse
2901 4794 3198 4857 exsistunt;
3223 4795 3368 4846 sicut
3395 4790 3502 4843 vita
3532 4799 3618 4843 est

2075 4893 2136 4933 er
2157 4893 2218 4931 se
2243 4878 2373 4930 vita.
2420 4905 2427 4912 -

2038 4897 2136 4948 per
2157 4897 2218 4931 se
2243 4897 2373 4930 vita.
2420 4905 2427 4912 -
3375 4929 3385 4938 .

2109 4947 2186 5018 (4)
2230 4947 2414 5018 Eresth
2451 4955 2626 5018 supra.
2655 4937 2828 5006 ipsum
2860 4930 3219 5018 unum.‘lllutl
3279 4929 3618 5018 dictt7,7quo(_i

2038 5001 2143 5081 est,
2168 5001 2244 5070 [ut
2271 5015 2348 5068 ait
2381 5010 2458 5081 S._
2490 5001 2756 5081 Maximus
2777 5048 2791 5073 ,
2829 5001 3079 5070 αὐταρχὴ
3123 5003 3228 5081 ,και
3275 5003 3490 5081 πρῶτον
3541 5007 3619 5081 τῷ

2040 5071 2176 5158 ’ἱερὰς
2208 5103 2261 5158 τι
2293 5082 2410 5158 πῶς
2433 5079 2600 5158 ἐχειν,
2626 5078 2687 5158 lid
2713 5071 2942 5158 .es’t,_per
2969 5087 3029 5154 se
3050 5071 3410 5158 principium,
3422 5080 3479 5151 et
3510 5075 3623 5149 pri-

2042 5142 2189 5210 οξυιῇ
2221 5142 2540 5209 habitudine
2572 5147 2639 5201 ad
2677 5142 2880 5215 aliquid
2923 5161 2937 5209 ;
2971 5143 3182 5215 inducit
3217 5148 3384 5205 enim,
3421 5142 3617 5215 inquit,

2042 5225 2320 5280 notionem
2360 5221 2656 5274 multorum
2691 5213 3004 5282 ett—seipse,
3049 5213 3178 5284 haec
3219 5227 3400 5267 autem
3463 5213 3619 5284 longe

2039 5299 2236 5349 absunt
2293 5309 2322 5346 a
2354 5292 2486 5354 Deo,
2530 5303 2560 5340 a
2589 5301 2697 5356 quo
2749 5280 2902 5340 sunt_
2939 5289 3141 5356 aliena,
3174 5280 3279 5356 qui
3310 5280 3615 5356 secundum

2039 5375 2294 5418 naturam
2328 5349 2483 5415 suam
2513 5349 2622 5410 non
2661 5365 2841 5425 potest
2866 5369 2989 5409 cum
3025 5351 3135 5406 alio
3158 5349 3440 5422 conjungi,
3475 5349 3621 5402 sicut

2041 5449 2205 5489 unum
2246 5436 2298 5485 in
2335 5429 2685 5492 tnttneris,ex
2718 5425 2776 5480 S.
2817 5425 3071 5480 Maximo.

2112 5504 2201 5573 (5)7
2220 5489 2594 5573 Substamiam‘
2608 5498 2914 5564 participat.
2941 5495 3262 5573 Creaturam
3290 5497 3450 5569 vocat
3481 5489 3616 5543 sub-

2041 5561 2322 5634 staniiam,
2349 5569 2493 5639 quod
2517 5576 2699 5619 autem
2729 5561 3046 5639 numeratur
3071 5567 3128 5618 in
3162 5561 3454 5621 creaturis,
3483 5573 3610 5622 pars

2042 5643 2257 5718 numeri
2276 5636 2472 5718 est,et
2494 5636 2899 5718 numeraturin
2935 5636 3003 5688 iis
3037 5642 3312 5718 quaesiuit
3350 5644 3461 5708 sua:
3486 5644 3615 5718 sye-

2041 5713 2167 5777 cici,
2207 5711 2289 5765 vel
2322 5701 2558 5778 ge‘neris,
2597 5705 2678 5758 vel
2715 5705 2952 5769 ordinis,
2982 5701 3319 5762 etsiutiliter
3373 5701 3427 5752 in
3471 5705 3616 5763 aliis,

2041 5799 2164 5841 cum
2192 5782 2393 5852 quibus
2426 5778 2702 5834 convenit.
