4048 6426
474 373 592 438 S39

1668 359 1918 422 JOANN
1935 364 1942 418 ζ
1959 360 1999 419 S
2039 357 2607 422 CYPARISSIOTIE

3660 361 3771 424 840

485 495 629 557 vita,
660 497 712 542 et
741 483 1088 549 immortalis;
1112 489 1165 538 et
1198 489 1258 536 ut
1307 494 1419 536 uno
1445 480 1613 535 verbo
1656 482 1857 546 dicam,
1907 494 2070 533 omne
2099 484 2144 538 Α
2173 480 2416 547 dividua,
2454 493 2738 550 nunquam
2789 476 2973 532 deficit
3025 475 3225 546 ubique
3272 493 3460 541 unum,
3504 488 3556 533 et
3600 478 3768 548 hujus

488 581 720 638 nimium
756 587 810 633 et
833 590 1022 646 parum
1047 574 1440 644 perfectionem
1475 574 1783 642 corrumpit
1815 613 1827 625 .
1865 572 2072 640 Δειμαι-

496 677 622 728 litas
646 686 797 742 ergo,
819 677 874 722 et
904 668 1009 721 vita
1034 679 1142 720 non
1168 664 1372 720 deﬂexa
1398 680 1428 718 a
1458 669 1608 719 recto
1639 663 1693 717 in
1746 664 2074 718 substantiis

412 833 416 836 ,
481 765 699 834 quidem
729 759 1118 832 perfectionem
1148 754 1333 821 efﬁcit;
1380 754 1435 809 in
1468 757 1720 810 numeris
1742 770 1872 810 vero
1901 764 2072 810 totum

480 857 685 928 :cqnalc
713 855 976 922 partibus;
1003 853 1056 906 in
1087 849 1352 920 qualitate
1383 848 1648 919 praeditis,
1696 847 1926 904 scientia
1953 863 2075 918 qua:

474 951 728 1006 excidere
758 963 865 1001 non
897 945 1090 1016 possit.
1124 943 1266 998 Deus
1299 950 1512 1008 autem,
1535 943 1628 1012 qui
1657 953 1740 998 est
1759 959 1852 1012 per
1877 957 1935 998 se
1952 958 2075 1012 per-

480 1042 663 1107 fectio,
705 1038 1098 1110 perfectionum
1130 1034 1358 1090 effector
1388 1043 1470 1088 est
1505 1045 1641 1102 ,tum
1675 1034 2022 1105 perfectionis
2055 1076 2070 1099 ,

473 1133 567 1188 cui
593 1138 856 1201 ademptae.
895 1144 1029 1184 sunt
1064 1129 1250 1182 multa:
1278 1127 1642 1196 perfectiones
1675 1126 1757 1196 (l)
1782 1169 1794 1193 ,
1833 1136 1944 1180 tum
1981 1141 2074 1196 per

478 1242 539 1279 se
575 1223 947 1294 perfectionis,
977 1223 1222 1291 quaelate
1254 1228 1401 1290 patet
1429 1220 1524 1286 ,ad
1548 1219 1905 1273 imitationem
1927 1218 2074 1274 enim

476 1319 869 1387 exemplarium
904 1314 1215 1369 divinorum
1251 1357 1264 1380 ,
1296 1329 1417 1382 qua:
1481 1325 1647 1382 supra
1698 1311 2066 1366 substantiam

473 1421 632 1476 sunt,
663 1408 921 1480 produxit
951 1417 1002 1461 et
1029 1405 1403 1476 perfecit,qua2
1427 1405 1517 1459 hic
1545 1404 1793 1459 absolute
1817 1403 2074 1457 dicuntur

480 1503 661 1557 unitas
716 1513 921 1566 autem,
958 1516 1082 1570 qua:
1128 1499 1182 1553 iu
1233 1498 1487 1551 omnibus
1519 1497 1855 1563 obambulat,
1886 1495 2074 1549 divino

478 1594 700 1648 nomine
729 1591 958 1646 unitatis
990 1591 1309 1654 decoratur,
1345 1602 1581 1658 operans
1621 1587 1862 1642 infinitas
1893 1588 2074 1642 unita-

474 1695 560 1738 tes
593 1686 645 1738 in
666 1681 1036 1753 generibus,in
1062 1681 1266 1753 specie,
1292 1681 1344 1733 in
1371 1677 1684 1745 individuis,
1717 1680 1771 1733 in
1790 1679 2068 1748 partibus,
2093 1693 2096 1696 ’

480 1776 537 1828 in
597 1775 884 1842 membris,
914 1784 968 1830 et
998 1783 1055 1828 ut
1086 1773 1288 1838 dicam,
1320 1769 1465 1840 quod
1502 1770 1798 1839 plurimum
1823 1770 1983 1835 valet,
2019 1780 2074 1825 et

441 1871 450 1880 ‘
484 1865 834 1934 potissimum
895 1875 979 1921 est
1009 1907 1023 1932 ,
1051 1867 1103 1920 in
1125 1863 1312 1918 omnia
1353 1878 1412 1918 se
1471 1863 1794 1933 multiplicat
1827 1905 1841 1929 ,
1875 1877 1974 1918 nos
2009 1863 2075 1918 ad

475 1959 841 2014 imitationem
872 1958 1096 2013 unitatis
1121 1956 1373 2027 Dei,quac
1401 1965 1484 2011 est
1514 1969 1678 2026 supra
1697 1969 1858 2026 quam
1891 1955 2077 2024 ignota

471 2048 541 2102 ad
565 2049 800 2104 unitates
845 2063 1131 2114 revocans,
1192 2057 1254 2103 ut
1284 2049 1338 2102 in
1396 2047 1747 2103 multitudine
1781 2047 2074 2113 unitatnm,

474 2156 596 2209 quae
613 2142 682 2196 ab
708 2142 826 2210 ipso
852 2141 1127 2211 productae
1150 2148 1297 2206 sunt,
1315 2138 1599 2208 efficiatiut
1615 2153 1714 2195 nos
1743 2153 1772 2192 a
1789 2139 1978 2195 multis
2003 2139 2075 2195 ad

469 2248 643 2286 unum
679 2233 881 2288 virtute
909 2233 1108 2288 divinae
1135 2232 1361 2288 unitatis
1387 2233 1660 2298 conversi,
1718 2231 1847 2287 facti
1880 2248 2073 2298 unum,

473 2324 760 2381 laudemus
794 2336 986 2391 totam,
1027 2337 1082 2380 et
1113 2341 1276 2380 unam
1323 2325 1696 2388 divinitatem,
1733 2340 1907 2379 unam
1953 2340 2075 2379 om-

476 2419 627 2473 nium
658 2434 906 2482 causam,
931 2418 1034 2473 hoc
1056 2434 1154 2488 per
1184 2429 1242 2472 se
1267 2433 1460 2483 unum,
1493 2416 1642 2487 quod
1670 2418 1737 2474 iis
1766 2433 1888 2488 quae
1918 2428 2070 2485 sunt,

473 2511 892 2574 adnumeratur,
934 2511 1264 2580 principium
1292 2509 1525 2565 efficitur
1565 2510 1685 2579 ejus
1715 2511 1860 2582 quod
1893 2523 1987 2577 per
2015 2523 2075 2563 se

471 2615 579 2669 est,
622 2613 898 2673 quatenus
930 2619 1097 2657 unum
1139 2613 1243 2669 est,
1282 2601 1430 2672 quod
1468 2617 1564 2672 per
1586 2616 1644 2656 se
1674 2610 1758 2656 est
1801 2599 1928 2655 licet
1956 2613 2064 2654 non

473 2694 544 2747 sit
583 2710 677 2764 per
710 2709 790 2760 se,
827 2695 920 2749 sed
975 2704 1032 2748 ut
1083 2692 1452 2763 accidens(2),
1488 2693 1589 2747 hoc
1626 2693 1792 2748 etiam
1826 2692 1880 2746 in
1931 2707 2066 2747 una—

476 2802 696 2858 quaque
749 2787 1098 2842 emanatioue
1130 2802 1300 2841 unum
1351 2773 1430 2853 fit;
1462 2796 1517 2841 et
1547 2801 1714 2840 unum
1750 2786 1876 2840 item
1915 2801 2068 2842 com-

472 2881 715 2936 muniter
763 2880 816 2934 iu
875 2882 1131 2935 omnibus
1179 2879 1653 2944 emanationibus,
1701 2880 1818 2932 sive
1867 2895 2065 2948 genera

466 2972 609 3040 sint,
651 2973 927 3040 similiter,
964 2975 1078 3028 sive
1109 2972 1342 3043 species,
1366 2973 1556 3030 eodem
1595 2973 1758 3027 modo
1789 2991 1801 3037 ;
1835 2974 1949 3027 sive
1983 2973 2067 3025 in-

2177 586 2272 642 per
2305 587 2362 626 se
2396 570 2896 640 unius~pr0prietas
2930 580 3038 634 eSt,
3075 570 3128 622 in
3163 570 3365 640 quibus
3411 571 3574 636 inest,
3623 573 3769 626 mul—

2177 675 2228 718 ta
2261 663 2330 718 ad
2369 678 2430 718 se
2459 669 2802 718 convertere.
2835 660 2905 716 At
2934 675 3065 714 vero
3093 674 3193 730 pro
3221 661 3565 726 expositione
3593 673 3766 717 mate-

2176 755 2338 809 riaria
2389 754 2631 810 contenti
2666 767 2860 808 sumus
2915 751 2983 808 iis
3031 766 3153 820 quae
3200 767 3433 821 magnus
3471 751 3767 824 Dionysius

2174 843 2464 912 exposuit;
2489 843 2633 914 quod
2665 843 2712 898 si
2741 843 2794 896 in
2817 841 3170 912 quibusdam,
3200 856 3326 896 cum
3352 857 3414 896 ea
3447 857 3767 898 recensere-

2176 953 2321 1003 tnus,
2356 937 2562 1007 aliquid
2589 937 2948 1000 variavimus,
2977 949 3084 990 non
3112 933 3214 988 fuit
3243 936 3400 990 nobis
3423 937 3762 1005 propositum

2176 1031 2353 1100 magis
2385 1029 2634 1084 ordinate
2664 1043 2827 1098 quant
2875 1029 2986 1092 ille,
3033 1041 3339 1093 recensere,
3379 1028 3673 1082 absurdum
3706 1046 3769 1081 c-

2177 1124 2290 1177 nim
2319 1133 2438 1178 erat
2471 1133 2581 1178 tam
2615 1137 2874 1189 magnum
2897 1122 3069 1176 solem
3098 1137 3162 1177 ex
3199 1123 3426 1176 adverso
3461 1122 3678 1187 intueri,
3705 1133 3767 1176 ut

2175 1216 2229 1270 in
2269 1216 2374 1272 hoc
2403 1217 2568 1272 etiam
2595 1216 2781 1272 verbis
2819 1217 2938 1283 ejus
2959 1212 3092 1269 btar
3124 1218 3228 1285 (τι).
3259 1216 3394 1268 Dum
3425 1216 3599 1284 capita
3627 1230 3768 1270 con-

2178 1309 2471 1375 tcxuimus,
2521 1309 2648 1379 quia
2696 1313 2799 1363 hoc
2857 1309 2958 1363 fuit
2997 1325 3026 1363 a
3068 1308 3335 1378 principio
3381 1308 3758 1378 propositum,

2175 1403 2538 1473 proprietates
2572 1417 2635 1456 ex
2663 1401 2891 1471 junctis,
2940 1411 2994 1456 et
3033 1399 3368 1455 continuatis
3414 1401 3758 1468 rolleg’mus,

2177 1507 2401 1567 propter
2426 1493 2766 1558 facilitatem,
2821 1493 3073 1562 quaedam
3118 1493 3514 1557 contraximus,
3546 1493 3648 1546 alia
3701 1491 3758 1546 in

2175 1590 2344 1648 alium
2365 1589 2542 1642 locum
2564 1588 2949 1641 transtulimus
2971 1596 3194 1656 prepter
3215 1589 3506 1643 clariorem
3531 1588 3758 1641 distinc-

2176 1684 2402 1737 tionem.
2447 1679 2717 1750 lnscripta
2747 1695 2876 1734 vero
2911 1693 2991 1734 cst
3029 1681 3193 1735 det-as
3234 1681 3307 1734 De
3325 1679 3755 1750 proprietatibus,

2181 1790 2294 1829 non
2331 1772 2490 1843 quasi
2523 1773 2685 1827 nobis
2716 1771 2919 1840 aliquid
2945 1771 3161 1825 abunde
3191 1772 3612 1841 suppetat,quod
3639 1785 3755 1826 ma-

2177 1882 2284 1934 gno
2323 1863 2580 1934 Dionysio
2627 1863 2789 1928 desit,
2815 1863 2907 1917 sed
2948 1863 3128 1932 p0tius
3156 1878 3220 1916 ex
3261 1862 3326 1917 iis
3359 1879 3480 1930 «iure
3523 1863 3744 1934 copiose

2175 1959 2320 2015 dicta
2339 1969 2467 2014 sunt
2490 1958 2558 2014 ab
2573 1973 2660 2024 eo,
2681 1960 2854 2013 solum
2874 1957 3234 2026 explanamus
3262 1955 3353 2010 ubi
3369 1964 3613 2025 oporteat
3635 1972 3760 2027 pro-

2175 2051 2461 2122 prietatem
2496 2051 2867 2106 considerare.
2903 2051 3256 2118 Propositum
3276 2064 3403 2102 vero
3431 2059 3510 2104 cst
3543 2050 3758 2118 planum

2177 2140 2358 2198 facere
2390 2155 2486 2211 per
2514 2140 2717 2206 omnia,
2761 2140 2936 2194 solum
2981 2152 3338 2193 essecausam
3365 2140 3598 2195 universi
3623 2140 3762 2196 divi-

2178 2249 2305 2288 nam
2335 2235 2502 2288 trium
2522 2248 2878 2303 personarum
2906 2243 3178 2292 naturam.
3199 2246 3319 2299 quae
3351 2241 3608 2303 estsupra
3631 2235 3762 2289 sub-

2175 2325 2458 2391 stantiam,
2498 2333 2552 2378 et
2580 2339 2741 2393 supra
2792 2334 3063 2388 naturam,
3108 2323 3211 2378 alia
3244 2339 3372 2392 vero
3402 2317 3753 2393 omniafsive

2176 2432 2300 2486 quae
2325 2417 2586 2470 dicuntur
2603 2417 2841 2490 primum
2868 2417 3214 2480 exsistentla,
3242 2417 3356 2471 sive
3386 2421 3758 2489 participatio-

2177 2526 2294 2575 nes,
2331 2509 2446 2565 sive
2471 2510 2845 2579 providentiae,
2887 2521 2938 2564 et
2968 2509 3111 2564 dona
3137 2509 3339 2576 divina,
3369 2511 3494 2580 quia
3536 2522 3757 2584 propter

2175 2617 2404 2678 causam,
2449 2601 2720 2672 producta
2766 2611 2927 2667 sunt,
2985 2601 3042 2656 in
3094 2601 3306 2658 eﬂectis
3363 2615 3750 2674 numerantur;

2169 2704 2403 2764 suntque
2427 2693 2567 2749 sicut
2584 2692 2794 2758 ell‘ecta,
2815 2705 3067 2765 generata
3094 2703 3147 2750 et
3168 2703 3372 2750 creata.
3394 2695 3580 2752 Omnis
3603 2699 3746 2753 enim

2167 2788 2378 2843 en‘ectio
2446 2788 2545 2857 (ait
2608 2802 2836 2854 magnus
2894 2786 3172 2855 Basilius),
3215 2802 3315 2859 par
3370 2789 3426 2842 fit
3455 2789 3562 2842 suis
3585 2789 3744 2843 effec-

2175 2882 2268 2946 tis;
2319 2889 2372 2940 et
2419 2893 2618 2947 magna
2657 2879 2875 2948 quidem
2917 2879 3132 2934 eﬁ’ectio
3173 2895 3490 2952 magnorum
3522 2876 3742 2934 effecto-

2177 2989 2299 3028 rum
2333 2978 2438 3036 est;
2463 2984 2632 3040 parva
2676 2983 2807 3023 vero
2850 2983 3144 3038 parvorum

916 3267 1174 3329 ΠΕΟΑὸ
1223 3266 1508 3330 SEXTA.
1543 3301 1617 3312 -—
1649 3269 1769 3330 DE
1820 3267 2543 3335 APPARITIONIBUS
2583 3268 2874 3332 DIVINI
2920 3269 3308 3332 LUMINIS.

1119 3415 1350 3474 CAPUT
1385 3417 1426 3472 1.

469 3536 628 3606 Quod
654 3551 803 3591 omne
830 3535 1003 3606 lumen
1032 3533 1126 3588 sub
1157 3549 1370 3606 sensum
1418 3533 1608 3606 cadens
1647 3551 1712 3588 ex
1741 3534 1848 3589 Deo
1880 3544 1977 3601 est,
2008 3545 2060 3590 et

729 3607 867 3676 quod
898 3604 978 3659 sol
998 3606 1174 3674 imago
1209 3614 1284 3656 est
1313 3603 1563 3656 bonitatis
1593 3605 1783 3674 ipsius.

543 3700 859 3772 Dionysius,
899 3697 1078 3768 capite
1107 3704 1327 3767 quarto,
1360 3695 1436 3749 De
1465 3697 1659 3751 divinis
1710 3698 2010 3752 nominibus
2037 3715 2052 3754 :

470 3794 576 3849 Sed
611 3792 752 3862 quod
789 3792 842 3846 in
888 3791 1068 3845 medio
1117 3797 1315 3860 praeter
1351 3789 1566 3864 lapsum
1601 3807 1700 3846 nos
1758 3792 2051 3862 effugerat,

469 3883 779 3942 caelestium
833 3883 1256 3954 principiorum,
1301 3883 1947 3952 et,subtermination'um
1983 3883 2062 3956 ('5)

467 3991 639 4033 causa
675 3985 761 4030 est
795 3975 1026 4041 bonum,
1061 3973 1190 4028 item
1236 3972 1563 4028 substantiae
1595 3974 1758 4044 hujus
1791 3975 2054 4040 caelestis,

471 4086 594 4140 qua:
623 4083 728 4122 non
763 4077 1018 4138 augetur,
1077 4079 1254 4135 neque
1284 4065 1576 4131 minuitur,
1613 4074 1666 4120 et
1696 4067 1910 4134 penitus
1951 4080 2059 4120 non

471 4162 740 4227 variatur,
766 4170 820 4214 et
853 4169 1099 4214 motuum
1149 4159 1396 4214 cwlestis
1453 4158 1718 4213 curriculi
1763 4157 2058 4214 vastissimi

469 4270 579 4308 non
604 4253 941 4317 sonantium,
974 4251 1020 4306 si
1050 4251 1122 4305 ita
1139 4249 1290 4322 loqui
1317 4259 1550 4319 oportet,
1573 4259 1629 4305 et
1649 4249 1904 4304 ordinum
1929 4252 2061 4307 stel-

469 4347 673 4410 larum,
705 4352 760 4399 et
791 4343 1286 4413 pulcltritudinutn,
1328 4351 1383 4398 et
1417 4343 1713 4404 luminum,
1762 4349 1816 4395 et
1845 4341 2062 4398 inﬁxio-

463 4454 606 4494 num
645 4453 859 4504 carum,
905 4447 960 4494 et
1012 4436 1335 4509 multiplicis
1392 4449 1593 4490 cursus
1630 4434 1886 4504 vagantis
1924 4450 2063 4505 quo-

2089 3435 2134 3492 ο
2169 3419 2421 3476 rumdam
2495 3420 2764 3484 siderum,
2818 3428 2872 3473 et
2929 3418 3165 3473 duorum
3200 3419 3574 3486 luminarium,
3630 3437 3754 3491 qua:

2170 3515 2452 3584 Scriptura
2504 3523 2662 3569 vocat
2714 3527 2927 3583 magna,
2963 3515 3245 3580 circuitus,
3279 3521 3332 3569 et
3356 3516 3566 3583 eodem,
3606 3517 3749 3572 ttnde

2169 3605 2417 3677 profecta
2452 3617 2604 3671 sunt,
2641 3606 2998 3666 reversionis.
3053 3611 3259 3677 quibus
3312 3608 3456 3676 apud
3491 3625 3595 3666 nos
3629 3610 3747 3666 dies

2165 3706 2220 3752 et
2254 3707 2440 3754 noctes
2471 3697 2921 3768 distinguuntur;
2954 3709 3009 3753 et
3043 3714 3263 3756 menses
3315 3710 3475 3770 atque
3499 3699 3627 3754 anni
3651 3700 3748 3756 de-

2166 3792 2298 3846 ﬁniti
2341 3791 2494 3861 ipsos
2527 3802 2710 3846 motus
2743 3791 3029 3861 temporis,
3057 3803 3115 3847 et
3151 3807 3339 3846 eorum
3370 3807 3493 3863 qua:
3532 3793 3584 3846 in
3608 3803 3745 3847 tem-

2166 3895 2297 3952 pore
2324 3891 2474 3946 sunt,
2507 3881 2715 3937 circulo
2741 3881 3022 3937 confectos
3045 3882 3409 3956 distinguunt,
3432 3895 3744 3949 numerant,

2167 3975 2439 4038 ordinant,
2471 3983 2523 4028 et
2556 3976 2860 4030 continent.
2892 3972 3032 4041 Quid
3064 3987 3245 4030 autem
3273 3976 3489 4031 dicatur
3511 3978 3576 4031 de
3601 3977 3747 4046 ipso-

2169 4076 2279 4121 met
2305 4069 2456 4120 radio
2486 4067 2666 4122 solis?
2694 4071 2739 4120 Α
2766 4083 2984 4122 summo
3013 4070 3159 4122 enim
3189 4068 3334 4122 bono
3357 4070 3542 4123 lumen
3565 4069 3734 4135 profi-

2165 4158 2414 4226 ciscitur,
2444 4168 2496 4214 et
2527 4159 2706 4230 imago
2726 4160 2984 4216 bonitatis
3002 4171 3121 4227 est;
3147 4161 3501 4230 quamobrem
3526 4161 3745 4215 nomine

2164 4251 2390 4307 luminis
2420 4253 2620 4307 bonum
2647 4252 2920 4318 laudatur,
2945 4262 3201 4324 tanquam
3222 4263 3479 4325 appareat
3505 4255 3742 4324 primum

2168 4345 2534 4414 exemplar'iu
2561 4345 2819 4413 imagine.
2845 4343 3001 4401 Sicut
3023 4347 3169 4402 enim
3195 4348 3412 4404 bonitas
3446 4346 3746 4402 divinitatis

2167 4452 2292 4510 qua:
2319 4452 2486 4508 supra
2511 4437 2695 4492 omnia
2722 4447 2826 4502 est,
2860 4453 2890 4492 a
2930 4439 3205 4508 supremis
3235 4448 3287 4494 et
3317 4423 3747 4510 provectissimis

1953 4573 2226 4638 Scholia.

539 4701 622 4785 (i)
649 4699 931 4785 Perfcetio,
948 4702 1039 4756 cui
1069 4701 1333 4785 adempta:
1351 4699 1679 4785 sunt'm‘uft‘te
1699 4698 2064 4785 perfectiones,
2094 4703 2147 4763 D
2176 4701 2300 4785 ficat
2330 4701 2432 4757 hoc
2483 4703 2604 4758 loco
2655 4701 2967 4785 Dionvsius,
3011 4711 3070 4758 ut
3094 4677 3338 4785 quidam
3397 4702 3739 4785 interpretati

465 4768 566 4828 est
587 4768 852 4840 perfectio
887 4787 993 4827 non
1050 4774 1324 4825 abstracta
1355 4784 1451 4839 per
1481 4768 1820 4840 intellectum
1861 4785 1890 4824 a
1921 4779 2068 4836 toto,

461 4853 526 4898 et
551 4838 810 4911 atparte;
843 4843 959 4896 haec
991 4842 1136 4894 enim
1180 4838 1368 4894 multis
1400 4838 1833 4910 perfectionibus
1862 4852 2011 4898 caret
2038 4859 2056 4906 ;

465 4914 736 4980 perfectio
759 4927 889 4968 vero
915 4912 1212 4974 abstracta,
1233 4928 1284 4964 «ιι
1301 4911 1552 4966 absolute
1585 4911 1932 4966 considerata
1954 4912 2060 4966 late

466 4979 648 5051 patet,
679 4983 808 5053 quia
839 4997 944 5053 non
978 4990 1066 5053 est
1097 4979 1345 5036 restricta
1368 4981 1438 5035 ad
1471 4990 1667 5045 totum,
1703 4989 1804 5053 aut
1835 4983 1900 5035 ad
1929 4997 2057 5051 paro

475 5063 616 5116 tem,
655 5051 712 5106 ut
740 5052 847 5107 vita
881 5051 1133 5106 absolute
1164 5053 1532 5110 considerata.
1561 5066 1686 5119 quae
1733 5051 1936 5121 dicitur
1965 5067 2060 5121 per

466 5141 531 5175 se
551 5125 684 5187 vita,
705 5124 829 5177 ltuic
850 5122 992 5176 nulla
1015 5121 1280 5189 perfectio
1302 5121 1586 5183 adimitur,
1621 5122 1766 5174 sicut
1797 5120 2060 5176 adimitur

467 5199 596 5246 vitae
626 5195 677 5246 iu
709 5207 925 5258 genere,
955 5202 1015 5244 ut
1043 5191 1334 5256 animalis;
1373 5200 1427 5245 et
1465 5191 1587 5244 vitae
1629 5192 1682 5244 in
1726 5202 1878 5260 parte
1901 5207 2064 5261 gene-

469 5264 570 5328 ris,
595 5266 766 5325 idest,
796 5263 1068 5330 inspecie,
1087 5271 1141 5313 ut
1169 5262 1427 5319 hominis.
1455 5272 1548 5313 aut
1570 5261 1766 5329 angeli,
1799 5272 1851 5315 et
1882 5262 2055 5316 multo

467 5335 828 5402 stragisltujus
862 5331 1097 5402 lminiuis
1127 5343 1221 5384 aut
1251 5331 1426 5400 angeli
1451 5347 1571 5400 quae
1591 5341 1720 5385 sunt
1752 5332 2054 5386 individua.

546 5407 623 5469 t2)
649 5401 751 5455 Per
781 5419 841 5456 se
873 5417 1016 5463 esse,
1051 5401 1299 5470 sicutper
1327 5420 1385 5455 se
1402 5404 1535 5464 vita,
1568 5411 1623 5456 et
1655 5417 1748 5471 per
1782 5418 1840 5456 se
1867 5419 2054 5464 unum,

467 5484 526 5525 et
567 5474 787 5537 sm.ilia,
843 5481 929 5525 est
959 5487 1060 5543 ens
1090 5487 1185 5539 per
1234 5472 1512 5538 accidens,
1569 5475 1700 5543 quia
1739 5474 1921 5526 solum
1961 5488 2056 5542 per

467 5543 904 5595 abstractionem
939 5542 1158 5595 exsistit
1191 5543 1243 5595 iu
1281 5554 1482 5597 tuente.

546 5613 625 5680 (5)
660 5611 1055 5666 Princioiorum
1081 5624 1127 5666 et
1164 5613 1717 5670 subterminationum.
1743 5612 1860 5670 Non
1890 5615 2062 5684 signi-

543 5795 620 5865 (a)
645 5796 774 5869 Cap.
811 5797 844 5852 3
879 5795 956 5853 De
982 5801 1146 5856 divin.
1186 5817 1328 5857 nant.
1363 5800 1416 5855 in
1448 5799 1574 5855 fine.

2171 4782 2324 4838 sunt,
2353 4788 2583 4844 corpora
2615 4773 2863 4830 caclestia
2887 4789 3008 4830 esse
3026 4773 3288 4841 principia
3309 4777 3522 4844 agentia
3540 4773 3740 4830 eorum

2167 4851 2500 4914 qumortum
2527 4852 2580 4897 et
2603 4845 2880 4899 interitum
2905 4845 3148 4914 capiunt,
3183 4856 3234 4900 et
3265 4845 3502 4899 discerni
3532 4861 3621 4901 res
3656 4861 3745 4899 se-

2167 4913 2406 4968 Cundnm
2446 4914 2637 4967 eadem
2679 4929 2948 4983 corpora;
2976 4913 2987 4914 ί
3011 4931 3120 4968 non
3161 4917 3403 4981 loquitur
3437 4917 3521 4970 ltic
3549 4917 3616 4970 de
3643 4917 3740 4968 liu-

2165 4983 2405 5054 jusmodi
2443 4986 2749 5054 principiis,
2775 4984 2869 5039 sed
2902 4987 2968 5038 de
3001 4985 3281 5053 principiis
3313 4996 3367 5040 et
3397 4986 3735 5040 terminatio-

2170 5055 2334 5108 nibus
2372 5055 2591 5108 ornium
2619 5056 2949 5120 caelestium,
2992 5071 3133 5124 quos
3163 5055 3291 5110 fecit
3327 5057 3466 5108 Deus
3503 5057 3740 5110 bonitate

2171 5140 2268 5178 sua
2296 5127 2575 5195 globosos,
2608 5125 2665 5178 in
2706 5141 2813 5194 qua
2857 5127 3025 5192 ligura
3056 5127 3193 5180 idem
3224 5137 3306 5181 est
3336 5125 3661 5195 principium
3683 5136 3738 5180 et

2177 5197 2467 5257 terminus,
2501 5194 2617 5249 sive
2646 5195 2767 5250 ﬁnis
2800 5212 2816 5262 ;
2850 5210 2954 5248 non
2989 5196 3127 5250 dixit
3176 5194 3651 5262 ἁποπὲρατώσεις,
3692 5198 3741 5250 id

2171 5276 2277 5328 est,
2337 5266 2774 5328 terminationes,
2825 5265 2920 5318 sed
2994 5267 3468 5335 ὑποπερατώσεις,
3531 5265 3585 5320 id
3613 5279 3740 5328 .eSt,

2171 5337 2711 5400 subtertuinatioucs,
2750 5346 2807 5388 ut
2835 5337 2892 5389 S.
2925 5335 3188 5390 Maximus
3210 5339 3548 5401 observavit,
3607 5341 3735 5402 quia

2169 5417 2351 5460 motus
2386 5409 2636 5474 corporis
2689 5406 2896 5476 globosi
2949 5421 3056 5458 non
3093 5408 3253 5460 habet
3307 5421 3456 5475 prop:
3475 5407 3523 5459 ic
3558 5419 3742 5460 ternit-

2171 5491 2322 5540 num,
2359 5478 2452 5530 sed
2486 5479 2648 5529 veluti
2678 5477 2969 5529 terminum
3028 5476 3188 5528 habet
3222 5481 3426 5530 moveri
3453 5482 3521 5529 ab
3551 5479 3732 5546 aliquo

2169 5547 2440 5614 principio
2478 5548 2542 5599 ad
2605 5547 2743 5599 idem
2781 5555 3041 5614 tanquam
3085 5549 3175 5600 ad
3211 5549 3528 5612 torminum,
3593 5546 3742 5601 Verbi

2166 5623 2369 5685 gratia,
2401 5615 2470 5670 ab
2505 5618 2720 5672 oriente
2761 5617 2828 5671 ad
2855 5617 3104 5671 euutdem
3139 5620 3424 5673 orientem.
