4048 6432
304 402 401 468 δίὶ

947 375 1187 452 DECAS
1219 389 1319 450 VI.
1352 412 1420 421 -
1472 385 1569 446 DE
1603 380 2250 446 APPARi'l‘lONIliUS
2279 379 2529 444 DIVINI
2567 380 2917 444 LUMlNlS.

3462 376 3563 439 842

304 520 386 572 sui
411 510 630 566 stautiis
685 523 859 576 usqur
917 506 981 559 ad
1015 517 1288 557 extremas
1321 499 1590 570 pervadit,
1621 507 1674 552 et
1706 496 1882 550 adhuc
1912 494 1959 551 Α
1987 498 2138 559 dum,
2176 494 2372 558 inquit,
2403 502 2486 548 est
2513 492 2716 556 dicere,
2747 503 2802 545 et
2837 490 3274 558 inieStiganduin
3310 490 3362 543 in
3389 493 3562 559 prima
3608 527 3615 537 .

304 623 468 676 supra
505 617 698 658 omnes
730 608 834 663 est,
869 602 939 648 ita
977 605 1030 648 nt
1066 608 1241 663 neque
1263 592 1575 662 superiores
1607 603 1778 658 usque
1815 587 1882 640 ad

305 699 450 750 illius
481 692 859 749 excellentiam
880 689 1215 759 pertingant,
1237 699 1338 738 nec
1357 680 1646 737 inferiores
1676 695 1784 733 non
1814 678 1882 733 ab

306 789 393 842 illa
415 784 838 844 coatineantur;
869 779 998 846 quin
1028 777 1209 846 potius
1233 774 1415 829 omnia
1436 788 1560 842 quae
1591 768 1885 826 illuminari

305 884 557 950 possunt.
599 871 890 932 illuminat,
929 879 980 922 et
1010 877 1180 930 creat,
1204 877 1256 920 et
1295 865 1460 918 vitam
1489 865 1598 928 dat,
1629 871 1682 916 et
1710 860 1888 916 conti-

305 983 419 1031 net,
455 979 510 1022 et
537 965 748 1033 perlicit
777 981 790 1026 ;
824 972 877 1015 et
903 975 1156 1013 mensura
1184 965 1270 1010 est
1293 970 1485 1009 eorum
1517 970 1636 1021 qua:
1664 961 1810 1013 sunt,
1835 959 1889 1003 et

306 1074 503 1123 avum,
527 1066 580 1111 et
612 1068 896 1115 numerus,
919 1062 973 1105 ct
999 1050 1156 1114 ordo,
1174 1057 1228 1103 et
1261 1048 1602 1116 complexus,
1620 1052 1672 1096 et
1695 1057 1886 1105 causa,

305 1147 470 1218 atque
495 1146 658 1199 linis:
689 1142 772 1197 sic
799 1141 962 1194 etiam
997 1137 1187 1209 ingens
1219 1135 1343 1202 iste,
1391 1143 1447 1189 et
1475 1145 1618 1189 totus
1653 1133 1888 1201 splendi-

309 1242 433 1307 dus,
471 1253 534 1293 ac
569 1248 787 1302 semper
837 1232 1025 1286 lucens
1056 1230 1136 1283 sol
1173 1229 1352 1295 imago
1397 1240 1652 1295 expressa
1693 1232 1777 1277 est
1808 1223 1891 1275 di-

309 1334 447 1385 vina:
475 1327 754 1388 bonitatis,
773 1332 1045 1393 quatenus
1072 1320 1451 1374 tenuissimum
1474 1317 1602 1386 quid
1626 1315 1773 1370 illLus
1797 1315 1892 1368 bo-

313 1423 369 1477 ni
401 1427 456 1476 in
489 1435 554 1473 eo
582 1418 770 1488 procul
793 1423 1014 1470 resenat
1033 1411 1136 1482 (1),
1157 1420 1213 1464 et
1239 1411 1425 1464 omnia
1460 1423 1582 1476 quis
1615 1421 1738 1459 eum
1770 1419 1891 1474 par-

316 1516 543 1580 ticipare
573 1518 820 1579 possunt,
871 1507 1127 1568 illustrat,
1161 1512 1214 1560 et
1273 1502 1458 1556 lumen
1524 1499 1686 1554 habet
1718 1512 1886 1567 supra

316 1617 623 1666 extr-nsum,
641 1601 780 1670 quod
801 1601 854 1653 in
880 1599 1193 1653 universum
1218 1595 1478 1649 mundum
1511 1593 1602 1662 qui
1627 1591 1890 1657 cernitur,

319 1707 432 1751 tum
466 1692 821 1761 superiorem,
858 1701 972 1743 tum
1033 1687 1375 1744 inferiorem.
1414 1684 1706 1750 splendore
1741 1682 1890 1735 radi-

315 1803 471 1839 orum
507 1799 728 1838 suorum
755 1778 1078 1848 multiplicat
1106 1796 1118 1831 :
1153 1787 1205 1831 ct
1227 1777 1272 1832 si
1303 1777 1432 1846 quid
1463 1790 1587 1829 eum
1624 1788 1733 1827 non
1762 1788 1889 1842 par-

1986 586 2368 657 expialiatione
2404 584 2721 654 ﬁgurarum,
2754 598 2926 652 quare
2960 591 3146 636 sancta
3187 583 3473 647 Scriptura
3510 585 3562 638 in

1988 679 2108 749 ﬁgis
2129 678 2288 732 audis
2313 676 2519 746 angelis
2544 676 2838 745 imaginem
2865 675 3078 744 igneam
3115 674 3227 728 fere
3263 690 3371 742 pra:
3403 687 3563 728 ciete-

1988 769 2064 824 ris
2095 767 2424 838 imaginibus
2459 766 2726 819 honorare
2759 767 3053 833 reperitur.
3089 765 3347 834 Reperies
3386 767 3566 831 itaqni

1984 877 2106 916 eam
2137 875 2244 914 non
2299 860 2473 913 solum
2508 866 2656 912 rotas
2691 859 2877 928 igneas
2908 858 3276 922 emittentem,
3318 859 3411 910 sed
3450 859 3538 909 atii

1991 954 2150 1008 inalia
2183 968 2246 1008 ex
2274 953 2417 1020 igne,
2451 961 2504 1005 et
2555 952 2701 1005 viros
2732 952 2909 1006 instar
2967 953 3106 1021 ignis
3143 951 3356 1017 fulgore
3387 951 3558 1008 cullnt

1990 1057 2196 1110 evntes,
2237 1054 2353 1098 tum
2378 1058 2604 1098 acervos
2635 1043 2936 1098 carbonum
2963 1044 3101 1110 ignis
3131 1043 3282 1098 circa
3316 1042 3516 1100 cmlcst.
3540 1055 3572 1099 ι

1991 1131 2331 1190 substantias
2361 1142 2678 1200 ponentem,
2706 1131 2973 1188 etﬂuvios
3009 1134 3128 1202 igni
3163 1134 3442 1197 ardentes,
3463 1132 3567 1184 inn

1991 1235 2116 1298 petii
2161 1223 2254 1294 qui
2282 1223 2528 1278 cohiberi
2561 1237 2669 1276 non
2712 1225 2904 1290 possit,
2961 1222 3332 1292 proﬂuentes;
3377 1227 3486 1278 inin
3515 1234 3568 1282 ιιι

1990 1314 2149 1386 sedes
2178 1313 2255 1367 ait
2297 1313 2483 1382 igneas
2511 1327 2673 1378 esse;
2703 1323 2760 1366 et
2793 1314 2939 1381 ipsos
2980 1328 3266 1382 supremos
3301 1314 3559 1382 Seraphi-

1993 1415 2091 1457 nOs
2123 1412 2342 1458 urentes
2391 1402 2831 1471 repraesentat“,
2866 1411 2926 1457 ut
2960 1419 3158 1458 nomen
3201 1405 3461 1468 declarat,
3503 1421 3568 1460 ac

1993 1495 2382 1563 proprietatem
2408 1495 2546 1565 ignis
2575 1503 2630 1548 et
2658 1494 3001 1550 eﬂicicntiam
3032 1496 3143 1549 illis
3169 1497 3387 1562 tribuit;
3419 1497 3541 1550 deni
3561 1523 3574 1540 .-

1991 1603 2097 1655 que
2133 1602 2298 1657 supra
2329 1597 2382 1640 et
2434 1586 2576 1641 infra
2616 1587 2696 1658 (id
2730 1599 2832 1652 etii,
2864 1589 3088 1658 ubique)
3122 1591 3289 1658 igneae
3318 1591 3572 1662 imaginis

1992 1677 2381 1732 formationem
2416 1679 2690 1746 praecipue
2722 1681 2976 1734 honorat.
3006 1665 3230 1752 Igne-um
3279 1683 3468 1750 igitur,
3513 1694 3575 1737 ut

1995 1768 2252 1832 arbitror,
2275 1765 2525 1836 designat
2551 1769 2842 1823 maximam
2874 1769 2931 1823 in
2961 1771 3235 1827 mentibus
3253 1773 3574 1828 ctelestibin

315 1878 525 1946 tiripat,
569 1890 673 1928 non
703 1882 784 1930 est
825 1873 878 1926 in
910 1844 1078 1926 causa
1123 1844 1468 1923 imbeciilitas
1507 1875 1600 1922 aut
1647 1866 1886 1919 tenuitas
1923 1844 1964 1900 Β
1993 1859 2084 1913 Dei
2109 1859 2560 1924 similitudinem;
2598 1861 3156 1933 saerienimtheuiogi
3181 1866 3576 1927 substantiam.

315 1971 588 2026 facultatis
616 1967 981 2028 illuminandi,
1013 1965 1106 2020 sed
1147 1965 1329 2034 potius
1370 1978 1478 2018 non
1512 1976 1634 2017 esse
1665 1960 1887 2032 expedi-

313 2075 424 2116 tum
450 2057 1006 2130 adparticipatiouein
1041 2053 1289 2118 luminis,
1335 2053 1459 2122 quia
1503 2067 1612 2107 non
1664 2051 1735 2105 sit
1765 2051 1887 2105 ido-

319 2171 480 2208 neum
519 2153 587 2206 ad
624 2152 1019 2208 admittendum
1053 2148 1209 2203 illud.
1241 2151 1318 2202 Ac
1379 2160 1566 2200 revera
1606 2143 1774 2199 multa
1807 2145 1890 2198 sic

312 2255 461 2310 sunt,
511 2260 632 2316 quae
666 2243 850 2297 radius
883 2242 1013 2296 solis
1040 2250 1484 2310 pmtergressus,
1532 2235 1620 2290 illa
1643 2251 1768 2305 quin
1809 2235 1890 2290 ul-

320 2348 403 2390 tra
432 2348 588 2397 sunt,
649 2333 950 2398 illuminat;
981 2341 1036 2386 et
1087 2330 1220 2384 nihil
1249 2337 1331 2383 est
1364 2342 1556 2383 eorum
1589 2341 1709 2395 quae
1738 2325 1887 2379 cerni

312 2438 567 2498 possunt,
599 2440 710 2495 quo
742 2440 848 2477 non
905 2421 1180 2493 pcrtiugat
1220 2421 1321 2485 sol,
1375 2432 1435 2474 ut
1465 2429 1551 2476 est
1582 2419 1776 2486 ingens
1809 2417 1890 2472 vis

315 2518 621 2588 splendoris
645 2518 750 2571 sui.
785 2513 928 2581 Quin
960 2517 1125 2568 etiam
1157 2512 1225 2566 ad
1261 2523 1441 2566 ortum
1468 2524 1759 2578 corporum
1786 2507 1890 2562 sub

322 2628 542 2668 sensum
572 2611 880 2666 cadentium
907 2609 1148 2674 confert,
1174 2615 1232 2662 et
1265 2622 1326 2662 ea
1379 2615 1562 2660 movet
1601 2606 1670 2660 ad
1696 2606 1887 2665 vitam,

318 2707 508 2764 nutrit.
548 2713 725 2774 auget,
784 2703 1018 2773 perlicit,
1080 2709 1134 2756 et
1157 2706 1376 2770 purgat,
1408 2712 1472 2752 ac
1521 2705 1781 2760 renovat;
1837 2703 1893 2752 ct

322 2813 577 2853 mensura
624 2807 705 2851 est
731 2812 796 2851 ac
842 2808 1104 2849 numerus
1145 2792 1432 2856 liora-rum,
1467 2798 1521 2843 et
1552 2788 1788 2851 dierum,
1837 2795 1894 2840 ct

315 2891 496 2946 omnis
544 2890 714 2944 nostri
748 2886 1006 2957 temporis
1029 2886 1156 2955 (hoc
1197 2883 1343 2940 enim
1380 2892 1465 2938 est
1496 2880 1628 2934 illud
1682 2879 1892 2945 lumen,

321 2985 536 3037 tametsi
561 2993 698 3037 tunc
730 2998 836 3034 non
857 2990 976 3034 erat
999 2978 1312 3047 ﬁguratum,
1333 2975 1480 3044 quod
1513 2973 1648 3049 dixit
1671 2971 1892 3024 divinus

322 3071 534 3142 MtIySI‘S
563 3071 881 3126 distinxisse
903 3067 1032 3122 illud
1062 3067 1302 3137 primum
1334 3064 1551 3119 dierum
1579 3073 1892 3114 nosu'orum

323 3162 613 3227 triduum),
651 3160 793 3214 unde
813 3161 986 3230 ἥλιος,
1021 3159 1075 3213 iJ
1107 3168 1213 3222 est,
1243 3156 1346 3221 sol,
1373 3155 1551 3210 dicitis
1589 3160 1699 3215 est,
1745 3151 1890 3221 quod

325 3252 510 3308 omnia
546 3251 671 3305 facit
725 3250 909 3320 enim,
939 3251 989 3304 id
1019 3257 1126 3315 est,
1177 3247 1360 3304 omnia
1413 3254 1596 3301 servat
1635 3245 1810 3308 salva,
1841 3251 1895 3296 et

323 3354 621 3416 cOugregat
670 3343 964 3412 dispersa;
997 3352 1051 3400 et
1075 3342 1258 3396 omnia
1293 3355 1415 3410 quae
1467 3336 1738 3393 sciitiendi
1787 3341 1892 3390 vim

323 3436 530 3492 habent
570 3451 694 3490 eum
728 3443 1013 3502 appetunt,
1084 3433 1170 3488 vel
1201 3441 1260 3488 ut
1293 3431 1532 3495 vidi-ant,
1561 3430 1639 3482 vel
1689 3440 1748 3482 ut
1780 3444 1894 3481 nio-

323 3538 571 3592 veantur,
595 3536 649 3582 ct
681 3527 1075 3589 illuminentur,
1109 3534 1162 3580 et
1180 3523 1476 3587 calescant,
1499 3531 1554 3573 et
1580 3520 1813 3587 denique
1838 3526 1898 3572 ιιι

323 3621 728 3682 contineantur,
758 3623 1272 3672 etconserveutura
1295 3614 1409 3670 Sole
1439 3629 1453 3668 :
1486 3628 1591 3666 non
1617 3614 1721 3665 huc
1744 3611 1905 3673 dico,-

327 3722 386 3766 ιιι
414 3711 706 3780 antiquitas
727 3708 1104 3771 existimabat,
1136 3706 1280 3774 quod
1313 3705 1394 3759 sol
1425 3705 1495 3757 sit
1519 3703 1682 3763 Deus.
1718 3711 1773 3756 ct
1799 3717 1899 3772 ati-

331 3814 446 3856 ctur
474 3802 733 3861 universi.
771 3802 866 3870 qui
918 3801 1061 3854 hunc
1088 3798 1346 3852 mundum
1391 3809 1554 3865 quem
1595 3793 1894 3855 cernimus,

331 3909 545 3964 proprie
566 3893 854 3962 gubernet,
885 3893 977 3946 sed
1013 3893 1198 3961 potius
1227 3888 1374 3959 quod
1416 3885 1710 3942 invisibilia
1747 3885 1837 3939 Dci
1865 3901 1897 3940 a

329 3992 577 4038 creatura
623 3982 806 4034 mundi
849 3997 946 4052 per
977 3996 1040 4035 ea
1091 3993 1214 4049 quae
1265 3979 1404 4032 facta
1439 3985 1589 4038 sunt,
1627 3974 1896 4029 intellecta

328 4075 758 4144 conspiciuntur,
786 4075 1112 4142 sempiterna
1147 4083 1367 4142 quoque
1404 4067 1524 4138 ejus
1545 4068 1718 4121 virtus
1733 4076 1784 4118 et
1813 4065 1899 4117 di-

326 4171 546 4222 vinitas.
579 4167 654 4221 Ex
683 4168 889 4236 quibus
922 4173 1094 4234 patet,
1123 4177 1284 4218 omne
1334 4161 1515 4216 lumen
1546 4158 1688 4229 quod
1722 4157 1898 4211 cerui-

327 4269 414 4312 tur
442 4277 469 4313 a
501 4258 606 4312 Dco
632 4259 832 4313 factum
879 4271 1033 4322 esse;
1062 4263 1118 4310 et
1145 4255 1314 4310 solem
1347 4267 1469 4308 esse
1500 4249 1684 4305 multis
1719 4247 1900 4304 modis

324 4365 378 4405 et
414 4351 716 4406 rationibus
751 4353 1042 4419 imaginem
1098 4348 1358 4404 bonitatis
1389 4344 1513 4399 Dei:
1542 4341 1705 4397 simul
1732 4342 1896 4396 etiam

326 4445 753 4498 tietthttslralttllt
792 4451 897 4504 est,
931 4440 1396 4511 quemadmodum
1433 4450 1560 4491 cum
1599 4435 1738 4488 Deus
1765 4430 1903 4485 dixit

1988 1967 2110 2026 quae
2131 1966 2297 2020 supra
2327 1952 2686 2008 substantiam
2710 1963 2810 2015 est.
2827 1953 2944 2008 sine
2965 1955 3157 2024 [οι-ηιμ,
3174 1959 3308 2010 mult
3331 1958 3419 2012 εἰει
3443 1957 3576 2012 locis

1989 2045 2041 2098 in
2064 2044 2185 2114 igne
2202 2043 2502 2107 deliiieaitt,
2521 2045 2666 2114 quod
2688 2045 2830 2115 ignis
2859 2050 3058 2106 multas
3081 2050 3275 2105 habeat
3305 2053 3577 2121 imagines

1991 2137 2057 2202 (si
2085 2138 2166 2192 fas
2206 2135 2526 2209 estdicere)
2559 2139 2758 2194 divinae
2793 2141 3170 2209 proprietatis,
3204 2157 3480 2212 quau-nus
3515 2146 3574 2199 iu

1990 2228 2060 2284 iis
2083 2244 2204 2299 qua
2255 2242 2578 2297 cernuntur,
2609 2231 2811 2289 habere
2840 2241 3040 2303 potest.
3073 2234 3220 2306 Ignis
3275 2238 3444 2300 enim,
3475 2237 3574 2306 qui

1991 2335 2156 2375 sensu
2218 2321 2536 2391 percipitur,
2567 2335 2656 2380 est
2710 2325 2931 2395 quidem
2958 2326 3017 2380 in
3054 2328 3334 2388 omnibus,
3400 2340 3461 2383 ut
3501 2339 3579 2384 ita

1992 2411 2195 2474 dicam,
2226 2421 2280 2468 et
2314 2427 2410 2480 per
2442 2415 2626 2469 omnia
2652 2429 2764 2470 non
2822 2417 3083 2486 permistis
3115 2420 3386 2487 pervadit,
3419 2428 3475 2474 et
3506 2424 3578 2474 ab

1991 2502 2250 2558 euntibus
2281 2503 2586 2574 diremptus
2608 2516 2712 2572 est,
2738 2522 2860 2562 cum
2881 2509 2951 2564 sit
2975 2509 3339 2578 alioquitotus
3363 2513 3576 2581 lucens,

1991 2596 2152 2650 simul
2195 2605 2283 2651 est
2329 2607 2590 2666 taiiquaut
2625 2599 2820 2664 latens,
2852 2602 3166 2673 incognitus
3201 2618 3296 2673 per
3338 2620 3422 2670 se,
3461 2620 3571 2659 non

1992 2689 2268 2758 proposita
2310 2691 2562 2757 materia,
2599 2692 2652 2746 in
2703 2709 2812 2763 qua
2844 2709 2999 2749 suam
3059 2696 3164 2749 vim
3195 2705 3249 2750 et
3302 2698 3577 2751 actionem

1986 2781 2270 2844 ostendat,
2309 2798 2486 2852 neque
2515 2784 2712 2849 teneri,
2745 2801 2920 2854 neque
2942 2787 3108 2841 videri
3135 2799 3338 2858 potest,
3370 2798 3428 2843 et
3454 2805 3586 2844 on.-.

1996 2872 2083 2926 uia
2118 2882 2379 2940 superat;
2432 2884 2487 2930 rt
2516 2891 2580 2930 ea
2630 2877 2914 2946 inquibus
2961 2878 3124 2934 fuerit
3179 2881 3476 2949 ingenitus,
3509 2885 3579 2936 ad

1994 2980 2148 3018 simitu
2175 2966 2492 3021 fat-nitatem
2520 2969 2720 3024 trahit:
2760 2970 2923 3024 habet
2959 2971 3068 3024 vim
3108 2974 3454 3038 inmutandi,
3477 2976 3587 3028 iri-4

1999 3057 2266 3127 partiendi
2297 3073 2360 3113 se
2391 3061 2648 3115 omnibus
2681 3064 2774 3129 qui
2806 3063 2874 3114 ad
2913 3078 3036 3116 eum
3072 3073 3350 3135 utcunque
3377 3080 3576 3136 appro-

2001 3145 2284 3214 pinquant,
2314 3149 2606 3202 renovandi
2633 3149 2815 3204 caiore
2833 3149 3001 3216 vitali,
3032 3151 3368 3207 illuininaiidi
3397 3155 3588 3227 splend

2004 3239 2233 3295 doribns
2275 3256 2382 3294 nou
2411 3240 2644 3296 obtectis
2668 3257 2683 3307 ;
2710 3255 2822 3296 non
2865 3252 3041 3312 potest
3070 3243 3342 3308 cohiberi,
3371 3255 3459 3300 est
3488 3247 3582 3301 ad—

2005 3333 2279 3390 mistioais
2303 3347 2518 3402 expers,
2555 3333 2719 3389 habet
2750 3334 2858 3388 vim
2881 3335 3226 3401 secernendi,
3253 3346 3338 3392 est
3378 3337 3594 3392 immu~'

2004 3425 2206 3488 tabilis,
2244 3424 2418 3480 iet-tur
2447 3425 2711 3490 sublime,
2740 3435 3025 3482 estmrlus
3053 3428 3270 3495 celeris,
3297 3439 3383 3484 est
3411 3431 3582 3492 alius,

2005 3532 2112 3570 non
2166 3518 2368 3586 patitur
2397 3527 2455 3570 ut
2483 3533 2724 3586 unquam
2760 3529 2979 3588 appetat
3017 3520 3280 3576 deni-sum
3317 3524 3466 3586 ferri.
3501 3537 3591 3580 est

2007 3621 2104 3675 per
2143 3622 2203 3662 se
2233 3608 2477 3680 mobilis,
2511 3624 2728 3679 semper
2756 3611 3009 3676 mobilis:
3047 3611 3153 3665 alia
3181 3627 3443 3679 movens;
3488 3615 3588 3668 ha-

2005 3699 2094 3753 bet
2125 3699 2232 3752 vim
2253 3700 2658 3763 coiitinendi,et
2685 3717 2716 3755 ιι
2749 3694 2907 3757 nullo
2925 3703 3199 3759 contineri
3237 3714 3434 3774 potest,
3474 3723 3585 3762 non

2006 3789 2215 3858 indiget
2248 3790 2373 3854 alio,
2395 3798 2554 3859 anget
2583 3804 2640 3846 se
2668 3789 2900 3858 occulte,
2920 3793 3043 3849 etin
3061 3798 3305 3850 materiis
3327 3797 3588 3864 subjectis

2007 3886 2248 3941 declarat
2281 3885 2712 3957 magnitudinem
2765 3901 2954 3943 suam:
2992 3899 3082 3944 est
3109 3889 3320 3949 eiiicax.
3367 3903 3585 3959 ponens,

2005 3992 2190 4031 coram
2220 3978 2477 4037 omnibus
2529 3978 2682 4032 ade>t
2716 3977 3159 4045 inaspertabilis;
3193 3980 3239 4034 si
3273 3998 3306 4033 ιι
3346 3982 3588 4050 gligitur,

2011 4069 2221 4121 videtur
2254 4083 2359 4123 non
2383 4081 2546 4133 esse;
2579 4068 2864 4124 collisione
2905 4070 3068 4132 iacta.
3100 4073 3264 4128 veluti
3297 4075 3586 4143 qua-situs.
3643 4137 3651 4144 ,

2010 4162 2331 4215 naturaliter
2359 4171 2412 4216 et
2450 4171 2680 4234 cogitate
2739 4153 2958 4235 repente
3003 4175 3252 4233 apparet,
3295 4175 3350 4220 et
3394 4181 3594 4223 Hiram

2009 4251 2189 4304 avolat
2221 4251 2699 4320 incomprehense;
2733 4251 2784 4305 in
2809 4253 3063 4315 omnibus
3085 4255 3169 4310 sui
3190 4255 3345 4326 copio
3382 4258 3590 4312 issimis

2009 4341 2492 4399 distributionibus
2518 4357 2622 4398 non
2652 4345 2944 4399 minuitur.
2981 4345 3174 4402 Multas
3196 4347 3339 4418 ignis
3373 4349 3601 4419 propri-5

2010 4439 2182 4485 etates
2238 4435 2438 4501 poterit
2483 4434 2608 4502 quis
2643 4435 2890 4490 invenire
2929 4435 3130 4490 divina:
3162 4438 3467 4506 operationi
3499 4455 3593 4495 co—

329 4539 503 4606 primo
537 4536 625 4587 die
649 4550 667 4588 :
692 4534 808 4588 Fiat
835 4535 951 4594 lux,
984 4533 1156 4585 lucem
1186 4529 1333 4585 illius
1369 4528 1530 4583 tridui
1563 4527 1683 4581 sine
1707 4525 1902 4592 liguia,
1939 4553 1980 4608 υ
2011 4535 2226 4593 gnatas,
2281 4532 2554 4592 quatenus
2586 4526 2639 4580 in
2689 4528 3042 4582 scnsibilibus
3085 4529 3419 4600 imaginibus
3469 4547 3591 4586 esse

327 4638 381 4678 et
410 4626 660 4678 dilusani
695 4625 895 4692 coi'git,
915 4623 1043 4676 etin
1069 4625 1296 4689 ﬁguram
1327 4618 1472 4688 globi
1495 4616 1625 4672 solis
1646 4612 1902 4674 contulit,

329 4719 636 4786 praelitiicns
656 4719 703 4770 ei
732 4716 993 4771 circuitus
1013 4723 1066 4767 et
1097 4712 1256 4766 urbes
1280 4726 1517 4765 annuos.
1542 4709 1685 4762 Idem
1719 4716 1906 4760 osten—

328 4809 407 4862 dit
445 4823 674 4876 iiiagnus
712 4805 968 4866 Basiiius,
1002 4804 1053 4856 in
1086 4805 1450 4858 lI-‘xaeuiero.

950 4917 1182 4972 CAPUT
1217 4916 1282 4970 ιι.

330 5037 478 5104 Quod
498 5039 634 5107 ignis
657 5038 751 5092 sub
770 5053 976 5090 sensum
999 5035 1192 5088 cadens
1220 5049 1322 5107 non
1339 5031 1510 5086 solum
1536 5027 1787 5107 imagines
1811 5039 1906 5107 αιιτ

401 5093 660 5178 θειοῖιιιη,
682 5109 770 5176 qui
789 5107 1205 5178 similitudinem
1221 5104 1315 5157 Dei
1336 5110 1542 5178 gerunt,
1559 5093 1786 5158 exhibet,
1812 5095 1903 5148 scd

398 5173 560 5240 ipsius
590 5173 748 5232 etiam
776 5178 868 5230 Dei
891 5194 909 5241 ;
941 5189 990 5231 et
1013 5192 1130 5245 qua:
1157 5175 1270 5244 ejus
1297 5173 1664 5241 proprietates.

401 5271 691 5342 Dionysius
719 5285 841 5340 cap.
875 5270 940 5324 i5
972 5268 1212 5324 (linteatis
1239 5267 1531 5320 hierarclm
1567 5264 1904 5335 Aggredien-

2010 4630 2258 4684 possunt.
2282 4616 2396 4671 Hac
2421 4618 2586 4686 igitur
2605 4634 2728 4674 cum
2753 4621 2804 4674 in
2833 4620 3035 4676 divinis
3053 4620 3279 4676 Litteris
3296 4624 3493 4677 eruditi
3509 4626 3604 4679 di-r
3638 4611 3648 4621 ’

2007 4709 2574 4773 ιΙίιιρνὶιιιμιταξίεδιεε·
2602 4712 2940 4793 substantias
2967 4729 3034 4768 ex
3074 4714 3196 4781 igne
3219 4716 3498 4784 clilugunt,
3533 4733 3563 4770 ιι
3576 4717 3612 4773 t'

2008 4799 2422 4854 siiiiiiituditieiii
2449 4801 2564 4863 Dei,
2594 4819 2714 4870 quae
2740 4804 2790 4856 iii
2819 4803 2925 4858 illis
2948 4805 3110 4868 inest,
3141 4814 3195 4859 ιί
3227 4807 3606 4868 imitationem,
3647 4827 3681 4870 τ.

2009 4890 2134 4944 item
2171 4891 2261 4946 Dei
2309 4904 2570 4960 quantum
2603 4894 2708 4947 illa:
2771 4911 2967 4965 capere
3001 4907 3250 4964 νοεειιιιι,
3293 4915 3597 4972 repraesen-

2012 4991 2145 5037 tent.
2182 4982 2394 5038 ltursus
2428 4985 2569 5039 ide-ni
2595 4985 2885 5058 Dionysius
2921 4989 2975 5042 iu
3013 4990 3248 5060 epistola
3281 4991 3350 5044 ad
3379 4989 3594 5046 Titum:

2017 5075 2234 5129 Etenim
2264 5091 2372 5132 non
2399 5078 2574 5133 solum
2596 5078 2821 5142 lumina.
2845 5095 2965 5151 qua:
2991 5091 3122 5140 sunt
3151 5099 3313 5156 supra
3336 5087 3597 5141 substan-
3654 5079 3695 5153 ἢ,

2019 5168 2181 5234 tiam,
2212 5178 2266 5223 ct
2297 5180 2479 5226 incute
2509 5173 2969 5243 contemplatur,
2995 5187 3049 5230 et
3078 5187 3139 5230 ut
3177 5179 3347 5233 senet
3387 5179 3594 5241 dicam,

2013 5259 2227 5322 divina,
2262 5262 2530 5334 symbolis
2573 5265 2644 5318 ad
2687 5267 3032 5335 ﬁgurandum
3061 5271 3468 5339 pertinentibus
3500 5284 3596 5324 va-

395 5433 448 5466 ”
505 5433 638 5489 Dan.
675 5451 767 5500 ru,
798 5433 871 5501 9,‘
926 5435 1031 5494 10;
1075 5434 1275 5490 Ezecli.
1311 5432 1398 5499 1'5,
1435 5431 1524 5498 Η,
1555 5429 1660 5497 27;
1691 5441 1810 5492 vni,
1844 5431 1914 5492 '2;
1946 5424 2138 5480 Matth.
2171 5441 2362 5495 ιιιγιιι,
2421 5426 2477 5480 3.

1814 5545 2090 5609 Scholia.

404 5684 480 5753 (Ι)
509 5683 898 5737 Tenuissimum
955 5697 1184 5738 resonat.
1243 5685 1428 5739 Grtrce
1472 5691 1556 5736 est
1597 5676 1907 5753 πολλοστὸν,

329 5750 476 5824 quod
499 5757 784 5809 Lucretius
811 5765 967 5822 poeta
999 5757 1304 5818 lininauus,
1331 5757 1428 5810 lib.
1456 5770 1532 5816 γι,
1562 5750 1728 5824 vertit
1761 5751 1906 5824 iuui-

341 5820 595 5881 tesiiiinin
644 5843 706 5878 ea
757 5820 827 5876 toi
846 5842 953 5886 ma,
987 5843 1090 5893 qua
1125 5828 1323 5879 dicitur
1368 5823 1752 5885 centesimum,
1785 5820 1906 5872 inil-

655 5919 932 5980 ΡΑτιιυι..
977 5923 1090 5980 Gtt.
1129 5921 1304 5986 CLII.

2020 5676 2291 5730 lesimum.
2323 5675 2604 5745 Signiﬁcat
2629 5675 3012 5731 tenuissimum
3041 5675 3129 5728 hic
3175 5671 3404 5728 extremi
3453 5673 3605 5745 soni,

2018 5755 2077 5799 ut
2112 5747 2160 5800 si
2190 5747 2332 5814 quis,
2365 5744 2544 5814 inquit
2594 5758 2817 5801 sanctus
2849 5747 3142 5807 Maximus,
3173 5759 3370 5812 magna
3395 5744 3602 5796 Vocife-

2019 5820 2232 5873 ratione
2255 5817 2460 5888 aliquid
2487 5817 2654 5882 dicat,
2684 5819 2773 5886 qui
2801 5825 2995 5881 astant,
3021 5825 3075 5870 ct
3111 5816 3248 5868 bene
3279 5817 3614 5881 clamorem,

3166 5911 3240 5973 27

3397 5988 3487 6004 .5.“-
