  <div class='ocr_page' id='page_1' title='image "/cluster/home/n/w/nwhite01/storage/ocr_20150623/152/coo.31924054870575/430.png"; bbox 0 0 4048 6428; ppageno 0'>
   <div class='ocr_carea' id='block_1_1' title="bbox 318 381 432 443">
    <p class='ocr_par' dir='ltr' id='par_1_1' title="bbox 318 381 432 443">
     <span class='ocr_line' id='line_1_1' title="bbox 318 381 432 443; baseline -0.009 0"><span class='ocrx_word' id='word_1_1' title='bbox 318 381 432 443; x_wconf 70' lang='grc'><strong>845</strong></span> 
     </span>
    </p>
   </div>
   <div class='ocr_carea' id='block_1_2' title="bbox 985 379 2917 446">
    <p class='ocr_par' dir='ltr' id='par_1_2' title="bbox 985 379 2917 446">
     <span class='ocr_line' id='line_1_2' title="bbox 985 379 2917 446; baseline 0 -4"><span class='ocrx_word' id='word_1_2' title='bbox 985 381 1222 442; x_wconf 77' lang='lat' dir='ltr'><strong>DECAS</strong></span> <span class='ocrx_word' id='word_1_3' title='bbox 1247 379 1346 442; x_wconf 73' lang='lat' dir='ltr'><strong>VI.</strong></span> <span class='ocrx_word' id='word_1_4' title='bbox 1382 404 1452 416; x_wconf 83' lang='grc'><strong><em>--</em></strong></span> <span class='ocrx_word' id='word_1_5' title='bbox 1483 379 1582 441; x_wconf 85' lang='lat' dir='ltr'><strong>DE</strong></span> <span class='ocrx_word' id='word_1_6' title='bbox 1611 379 2250 444; x_wconf 69' lang='lat' dir='ltr'><strong>AFPARITIONIBUS</strong></span> <span class='ocrx_word' id='word_1_7' title='bbox 2285 385 2530 446; x_wconf 76' lang='lat' dir='ltr'><strong>DIVI-NI</strong></span> <span class='ocrx_word' id='word_1_8' title='bbox 2565 382 2917 445; x_wconf 74' lang='lat' dir='ltr'><strong>LUMINIS-</strong></span> 
     </span>
    </p>
   </div>
   <div class='ocr_carea' id='block_1_3' title="bbox 3467 382 3574 446">
    <p class='ocr_par' dir='ltr' id='par_1_3' title="bbox 3467 382 3574 446">
     <span class='ocr_line' id='line_1_3' title="bbox 3467 382 3574 446; baseline 0.019 -2"><span class='ocrx_word' id='word_1_9' title='bbox 3467 382 3574 446; x_wconf 68' lang='grc' dir='ltr'><strong>Βᾱσ</strong></span> 
     </span>
    </p>
   </div>
   <div class='ocr_carea' id='block_1_4' title="bbox 324 491 3574 567">
    <p class='ocr_par' dir='ltr' id='par_1_4' title="bbox 324 491 3574 567">
     <span class='ocr_line' id='line_1_4' title="bbox 324 491 3574 567; baseline 0.003 -27"><span class='ocrx_word' id='word_1_10' title='bbox 324 491 684 559; x_wconf 66' lang='grc' dir='ltr'>ιινιψιιιὶ-ίηηα</span> <span class='ocrx_word' id='word_1_11' title='bbox 715 498 766 544; x_wconf 82' lang='lat' dir='ltr'><strong>et</strong></span> <span class='ocrx_word' id='word_1_12' title='bbox 821 491 1129 545; x_wconf 83' lang='lat' dir='ltr'><strong>ministerio</strong></span> <span class='ocrx_word' id='word_1_13' title='bbox 1184 492 1640 545; x_wconf 89' lang='lat' dir='ltr'><strong>illuminationem</strong></span> <span class='ocrx_word' id='word_1_14' title='bbox 1703 491 1888 548; x_wconf 88' lang='lat' dir='ltr'><strong>habet.</strong></span> <span class='ocrx_word' id='word_1_15' title='bbox 1921 495 1966 555; x_wconf 80' lang='grc' dir='ltr'>Α</span> <span class='ocrx_word' id='word_1_16' title='bbox 1998 493 2232 564; x_wconf 70' lang='lat' dir='ltr'><strong>Propter</strong></span> <span class='ocrx_word' id='word_1_17' title='bbox 2265 496 2386 559; x_wconf 87' lang='lat' dir='ltr'><strong>hoe,</strong></span> <span class='ocrx_word' id='word_1_18' title='bbox 2422 497 2520 560; x_wconf 99' lang='lat' dir='ltr'><strong>ait,</strong></span> <span class='ocrx_word' id='word_1_19' title='bbox 2569 511 2749 564; x_wconf 88' lang='lat' dir='ltr'><strong>neque</strong></span> <span class='ocrx_word' id='word_1_20' title='bbox 2811 495 3033 550; x_wconf 83' lang='lat' dir='ltr'><strong>nomina</strong></span> <span class='ocrx_word' id='word_1_21' title='bbox 3085 495 3220 550; x_wconf 72' lang='grc' dir='ltr'>ιίἰιίι</span> <span class='ocrx_word' id='word_1_22' title='bbox 3255 511 3443 551; x_wconf 80' lang='lat' dir='ltr'><strong>eorum</strong></span> <span class='ocrx_word' id='word_1_23' title='bbox 3477 501 3574 567; x_wconf 88' lang='lat' dir='ltr'><strong>qui</strong></span> 
     </span>
    </p>
   </div>
   <div class='ocr_carea' id='block_1_5' title="bbox 315 582 1893 652">
    <p class='ocr_par' dir='ltr' id='par_1_5' title="bbox 315 582 1893 652">
     <span class='ocr_line' id='line_1_5' title="bbox 315 582 1893 652; baseline 0 -16"><span class='ocrx_word' id='word_1_24' title='bbox 315 582 567 636; x_wconf 62' lang='lat' dir='ltr'><strong>Trlllllm</strong></span> <span class='ocrx_word' id='word_1_25' title='bbox 620 583 802 635; x_wconf 84' lang='lat' dir='ltr'><strong>lumen</strong></span> <span class='ocrx_word' id='word_1_26' title='bbox 841 593 923 635; x_wconf 89' lang='lat' dir='ltr'><strong>est</strong></span> <span class='ocrx_word' id='word_1_27' title='bbox 969 583 1153 644; x_wconf 88' lang='lat' dir='ltr'><strong>homo,</strong></span> <span class='ocrx_word' id='word_1_28' title='bbox 1187 583 1330 652; x_wconf 87' lang='lat' dir='ltr'><strong>quod</strong></span> <span class='ocrx_word' id='word_1_29' title='bbox 1389 583 1551 635; x_wconf 87' lang='lat' dir='ltr'><strong>etiam</strong></span> <span class='ocrx_word' id='word_1_30' title='bbox 1598 583 1893 650; x_wconf 65' lang='lat' dir='ltr'><strong>gentilibus</strong></span> 
     </span>
    </p>
   </div>
   <div class='ocr_carea' id='block_1_6' title="bbox 323 673 1894 741">
    <p class='ocr_par' dir='ltr' id='par_1_6' title="bbox 323 673 1894 741">
     <span class='ocr_line' id='line_1_6' title="bbox 323 673 1894 741; baseline 0 -14"><span class='ocrx_word' id='word_1_31' title='bbox 323 675 673 727; x_wconf 78' lang='lat' dir='ltr'><strong>manifesmm</strong></span> <span class='ocrx_word' id='word_1_32' title='bbox 705 684 788 727; x_wconf 72' lang='lat' dir='ltr'><strong>est</strong></span> <span class='ocrx_word' id='word_1_33' title='bbox 827 691 840 726; x_wconf 92' lang='lat'>:</span> <span class='ocrx_word' id='word_1_34' title='bbox 876 673 989 741; x_wconf 71' lang='grc' dir='ltr'><strong>φῶς</strong></span> <span class='ocrx_word' id='word_1_35' title='bbox 1025 675 1194 737; x_wconf 91' lang='lat' dir='ltr'><strong>enim,</strong></span> <span class='ocrx_word' id='word_1_36' title='bbox 1223 675 1275 728; x_wconf 91' lang='lat' dir='ltr'><strong>id</strong></span> <span class='ocrx_word' id='word_1_37' title='bbox 1318 682 1421 738; x_wconf 86' lang='lat' dir='ltr'><strong>est,</strong></span> <span class='ocrx_word' id='word_1_38' title='bbox 1454 675 1664 736; x_wconf 88' lang='lat' dir='ltr'><strong>lumen,</strong></span> <span class='ocrx_word' id='word_1_39' title='bbox 1718 675 1894 728; x_wconf 90' lang='lat' dir='ltr'><strong>nomi-</strong></span> 
     </span>
    </p>
   </div>
   <div class='ocr_carea' id='block_1_7' title="bbox 323 765 1893 836">
    <p class='ocr_par' dir='ltr' id='par_1_7' title="bbox 323 765 1893 836">
     <span class='ocr_line' id='line_1_7' title="bbox 323 765 1893 836; baseline 0.001 -17"><span class='ocrx_word' id='word_1_40' title='bbox 323 777 449 820; x_wconf 82' lang='lat' dir='ltr'><strong>rant</strong></span> <span class='ocrx_word' id='word_1_41' title='bbox 472 767 775 830; x_wconf 85' lang='lat' dir='ltr'><strong>hominem,</strong></span> <span class='ocrx_word' id='word_1_42' title='bbox 810 777 1031 835; x_wconf 76' lang='lat' dir='ltr'><strong>propter</strong></span> <span class='ocrx_word' id='word_1_43' title='bbox 1067 766 1375 820; x_wconf 77' lang='lat' dir='ltr'><strong>facultatem</strong></span> <span class='ocrx_word' id='word_1_44' title='bbox 1424 766 1651 820; x_wconf 78' lang='lat' dir='ltr'><strong>rationis</strong></span> <span class='ocrx_word' id='word_1_45' title='bbox 1681 780 1803 836; x_wconf 62' lang='lat' dir='ltr'><strong>quae</strong></span> <span class='ocrx_word' id='word_1_46' title='bbox 1839 765 1893 820; x_wconf 88' lang='lat' dir='ltr'><strong>in</strong></span> 
     </span>
    </p>
   </div>
   <div class='ocr_carea' id='block_1_8' title="bbox 317 858 1894 926">
    <p class='ocr_par' dir='ltr' id='par_1_8' title="bbox 317 858 1894 926">
     <span class='ocr_line' id='line_1_8' title="bbox 317 858 1894 926; baseline 0.001 -16"><span class='ocrx_word' id='word_1_47' title='bbox 317 859 478 912; x_wconf 72' lang='lat' dir='ltr'><strong>nobis</strong></span> <span class='ocrx_word' id='word_1_48' title='bbox 498 866 614 922; x_wconf 85' lang='lat' dir='ltr'><strong>est;</strong></span> <span class='ocrx_word' id='word_1_49' title='bbox 645 868 697 911; x_wconf 92' lang='lat' dir='ltr'><strong>et</strong></span> <span class='ocrx_word' id='word_1_50' title='bbox 723 873 914 911; x_wconf 85' lang='lat' dir='ltr'><strong>rursus</strong></span> <span class='ocrx_word' id='word_1_51' title='bbox 946 859 1038 926; x_wconf 90' lang='lat' dir='ltr'><strong>qui</strong></span> <span class='ocrx_word' id='word_1_52' title='bbox 1073 858 1180 913; x_wconf 84' lang='lat' dir='ltr'><strong>Deo</strong></span> <span class='ocrx_word' id='word_1_53' title='bbox 1198 871 1327 914; x_wconf 90' lang='lat' dir='ltr'><strong>sunt</strong></span> <span class='ocrx_word' id='word_1_54' title='bbox 1358 859 1676 920; x_wconf 88' lang='lat' dir='ltr'><strong>similiores.</strong></span> <span class='ocrx_word' id='word_1_55' title='bbox 1700 867 1752 913; x_wconf 91' lang='lat' dir='ltr'><strong>et</strong></span> <span class='ocrx_word' id='word_1_56' title='bbox 1779 873 1894 912; x_wconf 86' lang='lat' dir='ltr'><strong>ma-</strong></span> 
     </span>
    </p>
   </div>
   <div class='ocr_carea' id='block_1_9' title="bbox 319 949 1892 1018">
    <p class='ocr_par' dir='ltr' id='par_1_9' title="bbox 319 949 1892 1018">
     <span class='ocr_line' id='line_1_9' title="bbox 319 949 1892 1018; baseline 0.003 -19"><span class='ocrx_word' id='word_1_57' title='bbox 319 950 398 1018; x_wconf 73' lang='lat' dir='ltr'><strong>gis</strong></span> <span class='ocrx_word' id='word_1_58' title='bbox 429 964 592 1018; x_wconf 87' lang='lat' dir='ltr'><strong>quam</strong></span> <span class='ocrx_word' id='word_1_59' title='bbox 634 964 734 1002; x_wconf 90' lang='lat' dir='ltr'><strong>nos</strong></span> <span class='ocrx_word' id='word_1_60' title='bbox 766 950 868 1018; x_wconf 84' lang='lat' dir='ltr'><strong>ipsi</strong></span> <span class='ocrx_word' id='word_1_61' title='bbox 922 950 1113 1004; x_wconf 88' lang='lat' dir='ltr'><strong>vicini.</strong></span> <span class='ocrx_word' id='word_1_62' title='bbox 1147 949 1276 1006; x_wconf 87' lang='lat' dir='ltr'><strong>Scio</strong></span> <span class='ocrx_word' id='word_1_63' title='bbox 1305 950 1470 1004; x_wconf 89' lang='lat' dir='ltr'><strong>etiam</strong></span> <span class='ocrx_word' id='word_1_64' title='bbox 1503 949 1649 1002; x_wconf 82' lang='lat' dir='ltr'><strong>aliud</strong></span> <span class='ocrx_word' id='word_1_65' title='bbox 1709 950 1892 1004; x_wconf 81' lang='lat' dir='ltr'><strong>lumen</strong></span> 
     </span>
    </p>
   </div>
   <div class='ocr_carea' id='block_1_10' title="bbox 313 1042 1897 1114">
    <p class='ocr_par' dir='ltr' id='par_1_10' title="bbox 313 1042 1897 1114">
     <span class='ocr_line' id='line_1_10' title="bbox 313 1042 1897 1114; baseline 0.001 -18"><span class='ocrx_word' id='word_1_66' title='bbox 313 1058 461 1105; x_wconf 83' lang='lat' dir='ltr'><strong>esse,</strong></span> <span class='ocrx_word' id='word_1_67' title='bbox 499 1059 608 1111; x_wconf 91' lang='lat' dir='ltr'><strong>quo</strong></span> <span class='ocrx_word' id='word_1_68' title='bbox 637 1042 739 1095; x_wconf 67' lang='lat' dir='ltr'><strong>ilice</strong></span> <span class='ocrx_word' id='word_1_69' title='bbox 770 1043 960 1112; x_wconf 75' lang='lat' dir='ltr'><strong>prima:</strong></span> <span class='ocrx_word' id='word_1_70' title='bbox 989 1049 1107 1112; x_wconf 81' lang='lat' dir='ltr'><strong>qu:e</strong></span> <span class='ocrx_word' id='word_1_71' title='bbox 1137 1053 1444 1107; x_wconf 67' lang='lat' dir='ltr'><strong>creuerunt,</strong></span> <span class='ocrx_word' id='word_1_72' title='bbox 1473 1043 1706 1097; x_wconf 58' lang='lat' dir='ltr'><strong>tenebras</strong></span> <span class='ocrx_word' id='word_1_73' title='bbox 1729 1043 1897 1114; x_wconf 71' lang='lat' dir='ltr'><strong>pulsa:</strong></span> 
     </span>
    </p>
   </div>
   <div class='ocr_carea' id='block_1_11' title="bbox 316 1134 1894 1204">
    <p class='ocr_par' dir='ltr' id='par_1_11' title="bbox 316 1134 1894 1204">
     <span class='ocr_line' id='line_1_11' title="bbox 316 1134 1894 1204; baseline 0.001 -16"><span class='ocrx_word' id='word_1_74' title='bbox 316 1143 471 1196; x_wconf 87' lang='lat' dir='ltr'><strong>sunt,</strong></span> <span class='ocrx_word' id='word_1_75' title='bbox 506 1134 586 1186; x_wconf 87' lang='lat' dir='ltr'><strong>vel</strong></span> <span class='ocrx_word' id='word_1_76' title='bbox 625 1134 928 1203; x_wconf 79' lang='lat' dir='ltr'><strong>diremptae,</strong></span> <span class='ocrx_word' id='word_1_77' title='bbox 993 1137 1134 1204; x_wconf 89' lang='lat' dir='ltr'><strong>quod</strong></span> <span class='ocrx_word' id='word_1_78' title='bbox 1167 1143 1292 1190; x_wconf 88' lang='lat' dir='ltr'><strong>ante</strong></span> <span class='ocrx_word' id='word_1_79' title='bbox 1323 1149 1542 1189; x_wconf 91' lang='lat' dir='ltr'><strong>onmem</strong></span> <span class='ocrx_word' id='word_1_80' title='bbox 1581 1145 1894 1190; x_wconf 89' lang='lat' dir='ltr'><strong>creaturam</strong></span> 
     </span>
    </p>
   </div>
   <div class='ocr_carea' id='block_1_12' title="bbox 320 1223 1893 1292">
    <p class='ocr_par' dir='ltr' id='par_1_12' title="bbox 320 1223 1893 1292">
     <span class='ocr_line' id='line_1_12' title="bbox 320 1223 1893 1292; baseline 0.003 -17"><span class='ocrx_word' id='word_1_81' title='bbox 320 1225 710 1292; x_wconf 64' lang='lat' dir='ltr'><strong>inspectabilem</strong></span> <span class='ocrx_word' id='word_1_82' title='bbox 747 1223 954 1279; x_wconf 67' lang='lat' dir='ltr'><strong>(aetum</strong></span> <span class='ocrx_word' id='word_1_83' title='bbox 995 1237 1098 1291; x_wconf 84' lang='lat' dir='ltr'><strong>est;</strong></span> <span class='ocrx_word' id='word_1_84' title='bbox 1147 1235 1200 1280; x_wconf 91' lang='lat' dir='ltr'><strong>et</strong></span> <span class='ocrx_word' id='word_1_85' title='bbox 1256 1227 1546 1282; x_wconf 86' lang='lat' dir='ltr'><strong>circuitum</strong></span> <span class='ocrx_word' id='word_1_86' title='bbox 1605 1228 1893 1281; x_wconf 89' lang='lat' dir='ltr'><strong>rotundum</strong></span> 
     </span>
    </p>
   </div>
   <div class='ocr_carea' id='block_1_13' title="bbox 319 1317 1896 1388">
    <p class='ocr_par' dir='ltr' id='par_1_13' title="bbox 319 1317 1896 1388">
     <span class='ocr_line' id='line_1_13' title="bbox 319 1317 1896 1388; baseline 0 -16"><span class='ocrx_word' id='word_1_87' title='bbox 319 1319 630 1382; x_wconf 66' lang='lat' dir='ltr'><strong>stellarum,</strong></span> <span class='ocrx_word' id='word_1_88' title='bbox 697 1326 749 1371; x_wconf 90' lang='lat' dir='ltr'><strong>et</strong></span> <span class='ocrx_word' id='word_1_89' title='bbox 787 1317 938 1371; x_wconf 88' lang='lat' dir='ltr'><strong>illum</strong></span> <span class='ocrx_word' id='word_1_90' title='bbox 993 1318 1358 1387; x_wconf 81' lang='lat' dir='ltr'><strong>splendorem,</strong></span> <span class='ocrx_word' id='word_1_91' title='bbox 1413 1333 1443 1372; x_wconf 91' lang='lat' dir='ltr'><strong>a</strong></span> <span class='ocrx_word' id='word_1_92' title='bbox 1503 1333 1614 1388; x_wconf 91' lang='lat' dir='ltr'><strong>quo</strong></span> <span class='ocrx_word' id='word_1_93' title='bbox 1659 1332 1896 1387; x_wconf 87' lang='lat' dir='ltr'><strong>superne</strong></span> 
     </span>
    </p>
   </div>
   <div class='ocr_carea' id='block_1_14' title="bbox 319 1409 1894 1480">
    <p class='ocr_par' dir='ltr' id='par_1_14' title="bbox 319 1409 1894 1480">
     <span class='ocr_line' id='line_1_14' title="bbox 319 1409 1894 1480; baseline 0 -17"><span class='ocrx_word' id='word_1_94' title='bbox 319 1425 612 1464; x_wconf 85' lang='lat' dir='ltr'><strong>nn.versus</strong></span> <span class='ocrx_word' id='word_1_95' title='bbox 665 1411 903 1464; x_wconf 88' lang='lat' dir='ltr'><strong>mundus</strong></span> <span class='ocrx_word' id='word_1_96' title='bbox 957 1410 1215 1464; x_wconf 86' lang='lat' dir='ltr'><strong>collucet.</strong></span> <span class='ocrx_word' id='word_1_97' title='bbox 1255 1409 1466 1465; x_wconf 91' lang='lat' dir='ltr'><strong>Lumen</strong></span> <span class='ocrx_word' id='word_1_98' title='bbox 1507 1409 1729 1480; x_wconf 88' lang='lat' dir='ltr'><strong>quidem</strong></span> <span class='ocrx_word' id='word_1_99' title='bbox 1763 1409 1894 1463; x_wconf 89' lang='lat' dir='ltr'><strong>illud</strong></span> 
     </span>
    </p>
   </div>
   <div class='ocr_carea' id='block_1_15' title="bbox 325 1500 1896 1569">
    <p class='ocr_par' dir='ltr' id='par_1_15' title="bbox 325 1500 1896 1569">
     <span class='ocr_line' id='line_1_15' title="bbox 325 1500 1896 1569; baseline 0.001 -17"><span class='ocrx_word' id='word_1_100' title='bbox 325 1511 442 1553; x_wconf 88' lang='lat' dir='ltr'><strong>erat</strong></span> <span class='ocrx_word' id='word_1_101' title='bbox 466 1501 698 1568; x_wconf 82' lang='lat' dir='ltr'><strong>primum</strong></span> <span class='ocrx_word' id='word_1_102' title='bbox 722 1500 1032 1553; x_wconf 82' lang='lat' dir='ltr'><strong>mandatum</strong></span> <span class='ocrx_word' id='word_1_103' title='bbox 1055 1502 1231 1568; x_wconf 89' lang='lat' dir='ltr'><strong>primo</strong></span> <span class='ocrx_word' id='word_1_104' title='bbox 1261 1501 1464 1554; x_wconf 85' lang='lat' dir='ltr'><strong>homini</strong></span> <span class='ocrx_word' id='word_1_105' title='bbox 1486 1501 1667 1554; x_wconf 89' lang='lat' dir='ltr'><strong>datum</strong></span> <span class='ocrx_word' id='word_1_106' title='bbox 1689 1519 1702 1566; x_wconf 90' lang='lat'><strong>;</strong></span> <span class='ocrx_word' id='word_1_107' title='bbox 1725 1514 1896 1569; x_wconf 87' lang='lat' dir='ltr'><strong>quan-</strong></span> 
     </span>
    </p>
   </div>
   <div class='ocr_carea' id='block_1_16' title="bbox 325 1593 1896 1664">
    <p class='ocr_par' dir='ltr' id='par_1_16' title="bbox 325 1593 1896 1664">
     <span class='ocr_line' id='line_1_16' title="bbox 325 1593 1896 1664; baseline 0.001 -18"><span class='ocrx_word' id='word_1_108' title='bbox 325 1593 395 1646; x_wconf 88' lang='lat' dir='ltr'><strong>do</strong></span> <span class='ocrx_word' id='word_1_109' title='bbox 415 1593 631 1660; x_wconf 86' lang='lat' dir='ltr'><strong>quidem</strong></span> <span class='ocrx_word' id='word_1_110' title='bbox 659 1593 877 1646; x_wconf 83' lang='lat' dir='ltr'><strong>lucerna</strong></span> <span class='ocrx_word' id='word_1_111' title='bbox 905 1603 988 1646; x_wconf 88' lang='lat' dir='ltr'><strong>est</strong></span> <span class='ocrx_word' id='word_1_112' title='bbox 1017 1595 1329 1648; x_wconf 57' lang='lat' dir='ltr'><strong>t‘uamlalum</strong></span> <span class='ocrx_word' id='word_1_113' title='bbox 1361 1594 1581 1664; x_wconf 80' lang='lat' dir='ltr'><strong>legis,et</strong></span> <span class='ocrx_word' id='word_1_114' title='bbox 1605 1595 1809 1660; x_wconf 90' lang='lat' dir='ltr'><strong>lumen,</strong></span> <span class='ocrx_word' id='word_1_115' title='bbox 1843 1604 1896 1648; x_wconf 92' lang='lat' dir='ltr'><strong>et</strong></span> 
     </span>
    </p>
   </div>
   <div class='ocr_carea' id='block_1_17' title="bbox 324 1686 1894 1756">
    <p class='ocr_par' dir='ltr' id='par_1_17' title="bbox 324 1686 1894 1756">
     <span class='ocr_line' id='line_1_17' title="bbox 324 1686 1894 1756; baseline 0.003 -21"><span class='ocrx_word' id='word_1_116' title='bbox 324 1687 452 1754; x_wconf 85' lang='lat' dir='ltr'><strong>quia</strong></span> <span class='ocrx_word' id='word_1_117' title='bbox 478 1687 658 1738; x_wconf 86' lang='lat' dir='ltr'><strong>lumen</strong></span> <span class='ocrx_word' id='word_1_118' title='bbox 685 1696 810 1740; x_wconf 82' lang='lat' dir='ltr'><strong>sunt</strong></span> <span class='ocrx_word' id='word_1_119' title='bbox 841 1698 1106 1755; x_wconf 79' lang='lat' dir='ltr'><strong>praecepta</strong></span> <span class='ocrx_word' id='word_1_120' title='bbox 1129 1696 1218 1740; x_wconf 92' lang='lat' dir='ltr'><strong>tua</strong></span> <span class='ocrx_word' id='word_1_121' title='bbox 1248 1702 1410 1756; x_wconf 84' lang='lat' dir='ltr'><strong>super</strong></span> <span class='ocrx_word' id='word_1_122' title='bbox 1425 1696 1648 1754; x_wconf 85' lang='lat' dir='ltr'><strong>terram;</strong></span> <span class='ocrx_word' id='word_1_123' title='bbox 1679 1686 1894 1741; x_wconf 84' lang='lat' dir='ltr'><strong>tametsi</strong></span> 
     </span>
    </p>
   </div>
   <div class='ocr_carea' id='block_1_18' title="bbox 333 1777 1886 1848">
    <p class='ocr_par' dir='ltr' id='par_1_18' title="bbox 333 1777 1886 1848">
     <span class='ocr_line' id='line_1_18' title="bbox 333 1777 1886 1848; baseline 0.003 -20"><span class='ocrx_word' id='word_1_124' title='bbox 333 1777 516 1830; x_wconf 79' lang='lat' dir='ltr'><strong>invida</strong></span> <span class='ocrx_word' id='word_1_125' title='bbox 552 1778 795 1840; x_wconf 85' lang='lat' dir='ltr'><strong>tenebra,</strong></span> <span class='ocrx_word' id='word_1_126' title='bbox 828 1794 949 1846; x_wconf 77' lang='lat' dir='ltr'><strong>qua:</strong></span> <span class='ocrx_word' id='word_1_127' title='bbox 1003 1778 1244 1846; x_wconf 77' lang='lat' dir='ltr'><strong>irrepsit,</strong></span> <span class='ocrx_word' id='word_1_128' title='bbox 1301 1780 1596 1848; x_wconf 73' lang='lat' dir='ltr'><strong>nequitiam</strong></span> <span class='ocrx_word' id='word_1_129' title='bbox 1659 1781 1886 1834; x_wconf 87' lang='lat' dir='ltr'><strong>creavit.</strong></span> 
     </span>
    </p>
   </div>
   <div class='ocr_carea' id='block_1_19' title="bbox 326 1866 1886 1939">
    <p class='ocr_par' dir='ltr' id='par_1_19' title="bbox 326 1866 1886 1939">
     <span class='ocr_line' id='line_1_19' title="bbox 326 1866 1886 1939; baseline 0.002 -19"><span class='ocrx_word' id='word_1_130' title='bbox 326 1866 535 1920; x_wconf 92' lang='lat' dir='ltr'><strong>Lumen</strong></span> <span class='ocrx_word' id='word_1_131' title='bbox 573 1883 700 1921; x_wconf 90' lang='lat' dir='ltr'><strong>vero</strong></span> <span class='ocrx_word' id='word_1_132' title='bbox 745 1871 1010 1939; x_wconf 75' lang='lat' dir='ltr'><strong>typit-mn,</strong></span> <span class='ocrx_word' id='word_1_133' title='bbox 1041 1875 1097 1923; x_wconf 87' lang='lat' dir='ltr'><strong>et</strong></span> <span class='ocrx_word' id='word_1_134' title='bbox 1123 1883 1350 1939; x_wconf 80' lang='lat' dir='ltr'><strong>eotupar</strong></span> <span class='ocrx_word' id='word_1_135' title='bbox 1390 1868 1458 1924; x_wconf 91' lang='lat' dir='ltr'><strong>iis</strong></span> <span class='ocrx_word' id='word_1_136' title='bbox 1487 1871 1576 1937; x_wconf 85' lang='lat' dir='ltr'><strong>qui</strong></span> <span class='ocrx_word' id='word_1_137' title='bbox 1607 1869 1736 1923; x_wconf 87' lang='lat' dir='ltr'><strong>illud</strong></span> <span class='ocrx_word' id='word_1_138' title='bbox 1763 1885 1886 1924; x_wconf 84' lang='lat' dir='ltr'><strong>sus-</strong></span> 
     </span>
    </p>
   </div>
   <div class='ocr_carea' id='block_1_20' title="bbox 323 1960 1893 2030">
    <p class='ocr_par' dir='ltr' id='par_1_20' title="bbox 323 1960 1893 2030">
     <span class='ocr_line' id='line_1_20' title="bbox 323 1960 1893 2030; baseline 0.002 -17"><span class='ocrx_word' id='word_1_139' title='bbox 323 1960 619 2028; x_wconf 68' lang='lat' dir='ltr'><strong>cipiebant,</strong></span> <span class='ocrx_word' id='word_1_140' title='bbox 678 1961 762 2014; x_wconf 82' lang='lat' dir='ltr'><strong>lex</strong></span> <span class='ocrx_word' id='word_1_141' title='bbox 799 1962 997 2030; x_wconf 84' lang='lat' dir='ltr'><strong>scripta</strong></span> <span class='ocrx_word' id='word_1_142' title='bbox 1021 1969 1160 2025; x_wconf 84' lang='lat' dir='ltr'><strong>erat,</strong></span> <span class='ocrx_word' id='word_1_143' title='bbox 1189 1977 1309 2030; x_wconf 68' lang='lat' dir='ltr'><strong>qua:</strong></span> <span class='ocrx_word' id='word_1_144' title='bbox 1327 1962 1610 2016; x_wconf 83' lang='lat' dir='ltr'><strong>veritatem</strong></span> <span class='ocrx_word' id='word_1_145' title='bbox 1639 1971 1692 2015; x_wconf 92' lang='lat' dir='ltr'><strong>et</strong></span> <span class='ocrx_word' id='word_1_146' title='bbox 1711 1961 1893 2030; x_wconf 75' lang='lat' dir='ltr'><strong>magni</strong></span> 
     </span>
    </p>
   </div>
   <div class='ocr_carea' id='block_1_21' title="bbox 321 2050 1895 2123">
    <p class='ocr_par' dir='ltr' id='par_1_21' title="bbox 321 2050 1895 2123">
     <span class='ocr_line' id='line_1_21' title="bbox 321 2050 1895 2123; baseline 0.004 -20"><span class='ocrx_word' id='word_1_147' title='bbox 321 2050 544 2104; x_wconf 77' lang='lat' dir='ltr'><strong>luminis</strong></span> <span class='ocrx_word' id='word_1_148' title='bbox 582 2052 896 2122; x_wconf 75' lang='lat' dir='ltr'><strong>mysterium</strong></span> <span class='ocrx_word' id='word_1_149' title='bbox 929 2052 1314 2118; x_wconf 77' lang='lat' dir='ltr'><strong>alumbrabat;</strong></span> <span class='ocrx_word' id='word_1_150' title='bbox 1345 2053 1612 2123; x_wconf 87' lang='lat' dir='ltr'><strong>siquidem</strong></span> <span class='ocrx_word' id='word_1_151' title='bbox 1645 2061 1699 2107; x_wconf 87' lang='lat' dir='ltr'><strong>et</strong></span> <span class='ocrx_word' id='word_1_152' title='bbox 1729 2052 1895 2109; x_wconf 78' lang='lat' dir='ltr'><strong>facies</strong></span> 
     </span>
    </p>
   </div>
   <div class='ocr_carea' id='block_1_22' title="bbox 322 2137 1895 2213">
    <p class='ocr_par' dir='ltr' id='par_1_22' title="bbox 322 2137 1895 2213">
     <span class='ocr_line' id='line_1_22' title="bbox 322 2137 1895 2213; baseline 0.006 -23"><span class='ocrx_word' id='word_1_153' title='bbox 322 2137 524 2205; x_wconf 82' lang='lat' dir='ltr'><strong>Moysis</strong></span> <span class='ocrx_word' id='word_1_154' title='bbox 557 2140 659 2194; x_wconf 89' lang='lat' dir='ltr'><strong>hoc</strong></span> <span class='ocrx_word' id='word_1_155' title='bbox 691 2141 895 2196; x_wconf 91' lang='lat' dir='ltr'><strong>lumine</strong></span> <span class='ocrx_word' id='word_1_156' title='bbox 926 2143 1282 2209; x_wconf 82' lang='lat' dir='ltr'><strong>splendescit.</strong></span> <span class='ocrx_word' id='word_1_157' title='bbox 1321 2141 1386 2195; x_wconf 89' lang='lat' dir='ltr'><strong>Et</strong></span> <span class='ocrx_word' id='word_1_158' title='bbox 1417 2153 1476 2197; x_wconf 93' lang='lat' dir='ltr'><strong>ut</strong></span> <span class='ocrx_word' id='word_1_159' title='bbox 1513 2143 1582 2197; x_wconf 89' lang='lat' dir='ltr'><strong>de</strong></span> <span class='ocrx_word' id='word_1_160' title='bbox 1645 2143 1895 2213; x_wconf 88' lang='lat' dir='ltr'><strong>pluribus</strong></span> 
     </span>
    </p>
   </div>
   <div class='ocr_carea' id='block_1_23' title="bbox 319 2230 1892 2306">
    <p class='ocr_par' dir='ltr' id='par_1_23' title="bbox 319 2230 1892 2306">
     <span class='ocr_line' id='line_1_23' title="bbox 319 2230 1892 2306; baseline 0.004 -24"><span class='ocrx_word' id='word_1_161' title='bbox 319 2230 622 2284; x_wconf 85' lang='lat' dir='ltr'><strong>luminibus</strong></span> <span class='ocrx_word' id='word_1_162' title='bbox 646 2231 956 2300; x_wconf 82' lang='lat' dir='ltr'><strong>loquamur,</strong></span> <span class='ocrx_word' id='word_1_163' title='bbox 977 2233 1156 2286; x_wconf 86' lang='lat' dir='ltr'><strong>lumen</strong></span> <span class='ocrx_word' id='word_1_164' title='bbox 1183 2233 1402 2302; x_wconf 85' lang='lat' dir='ltr'><strong>quidem</strong></span> <span class='ocrx_word' id='word_1_165' title='bbox 1429 2234 1705 2304; x_wconf 83' lang='lat' dir='ltr'><strong>eratquod</strong></span> <span class='ocrx_word' id='word_1_166' title='bbox 1723 2233 1892 2306; x_wconf 80' lang='lat' dir='ltr'><strong>Moysi</strong></span> 
     </span>
    </p>
   </div>
   <div class='ocr_carea' id='block_1_24' title="bbox 319 2322 1890 2392">
    <p class='ocr_par' dir='ltr' id='par_1_24' title="bbox 319 2322 1890 2392">
     <span class='ocr_line' id='line_1_24' title="bbox 319 2322 1890 2392; baseline 0.004 -18"><span class='ocrx_word' id='word_1_167' title='bbox 319 2337 387 2376; x_wconf 82' lang='lat' dir='ltr'><strong>ex</strong></span> <span class='ocrx_word' id='word_1_168' title='bbox 428 2322 551 2392; x_wconf 83' lang='lat' dir='ltr'><strong>igne</strong></span> <span class='ocrx_word' id='word_1_169' title='bbox 584 2323 857 2391; x_wconf 86' lang='lat' dir='ltr'><strong>apparuit,</strong></span> <span class='ocrx_word' id='word_1_170' title='bbox 885 2338 1006 2376; x_wconf 91' lang='lat' dir='ltr'><strong>eum</strong></span> <span class='ocrx_word' id='word_1_171' title='bbox 1034 2324 1261 2378; x_wconf 83' lang='lat' dir='ltr'><strong>ardebat</strong></span> <span class='ocrx_word' id='word_1_172' title='bbox 1293 2325 1484 2389; x_wconf 90' lang='lat' dir='ltr'><strong>rubus,</strong></span> <span class='ocrx_word' id='word_1_173' title='bbox 1513 2336 1565 2380; x_wconf 90' lang='lat' dir='ltr'><strong>et</strong></span> <span class='ocrx_word' id='word_1_174' title='bbox 1596 2341 1703 2380; x_wconf 93' lang='lat' dir='ltr'><strong>non</strong></span> <span class='ocrx_word' id='word_1_175' title='bbox 1739 2342 1890 2382; x_wconf 86' lang='lat' dir='ltr'><strong>eom-</strong></span> 
     </span>
    </p>
   </div>
   <div class='ocr_carea' id='block_1_25' title="bbox 322 2413 1892 2488">
    <p class='ocr_par' dir='ltr' id='par_1_25' title="bbox 322 2413 1892 2488">
     <span class='ocr_line' id='line_1_25' title="bbox 322 2413 1892 2488; baseline 0.004 -22"><span class='ocrx_word' id='word_1_176' title='bbox 322 2413 644 2476; x_wconf 85' lang='lat' dir='ltr'><strong>bnrehatur,</strong></span> <span class='ocrx_word' id='word_1_177' title='bbox 681 2424 741 2467; x_wconf 94' lang='lat' dir='ltr'><strong>ut</strong></span> <span class='ocrx_word' id='word_1_178' title='bbox 784 2425 1032 2468; x_wconf 88' lang='lat' dir='ltr'><strong>naturam</strong></span> <span class='ocrx_word' id='word_1_179' title='bbox 1094 2419 1439 2478; x_wconf 80' lang='lat' dir='ltr'><strong>ostenderet.</strong></span> <span class='ocrx_word' id='word_1_180' title='bbox 1488 2427 1541 2472; x_wconf 90' lang='lat' dir='ltr'><strong>et</strong></span> <span class='ocrx_word' id='word_1_181' title='bbox 1591 2419 1892 2488; x_wconf 84' lang='lat' dir='ltr'><strong>potentiam</strong></span> 
     </span>
    </p>
   </div>
   <div class='ocr_carea' id='block_1_26' title="bbox 321 2503 1890 2580">
    <p class='ocr_par' dir='ltr' id='par_1_26' title="bbox 321 2503 1890 2580">
     <span class='ocr_line' id='line_1_26' title="bbox 321 2503 1890 2580; baseline 0.004 -23"><span class='ocrx_word' id='word_1_182' title='bbox 321 2503 560 2557; x_wconf 80' lang='lat' dir='ltr'><strong>divinam</strong></span> <span class='ocrx_word' id='word_1_183' title='bbox 598 2505 924 2560; x_wconf 80' lang='lat' dir='ltr'><strong>detlararet.</strong></span> <span class='ocrx_word' id='word_1_184' title='bbox 971 2504 1176 2559; x_wconf 87' lang='lat' dir='ltr'><strong>Lumen</strong></span> <span class='ocrx_word' id='word_1_185' title='bbox 1227 2506 1423 2561; x_wconf 76' lang='lat' dir='ltr'><strong>deinde</strong></span> <span class='ocrx_word' id='word_1_186' title='bbox 1452 2520 1592 2570; x_wconf 88' lang='lat' dir='ltr'><strong>erat,</strong></span> <span class='ocrx_word' id='word_1_187' title='bbox 1645 2510 1790 2580; x_wconf 91' lang='lat' dir='ltr'><strong>quod</strong></span> <span class='ocrx_word' id='word_1_188' title='bbox 1839 2511 1890 2564; x_wconf 90' lang='lat' dir='ltr'><strong>in</strong></span> 
     </span>
    </p>
   </div>
   <div class='ocr_carea' id='block_1_27' title="bbox 323 2595 1889 2670">
    <p class='ocr_par' dir='ltr' id='par_1_27' title="bbox 323 2595 1889 2670">
     <span class='ocr_line' id='line_1_27' title="bbox 323 2595 1889 2670; baseline 0.004 -22"><span class='ocrx_word' id='word_1_189' title='bbox 323 2595 573 2648; x_wconf 83' lang='lat' dir='ltr'><strong>columna</strong></span> <span class='ocrx_word' id='word_1_190' title='bbox 610 2596 748 2664; x_wconf 79' lang='lat' dir='ltr'><strong>ignis</strong></span> <span class='ocrx_word' id='word_1_191' title='bbox 783 2598 982 2665; x_wconf 84' lang='lat' dir='ltr'><strong>populo</strong></span> <span class='ocrx_word' id='word_1_192' title='bbox 1014 2597 1324 2653; x_wconf 88' lang='lat' dir='ltr'><strong>lsraeletico</strong></span> <span class='ocrx_word' id='word_1_193' title='bbox 1357 2601 1412 2654; x_wconf 89' lang='lat' dir='ltr'><strong>in</strong></span> <span class='ocrx_word' id='word_1_194' title='bbox 1482 2602 1563 2654; x_wconf 88' lang='lat' dir='ltr'><strong>via</strong></span> <span class='ocrx_word' id='word_1_195' title='bbox 1632 2613 1889 2670; x_wconf 84' lang='lat' dir='ltr'><strong>tanquam</strong></span> 
     </span>
    </p>
   </div>
   <div class='ocr_carea' id='block_1_28' title="bbox 325 2685 1890 2763">
    <p class='ocr_par' dir='ltr' id='par_1_28' title="bbox 325 2685 1890 2763">
     <span class='ocr_line' id='line_1_28' title="bbox 325 2685 1890 2763; baseline 0.006 -26"><span class='ocrx_word' id='word_1_196' title='bbox 325 2685 431 2737; x_wconf 78' lang='lat' dir='ltr'><strong>dux</strong></span> <span class='ocrx_word' id='word_1_197' title='bbox 468 2688 712 2755; x_wconf 70' lang='lat' dir='ltr'><strong>praeibat,</strong></span> <span class='ocrx_word' id='word_1_198' title='bbox 747 2700 800 2742; x_wconf 90' lang='lat' dir='ltr'><strong>et</strong></span> <span class='ocrx_word' id='word_1_199' title='bbox 837 2689 1151 2743; x_wconf 82' lang='lat' dir='ltr'><strong>solitudinis</strong></span> <span class='ocrx_word' id='word_1_200' title='bbox 1183 2692 1530 2758; x_wconf 83' lang='lat' dir='ltr'><strong>aSperitatem</strong></span> <span class='ocrx_word' id='word_1_201' title='bbox 1582 2687 1890 2763; x_wconf 65' lang='lat' dir='ltr'><strong>mitigabat.</strong></span> 
     </span>
    </p>
   </div>
   <div class='ocr_carea' id='block_1_29' title="bbox 338 2776 1895 2854">
    <p class='ocr_par' dir='ltr' id='par_1_29' title="bbox 338 2776 1895 2854">
     <span class='ocr_line' id='line_1_29' title="bbox 338 2776 1895 2854; baseline 0.007 -25"><span class='ocrx_word' id='word_1_202' title='bbox 338 2776 545 2832; x_wconf 84' lang='lat' dir='ltr'><strong>Lumen</strong></span> <span class='ocrx_word' id='word_1_203' title='bbox 578 2781 728 2845; x_wconf 86' lang='lat' dir='ltr'><strong>item,</strong></span> <span class='ocrx_word' id='word_1_204' title='bbox 757 2781 899 2851; x_wconf 89' lang='lat' dir='ltr'><strong>quod</strong></span> <span class='ocrx_word' id='word_1_205' title='bbox 926 2781 1096 2835; x_wconf 87' lang='lat' dir='ltr'><strong>Eliam</strong></span> <span class='ocrx_word' id='word_1_206' title='bbox 1133 2781 1183 2835; x_wconf 92' lang='lat' dir='ltr'><strong>in</strong></span> <span class='ocrx_word' id='word_1_207' title='bbox 1218 2799 1380 2838; x_wconf 89' lang='lat' dir='ltr'><strong>curru</strong></span> <span class='ocrx_word' id='word_1_208' title='bbox 1416 2784 1574 2854; x_wconf 79' lang='lat' dir='ltr'><strong>igneo</strong></span> <span class='ocrx_word' id='word_1_209' title='bbox 1599 2787 1798 2854; x_wconf 88' lang='lat' dir='ltr'><strong>rapuit,</strong></span> <span class='ocrx_word' id='word_1_210' title='bbox 1841 2796 1895 2840; x_wconf 91' lang='lat' dir='ltr'><strong>et</strong></span> 
     </span>
    </p>
   </div>
   <div class='ocr_carea' id='block_1_30' title="bbox 320 2873 1894 2948">
    <p class='ocr_par' dir='ltr' id='par_1_30' title="bbox 320 2873 1894 2948">
     <span class='ocr_line' id='line_1_30' title="bbox 320 2873 1894 2948; baseline 0.006 -25"><span class='ocrx_word' id='word_1_211' title='bbox 320 2879 536 2940; x_wconf 86' lang='lat' dir='ltr'><strong>raptum</strong></span> <span class='ocrx_word' id='word_1_212' title='bbox 585 2887 693 2926; x_wconf 91' lang='lat' dir='ltr'><strong>non</strong></span> <span class='ocrx_word' id='word_1_213' title='bbox 734 2873 1058 2930; x_wconf 87' lang='lat' dir='ltr'><strong>combussit.</strong></span> <span class='ocrx_word' id='word_1_214' title='bbox 1103 2875 1306 2930; x_wconf 86' lang='lat' dir='ltr'><strong>Lumen</strong></span> <span class='ocrx_word' id='word_1_215' title='bbox 1338 2886 1602 2946; x_wconf 78' lang='lat' dir='ltr'><strong>pra-terea</strong></span> <span class='ocrx_word' id='word_1_216' title='bbox 1627 2879 1768 2947; x_wconf 91' lang='lat' dir='ltr'><strong>quod</strong></span> <span class='ocrx_word' id='word_1_217' title='bbox 1801 2895 1894 2948; x_wconf 87' lang='lat' dir='ltr'><strong>pa-</strong></span> 
     </span>
    </p>
   </div>
   <div class='ocr_carea' id='block_1_31' title="bbox 327 2961 1894 3032">
    <p class='ocr_par' dir='ltr' id='par_1_31' title="bbox 327 2961 1894 3032">
     <span class='ocr_line' id='line_1_31' title="bbox 327 2961 1894 3032; baseline 0.006 -18"><span class='ocrx_word' id='word_1_218' title='bbox 327 2968 505 3014; x_wconf 80' lang='lat' dir='ltr'><strong>stores</strong></span> <span class='ocrx_word' id='word_1_219' title='bbox 531 2961 918 3029; x_wconf 82' lang='lat' dir='ltr'><strong>circttml&#39;ulsit,</strong></span> <span class='ocrx_word' id='word_1_220' title='bbox 947 2965 1161 3032; x_wconf 81' lang='lat' dir='ltr'><strong>quando</strong></span> <span class='ocrx_word' id='word_1_221' title='bbox 1201 2966 1330 3020; x_wconf 90' lang='lat' dir='ltr'><strong>illud</strong></span> <span class='ocrx_word' id='word_1_222' title='bbox 1389 2968 1568 3022; x_wconf 90' lang='lat' dir='ltr'><strong>lumen</strong></span> <span class='ocrx_word' id='word_1_223' title='bbox 1605 2971 1722 3024; x_wconf 78' lang='lat' dir='ltr'><strong>sine</strong></span> <span class='ocrx_word' id='word_1_224' title='bbox 1759 2979 1894 3024; x_wconf 88' lang='lat' dir='ltr'><strong>tem—</strong></span> 
     </span>
    </p>
   </div>
   <div class='ocr_carea' id='block_1_32' title="bbox 320 3051 1891 3121">
    <p class='ocr_par' dir='ltr' id='par_1_32' title="bbox 320 3051 1891 3121">
     <span class='ocr_line' id='line_1_32' title="bbox 320 3051 1891 3121; baseline 0.01 -23"><span class='ocrx_word' id='word_1_225' title='bbox 320 3065 450 3118; x_wconf 87' lang='lat' dir='ltr'><strong>pore</strong></span> <span class='ocrx_word' id='word_1_226' title='bbox 498 3051 691 3105; x_wconf 88' lang='lat' dir='ltr'><strong>lumini</strong></span> <span class='ocrx_word' id='word_1_227' title='bbox 739 3055 1004 3121; x_wconf 86' lang='lat' dir='ltr'><strong>temporis</strong></span> <span class='ocrx_word' id='word_1_228' title='bbox 1038 3056 1471 3111; x_wconf 88' lang='lat' dir='ltr'><strong>admiscebatur.</strong></span> <span class='ocrx_word' id='word_1_229' title='bbox 1530 3057 1741 3114; x_wconf 89' lang='lat' dir='ltr'><strong>Lumen</strong></span> <span class='ocrx_word' id='word_1_230' title='bbox 1791 3062 1891 3115; x_wconf 83' lang='lat' dir='ltr'><strong>fuit</strong></span> 
     </span>
    </p>
   </div>
   <div class='ocr_carea' id='block_1_33' title="bbox 1996 586 3572 658">
    <p class='ocr_par' dir='ltr' id='par_1_33' title="bbox 1996 586 3572 658">
     <span class='ocr_line' id='line_1_33' title="bbox 1996 586 3572 658; baseline 0.004 -20"><span class='ocrx_word' id='word_1_231' title='bbox 1996 586 2274 640; x_wconf 84' lang='lat' dir='ltr'><strong>ascensnri</strong></span> <span class='ocrx_word' id='word_1_232' title='bbox 2300 597 2478 653; x_wconf 89' lang='lat' dir='ltr'><strong>erant;</strong></span> <span class='ocrx_word' id='word_1_233' title='bbox 2532 589 2882 642; x_wconf 73' lang='lat' dir='ltr'><strong>vehementer</strong></span> <span class='ocrx_word' id='word_1_234' title='bbox 2951 587 3096 641; x_wconf 90' lang='lat' dir='ltr'><strong>enim</strong></span> <span class='ocrx_word' id='word_1_235' title='bbox 3159 588 3356 656; x_wconf 86' lang='lat' dir='ltr'><strong>reliqui</strong></span> <span class='ocrx_word' id='word_1_236' title='bbox 3415 595 3572 658; x_wconf 86' lang='lat' dir='ltr'><strong>sequi</strong></span> 
     </span>
    </p>
   </div>
   <div class='ocr_carea' id='block_1_34' title="bbox 1997 679 3652 750">
    <p class='ocr_par' dir='ltr' id='par_1_34' title="bbox 1997 679 3652 750">
     <span class='ocr_line' id='line_1_34' title="bbox 1997 679 3652 750; baseline 0.004 -22"><span class='ocrx_word' id='word_1_237' title='bbox 1997 679 2408 744; x_wconf 78' lang='lat' dir='ltr'><strong>concupissent,</strong></span> <span class='ocrx_word' id='word_1_238' title='bbox 2469 681 2778 747; x_wconf 85' lang='lat' dir='ltr'><strong>exemplum</strong></span> <span class='ocrx_word' id='word_1_239' title='bbox 2829 679 3018 749; x_wconf 60' lang='lat' dir='ltr'><strong>gloria:</strong></span> <span class='ocrx_word' id='word_1_240' title='bbox 3066 679 3213 734; x_wconf 90' lang='lat' dir='ltr'><strong>illius</strong></span> <span class='ocrx_word' id='word_1_241' title='bbox 3243 684 3568 750; x_wconf 83' lang='lat' dir='ltr'><strong>spectaturi;</strong></span> <span class='ocrx_word' id='word_1_242' title='bbox 3643 740 3652 748; x_wconf 30' lang='grc' dir='ltr'><strong>ι</strong></span> 
     </span>
    </p>
   </div>
   <div class='ocr_carea' id='block_1_35' title="bbox 1995 767 3574 839">
    <p class='ocr_par' dir='ltr' id='par_1_35' title="bbox 1995 767 3574 839">
     <span class='ocr_line' id='line_1_35' title="bbox 1995 767 3574 839; baseline 0.004 -18"><span class='ocrx_word' id='word_1_243' title='bbox 1995 767 2424 838; x_wconf 82' lang='lat' dir='ltr'><strong>docuissentque</strong></span> <span class='ocrx_word' id='word_1_244' title='bbox 2476 781 2738 838; x_wconf 86' lang='lat' dir='ltr'><strong>tanquam</strong></span> <span class='ocrx_word' id='word_1_245' title='bbox 2773 771 2966 839; x_wconf 81' lang='lat' dir='ltr'><strong>spreti.</strong></span> <span class='ocrx_word' id='word_1_246' title='bbox 3001 769 3114 826; x_wconf 80' lang='lat' dir='ltr'><strong>Etsi</strong></span> <span class='ocrx_word' id='word_1_247' title='bbox 3147 775 3291 825; x_wconf 88' lang='lat' dir='ltr'><strong>enim</strong></span> <span class='ocrx_word' id='word_1_248' title='bbox 3331 773 3435 827; x_wconf 85' lang='lat' dir='ltr'><strong>hoc</strong></span> <span class='ocrx_word' id='word_1_249' title='bbox 3487 774 3574 828; x_wconf 84' lang='lat' dir='ltr'><strong>lu-</strong></span> 
     </span>
    </p>
   </div>
   <div class='ocr_carea' id='block_1_36' title="bbox 1998 859 3563 924">
    <p class='ocr_par' dir='ltr' id='par_1_36' title="bbox 1998 859 3563 924">
     <span class='ocr_line' id='line_1_36' title="bbox 1998 859 3563 924; baseline 0.006 -16"><span class='ocrx_word' id='word_1_250' title='bbox 1998 872 2118 910; x_wconf 87' lang='lat' dir='ltr'><strong>men</strong></span> <span class='ocrx_word' id='word_1_251' title='bbox 2145 859 2386 912; x_wconf 87' lang='lat' dir='ltr'><strong>crassius</strong></span> <span class='ocrx_word' id='word_1_252' title='bbox 2435 867 2488 913; x_wconf 91' lang='lat' dir='ltr'><strong>et</strong></span> <span class='ocrx_word' id='word_1_253' title='bbox 2525 861 2838 915; x_wconf 89' lang='lat' dir='ltr'><strong>concretius</strong></span> <span class='ocrx_word' id='word_1_254' title='bbox 2869 861 3292 924; x_wconf 86' lang='lat' dir='ltr'><strong>demonstravit.</strong></span> <span class='ocrx_word' id='word_1_255' title='bbox 3327 864 3563 918; x_wconf 91' lang='lat' dir='ltr'><strong>multmn</strong></span> 
     </span>
    </p>
   </div>
   <div class='ocr_carea' id='block_1_37' title="bbox 1998 948 3563 1008">
    <p class='ocr_par' dir='ltr' id='par_1_37' title="bbox 1998 948 3563 1008">
     <span class='ocr_line' id='line_1_37' title="bbox 1998 948 3563 1008; baseline 0.006 -9"><span class='ocrx_word' id='word_1_256' title='bbox 1998 956 2177 1001; x_wconf 83' lang='lat' dir='ltr'><strong>tamen</strong></span> <span class='ocrx_word' id='word_1_257' title='bbox 2203 948 2534 1002; x_wconf 74' lang='lat' dir='ltr'><strong>desiderium</strong></span> <span class='ocrx_word' id='word_1_258' title='bbox 2565 967 2650 1005; x_wconf 87' lang='lat' dir='ltr'><strong>res</strong></span> <span class='ocrx_word' id='word_1_259' title='bbox 2696 950 2976 1005; x_wconf 82' lang='lat' dir='ltr'><strong>all‘erehat.</strong></span> <span class='ocrx_word' id='word_1_260' title='bbox 3005 950 3070 1004; x_wconf 85' lang='lat' dir='ltr'><strong>Et</strong></span> <span class='ocrx_word' id='word_1_261' title='bbox 3103 969 3294 1008; x_wconf 80' lang='lat' dir='ltr'><strong>rurSns</strong></span> <span class='ocrx_word' id='word_1_262' title='bbox 3343 953 3398 1007; x_wconf 92' lang='lat' dir='ltr'><strong>in</strong></span> <span class='ocrx_word' id='word_1_263' title='bbox 3433 969 3563 1008; x_wconf 87' lang='lat' dir='ltr'><strong>ora-</strong></span> 
     </span>
    </p>
   </div>
   <div class='ocr_carea' id='block_1_38' title="bbox 1998 1037 3570 1114">
    <p class='ocr_par' dir='ltr' id='par_1_38' title="bbox 1998 1037 3570 1114">
     <span class='ocr_line' id='line_1_38' title="bbox 1998 1037 3570 1114; baseline 0.006 -21"><span class='ocrx_word' id='word_1_264' title='bbox 1998 1041 2142 1093; x_wconf 83' lang='lat' dir='ltr'><strong>tione</strong></span> <span class='ocrx_word' id='word_1_265' title='bbox 2192 1038 2259 1092; x_wconf 86' lang='lat' dir='ltr'><strong>ad</strong></span> <span class='ocrx_word' id='word_1_266' title='bbox 2313 1037 2661 1095; x_wconf 82' lang='lat' dir='ltr'><strong>Theodorum</strong></span> <span class='ocrx_word' id='word_1_267' title='bbox 2718 1043 2955 1112; x_wconf 89' lang='lat' dir='ltr'><strong>lapsum,</strong></span> <span class='ocrx_word' id='word_1_268' title='bbox 3017 1043 3183 1110; x_wconf 85' lang='lat' dir='ltr'><strong>Quid,</strong></span> <span class='ocrx_word' id='word_1_269' title='bbox 3228 1045 3427 1114; x_wconf 86' lang='lat' dir='ltr'><strong>inqu&#39;t,</strong></span> <span class='ocrx_word' id='word_1_270' title='bbox 3485 1057 3570 1103; x_wconf 87' lang='lat' dir='ltr'><strong>est</strong></span> 
     </span>
    </p>
   </div>
   <div class='ocr_carea' id='block_1_39' title="bbox 1997 1132 3565 1203">
    <p class='ocr_par' dir='ltr' id='par_1_39' title="bbox 1997 1132 3565 1203">
     <span class='ocr_line' id='line_1_39' title="bbox 1997 1132 3565 1203; baseline 0.009 -25"><span class='ocrx_word' id='word_1_271' title='bbox 1997 1132 2139 1198; x_wconf 88' lang='lat' dir='ltr'><strong>quod</strong></span> <span class='ocrx_word' id='word_1_272' title='bbox 2168 1133 2505 1201; x_wconf 85' lang='lat' dir='ltr'><strong>resplenduit</strong></span> <span class='ocrx_word' id='word_1_273' title='bbox 2531 1143 2789 1203; x_wconf 83' lang='lat' dir='ltr'><strong>tanquam</strong></span> <span class='ocrx_word' id='word_1_274' title='bbox 2835 1137 2951 1189; x_wconf 85' lang='lat' dir='ltr'><strong>sol?</strong></span> <span class='ocrx_word' id='word_1_275' title='bbox 2979 1135 3164 1190; x_wconf 81' lang='lat' dir='ltr'><strong>Gloria</strong></span> <span class='ocrx_word' id='word_1_276' title='bbox 3230 1147 3408 1191; x_wconf 88' lang='lat' dir='ltr'><strong>autem</strong></span> <span class='ocrx_word' id='word_1_277' title='bbox 3441 1154 3565 1192; x_wconf 90' lang='lat' dir='ltr'><strong>cor-</strong></span> 
     </span>
    </p>
   </div>
   <div class='ocr_carea' id='block_1_40' title="bbox 1998 1224 3568 1294">
    <p class='ocr_par' dir='ltr' id='par_1_40' title="bbox 1998 1224 3568 1294">
     <span class='ocr_line' id='line_1_40' title="bbox 1998 1224 3568 1294; baseline 0.005 -20"><span class='ocrx_word' id='word_1_278' title='bbox 1998 1237 2189 1290; x_wconf 89' lang='lat' dir='ltr'><strong>porum</strong></span> <span class='ocrx_word' id='word_1_279' title='bbox 2227 1224 2618 1279; x_wconf 79' lang='lat' dir='ltr'><strong>immortalium</strong></span> <span class='ocrx_word' id='word_1_280' title='bbox 2653 1238 2758 1279; x_wconf 87' lang='lat' dir='ltr'><strong>non</strong></span> <span class='ocrx_word' id='word_1_281' title='bbox 2800 1234 3011 1280; x_wconf 90' lang='lat' dir='ltr'><strong>tantum</strong></span> <span class='ocrx_word' id='word_1_282' title='bbox 3075 1227 3294 1285; x_wconf 91' lang='lat' dir='ltr'><strong>luminis</strong></span> <span class='ocrx_word' id='word_1_283' title='bbox 3340 1229 3568 1294; x_wconf 87' lang='lat' dir='ltr'><strong>emittit,</strong></span> 
     </span>
    </p>
   </div>
   <div class='ocr_carea' id='block_1_41' title="bbox 2000 1316 3570 1389">
    <p class='ocr_par' dir='ltr' id='par_1_41' title="bbox 2000 1316 3570 1389">
     <span class='ocr_line' id='line_1_41' title="bbox 2000 1316 3570 1389; baseline 0.008 -26"><span class='ocrx_word' id='word_1_284' title='bbox 2000 1326 2265 1381; x_wconf 86' lang='lat' dir='ltr'><strong>quantum</strong></span> <span class='ocrx_word' id='word_1_285' title='bbox 2303 1316 2405 1371; x_wconf 91' lang='lat' dir='ltr'><strong>hoc</strong></span> <span class='ocrx_word' id='word_1_286' title='bbox 2430 1331 2628 1385; x_wconf 80' lang='lat' dir='ltr'><strong>corpus</strong></span> <span class='ocrx_word' id='word_1_287' title='bbox 2656 1317 3028 1383; x_wconf 89' lang='lat' dir='ltr'><strong>interiturmn,</strong></span> <span class='ocrx_word' id='word_1_288' title='bbox 3060 1319 3204 1389; x_wconf 89' lang='lat' dir='ltr'><strong>quod</strong></span> <span class='ocrx_word' id='word_1_289' title='bbox 3237 1336 3413 1389; x_wconf 88' lang='lat' dir='ltr'><strong>neque</strong></span> <span class='ocrx_word' id='word_1_290' title='bbox 3438 1316 3570 1375; x_wconf 83' lang='lat' dir='ltr'><strong>tale</strong></span> 
     </span>
    </p>
   </div>
   <div class='ocr_carea' id='block_1_42' title="bbox 1995 1407 3566 1481">
    <p class='ocr_par' dir='ltr' id='par_1_42' title="bbox 1995 1407 3566 1481">
     <span class='ocr_line' id='line_1_42' title="bbox 1995 1407 3566 1481; baseline 0.003 -20"><span class='ocrx_word' id='word_1_291' title='bbox 1995 1417 2132 1472; x_wconf 85' lang='lat' dir='ltr'><strong>erat,</strong></span> <span class='ocrx_word' id='word_1_292' title='bbox 2199 1407 2360 1477; x_wconf 89' lang='lat' dir='ltr'><strong>quale</strong></span> <span class='ocrx_word' id='word_1_293' title='bbox 2415 1409 2592 1464; x_wconf 82' lang='lat' dir='ltr'><strong>oculis</strong></span> <span class='ocrx_word' id='word_1_294' title='bbox 2642 1411 2963 1466; x_wconf 86' lang='lat' dir='ltr'><strong>mortalibus</strong></span> <span class='ocrx_word' id='word_1_295' title='bbox 3019 1412 3169 1466; x_wconf 91' lang='lat' dir='ltr'><strong>cerni</strong></span> <span class='ocrx_word' id='word_1_296' title='bbox 3227 1422 3424 1481; x_wconf 64' lang='lat' dir='ltr'><strong>petest,</strong></span> <span class='ocrx_word' id='word_1_297' title='bbox 3473 1414 3566 1480; x_wconf 84' lang='lat' dir='ltr'><strong>sed</strong></span> 
     </span>
    </p>
   </div>
   <div class='ocr_carea' id='block_1_43' title="bbox 1995 1497 3567 1566">
    <p class='ocr_par' dir='ltr' id='par_1_43' title="bbox 1995 1497 3567 1566">
     <span class='ocr_line' id='line_1_43' title="bbox 1995 1497 3567 1566; baseline 0.007 -21"><span class='ocrx_word' id='word_1_298' title='bbox 1995 1497 2137 1566; x_wconf 85' lang='lat' dir='ltr'><strong>quod</strong></span> <span class='ocrx_word' id='word_1_299' title='bbox 2200 1508 2424 1566; x_wconf 87' lang='lat' dir='ltr'><strong>aspectu</strong></span> <span class='ocrx_word' id='word_1_300' title='bbox 2486 1499 2772 1554; x_wconf 91' lang='lat' dir='ltr'><strong>oculorum</strong></span> <span class='ocrx_word' id='word_1_301' title='bbox 2831 1499 3250 1566; x_wconf 86' lang='lat' dir='ltr'><strong>immortalium,</strong></span> <span class='ocrx_word' id='word_1_302' title='bbox 3285 1513 3344 1558; x_wconf 91' lang='lat' dir='ltr'><strong>ut</strong></span> <span class='ocrx_word' id='word_1_303' title='bbox 3399 1503 3567 1558; x_wconf 83' lang='lat' dir='ltr'><strong>videri</strong></span> 
     </span>
    </p>
   </div>
   <div class='ocr_carea' id='block_1_44' title="bbox 1996 1589 3569 1658">
    <p class='ocr_par' dir='ltr' id='par_1_44' title="bbox 1996 1589 3569 1658">
     <span class='ocr_line' id='line_1_44' title="bbox 1996 1589 3569 1658; baseline 0.005 -17"><span class='ocrx_word' id='word_1_304' title='bbox 1996 1597 2209 1658; x_wconf 88' lang='lat' dir='ltr'><strong>posset,</strong></span> <span class='ocrx_word' id='word_1_305' title='bbox 2247 1605 2389 1658; x_wconf 90' lang='lat' dir='ltr'><strong>opus</strong></span> <span class='ocrx_word' id='word_1_306' title='bbox 2417 1589 2672 1645; x_wconf 84' lang='lat' dir='ltr'><strong>habebat.</strong></span> <span class='ocrx_word' id='word_1_307' title='bbox 2708 1591 2905 1647; x_wconf 82' lang='lat' dir='ltr'><strong>Adhuc</strong></span> <span class='ocrx_word' id='word_1_308' title='bbox 2928 1593 3066 1647; x_wconf 88' lang='lat' dir='ltr'><strong>idem</strong></span> <span class='ocrx_word' id='word_1_309' title='bbox 3120 1595 3178 1648; x_wconf 91' lang='lat' dir='ltr'><strong>in</strong></span> <span class='ocrx_word' id='word_1_310' title='bbox 3214 1596 3404 1648; x_wconf 88' lang='lat' dir='ltr'><strong>eadem</strong></span> <span class='ocrx_word' id='word_1_311' title='bbox 3438 1611 3569 1649; x_wconf 87' lang='lat' dir='ltr'><strong>ora-</strong></span> 
     </span>
    </p>
   </div>
   <div class='ocr_carea' id='block_1_45' title="bbox 1998 1679 3572 1751">
    <p class='ocr_par' dir='ltr' id='par_1_45' title="bbox 1998 1679 3572 1751">
     <span class='ocr_line' id='line_1_45' title="bbox 1998 1679 3572 1751; baseline 0.004 -19"><span class='ocrx_word' id='word_1_312' title='bbox 1998 1680 2182 1733; x_wconf 90' lang='lat' dir='ltr'><strong>tione:</strong></span> <span class='ocrx_word' id='word_1_313' title='bbox 2221 1679 2324 1734; x_wconf 89' lang='lat' dir='ltr'><strong>Sed</strong></span> <span class='ocrx_word' id='word_1_314' title='bbox 2368 1681 2415 1735; x_wconf 92' lang='lat' dir='ltr'><strong>si</strong></span> <span class='ocrx_word' id='word_1_315' title='bbox 2453 1680 2723 1745; x_wconf 76' lang='lat' dir='ltr'><strong>volumus,</strong></span> <span class='ocrx_word' id='word_1_316' title='bbox 2752 1683 2950 1751; x_wconf 87' lang='lat' dir='ltr'><strong>inquit,</strong></span> <span class='ocrx_word' id='word_1_317' title='bbox 3007 1685 3311 1740; x_wconf 82' lang='lat' dir='ltr'><strong>videbimus</strong></span> <span class='ocrx_word' id='word_1_318' title='bbox 3358 1696 3413 1741; x_wconf 89' lang='lat' dir='ltr'><strong>et</strong></span> <span class='ocrx_word' id='word_1_319' title='bbox 3472 1703 3572 1742; x_wconf 79' lang='lat' dir='ltr'><strong>nos</strong></span> 
     </span>
    </p>
   </div>
   <div class='ocr_carea' id='block_1_46' title="bbox 1995 1768 3566 1841">
    <p class='ocr_par' dir='ltr' id='par_1_46' title="bbox 1995 1768 3566 1841">
     <span class='ocr_line' id='line_1_46' title="bbox 1995 1768 3566 1841; baseline 0.006 -17"><span class='ocrx_word' id='word_1_320' title='bbox 1995 1768 2312 1837; x_wconf 90' lang='lat' dir='ltr'><strong>Christum,</strong></span> <span class='ocrx_word' id='word_1_321' title='bbox 2367 1779 2425 1826; x_wconf 93' lang='lat' dir='ltr'><strong>ut</strong></span> <span class='ocrx_word' id='word_1_322' title='bbox 2473 1772 2546 1825; x_wconf 92' lang='lat' dir='ltr'><strong>illi</strong></span> <span class='ocrx_word' id='word_1_323' title='bbox 2609 1785 2739 1827; x_wconf 91' lang='lat' dir='ltr'><strong>tunc</strong></span> <span class='ocrx_word' id='word_1_324' title='bbox 2795 1773 2846 1827; x_wconf 93' lang='lat' dir='ltr'><strong>iu</strong></span> <span class='ocrx_word' id='word_1_325' title='bbox 2902 1785 3107 1841; x_wconf 88' lang='lat' dir='ltr'><strong>monte,</strong></span> <span class='ocrx_word' id='word_1_326' title='bbox 3163 1779 3333 1833; x_wconf 91' lang='lat' dir='ltr'><strong>multo</strong></span> <span class='ocrx_word' id='word_1_327' title='bbox 3387 1788 3566 1834; x_wconf 80' lang='lat' dir='ltr'><strong>tamen</strong></span> 
     </span>
    </p>
   </div>
   <div class='ocr_carea' id='block_1_47' title="bbox 1995 1863 3567 1936">
    <p class='ocr_par' dir='ltr' id='par_1_47' title="bbox 1995 1863 3567 1936">
     <span class='ocr_line' id='line_1_47' title="bbox 1995 1863 3567 1936; baseline 0.008 -22"><span class='ocrx_word' id='word_1_328' title='bbox 1995 1863 2352 1931; x_wconf 64' lang='lat' dir='ltr'><strong>splendidius,</strong></span> <span class='ocrx_word' id='word_1_329' title='bbox 2390 1880 2496 1918; x_wconf 83' lang='lat' dir='ltr'><strong>non</strong></span> <span class='ocrx_word' id='word_1_330' title='bbox 2529 1866 2672 1918; x_wconf 90' lang='lat' dir='ltr'><strong>enim</strong></span> <span class='ocrx_word' id='word_1_331' title='bbox 2702 1869 2782 1920; x_wconf 75' lang='lat' dir='ltr'><strong>sic</strong></span> <span class='ocrx_word' id='word_1_332' title='bbox 2813 1878 2996 1936; x_wconf 91' lang='lat' dir='ltr'><strong>postea</strong></span> <span class='ocrx_word' id='word_1_333' title='bbox 3028 1870 3230 1934; x_wconf 87' lang='lat' dir='ltr'><strong>veniet;</strong></span> <span class='ocrx_word' id='word_1_334' title='bbox 3263 1880 3392 1926; x_wconf 89' lang='lat' dir='ltr'><strong>tunc</strong></span> <span class='ocrx_word' id='word_1_335' title='bbox 3419 1874 3567 1926; x_wconf 71' lang='lat' dir='ltr'><strong>erim</strong></span> 
     </span>
    </p>
   </div>
   <div class='ocr_carea' id='block_1_48' title="bbox 1996 1955 3566 2030">
    <p class='ocr_par' dir='ltr' id='par_1_48' title="bbox 1996 1955 3566 2030">
     <span class='ocr_line' id='line_1_48' title="bbox 1996 1955 3566 2030; baseline 0.008 -25"><span class='ocrx_word' id='word_1_336' title='bbox 1996 1967 2226 2021; x_wconf 85' lang='lat' dir='ltr'><strong>parcens</strong></span> <span class='ocrx_word' id='word_1_337' title='bbox 2281 1955 2585 2022; x_wconf 86' lang='lat' dir='ltr'><strong>discipulis,</strong></span> <span class='ocrx_word' id='word_1_338' title='bbox 2669 1966 2880 2013; x_wconf 87' lang='lat' dir='ltr'><strong>tantum</strong></span> <span class='ocrx_word' id='word_1_339' title='bbox 2941 1959 3244 2030; x_wconf 82' lang='lat' dir='ltr'><strong>splendoris</strong></span> <span class='ocrx_word' id='word_1_340' title='bbox 3303 1965 3566 2028; x_wconf 81' lang='lat' dir='ltr'><strong>ostendit,</strong></span> 
     </span>
    </p>
   </div>
   <div class='ocr_carea' id='block_1_49' title="bbox 1995 2047 3569 2126">
    <p class='ocr_par' dir='ltr' id='par_1_49' title="bbox 1995 2047 3569 2126">
     <span class='ocr_line' id='line_1_49' title="bbox 1995 2047 3569 2126; baseline 0.008 -26"><span class='ocrx_word' id='word_1_341' title='bbox 1995 2058 2258 2115; x_wconf 88' lang='lat' dir='ltr'><strong>quantum</strong></span> <span class='ocrx_word' id='word_1_342' title='bbox 2289 2047 2429 2104; x_wconf 79' lang='lat' dir='ltr'><strong>ferre</strong></span> <span class='ocrx_word' id='word_1_343' title='bbox 2467 2060 2784 2118; x_wconf 88' lang='lat' dir='ltr'><strong>pottterunt,</strong></span> <span class='ocrx_word' id='word_1_344' title='bbox 2814 2061 3001 2122; x_wconf 87' lang='lat' dir='ltr'><strong>postea</strong></span> <span class='ocrx_word' id='word_1_345' title='bbox 3041 2069 3170 2108; x_wconf 90' lang='lat' dir='ltr'><strong>vero</strong></span> <span class='ocrx_word' id='word_1_346' title='bbox 3200 2055 3250 2109; x_wconf 90' lang='lat' dir='ltr'><strong>in</strong></span> <span class='ocrx_word' id='word_1_347' title='bbox 3283 2054 3400 2124; x_wconf 88' lang='lat' dir='ltr'><strong>ipsa</strong></span> <span class='ocrx_word' id='word_1_348' title='bbox 3445 2058 3569 2126; x_wconf 74' lang='lat' dir='ltr'><strong>glo-</strong></span> 
     </span>
    </p>
   </div>
   <div class='ocr_carea' id='block_1_50' title="bbox 1994 2137 3568 2211">
    <p class='ocr_par' dir='ltr' id='par_1_50' title="bbox 1994 2137 3568 2211">
     <span class='ocr_line' id='line_1_50' title="bbox 1994 2137 3568 2211; baseline 0.009 -19"><span class='ocrx_word' id='word_1_349' title='bbox 1994 2139 2074 2192; x_wconf 87' lang='lat' dir='ltr'><strong>ria</strong></span> <span class='ocrx_word' id='word_1_350' title='bbox 2103 2137 2281 2194; x_wconf 87' lang='lat' dir='ltr'><strong>Patris</strong></span> <span class='ocrx_word' id='word_1_351' title='bbox 2313 2141 2518 2197; x_wconf 85' lang='lat' dir='ltr'><strong>veniet.</strong></span> <span class='ocrx_word' id='word_1_352' title='bbox 2560 2143 2628 2197; x_wconf 89' lang='lat' dir='ltr'><strong>Et</strong></span> <span class='ocrx_word' id='word_1_353' title='bbox 2659 2144 2984 2198; x_wconf 82' lang='lat' dir='ltr'><strong>Anastasius</strong></span> <span class='ocrx_word' id='word_1_354' title='bbox 3031 2145 3294 2211; x_wconf 82' lang='lat' dir='ltr'><strong>Sinaites.</strong></span> <span class='ocrx_word' id='word_1_355' title='bbox 3347 2150 3404 2206; x_wconf 90' lang='lat' dir='ltr'><strong>in</strong></span> <span class='ocrx_word' id='word_1_356' title='bbox 3435 2167 3568 2207; x_wconf 82' lang='lat' dir='ltr'><strong>ora-</strong></span> 
     </span>
    </p>
   </div>
   <div class='ocr_carea' id='block_1_51' title="bbox 1995 2230 3562 2317">
    <p class='ocr_par' dir='ltr' id='par_1_51' title="bbox 1995 2230 3562 2317">
     <span class='ocr_line' id='line_1_51' title="bbox 1995 2230 3562 2317; baseline 0.011 -35"><span class='ocrx_word' id='word_1_357' title='bbox 1995 2230 2142 2285; x_wconf 87' lang='lat' dir='ltr'><strong>tione</strong></span> <span class='ocrx_word' id='word_1_358' title='bbox 2180 2231 2246 2286; x_wconf 90' lang='lat' dir='ltr'><strong>de</strong></span> <span class='ocrx_word' id='word_1_359' title='bbox 2271 2231 2772 2305; x_wconf 81' lang='lat' dir='ltr'><strong>Transﬁguratione</strong></span> <span class='ocrx_word' id='word_1_360' title='bbox 2816 2254 2830 2290; x_wconf 88' lang='lat'><strong>:</strong></span> <span class='ocrx_word' id='word_1_361' title='bbox 2858 2235 2977 2304; x_wconf 91' lang='lat' dir='ltr'><strong>llic,</strong></span> <span class='ocrx_word' id='word_1_362' title='bbox 3001 2239 3200 2309; x_wconf 90' lang='lat' dir='ltr'><strong>inquit,</strong></span> <span class='ocrx_word' id='word_1_363' title='bbox 3233 2244 3389 2317; x_wconf 81' lang='lat' dir='ltr'><strong>signa</strong></span> <span class='ocrx_word' id='word_1_364' title='bbox 3412 2248 3562 2316; x_wconf 76' lang='lat' dir='ltr'><strong>regni</strong></span> 
     </span>
    </p>
   </div>
   <div class='ocr_carea' id='block_1_52' title="bbox 1995 2322 3568 2406">
    <p class='ocr_par' dir='ltr' id='par_1_52' title="bbox 1995 2322 3568 2406">
     <span class='ocr_line' id='line_1_52' title="bbox 1995 2322 3568 2406; baseline 0.013 -33"><span class='ocrx_word' id='word_1_365' title='bbox 1995 2322 2337 2390; x_wconf 72' lang='lat' dir='ltr'><strong>prmﬁgurata</strong></span> <span class='ocrx_word' id='word_1_366' title='bbox 2372 2334 2501 2380; x_wconf 88' lang='lat' dir='ltr'><strong>sunt</strong></span> <span class='ocrx_word' id='word_1_367' title='bbox 2529 2343 2542 2379; x_wconf 89' lang='lat'>:</span> <span class='ocrx_word' id='word_1_368' title='bbox 2582 2327 2633 2380; x_wconf 92' lang='lat' dir='ltr'><strong>in</strong></span> <span class='ocrx_word' id='word_1_369' title='bbox 2672 2329 2777 2384; x_wconf 88' lang='lat' dir='ltr'><strong>hoc</strong></span> <span class='ocrx_word' id='word_1_370' title='bbox 2806 2341 2990 2387; x_wconf 86' lang='lat' dir='ltr'><strong>monte</strong></span> <span class='ocrx_word' id='word_1_371' title='bbox 3014 2333 3270 2403; x_wconf 87' lang='lat' dir='ltr'><strong>splendor</strong></span> <span class='ocrx_word' id='word_1_372' title='bbox 3293 2337 3568 2406; x_wconf 89' lang='lat' dir='ltr'><strong>jnstormn</strong></span> 
     </span>
    </p>
   </div>
   <div class='ocr_carea' id='block_1_53' title="bbox 1993 2414 3563 2499">
    <p class='ocr_par' dir='ltr' id='par_1_53' title="bbox 1993 2414 3563 2499">
     <span class='ocr_line' id='line_1_53' title="bbox 1993 2414 3563 2499; baseline 0.011 -33"><span class='ocrx_word' id='word_1_373' title='bbox 1993 2414 2352 2470; x_wconf 85' lang='lat' dir='ltr'><strong>adumbratos</strong></span> <span class='ocrx_word' id='word_1_374' title='bbox 2379 2428 2462 2471; x_wconf 89' lang='lat' dir='ltr'><strong>est</strong></span> <span class='ocrx_word' id='word_1_375' title='bbox 2496 2434 2510 2472; x_wconf 88' lang='lat'><strong>:</strong></span> <span class='ocrx_word' id='word_1_376' title='bbox 2542 2418 2632 2473; x_wconf 87' lang='lat' dir='ltr'><strong>hic</strong></span> <span class='ocrx_word' id='word_1_377' title='bbox 2663 2419 2969 2477; x_wconf 75' lang='lat' dir='ltr'><strong>futurorum</strong></span> <span class='ocrx_word' id='word_1_378' title='bbox 3007 2424 3271 2480; x_wconf 87' lang='lat' dir='ltr'><strong>bonorum</strong></span> <span class='ocrx_word' id='word_1_379' title='bbox 3307 2439 3563 2499; x_wconf 82' lang='lat' dir='ltr'><strong>tanquam</strong></span> 
     </span>
    </p>
   </div>
   <div class='ocr_carea' id='block_1_54' title="bbox 1995 2507 3571 2582">
    <p class='ocr_par' dir='ltr' id='par_1_54' title="bbox 1995 2507 3571 2582">
     <span class='ocr_line' id='line_1_54' title="bbox 1995 2507 3571 2582; baseline 0.015 -26"><span class='ocrx_word' id='word_1_380' title='bbox 1995 2507 2346 2572; x_wconf 71' lang='lat' dir='ltr'><strong>praesentium</strong></span> <span class='ocrx_word' id='word_1_381' title='bbox 2414 2509 2594 2581; x_wconf 77' lang='lat' dir='ltr'><strong>imago</strong></span> <span class='ocrx_word' id='word_1_382' title='bbox 2641 2527 2895 2582; x_wconf 81' lang='lat' dir='ltr'><strong>expressa</strong></span> <span class='ocrx_word' id='word_1_383' title='bbox 2953 2525 3056 2572; x_wconf 90' lang='lat' dir='ltr'><strong>est.</strong></span> <span class='ocrx_word' id='word_1_384' title='bbox 3116 2517 3233 2573; x_wconf 92' lang='lat' dir='ltr'><strong>lmo</strong></span> <span class='ocrx_word' id='word_1_385' title='bbox 3261 2531 3314 2575; x_wconf 90' lang='lat' dir='ltr'><strong>et</strong></span> <span class='ocrx_word' id='word_1_386' title='bbox 3349 2521 3571 2580; x_wconf 81' lang='lat' dir='ltr'><strong>divinus</strong></span> 
     </span>
    </p>
   </div>
   <div class='ocr_carea' id='block_1_55' title="bbox 1995 2595 3566 2677">
    <p class='ocr_par' dir='ltr' id='par_1_55' title="bbox 1995 2595 3566 2677">
     <span class='ocr_line' id='line_1_55' title="bbox 1995 2595 3566 2677; baseline 0.014 -29"><span class='ocrx_word' id='word_1_387' title='bbox 1995 2595 2317 2653; x_wconf 86' lang='lat' dir='ltr'><strong>Theodorus</strong></span> <span class='ocrx_word' id='word_1_388' title='bbox 2338 2612 2701 2670; x_wconf 81' lang='lat' dir='ltr'><strong>cognomento</strong></span> <span class='ocrx_word' id='word_1_389' title='bbox 2728 2607 2993 2677; x_wconf 78' lang='grc' dir='ltr'>γραπτῶν</span> <span class='ocrx_word' id='word_1_390' title='bbox 3019 2609 3072 2662; x_wconf 92' lang='lat' dir='ltr'><strong>in</strong></span> <span class='ocrx_word' id='word_1_391' title='bbox 3100 2613 3348 2668; x_wconf 89' lang='lat' dir='ltr'><strong>oratione</strong></span> <span class='ocrx_word' id='word_1_392' title='bbox 3377 2625 3566 2670; x_wconf 72' lang='lat' dir='ltr'><strong>contra</strong></span> 
     </span>
    </p>
   </div>
   <div class='ocr_carea' id='block_1_56' title="bbox 1995 2690 3565 2768">
    <p class='ocr_par' dir='ltr' id='par_1_56' title="bbox 1995 2690 3565 2768">
     <span class='ocr_line' id='line_1_56' title="bbox 1995 2690 3565 2768; baseline 0.012 -25"><span class='ocrx_word' id='word_1_393' title='bbox 1995 2690 2285 2745; x_wconf 84' lang='lat' dir='ltr'><strong>Eusebium</strong></span> <span class='ocrx_word' id='word_1_394' title='bbox 2324 2709 2338 2746; x_wconf 91' lang='lat'><strong>:</strong></span> <span class='ocrx_word' id='word_1_395' title='bbox 2367 2694 2470 2748; x_wconf 86' lang='lat' dir='ltr'><strong>Sed</strong></span> <span class='ocrx_word' id='word_1_396' title='bbox 2502 2705 2682 2752; x_wconf 90' lang='lat' dir='ltr'><strong>tamen</strong></span> <span class='ocrx_word' id='word_1_397' title='bbox 2713 2709 2770 2750; x_wconf 92' lang='lat' dir='ltr'><strong>ut</strong></span> <span class='ocrx_word' id='word_1_398' title='bbox 2802 2699 3002 2754; x_wconf 83' lang='lat' dir='ltr'><strong>veritas</strong></span> <span class='ocrx_word' id='word_1_399' title='bbox 3028 2702 3207 2768; x_wconf 66' lang='lat' dir='ltr'><strong>habet,</strong></span> <span class='ocrx_word' id='word_1_400' title='bbox 3259 2720 3286 2760; x_wconf 91' lang='lat' dir='ltr'><strong>s</strong></span> <span class='ocrx_word' id='word_1_401' title='bbox 3310 2722 3339 2760; x_wconf 94' lang='lat' dir='ltr'><strong>e</strong></span> <span class='ocrx_word' id='word_1_402' title='bbox 3385 2707 3452 2761; x_wconf 89' lang='lat' dir='ltr'><strong>de</strong></span> <span class='ocrx_word' id='word_1_403' title='bbox 3499 2724 3565 2762; x_wconf 81' lang='lat' dir='ltr'><strong>ea</strong></span> 
     </span>
    </p>
   </div>
   <div class='ocr_carea' id='block_1_57' title="bbox 1991 2783 3572 2862">
    <p class='ocr_par' dir='ltr' id='par_1_57' title="bbox 1991 2783 3572 2862">
     <span class='ocr_line' id='line_1_57' title="bbox 1991 2783 3572 2862; baseline 0.012 -26"><span class='ocrx_word' id='word_1_404' title='bbox 1991 2783 2240 2840; x_wconf 87' lang='lat' dir='ltr'><strong>dicamus</strong></span> <span class='ocrx_word' id='word_1_405' title='bbox 2274 2803 2288 2840; x_wconf 93' lang='lat'><strong>:</strong></span> <span class='ocrx_word' id='word_1_406' title='bbox 2322 2785 2619 2856; x_wconf 87' lang='lat' dir='ltr'><strong>Postquam</strong></span> <span class='ocrx_word' id='word_1_407' title='bbox 2674 2789 2740 2844; x_wconf 88' lang='lat' dir='ltr'><strong>de</strong></span> <span class='ocrx_word' id='word_1_408' title='bbox 2785 2793 3044 2862; x_wconf 83' lang='lat' dir='ltr'><strong>periculis</strong></span> <span class='ocrx_word' id='word_1_409' title='bbox 3105 2793 3357 2851; x_wconf 74' lang='lat' dir='ltr'><strong>Salvator</strong></span> <span class='ocrx_word' id='word_1_410' title='bbox 3402 2797 3572 2854; x_wconf 74' lang='lat' dir='ltr'><strong>disci-</strong></span> 
     </span>
    </p>
   </div>
   <div class='ocr_carea' id='block_1_58' title="bbox 1994 2875 3568 2958">
    <p class='ocr_par' dir='ltr' id='par_1_58' title="bbox 1994 2875 3568 2958">
     <span class='ocr_line' id='line_1_58' title="bbox 1994 2875 3568 2958; baseline 0.011 -31"><span class='ocrx_word' id='word_1_411' title='bbox 1994 2875 2138 2942; x_wconf 75' lang='lat' dir='ltr'><strong>pulis</strong></span> <span class='ocrx_word' id='word_1_412' title='bbox 2169 2881 2442 2945; x_wconf 72' lang='lat' dir='ltr'><strong>exposuit,</strong></span> <span class='ocrx_word' id='word_1_413' title='bbox 2477 2879 2769 2950; x_wconf 87' lang='lat' dir='ltr'><strong>inquiens:</strong></span> <span class='ocrx_word' id='word_1_414' title='bbox 2803 2881 2907 2948; x_wconf 83' lang='lat' dir='ltr'><strong>Qui</strong></span> <span class='ocrx_word' id='word_1_415' title='bbox 2941 2883 3049 2937; x_wconf 82' lang='lat' dir='ltr'><strong>vult</strong></span> <span class='ocrx_word' id='word_1_416' title='bbox 3092 2887 3265 2940; x_wconf 79' lang='lat' dir='ltr'><strong>venire</strong></span> <span class='ocrx_word' id='word_1_417' title='bbox 3292 2902 3407 2958; x_wconf 80' lang='lat' dir='ltr'><strong>post</strong></span> <span class='ocrx_word' id='word_1_418' title='bbox 3463 2908 3568 2954; x_wconf 79' lang='lat' dir='ltr'><strong>me,</strong></span> 
     </span>
    </p>
   </div>
   <div class='ocr_carea' id='block_1_59' title="bbox 1993 2967 3574 3051">
    <p class='ocr_par' dir='ltr' id='par_1_59' title="bbox 1993 2967 3574 3051">
     <span class='ocr_line' id='line_1_59' title="bbox 1993 2967 3574 3051; baseline 0.013 -35"><span class='ocrx_word' id='word_1_419' title='bbox 1993 2967 2206 3036; x_wconf 73' lang='lat' dir='ltr'><strong>abneget</strong></span> <span class='ocrx_word' id='word_1_420' title='bbox 2235 2969 2596 3034; x_wconf 77' lang='lat' dir='ltr'><strong>semetipsum,</strong></span> <span class='ocrx_word' id='word_1_421' title='bbox 2615 2978 2666 3024; x_wconf 85' lang='lat' dir='ltr'><strong>et</strong></span> <span class='ocrx_word' id='word_1_422' title='bbox 2699 2972 2853 3028; x_wconf 84' lang='lat' dir='ltr'><strong>tollat</strong></span> <span class='ocrx_word' id='word_1_423' title='bbox 2884 2991 3088 3030; x_wconf 82' lang='lat' dir='ltr'><strong>crucem</strong></span> <span class='ocrx_word' id='word_1_424' title='bbox 3116 2995 3266 3032; x_wconf 83' lang='lat' dir='ltr'><strong>suam</strong></span> <span class='ocrx_word' id='word_1_425' title='bbox 3299 2989 3348 3034; x_wconf 87' lang='lat' dir='ltr'><strong>et</strong></span> <span class='ocrx_word' id='word_1_426' title='bbox 3379 2997 3574 3051; x_wconf 75' lang='lat' dir='ltr'><strong>sequa-</strong></span> 
     </span>
    </p>
   </div>
   <div class='ocr_carea' id='block_1_60' title="bbox 1995 3061 3570 3144">
    <p class='ocr_par' dir='ltr' id='par_1_60' title="bbox 1995 3061 3570 3144">
     <span class='ocr_line' id='line_1_60' title="bbox 1995 3061 3570 3144; baseline 0.015 -35"><span class='ocrx_word' id='word_1_427' title='bbox 1995 3067 2180 3112; x_wconf 84' lang='lat' dir='ltr'><strong>turme</strong></span> <span class='ocrx_word' id='word_1_428' title='bbox 2220 3061 2284 3123; x_wconf 81' lang='grc'><strong>⁶’⁶,</strong></span> <span class='ocrx_word' id='word_1_429' title='bbox 2323 3072 2376 3114; x_wconf 90' lang='lat' dir='ltr'><strong>et</strong></span> <span class='ocrx_word' id='word_1_430' title='bbox 2409 3063 2515 3116; x_wconf 85' lang='lat' dir='ltr'><strong>alia</strong></span> <span class='ocrx_word' id='word_1_431' title='bbox 2552 3065 2906 3133; x_wconf 88' lang='lat' dir='ltr'><strong>lmjusmodi:</strong></span> <span class='ocrx_word' id='word_1_432' title='bbox 2941 3081 3094 3125; x_wconf 79' lang='lat' dir='ltr'><strong>erant</strong></span> <span class='ocrx_word' id='word_1_433' title='bbox 3143 3081 3324 3126; x_wconf 86' lang='lat' dir='ltr'><strong>autem</strong></span> <span class='ocrx_word' id='word_1_434' title='bbox 3361 3075 3570 3144; x_wconf 86' lang='lat' dir='ltr'><strong>alioqui</strong></span> 
     </span>
    </p>
   </div>
   <div class='ocr_carea' id='block_1_61' title="bbox 320 3141 3570 3242">
    <p class='ocr_par' dir='ltr' id='par_1_61' title="bbox 320 3141 3570 3242">
     <span class='ocr_line' id='line_1_61' title="bbox 320 3141 3570 3242; baseline 0.009 -48"><span class='ocrx_word' id='word_1_435' title='bbox 320 3141 455 3194; x_wconf 89' lang='lat' dir='ltr'><strong>illud</strong></span> <span class='ocrx_word' id='word_1_436' title='bbox 481 3143 648 3197; x_wconf 63' lang='lat' dir='ltr'><strong>stellae</strong></span> <span class='ocrx_word' id='word_1_437' title='bbox 675 3158 797 3213; x_wconf 67' lang='lat' dir='ltr'><strong>quae</strong></span> <span class='ocrx_word' id='word_1_438' title='bbox 824 3143 1098 3200; x_wconf 76' lang='lat' dir='ltr'><strong>Bethleem</strong></span> <span class='ocrx_word' id='word_1_439' title='bbox 1126 3150 1389 3211; x_wconf 89' lang='lat' dir='ltr'><strong>cucurrit,</strong></span> <span class='ocrx_word' id='word_1_440' title='bbox 1425 3157 1481 3202; x_wconf 92' lang='lat' dir='ltr'><strong>ut</strong></span> <span class='ocrx_word' id='word_1_441' title='bbox 1513 3149 1694 3221; x_wconf 82' lang='lat' dir='ltr'><strong>Magos</strong></span> <span class='ocrx_word' id='word_1_442' title='bbox 1715 3153 1887 3221; x_wconf 83' lang='lat' dir='ltr'><strong>tledu-</strong></span> <span class='ocrx_word' id='word_1_443' title='bbox 1918 3185 1961 3242; x_wconf 64' lang='grc' dir='ltr'><strong><em>ε</em></strong></span> <span class='ocrx_word' id='word_1_444' title='bbox 1996 3152 2316 3220; x_wconf 78' lang='lat' dir='ltr'><strong>gravissima</strong></span> <span class='ocrx_word' id='word_1_445' title='bbox 2348 3163 2400 3207; x_wconf 90' lang='lat' dir='ltr'><strong>et</strong></span> <span class='ocrx_word' id='word_1_446' title='bbox 2431 3155 2675 3210; x_wconf 80' lang='lat' dir='ltr'><strong>diltieilia</strong></span> <span class='ocrx_word' id='word_1_447' title='bbox 2739 3159 2805 3212; x_wconf 89' lang='lat' dir='ltr'><strong>ad</strong></span> <span class='ocrx_word' id='word_1_448' title='bbox 2847 3159 3188 3215; x_wconf 89' lang='lat' dir='ltr'><strong>tolerandum</strong></span> <span class='ocrx_word' id='word_1_449' title='bbox 3243 3181 3366 3234; x_wconf 79' lang='lat' dir='ltr'><strong>qua:</strong></span> <span class='ocrx_word' id='word_1_450' title='bbox 3410 3141 3570 3238; x_wconf 79' lang='lat' dir='ltr'><strong>jube-</strong></span> 
     </span>
    </p>
   </div>
   <div class='ocr_carea' id='block_1_62' title="bbox 323 3234 1892 3306">
    <p class='ocr_par' dir='ltr' id='par_1_62' title="bbox 323 3234 1892 3306">
     <span class='ocr_line' id='line_1_62' title="bbox 323 3234 1892 3306; baseline 0.006 -18"><span class='ocrx_word' id='word_1_451' title='bbox 323 3242 494 3297; x_wconf 81' lang='lat' dir='ltr'><strong>ceret,</strong></span> <span class='ocrx_word' id='word_1_452' title='bbox 535 3243 590 3288; x_wconf 92' lang='lat' dir='ltr'><strong>et</strong></span> <span class='ocrx_word' id='word_1_453' title='bbox 621 3234 804 3290; x_wconf 84' lang='lat' dir='ltr'><strong>lumen</strong></span> <span class='ocrx_word' id='word_1_454' title='bbox 833 3251 998 3306; x_wconf 89' lang='lat' dir='ltr'><strong>supra</strong></span> <span class='ocrx_word' id='word_1_455' title='bbox 1033 3253 1132 3294; x_wconf 90' lang='lat' dir='ltr'><strong>nos</strong></span> <span class='ocrx_word' id='word_1_456' title='bbox 1159 3241 1437 3295; x_wconf 89' lang='lat' dir='ltr'><strong>nobiscum</strong></span> <span class='ocrx_word' id='word_1_457' title='bbox 1477 3253 1658 3297; x_wconf 89' lang='lat' dir='ltr'><strong>ortmu</strong></span> <span class='ocrx_word' id='word_1_458' title='bbox 1685 3247 1892 3300; x_wconf 88' lang='lat' dir='ltr'><strong>satelli-</strong></span> 
     </span>
    </p>
   </div>
   <div class='ocr_carea' id='block_1_63' title="bbox 321 3325 1890 3394">
    <p class='ocr_par' dir='ltr' id='par_1_63' title="bbox 321 3325 1890 3394">
     <span class='ocr_line' id='line_1_63' title="bbox 321 3325 1890 3394; baseline 0.009 -17"><span class='ocrx_word' id='word_1_459' title='bbox 321 3327 398 3379; x_wconf 91' lang='lat' dir='ltr'><strong>tio</strong></span> <span class='ocrx_word' id='word_1_460' title='bbox 431 3325 676 3394; x_wconf 87' lang='lat' dir='ltr'><strong>stiparet.</strong></span> <span class='ocrx_word' id='word_1_461' title='bbox 731 3325 939 3381; x_wconf 86' lang='lat' dir='ltr'><strong>Lumen</strong></span> <span class='ocrx_word' id='word_1_462' title='bbox 990 3329 1172 3393; x_wconf 74' lang='lat' dir='ltr'><strong>etiam,</strong></span> <span class='ocrx_word' id='word_1_463' title='bbox 1227 3330 1488 3388; x_wconf 87' lang='lat' dir='ltr'><strong>divinitas</strong></span> <span class='ocrx_word' id='word_1_464' title='bbox 1536 3334 1624 3387; x_wconf 88' lang='lat' dir='ltr'><strong>illa</strong></span> <span class='ocrx_word' id='word_1_465' title='bbox 1670 3348 1890 3391; x_wconf 73' lang='lat' dir='ltr'><strong>ostensa</strong></span> 
     </span>
    </p>
   </div>
   <div class='ocr_carea' id='block_1_64' title="bbox 317 3417 1888 3492">
    <p class='ocr_par' dir='ltr' id='par_1_64' title="bbox 317 3417 1888 3492">
     <span class='ocr_line' id='line_1_64' title="bbox 317 3417 1888 3492; baseline 0.007 -22"><span class='ocrx_word' id='word_1_466' title='bbox 317 3417 491 3470; x_wconf 76' lang='lat' dir='ltr'><strong>ferme</strong></span> <span class='ocrx_word' id='word_1_467' title='bbox 519 3417 768 3484; x_wconf 89' lang='lat' dir='ltr'><strong>solidior,</strong></span> <span class='ocrx_word' id='word_1_468' title='bbox 791 3433 952 3487; x_wconf 89' lang='lat' dir='ltr'><strong>quam</strong></span> <span class='ocrx_word' id='word_1_469' title='bbox 972 3428 1031 3473; x_wconf 84' lang='lat' dir='ltr'><strong>ut</strong></span> <span class='ocrx_word' id='word_1_470' title='bbox 1053 3431 1302 3489; x_wconf 84' lang='lat' dir='ltr'><strong>aspectus</strong></span> <span class='ocrx_word' id='word_1_471' title='bbox 1324 3422 1463 3478; x_wconf 83' lang='lat' dir='ltr'><strong>ferre</strong></span> <span class='ocrx_word' id='word_1_472' title='bbox 1481 3436 1682 3492; x_wconf 68' lang='lat' dir='ltr'><strong>posset;</strong></span> <span class='ocrx_word' id='word_1_473' title='bbox 1708 3427 1888 3481; x_wconf 90' lang='lat' dir='ltr'><strong>lumen</strong></span> 
     </span>
    </p>
   </div>
   <div class='ocr_carea' id='block_1_65' title="bbox 322 3489 1888 3586">
    <p class='ocr_par' dir='ltr' id='par_1_65' title="bbox 322 3489 1888 3586">
     <span class='ocr_line' id='line_1_65' title="bbox 322 3489 1888 3586; baseline 0.009 -28"><span class='ocrx_word' id='word_1_474' title='bbox 322 3521 544 3575; x_wconf 87' lang='lat' dir='ltr'><strong>quoque</strong></span> <span class='ocrx_word' id='word_1_475' title='bbox 575 3492 834 3578; x_wconf 65' lang='lat' dir='ltr'><strong>Splendor</strong></span> <span class='ocrx_word' id='word_1_476' title='bbox 859 3509 1003 3564; x_wconf 91' lang='lat' dir='ltr'><strong>illinc</strong></span> <span class='ocrx_word' id='word_1_477' title='bbox 1035 3513 1101 3565; x_wconf 88' lang='lat' dir='ltr'><strong>ad</strong></span> <span class='ocrx_word' id='word_1_478' title='bbox 1127 3527 1221 3567; x_wconf 89' lang='lat' dir='ltr'><strong>eos</strong></span> <span class='ocrx_word' id='word_1_479' title='bbox 1254 3515 1346 3583; x_wconf 87' lang='lat' dir='ltr'><strong>qui</strong></span> <span class='ocrx_word' id='word_1_480' title='bbox 1383 3489 1706 3586; x_wconf 41' lang='lat' dir='ltr'><strong>ltiepusgati</strong></span> <span class='ocrx_word' id='word_1_481' title='bbox 1740 3527 1888 3585; x_wconf 88' lang='lat' dir='ltr'><strong>sunt,</strong></span> 
     </span>
    </p>
   </div>
   <div class='ocr_carea' id='block_1_66' title="bbox 323 3602 1892 3673">
    <p class='ocr_par' dir='ltr' id='par_1_66' title="bbox 323 3602 1892 3673">
     <span class='ocr_line' id='line_1_66' title="bbox 323 3602 1892 3673; baseline 0.01 -24"><span class='ocrx_word' id='word_1_482' title='bbox 323 3609 668 3664; x_wconf 79' lang='lat' dir='ltr'><strong>ntanaturns,</strong></span> <span class='ocrx_word' id='word_1_483' title='bbox 725 3615 847 3653; x_wconf 88' lang='lat' dir='ltr'><strong>eum</strong></span> <span class='ocrx_word' id='word_1_484' title='bbox 886 3602 1166 3670; x_wconf 78' lang='lat' dir='ltr'><strong>[algebunt</strong></span> <span class='ocrx_word' id='word_1_485' title='bbox 1222 3603 1354 3673; x_wconf 87' lang='lat' dir='ltr'><strong>justi</strong></span> <span class='ocrx_word' id='word_1_486' title='bbox 1401 3606 1560 3661; x_wconf 83' lang='lat' dir='ltr'><strong>sicut-</strong></span> <span class='ocrx_word' id='word_1_487' title='bbox 1597 3610 1699 3672; x_wconf 90' lang='lat' dir='ltr'><strong>sol,</strong></span> <span class='ocrx_word' id='word_1_488' title='bbox 1752 3610 1892 3664; x_wconf 84' lang='lat' dir='ltr'><strong>inter</strong></span> 
     </span>
    </p>
   </div>
   <div class='ocr_carea' id='block_1_67' title="bbox 323 3690 1892 3767">
    <p class='ocr_par' dir='ltr' id='par_1_67' title="bbox 323 3690 1892 3767">
     <span class='ocr_line' id='line_1_67' title="bbox 323 3690 1892 3767; baseline 0.008 -26"><span class='ocrx_word' id='word_1_489' title='bbox 323 3706 462 3758; x_wconf 90' lang='lat' dir='ltr'><strong>quos</strong></span> <span class='ocrx_word' id='word_1_490' title='bbox 489 3700 594 3744; x_wconf 86' lang='lat' dir='ltr'><strong>stat</strong></span> <span class='ocrx_word' id='word_1_491' title='bbox 621 3690 760 3746; x_wconf 82' lang='lat' dir='ltr'><strong>Deus</strong></span> <span class='ocrx_word' id='word_1_492' title='bbox 792 3694 844 3745; x_wconf 92' lang='lat' dir='ltr'><strong>in</strong></span> <span class='ocrx_word' id='word_1_493' title='bbox 878 3695 1056 3747; x_wconf 87' lang='lat' dir='ltr'><strong>medio</strong></span> <span class='ocrx_word' id='word_1_494' title='bbox 1086 3696 1312 3750; x_wconf 88' lang='lat' dir='ltr'><strong>deorum</strong></span> <span class='ocrx_word' id='word_1_495' title='bbox 1342 3707 1395 3751; x_wconf 84' lang='lat' dir='ltr'><strong>et</strong></span> <span class='ocrx_word' id='word_1_496' title='bbox 1425 3715 1631 3767; x_wconf 76' lang='lat' dir='ltr'><strong>regum,</strong></span> <span class='ocrx_word' id='word_1_497' title='bbox 1679 3701 1892 3756; x_wconf 77' lang='lat' dir='ltr'><strong>discer-</strong></span> 
     </span>
    </p>
   </div>
   <div class='ocr_carea' id='block_1_68' title="bbox 334 3783 1890 3854">
    <p class='ocr_par' dir='ltr' id='par_1_68' title="bbox 334 3783 1890 3854">
     <span class='ocr_line' id='line_1_68' title="bbox 334 3783 1890 3854; baseline 0.01 -22"><span class='ocrx_word' id='word_1_498' title='bbox 334 3796 468 3833; x_wconf 86' lang='lat' dir='ltr'><strong>nens</strong></span> <span class='ocrx_word' id='word_1_499' title='bbox 497 3791 550 3834; x_wconf 90' lang='lat' dir='ltr'><strong>et</strong></span> <span class='ocrx_word' id='word_1_500' title='bbox 600 3783 940 3853; x_wconf 79' lang='lat' dir='ltr'><strong>distinguens</strong></span> <span class='ocrx_word' id='word_1_501' title='bbox 993 3787 1282 3854; x_wconf 83' lang='lat' dir='ltr'><strong>dignitates</strong></span> <span class='ocrx_word' id='word_1_502' title='bbox 1330 3789 1684 3846; x_wconf 85' lang='lat' dir='ltr'><strong>beatitudinis</strong></span> <span class='ocrx_word' id='word_1_503' title='bbox 1743 3794 1890 3848; x_wconf 87' lang='lat' dir='ltr'><strong>illuc</strong></span> 
     </span>
    </p>
   </div>
   <div class='ocr_carea' id='block_1_69' title="bbox 328 3871 1891 3956">
    <p class='ocr_par' dir='ltr' id='par_1_69' title="bbox 328 3871 1891 3956">
     <span class='ocr_line' id='line_1_69' title="bbox 328 3871 1891 3956; baseline 0.013 -35"><span class='ocrx_word' id='word_1_504' title='bbox 328 3871 739 3940; x_wconf 81' lang='lat' dir='ltr'><strong>proﬁciscentis.</strong></span> <span class='ocrx_word' id='word_1_505' title='bbox 770 3875 971 3931; x_wconf 77' lang='lat' dir='ltr'><strong>Praeter</strong></span> <span class='ocrx_word' id='word_1_506' title='bbox 999 3879 1100 3932; x_wconf 88' lang='lat' dir='ltr'><strong>ista</strong></span> <span class='ocrx_word' id='word_1_507' title='bbox 1131 3879 1337 3934; x_wconf 90' lang='lat' dir='ltr'><strong>lumina</strong></span> <span class='ocrx_word' id='word_1_508' title='bbox 1361 3881 1536 3936; x_wconf 90' lang='lat' dir='ltr'><strong>lumen</strong></span> <span class='ocrx_word' id='word_1_509' title='bbox 1563 3897 1640 3938; x_wconf 74' lang='grc' dir='ltr'><strong>εει</strong></span> <span class='ocrx_word' id='word_1_510' title='bbox 1671 3888 1891 3956; x_wconf 82' lang='lat' dir='ltr'><strong>proprio</strong></span> 
     </span>
    </p>
   </div>
   <div class='ocr_carea' id='block_1_70' title="bbox 322 3964 1885 4044">
    <p class='ocr_par' dir='ltr' id='par_1_70' title="bbox 322 3964 1885 4044">
     <span class='ocr_line' id='line_1_70' title="bbox 322 3964 1885 4044; baseline 0.012 -31"><span class='ocrx_word' id='word_1_511' title='bbox 322 3964 562 4032; x_wconf 87' lang='lat' dir='ltr'><strong>quodam</strong></span> <span class='ocrx_word' id='word_1_512' title='bbox 585 3967 739 4021; x_wconf 90' lang='lat' dir='ltr'><strong>modo</strong></span> <span class='ocrx_word' id='word_1_513' title='bbox 761 3968 1092 4025; x_wconf 87' lang='lat' dir='ltr'><strong>illuminatio</strong></span> <span class='ocrx_word' id='word_1_514' title='bbox 1115 3971 1478 4040; x_wconf 87' lang='lat' dir='ltr'><strong>baptismatis,</strong></span> <span class='ocrx_word' id='word_1_515' title='bbox 1506 3974 1572 4029; x_wconf 87' lang='lat' dir='ltr'><strong>de</strong></span> <span class='ocrx_word' id='word_1_516' title='bbox 1601 3992 1709 4044; x_wconf 89' lang='lat' dir='ltr'><strong>quo</strong></span> <span class='ocrx_word' id='word_1_517' title='bbox 1739 3994 1885 4034; x_wconf 88' lang='lat' dir='ltr'><strong>nunc</strong></span> 
     </span>
    </p>
   </div>
   <div class='ocr_carea' id='block_1_71' title="bbox 321 4054 1884 4130">
    <p class='ocr_par' dir='ltr' id='par_1_71' title="bbox 321 4054 1884 4130">
     <span class='ocr_line' id='line_1_71' title="bbox 321 4054 1884 4130; baseline 0.01 -23"><span class='ocrx_word' id='word_1_518' title='bbox 321 4054 482 4109; x_wconf 85' lang='lat' dir='ltr'><strong>nobis</strong></span> <span class='ocrx_word' id='word_1_519' title='bbox 510 4071 688 4110; x_wconf 89' lang='lat' dir='ltr'><strong>sermo</strong></span> <span class='ocrx_word' id='word_1_520' title='bbox 715 4069 816 4122; x_wconf 89' lang='lat' dir='ltr'><strong>est,</strong></span> <span class='ocrx_word' id='word_1_521' title='bbox 846 4060 992 4130; x_wconf 89' lang='lat' dir='ltr'><strong>quod</strong></span> <span class='ocrx_word' id='word_1_522' title='bbox 1023 4078 1278 4130; x_wconf 81' lang='lat' dir='ltr'><strong>maguum</strong></span> <span class='ocrx_word' id='word_1_523' title='bbox 1312 4071 1365 4118; x_wconf 92' lang='lat' dir='ltr'><strong>et</strong></span> <span class='ocrx_word' id='word_1_524' title='bbox 1397 4065 1712 4120; x_wconf 87' lang='lat' dir='ltr'><strong>admirabile</strong></span> <span class='ocrx_word' id='word_1_525' title='bbox 1739 4070 1884 4123; x_wconf 80' lang='lat' dir='ltr'><strong>Salti-</strong></span> 
     </span>
    </p>
   </div>
   <div class='ocr_carea' id='block_1_72' title="bbox 318 4149 1887 4230">
    <p class='ocr_par' dir='ltr' id='par_1_72' title="bbox 318 4149 1887 4230">
     <span class='ocr_line' id='line_1_72' title="bbox 318 4149 1887 4230; baseline 0.01 -30"><span class='ocrx_word' id='word_1_526' title='bbox 318 4149 388 4200; x_wconf 85' lang='lat' dir='ltr'><strong>tis</strong></span> <span class='ocrx_word' id='word_1_527' title='bbox 423 4157 620 4201; x_wconf 64' lang='lat' dir='ltr'><strong>nostra:</strong></span> <span class='ocrx_word' id='word_1_528' title='bbox 677 4152 994 4221; x_wconf 82' lang='lat' dir='ltr'><strong>mysterium</strong></span> <span class='ocrx_word' id='word_1_529' title='bbox 1027 4155 1292 4209; x_wconf 87' lang='lat' dir='ltr'><strong>continet.</strong></span> <span class='ocrx_word' id='word_1_530' title='bbox 1334 4155 1407 4210; x_wconf 78' lang='lat' dir='ltr'><strong>Ex</strong></span> <span class='ocrx_word' id='word_1_531' title='bbox 1445 4157 1648 4227; x_wconf 88' lang='lat' dir='ltr'><strong>quibus</strong></span> <span class='ocrx_word' id='word_1_532' title='bbox 1698 4160 1887 4230; x_wconf 88' lang='lat' dir='ltr'><strong>liquet,</strong></span> 
     </span>
    </p>
   </div>
   <div class='ocr_carea' id='block_1_73' title="bbox 317 4236 1889 4305">
    <p class='ocr_par' dir='ltr' id='par_1_73' title="bbox 317 4236 1889 4305">
     <span class='ocr_line' id='line_1_73' title="bbox 317 4236 1889 4305; baseline 0.012 -19"><span class='ocrx_word' id='word_1_533' title='bbox 317 4240 461 4304; x_wconf 87' lang='lat' dir='ltr'><strong>quod</strong></span> <span class='ocrx_word' id='word_1_534' title='bbox 524 4236 671 4294; x_wconf 82' lang='lat' dir='ltr'><strong>Deus</strong></span> <span class='ocrx_word' id='word_1_535' title='bbox 701 4257 728 4292; x_wconf 91' lang='lat' dir='ltr'><strong>a</strong></span> <span class='ocrx_word' id='word_1_536' title='bbox 783 4243 1147 4298; x_wconf 84' lang='lat' dir='ltr'><strong>nobilioribus</strong></span> <span class='ocrx_word' id='word_1_537' title='bbox 1198 4248 1445 4303; x_wconf 90' lang='lat' dir='ltr'><strong>materiis</strong></span> <span class='ocrx_word' id='word_1_538' title='bbox 1481 4250 1660 4304; x_wconf 89' lang='lat' dir='ltr'><strong>lumen</strong></span> <span class='ocrx_word' id='word_1_539' title='bbox 1718 4262 1772 4304; x_wconf 87' lang='lat' dir='ltr'><strong>et</strong></span> <span class='ocrx_word' id='word_1_540' title='bbox 1808 4253 1889 4305; x_wconf 83' lang='lat' dir='ltr'><strong>sol</strong></span> 
     </span>
    </p>
   </div>
   <div class='ocr_carea' id='block_1_74' title="bbox 317 4329 1890 4408">
    <p class='ocr_par' dir='ltr' id='par_1_74' title="bbox 317 4329 1890 4408">
     <span class='ocr_line' id='line_1_74' title="bbox 317 4329 1890 4408; baseline 0.01 -28"><span class='ocrx_word' id='word_1_541' title='bbox 317 4329 662 4393; x_wconf 82' lang='lat' dir='ltr'><strong>nominatur,</strong></span> <span class='ocrx_word' id='word_1_542' title='bbox 700 4347 730 4385; x_wconf 89' lang='lat' dir='ltr'><strong>a</strong></span> <span class='ocrx_word' id='word_1_543' title='bbox 765 4333 1158 4401; x_wconf 88' lang='lat' dir='ltr'><strong>mediocribus,</strong></span> <span class='ocrx_word' id='word_1_544' title='bbox 1220 4337 1381 4407; x_wconf 80' lang='lat' dir='ltr'><strong>ignis;</strong></span> <span class='ocrx_word' id='word_1_545' title='bbox 1441 4341 1571 4408; x_wconf 89' lang='lat' dir='ltr'><strong>quin</strong></span> <span class='ocrx_word' id='word_1_546' title='bbox 1607 4343 1769 4394; x_wconf 89' lang='lat' dir='ltr'><strong>etiam</strong></span> <span class='ocrx_word' id='word_1_547' title='bbox 1822 4343 1890 4397; x_wconf 87' lang='lat' dir='ltr'><strong>ab</strong></span> 
     </span>
    </p>
   </div>
   <div class='ocr_carea' id='block_1_75' title="bbox 316 4419 1886 4492">
    <p class='ocr_par' dir='ltr' id='par_1_75' title="bbox 316 4419 1886 4492">
     <span class='ocr_line' id='line_1_75' title="bbox 316 4419 1886 4492; baseline 0.011 -20"><span class='ocrx_word' id='word_1_548' title='bbox 316 4419 519 4474; x_wconf 88' lang='lat' dir='ltr'><strong>intimis</strong></span> <span class='ocrx_word' id='word_1_549' title='bbox 550 4422 745 4491; x_wconf 83' lang='lat' dir='ltr'><strong>accipit</strong></span> <span class='ocrx_word' id='word_1_550' title='bbox 778 4439 998 4492; x_wconf 89' lang='lat' dir='ltr'><strong>nomen;</strong></span> <span class='ocrx_word' id='word_1_551' title='bbox 1031 4428 1191 4482; x_wconf 79' lang='lat' dir='ltr'><strong>simul</strong></span> <span class='ocrx_word' id='word_1_552' title='bbox 1245 4433 1406 4484; x_wconf 88' lang='lat' dir='ltr'><strong>etiam</strong></span> <span class='ocrx_word' id='word_1_553' title='bbox 1456 4433 1886 4489; x_wconf 84' lang='lat' dir='ltr'><strong>demonstratum</strong></span> 
     </span>
    </p>
   </div>
   <div class='ocr_carea' id='block_1_76' title="bbox 1996 3244 3573 3323">
    <p class='ocr_par' dir='ltr' id='par_1_76' title="bbox 1996 3244 3573 3323">
     <span class='ocr_line' id='line_1_76' title="bbox 1996 3244 3573 3323; baseline 0.012 -27"><span class='ocrx_word' id='word_1_554' title='bbox 1996 3244 2216 3310; x_wconf 89' lang='lat' dir='ltr'><strong>bantur;</strong></span> <span class='ocrx_word' id='word_1_555' title='bbox 2254 3260 2318 3298; x_wconf 89' lang='lat' dir='ltr'><strong>ne</strong></span> <span class='ocrx_word' id='word_1_556' title='bbox 2354 3246 2675 3303; x_wconf 82' lang='lat' dir='ltr'><strong>dilﬁeultate</strong></span> <span class='ocrx_word' id='word_1_557' title='bbox 2707 3265 2895 3305; x_wconf 86' lang='lat' dir='ltr'><strong>eorum</strong></span> <span class='ocrx_word' id='word_1_558' title='bbox 2927 3269 3049 3322; x_wconf 66' lang='lat' dir='ltr'><strong>quae</strong></span> <span class='ocrx_word' id='word_1_559' title='bbox 3095 3255 3436 3323; x_wconf 83' lang='lat' dir='ltr'><strong>dicebantur,</strong></span> <span class='ocrx_word' id='word_1_560' title='bbox 3473 3260 3573 3314; x_wconf 81' lang='lat' dir='ltr'><strong>de-</strong></span> 
     </span>
    </p>
   </div>
   <div class='ocr_carea' id='block_1_77' title="bbox 1998 3336 3568 3420">
    <p class='ocr_par' dir='ltr' id='par_1_77' title="bbox 1998 3336 3568 3420">
     <span class='ocr_line' id='line_1_77' title="bbox 1998 3336 3568 3420; baseline 0.013 -31"><span class='ocrx_word' id='word_1_561' title='bbox 1998 3336 2375 3408; x_wconf 80' lang='lat' dir='ltr'><strong>fatigarentur,</strong></span> <span class='ocrx_word' id='word_1_562' title='bbox 2415 3353 2832 3398; x_wconf 86' lang='lat' dir='ltr'><strong>recreateorum</strong></span> <span class='ocrx_word' id='word_1_563' title='bbox 2861 3359 3092 3414; x_wconf 88' lang='lat' dir='ltr'><strong>mentes,</strong></span> <span class='ocrx_word' id='word_1_564' title='bbox 3123 3359 3176 3403; x_wconf 87' lang='lat' dir='ltr'><strong>et</strong></span> <span class='ocrx_word' id='word_1_565' title='bbox 3220 3352 3568 3420; x_wconf 84' lang='lat' dir='ltr'><strong>splendorem</strong></span> 
     </span>
    </p>
   </div>
   <div class='ocr_carea' id='block_1_78' title="bbox 1992 3439 3570 3510">
    <p class='ocr_par' dir='ltr' id='par_1_78' title="bbox 1992 3439 3570 3510">
     <span class='ocr_line' id='line_1_78' title="bbox 1992 3439 3570 3510; baseline 0.013 -26"><span class='ocrx_word' id='word_1_566' title='bbox 1992 3447 2181 3487; x_wconf 85' lang='lat' dir='ltr'><strong>eorum</strong></span> <span class='ocrx_word' id='word_1_567' title='bbox 2213 3449 2333 3503; x_wconf 68' lang='lat' dir='ltr'><strong>qua:</strong></span> <span class='ocrx_word' id='word_1_568' title='bbox 2380 3439 2860 3502; x_wconf 47' lang='lat' dir='ltr'><strong>expectabantur.</strong></span> <span class='ocrx_word' id='word_1_569' title='bbox 2921 3442 2973 3494; x_wconf 80' lang='lat' dir='ltr'><strong>et</strong></span> <span class='ocrx_word' id='word_1_570' title='bbox 3026 3441 3206 3497; x_wconf 74' lang='lat' dir='ltr'><strong>futura</strong></span> <span class='ocrx_word' id='word_1_571' title='bbox 3243 3455 3420 3510; x_wconf 87' lang='lat' dir='ltr'><strong>erant,</strong></span> <span class='ocrx_word' id='word_1_572' title='bbox 3464 3449 3570 3504; x_wconf 88' lang='lat' dir='ltr'><strong>sub</strong></span> 
     </span>
    </p>
   </div>
   <div class='ocr_carea' id='block_1_79' title="bbox 1993 3527 3575 3608">
    <p class='ocr_par' dir='ltr' id='par_1_79' title="bbox 1993 3527 3575 3608">
     <span class='ocr_line' id='line_1_79' title="bbox 1993 3527 3575 3608; baseline 0.011 -30"><span class='ocrx_word' id='word_1_573' title='bbox 1993 3537 2272 3592; x_wconf 83' lang='lat' dir='ltr'><strong>aspectum</strong></span> <span class='ocrx_word' id='word_1_574' title='bbox 2305 3527 2458 3580; x_wconf 87' lang='lat' dir='ltr'><strong>valde</strong></span> <span class='ocrx_word' id='word_1_575' title='bbox 2485 3539 2788 3597; x_wconf 87' lang='lat' dir='ltr'><strong>opportune</strong></span> <span class='ocrx_word' id='word_1_576' title='bbox 2812 3534 2981 3598; x_wconf 90' lang='lat' dir='ltr'><strong>ponit;</strong></span> <span class='ocrx_word' id='word_1_577' title='bbox 3018 3535 3370 3602; x_wconf 88' lang='lat' dir='ltr'><strong>quamobrem</strong></span> <span class='ocrx_word' id='word_1_578' title='bbox 3397 3556 3575 3608; x_wconf 89' lang='lat' dir='ltr'><strong>quan-</strong></span> 
     </span>
    </p>
   </div>
   <div class='ocr_carea' id='block_1_80' title="bbox 1996 3614 3570 3690">
    <p class='ocr_par' dir='ltr' id='par_1_80' title="bbox 1996 3614 3570 3690">
     <span class='ocr_line' id='line_1_80' title="bbox 1996 3614 3570 3690; baseline 0.012 -24"><span class='ocrx_word' id='word_1_579' title='bbox 1996 3614 2110 3666; x_wconf 88' lang='lat' dir='ltr'><strong>tum</strong></span> <span class='ocrx_word' id='word_1_580' title='bbox 2138 3618 2436 3680; x_wconf 76' lang='lat' dir='ltr'><strong>Spectaculi</strong></span> <span class='ocrx_word' id='word_1_581' title='bbox 2489 3617 2652 3686; x_wconf 90' lang='lat' dir='ltr'><strong>hujus</strong></span> <span class='ocrx_word' id='word_1_582' title='bbox 2681 3621 2894 3690; x_wconf 82' lang='lat' dir='ltr'><strong>myStiei</strong></span> <span class='ocrx_word' id='word_1_583' title='bbox 2930 3634 3264 3690; x_wconf 75' lang='lat' dir='ltr'><strong>Spectatores</strong></span> <span class='ocrx_word' id='word_1_584' title='bbox 3297 3632 3570 3686; x_wconf 85' lang='lat' dir='ltr'><strong>sustinere</strong></span> 
     </span>
    </p>
   </div>
   <div class='ocr_carea' id='block_1_81' title="bbox 1993 3704 3570 3782">
    <p class='ocr_par' dir='ltr' id='par_1_81' title="bbox 1993 3704 3570 3782">
     <span class='ocr_line' id='line_1_81' title="bbox 1993 3704 3570 3782; baseline 0.013 -30"><span class='ocrx_word' id='word_1_585' title='bbox 1993 3711 2264 3768; x_wconf 82' lang='lat' dir='ltr'><strong>poterant,</strong></span> <span class='ocrx_word' id='word_1_586' title='bbox 2287 3705 2516 3772; x_wconf 79' lang='lat' dir='ltr'><strong>gloriam</strong></span> <span class='ocrx_word' id='word_1_587' title='bbox 2551 3704 2696 3760; x_wconf 86' lang='lat' dir='ltr'><strong>illam</strong></span> <span class='ocrx_word' id='word_1_588' title='bbox 2717 3710 3075 3772; x_wconf 84' lang='lat' dir='ltr'><strong>demonStrat,</strong></span> <span class='ocrx_word' id='word_1_589' title='bbox 3101 3727 3224 3766; x_wconf 89' lang='lat' dir='ltr'><strong>cum</strong></span> <span class='ocrx_word' id='word_1_590' title='bbox 3254 3731 3356 3782; x_wconf 86' lang='lat' dir='ltr'><strong>qua</strong></span> <span class='ocrx_word' id='word_1_591' title='bbox 3388 3717 3437 3769; x_wconf 86' lang='lat' dir='ltr'><strong>in</strong></span> <span class='ocrx_word' id='word_1_592' title='bbox 3464 3721 3570 3774; x_wconf 85' lang='lat' dir='ltr'><strong>line</strong></span> 
     </span>
    </p>
   </div>
   <div class='ocr_carea' id='block_1_82' title="bbox 1993 3783 3566 3877">
    <p class='ocr_par' dir='ltr' id='par_1_82' title="bbox 1993 3783 3566 3877">
     <span class='ocr_line' id='line_1_82' title="bbox 1993 3783 3566 3877; baseline 0.013 -32"><span class='ocrx_word' id='word_1_593' title='bbox 1993 3793 2314 3848; x_wconf 84' lang='lat' dir='ltr'><strong>s:eenlorum</strong></span> <span class='ocrx_word' id='word_1_594' title='bbox 2355 3783 2619 3852; x_wconf 75' lang='lat' dir='ltr'><strong>venturus</strong></span> <span class='ocrx_word' id='word_1_595' title='bbox 2676 3808 2778 3864; x_wconf 89' lang='lat' dir='ltr'><strong>est;</strong></span> <span class='ocrx_word' id='word_1_596' title='bbox 2816 3802 3114 3856; x_wconf 90' lang='lat' dir='ltr'><strong>secundum</strong></span> <span class='ocrx_word' id='word_1_597' title='bbox 3164 3821 3326 3872; x_wconf 90' lang='lat' dir='ltr'><strong>quam</strong></span> <span class='ocrx_word' id='word_1_598' title='bbox 3362 3817 3416 3862; x_wconf 87' lang='lat' dir='ltr'><strong>et</strong></span> <span class='ocrx_word' id='word_1_599' title='bbox 3462 3809 3566 3877; x_wconf 69' lang='lat' dir='ltr'><strong>ipsi</strong></span> 
     </span>
    </p>
   </div>
   <div class='ocr_carea' id='block_1_83' title="bbox 1995 3884 3566 3955">
    <p class='ocr_par' dir='ltr' id='par_1_83' title="bbox 1995 3884 3566 3955">
     <span class='ocr_line' id='line_1_83' title="bbox 1995 3884 3566 3955; baseline 0.013 -19"><span class='ocrx_word' id='word_1_600' title='bbox 1995 3884 2161 3937; x_wconf 89' lang='lat' dir='ltr'><strong>simul</strong></span> <span class='ocrx_word' id='word_1_601' title='bbox 2191 3886 2598 3954; x_wconf 77' lang='lat' dir='ltr'><strong>splendescent,</strong></span> <span class='ocrx_word' id='word_1_602' title='bbox 2637 3889 2775 3945; x_wconf 87' lang='lat' dir='ltr'><strong>hanc</strong></span> <span class='ocrx_word' id='word_1_603' title='bbox 2807 3906 3026 3947; x_wconf 66' lang='lat' dir='ltr'><strong>svorum</strong></span> <span class='ocrx_word' id='word_1_604' title='bbox 3059 3898 3424 3954; x_wconf 74' lang='lat' dir='ltr'><strong>certaminum</strong></span> <span class='ocrx_word' id='word_1_605' title='bbox 3477 3918 3566 3955; x_wconf 81' lang='lat' dir='ltr'><strong>rr-</strong></span> 
     </span>
    </p>
   </div>
   <div class='ocr_carea' id='block_1_84' title="bbox 1994 3981 3562 4064">
    <p class='ocr_par' dir='ltr' id='par_1_84' title="bbox 1994 3981 3562 4064">
     <span class='ocr_line' id='line_1_84' title="bbox 1994 3981 3562 4064; baseline 0.016 -36"><span class='ocrx_word' id='word_1_606' title='bbox 1994 3981 2429 4033; x_wconf 80' lang='lat' dir='ltr'><strong>muuerationem</strong></span> <span class='ocrx_word' id='word_1_607' title='bbox 2461 3982 2642 4045; x_wconf 87' lang='lat' dir='ltr'><strong>laturi,</strong></span> <span class='ocrx_word' id='word_1_608' title='bbox 2672 4000 2780 4054; x_wconf 90' lang='lat' dir='ltr'><strong>quo</strong></span> <span class='ocrx_word' id='word_1_609' title='bbox 2814 3988 2988 4056; x_wconf 81' lang='lat' dir='ltr'><strong>magis</strong></span> <span class='ocrx_word' id='word_1_610' title='bbox 3022 3989 3074 4043; x_wconf 93' lang='lat' dir='ltr'><strong>in</strong></span> <span class='ocrx_word' id='word_1_611' title='bbox 3111 3991 3377 4058; x_wconf 71' lang='lat' dir='ltr'><strong>periculis</strong></span> <span class='ocrx_word' id='word_1_612' title='bbox 3399 3998 3562 4064; x_wconf 87' lang='lat' dir='ltr'><strong>positi</strong></span> 
     </span>
    </p>
   </div>
   <div class='ocr_carea' id='block_1_85' title="bbox 1992 4069 3566 4145">
    <p class='ocr_par' dir='ltr' id='par_1_85' title="bbox 1992 4069 3566 4145">
     <span class='ocr_line' id='line_1_85' title="bbox 1992 4069 3566 4145; baseline 0.013 -22"><span class='ocrx_word' id='word_1_613' title='bbox 1992 4069 2270 4124; x_wconf 81' lang='lat' dir='ltr'><strong>centidant</strong></span> <span class='ocrx_word' id='word_1_614' title='bbox 2298 4073 2625 4140; x_wconf 87' lang='lat' dir='ltr'><strong>contemptis</strong></span> <span class='ocrx_word' id='word_1_615' title='bbox 2651 4078 3029 4145; x_wconf 68' lang='lat' dir='ltr'><strong>priesentibus,</strong></span> <span class='ocrx_word' id='word_1_616' title='bbox 3053 4083 3197 4136; x_wconf 89' lang='lat' dir='ltr'><strong>nulla</strong></span> <span class='ocrx_word' id='word_1_617' title='bbox 3223 4085 3566 4143; x_wconf 84' lang='lat' dir='ltr'><strong>rationeenm</strong></span> 
     </span>
    </p>
   </div>
   <div class='ocr_carea' id='block_1_86' title="bbox 1997 4159 3570 4247">
    <p class='ocr_par' dir='ltr' id='par_1_86' title="bbox 1997 4159 3570 4247">
     <span class='ocr_line' id='line_1_86' title="bbox 1997 4159 3570 4247; baseline 0.012 -35"><span class='ocrx_word' id='word_1_618' title='bbox 1997 4159 2064 4213; x_wconf 89' lang='lat' dir='ltr'><strong>iis</strong></span> <span class='ocrx_word' id='word_1_619' title='bbox 2111 4177 2233 4229; x_wconf 60' lang='lat' dir='ltr'><strong>quae</strong></span> <span class='ocrx_word' id='word_1_620' title='bbox 2303 4171 2638 4232; x_wconf 70' lang='lat' dir='ltr'><strong>spectantur,</strong></span> <span class='ocrx_word' id='word_1_621' title='bbox 2703 4167 2804 4222; x_wconf 83' lang='lat' dir='ltr'><strong>ista</strong></span> <span class='ocrx_word' id='word_1_622' title='bbox 2861 4183 3266 4240; x_wconf 84' lang='lat' dir='ltr'><strong>comparantes.</strong></span> <span class='ocrx_word' id='word_1_623' title='bbox 3318 4176 3570 4247; x_wconf 78' lang='lat' dir='ltr'><strong>judican-</strong></span> 
     </span>
    </p>
   </div>
   <div class='ocr_carea' id='block_1_87' title="bbox 1991 4255 3574 4343">
    <p class='ocr_par' dir='ltr' id='par_1_87' title="bbox 1991 4255 3574 4343">
     <span class='ocr_line' id='line_1_87' title="bbox 1991 4255 3574 4343; baseline 0.012 -36"><span class='ocrx_word' id='word_1_624' title='bbox 1991 4261 2072 4307; x_wconf 87' lang='lat' dir='ltr'><strong>tes</strong></span> <span class='ocrx_word' id='word_1_625' title='bbox 2123 4268 2383 4309; x_wconf 42' lang='lat' dir='ltr'><strong>nonvesse</strong></span> <span class='ocrx_word' id='word_1_626' title='bbox 2417 4255 2606 4325; x_wconf 72' lang='lat' dir='ltr'><strong>dignas</strong></span> <span class='ocrx_word' id='word_1_627' title='bbox 2627 4261 2899 4327; x_wconf 79' lang='lat' dir='ltr'><strong>passiones</strong></span> <span class='ocrx_word' id='word_1_628' title='bbox 2934 4263 3094 4332; x_wconf 78' lang='lat' dir='ltr'><strong>hujus</strong></span> <span class='ocrx_word' id='word_1_629' title='bbox 3121 4270 3368 4336; x_wconf 78' lang='lat' dir='ltr'><strong>temporis</strong></span> <span class='ocrx_word' id='word_1_630' title='bbox 3387 4273 3458 4326; x_wconf 83' lang='lat' dir='ltr'><strong>ad</strong></span> <span class='ocrx_word' id='word_1_631' title='bbox 3487 4273 3574 4343; x_wconf 80' lang='lat' dir='ltr'><strong>fu-</strong></span> 
     </span>
    </p>
   </div>
   <div class='ocr_carea' id='block_1_88' title="bbox 1993 4344 3568 4433">
    <p class='ocr_par' dir='ltr' id='par_1_88' title="bbox 1993 4344 3568 4433">
     <span class='ocr_line' id='line_1_88' title="bbox 1993 4344 3568 4433; baseline 0.017 -40"><span class='ocrx_word' id='word_1_632' title='bbox 1993 4350 2166 4395; x_wconf 87' lang='lat' dir='ltr'><strong>turam</strong></span> <span class='ocrx_word' id='word_1_633' title='bbox 2204 4344 2450 4413; x_wconf 86' lang='lat' dir='ltr'><strong>gloriam,</strong></span> <span class='ocrx_word' id='word_1_634' title='bbox 2479 4363 2595 4416; x_wconf 72' lang='lat' dir='ltr'><strong>qum</strong></span> <span class='ocrx_word' id='word_1_635' title='bbox 2636 4349 2955 4405; x_wconf 81' lang='lat' dir='ltr'><strong>revelabitur</strong></span> <span class='ocrx_word' id='word_1_636' title='bbox 3001 4355 3053 4406; x_wconf 85' lang='lat' dir='ltr'><strong>in</strong></span> <span class='ocrx_word' id='word_1_637' title='bbox 3093 4357 3240 4411; x_wconf 80' lang='lat' dir='ltr'><strong>nobis</strong></span> <span class='ocrx_word' id='word_1_638' title='bbox 3295 4360 3361 4414; x_wconf 79' lang='grc'><strong>⁸⁸.</strong></span> <span class='ocrx_word' id='word_1_639' title='bbox 3400 4364 3568 4433; x_wconf 78' lang='lat' dir='ltr'><strong>Atqui</strong></span> 
     </span>
    </p>
   </div>
   <div class='ocr_carea' id='block_1_89' title="bbox 1993 4439 3573 4525">
    <p class='ocr_par' dir='ltr' id='par_1_89' title="bbox 1993 4439 3573 4525">
     <span class='ocr_line' id='line_1_89' title="bbox 1993 4439 3573 4525; baseline 0.016 -39"><span class='ocrx_word' id='word_1_640' title='bbox 1993 4449 2102 4487; x_wconf 89' lang='lat' dir='ltr'><strong>non</strong></span> <span class='ocrx_word' id='word_1_641' title='bbox 2133 4452 2350 4506; x_wconf 89' lang='lat' dir='ltr'><strong>semper</strong></span> <span class='ocrx_word' id='word_1_642' title='bbox 2374 4439 2487 4492; x_wconf 71' lang='lat' dir='ltr'><strong>lutet:</strong></span> <span class='ocrx_word' id='word_1_643' title='bbox 2522 4441 2817 4507; x_wconf 88' lang='lat' dir='ltr'><strong>durarunt;</strong></span> <span class='ocrx_word' id='word_1_644' title='bbox 2866 4445 2958 4497; x_wconf 88' lang='lat' dir='ltr'><strong>sed</strong></span> <span class='ocrx_word' id='word_1_645' title='bbox 2995 4446 3083 4502; x_wconf 91' lang='lat' dir='ltr'><strong>hic</strong></span> <span class='ocrx_word' id='word_1_646' title='bbox 3117 4451 3181 4500; x_wconf 87' lang='lat' dir='ltr'><strong>ad</strong></span> <span class='ocrx_word' id='word_1_647' title='bbox 3212 4459 3424 4523; x_wconf 83' lang='lat' dir='ltr'><strong>tempus</strong></span> <span class='ocrx_word' id='word_1_648' title='bbox 3465 4474 3573 4525; x_wconf 78' lang='lat' dir='ltr'><strong>gu-</strong></span> 
     </span>
    </p>
   </div>
   <div class='ocr_carea' id='block_1_90' title="bbox 314 4513 3570 4609">
    <p class='ocr_par' dir='ltr' id='par_1_90' title="bbox 314 4513 3570 4609">
     <span class='ocr_line' id='line_1_90' title="bbox 314 4513 3570 4609; baseline 0.012 -46"><span class='ocrx_word' id='word_1_649' title='bbox 314 4522 396 4563; x_wconf 84' lang='lat' dir='ltr'><strong>est</strong></span> <span class='ocrx_word' id='word_1_650' title='bbox 424 4513 793 4581; x_wconf 76' lang='lat' dir='ltr'><strong>multipliciter</strong></span> <span class='ocrx_word' id='word_1_651' title='bbox 850 4518 958 4572; x_wconf 91' lang='lat' dir='ltr'><strong>dici</strong></span> <span class='ocrx_word' id='word_1_652' title='bbox 1017 4521 1199 4574; x_wconf 87' lang='lat' dir='ltr'><strong>lumen</strong></span> <span class='ocrx_word' id='word_1_653' title='bbox 1252 4524 1554 4577; x_wconf 84' lang='lat' dir='ltr'><strong>secundum</strong></span> <span class='ocrx_word' id='word_1_654' title='bbox 1601 4527 1882 4596; x_wconf 74' lang='lat' dir='ltr'><strong>multiplex</strong></span> <span class='ocrx_word' id='word_1_655' title='bbox 1923 4523 1964 4576; x_wconf 85' lang='lat' dir='ltr'><strong>D</strong></span> <span class='ocrx_word' id='word_1_656' title='bbox 1995 4527 2246 4598; x_wconf 67' lang='lat' dir='ltr'><strong>bet-nata,</strong></span> <span class='ocrx_word' id='word_1_657' title='bbox 2275 4538 2421 4596; x_wconf 73' lang='lat' dir='ltr'><strong>gesta</strong></span> <span class='ocrx_word' id='word_1_658' title='bbox 2451 4540 2601 4596; x_wconf 92' lang='lat' dir='ltr'><strong>sunt;</strong></span> <span class='ocrx_word' id='word_1_659' title='bbox 2634 4535 2830 4589; x_wconf 89' lang='lat' dir='ltr'><strong>modus</strong></span> <span class='ocrx_word' id='word_1_660' title='bbox 2847 4537 2991 4591; x_wconf 89' lang='lat' dir='ltr'><strong>enim</strong></span> <span class='ocrx_word' id='word_1_661' title='bbox 3019 4513 3432 4609; x_wconf 76' lang='lat' dir='ltr'><strong>gubernationis</strong></span> <span class='ocrx_word' id='word_1_662' title='bbox 3461 4513 3570 4605; x_wconf 58' lang='lat' dir='ltr'><strong>cst.</strong></span> 
     </span>
    </p>
   </div>
   <div class='ocr_carea' id='block_1_91' title="bbox 316 4613 1886 4687">
    <p class='ocr_par' dir='ltr' id='par_1_91' title="bbox 316 4613 1886 4687">
     <span class='ocr_line' id='line_1_91' title="bbox 316 4613 1886 4687; baseline 0.01 -31"><span class='ocrx_word' id='word_1_663' title='bbox 316 4620 539 4670; x_wconf 89' lang='lat' dir='ltr'><strong>nomen,</strong></span> <span class='ocrx_word' id='word_1_664' title='bbox 569 4617 622 4660; x_wconf 91' lang='lat' dir='ltr'><strong>et</strong></span> <span class='ocrx_word' id='word_1_665' title='bbox 651 4623 745 4676; x_wconf 91' lang='lat' dir='ltr'><strong>per</strong></span> <span class='ocrx_word' id='word_1_666' title='bbox 763 4624 977 4663; x_wconf 89' lang='lat' dir='ltr'><strong>omnem</strong></span> <span class='ocrx_word' id='word_1_667' title='bbox 1014 4613 1372 4681; x_wconf 86' lang='lat' dir='ltr'><strong>symbolieam</strong></span> <span class='ocrx_word' id='word_1_668' title='bbox 1407 4617 1734 4687; x_wconf 68' lang='lat' dir='ltr'><strong>theologiam</strong></span> <span class='ocrx_word' id='word_1_669' title='bbox 1767 4632 1886 4672; x_wconf 90' lang='lat' dir='ltr'><strong>teu-</strong></span> 
     </span>
    </p>
   </div>
   <div class='ocr_carea' id='block_1_92' title="bbox 315 4698 1888 4774">
    <p class='ocr_par' dir='ltr' id='par_1_92' title="bbox 315 4698 1888 4774">
     <span class='ocr_line' id='line_1_92' title="bbox 315 4698 1888 4774; baseline 0.01 -24"><span class='ocrx_word' id='word_1_670' title='bbox 315 4698 466 4759; x_wconf 86' lang='lat' dir='ltr'><strong>dere;</strong></span> <span class='ocrx_word' id='word_1_671' title='bbox 499 4699 604 4753; x_wconf 90' lang='lat' dir='ltr'><strong>hue</strong></span> <span class='ocrx_word' id='word_1_672' title='bbox 637 4701 873 4754; x_wconf 86' lang='lat' dir='ltr'><strong>accessit</strong></span> <span class='ocrx_word' id='word_1_673' title='bbox 899 4701 1028 4755; x_wconf 90' lang='lat' dir='ltr'><strong>illud</strong></span> <span class='ocrx_word' id='word_1_674' title='bbox 1063 4705 1128 4757; x_wconf 85' lang='lat' dir='ltr'><strong>de</strong></span> <span class='ocrx_word' id='word_1_675' title='bbox 1159 4704 1296 4760; x_wconf 81' lang='lat' dir='ltr'><strong>facie</strong></span> <span class='ocrx_word' id='word_1_676' title='bbox 1331 4708 1541 4761; x_wconf 85' lang='lat' dir='ltr'><strong>I)otnini</strong></span> <span class='ocrx_word' id='word_1_677' title='bbox 1570 4725 1690 4774; x_wconf 70' lang='lat' dir='ltr'><strong>quae</strong></span> <span class='ocrx_word' id='word_1_678' title='bbox 1721 4713 1772 4763; x_wconf 93' lang='lat' dir='ltr'><strong>in</strong></span> <span class='ocrx_word' id='word_1_679' title='bbox 1808 4712 1888 4765; x_wconf 86' lang='lat' dir='ltr'><strong>di-</strong></span> 
     </span>
    </p>
   </div>
   <div class='ocr_carea' id='block_1_93' title="bbox 315 4786 1888 4869">
    <p class='ocr_par' dir='ltr' id='par_1_93' title="bbox 315 4786 1888 4869">
     <span class='ocr_line' id='line_1_93' title="bbox 315 4786 1888 4869; baseline 0.014 -35"><span class='ocrx_word' id='word_1_680' title='bbox 315 4786 437 4837; x_wconf 83' lang='lat' dir='ltr'><strong>vina</strong></span> <span class='ocrx_word' id='word_1_681' title='bbox 481 4790 964 4858; x_wconf 77' lang='lat' dir='ltr'><strong>transliguratioue</strong></span> <span class='ocrx_word' id='word_1_682' title='bbox 1001 4793 1338 4862; x_wconf 86' lang='lat' dir='ltr'><strong>resplenduit</strong></span> <span class='ocrx_word' id='word_1_683' title='bbox 1371 4797 1514 4850; x_wconf 90' lang='lat' dir='ltr'><strong>sicut</strong></span> <span class='ocrx_word' id='word_1_684' title='bbox 1539 4799 1641 4863; x_wconf 89' lang='lat' dir='ltr'><strong>sol,</strong></span> <span class='ocrx_word' id='word_1_685' title='bbox 1672 4801 1761 4869; x_wconf 87' lang='lat' dir='ltr'><strong>qui</strong></span> <span class='ocrx_word' id='word_1_686' title='bbox 1804 4812 1888 4856; x_wconf 90' lang='lat' dir='ltr'><strong>est</strong></span> 
     </span>
    </p>
   </div>
   <div class='ocr_carea' id='block_1_94' title="bbox 314 4880 1890 4962">
    <p class='ocr_par' dir='ltr' id='par_1_94' title="bbox 314 4880 1890 4962">
     <span class='ocr_line' id='line_1_94' title="bbox 314 4880 1890 4962; baseline 0.011 -31"><span class='ocrx_word' id='word_1_687' title='bbox 314 4880 570 4934; x_wconf 89' lang='lat' dir='ltr'><strong>oumibus</strong></span> <span class='ocrx_word' id='word_1_688' title='bbox 601 4897 718 4949; x_wconf 83' lang='lat' dir='ltr'><strong>qme</strong></span> <span class='ocrx_word' id='word_1_689' title='bbox 739 4896 900 4937; x_wconf 83' lang='lat' dir='ltr'><strong>sensu</strong></span> <span class='ocrx_word' id='word_1_690' title='bbox 930 4885 1329 4954; x_wconf 81' lang='lat' dir='ltr'><strong>percipiuntur,</strong></span> <span class='ocrx_word' id='word_1_691' title='bbox 1353 4889 1611 4946; x_wconf 79' lang='lat' dir='ltr'><strong>nobilior.</strong></span> <span class='ocrx_word' id='word_1_692' title='bbox 1643 4892 1890 4962; x_wconf 71' lang='lat' dir='ltr'><strong>Respieit-</strong></span> 
     </span>
    </p>
   </div>
   <div class='ocr_carea' id='block_1_95' title="bbox 315 4970 1888 5048">
    <p class='ocr_par' dir='ltr' id='par_1_95' title="bbox 315 4970 1888 5048">
     <span class='ocr_line' id='line_1_95' title="bbox 315 4970 1888 5048; baseline 0.011 -27"><span class='ocrx_word' id='word_1_693' title='bbox 315 4970 428 5022; x_wconf 78' lang='lat' dir='ltr'><strong>duit</strong></span> <span class='ocrx_word' id='word_1_694' title='bbox 461 4974 625 5036; x_wconf 86' lang='lat' dir='ltr'><strong>enim,</strong></span> <span class='ocrx_word' id='word_1_695' title='bbox 662 4975 861 5045; x_wconf 74' lang='lat' dir='ltr'><strong>inquit.</strong></span> <span class='ocrx_word' id='word_1_696' title='bbox 919 4977 1085 5044; x_wconf 79' lang='lat' dir='ltr'><strong>facies</strong></span> <span class='ocrx_word' id='word_1_697' title='bbox 1135 4979 1251 5047; x_wconf 81' lang='lat' dir='ltr'><strong>ejus</strong></span> <span class='ocrx_word' id='word_1_698' title='bbox 1300 4980 1433 5034; x_wconf 75' lang='lat' dir='ltr'><strong>sicut</strong></span> <span class='ocrx_word' id='word_1_699' title='bbox 1489 4984 1587 5048; x_wconf 84' lang='lat' dir='ltr'><strong>sol,</strong></span> <span class='ocrx_word' id='word_1_700' title='bbox 1632 4994 1682 5036; x_wconf 83' lang='lat' dir='ltr'><strong>et</strong></span> <span class='ocrx_word' id='word_1_701' title='bbox 1734 4989 1888 5038; x_wconf 81' lang='lat' dir='ltr'><strong>vesti-</strong></span> 
     </span>
    </p>
   </div>
   <div class='ocr_carea' id='block_1_96' title="bbox 317 5068 1704 5132">
    <p class='ocr_par' dir='ltr' id='par_1_96' title="bbox 317 5068 1704 5132">
     <span class='ocr_line' id='line_1_96' title="bbox 317 5068 1704 5132; baseline 0.01 -16"><span class='ocrx_word' id='word_1_702' title='bbox 317 5076 490 5116; x_wconf 83' lang='lat' dir='ltr'><strong>menta</strong></span> <span class='ocrx_word' id='word_1_703' title='bbox 521 5068 664 5132; x_wconf 72' lang='lat' dir='ltr'><strong>facta</strong></span> <span class='ocrx_word' id='word_1_704' title='bbox 682 5069 935 5122; x_wconf 70' lang='lat' dir='ltr'><strong>suntutbu</strong></span> <span class='ocrx_word' id='word_1_705' title='bbox 961 5072 1094 5122; x_wconf 83' lang='lat' dir='ltr'><strong>sicut</strong></span> <span class='ocrx_word' id='word_1_706' title='bbox 1127 5071 1296 5124; x_wconf 80' lang='lat' dir='ltr'><strong>lumen</strong></span> <span class='ocrx_word' id='word_1_707' title='bbox 1326 5072 1390 5126; x_wconf 75' lang='grc'><strong>⁸³.</strong></span> <span class='ocrx_word' id='word_1_708' title='bbox 1673 5084 1704 5104; x_wconf 75' lang='lat'><strong>‘</strong></span> 
     </span>
    </p>
   </div>
   <div class='ocr_carea' id='block_1_97' title="bbox 937 5162 1287 5218">
    <p class='ocr_par' dir='ltr' id='par_1_97' title="bbox 937 5162 1287 5218">
     <span class='ocr_line' id='line_1_97' title="bbox 937 5162 1287 5218; baseline 0.011 -4"><span class='ocrx_word' id='word_1_709' title='bbox 937 5162 1167 5218; x_wconf 75' lang='lat' dir='ltr'><strong>CAPUT</strong></span> <span class='ocrx_word' id='word_1_710' title='bbox 1199 5163 1287 5218; x_wconf 78' lang='lat' dir='ltr'><strong>IV.</strong></span> 
     </span>
    </p>
   </div>
   <div class='ocr_carea' id='block_1_98' title="bbox 319 5249 1884 5325">
    <p class='ocr_par' dir='ltr' id='par_1_98' title="bbox 319 5249 1884 5325">
     <span class='ocr_line' id='line_1_98' title="bbox 319 5249 1884 5325; baseline 0.008 -26"><span class='ocrx_word' id='word_1_711' title='bbox 319 5249 494 5325; x_wconf 33' lang='lat' dir='ltr'><strong>Quod‘</strong></span> <span class='ocrx_word' id='word_1_712' title='bbox 523 5251 682 5325; x_wconf 76' lang='lat' dir='ltr'><strong>facies</strong></span> <span class='ocrx_word' id='word_1_713' title='bbox 748 5251 958 5305; x_wconf 84' lang='lat' dir='ltr'><strong>Domim</strong></span> <span class='ocrx_word' id='word_1_714' title='bbox 1004 5255 1194 5313; x_wconf 83' lang='lat' dir='ltr'><strong>nostri.</strong></span> <span class='ocrx_word' id='word_1_715' title='bbox 1241 5271 1357 5324; x_wconf 80' lang='lat' dir='ltr'><strong>qua:</strong></span> <span class='ocrx_word' id='word_1_716' title='bbox 1415 5265 1664 5325; x_wconf 80' lang='lat' dir='ltr'><strong>tauquam</strong></span> <span class='ocrx_word' id='word_1_717' title='bbox 1715 5260 1796 5310; x_wconf 83' lang='lat' dir='ltr'><strong>sol</strong></span> <span class='ocrx_word' id='word_1_718' title='bbox 1831 5261 1884 5313; x_wconf 86' lang='lat' dir='ltr'><strong>in</strong></span> 
     </span>
    </p>
   </div>
   <div class='ocr_carea' id='block_1_99' title="bbox 387 5321 1885 5397">
    <p class='ocr_par' dir='ltr' id='par_1_99' title="bbox 387 5321 1885 5397">
     <span class='ocr_line' id='line_1_99' title="bbox 387 5321 1885 5397; baseline 0.007 -27"><span class='ocrx_word' id='word_1_719' title='bbox 387 5321 717 5397; x_wconf 61' lang='lat' dir='ltr'><strong>dit-inissimg</strong></span> <span class='ocrx_word' id='word_1_720' title='bbox 747 5325 1212 5397; x_wconf 75' lang='lat' dir='ltr'><strong>transﬁguratione</strong></span> <span class='ocrx_word' id='word_1_721' title='bbox 1238 5321 1580 5393; x_wconf 74' lang='lat' dir='ltr'><strong>resplettduit,</strong></span> <span class='ocrx_word' id='word_1_722' title='bbox 1627 5339 1674 5380; x_wconf 86' lang='lat' dir='ltr'><strong>et</strong></span> <span class='ocrx_word' id='word_1_723' title='bbox 1708 5330 1885 5397; x_wconf 72' lang='lat' dir='ltr'><strong>splen-</strong></span> 
     </span>
    </p>
   </div>
   <div class='ocr_carea' id='block_1_100' title="bbox 384 5391 1886 5464">
    <p class='ocr_par' dir='ltr' id='par_1_100' title="bbox 384 5391 1886 5464">
     <span class='ocr_line' id='line_1_100' title="bbox 384 5391 1886 5464; baseline 0.006 -22"><span class='ocrx_word' id='word_1_724' title='bbox 384 5392 482 5442; x_wconf 87' lang='lat' dir='ltr'><strong>dor</strong></span> <span class='ocrx_word' id='word_1_725' title='bbox 539 5391 774 5457; x_wconf 77' lang='lat' dir='ltr'><strong>ejusdem</strong></span> <span class='ocrx_word' id='word_1_726' title='bbox 822 5393 1057 5446; x_wconf 80' lang='lat' dir='ltr'><strong>decorem</strong></span> <span class='ocrx_word' id='word_1_727' title='bbox 1103 5391 1335 5461; x_wconf 70' lang='lat' dir='ltr'><strong>eorporis</strong></span> <span class='ocrx_word' id='word_1_728' title='bbox 1387 5409 1499 5464; x_wconf 71' lang='lat' dir='ltr'><strong>post</strong></span> <span class='ocrx_word' id='word_1_729' title='bbox 1543 5391 1886 5452; x_wconf 73' lang='lat' dir='ltr'><strong>resurrectio-</strong></span> 
     </span>
    </p>
   </div>
   <div class='ocr_carea' id='block_1_101' title="bbox 386 5464 1884 5536">
    <p class='ocr_par' dir='ltr' id='par_1_101' title="bbox 386 5464 1884 5536">
     <span class='ocr_line' id='line_1_101' title="bbox 386 5464 1884 5536; baseline 0.008 -26"><span class='ocrx_word' id='word_1_730' title='bbox 386 5477 500 5512; x_wconf 78' lang='lat' dir='ltr'><strong>nem</strong></span> <span class='ocrx_word' id='word_1_731' title='bbox 537 5464 845 5536; x_wconf 79' lang='lat' dir='ltr'><strong>glori/irati,</strong></span> <span class='ocrx_word' id='word_1_732' title='bbox 889 5477 936 5514; x_wconf 87' lang='lat' dir='ltr'><strong>et</strong></span> <span class='ocrx_word' id='word_1_733' title='bbox 983 5465 1224 5532; x_wconf 77' lang='lat' dir='ltr'><strong>futurum</strong></span> <span class='ocrx_word' id='word_1_734' title='bbox 1282 5467 1395 5532; x_wconf 87' lang='lat' dir='ltr'><strong>ejus</strong></span> <span class='ocrx_word' id='word_1_735' title='bbox 1425 5467 1680 5536; x_wconf 65' lang='lat' dir='ltr'><strong>fulgorem</strong></span> <span class='ocrx_word' id='word_1_736' title='bbox 1727 5485 1884 5522; x_wconf 73' lang='lat' dir='ltr'><strong>utnu-</strong></span> 
     </span>
    </p>
   </div>
   <div class='ocr_carea' id='block_1_102' title="bbox 389 5531 1882 5604">
    <p class='ocr_par' dir='ltr' id='par_1_102' title="bbox 389 5531 1882 5604">
     <span class='ocr_line' id='line_1_102' title="bbox 389 5531 1882 5604; baseline 0.007 -23"><span class='ocrx_word' id='word_1_737' title='bbox 389 5539 549 5604; x_wconf 79' lang='lat' dir='ltr'><strong>ratein</strong></span> <span class='ocrx_word' id='word_1_738' title='bbox 580 5531 851 5597; x_wconf 71' lang='lat' dir='ltr'><strong>ﬁguravit,</strong></span> <span class='ocrx_word' id='word_1_739' title='bbox 882 5549 926 5585; x_wconf 82' lang='lat' dir='ltr'><strong>et</strong></span> <span class='ocrx_word' id='word_1_740' title='bbox 984 5531 1190 5588; x_wconf 81' lang='lat' dir='ltr'><strong>idcirco</strong></span> <span class='ocrx_word' id='word_1_741' title='bbox 1213 5536 1267 5588; x_wconf 84' lang='lat' dir='ltr'><strong>in</strong></span> <span class='ocrx_word' id='word_1_742' title='bbox 1305 5531 1569 5604; x_wconf 63' lang='lat' dir='ltr'><strong>aspectum</strong></span> <span class='ocrx_word' id='word_1_743' title='bbox 1609 5539 1882 5592; x_wconf 83' lang='lat' dir='ltr'><strong>oculorum</strong></span> 
     </span>
    </p>
   </div>
   <div class='ocr_carea' id='block_1_103' title="bbox 382 5602 589 5653">
    <p class='ocr_par' dir='ltr' id='par_1_103' title="bbox 382 5602 589 5653">
     <span class='ocr_line' id='line_1_103' title="bbox 382 5602 589 5653; baseline 0 0"><span class='ocrx_word' id='word_1_744' title='bbox 382 5602 589 5653; x_wconf 80' lang='lat' dir='ltr'><strong>cecidit.</strong></span> 
     </span>
    </p>
   </div>
   <div class='ocr_carea' id='block_1_104' title="bbox 1250 5649 1258 5668">
    <p class='ocr_par' dir='ltr' id='par_1_104' title="bbox 1250 5649 1258 5668">
     <span class='ocr_line' id='line_1_104' title="bbox 1250 5649 1258 5668; baseline 0 0"><span class='ocrx_word' id='word_1_745' title='bbox 1250 5649 1258 5668; x_wconf 82' lang='grc'><strong>1</strong></span> 
     </span>
    </p>
   </div>
   <div class='ocr_carea' id='block_1_105' title="bbox 383 5693 1882 5765">
    <p class='ocr_par' dir='ltr' id='par_1_105' title="bbox 383 5693 1882 5765">
     <span class='ocr_line' id='line_1_105' title="bbox 383 5693 1882 5765; baseline 0.009 -17"><span class='ocrx_word' id='word_1_746' title='bbox 383 5693 611 5748; x_wconf 86' lang='lat' dir='ltr'><strong>Divinus</strong></span> <span class='ocrx_word' id='word_1_747' title='bbox 633 5694 1078 5764; x_wconf 71' lang='lat' dir='ltr'><strong>Chrysrtstomus,</strong></span> <span class='ocrx_word' id='word_1_748' title='bbox 1101 5699 1322 5754; x_wconf 80' lang='lat' dir='ltr'><strong>ltomtlia</strong></span> <span class='ocrx_word' id='word_1_749' title='bbox 1350 5699 1438 5765; x_wconf 76' lang='lat'><strong>56,</strong></span> <span class='ocrx_word' id='word_1_750' title='bbox 1463 5701 1882 5763; x_wconf 70' lang='lat' dir='ltr'><strong>inMattluenm:</strong></span> 
     </span>
    </p>
   </div>
   <div class='ocr_carea' id='block_1_106' title="bbox 382 5834 1497 5909">
    <p class='ocr_par' dir='ltr' id='par_1_106' title="bbox 382 5834 1497 5909">
     <span class='ocr_line' id='line_1_106' title="bbox 382 5834 1497 5909; baseline 0.008 -19"><span class='ocrx_word' id='word_1_751' title='bbox 382 5835 430 5868; x_wconf 83' lang='grc'><strong><em>⁸³</em></strong></span> <span class='ocrx_word' id='word_1_752' title='bbox 451 5834 644 5891; x_wconf 78' lang='lat' dir='ltr'><strong>Matth.</strong></span> <span class='ocrx_word' id='word_1_753' title='bbox 673 5852 802 5904; x_wconf 81' lang='lat' dir='ltr'><strong>xvn,</strong></span> <span class='ocrx_word' id='word_1_754' title='bbox 833 5837 888 5892; x_wconf 68' lang='grc'><strong>2.</strong></span> <span class='ocrx_word' id='word_1_755' title='bbox 969 5842 1013 5875; x_wconf 68' lang='grc' dir='ltr'>εδ</span> <span class='ocrx_word' id='word_1_756' title='bbox 1041 5841 1228 5898; x_wconf 80' lang='lat' dir='ltr'><strong>Matth.</strong></span> <span class='ocrx_word' id='word_1_757' title='bbox 1273 5860 1381 5909; x_wconf 77' lang='lat' dir='ltr'><strong>\‘i‘l,</strong></span> <span class='ocrx_word' id='word_1_758' title='bbox 1409 5846 1497 5899; x_wconf 72' lang='grc' dir='ltr'>Εἶι.</span> 
     </span>
    </p>
   </div>
   <div class='ocr_carea' id='block_1_107' title="bbox 1578 5845 2100 5919">
    <p class='ocr_par' dir='ltr' id='par_1_107' title="bbox 1578 5845 2100 5919">
     <span class='ocr_line' id='line_1_107' title="bbox 1578 5845 2100 5919; baseline 0.023 -23"><span class='ocrx_word' id='word_1_759' title='bbox 1578 5847 1623 5877; x_wconf 61' lang='grc'><strong>⁸⁵</strong></span> <span class='ocrx_word' id='word_1_760' title='bbox 1653 5845 1813 5904; x_wconf 74' lang='lat' dir='ltr'><strong>lium.</strong></span> <span class='ocrx_word' id='word_1_761' title='bbox 1843 5867 1960 5919; x_wconf 84' lang='lat' dir='ltr'><strong>vtn,</strong></span> <span class='ocrx_word' id='word_1_762' title='bbox 2017 5853 2100 5908; x_wconf 78' lang='grc'><strong>18.</strong></span> 
     </span>
    </p>
   </div>
   <div class='ocr_carea' id='block_1_108' title="bbox 1997 4619 3574 4706">
    <p class='ocr_par' dir='ltr' id='par_1_108' title="bbox 1997 4619 3574 4706">
     <span class='ocr_line' id='line_1_108' title="bbox 1997 4619 3574 4706; baseline 0.018 -34"><span class='ocrx_word' id='word_1_763' title='bbox 1997 4619 2234 4676; x_wconf 85' lang='lat' dir='ltr'><strong>Sanetus</strong></span> <span class='ocrx_word' id='word_1_764' title='bbox 2269 4624 2504 4693; x_wconf 58' lang='lat' dir='ltr'><strong>Cyrillus</strong></span> <span class='ocrx_word' id='word_1_765' title='bbox 2561 4627 2964 4686; x_wconf 82' lang='lat' dir='ltr'><strong>Alexandrinus</strong></span> <span class='ocrx_word' id='word_1_766' title='bbox 2995 4633 3048 4687; x_wconf 94' lang='lat' dir='ltr'><strong>in</strong></span> <span class='ocrx_word' id='word_1_767' title='bbox 3086 4638 3574 4706; x_wconf 75' lang='lat' dir='ltr'><strong>explanationihua</strong></span> 
     </span>
    </p>
   </div>
   <div class='ocr_carea' id='block_1_109' title="bbox 1997 4715 3572 4801">
    <p class='ocr_par' dir='ltr' id='par_1_109' title="bbox 1997 4715 3572 4801">
     <span class='ocr_line' id='line_1_109' title="bbox 1997 4715 3572 4801; baseline 0.017 -34"><span class='ocrx_word' id='word_1_768' title='bbox 1997 4715 2050 4767; x_wconf 90' lang='lat' dir='ltr'><strong>in</strong></span> <span class='ocrx_word' id='word_1_769' title='bbox 2097 4715 2299 4769; x_wconf 79' lang='lat' dir='ltr'><strong>Luram</strong></span> <span class='ocrx_word' id='word_1_770' title='bbox 2328 4755 2336 4764; x_wconf 97' lang='lat'><strong>.</strong></span> <span class='ocrx_word' id='word_1_771' title='bbox 2373 4717 2594 4772; x_wconf 76' lang='lat' dir='ltr'><strong>Factam</strong></span> <span class='ocrx_word' id='word_1_772' title='bbox 2626 4736 2746 4776; x_wconf 88' lang='lat' dir='ltr'><strong>esse</strong></span> <span class='ocrx_word' id='word_1_773' title='bbox 2772 4722 3007 4780; x_wconf 79' lang='lat' dir='ltr'><strong>dit-imus</strong></span> <span class='ocrx_word' id='word_1_774' title='bbox 3036 4736 3572 4801; x_wconf 80' lang='lat' dir='ltr'><strong>transligurationem</strong></span> 
     </span>
    </p>
   </div>
   <div class='ocr_carea' id='block_1_110' title="bbox 1999 4806 3577 4890">
    <p class='ocr_par' dir='ltr' id='par_1_110' title="bbox 1999 4806 3577 4890">
     <span class='ocr_line' id='line_1_110' title="bbox 1999 4806 3577 4890; baseline 0.016 -34"><span class='ocrx_word' id='word_1_775' title='bbox 1999 4820 2104 4858; x_wconf 84' lang='lat' dir='ltr'><strong>non</strong></span> <span class='ocrx_word' id='word_1_776' title='bbox 2131 4806 2211 4859; x_wconf 90' lang='lat' dir='ltr'><strong>sic</strong></span> <span class='ocrx_word' id='word_1_777' title='bbox 2240 4807 2482 4873; x_wconf 83' lang='lat' dir='ltr'><strong>quidem,</strong></span> <span class='ocrx_word' id='word_1_778' title='bbox 2528 4820 2584 4864; x_wconf 92' lang='lat' dir='ltr'><strong>ut</strong></span> <span class='ocrx_word' id='word_1_779' title='bbox 2618 4828 2820 4881; x_wconf 80' lang='lat' dir='ltr'><strong>t-orpus</strong></span> <span class='ocrx_word' id='word_1_780' title='bbox 2854 4816 3149 4872; x_wconf 81' lang='lat' dir='ltr'><strong>humanum</strong></span> <span class='ocrx_word' id='word_1_781' title='bbox 3179 4822 3402 4890; x_wconf 58' lang='lat' dir='ltr'><strong>ﬁguram</strong></span> <span class='ocrx_word' id='word_1_782' title='bbox 3430 4832 3577 4887; x_wconf 66' lang='lat' dir='ltr'><strong>ami—</strong></span> 
     </span>
    </p>
   </div>
   <div class='ocr_carea' id='block_1_111' title="bbox 1997 4891 3578 4987">
    <p class='ocr_par' dir='ltr' id='par_1_111' title="bbox 1997 4891 3578 4987">
     <span class='ocr_line' id='line_1_111' title="bbox 1997 4891 3578 4987; baseline 0.018 -37"><span class='ocrx_word' id='word_1_783' title='bbox 1997 4896 2151 4962; x_wconf 81' lang='lat' dir='ltr'><strong>serit,</strong></span> <span class='ocrx_word' id='word_1_784' title='bbox 2187 4891 2280 4951; x_wconf 81' lang='lat' dir='ltr'><strong>sed</strong></span> <span class='ocrx_word' id='word_1_785' title='bbox 2305 4899 2600 4967; x_wconf 88' lang='lat' dir='ltr'><strong>splendore</strong></span> <span class='ocrx_word' id='word_1_786' title='bbox 2655 4906 2892 4970; x_wconf 88' lang='lat' dir='ltr'><strong>quodam</strong></span> <span class='ocrx_word' id='word_1_787' title='bbox 2921 4907 3174 4965; x_wconf 89' lang='lat' dir='ltr'><strong>indntmn</strong></span> <span class='ocrx_word' id='word_1_788' title='bbox 3214 4914 3402 4972; x_wconf 78' lang='lat' dir='ltr'><strong>fuerit.</strong></span> <span class='ocrx_word' id='word_1_789' title='bbox 3433 4919 3578 4987; x_wconf 80' lang='lat' dir='ltr'><strong>Quia</strong></span> 
     </span>
    </p>
   </div>
   <div class='ocr_carea' id='block_1_112' title="bbox 1994 4985 3578 5064">
    <p class='ocr_par' dir='ltr' id='par_1_112' title="bbox 1994 4985 3578 5064">
     <span class='ocr_line' id='line_1_112' title="bbox 1994 4985 3578 5064; baseline 0.011 -29"><span class='ocrx_word' id='word_1_790' title='bbox 1994 4985 2140 5037; x_wconf 85' lang='lat' dir='ltr'><strong>enim</strong></span> <span class='ocrx_word' id='word_1_791' title='bbox 2174 4987 2494 5053; x_wconf 87' lang='lat' dir='ltr'><strong>audiebant,</strong></span> <span class='ocrx_word' id='word_1_792' title='bbox 2533 4999 2788 5056; x_wconf 83' lang='lat' dir='ltr'><strong>oportere</strong></span> <span class='ocrx_word' id='word_1_793' title='bbox 2821 5009 3042 5050; x_wconf 87' lang='lat' dir='ltr'><strong>carnem</strong></span> <span class='ocrx_word' id='word_1_794' title='bbox 3078 5011 3321 5058; x_wconf 89' lang='lat' dir='ltr'><strong>nostram</strong></span> <span class='ocrx_word' id='word_1_795' title='bbox 3385 4985 3578 5064; x_wconf 63' lang='lat' dir='ltr'><strong>resin-</strong></span> 
     </span>
    </p>
   </div>
   <div class='ocr_carea' id='block_1_113' title="bbox 1995 5083 3574 5160">
    <p class='ocr_par' dir='ltr' id='par_1_113' title="bbox 1995 5083 3574 5160">
     <span class='ocr_line' id='line_1_113' title="bbox 1995 5083 3574 5160; baseline 0.019 -33"><span class='ocrx_word' id='word_1_796' title='bbox 1995 5092 2144 5147; x_wconf 79' lang='lat' dir='ltr'><strong>gere,</strong></span> <span class='ocrx_word' id='word_1_797' title='bbox 2189 5094 2297 5146; x_wconf 88' lang='lat' dir='ltr'><strong>quo</strong></span> <span class='ocrx_word' id='word_1_798' title='bbox 2333 5096 2460 5135; x_wconf 87' lang='lat' dir='ltr'><strong>vero</strong></span> <span class='ocrx_word' id='word_1_799' title='bbox 2505 5083 2688 5136; x_wconf 86' lang='lat' dir='ltr'><strong>habitu</strong></span> <span class='ocrx_word' id='word_1_800' title='bbox 2718 5094 2770 5138; x_wconf 89' lang='lat' dir='ltr'><strong>et</strong></span> <span class='ocrx_word' id='word_1_801' title='bbox 2803 5085 3002 5150; x_wconf 82' lang='lat' dir='ltr'><strong>forma,</strong></span> <span class='ocrx_word' id='word_1_802' title='bbox 3029 5091 3295 5150; x_wconf 84' lang='lat' dir='ltr'><strong>incertum</strong></span> <span class='ocrx_word' id='word_1_803' title='bbox 3329 5111 3466 5160; x_wconf 85' lang='lat' dir='ltr'><strong>erat.</strong></span> <span class='ocrx_word' id='word_1_804' title='bbox 3519 5117 3574 5156; x_wconf 83' lang='lat' dir='ltr'><strong>rt</strong></span> 
     </span>
    </p>
   </div>
   <div class='ocr_carea' id='block_1_114' title="bbox 1997 5170 3572 5257">
    <p class='ocr_par' dir='ltr' id='par_1_114' title="bbox 1997 5170 3572 5257">
     <span class='ocr_line' id='line_1_114' title="bbox 1997 5170 3572 5257; baseline 0.017 -36"><span class='ocrx_word' id='word_1_805' title='bbox 1997 5170 2152 5222; x_wconf 76' lang='lat' dir='ltr'><strong>dat-rt</strong></span> <span class='ocrx_word' id='word_1_806' title='bbox 2181 5173 2501 5227; x_wconf 76' lang='lat' dir='ltr'><strong>mutationis</strong></span> <span class='ocrx_word' id='word_1_807' title='bbox 2549 5175 2835 5240; x_wconf 79' lang='lat' dir='ltr'><strong>inlicinm,</strong></span> <span class='ocrx_word' id='word_1_808' title='bbox 2868 5194 3086 5236; x_wconf 77' lang='lat' dir='ltr'><strong>carnem</strong></span> <span class='ocrx_word' id='word_1_809' title='bbox 3122 5200 3276 5242; x_wconf 86' lang='lat' dir='ltr'><strong>suam</strong></span> <span class='ocrx_word' id='word_1_810' title='bbox 3314 5195 3572 5257; x_wconf 84' lang='lat' dir='ltr'><strong>mutavit,</strong></span> 
     </span>
    </p>
   </div>
   <div class='ocr_carea' id='block_1_115' title="bbox 2003 5267 3565 5338">
    <p class='ocr_par' dir='ltr' id='par_1_115' title="bbox 2003 5267 3565 5338">
     <span class='ocr_line' id='line_1_115' title="bbox 2003 5267 3565 5338; baseline 0.017 -27"><span class='ocrx_word' id='word_1_811' title='bbox 2003 5269 2059 5312; x_wconf 91' lang='lat' dir='ltr'><strong>ut</strong></span> <span class='ocrx_word' id='word_1_812' title='bbox 2085 5276 2207 5328; x_wconf 79' lang='lat' dir='ltr'><strong>spes</strong></span> <span class='ocrx_word' id='word_1_813' title='bbox 2234 5272 2449 5316; x_wconf 86' lang='lat' dir='ltr'><strong>nostras</strong></span> <span class='ocrx_word' id='word_1_814' title='bbox 2463 5267 2840 5326; x_wconf 72' lang='lat' dir='ltr'><strong>conﬁrmaret:</strong></span> <span class='ocrx_word' id='word_1_815' title='bbox 2863 5267 3016 5326; x_wconf 88' lang='lat' dir='ltr'><strong>Nunc</strong></span> <span class='ocrx_word' id='word_1_816' title='bbox 3029 5277 3172 5330; x_wconf 86' lang='lat' dir='ltr'><strong>enim</strong></span> <span class='ocrx_word' id='word_1_817' title='bbox 3200 5278 3302 5335; x_wconf 92' lang='lat' dir='ltr'><strong>hoc</strong></span> <span class='ocrx_word' id='word_1_818' title='bbox 3323 5293 3565 5338; x_wconf 86' lang='lat' dir='ltr'><strong>nostrum</strong></span> 
     </span>
    </p>
   </div>
   <div class='ocr_carea' id='block_1_116' title="bbox 1995 5357 3576 5431">
    <p class='ocr_par' dir='ltr' id='par_1_116' title="bbox 1995 5357 3576 5431">
     <span class='ocr_line' id='line_1_116' title="bbox 1995 5357 3576 5431; baseline 0.018 -29"><span class='ocrx_word' id='word_1_819' title='bbox 1995 5363 2195 5421; x_wconf 83' lang='lat' dir='ltr'><strong>eorpus</strong></span> <span class='ocrx_word' id='word_1_820' title='bbox 2225 5369 2353 5405; x_wconf 80' lang='lat' dir='ltr'><strong>raro</strong></span> <span class='ocrx_word' id='word_1_821' title='bbox 2387 5357 2532 5410; x_wconf 86' lang='lat' dir='ltr'><strong>nuda</strong></span> <span class='ocrx_word' id='word_1_822' title='bbox 2579 5367 2682 5421; x_wconf 86' lang='lat' dir='ltr'><strong>est;</strong></span> <span class='ocrx_word' id='word_1_823' title='bbox 2715 5368 2960 5431; x_wconf 88' lang='lat' dir='ltr'><strong>tempore</strong></span> <span class='ocrx_word' id='word_1_824' title='bbox 2990 5378 3168 5421; x_wconf 89' lang='lat' dir='ltr'><strong>autem</strong></span> <span class='ocrx_word' id='word_1_825' title='bbox 3207 5376 3576 5429; x_wconf 49' lang='lat' dir='ltr'><strong>resurrectio»</strong></span> 
     </span>
    </p>
   </div>
   <div class='ocr_carea' id='block_1_117' title="bbox 1995 5440 3573 5526">
    <p class='ocr_par' dir='ltr' id='par_1_117' title="bbox 1995 5440 3573 5526">
     <span class='ocr_line' id='line_1_117' title="bbox 1995 5440 3573 5526; baseline 0.016 -33"><span class='ocrx_word' id='word_1_826' title='bbox 1995 5442 2078 5493; x_wconf 79' lang='lat' dir='ltr'><strong>uis</strong></span> <span class='ocrx_word' id='word_1_827' title='bbox 2108 5440 2414 5498; x_wconf 89' lang='lat' dir='ltr'><strong>imtnntatio</strong></span> <span class='ocrx_word' id='word_1_828' title='bbox 2439 5448 2688 5512; x_wconf 77' lang='lat' dir='ltr'><strong>qmedam</strong></span> <span class='ocrx_word' id='word_1_829' title='bbox 2724 5449 2888 5504; x_wconf 87' lang='lat' dir='ltr'><strong>Deum</strong></span> <span class='ocrx_word' id='word_1_830' title='bbox 2916 5453 3140 5522; x_wconf 88' lang='lat' dir='ltr'><strong>decens,</strong></span> <span class='ocrx_word' id='word_1_831' title='bbox 3169 5461 3573 5526; x_wconf 81' lang='lat' dir='ltr'><strong>etsplendoris,</strong></span> 
     </span>
    </p>
   </div>
   <div class='ocr_carea' id='block_1_118' title="bbox 1995 5533 3572 5621">
    <p class='ocr_par' dir='ltr' id='par_1_118' title="bbox 1995 5533 3572 5621">
     <span class='ocr_line' id='line_1_118' title="bbox 1995 5533 3572 5621; baseline 0.012 -37"><span class='ocrx_word' id='word_1_832' title='bbox 1995 5547 2102 5585; x_wconf 91' lang='lat' dir='ltr'><strong>non</strong></span> <span class='ocrx_word' id='word_1_833' title='bbox 2133 5533 2316 5600; x_wconf 68' lang='lat' dir='ltr'><strong>ﬁgurae</strong></span> <span class='ocrx_word' id='word_1_834' title='bbox 2354 5538 2584 5590; x_wconf 76' lang='lat' dir='ltr'><strong>mutatio</strong></span> <span class='ocrx_word' id='word_1_835' title='bbox 2602 5540 2706 5592; x_wconf 72' lang='lat' dir='ltr'><strong>erit</strong></span> <span class='ocrx_word' id='word_1_836' title='bbox 2735 5555 2750 5591; x_wconf 92' lang='lat'><strong>:</strong></span> <span class='ocrx_word' id='word_1_837' title='bbox 2784 5540 3144 5609; x_wconf 79' lang='lat' dir='ltr'><strong>Splendebuut</strong></span> <span class='ocrx_word' id='word_1_838' title='bbox 3171 5547 3331 5613; x_wconf 80' lang='lat' dir='ltr'><strong>enim,</strong></span> <span class='ocrx_word' id='word_1_839' title='bbox 3369 5553 3572 5621; x_wconf 66' lang='lat' dir='ltr'><strong>inquit,</strong></span> 
     </span>
    </p>
   </div>
   <div class='ocr_carea' id='block_1_119' title="bbox 1987 5622 3572 5705">
    <p class='ocr_par' dir='ltr' id='par_1_119' title="bbox 1987 5622 3572 5705">
     <span class='ocr_line' id='line_1_119' title="bbox 1987 5622 3572 5705; baseline 0.015 -32"><span class='ocrx_word' id='word_1_840' title='bbox 1987 5622 2124 5690; x_wconf 78' lang='lat' dir='ltr'><strong>justi</strong></span> <span class='ocrx_word' id='word_1_841' title='bbox 2159 5626 2296 5678; x_wconf 79' lang='lat' dir='ltr'><strong>sicut</strong></span> <span class='ocrx_word' id='word_1_842' title='bbox 2335 5627 2415 5679; x_wconf 85' lang='lat' dir='ltr'><strong>sol</strong></span> <span class='ocrx_word' id='word_1_843' title='bbox 2446 5630 2500 5680; x_wconf 85' lang='lat' dir='ltr'><strong>in</strong></span> <span class='ocrx_word' id='word_1_844' title='bbox 2534 5645 2691 5699; x_wconf 82' lang='lat' dir='ltr'><strong>regno</strong></span> <span class='ocrx_word' id='word_1_845' title='bbox 2730 5625 2980 5689; x_wconf 53' lang='grc' dir='ltr'><strong>δίεισι-’λιιι</strong></span> <span class='ocrx_word' id='word_1_846' title='bbox 3039 5639 3104 5692; x_wconf 78' lang='grc'><strong>⁸⁸.</strong></span> <span class='ocrx_word' id='word_1_847' title='bbox 3170 5639 3324 5703; x_wconf 82' lang='lat' dir='ltr'><strong>Quod</strong></span> <span class='ocrx_word' id='word_1_848' title='bbox 3384 5652 3572 5705; x_wconf 80' lang='lat' dir='ltr'><strong>autem</strong></span> 
     </span>
    </p>
   </div>
   <div class='ocr_carea' id='block_1_120' title="bbox 1994 5714 3572 5795">
    <p class='ocr_par' dir='ltr' id='par_1_120' title="bbox 1994 5714 3572 5795">
     <span class='ocr_line' id='line_1_120' title="bbox 1994 5714 3572 5795; baseline 0.016 -29"><span class='ocrx_word' id='word_1_849' title='bbox 1994 5715 2093 5776; x_wconf 71' lang='lat' dir='ltr'><strong>Spit</strong></span> <span class='ocrx_word' id='word_1_850' title='bbox 2115 5714 2184 5768; x_wconf 91' lang='lat' dir='ltr'><strong>nd</strong></span> <span class='ocrx_word' id='word_1_851' title='bbox 2209 5732 2251 5768; x_wconf 77' lang='grc' dir='ltr'><strong>»ι-</strong></span> <span class='ocrx_word' id='word_1_852' title='bbox 2275 5717 2368 5784; x_wconf 88' lang='lat' dir='ltr'><strong>qui</strong></span> <span class='ocrx_word' id='word_1_853' title='bbox 2401 5723 2658 5774; x_wconf 87' lang='lat' dir='ltr'><strong>convenit</strong></span> <span class='ocrx_word' id='word_1_854' title='bbox 2686 5722 2882 5778; x_wconf 80' lang='lat' dir='ltr'><strong>divinae</strong></span> <span class='ocrx_word' id='word_1_855' title='bbox 2926 5725 3265 5793; x_wconf 73' lang='lat' dir='ltr'><strong>substantiae,</strong></span> <span class='ocrx_word' id='word_1_856' title='bbox 3291 5728 3572 5795; x_wconf 63' lang='lat' dir='ltr'><strong>universa</strong></span> 
     </span>
    </p>
   </div>
   <div class='ocr_carea' id='block_1_121' title="bbox 2181 5857 2744 5928">
    <p class='ocr_par' dir='ltr' id='par_1_121' title="bbox 2181 5857 2744 5928">
     <span class='ocr_line' id='line_1_121' title="bbox 2181 5857 2744 5928; baseline 0.059 -41"><span class='ocrx_word' id='word_1_857' title='bbox 2181 5858 2226 5888; x_wconf 70' lang='lat' dir='ltr'><strong>es</strong></span> <span class='ocrx_word' id='word_1_858' title='bbox 2285 5857 2474 5915; x_wconf 63' lang='lat' dir='ltr'><strong>Matth.</strong></span> <span class='ocrx_word' id='word_1_859' title='bbox 2518 5878 2629 5928; x_wconf 63' lang='grc' dir='ltr'>λιιι,</span> <span class='ocrx_word' id='word_1_860' title='bbox 2657 5864 2744 5919; x_wconf 72' lang='grc'><strong>45.</strong></span> 
     </span>
    </p>
   </div>
  </div>
