4048 6448
446 398 557 463 ειη.

1607 405 1738 466 ,ΤΟΑ
1748 404 1885 467 NN]
1898 404 1938 464 S
1968 403 2367 467 'CYPARlSSl
2377 403 2543 467 ΟΤιΕ

3609 407 3716 471 84ξ

448 508 908 571 ιιιιιίιτωτοτρειιωκ
948 506 1379 585 inaspé‘ctahilis
1402 524 1504 581 est,
1542 526 1866 587 argumento
1902 527 2020 572 sunt

2135 516 2320 587 gloria:
2358 519 2509 587 regni
2548 519 2950 586 inaspectamus
2986 518 3225 574 ostendit
3257 561 3270 584 ,
3325 536 3432 575 non
3475 529 3626 577 tanta
3695 547 3712 572 ο

443 608 726 678 discipuli,
753 609 938 678 quine
965 609 1112 662 illam
1145 610 1365 677 quidem
1404 609 1671 664 visionem
1701 624 2019 678 corpoream

444 701 499 753 in
531 711 711 754 monte
766 700 1082 769 productam
1120 702 1393 755 sustinere
1425 710 1748 770 potuerunt.
1779 702 1857 753 Ad
1899 704 2014 756 haec

444 791 683 861 tlyrillus
736 790 1268 861 Hierosolymitauus
1320 794 1374 845 in
1433 794 1645 846 decima
1700 794 2022 845 catechesi:

426 883 894 953 iQuandoqnidem
921 899 1081 937 nemo
1124 882 1217 937 Dei
1277 882 1470 940 faciem
1500 885 1686 940 videre
1743 893 1797 938 ct
1840 887 2023 938 vivere

429 977 703 1048 potuerit,
740 977 1037 1046 assumpsit
1066 977 1258 1031 faciem
1292 977 1676 1040 humanitatis,
1717 985 1775 1029 ιιι
1798 992 1917 1030 eam
1945 979 2025 1031 vi-

450 1069 645 1124 dentes
670 1070 920 1123 vivamus
964 1085 979 1122 :
1009 1082 1058 1123 et
1086 1084 1206 1121 cum
1241 1070 1410 1121 voluit
1436 1084 1554 1122 eam
1584 1069 1870 1123 ostendere
1896 1084 2022 1122 cum

448 1162 657 1216 modica
682 1160 965 1231 dignitate,
992 1162 1214 1229 quando
1241 1160 1407 1215 facies
1431 1161 1552 1230 ejus
1573 1160 1848 1228 splenduit
1882 1160 2023 1213 sicut

444 1257 548 1315 sol,
584 1264 715 1307 tunc
748 1254 1002 1320 discipuli
1065 1252 1237 1305 territi
1301 1254 1526 1308 cadunt.
1571 1252 1724 1317 Quod
1769 1253 1812 1305 si
1855 1251 2023 1305 facies

445 1345 590 1398 facta
645 1343 926 1412 splendida
993 1358 1101 1396 non
1150 1353 1413 1412 quantutn
1477 1352 1687 1412 poterat
1734 1341 1914 1397 facere
1965 1351 2022 1395 ut

384 1476 389 1481 ι
446 1438 777 1507 splenderet,
826 1437 918 1504 qui
971 1437 1317 1503 splendorem
1377 1434 1429 1486 in
1477 1450 1538 1487 ea
1580 1445 1880 1497 creaverat,
1924 1434 2019 1488 sed

445 1541 715 1597 quantum
769 1530 1026 1599 discipuli
1071 1528 1516 1599 let-repntcraut,
1569 1546 1663 1583 cos
1706 1531 1919 1594 terruit,
1969 1539 2022 1583 et

444 1622 553 1689 pati
580 1636 688 1675 non
725 1631 1042 1692 potuerunt,
1069 1623 1345 1691 quomodo
1371 1622 1422 1675 in
1451 1622 1752 1676 divinitatis
1784 1623 2024 1692 dignita-

446 1724 552 1766 tcm
576 1715 777 1771 intueri
804 1719 928 1787 quis
951 1716 1259 1786 potuisset?
1306 1713 1363 1768 In
1396 1731 1604 1768 canone
1634 1725 1811 1768 autem
1846 1716 2022 1784 primo

448 1820 576 1865 ante
601 1809 798 1864 festum
830 1808 882 1861 in
910 1806 1123 1862 cantico
1143 1805 1378 1875 septimo
1401 1807 1478 1859 sic
1497 1818 1577 1859 est
1602 1823 1616 1858 :
1646 1806 1745 1872 Qui
1769 1816 2018 1859 naturam

445 1903 739 1956 humanam
768 1899 1099 1956 sordidulam
1120 1913 1263 1973 aqua
1290 1908 1340 1952 et
1371 1898 1476 1968 igni
1495 1898 1821 1966 repurgasti,
1843 1897 2023 1965 splen-

430 1999 630 2048 dorem
668 1992 829 2064 hujus
862 1999 1071 2045 natura:
1097 1990 1150 2043 in
1177 2004 1342 2044 carne
1370 1999 1461 2042 tua
1509 2004 1571 2044 os
1598 1989 1779 2051 endis,
1826 1984 2021 2041 Salva-

447 2094 547 2143 tor,
579 2081 735 2151 cujus
783 2078 950 2133 facies
1005 2078 1343 2148 splendidior
1392 2078 1505 2133 sole
1552 2078 1617 2132 ad
1681 2077 2020 2148 liguranduu

446 2174 683 2229 futuram
708 2173 938 2241 gloriam
974 2171 1115 2227 facta
1140 2179 1244 2226 est.
1284 2166 1649 2224 Eunt-ratores
1705 2170 2023 2239 Evangelio-

432 2284 567 2322 -rum
610 2283 707 2337 per
755 2264 1141 2321 adnotationcs
1197 2263 1278 2320 sic
1328 2262 1527 2318 aiunt:
1584 2261 2022 2332 Transﬁguratio

431 2368 628 2413 'antcm
654 2366 874 2412 ostensa
902 2355 1188 2423 discipulis
1211 2354 1266 2408 in
1300 2363 1503 2420 monte,
1553 2354 1861 2423 exemplum
1910 2354 2025 2423 glo-

444 2453 540 2505 riae
556 2451 754 2505 lutum
779 2448 1084 2503 Salvatoris
1099 2447 1383 2517 prodebat;
1410 2462 1670 2517 curporee
1693 2461 1818 2499 vero
1834 2456 2019 2500 osten-

424 2543 700 2606 c-debatur,
734 2550 793 2594 ut
813 2539 989 2593 oculis
1021 2538 1350 2593 mortalibus
1406 2538 1471 2592 ad
1500 2538 1853 2607 spectandum
1888 2538 2020 2590 sub-

435 2635 725 2705 jicerctur,
752 2631 971 2686 tametsi
999 2631 1228 2684 nimium
1255 2616 1625 2698 splendorem,
1669 2640 1717 2684 et
1749 2629 1821 2683 ita
1868 2645 2020 2683 sum-

443 2740 618 2791 mum,
638 2739 693 2780 et
721 2725 896 2778 oculis
921 2722 1123 2776 nostris
1151 2721 1412 2789 imparem
1438 2762 1453 2787 ,
1486 2722 1760 2775 sustinere
1795 2739 1900 2776 non
1929 2737 2021 2792 po-

422 2826 689 2873 ituernnt.
732 2814 796 2869 Et
856 2815 1106 2867 iterum:
1158 2811 1720 2881 Transﬁgurationem
1780 2812 2021 2882 intcllige

444 2926 552 2965 non
581 2910 767 2979 ﬁgurae
800 2908 1231 2962 immutationem
1289 2905 1480 2973 fuisse,
1535 2908 1625 2962 sed
1680 2908 1862 2977 potius
1907 2924 2023 2961 tua-

419 3010 613 3057 =nente
662 3003 856 3072 ﬁgura,
894 3000 1083 3071 qualis
1110 3001 1260 3070 prius
1315 3011 1455 3069 erat,
1508 3002 1749 3057 accessio
1794 2996 2046 3057 luminis'

434 3097 590 3152 facta
612 3103 717 3150 est.
746 3093 810 3148 Et
849 3108 1038 3149 rursus
1073 3111 1088 3146 :
1119 3092 1473 3164 Splendorem
1504 3093 1690 3148 vultus
1724 3094 1901 3149 instar
1928 3111 2020 3150 so-

430 3191 534 3257 !is,
567 3200 622 3245 et
648 3194 947 3245 candorem
990 3187 1445 3242 vestimentorum
1478 3197 1632 3242 vocat
1664 3186 2021 3257 transﬁgura-

439 3286 672 3347 tionct‘n,
710 3298 830 3353 qua?
864 3296 970 3337 non
1012 3291 1094 3336 est
1136 3279 1500 3337 existimanda
1541 3281 2017 3352 ligurtBJntllaliO,

442 3377 538 3434 sed
561 3376 785 3431 luminis
837 3375 1263 3445 splendidissimi
1289 3375 1555 3441 accessio,
1612 3385 1666 3430 et
1713 3376 1854 3429 hanc
1898 3390 2021 3430 esse

442 3468 892 3524 immutationem
915 3482 1078 3538 quam
1103 3465 1308 3522 Paulus
1336 3467 1474 3522 dicit
1510 3467 1599 3532 “‘1,
1658 3466 2021 3536 Evangelistte

442 3570 623 3616 autem
675 3560 1199 3630 transﬁgurationem
1269 3559 1644 3613 nominarunt.
1702 3559 1767 3613 Et
1813 3560 1948 3612 alias
2003 3574 2016 3588 ·

440 3653 561 3709 Non
591 3655 828 3708 humana
863 3654 1029 3721 ligura
1084 3652 1333 3722 corporis
1383 3651 1652 3721 deposita,
1696 3654 1793 3706 sed
1849 3651 2018 3721 gloria

442 3744 681 3816 quadam
729 3743 1040 3814 Splendoris
1075 3758 1303 3812 corpore
1368 3743 1580 3797 induto.
1638 3740 1699 3796 Et
1755 3741 1952 3796 iterum
2004 3758 2018 3796 :

424 3818 901 3907 'Transllguratio,
931 3851 1054 3904 qua:
1083 3836 1306 3901 dicitur,
1342 3836 1642 3891 secundum
1672 3822 2035 3904 splendorem

439 3940 578 3995 erat,
611 3946 719 4000 quo
746 3930 911 3984 l'acles
941 3930 1059 4000 ejus
1087 3929 1228 3982 sicut
1271 3928 1353 3981 sul
1387 3930 1682 3998 splenduit,
1709 3938 1757 3981 et
1802 3929 2018 3981 vestistis

445 4026 562 4095 ejus
596 4026 774 4094 {actus
804 4032 881 4077 est
914 4023 1141 4075 albuset
1167 4020 1455 4091 refulgens,
1482 4021 1558 4073 ait
1581 4019 1758 4075 Lucas
1785 4019 1847 4070 ⁸⁸.
1884 4018 2020 4073 Mat-

438 4119 616 4169 thaeus
650 4129 780 4168 vero
811 4113 926 4166 ait:
972 4110 1140 4165 Facta
1174 4120 1297 4165 sunt
1363 4113 1677 4165 vestimenta
1706 4110 1829 4164 alba
1878 4111 2016 4163 sicut

439 4209 623 4262 lumen
648 4222 667 4271 ;
698 4222 800 4259 non
829 4203 976 4257 enim
1003 4203 1367 4273 exspectanda
1392 4203 1802 4267 estimmtttatio
1831 4201 2017 4271 figura}

441 4302 496 4354 in
529 4312 695 4368 regno
723 4312 821 4359 uec
851 4298 1022 4366 ipsius
1055 4295 1382 4360 Salvatoris,
1441 4309 1541 4350 nec
1586 4308 1776 4353 eorum
1806 4293 1900 4363 qui
1943 4293 2017 4348 si-

442 4385 600 4441 miles
623 4386 671 4440 ci
694 4396 877 4450 erunt,
918 4384 1013 4440 sed
1051 4386 1299 4440 accessio
1331 4384 1559 4439 luminis
1590 4378 2012 4452 {algetitissinti.

438 4480 669 4534 {riviuus
698 4494 827 4533 vero
868 4478 1104 4534 Cosmas
1126 4478 1449 4532 incumbens
1480 4477 1548 4529 ad
1583 4475 2011 4546 explanaudum,

436 4572 563 4640 quis
592 4580 731 4625 tsset
767 4572 860 4625 ille
890 4569 1043 4624 color
1068 4570 1410 4640 splendidus,
1467 4576 1521 4621 ct
1572 4567 2016 4637 apposititn’llius
2052 4576 2093 4631 θ

437 4662 875 4733 splendidissima
902 4678 915 4715 :
938 4657 1444 4731 Videntes,inquit,
1465 4659 1713 4728 discipuli
1731 4659 2011 4715 Christum

437 4756 692 4810 indutum
728 4757 871 4808 nube
920 4753 1011 4807 illa
1039 4734 1221 4807 lucida
1258 4750 1312 4804 itt
1344 4748 1589 4817 Tltabor,
1616 4755 1770 4822 proni
1816 4763 1870 4807 et
1926 4754 2013 4806 iu-

437 4851 625 4905 clinati
661 4848 714 4902 in
750 4857 973 4912 terram,
1001 4844 1293 4921 illuminati
1352 4854 1533 4901 mente
1562 4847 1708 4901 hunc
1750 4862 1872 4901 cum
1909 4846 2013 4900 Pa-

436 4951 518 4995 tre
555 4949 610 4994 et
641 4938 844 5009 Spiritu
878 4942 1072 5005 sancto
1115 4933 1431 4992 laudabant.
1456 4934 1693 4991 Joannes
1722 4935 2012 4991 Damasce-

435 5048 537 5088 nus
584 5031 957 5087 divinissimus
978 5045 993 5085 :
1014 5026 1119 5093 Qui
1149 5026 1303 5092 olitn,
1331 5027 1529 5098 inquit,
1558 5031 1611 5082 in
1645 5029 1787 5082 nube
1824 5028 2011 5082 l'ortnte

432 5126 628 5193 igucaa,
665 5126 718 5179 in
750 5119 1047 5180 soli.udine
1074 5120 1330 5189 populum
1363 5120 1528 5176 lsracl
1564 5120 1810 5189 deduxit,
1852 5120 2014 5176 hodie

435 5220 491 5271 in
526 5215 747 5272 Thabor
765 5211 1138 5284 inexplicabili
1176 5212 1337 5267 modo
1378 5215 1429 5266 in
1469 5212 1673 5267 lumine
1715 5201 2010 5282 epleitduit.
2043 5205 2049 5213 ’

431 5306 646 5363 Rursus
666 5306 771 5361 ille
789 5296 973 5374 lingua
1004 5318 1206 5358 aureus
1230 5304 1283 5358 in
1313 5306 1559 5359 oratione
1578 5306 1644 5359 ad
1665 5304 2007 5362 Theodorum

431 5400 642 5467 lapsum
671 5417 685 5451 :
717 5397 891 5459 'I‘uuc,
917 5396 1110 5461 inquit,
1135 5405 1341 5448 tantum
1366 5397 1416 5449 iu
1444 5406 1629 5452 monte
1650 5399 1784 5467 ipsis
1807 5400 2012 5453 detexit

430 5500 700 5560 quantum
736 5488 804 5542 ab
842 5488 920 5543 eis
965 5489 1130 5542 videri
1157 5503 1387 5560 p'llCl‘ill,
1432 5500 1489 5545 ut
1528 5493 1773 5561 asper-tui
1819 5493 2004 5547 viden-

435 5584 570 5635 tium
610 5592 987 5636 notruoeeret.
1028 5580 1090 5635 Et
1128 5584 1179 5636 in
1229 5586 1476 5638 oratione
1526 5583 1577 5639 iit
1621 5582 2004 5653 Transtigura-

424 5673 636 5723 sionem
671 5686 685 5721 :
718 5668 833 5736 llic,
867 5672 1061 5741 inquit,
1094 5675 1348 5730 l'mminus
1380 5679 1629 5732 (.hrtsttts
1658 5676 2004 5745 splendorem

2126 617 2330 678 quanta
2359 620 2499 674 erat,
2536 611 2632 663 sed
2677 620 2936 679 quantam
2968 609 3109 665 ferre
3129 621 3423 681 potuerunt.
3451 614 3544 683 qui
3574 630 3712 669 ocu-

2127 701 2210 755 los
2250 717 2546 771 rorporeos
2579 702 2882 769 gestabant.
2915 701 2977 756 Et
3018 704 3207 757 beatus
3238 704 3469 761 Basilius
3498 707 3556 761 in
3586 722 3712 760 mv

2132 789 2331 846 l‘salmi
2359 793 2776 861 explanatione:
2806 793 3093 860 Viderunt,
3118 796 3315 866 inquit,
3346 798 3712 866 pulchritudi-

2128 897 2248 937 nem
2306 884 2431 954 ejus
2502 884 2690 939 Petrus
2729 895 2783 938 et
2833 886 2929 941 lilii
2981 886 3230 954 tonitrui,
3263 889 3548 959 splendore
3576 891 3717 947 solis

2125 974 2579 1044 Splendidiorcm,
2602 985 2655 1030 et
2682 976 2829 1046 digni
2859 978 3029 1031 habiti
3051 989 3178 1033 sunt
3203 981 3296 1051 qui
3325 982 3476 1035 initia
3506 984 3715 1053 glorio-

2124 1067 2169 1119 si
2194 1066 2459 1121 adventus
2486 1069 2605 1138 ejus
2629 1068 2800 1124 oculis
2825 1079 3127 1125 cernerent.
3176 1072 3241 1127 Et
3266 1073 3455 1130 beatus
3477 1073 3710 1141 Ephrem

2126 1172 2179 1209 tn
2208 1161 2454 1212 oratione
2484 1173 2580 1212 sua
2621 1159 2675 1212 iit
2708 1158 3264 1239 Trausliguratiouem
3297 1181 3313 1218 :
3340 1163 3479 1232 Non,
3513 1168 3709 1236 inquit,

2125 1252 2292 1299 totam
2329 1248 2589 1319 abyssum
2644 1250 2953 1319 splendoris
3008 1255 3093 1310 sui
3140 1257 3556 1327 demonstravit,
3610 1263 3707 1315 sed

2123 1349 2388 1406 quantum
2446 1355 2700 1395 mensura
2771 1344 3103 1417 pupillarum
3154 1364 3350 1418 capere
3396 1354 3587 1419 potuit.
3645 1352 3710 1406 lit.

2125 1424 2363 1484 Joannes
2407 1428 2775 1484 Damam-nus
2826 1436 3112 1493 cclchraus
3168 1441 3270 1493 hoc
3306 1436 3504 1494 festum
3542 1458 3559 1495 ς
3599 1441 3708 1494 Sed

2124 1520 2275 1589 quin,
2313 1521 2509 1589 inquit,
2544 1522 2797 1591 Christus
2846 1509 3285 1601 Moysisqttoque
3340 1531 3531 1586 faciem
3578 1534 3706 1586 Oltltt

2124 1612 2411 1680 splendore
2465 1618 2807 1674 extrinsecus
2831 1618 3039 1687 affecit,
3076 1621 3232 1674 latuit
3263 1638 3407 1677 nunc
3433 1624 3705 1678 diabolum

2125 1718 2218 1771 per
2248 1703 2591 1773 splendorem
2621 1709 2712 1777 qui
2761 1711 2849 1765 hic
2873 1712 3126 1781 apparuit
3163 1714 3351 1769 sensui
3398 1715 3707 1770 Oculorum.

2128 1793 2201 1847 Ex
2229 1799 2427 1865 quibus
2463 1797 2525 1852 ﬁt
2554 1799 2929 1867 manifestum,
2954 1806 3100 1873 quod
3128 1804 3294 1859 faces
3324 1805 3557 1872 Domini,
3588 1824 3710 1879 qure

2130 1887 2273 1941 sicut
2320 1891 2403 1943 sol
2439 1891 2736 1959 splenduit,
2785 1895 2913 1963 quia
2945 1897 3048 1950 sub
3103 1911 3383 1966 aspectum
3423 1900 3706 1991 oculqroui

2131 1981 2379 2047 corporis
2415 1982 2662 2053 radebat,
2714 1994 2767 2038 et
2802 1989 3127 2056 exemplum
3156 2003 3479 2056 corporeum
3513 1981 3710 2045 luiurte

2130 2069 2316 2140 gloriae
2347 2073 2736 2129 ostendebatur
2764 2076 3070 2132 confectum
3098 2082 3395 2139 secundum
3426 2092 3707 2149 aspectum

2130 2162 2400 2231 corporis,
2437 2177 2490 2219 et
2524 2168 2870 2237 splendorem
2904 2174 3158 2227 svnsileut
3197 2174 3424 2245 gloriam
3458 2179 3710 2249 corporis

2128 2250 2334 2308 Christi
2383 2264 2505 2323 post
2532 2263 2986 2315 resurrectionem
3021 2264 3329 2333 glot'ilicati,
3368 2274 3421 2321 et
3452 2268 3705 2327 decorem

2131 2341 2422 2413 figurabat,
2447 2357 2496 2403 rt
2517 2365 2622 2403 non
2646 2366 2848 2407 ngerain
2876 2355 3249 2411 divinitatem:
3278 2356 3398 2411 Non
3415 2359 3580 2426 enim,
3608 2360 3707 2427 ait,

2129 2437 2323 2492 videbit
2377 2442 2570 2507 aliquis
2606 2446 2795 2511 faciem
2830 2465 2994 2501 meam
3034 2461 3081 2503 et
3111 2451 3236 2504 viret
3262 2452 3330 2506 ‘9.
3360 2452 3709 2508 Demonstra-

2130 2539 2244 2583 tum
2279 2531 2441 2602 igitur
2466 2548 2545 2590 est
2583 2578 2597 2602 ,
2636 2537 3333 2613 immortaliumcorporum
3389 2544 3613 2614 gloriam
3638 2549 3708 2601 ab

2131 2620 2350 2678 interitu
2383 2626 2570 2682 lihcris
2633 2640 2687 2683 et
2730 2631 3131 2688 immortalibus
3176 2638 3348 2691 oculis
3383 2639 3617 2708 indigere
3646 2651 3708 2699 ut

2128 2713 2378 2770 videatur
2407 2733 2420 2781 ;
2455 2719 2693 2786 quandiu
2724 2736 2854 2775 vero
2901 2738 3100 2792 corpus
3133 2722 3343 2779 Domini
3372 2741 3495 2782 an'e
3518 2743 3698 2782 resur-

2128 2806 2427 2861 rectionem
2476 2820 2597 2863 erat
2645 2810 2899 2867 similiter
2934 2825 2993 2868 ιιι
3036 2829 3136 2870 ιοε
3182 2825 3430 2887 (excepto
3452 2815 3697 2886 peccato)~

2128 2900 2367 2966 passioni
2403 2901 2725 2971 obnoxium,
2752 2920 2974 2960 necesse
2990 2918 3128 2975 erat,
3161 2907 3344 2963 lumen
3368 2911 3503 2980 quod
3536 2925 3594 2964 ex
3626 2924 3696 2963 eo

2129 2992 2446 3060 apparebat,
2495 2995 2673 3051 oculis
2724 3001 3006 3067 corporeis
3057 3002 3315 3056 deliniri:
3349 3002 3556 3073 quodsi
3599 3003 3701 3057 hu-

2123 3081 2359 3153 jnsmodi
2412 3087 2589 3140 oculis
2640 3087 3027 3158 deliuiehatur,
3071 3095 3421 3151 manifestum
3453 3106 3538 3151 est
3578 3110 3701 3149 cor-

2130 3189 2352 3242 poreum
2382 3176 2556 3233 fuisse
2590 3182 2733 3248 quod
2769 3184 3019 3252 apparuit
3050 3202 3063 3250 ;
3097 3182 3339 3239 futuram
3365 3198 3548 3256 postea
3576 3188 3704 3257 glo-

2125 3268 2324 3322 ril‘irati
2360 3272 2608 3339 corporis
2640 3273 2893 3345 gloriam,
2926 3285 2980 3329 et
3028 3277 3373 3346 splendorem
3414 3283 3696 3341 immorta-

2124 3362 2226 3416 lem
2258 3373 2310 3417 et
2354 3366 2421 3417 ab
2451 3365 2672 3420 interitu
2711 3369 2946 3423 liberum
3013 3379 3323 3441 tgurasse:
3365 3384 3492 3431 tunc
3545 3377 3719 3445 enitu__

2122 3455 2264 3509 oculi
2295 3456 2388 3526 qtti
2415 3473 2533 3533 eam
2560 3460 2791 3530 gloriam
2826 3462 3114 3530 videbunt,
3140 3467 3209 3520 ab
3239 3467 3461 3526 interitu
3493 3467 3705 3522 inodu-

2126 3561 2239 3602 ntes
2264 3556 2318 3602 et
2377 3548 2716 3607 immortales
2743 3561 2928 3608 erunt.
2964 3556 3136 3612 Simul
3168 3559 3329 3613 etiam
3353 3558 3700 3614 detuons=ra-

2124 3645 2239 3691 tum
2266 3650 2374 3701 εει,
2402 3639 2541 3693 nihil
2584 3644 2728 3697 aliud
2753 3658 2879 3700 esse
2928 3647 3498 3720 transfigurationem,
3534 3664 3702 3718 quam

2125 3732 2378 3786 manente
2406 3731 2593 3791 divino
2627 3750 2878 3806 corpore,
2918 3739 3079 3808 quale
3110 3739 3263 3811 prius
3299 3750 3439 3806 erat,
3476 3756 3570 3810 rep
3592 3758 3711 3807 suae

2122 3824 2399 3879 Christum
2434 3827 2722 3899 splendido
2749 3832 2980 3900 quodam
3011 3832 3464 3889 coloreiudutum
3500 3832 3697 3898 fuisse,

2121 3929 2176 3972 et
2239 3921 2611 3977 accessionem
2684 3922 2912 3980 luminis
2969 3925 3400 3995 splendidissimi
3468 3924 3692 3991 demoti.-

2120 4019 2353 4067 strasse.

2760 4125 2989 4185 CAPUT
3023 4128 3087 4184 ν.

2121 4240 2275 4306 Quod
2310 4242 2506 4310 lumen,
2547 4259 2651 4313 quo
2682 4244 2737 4297 in
2770 4242 2979 4297 Thabor
3019 4244 3272 4298 Dominus
3293 4242 3574 4312 splenduit,
3605 4258 3703 4296 ne-

2189 4329 2287 4383 que
2316 4314 2614 4368 substantia
2654 4317 2770 4382 eju;
2817 4326 2931 4381 erat
2965 4353 2981 4375 ,
3033 4330 3196 4382 neque
3265 4314 3496 4383 deﬂuxit:
3549 4329 3702 4383 quie-

2189 4384 2311 4435 (lam
2344 4384 2527 4451 ipsius,
2555 4401 2617 4435 ac
2660 4384 2860 4452 fulgor,
2889 4386 2979 4438 sed
3007 4384 3299 4453 symbolum
3341 4383 3574 4445 occullte,
3645 4394 3699 4436 et

2188 4467 2291 4506 non
2324 4456 2630 4522 apparentia
2651 4470 2788 4506 nunc
2813 4454 3105 4508 divinitatis
3144 4453 3296 4507 Verbi
3315 4454 3430 4515 Dei,
3455 4464 3500 4506 et
3525 4454 3701 4520 iutago

2190 4527 2363 4576 tenuis
2400 4525 2545 4576 illius
2576 4523 2782 4592 gloriw,
2806 4541 2922 4593 qua!
2949 4527 3051 4593 ipsi
3120 4526 3304 4593 futura
3349 4531 3497 4593 erat,
3540 4533 3585 4575 et
3627 4538 3693 4573 st-

2184 4595 2489 4647 rutulacrum
2540 4595 2686 4663 regni
2712 4592 2982 4655 oculorum,
3041 4605 3091 4648 et
3122 4592 3526 4650 'odnunterubile
3574 4594 3701 4647 aliis

2195 4663 2396 4717 Christi
2422 4679 2584 4731 supra
2620 4673 2868 4716 naturam
2906 4665 3206 4723 miraculis.

2188 4752 2422 4808 Divinos
2458 4753 2799 4819 Theodorus,
2874 4753 2929 4807 in
2984 4756 3230 4809 oratione
3291 4740 3346 4809 in
3405 4750 3698 4807 Eusebium

2119 4845 2386 4901 adversus
2437 4845 2869 4900 lconomacltos:
2940 4843 3047 4900 Sed
3116 4845 3436 4910 insolenter,
3504 4841 3696 4912 inquit,

2120 4936 2288 5004 iactat
2321 4934 2594 4992 Eusebius
2618 4945 2887 4991 mutatum
2917 4950 3036 4991 esse
3062 4937 3115 4991 in
3174 4936 3360 4990 lumen
3414 4949 3695 4999 arcanum,

2126 5038 2180 5082 et
2210 5027 2611 5098 inexplicabile,
2637 5037 2694 5082 et
2726 5025 2964 5082 Verbum
2996 5026 3090 5083 Dei
3145 5028 3364 5110 decens.
3392 5028 3556 5098 Atqui
3607 5043 3657 5079 tt.
3677 5052 3711 5083 ο.

2116 5135 2269 5176 cesse
2296 5130 2381 5175 est
2412 5135 2679 5190 qumrere,
2707 5120 2970 5190 quidnam
3007 5130 3150 5176 esset
3180 5121 3287 5174 hoc
3318 5120 3537 5175 lumen:
3589 5132 3693 5172 non

2106 5210 2263 5267 enim
2293 5220 2478 5281 aperte
2527 5212 2777 5281 egregius
2833 5211 2916 5265 vir
2950 5210 3079 5280 quid
3135 5219 3241 5275 est,
3301 5206 3695 5264 demonstrati:

2117 5320 2304 5371 nunc;
2333 5304 2681 5360 solummodo
2745 5301 2980 5361 Verbum
3025 5301 3121 5356 Dei
3188 5303 3461 5372 apposuit,
3507 5309 3694 5369 postea

2114 5414 2246 5454 vero
2274 5399 2516 5468 apertius
2550 5397 2712 5452 dicet.
2746 5395 2857 5451 Nos
2885 5405 3065 5450 tamen
3093 5409 3240 5452 nunc
3262 5403 3454 5448 contra
3489 5408 3550 5448 ea
3575 5409 3694 5462 qua:

2117 5496 2164 5550 ei
2200 5494 2312 5551 visa
2338 5505 2487 5561 sunt,
2517 5495 2783 5550 rationem
2802 5492 3164 5548 excutiamus.
3205 5490 3344 5558 Quid
3379 5490 3543 5560 igitur
3572 5487 3695 5540 est?

2117 5586 2382 5656 numquid
2414 5584 2719 5641 substantia
2751 5584 3122 5653 qutupiam,et
3157 5582 3363 5654 aliquid
3403 5583 3546 5651 quod
3600 5594 3695 5647 per

2117 5691 2176 5729 se
2207 5676 2457 5757 exsistat,
2491 5688 2590 5729 nec
2639 5665 2810 5728 altero
2864 5674 3106 5745 indigeat
3162 5674 3229 5729 ad
3275 5670 3695 5737 exsistendutuj

502 5842 592 5896 ⁸⁷1
631 5846 756 5906 Cor.
790 5868 880 5921 xv,
922 5854 1012 5910 5i.
1091 5856 1139 5888 ⁸⁸
1166 5856 1303 5915 Luc.
1339 5876 1414 5926 ix,
1447 5858 1537 5918 29.
1617 5857 1662 5891 θ’
1714 5855 1890 5915 Exod.
1917 5873 2111 5923 χχχιιι,
2148 5855 2235 5908 ΞΟ.
