4048 6428
273 437 389 502 849

923 437 1166 501 DECAS
1208 436 1307 498 Vl.
1336 463 1405 472 —
1442 437 1537 496 DE
1570 435 2226 501 APPARITIUNIBUS
2274 441 2524 502 DIVINI‘
2552 442 2903 503 LUJlINIS.'

3447 422 3556 512 eo

275 565 369 612 alll
391 555 632 624 qualitas
657 556 981 611 substantia:
1006 563 1061 609 et
1091 555 1339 624 corporis
1355 570 1574 623 expers,
1626 570 1749 624 qua!
1796 554 1850 608 in
1887 559 1926 617 Α
1957 568 2072 612 star
2095 559 2230 613 radii
2259 560 2393 615 solis
2423 561 2821 629 splendentem,
2848 570 3351 629 tanquam-onmem
3385 542 3559 620 aciem

274 647 407 710 alio,
433 657 487 699 et
513 661 618 698 non
655 646 708 699 in
727 660 785 700 se
810 645 1116 700 consistere
1164 645 1470 700 cernatur?
1509 647 1579 699 At
1639 646 1685 701 si
1737 645 1870 699 sub-

276 738 480 793 stantia
507 747 619 804 est,
650 747 834 792 utrum
891 737 1137 807 angelica
1192 738 1318 794 est?
1364 738 1631 811 siquidem
1680 751 1736 794 et
1769 756 1873 807 an_-

277 832 429 901 gelns
470 832 656 886 lumen
680 839 784 895 est,
813 840 870 885 et
895 846 924 885 a
959 831 1138 901 primo
1166 842 1334 901 atque
1366 847 1625 901 supremo
1660 832 1871 889 lumine

278 924 461 993 fulgor
489 934 545 978 et
575 922 838 993 splendor
861 924 1175 979 derivatos.
1198 921 1398 978 Verum
1414 938 1522 979 non
1554 924 1659 979 hoc
1699 924 1863 979 dicet.

279 1016 337 1071 In
375 1017 457 1070 his
488 1016 657 1087 igitur
675 1013 998 1069 Theodorus
1036 1013 1318 1085 ingeniose
1370 1025 1636 1091 moratus,
1696 1016 1869 1071 multa

278 1118 530 1163 Dlllllel'al
568 1106 832 1168 absurda.
878 1123 1001 1177 quae
1073 1117 1401 1178 sequantur,
1450 1119 1635 1177 postea
1679 1109 1812 1165 dicit
1849 1127 1865 1164 :

278 1200 606 1270 llujusmodi
644 1209 771 1255 sunt
803 1201 1033 1261 absona.
1062 1208 1118 1255 et
1179 1216 1207 1254 a
1257 1202 1472 1256 ratione
1502 1216 1715 1266 aversa,
1744 1218 1867 1273 qua:

275 1308 342 1347 ex
362 1292 658 1361 principiis
692 1291 839 1345 illius
868 1294 1168 1360 paleliuttt,
1202 1294 1248 1348 si
1295 1294 1427 1348 illud
1475 1295 1657 1348 lumen
1717 1296 1867 1349 inex-

280 1384 534 1451 plicabile
564 1382 929 1438 substantiam
975 1399 1095 1438 esse
1148 1384 1264 1439 ait:
1323 1387 1648 1454 relinquitur
1702 1386 1869 1455 igitur

282 1486 343 1526 ut
392 1487 725 1539 qttzeramus,
773 1481 955 1526 utrum
984 1474 1304 1541 qualitatem
1352 1474 1751 1543 incorporram.
1812 1483 1875 1530 ct

284 1567 590 1621 substantia
619 1578 890 1621 carentem
929 1568 1197 1633 accidisse
1223 1569 1423 1624 dixerit
1485 1569 1647 1625 veluti
1691 1570 1868 1626 deﬂu-

285 1660 336 1711 xi
361 1673 500 1712 mem
531 1659 868 1723 substantia,
889 1669 944 1713 et
998 1660 1348 1727 splendorem
1398 1664 1527 1717 inde
1567 1665 1864 1730 emissum,

284 1751 337 1802 in
379 1765 541 1816 quem
600 1749 772 1804 forma
804 1750 894 1804 illa
930 1761 1137 1806 mutata
1193 1752 1429 1820 fuisset;
1486 1765 1541 1808 at
1589 1758 1868 1813 nihilomi-

283 1858 386 1895 nus
411 1857 623 1894 summa
651 1843 892 1896 omnium
925 1844 1224 1912 ignominia
1253 1854 1309 1901 et
1335 1845 1652 1903 absurditas
1678 1848 1868 1904 divino

280 1933 499 2000 corpori
539 1934 831 1999 inuretur;
888 1936 1085 2002 peribit
1143 1937 1289 1991 enim
1343 1939 1487 1993 ratio
1516 1940 1865 2004 submautitc,

279 2036 333 2079 et
360 2027 445 2079 sic
472 2025 739 2081 inferetur
765 2045 869 2082 non
885 2044 1007 2084 esse
1038 2046 1134 2100 per
1160 2047 1242 2085 se.
1284 2033 1578 2095 Praeterea,
1627 2050 1735 2088 non
1768 2051 1871 2104 po-

281 2129 388 2175 test
417 2122 654 2190 qualitas
684 2121 889 2191 absque
905 2122 1153 2193 subjecto
1183 2124 1543 2189 demonstrari
1602 2127 1869 2197 quidnam

282 2215 354 2267 sit
389 2228 485 2282 p--r
513 2229 594 2277 se,
632 2216 883 2283 quamvis
916 2215 987 2270 sit
1017 2217 1260 2284 qualitas
1284 2234 1348 2274 ex
1387 2219 1454 2274 iis
1503 2235 1627 2289 quas
1676 2220 1869 2278 insunt

286 2307 610 2361 naturaliter
637 2308 691 2360 in
719 2306 1054 2374 substantia,
1088 2311 1172 2365 vel
1203 2325 1325 2378 quae
1350 2312 1417 2365 ad
1479 2320 1689 2380 partem
1740 2314 1873 2369 sub-

285 2399 502 2455 stantia:
558 2397 892 2465 reducitur;
924 2409 986 2455 ut
1032 2402 1267 2470 exempli
1326 2403 1528 2473 gratia,
1579 2418 1867 2475 nunquam

284 2489 555 2543 rationale
579 2490 699 2543 sine
727 2489 1000 2558 subjecto,
1022 2492 1170 2560 quod
1196 2500 1280 2547 est
1322 2493 1545 2559 animal,
1577 2498 1867 2561 consistet,

292 2582 397 2633 nisi
428 2581 551 2649 quis
577 2588 729 2651 prius
760 2590 930 2651 ponat
957 2584 1326 2639 substantiam
1383 2586 1708 2654 animatam,
1743 2600 1870 2643 sen-

295 2671 552 2739 tientem;
583 2673 832 2729 similiter
859 2674 913 2729 in
952 2675 1190 2741 mortali,
1227 2685 1281 2730 et
1310 2676 1632 2744 immortali,
1675 2680 1873 2737 etaliis

290 2763 579 2831 ejusmodi.
614 2763 678 2818 Et
715 2765 852 2820 alias
890 2782 1077 2821 rursus
1098 2766 1278 2822 idem:
1324 2767 1415 2823 Sic
1444 2769 1614 2835 enim,
1668 2771 1869 2841 inquit,

290 2856 376 2923 pie
403 2856 730 2925 intelligetur
763 2857 948 2912 divina
982 2859 1230 2926 operatio
1258 2869 1482 2922 aeterna.
1506 2862 1641 2932 quin
1690 2866 1875 2931 potius

290 2963 386 3017 per
418 2963 479 3002 se
505 2949 777 3017 operatio,
803 2951 848 3005 si
878 2966 986 3005 non
1040 2950 1411 3023 distinguatur
1465 2970 1494 3010 a
1540 2957 1871 3023 substantia,

291 3039 388 3093 sed
421 3040 604 3109 potius
629 3042 879 3096 eamdem
926 3044 1195 3098 rationem
1244 3045 1439 3101 subeat
1490 3059 1712 3117 propter
1747 3067 1875 3121 pro.

291 3130 576 3199 pietatem
610 3131 975 3200 simplicitatis
1036 3146 1093 3189 et
1144 3136 1480 3207 incorporea:
1522 3149 1752 3196 natum.
1808 3141 1877 3196 Et

295 3228 521 3277 θωπείας
577 3219 851 3279 Maximus
901 3226 953 3280 in
1007 3228 1382 3297 speculatione
1421 3232 1594 3303 magis
1653 3232 1875 3289 dilatata
1901 3259 1962 3324 ορ

288 3312 359 3366 de.
388 3310 934 3382 Transliguratione:
964 3317 1178 3373 Dictum
1219 3332 1302 3375 est
1365 3322 1535 3392 igitur
1587 3325 1871 3394 superius,

289 3405 760 3489 quemadmodum
798 3417 905 3463 tres
953 3409 1028 3465 illi
1081 3412 1223 3467 beati
1261 3415 1493 3483 apostoli
1551 3430 1648 3485 per
1696 3417 1881 3487 splen-

290 3496 484 3551 dorem
516 3497 763 3560 luminis,
798 3502 891 3568 qui
923 3501 974 3555 in
1004 3492 1190 3559 monte
1218 3504 1268 3558 iu
1291 3504 1429 3560 facie
1465 3504 1679 3562 Domini
1706 3522 1880 3577 appa-

294 3589 432 3649 ruit,
462 3588 528 3642 ad
567 3589 719 3642 illum
754 3588 852 3645 Dei
905 3592 1273 3661 splendorem,
1345 3596 1438 3667 qui
1486 3598 1741 3654 omnibus
1783 3599 1880 3668 qui

298 3682 670 3750 snnt,penitus
701 3683 1112 3755 inaspectabilis
1142 3698 1252 3752 est,
1289 3691 1591 3745 secundum
1655 3690 1882 3745 faculta-

303 3779 412 3824 tem
438 3779 493 3825 et
518 3773 743 3842 gloriam
796 3776 1237 3845 inexplicabilem
1297 3788 1350 3832 et
1407 3778 1739 3848 incognitam
1782 3795 1880 3837 oe-

302 3864 464 3919 cultae
496 3866 795 3923 divinitatis
831 3870 1058 3939 mystice
1113 3871 1548 3937 deducebantur,
1579 3871 1891 3939 intelligen-

304 3968 388 4013 tes
424 3957 607 4013 lumen
631 3961 774 4029 quod
804 3963 936 4031 ipsis
962 3962 1143 4032 majus
1178 3977 1342 4033 quam
1376 3973 1436 4017 ut
1474 3978 1672 4020 sensus
1716 3967 1886 4019 susti-

306 4065 434 4105 nere
461 4060 663 4119 posset,
685 4056 1002 4124 apparebat,
1030 4055 1345 4127 symbolum
1396 4070 1542 4111 esse.
1603 4057 1672 4112 Et
1722 4056 1883 4127 paulo

304 4153 463 4211 post:
499 4144 789 4210 Existimo,
817 4147 1015 4217 inquit,
1039 4149 1187 4206 duos
1203 4149 1397 4204 modos
1417 4148 1696 4219 generalis
1725 4149 1886 4205 theo-

302 4235 475 4305 logize,
518 4252 612 4306 per
653 4252 716 4293 ea
767 4255 891 4308 qure
936 4240 1007 4293 in.
1045 4249 1232 4296 monte
1293 4240 1349 4296 in
1403 4241 1886 4312 trausiiguratione

301 4329 482 4393 divina
517 4340 669 4399 gesta
716 4341 865 4400 sunt,
918 4337 1201 4404 expodtos
1243 4350 1369 4392 esse
1403 4337 1649 4406 mystice.
1684 4337 1747 4391 Et
1778 4336 1886 4392 ite-

303 4436 424 4475 rum
453 4437 469 4474 :
501 4423 656 4478 Illum
687 4423 955 4495 fulgorem
989 4428 1342 4484 excellentem
1370 4427 1530 4484 faciei
1558 4426 1768 4484 Christi
1799 4428 1885 4484 inc

374 4537 420 4570 ’°
436 4537 631 4594 Matth.
656 4551 792 4605 xvn,
814 4541 883 4598 4-

1974 650 2261 705 oculorum
2310 661 2659 721 superantem
2689 692 2704 715 ,
2740 644 3054 708 didicerunt
3078 654 3399 723 symbolum
3432 673 3555 712 θερί)

1969 749 2025 794 et
2061 751 2243 795 notam
2287 742 2589 798 divinitatis
2640 758 2780 813 ejus,
2813 759 2934 813 qua:
2987 759 3153 814 supra
3204 753 3442 801 mentem
3500 757 3557 802 et

1971 848 2195 888 sensum
2227 843 2282 889 et
2307 835 2670 890 substantiam
2702 843 2756 890 et
2789 837 3156 905 cognitionem
3191 846 3344 904 erat;
3393 838 3558 903 vcsti-

1972 933 2154 979 menta
2177 940 2307 980 vero
2337 926 2459 981 alba
2489 925 2654 990 facta,
2694 928 3148 999 symbolum'esse
3181 941 3230 984 et
3258 931 3552 1001 imaginem

1971 1017 2262 1071 verborum
2302 1014 2603 1086 Scriptura!
2644 1031 2870 1073 sancite.
2904 1020 3105 1074 lterum
3142 1021 3326 1076 idem:
3361 1022 3557 1077 Videa-

1971 1124 2116 1171 mus,
2147 1113 2408 1162 utrumne
2437 1118 2582 1163 recte
2621 1117 2678 1163 et
2718 1109 2994 1177 sapienter
3038 1109 3091 1174 iu
3122 1118 3357 1178 utroque
3390 1101 3552 1166 modo

1969 1199 2253 1268 theologia:
2279 1199 2390 1265 iam
2414 1200 2563 1255 dicto
2593 1204 2894 1256 secundum
2925 1202 3167 1257 divinam
3208 1204 3355 1258 illam
3379 1206 3558 1259 transo'

1967 1293 2343 1362 ﬁgurationem
2404 1292 2621 1347 nomini
2687 1295 2997 1365 symbolum
3043 1296 3178 1351 iucst
3214 1315 3227 1362 ;
3266 1299 3557 1367 oportebat

1965 1384 2139 1449 enim,
2167 1393 2227 1439 ut
2254 1385 2347 1455 qui
2381 1388 2681 1441 secundum
2716 1394 2968 1443 naturam
3006 1399 3252 1445 nostram
3295 1392 3556 1445 immuta-

1971 1477 2151 1531 hiliter
2191 1488 2412 1548 propter
2461 1478 2787 1535 immensam
2825 1480 2879 1534 i‘n
2932 1481 3181 1537 homines
3233 1484 3556 1538 charitatcm

1968 1568 2147 1621 creari
2179 1567 2465 1631 voluisset,
2501 1569 2673 1637 ﬁgura
2705 1579 2870 1639 atque
2901 1570 3208 1640 symbolum
3252 1572 3339 1625 sui
3369 1558 3555 1636 fleret;

1968 1674 2138 1728 seque
2164 1674 2227 1714 ex
2262 1661 2442 1730 seipso
2473 1663 2768 1732 symbolice
2793 1663 3229 1727 demonstraret;
3260 1673 3317 1716 et
3352 1676 3450 1732 per
3473 1678 3560 1715 sc-

1968 1754 2145 1819 ipsum
2188 1751 2328 1806 foris
2358 1761 2638 1808 ostensum
2677 1752 2744 1807 ad
2780 1755 3023 1822 seipsum
3068 1756 3285 1823 penitus
3335 1752 3559 1821 inaspe-l

1971 1843 2242 1898 rtabililer
2266 1842 2532 1908 abditum,
2566 1858 2784 1899 omnem
2816 1855 3123 1899 creaturam
3153 1843 3473 1907 deduceret,
3507 1844 3562 1899 et

1974 1950 2069 2003 per
2100 1943 2335 2005 cognata
2364 1943 2578 1990 naturae
2612 1944 2814 1991 nostra;
2844 1937 3091 2008 symbols
3124 1937 3192 1991 ad
3224 1936 3417 1992 ambos
3444 1951 3563 1990 mo-

1973 2028 2077 2082 dos
2102 2026 2393 2096 theologia;
2433 2034 2534 2081 nos
2576 2027 2803 2083 duceret
2835 2028 2936 2098 (l).
2975 2026 3039 2082 Et
3069 2027 3290 2083 divinus
3317 2027 3559 2099 Chryso-

1972 2131 2186 2179 stomus
2216 2121 2277 2176 in
2309 2121 2563 2176 oratione
2590 2118 2656 2176 ad
2700 2118 3048 2176 Theodorum
3075 2122 3314 2192 lapsum,
3347 2121 3563 2175 incum;

1974 2215 2109 2270 hens
2156 2214 2223 2268 ad
2272 2211 2675 2283 eiplanandnm
2706 2212 2888 2268 illud:
2945 2210 3151 2266 Bonum
3203 2222 3281 2267 est
3335 2230 3430 2267 nos
3477 2213 3564 2268 hic

1973 2324 2085 2362 esse
2111 2308 2156 2339 τ’
2184 2325 2200 2360 :
2231 2306 2287 2359 Si
2324 2314 2527 2371 autem,
2575 2304 2772 2374 inquit,
2826 2318 2950 2359 cum
3003 2314 3219 2360 tenuem
3265 2304 3560 2375 quemdam

1974 2401 2189 2457 radium
2225 2399 2535 2467 futurorum
2564 2399 2796 2463 videret,
2824 2396 2940 2452 haec
2976 2399 3213 2463 dicebat,
3253 2398 3384 2468 quid
3417 2399 3564 2452 dicet

1974 2493 2266 2564 quispiam.
2295 2507 2420 2548 cum
2450 2490 2564 2560 ipsa
2596 2492 2798 2545 veritas
2830 2505 3012 2544 rerum
3046 2490 3266 2545 aderit?
3297 2490 3567 2546 Similiter

1977 2585 2340 2650 Anastasius,
2377 2582 2469 2652 qui
2509 2582 2564 2636 in
2608 2590 2791 2638 monte
2835 2580 2966 2635 Sina
3016 2582 3317 2647 habitavit,
3364 2580 3571 2635 festum

1977 2675 2478 2745 trausﬁguratiouls
2525 2673 2779 2728 laudibus
2821 2674 3104 2727 celebrans
3142 2672 3324 2726 :Cum
3362 2674 3562 2734 vellet.

1978 2770 2172 2840 inquit,
2204 2784 2232 2822 a
2265 2768 2628 2838 praesentibus
2675 2768 2908 2821 suadere
2957 2765 3065 2820 illis
3105 2764 3347 2829 futurum
3374 2809 3388 2831 ,
3438 2764 3570 2819 fecit

1976 2859 2361 2915 admirabilem
2421 2859 2473 2912 in
2535 2866 2716 2911 monte
2759 2855 2981 2911 Thabor
3029 2857 3457 2925 tlieOphaniam,
3512 2855 3564 2909 i:|

1976 2962 2078 3013 est,
2104 2951 2486 3021 apparitioueut
2513 2947 2634 3014 Dei,
2670 2956 2934 3018 tanquam
2969 2947 3026 3003 in
3055 2947 3296 3015 imagine
3325 2947 3564 3014 quadam

1978 3046 2254 3115 quoddam
2295 3043 2649 3099 simulacrum
2681 3039 2833 3111 regni
2864 3041 3127 3097 etmalorum
3169 3029 3563 3108 preenunti'um.

1979 3138 2179 3192 Beatus
2209 3136 2637 3207 Chrysostomus
2671 3133 2725 3187 in
2753 3132 3176 3188 Commentariis
3219 3132 3272 3186 iu
3317 3136 3567 3201 Evange-

1981 3228 2113 3282 lium
2141 3224 2372 3280 Joannis
2403 3239 2526 3295 cap.
2559 3223 2614 3288 6,
2654 3222 2876 3276 bomilia
2908 3222 2978 3276 42
3019 3237 3033 3274 :
3067 3221 3243 3287 Sicut,
3267 3222 3468 3292 inquit,
3510 3223 3573 3276 in

1980 3319 2228 3374 doctrina
2258 3316 2521 3371 tradenda
2553 3330 2660 3369 non
2684 3314 2870 3370 omnia
2900 3314 3200 3368 audiebant
3228 3328 3353 3369 cum
3388 3315 3567 3379 turba;

1980 3410 2061 3467 sic
2093 3408 2341 3464 etiamin
2371 3406 2546 3477 signis
2575 3422 2683 3459 non
2712 3405 2898 3459 omnia
2931 3406 3086 3476 signa
3113 3418 3236 3460 cum
3272 3406 3571 3460 multitudi-i

1982 3516 2052 3556 ne
2087 3501 2228 3568 vulgi
2257 3499 2507 3555 videbant
2533 3515 2550 3563 ;
2577 3499 2863 3567 oportebat
2891 3497 3062 3563 enim,
3098 3506 3156 3552 ut
3194 3499 3396 3568 quibus
3420 3515 3574 3551 cum-

1984 3594 2247 3649 mittenda
2266 3603 2380 3647 erat
2398 3591 2550 3647 orbis
2571 3591 2898 3660 gubernatio
2915 3598 2967 3644 et
2993 3586 3335 3661 praefectura,
3362 3591 3575 3659 aliquid

1983 3688 2219 3759 amplius
2250 3702 2414 3757 quam
2446 3684 2666 3756 reliqui,
2696 3685 2980 3740 haberent.
3014 3684 3080 3739 Et
3108 3701 3231 3756 quae
3268 3686 3448 3755 signa.
3476 3688 3570 3741 in;

1984 3782 2124 3851 quit,
2157 3793 2407 3835 seorsum
2446 3778 2517 3834 ab
2546 3777 2668 3833 aliis
2690 3776 2939 3831 viderunl
2958 3776 2983 3832 ἲ
3005 3776 3569 3847 Transtigurationem

1986 3874 2040 3927 in
2091 3880 2275 3926 monte
2318 3868 2558 3933 factam;
2592 3868 3021 3922 ambulationem
3054 3867 3107 3921 in
3141 3881 3314 3932 mari;
3350 3880 3415 3923 ac
3446 3866 3569 3938 post

1984 3962 2439 4020 resurrectionem
2485 3958 2656 4014 multa
2702 3968 2757 4015 et
2804 3972 3025 4029 magna.
3063 3959 3273 4015 Rursus
3314 3960 3458 4014 idem
3511 3960 3571 4013 iu

1987 4056 2210 4112 bomilia
2241 4055 2294 4109 in
2321 4051 2766 4120 Assumptionem
2800 4050 3037 4117 Domini,
3058 4053 3216 4121 cujus
3237 4052 3567 4122 principium

1986 4156 2072 4209 est
2106 4164 2121 4203 :
2166 4146 2372 4200 La'tum
2419 4145 2629 4215 quidem
2667 4156 2820 4198 omne
2855 4143 3095 4213 festum:
3128 4144 3431 4200 Admiratio
3469 4146 3573 4199 fuit

1989 4238 2253 4311 apostolis
2282 4247 2337 4292 et
2366 4248 2593 4306 stupor;
2631 4237 2893 4291 mortales
2918 4236 3063 4292 enim
3092 4252 3215 4292 tutu
3252 4245 3438 4292 essent
3469 4250 3570 4291 nu-

1990 4343 2134 4395 tura,
2164 4338 2220 4386 et
2253 4327 2565 4398 huiusmodi
2613 4326 2939 4397 spectaculis
2976 4343 3081 4383 non
3113 4328 3445 4393 assuefacti,
3474 4332 3573 4381 ob-

1992 4431 2345 4495 stupuerunt.
2367 4419 2473 4476 Sed
2509 4420 2653 4476 dicet
2681 4419 2922 4490 aliquis:
2959 4417 3219 4474 Viderant
3250 4429 3375 4475 ante
3399 4429 3576 4474 trans-

1785 4634 2067 4700 Scholia.

378 4764 453 4831 (ι)
495 4759 603 4816 Nos
633 4762 863 4815 duceret.
898 4759 1184 4816 Declarant
1231 4760 1378 4813 hunc
1425 4758 1605 4814 locum
1655 4776 1718 4815 ea
1760 4756 1882 4829 (ιιιεύ
1921 4761 1964 4817 Ι)
1994 4770 2048 4816 et
2077 4750 2313 4831 mentem
2349 4768 2454 4823 est,
2491 4775 2613 4816 esse
2639 4769 2874 4825 tantum,
2900 4761 3179 4815 credimus
3202 4760 3388 4830 :‘qnid
3426 4777 3579 4822 vero,

307 4830 451 4887 idem
527 4833 590 4887 S.
662 4831 936 4885 Maximus
1023 4831 1223 4885 ibidem
1278 4830 1614 4899 subiungit:
1671 4831 1883 4885 Lumen

306 4904 471 4962 igitur
501 4902 556 4957 in
595 4902 734 4957 facie
761 4900 991 4966 Christi,
1018 4900 1165 4970 quod
1213 4901 1435 4953 humani
1469 4916 1669 4955 sensus
1701 4901 1901 4954 [τίθημ’

310 4983 471 5026 tatem
527 4973 659 5027 vicit
679 5014 703 5038 ,.
746 4969 1324 5041 ﬁgurabat'apostolis
1373 4970 1615 5041 modum
1646 4970 1891 5041 mysticae

308 5042 590 5110 [immugire
619 5039 918 5097 secundum
951 5041 1317 5110 nengonem,
1345 5047 1404 5093 ut
1444 5055 1570 5094 cum
1604 5039 1771 5095 Deum
1805 5040 1891 5093 di-

308 5113 484 5167 cimus
519 5112 793 5167 inﬁnitum
819 5152 835 5175 ,
875 5112 1390 5179 incomprehensum
1419 5150 1433 5175 ,
1470 5119 1567 5163 aut
1596 5122 1763 5178 supra
1796 5111 1895 5164 bo-

313 5199 468 5247 num,
503 5192 669 5251 supra
704 5183 1000 5250 sapientem
1036 5179 1383 5251 ὑπερσχικῶς
1405 5179 1503 5251 ,id
1540 5189 1642 5246 est,
1679 5195 1888 5251 super-

316 5254 456 5314 late,
497 5249 619 5321 quin
651 5249 968 5320 negationes
999 5249 1382 5314 declarantur;
1432 5250 1490 5321 in
1518 5264 1628 5317 quo
1665 5249 1883 5318 quidezu

317 5319 600 5388 tlteoloﬁiae
648 5319 810 5377 modo
859 5322 1118 5377 divinitas
1167 5331 1250 5374 est
1289 5319 1591 5375 secundum
1627 5322 1891 5373 substan-

313 5394 443 5445 tiam
480 5391 792 5456 ineffabilia,
822 5400 877 5446 et
909 5407 1073 5460 supra
1107 5406 1269 5461 quam
1315 5389 1624 5461 incognita,
1676 5389 1887 5461 nullum

313 5463 533 5533 penitus
562 5478 631 5514 ne
656 5461 863 5516 nudum
897 5462 1116 5533 quidem
1146 5460 1430 5533 vestigium
1465 5470 1590 5533 post
1628 5475 1686 5533 se
1725 5460 1891 5533 relin-

312 5529 511 5599 quens,
545 5547 643 5586 nec
667 5532 779 5585 ullo
809 5530 968 5586 modo
997 5531 1271 5585 notionem
1307 5529 1390 5584 sui
1416 5569 1431 5593 ,
1464 5530 1594 5598 quid
1639 5530 1749 5592 sit,
1787 5529 1882 5583 ulci

318 5601 823 5670 peranittensfquia
864 5602 1007 5670 quod
1054 5602 1353 5656 incusatum
1401 5610 1505 5670 est,
1542 5614 1587 5670 7a
1638 5608 1887 5670 creatura

316 5669 719 5739 eoinprehendi
767 5669 892 5723 non
937 5679 1134 5738 petest,
1188 5685 1293 5724 nec
1336 5684 1366 5721 a
1417 5669 1588 5739 linitis
1638 5669 1888 5737 pernosci

318 5737 465 5809 quod
515 5752 600 5795 est
640 5737 1042 5794 inlinitu;u.lﬂx
1096 5740 1406 5809 huiusmodi
1453 5737 1897 5809 symbolis,.quao

320 5807 449 5865 sunt
480 5824 641 5880 supra
671 5824 893 5864 sensum
919 5851 932 5873 ,
967 5809 1044 5863 ait
1090 5807 1233 5880 idem
1269 5807 1496 5880 sanctus
1521 5807 1804 5880 Maximus
1839 5811 1893 5862 in

320 5878 697 5950 speculatione
742 5879 1029 5935 undecima
1055 5897 1067 5933 :
1097 5879 1264 5935 Deum
1296 5878 1390 5949 qui
1420 5893 1587 5947 supra
1623 5878 1893 5936 rationem

1989 4840 2044 4888 et
2074 4830 2372 4898 quomodo,
2409 4846 2472 4885 ac
2511 4832 2698 4898 quale,
2731 4843 2787 4885 et
2819 4832 2910 4885 ubi
2941 4873 2954 4896 ,
2990 4840 3043 4886 et
3067 4831 3321 4900 quando,
3355 4848 3580 4899 prorsus

1989 4900 2261 4973 speculari
2307 4917 2415 4973 non
2448 4916 2517 4973 au
2541 4904 2713 4953 lentus
2737 4918 2884 4973 ,Anec
2915 4903 3219 4969 intelligere
3251 4918 3578 4970 possumus,

1992 4968 2170 5043 neque
2212 4971 2460 5043 cogitare
2504 4968 2767 5039 patimur.
2829 4971 3045 5043 Modum
3100 4968 3263 5043 'v‘ern‘
3295 4974 3583 5043 theologia:

1989 5040 2335 5102 adirmantis,
2363 5055 2487 5109 qua;
2516 5057 2580 5094 ex
2622 5046 2892 5096 creaturis
2922 5040 3090 5096 Deum
3134 5041 3338 5107 laudat,
3377 5054 3436 5097 ut
3457 5040 3580 5098 cum

1989 5111 2246 5173 dicimus,
2293 5112 2460 5165 Deum
2501 5112 2726 5174 bonum,
2758 5113 3082 5179 sapientem,
3110 5111 3341 5180 justum,
3374 5115 3585 5181 signiti-

1991 5189 2187 5250 cantcs
2215 5182 2564 5250 operationcs
2588 5190 2642 5234 cl
2669 5183 3045 5250 providentius
3085 5185 3224 5249 ejus,
3262 5186 3585 5238 vestimenta

1996 5249 2229 5321 candida
2268 5252 2567 5319 symbolice
2613 5249 2997 5321 signiﬁcabant
3034 5273 3047 5307 :
3082 5254 3198 5307 hmc
3244 5255 3389 5307 enim
3427 5265 3585 5307 erant

1993 5320 2242 5389 symbols
2283 5320 2834 5389 creaturarutu,.qu.1:
2862 5326 3163 5377 secundum
3192 5324 3409 5376 divinas
3433 5324 3589 5377 ideas

1995 5390 2154 5463 facta:
2176 5398 2409 5463 sunt,et_
2430 5391 2681 5463 symbolo
2714 5394 3005 5463 verborum
3034 5393 3333 5463 Scriptura!
3359 5404 3585 5454 saanr,

1994 5460 2196 5529 quibus
2233 5475 2330 5530 res
2360 5460 2559 5513 divinas
2589 5462 2931 5530 signiﬁcata,
2974 5464 3139 5517 veluti
3162 5460 3388 5516 indute
3415 5474 3539 5514 sunt
3569 5482 3586 5528 ;

1996 5528 2119 5598 tina:
2149 5540 2280 5583 tunc
2310 5528 2762 5585 fuermnt'sanctis
2804 5534 3069 5600 apoStulis
3118 5535 3257 5587 facta
3305 5533 3539 5586 dilucida
3568 5575 3585 5599 ,

1997 5610 2183 5669 aperta
2229 5609 2301 5670 ct
2338 5600 2512 5661 t-l'ura,
2536 5609 2592 5653 et
2630 5600 2839 5670 absque
2868 5603 2975 5657 ullo
2997 5603 3288 5669 a-nigmate
3312 5612 3583 5667 tortuoso,

1999 5680 2059 5739 et
2084 5669 2400 5739 sytnbolica
2448 5669 2861 5725 inumbratibuc
2898 5672 3171 5726 intellectu
3196 5710 3210 5733 ,
3260 5687 3325 5725 ac
3358 5675 3584 5725 vcrbua

2002 5738 2096 5792 Dei
2134 5738 2205 5810 fin
2250 5739 2383 5809 ipsis
2419 5740 2663 5793 abditum
2712 5740 3111 5810 patefecerunt,
3147 5742 3369 5810 quando
3406 5744 3583 5810 μεντοι

2002 5819 2145 5864 ctam
2191 5809 2283 5863 Dei
2311 5809 2672 5877 cognitionem
2703 5809 3035 5876 acceperunt
3057 5850 3071 5874 ,
3092 5809 3172 5863 'et’
3198 5811 3266 5865 ab
3297 5811 3591 5868 affectione

2008 5878 2195 5938 utendi
2224 5889 2281 5935 et
2312 5878 2494 5935 carnis
2525 5878 2764 5950 perfecte
2798 5879 3011 5937 liberati
3051 5891 3201 5936 sunt.

3590 330 3618 349 ηε
