4048 6426
499 394 605 460 855

1089 520 1320 578 CAPUT
1361 521 1473 586 ΥΠ.

499 650 654 714 Quod
683 665 800 704 eam
825 651 1297 726 pair/tritndinem.
1327 673 1484 719 quam
1523 658 1694 711 Adam
1725 668 1848 714 ante
1879 675 2069 726 percn-

569 733 678 773 tnm
709 739 811 775 non
841 723 1115 777 obediendi
1143 725 1424 788 habuerag
1449 743 1587 780 nunc
1609 738 1856 782 natm-am
1879 723 2073 781 immu-

537 801 688 843 lttain
731 809 1064 856 recuperasse
1097 794 1354 852 Dominus
1384 799 1438 849 in
1477 807 1652 851 monte
1688 796 1900 852 Thabar
1930 800 1982 853 in
2018 815 2075 853 se

563 861 778 928 quidem
812 865 958 936 prius
985 865 1053 918 ad
1089 867 1258 918 vivum
1293 869 1570 929 expressit.
1592 880 1774 936 postea
1805 886 1921 924 vero
1957 878 2070 936 post

567 882 778 928 quzaem
812 882 958 928 prius
985 882 1052 918 tta
1089 882 1258 918 vivum
1293 882 1570 929 expressit.
1584 882 1774 990 Bostari
1805 886 1921 924 vero
1957 882 2070 936 post

567 934 998 1007 resurrectionem
1035 951 1190 1007 suam
1239 937 1376 1007 sicut
1426 939 1535 1007 ipse
1633 938 1841 1007 ominus
1889 939 2071 992 eodem

566 1000 765 1077 lumine
791 1004 956 1077 multo
979 1005 1269 1077 copiatiore
1293 1005 1390 1074 (τι),
1406 1000 1740 1065 naturaliter
1763 1009 2073 1077 splendebit,

565 1072 856 1146 siesse-um
907 1075 1117 1146 habebit
1144 1072 1322 1144 justas
1353 1072 1718 1146 renuntiantes
1753 1072 1863 1133 sele
1893 1078 2071 1146 spieu-

562 1141 821 1202 didiures.
847 1144 1049 1199 scilicet
1084 1141 1362 1199 restituens
1393 1163 1480 1201 eos
1511 1141 1565 1200 in
1599 1149 1748 1202 ειιαηι
1781 1141 2072 1203 beatitudi-

524 1282 526 1284 ν
561 1227 675 1264 nem
707 1227 825 1282 qua,
858 1223 976 1268 erat
1006 1224 1129 1270 ante
1153 1225 1427 1286 peccat-unt
1460 1218 1613 1274 Adda.

566 1348 795 1404 Divinus
817 1350 1062 1408 Andreas
1083 1351 1362 1411 Cretensis
1393 1355 1447 1408 in
1480 1370 1680 1427 magno
1699 1371 1912 1413 canone
1955 1358 2067 1413 ait:

495 1437 668 1492 Amisi
703 1439 939 1508 primam
973 1455 1148 1495 meam
1197 1442 1684 1512 pulchritudinem,
1721 1455 1773 1500 et
1818 1446 2073 1501 decorem

420 1542 672 1590 “meum
702 1538 803 1595 ;.ct
851 1532 977 1587 inde
1007 1532 1167 1603 iaceo
1203 1537 1407 1600 nudus,
1439 1548 1494 1591 et
1536 1537 1720 1606 pudet.
1756 1536 1823 1591 Et
1861 1537 2070 1607 Grego-

490 1623 607 1678 rius
636 1621 952 1696 Theoiogus
980 1626 1098 1697 (υτ
1141 1627 1392 1683 Peliiceis
1421 1629 1622 1684 tunicis
1651 1630 1922 1697 induitur,
1958 1631 2073 1685 ior-

492 1722 644 1769 tasse
671 1716 945 1772 crassiore
973 1732 1166 1784 carne,
1202 1728 1256 1773 et
1303 1722 1545 1785 mortali,
1575 1733 1629 1777 et
1661 1723 1822 1789 dura,
1868 1738 1932 1776 ac
1985 1737 2071 1778 re-

487 1817 788 1878 pugnante.
818 1809 883 1864 Et
909 1809 1080 1864 divini
1103 1819 1273 1881 atque
1295 1813 1437 1867 beati
1467 1813 1698 1870 Cosmas
1719 1825 1773 1870 et
1798 1815 2040 1870 Joannes

489 1900 544 1955 in
599 1901 906 1958 cauonibtts
961 1902 1014 1956 in
1047 1902 1611 1974 Transﬁguratiouem
1653 1925 1666 1962 :
1716 1907 1818 1974 Qui
1868 1915 2066 1973 totum,

490 1993 770 2064 inquiunt,
791 1995 960 2050 Adam
987 1998 1234 2067 gestasti.
1256 1998 1493 2063 Christe,
1524 2010 1774 2054 naturam
1804 2001 2070 2057 obscura-

492 2097 604 2140 tam
635 2096 689 2142 et
741 2089 1052 2145 hebetatam
1104 2093 1478 2153 commutasti,
1505 2103 1558 2146 et
1587 2093 1928 2160 splendidam
1954 2094 2068 2160 jam

486 2188 651 2234 antea
681 2179 1008 2249 reddidisti;
1042 2193 1097 2239 et
1125 2183 1514 2239 immutatione
1547 2184 1738 2240 formas
1768 2195 1876 2239 tute
1908 2184 2067 2238 deiﬁ-

484 2272 645 2323 eastt.
693 2269 764 2328 Et
807 2271 1047 2330 iterum:
1082 2273 1136 2328 In
1171 2275 1320 2331 hunc
1360 2276 1508 2332 enim
1559 2285 1801 2331 montem
1833 2289 1956 2332 cum
2008 2283 2066 2330 tu

481 2357 743 2415 Salvator
778 2375 889 2417 una
936 2377 1062 2418 cum
1097 2363 1387 2434 discipulis
1419 2365 1529 2420 tuis
1563 2367 1937 2430 ascendisses.
1975 2383 2072 2422 ua-

483 2459 666 2506 tursm
690 2453 745 2507 in
777 2454 950 2508 Adam
984 2455 1380 2521 inumbrantem,
1406 2457 1854 2528 transfiguratus,
1881 2460 2070 2529 splen-

484 2541 622 2596 dere
661 2556 861 2598 rursus
898 2542 1097 2609 iecisti,
1130 2555 1354 2599 mutans
1385 2561 1508 2600 eam
1536 2547 1590 2601 in
1621 2547 1930 2605 divinitatis
1961 2558 2068 2607 tum

481 2629 715 2698 gloriam
739 2641 798 2687 et
827 2633 1201 2701 splendorem.
1235 2633 1302 2688 Et
1334 2634 1534 2690 iterum
1568 2655 1584 2693 :
1618 2636 1788 2694 Hodie
1815 2639 2070 2698 Christus

479 2723 538 2779 in
584 2732 775 2779 monte-
807 2723 1032 2780 Thabor
1081 2735 1336 2783 naturam
1393 2729 1567 2784 Adam
1628 2731 1963 2800 imumtavit,
2014 2742 2069 2789 et

479 2813 825 2879 splendidam
851 2817 1087 2874 reddens
1111 2819 1414 2877 deiﬁcavit.
1442 2821 1508 2876 Et
1536 2822 1736 2878 iterum
1774 2841 1790 2879 :
1818 2823 1922 2891 Qui
1953 2841 2071 2881 ma-

480 2907 649 2963 nibus
668 2908 1159 2980 inaspectabiiibus
1184 2913 1462 2969 hominem
1485 2916 1552 2970 ad
1579 2917 1872 2985 imaginem
1893 2926 2064 2983 natm,

477 3000 720 3065 thriste,
761 3000 1038 3066 formasti,
1091 3003 1558 3073 pulchritudinem
1609 3008 1689 3062 tui
1736 3008 2064 3080 exemplaris

478 3093 535 3146 iu
584 3103 786 3148 natura
819 3109 853 3149 a
881 3103 937 3149 te
968 3095 1204 3150 formata
1235 3095 1629 3153 demonstrasti
1665 3113 1771 3152 non
1805 3109 2061 3169 tanquam

1654 405 1977 470 103Nle
2015 407 2583 474 CYPARISSIOTE

2099 527 2145 582 Δ
2178 532 2370 599 possit,
2415 547 2582 601 quem
2618 532 2843 603 quidem
2905 535 2960 588 in
3015 541 3201 587 monte
3249 534 3751 601 transﬁgurationis

3640 415 3750 478 856

2175 620 2390 674 Domini
2420 620 2633 692 Moyses
2655 632 2709 677 et
2739 622 2884 679 Elias
2910 633 3278 692 gestavernnt.
3302 623 3364 678 Et
3381 640 3606 692 magnus
3629 626 3754 682 Dio—

2173 714 2364 783 nysius
2413 716 2593 783 capite
2644 716 2821 784 primo
2870 715 2943 770 De
2987 717 3178 770 divinis
3225 716 3545 782 nominibus,
3594 716 3779 776 Nunc‘

2175 808 2424 876 quidem.
2455 805 2654 876 inquit,
2690 808 2933 864 charitas
2959 807 3053 863 Dei
3079 824 3206 879 erga
3239 810 3486 866 homines
3531 811 3583 865 in
3625 827 3754 866 san-

2173 901 2276 954 ctis
2327 900 2628 969 Scriptnris
2667 911 2722 956 et
2767 901 3087 969 apostolicis
3122 901 3512 957 traditionibus
3545 917 3753 958 conve-

2174 993 2391 1047 nienter
2424 994 2582 1049 nobis
2625 1003 2686 1049 ea
2737 1009 2862 1064 quae
2895 993 2998 1050 sub
3049 993 3468 1064 intelligentiam
3523 997 3751 1059 cadunt.

2175 1087 2350 1141 sacris
2381 1087 2740 1156 operimentis
2756 1087 2857 1142 sub
2873 1101 3094 1142 sensum
3110 1089 3426 1144 cadentibus
3439 1089 3574 1144 velat
3595 1107 3609 1155 ;
3624 1096 3676 1145 et
3687 1105 3754 1143 ea

2175 1193 2296 1245 qua:
2325 1193 2488 1244 supra
2518 1179 2880 1234 substantiam
2914 1187 3065 1242 sunt,
3103 1180 3167 1234 iis
3193 1195 3318 1247 quae
3349 1181 3402 1234 in
3436 1195 3616 1236 rerum
3653 1195 3757 1235 na-

2177 1278 2301 1323 tura
2337 1279 2492 1333 sunt,
2534 1269 2782 1339 obtegit;
2814 1269 3022 1326 formas
3060 1280 3115 1326 ct
3151 1273 3356 1337 ﬁguras
3389 1272 3457 1328 iis
3487 1289 3607 1342 qua:
3637 1273 3756 1326 for-

2174 1373 2261 1414 ma
2289 1369 2345 1414 et
2375 1361 2546 1430 ﬁgura
2580 1372 2792 1422 carent,
2816 1362 3078 1430 obducit;
3106 1369 3161 1416 et
3187 1349 3318 1416 illud
3346 1378 3514 1416 unum
3546 1373 3596 1416 et
3621 1364 3758 1418 sim-

2175 1453 2321 1523 plex.
2353 1455 2500 1523 quod
2529 1469 2692 1523 supra
2743 1455 3110 1510 substantiam
3154 1462 3207 1508 et
3248 1466 3504 1509 naturam
3546 1461 3649 1517 est,
3696 1461 3756 1506 et

2179 1544 2322 1612 quod
2352 1543 2574 1612 ﬁgurari
2609 1559 2715 1597 non
2745 1552 2947 1612 potest,
2977 1543 3239 1598 varietate
3267 1543 3546 1612 signorum
3583 1543 3758 1610 parti-

2175 1633 2364 1686 bilium
2397 1633 2742 1702 multiplicat,
2767 1643 2820 1686 et
2843 1633 3049 1702 effingit
3072 1650 3087 1701 ;
3113 1647 3239 1688 cum
3269 1645 3394 1688 vero
3422 1634 3758 1686 immortales

2176 1724 2305 1779 facti
2330 1727 2558 1787 erimus.
2581 1735 2634 1780 et
2657 1727 2724 1780 ad
2754 1727 2905 1780 illum
2964 1727 3343 1781 beatissimum
3372 1735 3567 1783 statum
3597 1725 3756 1780 Chri-

2175 1817 2244 1871 sti
2268 1817 2500 1873 simiiem
2529 1817 2939 1888 perveniemus.
2957 1829 3086 1872 tunc
3113 1833 3349 1886 semper,
3370 1819 3515 1872 sicut
3535 1818 3607 1872 ait
3625 1833 3755 1872 vera

2177 1906 2486 1976 Scriptura,
2510 1923 2635 1962 cum
2668 1908 2903 1963 Domino
2931 1909 3162 1973 erimus,
3191 1909 3390 1977 expleti
3419 1910 3757 1975 contempla-

2174 2002 2416 2055 tiOnihus
2446 2002 2764 2070 purissimis
2808 2002 3158 2070 aspectabiiis
3199 2003 3415 2070 quidem
3450 2003 3755 2070 apparitio-

2173 2093 2260 2149 nis
2294 2093 2408 2159 Dei,
2443 2109 2568 2164 qua:
2600 2109 2702 2150 nos
2751 2094 3104 2149 lucidissimis
3153 2095 3460 2160 fulgoribus
3515 2097 3758 2148 cireum-

2173 2179 2388 2247 iundet,
2428 2193 2486 2239 ut
2534 2185 2838 2256 discipulos
2877 2185 2930 2238 in
2981 2185 3071 2239 illa
3112 2185 3460 2240 divinissima
3513 2185 3757 2239 Transii-

2171 2280 2499 2347 gnrationc,
2558 2277 2966 2347 inaspectabilis
3025 2293 3154 2333 vero
3215 2277 3638 2332 illuminationis
3695 2279 3748 2331 in

2173 2378 2358 2424 meme
2395 2370 2641 2423 materia:
2671 2377 2898 2438 experte
2921 2375 2977 2423 et
3016 2368 3307 2440 impatihili
3337 2370 3633 2440 participes
3673 2369 3752 2421 ef-

2172 2459 2323 2526 fecti,
2355 2461 2519 2516 simul
2548 2471 2602 2516 et
2627 2461 2874 2526 unionis,
2904 2475 3027 2528 qua:
3056 2473 3236 2516 mente
3268 2461 3483 2530 concipi
3518 2476 3624 2514 non
3655 2475 3749 2524 po-

2171 2560 2301 2613 test,
2339 2553 2394 2606 in
2432 2552 2675 2622 iactibus
2728 2551 2930 2622 ignotis
2959 2561 3015 2606 et
3047 2553 3223 2608 beatis
3270 2551 3551 2606 radiorum
3582 2567 3746 2622 supra

2169 2645 2390 2698 modum
2416 2644 2714 2705 clarorum,
2742 2643 2794 2696 in
2819 2643 3130 2698 imitatione
3157 2643 3424 2698 diviniorc
3448 2643 3747 2698 cmlestiutu

2169 2736 2436 2791 mentium
2465 2752 2480 2800 ;
2513 2735 2723 2789 erimus
2755 2734 2924 2800 enim,
2957 2735 3101 2790 sicut
3133 2735 3209 2789 ait
3237 2734 3517 2802 Scriptura
3548 2735 3613 2797 τ’,
3645 2748 3748 2786 an-

2169 2829 2308 2899 gelis
2337 2829 2603 2899 aequales,
2637 2836 2694 2884 et
2728 2827 2822 2881 lilii
2859 2827 2974 2896 Dei,
3010 2825 3139 2883 facti
3175 2827 3269 2881 iilii
3308 2826 3732 2882 resurrectionis.

2170 2921 2296 2977 Hzrc
2327 2931 2554 2976 sanctus
2579 2919 2849 2975 Maximus
2875 2936 3000 2975 cum
3038 2920 3288 2982 adnatat,
3315 2918 3519 2978 Sancti.
3540 2917 3740 2982 inquit,

2167 3015 2222 3070 in
2243 3015 2650 3069 resurrectione
2670 3022 2870 3067 statum
2897 3013 3130 3067 similem
3156 3012 3364 3067 Christi
3386 3026 3505 3066 cum
3526 3011 3749 3064 immor-

2171 3107 2380 3162 talitate
2415 3107 2814 3176 adipiscentur,
2869 3105 3220 3175 splendentes
3254 3117 3423 3174 supra
3457 3118 3618 3172 quam
3665 3104 3749 3156 soi

480 3176 533 3232 iu
565 3177 827 3248 Longino,
860 3178 956 3236 sed
985 3189 1247 3249 tanquam
1269 3181 1364 3251 qui
1400 3195 1552 3238 esses
1580 3184 1885 3238 substantia
1920 3183 2062 3240 Deus

2167 3201 2436 3272 splendet,
2482 3200 2625 3254 sicut
2672 3198 2936 3253 Dentian
2983 3199 3036 3252 in
3088 3207 3270 3252 monte
3324 3196 3744 3265 transfiguratus

479 3278 535 3328 ιι
569 3269 713 3325 idem
747 3270 933 3325 homo.
965 3269 1030 3327 Et
1057 3271 1256 3326 iterum
1283 3288 1298 3326 :
1329 3271 1433 3338 Qui
1463 3273 1594 3328 olim
1626 3289 1750 3329 cum
1792 3275 1976 3347 Huyse
2011 3276 2062 3330 iu

480 3369 668 3416 urente
696 3358 828 3417 Sina
871 3375 968 3431 per
1010 3362 1259 3434 symbols
1302 3363 1522 3420 loeutus
1566 3375 1670 3430 est,
1717 3382 1844 3421 cum
1883 3367 2063 3424 dixit:

478 3451 600 3521 Ege
625 3467 770 3518 sunt,
789 3455 878 3522 qui
904 3453 1086 3513 sum"
1113 3494 1128 3521 ,
1160 3453 1320 3512 hodie
1345 3457 1774 3529 transﬁguratus
1796 3459 1851 3513 in
1879 3468 2064 3514 monte

478 3543 711 3606 Thabor
734 3561 919 3606 coram
961 3547 1273 3619 discipulis,
1299 3551 1544 3606 ostendit
1580 3551 1634 3606 in
1663 3567 1723 3608 se
1755 3552 1874 3622 ipso
1907 3563 2067 3608 natu-

479 3655 598 3695 tam
633 3641 936 3697 humanam
960 3642 1030 3697 ad
1062 3643 1342 3712 exemplar
1373 3644 1842 3714 pulchritudinem
1874 3647 2065 3717 imagi-

477 3733 568 3788 nis
604 3720 982 3803 recuperasse.
1021 3733 1090 3789 Et
1121 3743 1348 3792 sanctus
1379 3734 1621 3807 Cyrinus
1654 3737 1796 3793 libro
1827 3740 2063 3808 septimo

476 3841 674 3881 norm
699 3842 840 3898 quos
876 3843 1031 3884 more
1061 3827 1264 3900 dialogi
1293 3830 1520 3900 scripsit
1546 3848 1562 3887 :
1595 3830 1796 3886 Nonne
1825 3831 2066 3888 dicimus

477 3919 984 3975 iahreiaetumcsse
1013 3919 1292 3975 hominem
1327 3921 1382 3976 in
1412 3932 1556 3978 terra
1585 3926 1889 3979 secunda
1918 3926 2058 3981 ima-

477 4013 660 4079 ginem
698 4010 790 4067 Dei
815 4011 840 4065 ἲ
869 4011 1003 4078 Quis
1054 4012 1158 4068 hoc
1189 4014 1392 4085 leget?
1420 4015 1522 4081 Qui
1575 4027 1762 4072 autem
1817 4018 2060 4074 divinam

475 4104 777 4192 inrupissent
801 4104 962 4160 soliis
991 4105 1276 4175 insculpit,
1310 4115 1368 4161 et
1399 4108 1863 4176 pulchritudinem
1895 4126 2060 4180 supra

474 4212 650 4262 quam
675 4197 954 4255 caelestem
985 4197 1159 4255 instar
1191 4200 1356 4272 sigilli
1391 4200 1445 4255 in
1482 4203 1640 4257 nobis
1670 4203 1957 4272 imprimit,
1992 4220 2060 4262 an

476 4304 590 4346 non
631 4299 718 4350 eat
759 4290 1038 4362 spiritus?
1069 4291 1136 4347 Et
1166 4292 1388 4350 divinus
1427 4294 1756 4349 Anastasius
1799 4297 2060 4365 Sinaites,

476 4387 533 4440 in
573 4385 826 4442 (natione
867 4386 924 4441 in
955 4384 1521 4458 Transfigurationem
1565 4404 1583 4442 :
1635 4386 1810 4444 Hodie
1865 4400 2061 4447 natura

474 4477 570 4530 illa
591 4474 808 4545 Adami,
831 4492 954 4548 qua
981 4477 1180 4534 similis
1208 4477 1320 4532 Deo
1343 4477 1505 4542 facta,
1529 4478 1594 4533 ad
1625 4478 1921 4538 deii'ormes
1944 4481 2061 4538 ior-

476 4583 597 4624 tnas
631 4567 902 4626 idolorum
950 4569 1243 4626 obscurata
1279 4575 1418 4632 erat,
1464 4572 1850 4642 transﬁgurata
1881 4584 1966 4630 est
2001 4577 2056 4633 in

473 4661 758 4731 antiquam
787 4677 940 4717 suam
977 4661 1453 4731 pulchritudinem.
1474 4662 1541 4716 ad
1570 4663 1862 4735 imaginem
1894 4677 1947 4723 et
1979 4669 2056 4723 si-

472 4750 842 4807 militudinem
873 4752 993 4808 Dei.
1029 4749 1203 4829 Hodie
1254 4759 1471 4819 natura,
1517 4769 1639 4825 quae
1673 4756 1727 4810 in
1774 4758 2056 4817 montibus

456 4852 779 4908 erraverat,
809 4851 864 4898 et
890 4842 1031 4898 idola
1067 4843 1336 4908 coluerat,
1369 4843 1489 4898 sine
1513 4846 1596 4902 sui
1627 4851 1954 4915 mutatione,
1995 4855 2048 4909 in

470 4944 660 4990 nmmo
702 4935 954 5003 qumsita,
1006 4932 1330 5002 splendores
1376 4935 1682 4995 divinitatis
1727 4941 2062 5016 refulgentes

470 5027 679 5082 emisit.
714 5025 888 5081 Hodie
917 5025 1010 5094 qui
1039 5025 1244 5081 tunicis
1273 5027 1379 5083 illis
1413 5029 1689 5096 tristibus,
1719 5042 1776 5086 et
1803 5037 2058 5096 molestis

471 5120 681 5178 tunicis
708 5121 936 5174 indutus
961 5116 1086 5182 iuit,
1119 5119 1375 5175 vestitum
1411 5136 1442 5176 a
1492 5123 1605 5177 Deo
1648 5123 1852 5182 iactum
1900 5146 2057 5186 sum-

471 5214 602 5282 psit,
657 5210 1107 5265 induenslumcn
1163 5219 1417 5282 tanquam
1477 5215 1883 5275 vestimentum.
1942 5225 2059 5279 imo

471 5308 639 5359 etiam
673 5303 762 5358 ille
794 5317 959 5356 aurea
1003 5302 1316 5373 eloquentia
1348 5304 1674 5377 Theologus,
1726 5311 1780 5363 in
1823 5312 2049 5371 homiiia

473 5395 542 5450 de
567 5395 780 5465 jejunio
811 5395 891 5450 sic
924 5395 1038 5453 ait:
1077 5397 1273 5451 Amisit
1317 5398 1488 5452 Adam
1522 5402 1776 5458 vestitum
1805 5404 2045 5460 immor-

474 5487 700 5542 talitatis
749 5487 986 5557 rcgium,
1021 5489 1452 5558 pulcherrimum
1505 5508 1672 5564 supra
1720 5511 1884 5566 quam
1940 5499 2050 5555 dici

2170 3303 2277 3358 est,
2313 3294 2460 3348 sicut
2499 3293 2794 3361 Aposmlus
2826 3291 2895 3345 de
2929 3291 3136 3344 sanctis
3164 3291 3234 3343 ait
3270 3307 3282 3343 :
3322 3287 3466 3343 Tum:
3493 3297 3647 3342 erunt
3677 3287 3752 3340 si-

2169 3397 2254 3441 cut
2285 3397 2334 3441 et
2364 3388 2472 3456 ipse
2497 3396 2596 3452 est,
2629 3396 2678 3441 et
2716 3401 2920 3453 semper
2954 3401 3070 3437 cum
3111 3384 3338 3437 Domino
3367 3380 3621 3436 erimus"
3651 3397 3664 3434 :
3695 3390 3751 3433 et

2166 3477 2417 3532 divinum
2453 3477 2576 3543 ejus
2617 3492 2819 3544 corpus
2851 3476 3059 3546 ὁρατὴν
3105 3475 3272 3528 αὑτοῦ
3309 3475 3653 3542 θεοφὰνειαν,
3693 3473 3746 3526 id

2167 3578 2274 3630 est,
2325 3570 2700 3639 aspectabilem
2737 3568 2835 3622 Dei
2877 3569 3268 3637 appuritionem
3316 3577 3493 3632 vocat,
3543 3576 3600 3620 ut
3635 3566 3745 3633 jam

2166 3665 2272 3720 hoc
2297 3664 2499 3718 dictum
2532 3660 2697 3717 simul
2727 3662 2957 3732 quadret
3005 3662 3055 3714 in
3093 3658 3473 3721 Nestorianos,
3519 3669 3571 3713 et
3600 3659 3727 3712 Ace-

2167 3755 2385 3825 phalos,
2416 3764 2467 3808 et
2499 3755 2552 3807 in
2591 3767 2688 3808 eos
2741 3753 2836 3822 qui
2870 3753 3207 3822 fopinantur,
3260 3767 3369 3805 non
3429 3765 3551 3805 esse
3606 3764 3746 3805 nunc

2165 3862 2290 3903 cum
2340 3859 2506 3902 carne
2540 3843 2853 3898 Dominum.
2907 3842 3001 3898 Est
3035 3843 3090 3897 in
3134 3842 3353 3898 Christo
3399 3839 3746 3912 aspectabilis

2165 3937 2415 4010 quasdam
2443 3937 2716 4007 apparitio
2744 3934 2862 4000 Dei,
2898 3951 3020 4005 qua:
3047 3944 3130 3989 est
3155 3948 3286 3989 caro
3311 3934 3432 4004 ejus
3465 3934 3699 3986 animata
3725 3948 3740 3994 ;

2163 4038 2218 4086 et
2252 4037 2335 4083 est
2366 4027 2535 4082 altera
2564 4025 2837 4096 apparitio
2872 4021 2962 4076 Dei
2999 4023 3190 4092 νοητή,
3228 4021 3280 4075 id
3313 4031 3416 4082 est,
3443 4034 3563 4090 qua:
3592 4033 3714 4071 men

2163 4129 2217 4176 te
2250 4118 2575 4189 percipitur,
2612 4133 2732 4188 quae
2764 4131 2793 4171 a
2828 4115 2991 4170 nobis
3039 4125 3173 4169 tunc
3199 4112 3496 4182 perfectius
3525 4110 3744 4182 partici-

2162 4212 2404 4288 pabitur,
2432 4209 2652 4282 quando
2683 4207 2932 4264 conversi
2965 4209 3032 4262 ad
3060 4207 3253 4269 Deum.
3288 4206 3576 4275 splendore
3599 4204 3746 4258 illinc

2163 4301 2408 4374 perfecte
2436 4309 2664 4371 accepto
2691 4315 2862 4355 unum
2895 4299 3148 4368 c0pulate
3177 4297 3496 4363 eiiiciemur,
3527 4295 3740 4361 liberati

2163 4402 2196 4448 a
2227 4391 2587 4448 varietatibus
2615 4406 2680 4446 ex
2711 4389 3113 4459 compositione
3147 4388 3646 4449 proﬁciscentibus.
3677 4385 3744 4439 Et

2163 4485 2487 4542 Anastasius
2514 4483 2776 4552 Sinaites.
2809 4484 2862 4536 in
2896 4482 3150 4536 oratione
3186 4481 3240 4535 in
3273 4478 3745 4548 Transliguratio-

2167 4594 2291 4636 nem
2320 4593 2336 4632 :
2363 4575 2527 4643 Quid,
2586 4573 2787 4643 inquit,
2829 4574 3035 4642 majus,
3079 4581 3135 4628 ct
3171 4571 3346 4642 ttiagis
3396 4570 3744 4640 stupendum,

2165 4684 2330 4741 quam
2371 4665 2542 4722 videri
2588 4663 2759 4720 Deum
2793 4665 2844 4718 iu
2879 4666 3054 4719 forma
3089 4661 3331 4718 hominis
3380 4662 3518 4717 facie
3567 4663 3750 4730 splen-

2163 4761 2382 4817 dentem
2413 4760 2558 4814 sicut
2583 4757 2665 4812 sci
2696 4757 2969 4826 splendet,
2995 4764 3050 4810 et
3075 4771 3238 4824 supra
3263 4771 3426 4825 quam
3455 4755 3537 4809 sol
3566 4755 3745 4824 splen-

2163 4853 2258 4908 det
2299 4851 2687 4922 reiulgentem,
2721 4859 2778 4906 et
2834 4850 3018 4904 radios
3050 4848 3275 4903 luminis
3303 4849 3424 4904 sine
3461 4846 3744 4901 intermis-

2159 4944 2314 5000 sione
2353 4942 2463 4998 ulia
2505 4941 2829 5008 iacientem,
2865 4950 2920 4995 et
2967 4940 3275 5010 purissimo
3303 4941 3474 5010 digito
3511 4939 3590 4992 ori
3641 4951 3743 4991 suo

2161 5032 2421 5100 imposito
2453 5033 2556 5103 (c),
2587 5031 2873 5101 discipulis
2907 5031 3000 5100 qui
3034 5044 3159 5084 cum
3192 5046 3256 5085 eo
3293 5029 3403 5085 illic
3436 5035 3618 5089 erant,
3652 5027 3738 5080 di-

2158 5131 2370 5178 centem
2399 5139 2416 5178 :
2458 5121 2549 5177 Sic
2585 5120 2872 5191 fulgebunt
2905 5121 3041 5191 justi
3084 5121 3137 5174 in
3168 5121 3621 5183 resurrectione;
3657 5117 3739 5172 sic

2158 5215 2637 5286 gloriﬁcabuntur,
2676 5214 2730 5268 in
2767 5214 2908 5268 hanc
2934 5212 3166 5281 gloriam
3191 5211 3652 5273 imumtalmntur,
3681 5207 3738 5261 in

2157 5309 2474 5381 hujusmodi
2519 5309 2728 5373 lumen,
2779 5306 2835 5361 in
2885 5307 3027 5362 hanc
3074 5307 3248 5374 ipsam
3306 5304 3627 5375 imaginem,
3681 5301 3733 5354 in

2157 5403 2302 5460 hanc
2345 5402 2603 5473 speciem,
2642 5402 2693 5456 in
2721 5400 2965 5456 eamdem
3000 5399 3393 5454 beatitudinem
3425 5397 3736 5453 confertus-

2161 5499 2388 5562 buntur,
2421 5493 2730 5553 eonformes
2765 5503 2822 5550 et
2866 5507 3222 5549 consessorcs
3254 5491 3384 5547 iacti
3421 5489 3554 5545 mihi
3600 5485 3739 5543 Filio

542 5618 592 5652 ⁷⁸
609 5619 778 5675 Exod.
811 5637 893 5682 ιιι.
920 5623 1004 5677 Μ.
1082 5624 1126 5657 ⁷⁷
1151 5623 1344 5680 Matth.
1374 5641 1513 5695 xx",
1546 5627 1636 5683 50.
1716 5629 1760 5662 ⁷⁸
1796 5629 1816 5684 l
1849 5629 2044 5688 Thess.
2081 5647 2156 5699 tv,
2210 5631 2298 5689 i6.

546 5757 622 5820 (α)
652 5761 706 5814 id
726 5771 830 5817 est.
858 5778 984 5818 vere
1016 5774 1068 5819 et
1090 5765 1140 5818 in
1164 5766 1467 5820 substantia
1500 5780 1618 5822 sua.

542 5828 616 5892 (ο)
649 5831 976 5890 iactatione
1016 5836 1067 5892 iu
1100 5836 1340 5893 Natalem
1366 5837 1590 5894 Christi.

2203 5767 2644 5852 ⁵(ελξίειιίίξρῐιι,
2681 5769 2825 5850 quod
2854 5767 3131 5840 discipulis
3162 5765 3271 5824 illic
3301 5763 3459 5831 dixit,
3519 5759 3734 5820 Nemini

2156 5837 2396 5894 dixeritis
2425 5837 2708 5894 ιοιδὶωιεηιοῖ
