4048 6428
286 463 389 526 857

949 461 1188 522 DECAS
1215 461 1314 523 Vl.
1349 485 1419 495 --
1455 458 1552 520 DE
1597 455 2243 518 APPARITIONIBUS
2272 455 2523 518 DIVINI
2548 454 2908 518 LUMINIS.

3442 452 3562 517 858’

291 568 408 629 υιιὶ.
445 571 508 626 Ει
547 571 602 625 in
654 572 720 626 iis
751 585 873 640 qttre
919 571 974 624 in
1029 574 1134 626 hoc
1187 570 1384 624 festum
1423 577 1761 624 cantantur:
1797 566 1868 622 Ut
1894 569 1942 626 Α
1974 567 2174 639 inquit,
2205 571 2428 627 diabolo
2457 583 2508 626 et
2541 572 2753 639 angelis
2787 570 2907 639 ejus
2935 568 3004 621 ad
3042 575 3374 622 tormentum
3407 583 3554 638 prae.

288 663 632 722 ostenderes.
674 662 878 731 inquit,
921 661 1361 715 immutationem
1397 660 1712 714 mortalium
1741 673 1865 713 cum

291 756 464 828 gloria
490 766 603 817 tua,
637 753 914 815 Salvator,
945 753 997 806 in
1032 752 1275 806 secundo
1298 767 1325 804 a
1348 751 1532 804 lvenlu
1565 759 1658 804 tuo
1687 749 1870 803 horri-

291 849 384 904 bifi
427 857 691 908 tuturam,
726 845 780 898 in
811 854 998 898 monte
1033 844 1454 913 transﬁguratus
1505 858 1587 896 es.
1635 838 1699 893 Et
1735 840 1870 894 Gre-

292 939 480 1012 gorius
527 934 862 1012 Theologns,
902 937 956 988 in
1005 936 1257 989 oratione
1305 934 1356 988 in
1398 931 1640 987 Natalem
1693 927 1876 983 Domi-

296 1027 390 1086 ni:
424 1029 600 1096 Quam
635 1027 818 1090 multi,
865 1027 1068 1095 inquit,
1104 1022 1586 1080 tnihi'conventus
1634 1021 1876 1077 ecleltres

295 1123 351 1176 in
384 1119 618 1190 singulis
643 1117 851 1173 Christi
887 1116 1165 1183 mytileriis
1189 1117 1213 1170 ?
1235 1132 1469 1186 quorum
1501 1113 1744 1168 omnium
1779 1127 1874 1165 ca-

297 1224 393 1284 pttt
426 1226 594 1266 unum
645 1221 728 1265 est
762 1227 880 1264 mea
916 1210 1203 1279 perfectio,
1237 1218 1290 1264 et
1324 1208 1682 1270 instauratio,
1723 1214 1776 1260 et
1809 1203 1877 1258 ad

302 1305 538 1374 primum
591 1303 764 1356 Adam
813 1301 1083 1354 reversio.
1139 1302 1202 1354 Et
1251 1299 1547 1366 Gregorius
1597 1295 1880 1370 Nyssenns

304 1399 449 1452 libro
489 1395 668 1464 primo
698 1395 750 1448 in
779 1392 1148 1447 Ecclesiasten
1181 1410 1194 1446 :
1225 1390 1373 1446 Talis
1397 1390 1534 1444 facta
1560 1400 1644 1443 est
1671 1390 1880 1452 anima,

308 1488 489 1556 qualis
518 1501 710 1540 rursus
735 1494 925 1554 postea
958 1482 1255 1538 emundata
1286 1481 1571 1552 apparebit
1600 1499 1613 1545 ;
1669 1479 1776 1533 tale
1803 1477 1882 1532 fa-

304 1587 458 1632 ctum
489 1588 574 1631 cst
612 1591 836 1645 corpus,
869 1577 1011 1643 quod
1039 1574 1292 1628 manibus
1327 1572 1418 1626 Dei
1439 1570 1738 1625 formatum
1776 1579 1881 1632 est,

309 1671 474 1738 quale
501 1677 740 1736 tempore
774 1682 875 1720 suo
903 1665 1235 1720 resurrectio
1264 1663 1684 1718 demonstrabit.
1713 1661 1884 1726 Quale

301 1763 445 1815 enim
480 1770 599 1826 post
629 1759 1079 1816 resurrectionem
1111 1773 1234 1814 esse
1263 1757 1493 1822 videbis,
1528 1756 1634 1811 tale
1662 1755 1888 1810 omnino

302 1856 398 1908 fuit
423 1856 616 1922 primo;
640 1870 737 1908 nec
753 1856 899 1908 enim
923 1853 1069 1909 aliud
1089 1864 1169 1907 est
1189 1852 1539 1918 resurrectio,
1557 1867 1717 1920 quant
1737 1849 1886 1904 redi-

1971 668 2199 728 parattts
2230 660 2498 715 dividitur
2526 676 2662 716 voce
2700 660 2943 731 Domini,
2979 667 3038 712 ut
3064 658 3192 726 quia
3225 657 3423 725 duplex
3462 661 3548 714 vis

1970 750 2112 806 inest
2136 752 2268 823 igni,
2297 768 2402 808 una
2429 753 2642 819 urendi,
2667 753 2836 807 altera
2861 750 3234 813 illuminandi,
3265 749 3393 804 illud
3431 765 3560 827 acj'e

1969 853 2020 898 et
2050 860 2214 900 urens
2242 845 2424 914 dignis
2448 846 2688 899 cruciatu
2715 845 3089 913 relinquatur;
3112 843 3255 911 quod
3282 857 3409 896 vero
3434 843 3560 897 illu-

1975 939 2172 1000 minat,
2200 946 2252 992 et
2277 937 2624 1006 splendidum
2659 945 2763 1002 est,
2792 937 3049 991 hilaritati
3079 938 3373 992 laetantium
3403 935 3562 990 attri-

1977 1031 2198 1085 buatur.
2252 1029 2369 1083 Vox
2433 1031 2602 1100 igitur
2650 1029 2864 1085 Domini
2917 1030 3213 1084 dividentis
3282 1029 3557 1083 flammam

1980 1121 2144 1189 ignis,
2191 1130 2245 1174 et
2278 1120 2607 1190 partientis;
2648 1129 2707 1174 ut
2738 1121 2881 1189 ignis
2915 1119 3170 1173 tormenti
3215 1134 3324 1170 non
3373 1119 3562 1186 splen.

1984 1214 2112 1268 deat
2160 1224 2213 1268 et
2253 1214 2435 1268 lumen
2496 1214 2918 1268 resurrectionis
2951 1227 3057 1267 non
3090 1221 3233 1266 urat.
3267 1213 3328 1265 Et
3366 1228 3562 1266 rursus

1980 1303 2121 1357 libro
2152 1303 2328 1372 primo
2369 1302 2718 1357 Hexaemeri:
2757 1304 2906 1368 Erat,
2957 1303 3158 1370 inquit,
3197 1302 3413 1370 quidem
3444 1311 3559 1356 sta-

1984 1405 2072 1449 tus
2121 1395 2396 1464 antiquior
2449 1403 2570 1449 ortu
2630 1395 2842 1457 mutuli,
2889 1395 2979 1464 qui
3035 1403 3332 1462 potestates
3367 1409 3562 1462 supra-

1986 1487 2292 1541 nmndanas
2326 1486 2578 1551 decebat,
2611 1501 2773 1554 supra
2808 1496 3044 1554 tempus,
3077 1495 3315 1542 aeternus
3349 1496 3402 1540 et
3429 1501 3558 1555 per-

1988 1589 2227 1648 petuus:
2267 1582 2318 1632 in
2352 1593 2418 1633 eo
2461 1588 2645 1632 autem
2685 1587 2828 1634 statu
2859 1588 3142 1632 creaturas
3182 1588 3374 1632 auctor
3397 1588 3451 1632 et
3486 1577 3566 1632 fa-

1989 1671 2232 1726 bricator
2277 1671 2522 1725 universi
2558 1670 2777 1736 ell'ecit;
2811 1671 2992 1724 lumen
3042 1670 3381 1734 intellectile,
3418 1668 3565 1738 quod

1995 1765 2322 1820 beatitudini
2354 1765 2699 1836 diligentium
2729 1763 3019 1818 Dominum
3051 1762 3450 1824 conveniebat;
3483 1776 3570 1815 ra-

1998 1858 2164 1912 tionis
2187 1867 2491 1928 compotes,
2520 1869 2573 1912 et
2597 1856 3019 1926 inaspectabiles
3050 1865 3298 1915 naturas,
3321 1867 3570 1906 omnem-

301 1957 390 2001 tus
417 1950 478 2000 ad
503 1946 1048 2016 antiquum.Hinclit
1070 1947 1420 2002 manifestum
1443 1947 1586 2015 quod
1605 1961 1724 2000 eam
1755 1945 1878 2015 pu|~
1919 1926 1958 1981 Β
1998 1966 2106 2019 quc
2137 1926 2388 2006 ordinem
2426 1966 2635 2004 earum.
2662 1949 2730 2004 Et
2759 1947 3056 2018 Gregorius
3089 1945 3392 2018 Nyssenus,
3428 1942 3572 1998 libro

302 2044 672 2097 chritudinem
701 2060 864 2113 quam
896 2045 1081 2099 habuit
1106 2031 1276 2099 Adam
1298 2053 1592 2112 antequam
1617 2057 1724 2096 non
1754 2043 1884 2096 obc-

299 2133 463 2196 tlirrt,
517 2144 571 2188 et
620 2151 744 2190 eum
782 2136 1149 2205 splendorem,
1181 2137 1234 2190 in
1270 2152 1380 2204 quo
1419 2145 1548 2190 tunc
1576 2133 1876 2189 secundum

303 2239 556 2279 naturam
607 2234 826 2280 creatus
870 2236 974 2290 est,
1033 2242 1179 2280 nunc
1225 2225 1492 2280 Dominus
1545 2226 1597 2278 in
1653 2238 1883 2292 corpore

304 2335 405 2373 suo
437 2319 676 2372 humano
705 2333 1062 2388 recuperasse
1088 2328 1342 2372 naturam
1379 2319 1671 2372 humanam
1704 2315 1884 2386 praeﬁs-

305 2413 540 2479 guravit,
569 2427 692 2464 cum
725 2411 777 2464 in
807 2420 992 2466 monte
1022 2409 1243 2465 Thabor
1263 2411 1386 2480 plus
1414 2425 1578 2479 quam
1599 2408 1678 2463 sol
1702 2407 1884 2477 splen-

307 2506 420 2555 duit
452 2517 465 2564 ;
499 2510 684 2570 postea
718 2511 898 2556 tamen
965 2514 1086 2571 post
1115 2503 1576 2558 resurrectionem
1609 2515 1764 2557 suam
1805 2501 1884 2554 si-

315 2604 406 2647 cut
443 2603 691 2647 naturam
737 2593 806 2649 ab
835 2593 1059 2648 interitu
1097 2594 1369 2661 liberat-it,
1420 2601 1476 2648 et
1521 2593 1883 2648 immortalem

317 2680 573 2742 reddidit,
608 2683 688 2736 sic
733 2679 780 2735 ei
821 2691 998 2736 totum
1034 2682 1380 2749 splendorem
1420 2683 1679 2758 restituit,
1717 2682 1888 2735 multo

317 2773 523 2844 majore
557 2789 718 2841 quam
752 2773 860 2828 dici
896 2783 1077 2844 potest
1113 2815 1128 2840 ,
1163 2775 1368 2828 lumine
1391 2776 1597 2828 circum
1627 2788 1747 2828 eam
1774 2773 1888 2827 cnl-

313 2866 525 2929 lucens,
560 2867 876 2937 habensque
907 2856 1092 2921 secmn
1126 2867 1220 2936 qui
1257 2875 1686 2936 consequantur,
1710 2867 1892 2935 justus

313 2957 434 3024 plus
465 2959 580 3011 sole
608 2955 880 3028 fulgentes
908 2975 922 3012 :
967 2959 1114 3026 quod
1156 2958 1200 3014 si
1236 2973 1346 3013 non
1379 2958 1533 3028 plene
1564 2969 1617 3012 ct
1653 2959 1892 3027 perfecte

315 3049 498 3128 hodie,
541 3059 596 3103 at
644 3060 790 3103 certe
818 3050 870 3103 in
901 3050 1178 3104 communi
1207 3050 1420 3121 generis
1452 3051 1677 3104 humani
1708 3064 1896 3104 restir-

317 3145 586 3206 rectione,
633 3157 755 3194 cum
792 3158 892 3198 nos
926 3143 978 3196 in
1029 3158 1090 3197 ea
1144 3143 1260 3212 ipsa
1308 3151 1506 3198 natura
1557 3141 1894 3198 immortales

1995 2042 2176 2110 primo
2205 2038 2650 2108 Confutationum
2675 2040 2728 2094 in
2775 2037 3119 2098 Eunomium.
3149 2051 3204 2092 c.
3238 2037 3346 2090 26:
3382 2037 3572 2092 Omni-

1995 2134 2120 2206 bus,
2149 2133 2352 2201 inquit,
2377 2131 2616 2186 arbitror
2648 2139 2836 2187 notum
2861 2146 3002 2192 esse,
3029 2146 3124 2185 eos
3156 2128 3304 2194 dico,
3332 2129 3424 2196 qui
3457 2141 3576 2182 me-

1990 2225 2254 2280 diocriter
2291 2239 2354 2278 ea
2399 2237 2520 2292 qua:
2549 2233 2702 2288 sunt,
2748 2222 3260 2286 consideraverunt,
3294 2221 3437 2288 quod
3473 2235 3573 2274 an-

1993 2326 2110 2369 rtor
2141 2314 2405 2380 universi,
2439 2315 2534 2384 qui
2574 2316 2798 2380 macula,
2837 2315 2952 2369 sive
2979 2329 3180 2377 aevum,
3218 2322 3276 2367 et
3306 2312 3485 2367 locum
3515 2311 3570 2364 in

1993 2413 2094 2470 eis,
2131 2417 2390 2478 tanquam
2426 2407 2826 2476 receptaculum
2853 2421 3048 2462 eorum
3077 2421 3196 2475 quae
3224 2406 3278 2458 in
3311 2406 3392 2460 eis
3431 2402 3574 2458 facta

1993 2513 2142 2563 Sunt.
2173 2501 2374 2564 eﬁ‘eeit,
2401 2499 2455 2554 in
2487 2499 2575 2555 his
2613 2511 2766 2556 creat
2791 2499 3020 2564 omnia;
3061 2513 3162 2554 nec
3208 2500 3353 2553 enim
3393 2504 3577 2564 potest

1993 2597 2292 2667 quidquam
2341 2609 2535 2651 eorum
2583 2607 2705 2663 qua:
2749 2601 2929 2647 creata
2970 2599 3122 2656 sunt,
3174 2591 3256 2645 vel
3293 2599 3573 2649 creantur.

1997 2703 2105 2741 non
2135 2703 2258 2742 esse
2288 2686 2370 2740 vel
2418 2687 2472 2740 in
2525 2687 2669 2750 loco,
2701 2684 2786 2737 vel
2818 2684 2871 2736 in
2923 2691 3190 2752 tempore.
3238 2682 3306 2736 Et.
3344 2695 3576 2752 magnus

1995 2780 2352 2840 Athanasius,
2389 2778 2527 2832 libro
2576 2775 2819 2830 secundo
2850 2773 3052 2829 Contra
3096 2773 3326 2828 Arianos
3353 2791 3372 2828 :
3405 2774 3580 2842 igitur

2000 2872 2171 2927 multo
2219 2871 2393 2940 magis
2433 2870 2628 2925 Petrus
2655 2883 2764 2923 non
2803 2876 3118 2921 creaturam
3149 2881 3272 2922 esse
3307 2865 3583 2936 signiﬁca-

2001 2965 2112 3029 bat,
2139 2977 2263 3016 cum
2293 2962 2400 3016 huc
2429 2961 2610 3016 aiebat
2638 2979 2654 3026 ;
2679 2960 2891 3015 sciebat
2912 2959 3058 3013 enim
3087 2975 3208 3015 esse
3231 2959 3428 3012 Filium
3461 2958 3577 3020 Dei.

1999 3071 2160 3124 quem
2196 3055 2482 3108 confessus
2514 3062 2654 3117 erat,
2688 3051 2941 3120 inquiens
2969 3068 2982 3104 :
3009 3048 3086 3102 Tu
3117 3067 3170 3104 es
3203 3049 3452 3104 Christus
3483 3048 3581 3104 Fi-

2001 3147 2106 3199 lius
2143 3145 2235 3197 Dei
2271 3142 2439 3196 viri”
2468 3160 2483 3198 :
2522 3141 2616 3197 sed
2649 3141 2830 3212 potius
2865 3140 3234 3212 signiﬁcabat,
3270 3155 3494 3210 regnum
3527 3150 3584 3195 et

319 3233 467 3307 facti,
501 3243 701 3287 statum
737 3231 938 3288 Christi
973 3234 1229 3298 similem,
1258 3242 1311 3289 et
1343 3235 1725 3290 beatissimum
1761 3247 1886 3289 cum
1918 3247 1964 3306 ο
1997 3240 2339 3293 dominatum
2371 3237 2491 3305 ejus
2524 3236 2578 3290 in
2609 3235 2766 3290 nobis
2792 3251 2884 3305 per
2905 3235 3134 3305 gratiam
3160 3243 3407 3288 creatum
3437 3248 3581 3298 esse,

313 3327 534 3379 Christo
559 3341 938 3401 assequentur,
971 3344 1094 3381 cum
1129 3326 1350 3382 Christo
1381 3328 1639 3383 cboream
1673 3327 1886 3381 ducen-

315 3427 437 3470 tes:
476 3416 600 3470 linis
632 3417 780 3469 enim
815 3417 1101 3472 cltaritatis
1139 3417 1442 3472 Salvatoris
1472 3433 1600 3487 erga
1637 3432 1735 3472 nos
1780 3431 1896 3470 ma-

309 3511 450 3581 joris
483 3526 646 3579 quam
691 3518 750 3564 ut
777 3510 1002 3579 cogitari
1039 3511 1236 3586 possit,
1301 3523 1490 3566 nostra
1523 3509 1786 3579 perfectio
1814 3519 1897 3563 est

316 3612 372 3657 et
406 3603 754 3661 instauratio.
782 3612 835 3656 et
858 3605 923 3657 ad
956 3605 1190 3673 primunt
1217 3603 1386 3658 Adam
1414 3601 1898 3657 rcditusaChristo

324 3711 422 3764 per
477 3697 870 3750 humanitatem
924 3711 1076 3748 suam
1133 3695 1546 3765 sapientissime
1585 3693 1896 3750 confectus.

908 3803 1136 3861 CAPUT
1184 3803 1316 3860 Vill.

331 3925 486 3991 Quod
516 3926 582 3977 sit
607 3923 890 3977 secundum
923 3921 1204 3978 essentiam
1242 3921 1482 3991 futurum
1515 3910 1700 3991 lumen
1723 3931 1901 3971 resuro

403 3997 669 4058 rrctionis,
709 4006 756 4048 et
794 3992 1030 4061 quod'sit
1069 3987 1286 4058 regnum
1321 3990 1416 4042 Dei
1451 3987 1599 4061 nobis
1634 4003 1905 4061 pratparaf
1929 4039 1941 4050 κ

401 4078 533 4126 tum,
563 4076 611 4119 et
646 4057 761 4136 qua:
792 4057 980 4116 civitas
1018 4057 1270 4125 celestis,
1304 4075 1422 4130 qua:
1457 4059 1525 4112 ad
1560 4073 1774 4129 regnum
1807 4057 1903 4112 Dei

398 4140 642 4202 pertinet.

404 4251 631 4318 Magnus
678 4245 911 4302 Basilius
966 4246 1020 4299 in
1053 4243 1278 4316 homilja
1332 4251 1488 4298 sexta
1538 4241 1906 4296 Ilexaemeri:

330 4342 438 4395 Νιξιτ
493 4357 616 4409 ego,
659 4338 861 4407 inquit,
909 4339 1035 4392 dico
1082 4352 1243 4406 posse
1277 4347 1328 4391 te
1379 4346 1472 4390 attt
1518 4351 1604 4389 me
1639 4336 1822 4389 lumen
1878 4350 1908 4388 a

327 4451 561 4502 corpore
589 4432 722 4488 solis
755 4446 1068 4497 secernere,
1121 4429 1217 4485 sed
1254 4431 1402 4499 quod
1426 4444 1491 4484 ea
1522 4443 1643 4499 quae
1685 4443 1716 4482 a
1754 4428 1911 4482 nobis

327 4528 664 4594 ron-natione
695 4524 938 4594 soparari
971 4535 1227 4592 possunt,
1275 4530 1506 4591 possunt
1553 4531 1680 4575 actu
1709 4519 1778 4574 ab
1814 4535 1912 4573 au-

1999 3339 2054 3384 et
2085 3331 2374 3384 exsistere.
2418 3328 2480 3380 Et
2502 3327 2720 3382 divinus
2747 3325 3173 3397 Chrysostomus
3225 3324 3278 3379 in
3328 3326 3582 3380 oratione

1999 3440 2162 3493 quam
2192 3423 2470 3492 inscripsit
2510 3432 2701 3477 contra
2733 3421 3044 3484 haereticos,
3075 3429 3132 3473 et
3165 3420 3218 3473 in
3267 3419 3581 3489 petitionem

2002 3513 2236 3568 ﬁliorum
2269 3510 2538 3573 Zebcdmi,
2567 3525 2689 3578 qua:
2726 3510 2917 3577 incipit
2945 3533 2956 3558 -.
2979 3510 3107 3562 Heri
3141 3523 3205 3561 ex
3231 3507 3365 3560 bello
3391 3507 3585 3560 reversi

2003 3622 2210 3668 sumus,
2251 3605 2576 3665 Considera,
2618 3602 2820 3671 inquit,
2849 3602 3015 3656 etiam
3048 3600 3134 3654 hic
3165 3601 3390 3654 multam
3422 3614 3588 3668 gene-

2005 3701 2083 3754 ris
2134 3698 2307 3755 nostri
2360 3695 2826 3764 procurationem,
2872 3708 2997 3746 cum
3037 3693 3286 3760 loquitur
3342 3690 3409 3743 iis
3445 3707 3586 3760 quos

2006 3807 2208 3847 corona
2243 3789 2409 3841 donat
2434 3801 2447 3838 :
2476 3787 2680 3850 Venite,
2710 3785 2912 3849 inquit,
2942 3783 3198 3836 benedicti
3235 3781 3436 3843 Patris,
3461 3797 3588 3849 pos-

2007 3884 2176 3937 sidete
2226 3891 2472 3950 paratum
2525 3878 2666 3931 vobis
2724 3891 2943 3945 regnum
2991 3883 3115 3926 ante
3159 3873 3591 3926 constitutionem

2009 3975 2235 4036 mundi;
2269 3974 2336 4028 iis
2366 3984 2498 4025 vero
2532 3968 2626 4038 qui
2666 3977 3015 4036 torquentur,
3051 3980 3160 4018 non
3196 3965 3331 4018 dixit
3360 3983 3373 4018 :
3414 3963 3588 4019 [tece-

2010 4070 2121 4122 dite
2153 4081 2181 4120 a
2215 4080 2321 4128 me,
2355 4060 2652 4124 maledicti,
2681 4061 2736 4114 in
2768 4059 2944 4129 ignem
2979 4065 3231 4128 paratum
3279 4055 3460 4119 vobis,
3493 4057 3590 4110 sed

2013 4168 2262 4229 paratum
2300 4155 2515 4209 diabolo
2562 4163 2611 4207 et
2660 4153 2862 4222 angelis
2903 4151 3019 4218 ejus
3044 4150 3115 4216 δι,
3168 4162 3396 4218 regnum
3443 4147 3590 4201 enim

2017 4249 2333 4306 hominibus
2363 4245 2709 4316 praeparavit,
2743 4238 3048 4313 gehennam
3092 4256 3226 4296 vero
3269 4257 3377 4296 non
3415 4241 3594 4295 homi-

2018 4343 2204 4406 nibus,
2243 4339 2445 4408 inquit,
2496 4339 2590 4392 sed
2616 4335 2831 4389 diabolo
2863 4343 2913 4388 et
2943 4332 3145 4402 angelis
3181 4333 3320 4402 ejus.
3355 4332 3511 4396 Quod
3546 4334 3594 4386 si

2017 4447 2116 4486 ves
2145 4432 2225 4485 sie
2260 4430 2425 4482 vitam
2457 4427 2704 4496 egeritis,
2754 4436 2813 4480 ut
2857 4424 3006 4494 digni
3062 4425 3333 4493 supplicio
3377 4433 3432 4477 et
3463 4439 3596 4478 crn-

2020 4526 2166 4579 ciatu
2196 4521 2340 4587 sitis,
2373 4535 2592 4590 azquum
2628 4531 2713 4574 est
2747 4527 2807 4572 ιιι
2850 4517 3008 4571 vobis
3044 4516 3147 4585 ipsi
3175 4517 3352 4584 ignem
3380 4530 3596 4584 praepa-

329 4636 482 4673 etoie
518 4630 728 4672 natura:
756 4618 1046 4686 separari:
1083 4616 1358 4685 siquidem
1385 4626 1439 4671 et
1464 4626 1522 4670 tu
1557 4615 1666 4670 vim
1693 4616 1912 4692 utendi,
1945 4601 1995 4661 Β
2023 4630 2174 4670 rassc
2223 4611 2638 4668 existimemini.
2691 4610 2770 4664 Ac
2825 4609 2947 4662 vide
2993 4616 3200 4678 quanta
3263 4607 3338 4661 sit
3384 4606 3476 4661 Dei
3529 4607 3598 4662 ad

329 4728 452 4780 qtae
482 4716 535 4763 lit
567 4712 692 4777 igne
732 4709 898 4770 inest,
954 4722 983 4760 a
1031 4708 1324 4775 splendore
1357 4707 1478 4775 ejus
1513 4721 1772 4776 separare
1800 4720 1912 4760 non

336 4814 535 4870 potes;
569 4812 623 4853 at
678 4802 819 4855 Deus
873 4814 998 4853 cum
1038 4797 1199 4852 vellet
1241 4797 1506 4851 famulum
1546 4813 1708 4854 suum
1741 4796 1917 4852 admi-

336 4911 373 4948 r.
401 4894 492 4947 ltili
527 4892 791 4946 miraculo
823 4887 1166 4968 convertere,
1201 4889 1379 4960 ignem
1407 4889 1592 4958 injecit
1624 4889 1786 4955 rubo,
1824 4886 1919 4958 qni

335 5005 364 5039 ει
418 4986 535 5039 solo
585 4984 874 5053 splendore
911 4983 1256 5038 efﬁcientiam
1307 4981 1551 5047 haberet,
1601 4980 1914 5036 facultatem

336 5093 469 5156 vero
499 5078 690 5132 urendi
727 5093 982 5152 vacuam,
1011 5087 1064 5131 et
1088 5076 1221 5130 nihil
1246 5084 1497 5144 agentem
1524 5092 1540 5140 ;
1573 5075 1716 5130 sicut
1747 5073 1916 5128 David

339 5180 594 5244 testatur,
624 5185 749 5223 cum
783 5169 861 5223 ait
889 5187 903 5224 :
947 5170 1068 5223 Var
1091 5169 1301 5222 Domini
1331 5165 1609 5219 dividentis
1644 5166 1920 5235 ﬂammant

345 5262 480 5330 ignis
509 5261 588 5326 7°;
633 5261 775 5314 unde
821 5277 1004 5315 sermo
1052 5261 1276 5330 quidam
1311 5260 1485 5313 fertur
1529 5271 1786 5322 arcanus,
1829 5257 1924 5326 qui

349 5369 450 5407 nos
482 5353 642 5406 docet
669 5355 720 5405 itt
753 5353 1295 5407 rettttttieratimtibus
1321 5365 1570 5422 operam,
1600 5353 1724 5403 vittc
1758 5347 1924 5415 hujus

344 5446 694 5499 dividendam
723 5461 847 5500 esse
883 5455 1132 5500 naturam
1170 5445 1351 5515 ignis;
1383 5453 1436 5497 et
1481 5445 1663 5496 lumen
1699 5441 1921 5510 quidem

339 5537 506 5607 justis
532 5537 596 5590 ad
630 5535 942 5602 fruendum,
971 5546 1175 5606 partem
1198 5553 1326 5590 vero
1349 5534 1538 5590 urendi
1563 5535 1628 5588 ad
1653 5534 1924 5608 dolarcm,

346 5629 458 5684 reis
493 5629 813 5699 torquendis
843 5629 1233 5684 secernendam
1259 5643 1400 5682 esse.
1438 5627 1506 5681 Et
1539 5643 1732 5682 rursus
1780 5624 1921 5679 idern

347 5719 569 5776 Psalmt)
593 5720 862 5776 vicesimo
887 5729 1080 5775 octavo
1103 5721 1156 5774 in
1177 5719 1404 5774 bomilia
1425 5719 1710 5774 moralium
1740 5736 1752 5771 :
1781 5713 1922 5785 Ignis

423 5895 632 5954 "Psal.
694 5913 884 5966 xxvnt,
945 5900 996 5954 7.
1073 5898 1119 5929 ⁸ο
1155 5897 1342 5955 Matth.
1384 5911 1494 5964 xvi,
1530 5896 1610 5951 lli.

2015 4706 2345 4762 charitatem
2375 4719 2501 4773 erga
2535 4703 2787 4756 homines
2811 4701 3139 4770 propensio:
3170 4699 3410 4753 nondum
3434 4709 3599 4754 erant

2017 4800 2111 4868 qui
2143 4805 2438 4870 certarent,
2471 4803 2526 4849 et
2549 4796 2663 4866 jam
2707 4805 2928 4849 corona:
2956 4801 3012 4844 et
3037 4789 3256 4859 prsentia
3295 4800 3598 4858 prtrparata

2020 4898 2215 4944 erant:
2242 4887 2520 4941 Possidete
2568 4885 2738 4948 enim,
2770 4885 2968 4953 inquit,
2996 4897 3213 4952 regnum
3239 4890 3487 4948 paratum
3514 4897 3604 4934 ro—

2019 4982 2096 5035 bis
2143 4989 2266 5034 ante
2303 4972 2736 5032 constitutionem
2771 4976 2978 5030 mundi.
3013 4976 3158 5030 Idem
3198 4976 3395 5028 iterum
3425 4991 3438 5028 :
3481 4974 3600 5029 Non

2022 5073 2200 5128 solum
2227 5087 2329 5127 nos
2359 5086 2389 5126 a
2415 5071 2703 5125 tormentis
2727 5069 2978 5123 liberavit
3005 5069 3275 5132 Christus,
3308 5066 3404 5122 sed
3431 5068 3599 5121 etiam

2019 5165 2188 5216 vitam
2241 5161 2400 5216 nobis
2447 5160 2672 5216 donavit
2722 5160 2894 5213 multo
2944 5157 3386 5228 splendidiorem,
3436 5167 3602 5224 quam

2022 5262 2143 5308 crat
2165 5253 2315 5322 prior
2341 5271 2356 5318 ;
2391 5252 2445 5306 in
2471 5253 2636 5307 alium
2663 5267 2762 5306 nos
2791 5251 3097 5306 introduxit
3121 5249 3408 5312 ntnndnm,
3438 5247 3600 5300 aliam

2019 5355 2323 5401 creaturam
2356 5345 2552 5400 cﬁ'ecit.
2587 5345 2651 5399 Et
2681 5354 2906 5400 sanctus
2958 5342 3142 5397 Isaae:
3178 5341 3354 5403 Time,
3405 5340 3604 5407 inquit,

2022 5441 2218 5501 Deum,
2251 5448 2304 5491 et
2335 5439 2541 5493 senties
2573 5439 2667 5507 qui
2702 5448 2753 5492 te
2785 5437 2964 5498 ﬁnxit,
3036 5447 3090 5489 ct
3127 5435 3374 5494 roborat,
3407 5440 3461 5483 et
3506 5447 3605 5483 cn-

2031 5531 2222 5593 smdit‘,
2273 5539 2327 5584 rt
2360 5530 2453 5600 qni
2499 5540 2718 5600 propter
2749 5539 2800 5582 te
2843 5529 3116 5596 duplicem
3164 5523 3426 5578 mundum
3456 5521 3606 5585 fecit,

2033 5638 2204 5677 unum
2233 5622 2451 5690 quidem
2479 5631 2738 5690 tanquam
2771 5619 3092 5688 magistrum
3127 5623 3181 5668 et
3213 5611 3606 5672 institutorem,

2031 5727 2410 5768 verumtamen
2443 5713 2710 5768 caducum
2743 5730 2755 5776 ;
2795 5711 3026 5764 alterum
3063 5719 3188 5761 vero
3215 5713 3477 5773 tanquam
3506 5701 3606 5754 do-

1689 5894 1730 5924 “
1790 5891 1983 5947 Matth.
2043 5906 2168 5959 xxv,
2216 5889 2304 5954 Si,
2360 5889 2448 5945 41.
