4048 6436
422 394 541 483 ss

1608 390 1943 461 J’OANNIS‘
1972 370 2552 451 creantssrtim-

3574 380 3719 453 ΒΗΓ

420 524 576 567 mum
609 522 916 583 paternam,
944 521 997 566 et
1027 510 1404 566 literetlitatcm
1443 518 1592 564 tuam
1621 519 1825 564 aeterna
1852 526 1904 561 ιι.
1939 506 1994 560 Et
2034 508 2074 563 Α
2105 508 2363 571 stantius,
2404 507 2601 578 inquit,
2642 521 2750 562 non
2785 515 3050 576 tanquam
3110 503 3511 579 symbolorum,
3558 522 3688 576 qua

423 616 658 670 magnus
693 601 923 656 Basilius
955 600 1011 654 in
1049 599 1421 655 Hexaemero:
1458 600 1630 667 Quid,
1678 599 1879 670 inquit.
1909 600 2000 652 illa

424 690 776 745 beatitudine
801 691 1027 759 dignum
1060 691 1300 759 cogitare
1328 690 1454 760 quis
1486 699 1688 761 potest.
1722 706 1884 756 quam
1915 690 2023 743 liE-r

425 783 595 844 litigat
631 782 831 836 ﬂumen
876 781 971 835 Dei
994 821 1007 845 ,
1040 791 1093 837 et
1122 782 1242 851 ejus
1302 782 1494 838 artifex
1527 792 1582 838 et
1606 782 1900 837 fabricator
1922 793 2017 837 est‘

430 873 596 935 Deus,
631 887 796 942 quam
833 872 1034 927 Paulus
1064 873 1345 928 civitatem
1380 874 1662 929 ctel'estem
1699 885 1860 928 vorat
1895 874 2003 931 illis

425 972 811 1033 prteparatsm,
842 964 933 1032 qtti
968 976 1188 1033 propter
1222 963 1381 1019 [idem
1420 965 1514 1020 Dei
1541 966 1790 1020 civitates
1826 974 2003 1017 terre-

426 1072 537 1111 nas
556 1056 897 1122 reliquerunt
923 1056 967 1110 Υ
999 1057 1181 1124 cujus,
1221 1056 1423 1126 inquit,
1474 1057 1675 1113 artifex
1714 1060 1773 1113 "ct
1813 1069 2006 1114 auctor

424 1146 607 1200 Deus..
627 1142 705 1197 Εἰς
731 1148 936 1215 quibus
961 1145 1019 1201 iit
1052 1147 1434 1211 manifestum;
1462 1148 1605 1217 quod
1643 1148 1888 1203 futurum
1915 1151 2013 1201 lu-A

427 1252 551 1291 tuen
586 1238 1019 1292 resurrectionis
1042 1237 1348 1292 secundum
1393 1238 1689 1293 essentiam
1743 1239 2003 1307 splendor

424 1338 512 1385 est
548 1327 712 1397 ignis,
751 1328 1031 1396 splendor,
1058 1328 1305 1398 inquam,
1341 1339 1626 1397 separatus
1661 1330 1729 1384 ab
1755 1330 1901 1399 igne,
1935 1332 2005 1385 al)

425 1436 495 1475 eo
522 1423 615 1490 qui
647 1421 827 1491 ignem
857 1419 1088 1484 creavit,
1141 1420 1236 1490 qui
1270 1420 1618 1489 splendorem
1655 1423 1878 1491 quidem
1911 1423 2004 1489 ju-

426 1512 543 1567 stis
577 1512 647 1565 ad
688 1510 1143 1565 illuminationem
1194 1513 1444 1567 attribuit
1465 1531 1493 1579 ς’
1511 1515 1619 1567 vim
1655 1529 1783 1568 vero
1813 1515 2005 1568 uruntli

429 1609 509 1664 iis
528 1609 625 1679 qui
661 1608 1035 1679 deliquerunt,
1069 1609 1134 1661 ad
1161 1609 1432 1664 dolorem.
1464 1607 1624 1662 Sicut
1643 1609 1787 1663 enim
1822 1609 2006 1663 la‘iilia

390 1760 399 1767 ,
425 1700 595 1769 justis
650 1706 779 1755 ante
817 1699 1265 1754 constitutionem
1318 1699 1505 1754 mundi
1556 1709 1742 1770 parata
1779 1710 1882 1764 est,
1930 1701 2011 1754 sic

432 1790 567 1845 item
601 1792 671 1847 iis
689 1792 781 1859 qui
813 1800 1198 1861 peccaverunt,
1230 1792 1560 1861 supplicium
1589 1808 1602 1844 :
1628 1801 1682 1846 et
1704 1792 1845 1846 sicut
1868 1805 2006 1845 nava

426 1892 486 1936 et
518 1882 778 1937 inusitata
809 1893 892 1937 est
921 1882 1079 1937 illius
1099 1882 1242 1952 ignis
1279 1884 1433 1938 ustio
1460 1883 1479 1955 (
1503 1898 1611 1937 non
1642 1882 1786 1937 enim
1816 1897 2011 1938 consu-

431 1973 529 2024 mit
563 1986 627 2025 ea
651 1986 772 2040 quae
806 1969 1028 2026 in'eum
1064 1972 1435 2041 injecta‘sunt,
1467 1974 1533 2028 ad
1586 1973 1761 2027 instar
1793 1983 2003 2027 natura:

433 2062 576 2130 ignis
604 2062 697 2130 qui
722 2062 1110 2118 anohisnune
1129 2067 1376 2119 cernitur
1398 2081 1423 2131 ς
1439 2065 1531 2120 sed
1560 2064 1741 2134 potius
1765 2066 2005 2118 tlttlurcm

432 2154 662 2224 quidem
696 2155 988 2224 aequalem,
1026 2167 1125 2213 aut
1162 2158 1439 2229 majorem
1481 2159 1646 2214 infert
1676 2160 1897 2230 injectis
1948 2161 2005 2214 itt

430 2260 583 2309 eum,
624 2262 653 2301 a
702 2250 1078 2304 consumendo
1127 2266 1265 2305 vero
1289 2251 1504 2307 alienus
1533 2256 1680 2322 est),
1707 2252 1788 2307 sic
1839 2253 2005 2304 etiam

434 2336 769 2391 iiluminatio
812 2338 904 2393 illa
939 2338 992 2392 in
1033 2340 1318 2394 meliorem
1351 2347 1702 2406 mutata‘est',
1731 2356 1894 2410 quam
1940 2342 2011 2395 sit

435 2438 641 2482 nostra
676 2428 1000 2484 illuminatlo
1024 2447 1051 2495 ;
1074 2440 1283 2501 estque
1303 2430 1549 2486 caelestis
1581 2440 1636 2485 et
1665 2431 2010 2499 inseparabi-

434 2520 527 2585 lis,
561 2532 615 2575 et
661 2521 839 2576 oculis
885 2522 1289 2578 immortalibus
1334 2522 1644 2577 immortale
1684 2524 1889 2577 lumen.
1930 2522 2008 2577 Ad

434 2610 852 2668 similitudinem
884 2613 1063 2681 igitur
1096 2613 1523 2669 illuminatiouis
1569 2629 1797 2683 regnum
1847 2630 2012 2684 para-

437 2710 551 2757 tttm
582 2702 766 2773 jnstis,
798 2704 1158 2760 est-eﬂ'ectum
1190 2713 1245 2759 et
1273 2712 1518 2760 creatum
1547 2718 1585 2757 a'
1606 2705 1713 2757 Deo
1739 2704 2011 2768 universi,

435 2795 531 2864 qui
566 2798 801 2849 mundos
835 2794 974 2850 duos
1003 2795 1203 2857 effecit,
1243 2810 1413 2850 unum
1463 2795 1683 2863 quidem
1737 2797 1883 2848 hunc
1919 2810 2017 2849 uo-

437 2898 615 2943 strqu
645 2890 909 2944 caducum
942 2902 994 2943 et
1023 2890 1295 2958 fragilem,
1329 2891 1564 2944 alterum
1596 2905 1723 2942 vero
1751 2901 2012 2943 aeternam

439 2983 693 3044 domum,
740 2989 796 3035 et
833 2982 1109 3036 etelestem
1143 2991 1306 3051 atque
1342 2980 1676 3035 immobilem
1711 2981 2010 3046 civitatem,

436 3081 495 3126 et
538 3080 801 3125 aeternum
829 3070 950 3141 ejus
991 3088 1243 3143 regnum,
1275 3084 1329 3127 et
1364 3072 1732 3128 domirmtum.
1770 3081 1824 3127 et
1854 3071 2029 3141 cujus

442 3160 560 3231 ipse
589 3176 715 3215 vere
745 3176 845 3216 rex
870 3172 931 3216 ct
952 3163 1211 3217 dominus
1241 3172 1346 3219 est.

1039 3274 1273 3333 CM’lIT
1305 3275 1396 3331 IT.

446 3389 599 3456 Quod
627 3406 777 3444 omne
806 3407 989 3445 tumm
1010 3391 1119 3446 sive
1153 3392 1367 3452 sensile;
1397 3393 1507 3447 sive
1578 3392 1904 3455 intellectae,
1959 3406 2033 3447 es:

520 3470 729 3533 itero‘et
783 3476 945 3533 supra
988 3462 1342 3533 stilistantiam
1391 3462 1593 3517 lumine
1656 3463 1927 3533 refulget:
1974 3472 2026 3518 et

517 3530 657 3600 quod
678 3531 850 3584 lumen
880 3531 1203 3586 iutellectil’e'
1227 3531 1363 3587 Deus
1398 3543 1500 3587 est.

520 3623 747 3693 Magnus
779 3622 1071 3694 Dionysius
1097 3626 1276 3693 capite
1308 3623 1483 3694 primo
1516 3624 1756 3680 Caelestis
1791 3625 2027 3681 Πίθων·-

451 3715 584 3769 thirt-
611 3729 630 3768 :
663 3711 851 3779 Omne,
889 3714 1088 3783 inquit,
1112 3716 1300 3768 datum
1341 3718 1535 3769 bonum
1560 3726 1607 3770 et
1640 3732 1793 3770 omne
1830 3720 2027 3772 donum

450 3808 732 3876 perfectum
757 3809 1041 3862 desursum
1060 3817 1138 3861 est
1186 3808 1503 3863 descendens
1565 3826 1598 3863 a
1665 3809 1832 3864 Patre
1868 3810 2030 3864 lumi—

452 3915 578 3952 num
599 3899 688 3954 “‘.
729 3898 836 3954 Sed
879 3910 934 3954 et
970 3900 1154 3954 omnis
1192 3902 1469 3954 emanatio
1496 3901 1722 3956 luminis
1773 3917 1804 3956 a
1866 3902 2029 3957 Patre

448 3992 867 4061 proﬁciscentis,
902 4007 1022 4062 quat
1055 3992 1121 4046 ad
1141 4007 1242 4048 nos
1273 4002 1529 4064 tanquam
1576 3994 1781 4048 houum
1814 3994 2017 4049 donum

451 4083 633 4151 venit,
657 4100 850 4139 rursus
913 4093 1172 4155 tanquam
1242 4086 1328 4142 vis
1376 4086 1627 4156 quaedam
1677 4086 1876 4142 unillea
1931 4101 2032 4141 nos

452 4190 672 4231 sursum
702 4175 964 4242 elevatus,
992 4177 1272 4246 simplices
1298 4178 1495 4243 reddit,
1545 4190 1601 4233 et
1627 4179 1703 4233 ad-
1762 4180 2026 4233 unitatem

428 4266 637 4322 ,Patris
669 4269 1074 4338 congregantis,
1102 4278 1157 4325 et
1191 4270 1257 4324 ad
1290 4272 1699 4341 simplicitatem
1765 4272 2044 4342 (l)»deili--

450 4361 862 4414 eamcourertit
897 4360 980 4415 :si
1034 4362 1256 4432 quidem
1313 4376 1378 4416 ex
1424 4364 1544 4432 ipso
1606 4363 1812 4427 omnia,
1873 4372 1927 4417 et
1978 4365 2031 4419 in

457 4451 658 4521 ipsum,
692 4452 836 4505 sicut
862 4453 939 4506 ait
973 4467 1128 4506 sacra
1177 4452 1459 4521 Scriptura
1489 4453 1606 4507 ⁸¹⁹⁴.
1639 4451 1827 4508 Iesum
1861 4455 2047 4523 igilttt“

457 4543 795 4607 invocantes,
822 4544 914 4613 qui
940 4554 1024 4599 est
1048 4543 1231 4599 lumen
1264 4554 1576 4613 paternum,
1611 4544 1807 4599 lumen-
1834 4561 2027 4601 verum

456 4636 604 4705 quod
628 4637 894 4690 illuminat
913 4651 1130 4692 omnem
1155 4638 1429 4691 hominem
1466 4640 1775 4693 venientem
1812 4638 1865 4693 iu
1891 4643 2039 4695 hunc

461 4726 724 4780 mundum
754 4726 825 4792 ⁸²,
856 4742 956 4797 per
985 4727 1466 4796 qztemhabnintus
1500 4743 1782 4784 accessum
1828 4729 1893 4783 ad
1931 4728 2049 4783 Pa-—

458 4829 598 4875 trem
647 4819 742 4882 “',
797 4820 1127 4888 principium
1169 4819 1415 4887 luminis,
1478 4823 1533 4877 in
1603 4822 2043 4878 illuminationes

458 4922 783 4968 sant-tarum
818 4912 1237 4980 Scripturarnm
1263 4927 1295 4968 a
1323 4912 1577 4970 Patribus
1645 4915 1884 4971 traditas
1939 4932 2041 4984 pro

462 5004 671 5059 viribus
701 5006 1034 5058 intueamur.
1069 5002 1133 5057 Et
1165 5020 1356 5060 rursus
1382 5005 1525 5061 idem
1560 5022 1680 5076 cap.
1708 5007 1765 5070 7,
1791 5008 2039 5078 ejusdem

465 5095 800 5151 llierarcltiw
834 5094 1062 5147 caelestis
1100 5095 1636 5167 :Contemplatricrs
1673 5108 1857 5153 autem
1916 5100 2046 5153 sub-

532 5212 601 5243 ⁸¹⁹
628 5209 747 5267 Jac.
767 5225 807 5273 ι,
837 5207 917 5261 ιἹ.
993 5208 1252 5264 ""ltom.
1280 5211 1465 5277 xt,3’5.

2104 599 2511 664 vel‘sensu,.vel
2546 610 2725 657 mente
2747 601 3141 671 percipiantur,
3190 600 3558 670 spectatrices.
3584 615 3683 654 ne-

2104 707 2209 760 que
2250 691 2512 746 varietate
2528 692 3010 762 contemplationis
3046 708 3331 748 sacrarum
3370 692 3685 763 Scriptura-

2108 799 2227 836 rum
2259 783 2325 838 ad
2350 783 2519 837 D’eum
2543 784 2785 841 elevatas
2808 804 2824 850 ;
2845 784 2937 839 seti
2966 796 3224 856 tanquam
3285 787 3434 840 omni
3492 786 3688 855 cogni-

2109 874 2258 929 tione
2285 875 2521 945 simplici
2552 876 2765 931 altioris
2798 876 3025 931 lu-miuis
3052 877 3321 944 expletas,
3353 886 3407 932 et
3434 884 3687 929 contem-

2105 969 2348 1037 platione
2377 967 2527 1022 illius
2557 967 3004 1038 pulchritudinis,
3062 983 3186 1039 quin
3235 968 3583 1024 esteil'ectrix
3628 975 3711 1023 et:-

2107 1062 2262 1131 origo
2291 1060 2749 1132 pulchritudinisr
2768 1072 2823 1117 et
2843 1079 2965 1133 quae
2990 1079 3151 1133 supra
3171 1063 3534 1117 substantiam
3570 1075 3679 1126 est,

2107 1160 2161 1205 et
2193 1152 2245 1204 in
2272 1151 2444 1206 tribus
2476 1151 2747 1221 splendet.
2806 1163 3079 1221 quatenus
3131 1151 3214 1207 fas
3272 1164 3378 1216 est,
3429 1152 3685 1215 refertas.

2107 1241 2513 1297 communionis
2544 1259 2675 1297 vero
2704 1240 2832 1299 Iesu
2862 1244 3121 1299 similiter
3179 1244 3471 1314 participes
3511 1244 3711 1297 factes~

2110 1348 2217 1387 non
2249 1335 2301 1387 in
2341 1334 2673 1404 imaginibus
2698 1346 2887 1391 sancte
2941 1335 3271 1396 informatis,
3337 1349 3460 1405 qure
3517 1336 3685 1388 veluti

2110 1426 2296 1481 furtum
2333 1426 2385 1479 in
2444 1427 2523 1481 eis
2558 1427 2808 1482 deiﬁcum
2867 1429 3295 1483 similitudinem-
3350 1426 3707 1495 exprimatur

2110 1517 2203 1571 sed
2232 1525 2492 1585 tanquam
2524 1533 2649 1572 vere
2679 1517 2745 1573 ad
2774 1533 2898 1574 eum
2960 1519 3466 1589 appropinquantes
3489 1517 3541 1571 in
3569 1519 3713 1587 ipset

2114 1610 2286 1677 prima
2334 1610 2754 1679 participatione
2825 1610 3160 1682 cognitionis
3224 1610 3489 1664 luminum
3544 1608 3688 1678 ejus,

2112 1716 2233 1767 qua:
2263 1700 2455 1755 tleiiica
2487 1708 2641 1766 sunt,
2673 1710 2784 1755 etc.
2818 1701 2896 1757 Αρο
2918 1718 3112 1757 rursus
3140 1701 3281 1756 idem
3336 1716 3460 1770 cap.
3496 1701 3552 1765 4,
3615 1700 3711 1755 De“

2112 1789 2311 1865 divinis
2327 1790 2625 1845 nominibus
2655 1808 2672 1847 :
2704 1792 2862 1848 Nunc
2899 1802 3083 1847 autem
3141 1792 3529 1847 celebrandum
3581 1806 3686 1843 no-

2120 1880 2203 1933 bis
2271 1880 2528 1935 laudibus
2568 1888 2651 1935 est
2690 1885 2893 1935 nomen
2959 1879 3207 1945 luminis,
3255 1896 3368 1950 quo
3415 1895 3692 1936 summum

2115 1974 2315 2028 bonum
2347 1972 2704 2037 nominatur;
2732 1987 3011 2028 summum
3044 1974 3190 2027 enim
3224 1972 3428 2027 bonum
3490 1973 3697 2026 dicitur

2114 2063 2297 2117 lumen
2324 2063 2657 2125 intellecttle,
2691 2063 2819 2133 quia
2845 2077 3066 2117 omnem
3109 2074 3349 2118 mentem
3410 2078 3695 2134 supraem-

2113 2154 2306 2210 lestem
2354 2153 2544 2224 implet
2607 2154 2824 2211 lumine-
2866 2154 3211 2220 intellectili;
3246 2170 3459 2208 omnem
3511 2166 3695 2209 autem

2115 2245 2478 2315 ignoramiam
2508 2254 2563 2299 et
2594 2260 2841 2301 errorem
2877 2261 2943 2301 ex
2974 2246 3229 2301 omnibus
3262 2244 3479 2303 animis,
3513 2246 3701 2314 inqui—

2117 2335 2221 2390 bus
2245 2345 2350 2400 est,
2404 2335 2580 2401 ejicit,
2606 2345 2661 2391 et
2716 2335 2848 2405 ipsis
2893 2335 3151 2391 omnibus
3204 2336 3386 2390 lumen
3443 2347 3695 2392 sanctum;

2118 2427 2385 2497 impertit.
2429 2441 2733 2497 earumque
2777 2427 2969 2482 oculos
3026 2429 3224 2482 mentis
3284 2441 3312 2479 ι
3346 2426 3572 2497 caligine
3625 2443 3694 2482 ex

2118 2517 2428 2587 ignorantia
2451 2518 2782 2573 circumfusa
2824 2527 3077 2589 repurgat
3107 2529 3161 2572 et
3185 2518 3379 2573 liberat
3405 2536 3420 2583 ;
3448 2528 3503 2572 et
3535 2519 3692 2572 exci-

2120 2616 2197 2665 tat
2226 2616 2392 2678 atque
2431 2608 2609 2678 aperit
2640 2609 2806 2662 multa
2845 2610 3117 2678 gravitate
3145 2607 3497 2664 tenebrarum
3542 2624 3697 2663 com-

2116 2713 2336 2769 pressns
2363 2707 2417 2753 et
2440 2699 2679 2764 clausos,
2729 2698 2933 2768 datque
2987 2702 3223 2767 primum
3282 2699 3499 2769 quidem
3574 2714 3688 2750 me-

2121 2792 2363 2851 diocrem
2423 2790 2792 2861 splendorem,
2846 2789 3043 2845 deinde
3093 2800 3354 2861 tanquam
3410 2790 3699 2857 degustato,

2122 2882 2354 2947 lumine,
2386 2894 2437 2937 et
2483 2883 2787 2954 oculisjam
2857 2884 3031 2955 magis
3077 2894 3203 2954 post
3263 2883 3681 2956 degustationem

2121 2976 2306 3032 lmnen
2340 2978 2751 3046 appetentihus,
2797 2977 2973 3044 magis
3021 2991 3078 3030 se
3102 2976 3365 3045 impertit,
3415 2984 3469 3030 et
3511 2974 3694 3041 copio-

2122 3069 2240 3124 sius
2273 3068 2467 3139 fulget,
2500 3069 2628 3139 quia
2684 3070 2994 3123 dilexerunt
3050 3069 3317 3134 multum;
3371 3083 3433 3123 ac
3484 3083 3696 3137 semper

2046 3154 2094 3217 G
2126 3175 2219 3216 cas
2247 3161 2475 3216 ulterius
2503 3163 2755 3231 provehit
2785 3163 3142 3233 proportione
3181 3160 3353 3216 studii
3382 3175 3571 3215 earum
3628 3159 3697 3213 ad

2128 3253 2502 3322 aspiciendum
2533 3270 2777 3311 sursum.
2824 3254 3031 3309 Lumen
3065 3254 3234 3323 igitur
3261 3251 3569 3308 intellectile
3611 3253 3698 3303 di-

2127 3346 2273 3400 citur
2300 3346 2430 3400 illud
2471 3347 2699 3414 bonum,
2734 3346 2881 3417 quod
2930 3356 3016 3401 est
3071 3360 3234 3416 supra
3287 3361 3449 3400 omne
3490 3345 3708 3410 lunen,

2128 3449 2387 3508 tanquam
2409 3439 2531 3494 lous
2551 3439 2855 3505 radiorum,
2876 3449 2929 3494 et
2945 3438 3141 3495 eil‘usio
3161 3438 3383 3494 luminis
3423 3438 3721 3493 inundans

2128 3547 2348 3587 omnem
2378 3541 2613 3586 mentem
2661 3532 3165 3602 supramundauam
3230 3530 3308 3601 (2)
3367 3540 3418 3584 et
3471 3530 3713 3584 circum-

2128 3627 2562 3692 mundanam,et
2587 3627 2943 3687 mundanam,
2972 3640 3038 3679 ex
3078 3623 3415 3693 plenitudine
3445 3638 3545 3677 sua
3578 3622 3706 3676 illu-

2130 3721 2374 3783 miuans,
2405 3727 2460 3773 et
2493 3726 2641 3772 totas
2685 3732 2873 3772 uarum
2906 3716 3191 3772 facultates
3237 3713 3575 3784 intelligendi
3618 3727 3717 3767 re-

2131 3826 2366 3876 uovans,
2386 3820 2440 3863 et
2460 3824 2653 3865 omnes
2692 3808 3005 3871 continens,
3048 3814 3324 3877 quatenus
3372 3819 3535 3874 supra
3590 3818 3712 3858 om-

2133 3916 2234 3957 nes
2298 3900 2581 3965 tenditur;
2649 3898 2978 3961 etomnibus
3031 3896 3388 3958 antecellens,
3437 3905 3715 3964 quatenus

2132 4006 2300 4061 supra
2331 4005 2525 4045 omnes
2556 3998 2685 4054 stat,
2725 4000 2780 4043 et
2813 3998 2871 4042 ut
2891 3988 3061 4043 semel
3087 3988 3286 4053 dicam,
3315 4002 3531 4041 omnem
3558 3988 3711 4055 prin-

2131 4081 2768 4154 cipatunxillumiuantli
2833 4088 3091 4149 tanquam
3153 4079 3406 4149 princeps
3464 4076 3709 4140 luminis,

2130 4185 2186 4232 et
2216 4191 2380 4245 supra
2413 4190 2576 4245 quam
2625 4174 2837 4238 lumen,
2910 4174 2962 4225 iu
2989 4188 3050 4227 se
3103 4172 3555 4240 comprehensum
3617 4167 3715 4220 ha-

2136 4269 2250 4333 bet,
2308 4278 2360 4323 et
2419 4282 2598 4335 supra-
2635 4281 2818 4337 quam“
2860 4265 3033 4319 habet
3080 4273 3134 4319 et
3204 4264 3510 4334 prtehabcr;
3550 4271 3717 4331 atque

2133 4361 2319 4419 omnia
2356 4363 2567 4416 ratione
2606 4370 2657 4414 et
2691 4370 2876 4413 men'e
2917 4359 3122 4412 utentia
3170 4366 3485 4426 congregat,
3528 4364 3584 4409 et
3657 4354 3714 4408 in

2139 4469 2306 4509 ttnum
2344 4452 2560 4523 copulat
2586 4469 2615 4517 ς’
2640 4450 2839 4505 etenim
2912 4449 3071 4505 sicut-
3137 4449 3452 4518 iguorantia
3524 4459 3716 4501 errau-

2138 4557 2220 4603 tcs
2305 4545 2552 4606 dirimit,
2618 4543 2697 4597 sic
2775 4528 3042 4597 a'drentus
3124 4540 3353 4596 luminis
3425 4544 3718 4608 congregat

2133 4647 2190 4694 et
2225 4637 2444 4707 copulat
2491 4635 2846 4699 illutuiitatos,
2888 4634 3206 4705 perlicitque
3264 4648 3380 4697 eos,
3434 4641 3506 4702 et.
3535 4632 3601 4685 ad
3662 4629 3716 4683 id

2132 4730 2276 4801 quod
2338 4743 2465 4783 vere
2522 4737 2645 4792 esi,
2689 4735 2996 4792 couverttt,.
3038 4741 3068 4780 ι
3148 4724 3338 4781 multis
3391 4723 3716 4794 Opinationi-

2147 4823 2250 4877 bus
2282 4835 2377 4875 eos
2407 4833 2691 4881 revocans,
2718 4833 2787 4873 ac
2811 4819 3001 4873 varios
3050 4826 3328 4887 aspectus,
3365 4817 3447 4871 vel
3504 4824 3565 4870 ut
3598 4830 3717 4869 ma-

2145 4916 2229 4985 gis
2263 4914 2478 4983 proprie
2518 4913 2718 4979 dicam,
2782 4913 2943 4968 varia-
2973 4913 3088 4968 visa
3151 4913 3203 4967 in
3245 4927 3426 4967 uuam-
3450 4926 3626 4965 veram
3666 4917 3720 4963 et

2147 5019 2337 5076 puram
2397 5019 2465 5060 ac
2512 5004 2814 5075 simplicem
2871 5005 3240 5075 cogn'tionem
3306 5003 3604 5065 contrahit,
3666 5009 3719 5054 et

2154 5097 2491 5153 tmolumine
2511 5099 2714 5154 unitico
2745 5097 2956 5168 implet.
2999 5094 3193 5188 [iuuet
3212 5094 3513 5166 Gregorius
3539 5093 3717 5148 Theo-

1542 5212 1587 5243 θ’
1614 5211 1770 5266 Ιειειιι.
1794 5211 1912 5277 t,’9.
1987 5212 2271 5281 "'Epltes.
2292 5231 2349 5282 Ir,
2379 5216 2443 5271 ts
2468 5233 2484 5283 ;
2514 5213 2669 5271 Rom.
2703 5229 2754 5280 ν,
2780 5212 2837 5270 9..

1950 5306 2243 5373 Scholia;

537 5406 613 5469 (Ι)
654 5403 771 5485 Hoc
800 5409 1089 5485 contingit,
1113 5428 1237 5485 cum
1286 5394 1721 5485 s-tuins‘rodent
1754 5425 1938 5485 sensu
1978 5420 2035 5485 et

470 5479 766 5536 seutetvia,
821 5479 963 5535 sic-ut
1018 5483 1307 5550 Apostolus
1352 5482 1597 5550 praeripit
1645 5479 1683 5547 (l
1744 5479 1864 5534 Cor.
1919 5497 1957 5542 t,
2010 5480 2035 5533 f

471 5557 686 5627 scut”;
741 5550 885 5627 quo}
936 5552 1154 5627 quidem
1211 5552 1819 5627 per__participationem
1865 5550 2036 5627 divini

474 5616 706 5688 luminis
738 5619 815 5682 lit,
862 5616 1231 5688 itnplcturqtte
1280 5616 1407 5673 illud
1443 5622 1496 5675 iu
1532 5620 1827 5688 Evangelia
1865 5619 2039 5672 Joan-

666 5683 734 5742 Ut
775 5702 827 5744 ct
862 5683 961 5759 ipsi
1014 5693 1066 5745 itt
1117 5691 1274 5746 nobis
1307 5708 1473 5745 unum
1526 5693 1636 5746 siut
1676 5683 1855 5761 (loton.
1905 5706 2036 5755 xvtt,

544 5806 622 5898 ίὶ)
653 5829 887 5903 Angelos
935 5806 1353 5888 cxccilcutiorc/s
1378 5831 1510 5888 dicit
1560 5830 1886 5887 aSaisteatcs
1927 5827 2039 5884 Deo

2145 5413 2164 5482 (
2174 5412 2312 5468 Dan.
2331 5421 2453 5476 vui,
2475 5423 2531 5469 et
2546 5412 2769 5479 angelos
2785 5411 3050 5466 obeuntes
3067 5411 3137 5465 mi
3147 5410 3532 5482 nisteriawirra
3554 5408 3723 5462 homi-

2147 5480 2243 5536 ttes
2280 5486 2331 5536 itt
2367 5484 2693 5537 hoetnundo
2716 5482 2831 5546 ;'at|
2862 5482 2958 5535 lltts
2992 5483 3220 5549 pertinet
3252 5482 3382 5535 illud
3414 5481 3466 5535 iu
3502 5480 3715 5533 Denter.

2149 5568 2295 5605 »χιιι
2326 5569 2341 5603 :
2369 5553 2661 5606 Constituit
2699 5552 2961 5604 terminos
2987 5552 3227 5619 gentium
3246 5552 3397 5620 juxta
3436 5564 3720 5620 uumr'runt

2147 5621 2602 5687 angelorum-Dei.
2625 5621 2762 5675 Etin
2799 5617 3047 5688 Evangel.
3071 5617 3282 5690 (Martii.
3324 5619 3475 5689 xvttt)
3500 5638 3516 5674 :
3540 5617 3735 5687 Angeii'

2147 5709 2337 5746 eorum
2385 5707 2603 5761 semper
2654 5691 2839 5743 vident
2882 5691 3078 5745 faciem
3136 5692 3349 5758 Patris;
3400 5701 3452 5746 et
3486 5690 3735 5754 animas,

2147 5779 2286 5832 quas
2324 5761 2633 5817 mundanas
2669 5768 2880 5817 tucutcs
2910 5771 3089 5817 vocat.
