4048 6442
263 469 368 542 861

908 468 1152 533 DECAS
1194 470 1296 533 VI.
1340 498 1407 508 —
1443 467 1540 530 DE
1566 463 2222 528 APPABI’I‘IONIBUS
2259 463 2503 531 DIVlNl
2534 462 2888 527 LUMINIS.

3422 416 3546 516 δεῖ

264 593 445 661 logus,
489 583 734 642 λειω-υἷε
768 584 989 655 quidem
1033 585 1170 652 ipse,
1214 585 1409 653 inquit,
1466 583 1607 639 Deus
1625 592 1705 636 est
1754 580 1839 634 lu-
1869 580 1914 635 Α
1943 590 2055 632 tum
2087 579 2359 636 bonorum
2398 581 2476 651 (1)
2521 577 2914 633 immutabilem
2962 572 3132 628 donat
3173 568 3372 649 dignis.
3435 566 3561 622 Ez'

266 700 413 747 men,
437 691 494 736 ct
522 696 629 734 non
663 679 981 743 aliunOuid
1041 679 1186 731 enim
1216 692 1353 747 opus
1420 686 1539 731 erat
1598 671 1844 730 secundo

266 775 472 829 lumine
503 773 570 827 iis
609 770 703 842 qui
735 772 1040 825 maximum
1097 768 1343 823 habent?
1396 768 1464 824 iis
1515 774 1698 821 autem
1749 763 1843 835 qui

265 875 397 922 sunt
452 863 621 927 infra,
650 872 707 917 et
743 862 950 915 circum
989 876 1114 926 nos,
1140 860 1369 929 primam
1400 859 1565 927 hujus
1622 857 1847 911 luminis

264 958 373 1012 vim
396 956 659 1015 effulgere
696 950 847 1008 facit.
883 951 1097 1007 Rursus
1168 951 1312 1007 idem
1364 950 1418 1005 in
1472 949 1717 1005 secundo
1770 944 1848 1001 De

266 1048 528 1120 theologia
561 1047 701 1101 libro
734 1063 748 1099 :
792 1044 1101 1112 Quantum,
1127 1044 1325 1114 inquit.
1359 1052 1440 1098 est
1475 1042 1608 1096 illud
1637 1044 1846 1105 lumen,

268 1140 313 1196 si
349 1139 454 1193 hoc
500 1135 908 1192 considerasti?
952 1131 1069 1188 lluc
1116 1136 1198 1189 sol
1228 1142 1313 1189 est
1339 1134 1392 1187 in
1420 1132 1488 1187 iis
1534 1147 1657 1203 quae
1682 1146 1847 1186 sensu

272 1229 672 1302 percipiuntur,
730 1227 879 1295 quod
932 1233 1018 1280 cst
1065 1225 1158 1281 ille
1224 1225 1279 1279 in
1327 1223 1396 1279 iis
1450 1239 1576 1294 quae
1615 1222 1717 1278 sub
1769 1223 1852 1276 in-

268 1321 624 1394 telligentiam
653 1319 885 1380 cadunt.
919 1316 1061 1372 dixit
1095 1316 1319 1387 quidam
1361 1330 1427 1369 cx
1462 1315 1690 1369 exteris.
1755 1312 1850 1367 Sol

269 1416 417 1471 enim
442 1422 722 1482 aspectum
756 1410 1050 1475 illuminat,
1081 1408 1225 1463 sicut
1251 1407 1345 1462 ille
1409 1418 1691 1471 mentem;
1754 1406 1837 1461 sol

272 1517 361 1564 est
399 1504 802 1574 pulcherrimus
827 1516 892 1556 ex
927 1501 1186 1555 omnibus
1212 1515 1335 1568 quas
1380 1507 1707 1561 cernuntur,
1773 1498 1852 1553 si-

275 1607 367 1652 cut
406 1594 496 1649 ille
529 1609 595 1649 ex
625 1592 883 1648 omnibus
907 1608 1031 1660 qua:
1090 1588 1493 1659 intelliguntur.
1536 1588 1601 1644 Et
1650 1588 1847 1644 beatus

276 1678 748 1760 Chrysostomus:
779 1685 1098 1755 Splendeat,
1153 1684 1356 1751 inquit,
1386 1683 1546 1738 nobis
1598 1690 1855 1752 peccato-

280 1778 433 1832 ribus
460 1776 636 1831 lumen
661 1788 811 1830 tuum
844 1784 1108 1829 aeternum
1141 1792 1154 1838 ;
1199 1774 1383 1827 lumen
1419 1781 1683 1827 aeternum
1737 1787 1861 1826 om-

275 1868 408 1922 nino
438 1867 680 1935 intelligo
708 1866 972 1936 Spiritum
1004 1875 1278 1927 sanctum.
1325 1865 1418 1934 qui
1470 1864 1742 1918 il'uzninat
1802 1873 1858 1916 et

273 1959 586 2016 sanctiﬁcat
619 1933 837 2013 animus
873 1966 1117 2021 nostras,
1150 1957 1348 2025 dequo
1369 1954 1667 2025 Apostolus
1702 1973 1716 2009 :
1749 1955 1856 2009 Mi—
1889 1933 1933 1988 Β

272 2051 371 2113 sit,
404 2051 599 2120 inquit,
638 2049 775 2102 Deus
800 2046 1061 2118 Spiritum
1094 2045 1224 2102 Filii
1255 2047 1339 2101 sui
1367 2046 1421 2098 in
1454 2045 1612 2098 corda
1646 2053 1856 2109 nostra,

270 2144 484 2201 st-ilicct
518 2143 585 2198 ad
623 2141 1044 2196 illuminandum
1076 2155 1138 2195 ea
1157 2139 1280 2205 ⁸⁸’⁶;
1314 2154 1474 2208 quem
1506 2136 1735 2208 gratiam
1764 2135 1859 2192 Dei

272 2247 442 2292 vocat
474 2253 487 2289 :
527 2233 656 2289 Dico
693 2244 892 2296 autem,
925 2233 1126 2303 inquit,
1165 2248 1257 2300 per
1308 2232 1535 2299 gratiam
1594 2228 1690 2282 Dei
1745 2243 1865 2299 qua!

273 2329 408 2383 data
437 2338 515 2381 est
548 2325 696 2390 mihi,
732 2324 972 2378 omnibus
990 2325 1079 2393 qui
1110 2333 1233 2377 sunt
1258 2324 1396 2376 inter
1448 2338 1558 2384 vos,
1581 2336 1683 2373 non
1740 2319 1860 2389 plus

274 2433 482 2487 ωροτε,
527 2433 688 2488 quam
728 2425 929 2487 oportet
971 2431 1175 2484 sapere,
1232 2414 1322 2467 sed
1354 2428 1537 2481 sapere
1553 2412 1623 2465 ad
1664 2409 1862 2464 sobrie-

281 2518 443 2563 tatem
469 2510 538 2563 “.
566 2508 640 2563 De
670 2522 781 2576 quo
796 2507 962 2561 etiam
994 2508 1255 2576 prapbeta
1290 2503 1452 2559 David
1480 2504 1649 2558 dixit:
1682 2502 1860 2556 Emit-

283 2608 336 2654 te
365 2598 529 2676 lucem
557 2610 724 2663 tuam,
756 2608 806 2653 et
834 2600 1101 2653 ueritatem
1130 2608 1278 2652 tuam
1305 2598 1371 2662 ",
1424 2607 1480 2651 et
1513 2594 1600 2651 :Iu
1664 2596 1863 2649 lumine

287 2701 378 2750 tuo
391 2692 678 2748 uidebimus
696 2692 938 2748 lumen".
964 2693 1169 2747 Lumen
1188 2693 1332 2746 enim
1352 2698 1437 2745 est
1454 2687 1648 2754 Filius,
1675 2689 1863 2743 lumen

282 2795 366 2843 eat
391 2787 625 2855 Spiritus
653 2795 902 2852 sanctus,
940 2784 1124 2838 lumen
1153 2793 1237 2837 est
1287 2780 1470 2835 Pater.
1513 2780 1657 2848 Quin
1694 2781 1861 2835 etiam

282 2878 337 2933 in
374 2876 714 2945 quotidianis
762 2873 1219 2946 precationibus:
1285 2871 1525 2936 Christe,
1579 2872 1861 2941 inquiunt,

282 2970 465 3024 lumen
491 2984 703 3031 verum,
732 2969 826 3039 qui
857 2968 922 3022 ad
984 2966 1403 3020 illuminandutn
1437 2979 1656 3020 omnem
1687 2964 1867 3019 homi-

281 3077 409 3118 nem
434 3062 488 3115 in
531 3062 793 3115 mundum
819 3058 1015 3114 venisti
1063 3058 1134 3122 ⁸⁸,
1168 3058 1415 3128 signetur
1443 3070 1612 3127 super
1646 3070 1745 3110 nos
1777 3055 1866 3110 lu-

284 3169 410 3210 Illrll
443 3152 684 3206 Vultus"
715 3152 813 3218 tui,
847 3161 906 3206 ut
931 3150 987 3206 in
1012 3165 1078 3204 eo
1100 3150 1383 3205 videamus
1413 3146 1595 3203 lumen
1619 3148 1866 3203 inacces-

1946 668 2146 739 quibus
2209 669 2267 723 lit
2330 667 2709 732 manifestum,
2758 665 2904 737 quod
2957 676 3121 717 omne
3170 658 3353 714 lumen
3404 657 3537 713 sive

1947 762 2171 824 sensile,
2195 760 2311 815 sive
2342 759 2655 815 intellectile
2691 774 2756 813 ex
2792 772 2926 812 vero
2956 764 3019 810 et
3041 768 3207 822 supra
3255 750 3532 805 substan-

1948 852 2075 907 tiam
2111 853 2319 907 lumi'ne
2340 851 2574 922 refulget
2605 868 2620 906 :
2655 858 2709 905 et
2739 849 2882 919 quod
2907 849 3050 903 Deus
3075 846 3282 901 dicitur
3324 841 3523 903 lumen

1948 944 2282 1006 intellectile.
2334 942 2462 1012 quia
2521 958 2585 997 ex
2642 939 2984 1012 plenitudine
3031 952 3128 993 sua
3210 934 3534 989 universum

1950 1035 2209 1089 mundum
2236 1034 2304 1088 ab
2334 1033 2650 1104 ignorantia
2672 1030 3017 1093 abstrahens,
3061 1024 3531 1094 ad'cognitionem

1950 1125 2034 1181 sui
2061 1125 2353 1188 convertit,
2385 1135 2441 1180 et
2474 1140 2583 1179 uno
2616 1123 2822 1178 lumine
2840 1120 3039 1175 unitiro
3067 1118 3277 1188 implet,
3306 1116 3538 1171 demon-

1952 1214 2184 1273 stratum
2218 1217 2424 1288 alioqui
2457 1225 2563 1276 est.
2599 1214 2744 1285 quod
2774 1228 2871 1285 per
2899 1226 3061 1266 omne
3081 1211 3289 1269 lumen.
3314 1204 3535 1277 etquod

1951 1310 2220 1375 cernitur,
2239 1319 2294 1363 et
2333 1308 2477 1380 quod
2541 1307 2907 1376 deprecamur
2966 1303 3169 1371 signari
3223 1315 3386 1370 super
3439 1311 3540 1351 nos

1953 1417 2018 1456 ex
2060 1401 2241 1456 divina
2279 1399 2418 1456 facie
2450 1399 2705 1462 Domini,
2756 1395 2823 1451 ad
2879 1394 3025 1449 aliud
3083 1393 3270 1447 lumen
3321 1387 3538 1444 intelle-

1953 1490 2083 1546 ctile
2111 1501 2165 1546 et
2196 1490 2539 1545 inaccessum
2573 1485 2718 1555 quod
2752 1485 2807 1539 in
2845 1483 3024 1541 Patre.
3049 1490 3105 1535 et
3135 1478 3298 1537 Filio.
3339 1485 3394 1530 ct
3415 1473 3545 1543 Spi-‘

1953 1581 2063 1634 ritu
2092 1587 2286 1636 sancto
2314 1577 2780 1647 contemplamur,
2815 1573 3163 1635 adducimur,
3188 1577 3248 1622 ut
3279 1569 3385 1632 iam
3429 1579 3531 1634 per

1958 1672 2164 1726 lumina
2217 1686 2339 1740 quae
2386 1670 2668 1735 videntur,
2748 1676 2801 1722 ct
2837 1680 2960 1736 qua:
3012 1660 3416 1726 intelliguntur,
3473 1655 3542 1710 ad

1958 1777 2122 1817 unam
2147 1762 2537 1830 cogitationem
2572 1772 2920 1816 revocemur.
2958 1768 3127 1823 supra
3154 1763 3319 1807 omne
3358 1747 3553 1801 lumen-

1962 1861 2015 1908 et
2044 1867 2262 1908 omnem
2286 1851 2702 1922 intelligentiam
2736 1863 2859 1904 esse
2907 1845 3101 1901 Deum.

2600 1940 2830 1998 CAPUT
2858 1940 2927 1996 Χ.

1967 2036 2123 2104 Quod
2149 2036 2354 2090 divinus
2377 2033 2604 2106 Moyses,
2625 2043 2673 2088 et
2691 2034 2739 2088 ei
2756 2033 2953 2087 similes
2981 2032 3160 2106 omnia
3201 2029 3405 2106 Iuntina
3442 2028 3547 2106 _si-

2033 2123 2091 2162 ve
2116 2106 2215 2159 sub
2261 2097 2490 2160 sensum"
2532 2097 2799 2169 cadentia,
2831 2107 2937 2156 sive
2991 2103 3086 2155 sub
3140 2097 3547 2169 intelligentiam

2034 2176 2402 2244 relinquentes,
2422 2178 2479 2229 in
2508 2167 2792 2243 caliginem
2826 2170 3317 2244 splendidissimum
3362 2167 3551 2235 ingre-

2034 2239 2275 2311 diuntur,
2308 2239 2540 2300 inimum
2582 2239 2699 2298 cum
2746 2239 2960 2309 inﬁnito
3003 2241 3109 2295 Deo
3137 2255 3230 2310 per
3287 2239 3556 2307 ignoran-

2039 2318 2171 2370 tiam
2198 2329 2245 2371 et
2280 2316 2413 2370 nihil
2440 2314 2665 2370 videndo
2701 2311 2959 2382 copulati.

2034 2407 2260 2478 Magnus
2287 2406 2604 2477 Dionysius,
2636 2405 2691 2460 in
2718 2404 2860 2480 libro
2901 2402 2973 2456 De
2992 2400 3214 2472 mystica
3259 2399 3550 2466 theologia,

1963 2490 2085 2572 t-ap'.
2119 2502 2341 2572 primo:
2383 2497 2477 2564 Sic
2502 2498 2689 2569 igitur,
2753 2496 2951 2566 inquit.
2976 2494 3199 2549 divinus
3257 2490 3552 2546 Bartbolu-

1964 2613 2135 2652 mauis
2160 2594 2319 2654 dixit,
2372 2590 2602 2647 multam
2630 2602 2755 2644 esse
2825 2584 3178 2653 theologiam,
3239 2592 3294 2638 et
3335 2583 3553 2652 perexi-

1965 2705 2157 2761 guam;
2189 2695 2244 2742 et
2275 2682 2633 2755 Evangelium
2666 2693 2785 2735 esse
2847 2677 3017 2732 latum
3051 2685 3105 2730 et
3155 2690 3437 2746 magnum,
3496 2683 3553 2728 et

1966 2793 2160 2834 rursus
2194 2818 2209 2841 ,
2267 2774 2544 2829 concisum
2594 2786 2716 2826 esse
2756 2767 2890 2824 illud
2945 2766 3132 2822 divino
3189 2765 3405 2835 ingenio
3442 2780 3461 2832 ;
3496 2773 3558 2818 ut

1965 2871 2098 2926 mihi
2123 2868 2357 2931 videtur,
2385 2863 2680 2927 intellexit,
2700 2861 2845 2933 quod
2882 2860 3022 2915 bona
3053 2859 3302 2913 omnium
3361 2871 3554 2910 rerum

1965 2978 2129 3020 causa
2155 2971 2238 3016 est
2264 2958 2485 3030 quidem
2513 2954 2722 3026 copiosi
2755 2951 3042 3016 sermonis,
3067 2958 3123 3004 et
3164 2949 3329 3005 simul
3367 2948 3552 3002 brevis

1965 3070 2030 3110 ac
2069 3053 2274 3108 nullius
2301 3031 2602 3111 sermonis,
2628 3055 2818 3117 utpote
2851 3059 2972 3115 qua:
3023 3056 3203 3111 neque
3255 3040 3387 3104 dici,
3447 3054 3551 3092 nec

1965 3146 2188 3217 intelligi
2221 3153 2409 3216 queat,
2439 3143 2569 3214 quia
2598 3138 2874 3195 universis
2913 3134 3114 3192 creatis
3142 3133 3361 3189 excellit
3393 3145 3559 3200 supra

285 3262 434 3310 sum,
466 3256 518 3298 et
549 3244 729 3297 lumen
763 3244 944 3298 laetum
968 3250 1175 3299 sancta:
1202 3241 1387 3313 gloria:
1410 3240 1734 3296 immortalis
1754 3238 1864 3294 Pa-
1893 3270 1937 3328 ρ
1969 3238 2368 3303 substantiam;
2411 3245 2467 3291 et
2500 3235 2630 3306 quia
2662 3232 2779 3287 sola
2816 3232 2939 3288 sine
2967 3224 3335 3298 operimentis
3353 3232 3409 3278 et
3462 3237 3562 3277 ve-

287 3341 408 3400 tris.
427 3336 671 3393 caelestis
690 3334 948 3405 Spiritus,
964 3330 1108 3389 beati
1124 3332 1277 3389 Jesu.
1297 3330 1436 3387 Cum
1460 3340 1682 3385 ventum
1698 3338 1781 3385 est
1798 3330 1865 3384 ad

282 3445 541 3487 occasum
562 3428 718 3491 solis,
745 3426 861 3481 viso
882 3425 1086 3480 lumine
1105 3427 1438 3494 vespertino,
1465 3421 1751 3477 laudamus
1769 3419 1873 3477 Pa-

283 3534 446 3584 trem,
478 3529 533 3575 et
552 3519 776 3583 Filium,
794 3526 847 3573 et
863 3518 1126 3588 Spiritum
1155 3526 1428 3574 sanctum.
1448 3515 1512 3571 Et
1537 3515 1754 3572 divinus
1773 3512 1872 3565 Du-

284 3630 599 3676 mascenus,
615 3615 667 3667 in
683 3611 1044 3675 carminibus,
1058 3608 1288 3676 Lumen,
1304 3610 1733 3676 inquit,immuta
1743 3607 1869 3675 bile,

296 3705 534 3760 Verbum
568 3703 792 3758 luminis
810 3701 988 3756 Patris
1017 3699 1244 3771 ingeniti
1271 3699 1325 3754 in
1351 3699 1556 3755 lumine
1586 3704 1680 3751 tuo
1712 3696 1872 3749 hodie

295 3794 415 3849 viso
462 3794 517 3849 in
542 3792 783 3860 Tliabor,
819 3794 1008 3848 lumen
1056 3792 1299 3847 vidimus
1337 3791 1550 3847 Patrem
1578 3788 1786 3852 lumen,
1816 3798 1872 3844 et

289 3886 593 3956 Spiritum,
634 3886 1033 3940 illmninantem
1101 3898 1317 3939 omnem
1366 3891 1702 3939 creaturam.
1754 3884 1871 3936 lmo

287 3991 343 4035 ct
372 3978 672 4050 Gregorius
701 3977 1052 4048 Theologust
1084 3975 1142 4030 In
1185 3976 1411 4038 lumine.
1453 3975 1650 4046 inquit,
1681 3973 1872 4027 Domi-

289 4070 346 4127 ni
370 4071 492 4125 vide
522 4070 707 4125 lumen
743 4069 837 4123 :in
869 4067 1082 4138 Spiritu
1116 4067 1208 4122 Dei
1240 4064 1442 4121 Filium
1507 4066 1869 4136 amplectere.

290 4162 474 4217 lumen
499 4161 704 4215 trinum
729 4169 782 4215 et
829 4159 1185 4228 impartibile.
1225 4156 1292 4212 Et
1329 4166 1559 4215 sanctus
1600 4156 1873 4214 Maximus

291 4254 346 4307 in
371 4252 411 4306 Τ
413 4252 698 4321 Iteologicis
725 4249 801 4320 (a)
820 4268 834 4304 :
856 4248 1088 4314 Lumen,
1109 4249 1307 4320 inquit,
1335 4249 1558 4315 dicitur,
1580 4257 1635 4305 et
1655 4260 1781 4308 vita.
1818 4260 1875 4305 et

292 4347 654 4407 resurrectio,
689 4350 745 4398 et
767 4343 992 4404 veritas,
1024 4344 1208 4397 lumen
1240 4342 1464 4412 quidem
1490 4351 1548 4397 ut
1610 4342 1872 4411 splendor

285 4438 623 4498 animarum,
660 4443 785 4490 etut
809 4438 1157 4489 tenebrarum
1194 4434 1515 4502 ignorantia;
1588 4436 1870 4503 expulsor,

284 4543 343 4585 et
379 4543 440 4585 ut
466 4528 783 4585 illuminans
825 4538 1062 4582 mentem
1096 4529 1162 4580 ad
1193 4527 1608 4599 intelligendum
1644 4542 1868 4589 arcana,

1978 3349 2036 3389 re
2059 3331 2368 3388 ostenditur
2389 3328 2458 3384 iis
2482 3326 2576 3396 qui
2611 3335 2812 3382 cuncta
2850 3336 2974 3394 quae
3016 3320 3255 3389 impura,
3327 3329 3562 3384 quaeque

1974 3442 2112 3498 pura
2142 3432 2293 3489 sunt,
2316 3426 2742 3492 pertranseunt;
2770 3424 2823 3472 et
2848 3416 2943 3486 qui
2980 3427 3200 3468 omnem
3249 3424 3551 3465 ascensum

1975 3519 2043 3573 ad
2073 3530 2136 3572 ea
2168 3530 2290 3585 qure
2319 3521 2470 3579 sunt,
2503 3522 2695 3567 sancta
2728 3518 2783 3564 et
2837 3519 3077 3568 summa,
3137 3509 3400 3570 superant
3434 3516 3449 3564 ;
3509 3505 3565 3552 et

1978 3609 2163 3664 omnia
2195 3606 2382 3662 divina
2410 3593 2640 3669 lumina,
2665 3610 2718 3656 et
2752 3614 2942 3663 sonos,
2970 3607 3025 3651 et
3050 3608 3336 3651 sermones
3391 3591 3562 3648 coele-

1978 3713 2090 3759 stes
2121 3700 2461 3770 relinquunt,
2486 3706 2540 3751 et
2575 3694 2632 3748 in
2669 3692 2958 3761 caliginem
3017 3684 3417 3758 ingrediuntur,
3469 3682 3563 3735 ubi

1977 3807 2105 3848 vere
2135 3800 2240 3848 est.
2266 3791 2410 3845 sicut
2441 3788 2519 3842 ait
2539 3784 2850 3852 Scriptura,
2884 3780 2991 3846 Qui
3019 3788 3096 3833 est
3125 3775 3279 3865 ‘ultra
3309 3771 3562 3836 omnia“;

1979 3899 2089 3939 non
2118 3881 2263 3936 enim
2290 3876 2614 3948 simpliciter
2651 3875 2734 3944 (a)
2785 3872 3009 3927 divinus
3066 3863 3282 3936 Moyses
3325 3863 3563 3933 primum

1975 3976 2198 4048 jubctur
2226 3980 2286 4027 ut
2324 3987 2387 4028 se
2422 3976 2705 4039 repurget,
2738 3963 2936 4020 deinde
2970 3969 3028 4015 ut
3090 3975 3151 4015 se
3179 3971 3341 4012 anon
3375 3970 3568 4024 repur-
3628 4024 3645 4035 ἢ

1978 4069 2122 4141 gatis
2144 4074 2360 4137 separet
2402 4073 2494 4131 ;et
2525 4072 2649 4132 post
2671 4074 2892 4116 omnem
2939 4051 3386 4136 repurgationem
3462 4062 3566 4100 au-

1978 4161 2404 4218 ditmulttsonas
2435 4156 2618 4222 tubas,
2659 4168 2724 4208 ac
2750 4151 2896 4207 videt
2960 4147 3137 4203 multa
3198 4144 3406 4197 Iumina
3464 4155 3568 4207 pu-

1980 4270 2073 4310 ros
2100 4263 2154 4310 et
2181 4250 2512 4323 multiplices
2543 4248 2728 4303 radios
2754 4242 3068 4314 jacicntia:
3125 4244 3372 4316 posteaa
3422 4229 3572 4301 vulgi

1981 4348 2333 4406 multitudine
2354 4352 2661 4414 separatur,
2692 4348 2749 4395 et
2782 4352 2906 4392 cum
2954 4332 3147 4389 electis
3190 4325 3572 4385 sacerdotibus

1984 4445 2055 4499 ad
2078 4456 2357 4498 summum
2404 4436 2684 4507 fastigium
2722 4433 3033 4486 divinorum
3082 4438 3412 4482 ascensuum
3447 4436 3574 4476 eva-

1955 4537 2093 4609 ‘dit;
2134 4533 2230 4589 sed
2265 4534 2533 4587 bactenus
2558 4527 2800 4582 nondum
2825 4531 2912 4577 est
2943 4535 3067 4577 cum
3101 4519 3224 4588 ipso
3274 4517 3412 4578 Deo,
3471 4526 3576 4566 nec

283 4630 346 4677 et
364 4622 661 4677 ostendens
695 4620 980 4691 mysteria,
1016 4633 1136 4689 quae
1154 4618 1308 4688 puris
1344 4627 1557 4673 tantum
1614 4628 1869 4688 aspwta-
1905 4602 2107 4682 D‘eum
2133 4624 2278 4678 videt
2300 4616 2750 4692 (inaspectabilis
2773 4615 2920 4668 enim
2949 4610 3078 4680 est),
3121 4608 3216 4666 sed
3252 4607 3436 4660 locum
3490 4602 3573 4655 κὶ-

288 4714 422 4768 ιιίιὶιι
462 4711 772 4778 sunt;vita
805 4719 986 4765 autem
1035 4710 1263 4775 dicitur,
1315 4710 1443 4777 quia
1493 4709 1694 4765 animis
1753 4710 1899 4778 quae

286 4801 588 4857 Dominum
621 4800 877 4869 diligunt,
911 4809 1114 4855 uictum
1158 4813 1253 4855 eas
1281 4799 1567 4854 decentem
1612 4799 1664 4853 in
1713 4802 1881 4855 rebus

285 4892 499 4948 divinis
540 4892 781 4962 praebet;
823 4890 1153 4946 resurrectio
1211 4900 1394 4945 autem
1450 4901 1697 4955 vocatur,
1748 4891 1878 4960 quia

289 4999 537 5045 mentem
568 4989 638 5042 ab
682 4987 974 5043 aﬂ'ectioue
1034 4996 1252 5042 mortua
1310 5001 1493 5042 rerum
1537 4987 1877 5042 caducarum

286 5081 520 5145 excitat,
541 5092 595 5136 et
617 5081 686 5136 ab
713 5080 862 5135 mimi
894 5095 1092 5150 genere
1133 5079 1588 5155 corruptioniset
1624 5079 1880 5134 interitus

289 5171 598 5229 libet-amet
625 5187 818 5242 puram
853 5172 1063 5238 reddit;
1096 5173 1295 5227 veritas
1327 5186 1477 5237 vero,
1536 5172 1665 5242 quia
1724 5171 1882 5227 habi-

371 5337 460 5369 ⁸¹⁶⁶
506 5336 684 5393 Calui.
730 5352 805 5402 ιν,
851 5335 905 5391 6.

295 5411 358 5467 7.
434 5408 481 5442 ⁸⁸
549 5406 750 5477 Ephes.
813 5422 889 5474 tv,
942 5404 999 5462 6.

984 5335 1030 5366 "
1084 5331 1240 5387 Rom.
1273 5349 1371 5400 xu,
1403 5330 1459 5390 5.
1534 5332 1582 5365 ⁸⁸
1614 5331 1759 5388 Psal.
1794 5350 1930 5400 xui,
1960 5335 2017 5391 5.
2091 5334 2137 5365 ⁸⁸

1984 4717 2099 4775 dot.
2133 4713 2226 4768 ubi
2276 4712 2465 4776 stetit;
2523 4714 2629 4763 hoc
2701 4716 2884 4761 autem
2937 4702 3192 4757 existimo
3239 4694 3572 4767 signiﬁcare,

1986 4803 2330 4861 divinissiuta
2364 4809 2420 4853 et
2470 4814 2685 4854 summa
2740 4810 2933 4850 eorum
2985 4807 3110 4861 quae
3165 4796 3468 4845 cernuntur
3511 4795 3566 4840 ct

1986 4895 2386 4964 intelliguntur,
2416 4904 2705 4946 sermones
2737 4886 3009 4958 quosdam
3080 4897 3225 4955 esse,
3249 4880 3344 4951 qui
3394 4877 3578 4948 subji-

1986 4991 2138 5046 ciunt
2159 4986 2327 5042 menti
2357 4985 2448 5039 illa
2474 4999 2597 5054 qure
2630 4991 2761 5036 sunt
2794 4979 3044 5047 subjecta
3080 4993 3147 5031 ac
3178 4973 3464 5044 supposita
3523 4969 3585 5027 ei

1986 5082 2081 5152 qui
2108 5073 2718 5136 universisanteeellit;
2779 5057 2982 5142 quibus
3011 5068 3306 5139 praesentia
3372 5065 3570 5134 ipsius,

1988 5188 2111 5244 quae
2135 5187 2355 5227 omnem
2388 5167 2781 5239 cogitationem
2826 5163 3028 5218 mentis
3064 5161 3257 5223 vincit,
3317 5158 3565 5214 declarao

2211 5332 2354 5388 l’sal.
2386 5346 2550 5394 xxxv,
2610 5326 2698 5382 l0.
2775 5324 2823 5358 ⁸⁸
2852 5321 3015 5379 Joan.
3048 5339 3087 5387 I,
3113 5322 3168 5377 9.
3242 5321 3289 5353 ⁸⁷
3321 5316 3465 5373 Psal.
3500 5330 3577 5382 tv,

1785 5496 2058 5562 Schoﬁa.

376 5605 455 5674 (l)
494 5603 751 5659 Habitum
784 5601 907 5674 lidei
956 5610 1010 5658 et
1054 5603 1318 5657 virtutum
1368 5604 1533 5667 dicit;
1589 5602 1715 5673 quia
1752 5600 1940 5661 fides.
1997 5601 2171 5674 stolus
2228 5598 2592 5674 substantimn
2650 5596 2877 5674 vocavit
2936 5605 3119 5646 rerum
3176 5584 3574 5654 sperandarum

300 5673 623 5732 credentem
663 5677 844 5727 lirmat
884 5673 936 5725 in
976 5674 1223 5733 veritate,
1252 5682 1305 5727 et
1349 5675 1628 5728 veritatem
1675 5676 1727 5724 in
1760 5689 1883 5725 cre-

302 5748 492 5812 dente,
531 5745 757 5815 Dimiys.
792 5745 846 5797 in
881 5742 1059 5796 Dicin.
1095 5746 1294 5797 uotum.
1328 5761 1448 5814 cap.
1487 5747 1540 5807 Ἰ.
1575 5744 1712 5800 unde
1742 5744 1885 5813 Apu-

384 5883 466 5960 (a)
494 5887 551 5944 In
586 5888 763 5946 becat.
802 5885 1104 5957 theologica
1132 5886 1188 5955 ‘2,
1212 5905 1329 5958 cap.
1365 5885 1451 5943 70.

1996 5672 2188 5744 (Hebr.
2230 5687 2288 5732 ιι.
2326 5671 2401 5740 1).
2435 5674 2485 5722 id
2527 5677 2613 5722 est
2645 5670 3072 5720 ﬁrmamentum.

2072 5879 2143 5950 (ὁ)
2174 5878 2229 5933 11
2268 5828 2538 5946 θείειιιωεί
2580 5873 2713 5928 nihil
2743 5871 2891 5927 aliud
2919 5864 3260 5939 signiﬁcetur
