4048 6464
2282 260 2309 285 Ν

463 407 573 473 8m
1152 464 1159 473 ,
1638 398 1966 463 JOANNIS
2003 388 2585 461 CYPAIilSSlOTzE'
3628 403 3737 467 sat

469 512 557 573 tur
581 520 840 572 insistens
881 525 1141 586 tanquam
1176 512 1231 568 in
1275 508 1525 584 vestigiis
1587 516 1823 570 summis
1876 516 2042 570 intel—
2078 525 2123 581 Α
2152 516 2267 579 Dei,
2292 525 2345 570 et
2382 516 2562 583 ignem
2597 514 2726 567 item
2762 511 3057 582 imaginem
3097 511 3229 578 Dei;
3263 523 3319 568 et
3351 528 3380 567 a
3446 515 3737 568 nobiliori—

468 614 701 668 lectibus
725 613 970 667 locorum
993 610 1110 681 ejus
1136 608 1610 663 sanctissimorum
1645 626 1657 661 :
1694 623 1758 664 ac
1810 616 1945 663 tunc
1973 609 2045 664 ab
2135 608 2264 671 bus,
2287 618 2345 662 ut
2376 605 2495 661 sole
2534 614 2590 659 et
2612 604 2845 670 lumine,
2881 605 3116 672 imponit
3153 605 3265 661 Deo
3300 622 3498 660 nomen
3561 606 3730 661 Iunii-

468 709 673 778 iisquae
703 706 976 770 videntur,
1002 702 1147 758 etab
1170 703 1237 757 iis
1269 699 1358 771 qui
1388 701 1593 765 vident,
1654 701 1945 757 absolutus
1992 711 2046 757 et

468 796 857 870 expeditus,in
902 792 1191 863 caliginem
1232 809 1357 849 vere
1375 794 1661 864 mysticam
1714 794 2040 865 ignorantia:

468 890 803 962 Ingreditur,
826 889 1013 958 inqua
1048 886 1282 956 mystica
1315 886 1551 957 caligine
1571 900 1766 942 omnes
1797 890 2049 941 notiones

467 983 733 1047 excludit,
758 983 882 1037 etin
918 981 1038 1050 ipso
1053 979 1145 1049 qui
1180 979 1433 1033 funditus
1466 994 1645 1048 neque
1664 979 1836 1051 tangi,
1871 994 2051 1050 neque

470 1080 636 1131 videri
675 1086 874 1147 potest,
911 1076 1104 1140 lueret,
1134 1073 1316 1130 factus
1367 1083 1516 1129 tctus
1544 1073 1719 1143 ipsius
1750 1075 1844 1145 qui
1905 1074 2049 1128 ultra

466 1170 781 1234 nuntiaest,
813 1186 994 1238 neque
1013 1184 1169 1235 suus,
1203 1182 1307 1222 nec
1336 1167 1505 1221 ullius
1526 1164 1772 1233 alterius,
1800 1182 1924 1221 cum
1984 1182 2051 1222 cu

465 1272 642 1315 autem
679 1262 882 1332 quiest
924 1261 1141 1330 penitus
1193 1258 1527 1328 incognitus.
1576 1266 1675 1328 per
1706 1259 2048 1313 vacationem

465 1340 645 1409 όιιιυίε
715 1349 1066 1423 cognitionis,
1146 1348 1447 1405 secundum
1486 1349 1761 1404 meliorem
1836 1357 2046 1418 partem

465 1445 779 1513 copulatus.
847 1442 914 1497 Et
967 1440 1266 1512 Gregorius
1318 1437 1629 1511 'l‘heologus
1662 1441 1714 1494 in
1800 1440 2050 1496 oratione

468 1531 536 1585 de
603 1530 920 1599 baptismo:
971 1528 1134 1595 Deus,
1166 1526 1363 1598 inquit,
1439 1538 1524 1585 est
1551 1531 1734 1585 lumen
1764 1546 2045 1586 summum

466 1630 523 1676 et
576 1620 943 1685 inaccessum,
1015 1618 1161 1687 quod
1225 1627 1604 1689 nequemente
1632 1621 2046 1691 comprehendi,

468 1726 648 1779 neque
692 1713 940 1767 oratione
981 1712 1230 1782 expromi
1282 1714 1480 1782 potest,
1537 1713 1794 1783 quodque
1828 1729 2047 1769 omnem

469 1815 722 1858 n»tnram
800 1803 1033 1861 rationis
1095 1803 1417 1874 participem
1476 1803 1822 1860 illuminandi
1884 1806 2049 1861 habet

470 1895 819 1948 inuisitatem:
896 1895 1001 1951 hoc
1081 1903 1165 1950 est
1215 1894 1269 1949 in
1332 1895 1400 1951 iis
1466 1910 1588 1966 qntc
1643 1895 2045 1964 intelliguntur,

2154 699 2342 766 nis;et
2381 715 2408 752 a
2469 698 2685 762 mediis,
2722 706 2780 751 ut
2818 697 2889 753 ab
2953 698 3099 769 igne,
3165 708 3261 753 aut
3311 700 3620 753 continetur
3672 701 3729 753 in

2151 792 2445 848 luminibus
2474 791 2855 864 symbolicisin
2886 793 3088 862 quibus
3109 795 3484 862 pratcipuaest
3509 794 3731 862 appari-

2151 874 2229 941 tio
2292 886 2517 941 luminis
2583 884 2811 942 factain
2875 886 3226 941 divinissima
3297 886 3739 953 transﬁguntur-

2154 993 2223 1034 ne
2287 978 2471 1034 vultus
2531 978 2774 1043 Domini,
2834 978 2928 1044 qui
2979 977 3259 1048 splenduit
3287 979 3555 1037 sicutsol.
3608 993 3737 1046 qua:

2150 1068 2402 1124 decorem
2471 1069 2718 1139 corporis
2797 1068 3000 1123 Christi
3062 1078 3186 1137 post
3265 1066 3726 1121 resurrectionem

2151 1159 2379 1230 gloriosi
2417 1157 2545 1214 facti
2589 1170 2849 1227 tanquam
2908 1159 2964 1213 in
3013 1159 3250 1228 imagine
3274 1159 3729 1228 repraesentabat;

2150 1262 2204 1307 et
2253 1252 2555 1322 symbolum
2610 1261 2728 1305 erat
2777 1251 3101 1313 divinitatis.
3139 1268 3261 1321 qua:
3289 1252 3443 1306 ineo
3476 1249 3671 1305 latebat
3711 1267 3732 1307 :

2147 1344 2276 1414 quia
2351 1344 2406 1397 in
2481 1340 2711 1397 Christo
2784 1341 3069 1398 Salvatore
3156 1351 3381 1419 nostro.
3426 1342 3568 1396 idem
3649 1352 3739 1396 est

2150 1437 2334 1491 dicere
2392 1436 2703 1504 symbolum
2777 1437 3028 1504 corporis
3079 1434 3368 1511 gloriﬁcati
3432 1443 3489 1488 et
3533 1433 3733 1488 divini-

2150 1528 2279 1583 tatis
2331 1529 2469 1599 ejus,
2507 1536 2561 1582 et
2616 1528 2760 1598 quod
2805 1529 3009 1593 lumen,
3077 1529 3223 1598 quod
3272 1528 3353 1583 sic
3388 1527 3441 1582 in
3504 1528 3735 1585 Domino

2152 1619 2205 1673 in
2262 1629 2445 1674 monte
2498 1619 2717 1674 Thabor
2765 1621 3041 1689 apparuit,
3091 1621 3550 1687 pulchritudinem
3600 1621 3734 1676 Adae

2150 1721 2275 1764 ante
2306 1720 2586 1779 peccatum
2636 1709 2987 1781 signiﬁcavit,
3040 1726 3271 1781 eamque
3315 1712 3428 1778 jam
3482 1720 3728 1765 naturam

2149 1801 2204 1857 in
2268 1802 2604 1857 humanitate
2660 1802 2871 1858 Christi
2942 1818 3318 1873 recuperasse,
3376 1810 3432 1858 et
3491 1804 3730 1858 futurum

2149 1907 2271 1948 esse
2324 1902 2449 1962 post
2521 1896 2976 1949 resurrectionem
3047 1894 3398 1964 splenderent
3438 1896 3737 1966 iustorum,

471 1987 622 2055 quod
684 1986 764 2042 Sui
801 1987 853 2041 in
948 1988 1016 2040 iis
1040 2002 1162 2055 qua:
1189 1954 1517 2042 sentiuntur.
1543 1986 1619 2042 Ex
1646 1988 1847 2058 quibus
1877 1996 2045 2059 patet,
2075 1954 2129 2018 Β
2150 1995 2201 2041 et
2233 1985 2357 2053 quid
2382 1986 2455 2041 sit
2484 1987 2787 2041 secundum
2828 1989 3204 2045 exsistentiatn
3240 1954 3454 2048 lumen:
3497 1987 3638 2056 quod
3677 1989 3730 2041 in

465 2066 652 2132 Omnia
729 2076 960 2143 lumina,
993 2079 1109 2135 sive
1141 2094 1262 2148 quas
1293 2093 1460 2136 sensu
1521 2079 1930 2149 percipiuntur,
1977 2078 2053 2136 si-

467 2183 537 2224 ve
566 2168 1111 2240 quatituelligentia,
1159 2169 1302 2226 inira
1337 2172 1573 2242 relinqui
1598 2173 1667 2227 ab
1694 2172 1762 2228 iis
1819 2172 1910 2241 qui
1978 2172 2047 2226 sd

469 2272 743 2316 summam
775 2262 1297 2332 contemplationem
1331 2267 1453 2332 ejus
1505 2262 1599 2334 qui
1652 2263 1798 2318 ultra
1858 2263 2051 2320 omnia

467 2362 573 2416 est,
602 2362 919 2418 evaserunt,
954 2362 1013 2408 et
1076 2354 1132 2408 in
1180 2354 1471 2425 caliginem
1542 2354 2045 2427 splendidissima-tn

466 2458 576 2499 non
604 2446 1097 2517 comprehendendi
1129 2463 1254 2503 eum
1309 2448 1543 2518 ingressi
1579 2457 1731 2516 sunt,
1758 2449 1910 2504 nullo
1963 2446 2051 2504 lu-

471 2538 618 2591 mine
646 2552 769 2592 eum
799 2538 1140 2608 exprimente
1176 2548 1228 2595 et
1258 2540 1598 2610 designante.
1635 2534 1711 2597 Ex
1777 2538 2050 2610 capitibus

471 2623 750 2697 dispositis
778 2640 995 2685 constat
1015 2632 1284 2701 expositio
1315 2630 1628 2687 ntateriaria
1653 2630 1814 2704 huius
1847 2635 2055 2705 partis;

467 2722 716 2775 Ostensio
734 2721 874 2775 enim
908 2721 1175 2778 luminum
1208 2723 1516 2780 divinorum
1550 2734 1645 2779 aut
1669 2725 1721 2779 in
1757 2725 2057 2782 luminibus

468 2825 591 2884 quae
611 2812 945 2878 sentiuntur.
960 2814 1306 2883 continetur;
1333 2815 1539 2873 etfacit
1562 2817 1732 2872 solem
1760 2816 2065 2888 imaginem

2061 2980 2113 2995 A—

2152 2079 2338 2134 l’uturo
2400 2081 2688 2148 apparebit
2719 2088 2844 2148 post
2894 2080 3414 2136 resurrectionem:
3475 2094 3531 2135 et
3586 2080 3730 2147 quod

2153 2166 2298 2227 Deus
2327 2181 2411 2225 est
2432 2172 2616 2226 lumen
2636 2171 2974 2237 intellectile,
3028 2171 3254 2241 quodin
3302 2171 3514 2225 naturis
3553 2171 3734 2225 incor-
3796 2193 3819 2206 ο

2152 2262 2335 2333 porcis
2363 2261 2636 2333 splendet,
2674 2272 2951 2333 quatenus
2984 2250 3112 2317 vere
3168 2261 3487 2331 splendoris
3541 2275 3733 2314 earnm

2150 2352 2373 2408 cll‘ertor
2394 2363 2497 2415 est.
2530 2361 2807 2423 postremo
2834 2354 2955 2409 loco
2973 2353 3331 2409 vacationem.
3358 2354 3427 2407 ab
3451 2352 3613 2407 omni~
3642 2351 3732 2406 lu-

2154 2446 2301 2499 mine
2334 2445 2651 2515 posuimus;
2688 2455 2744 2501 et
2771 2446 2943 2515 ipsam
2982 2446 3227 2500 divinam
3280 2445 3588 2510 caliginem.
3640 2443 3734 2495 Ni-

2160 2534 2231 2591 hil
2266 2537 2430 2608 igitur
2455 2540 2511 2592 iu
2545 2539 2864 2595 materiaria
2920 2539 3268 2609 expositione
3305 2537 3469 2605 hujus
3535 2544 3736 2592 tracta-

2158 2630 2325 2685 tionis
2366 2630 2436 2686 de
2481 2632 2688 2686 lumine
2734 2632 3165 2700 praetermissum
3223 2640 3328 2697 est,
3375 2629 3505 2699 quin
3549 2628 3735 2698 potius

2158 2723 2351 2779 omnis
2367 2722 2542 2779 divini
2571 2718 2800 2780 luminis
2830 2724 3077 2780 ostensio
3102 2723 3337 2780 breviter
3367 2730 3589 2778 tractata
3621 2728 3726 2776 est.

1077 3084 1330 3154 DECAS
1368 3090 1741 3157 SEPTIMA.
1774 3127 1847 3140 —-
1876 3090 2050 3158 DEI

2151 3088 3097 3176 'INAIARTICIPATIONE.

1106 3237 1338 3298 CAPUT
1367 3242 1410 3298 l.

472 3372 628 3440 Quod
661 3375 933 3445 proprium
983 3374 1076 3431 Dei
1115 3387 1214 3441 est,
1257 3380 1443 3433 adesse
1489 3381 1732 3435 omnibus
1764 3396 2053 3437 secundum

544 3445 942 3519 substantiam;
979 3457 1026 3500 et
1073 3448 1205 3502 sicut
1256 3450 1558 3504 substantia
1594 3453 1745 3506 adest
1797 3462 2049 3519 pra'sens,

542 3518 619 3568 sic
647 3517 810 3595 ςιίαηξ
843 3519 1319 3595 ορενᾳιὶοπᾳ-αάςη
1348 3535 1367 3573 :
1391 3529 1440 3595 et
1468 3523 1587 3590 quis
1613 3517 1803 3576 prodas
1821 3524 1891 3576 sit
1912 3517 2046 3592 ρηεὲ

542 3589 731 3641 sentio:
759 3588 874 3655 ejus
895 3590 985 3658 qui
1011 3588 1271 3658 explicari
1300 3588 1625 3660 non’potest.

543 3700 784 3755 Sanctus
820 3697 1069 3757 Justinus
1121 3712 1348 3774 martyr,
1394 3703 1449 3758 in
1499 3703 1765 3759 Oratione
1799 3705 1867 3761 de
1900 3714 2050 3761 recta

469 3792 822 3848 confessione
850 3794 929 3849 ait
966 3812 982 3848 :
1013 3794 1304 3860 Quomodo
1337 3796 1574 3851 Verbum
1610 3798 1809 3868 ubique
1839 3809 1926 3854 est
1968 3812 2057 3855 se-

471 3885 715 3939 cundum
756 3886 1160 3941 substantiam?
1194 3886 1262 3942 Et
1291 3889 1568 3958 quomodo
1594 3891 1649 3946 in
1680 3906 1783 3946 suo
1812 3892 2054 3962 templo?

471 3973 684 4029 Etenim
712 3977 760 4030 si
791 3976 904 4032 illic
930 3987 1042 4041 est,
1078 3977 1219 4033 sicut
1245 3988 1326 4035 est
1363 3981 1416 4034 in
1448 3981 1731 4045 omnibus,
1768 3982 1901 4036 nihil
1931 3996 2049 4039 sm-

470 4066 616 4134 ptius
651 4067 874 4122 habebit
900 4068 1185 4137 templum,
1214 4080 1380 4141 atque
1402 4082 1599 4127 extera
1629 4074 1834 4129 omnis.
1863 4074 1926 4129 Et
1960 4075 2052 4130 ubi

471 4157 605 4211 iilud
642 4170 934 4226 ponemus,
961 4160 1106 4228 quod
1136 4161 1400 4230 scriptum
1429 4170 1514 4216 est
1542 4178 1557 4215 :
1584 4159 1667 4214 In.
1693 4164 1807 4231 ipso
1842 4164 2053 4221 habitat

470 4249 749 4325 plenitudo
778 4249 1073 4304 divinitatis
1103 4252 1560 4321 corporaliter”?
1596 4251 1693 4308 Sin
1719 4264 1902 4309 autem
1924 4257 2052 4326 quis

432 4416 435 4420 Α
473 4343 764 4406 concedat,
808 4342 981 4414 magis
1008 4359 1130 4400 esse
1180 4346 1233 4400 in
1271 4346 1498 4416 templo,
1526 4362 1637 4402 non
1690 4347 1838 4403 adest
1872 4351 2053 4403 omni-

471 4435 576 4490 bus
619 4436 919 4491 secundum
976 4436 1369 4502 substantiam,
1421 4440 1567 4509 quod
1624 4446 1707 4495 est
1763 4440 2049 4510 proprium

474 4524 590 4580 Dei.
621 4523 857 4582 Evidens
885 4535 1273 4598 argumentum
1313 4537 1398 4584 est
1454 4528 1714 4597 periidite,
1750 4531 1937 4588 dicere
1987 4534 2054 4589 de

474 4620 604 4686 Deo,
634 4619 963 4686 Quomodo?
1004 4621 1293 4689 Quomodo
1342 4623 1466 4678 coeli
1498 4622 1722 4680 effector
1759 4637 1865 4688 est.
1911 4643 2052 4695 quo-

472 4711 639 4766 llt0d0
670 4721 851 4779 terrae,
881 4714 1160 4784 quomodo
1190 4714 1380 4778 maris,
1403 4717 1655 4787 aerisque
1682 4728 1736 4774 et
1769 4720 2047 4791 stirpium,

472 4812 522 4858 rt
559 4804 922 4860 animantium
953 4807 1221 4866 omnium.
1262 4819 1315 4862 et
1345 4810 1423 4864 tui
1473 4811 1683 4878 ipsius?
1712 4811 1815 4881 Qui
1862 4813 2048 4868 omnia

473 4898 763 4962 diligenter
788 4900 856 4953 de
896 4898 1009 4953 Deo
1038 4901 1263 4968 quaeris,
1292 4901 1450 4969 plane
1491 4904 1665 4970 dices,
1692 4906 1878 4959 omnia
1918 4920 2051 4975 pro—

471 4992 697 5047 duxisse
736 4992 955 5062 copiosa
987 4994 1226 5062 potentia
1266 5008 1389 5050 sua.
1420 4993 1559 5051 Num
1599 4995 1765 5066 igitur
1807 4997 2051 5066 potentia

464 5079 568 5137 ‘bei
598 5084 784 5139 aderat
817 5082 1122 5138 secundum
1165 5084 1424 5140 accidens
1465 5086 1533 5141 iis
1562 5102 1683 5154 quae
1724 5087 1944 5152 ﬁebant,
1982 5103 2050 5142 an

460 5177 777 5243 secundum
837 5175 1242 5231 substantiam?
1292 5178 1349 5232 Si
1415 5179 1714 5232 secundum
1768 5181 2049 5246 accidens,

476 5270 665 5322 aderat
697 5268 918 5335 quidem
954 5266 1060 5321 illis
1087 5269 1242 5337 quasi
1272 5279 1477 5333 essent,
1498 5278 1791 5339 antequam
1821 5273 2050 5337 tierent;

477 5358 746 5427 siquidem
786 5357 1043 5414 accidens
1073 5376 1178 5414 non
1217 5369 1301 5415 est
1328 5361 1629 5415 secundum
1666 5370 1917 5416 naturam
1958 5380 2052 5432 per

479 5463 559 5510 se,
601 5449 694 5503 sed
727 5448 777 5500 in
810 5447 1084 5515 aliquibus
1112 5450 1267 5519 prius
1307 5451 1575 5520 subjectis
1609 5453 1840 5509 exsistit.
1883 5454 1954 5508 At
2004 5453 2050 5508 si

480 5539 584 5593 hoc
609 5538 897 5593 ridiculum
941 5549 1045 5604 est,
1082 5542 1412 5612 relinquitur
1452 5544 1751 5613 potentiam
1798 5544 1890 5601 Dei
1931 5563 2051 5599 om-

481 5631 646 5684 nibus
691 5629 884 5684 adesse
926 5635 1227 5691 secundum
1262 5636 1650 5693 substantiam.
1705 5638 1844 5694 Num
1886 5639 2052 5709 igitur

554 5798 601 5831 "
633 5801 844 5861 Celoss.
877 5824 939 5875 tt,
966 5807 1020 5866 θ.
1706 5827 1734 5869 ι

2071 3248 2121 3313 C
2150 3251 2283 3320 quia
2326 3250 2567 3320 potentia
2619 3246 2712 3304 Dei
2747 3247 3006 3303 omnibus
3054 3252 3185 3317 qua!
3236 3244 3393 3308 il’unt,
3428 3242 3743 3299 secundum

2156 3342 2518 3397 substantiam
2567 3341 2778 3405 aderat,
2809 3338 2945 3394 nihil
2987 3339 3226 3409 amplius
3259 3336 3515 3407 tentplum
3552 3335 3731 3403 ipsum

2156 3434 2211 3489 in
2242 3430 2519 3501 quol’uit,
2550 3430 2833 3487 habebat?
2868 3424 3042 3485 liabet
3089 3430 3193 3484 hoc
3236 3428 3650 3491 dubitationem,
3679 3432 3734 3480 et

2155 3526 2288 3581 illud
2325 3526 2518 3590 habet;
2566 3534 2619 3578 et
2652 3522 2784 3579 fides
2817 3530 2903 3578 est
2946 3522 3235 3592 utriusque
3261 3520 3617 3575 dubitationis
3645 3535 3737 3575 so-

2156 3619 2312 3673 lutio.
2367 3616 2554 3672 Vidisti
2589 3613 3049 3686 quemadmodum
3098 3613 3237 3667 ratio
3277 3612 3483 3667 invicta
3537 3613 3733 3666 evertit

2154 3709 2434 3783 perﬁdiam
2461 3727 2474 3776 ;
2511 3709 2631 3764 vide
2662 3708 2877 3778 linguas
2908 3718 3035 3759 rum
3067 3702 3175 3760 Deo
3207 3713 3510 3775 pugnantes
3541 3704 3725 3757 σοι-1η-

2155 3815 2267 3856 sas.
2302 3802 2447 3855 ldem
2479 3800 2679 3855 etiam:
2716 3798 2812 3853 Dic
2841 3798 3007 3868 igitur
3038 3797 3315 3867 quomodo
3345 3793 3576 3849 Verbum
3598 3810 3727 3849 caro

2154 3894 2383 3959 factum,
2423 3897 2594 3949 custos
2626 3904 2734 3948 non
2771 3891 3106 3961 dereliquit?
3140 3887 3285 3944 Sitne
3325 3888 3536 3952 dicetis,
3581 3889 3725 3959 quod

2152 3998 2383 4043 manens
2434 3985 2596 4050 Deus,
2628 3983 2712 4040 sic
2768 3983 2946 4037 l'artus
2993 3990 3100 4037 est.
3140 3979 3353 4036 “ursas
3405 3992 3535 4049 ergo
3565 3977 3732 4033 dit-ite

2154 4078 2336 4145 nobis,
2377 4077 2653 4148 quomodo
2683 4089 2940 4140 manens,
2958 4072 3136 4127 factus
3157 4072 3284 4128 est?
3311 4070 3377 4126 Si
3399 4071 3544 4125 enim
3583 4085 3736 4122 tuan-

2153 4168 2225 4223 sit
2248 4168 2394 4237 quod
2429 4175 2567 4232 erat,
2613 4166 2895 4236 quomodo
2930 4162 3109 4218 factus
3148 4161 3408 4232 estquod
3447 4174 3552 4215 non
3585 4158 3736 4214 erat?

2153 4258 2247 4315 Sin
2305 4271 2489 4315 autem
2536 4258 2714 4314 factus
2766 4267 2850 4313 est
2902 4257 3047 4325 quod
3102 4270 3210 4310 non
3268 4263 3419 4320 erat,
3455 4252 3729 4324 quomodo

2152 4351 2360 4407 mansit
2404 4349 2555 4421 quod
2598 4350 2749 4404 erat?
2811 4349 3049 4404 Dubium
3108 4347 3276 4401 habes
3323 4347 3387 4398 de
3438 4334 3763 4403 solutione,'

2155 4443 2294 4497 habe
2341 4442 2505 4496 etiam
2554 4440 2789 4495 dubium
2841 4439 2909 4494 de
2961 4438 3120 4494 modo
3157 4437 3401 4492 unionis.
3455 4438 3522 4489 At
3554 4434 3731 4487 credis

2153 4535 2298 4606 quod
2331 4548 2582 4598 manens,
2614 4532 2791 4587 factus
2819 4539 2941 4599 est;
2971 4530 3134 4587 crede
3164 4531 3327 4584 etiam
3375 4528 3566 4583 adesse
3610 4528 3731 4579 ubi-

2086 4604 2128 4660 [³
2156 4604 2265 4699 que
2312 4626 2614 4682 secundum
2656 4624 3020 4680 substantiam
3069 4622 3339 4686 Verbum,
3375 4620 3734 4690 etpm'cipuo

2161 4716 2564 4788 quodammodo
2588 4728 2711 4769 esse
2738 4714 2791 4768 in
2833 4714 3033 4782 templo
3075 4724 3199 4766 suo.
3250 4708 3380 4765 luto
3412 4718 3466 4763 et
3512 4716 3735 4764 sanctus

2160 4808 2487 4865 Anastasius
2535 4807 2933 4869 Antiocbemts,
2975 4806 3030 4858 in
3063 4804 3207 4859 libro
3242 4801 3317 4857 De
3344 4798 3736 4857 incircumscri-

2158 4914 2271 4975 pto,
2296 4905 2374 4957 ait
2408 4921 2422 4958 :
2448 4903 2552 4959 Sed
2587 4902 2837 4972 Quidam,
2867 4901 3065 4971 inquit,
3090 4909 3149 4956 ut
3178 4899 3416 4971 videtur,
3448 4896 3735 4953 inﬁrmita—
3764 4901 3776 4913 '

2163 5006 2269 5049 tem
2300 4994 2535 5065 propriae
2558 5001 2769 5048 natura:
2807 4993 2859 5045 in
2892 4987 3060 5045 Deum
3098 4989 3460 5052 transferunt,
3496 4985 3732 5045 restricti

2162 5089 2217 5141 in
2253 5086 2529 5150 maximis,
2550 5096 2606 5143 et
2627 5086 3007 5140 existimantes
3038 5083 3238 5138 melius
3259 5097 3379 5138 esse
3409 5078 3730 5136 conlrahrrc

2161 5179 2398 5234 divinam
2430 5185 2680 5232 naturam
2717 5188 2745 5230 a
2781 5176 3031 5238 materia,
3051 5190 3218 5245 quam
3243 5174 3585 5236 existimare,
3613 5184 3732 5226 eam

2162 5285 2332 5342 usque
2385 5270 2451 5325 ad
2506 5269 2691 5323 omnia
2745 5268 2893 5323 tendi
2950 5276 3004 5322 et
3043 5267 3287 5338 porrigi;
3339 5280 3559 5336 prorsus
3591 5262 3735 5316 arbi-

2164 5371 2370 5417 trantes
2400 5362 2553 5417 nefas
2581 5368 2637 5417 et
2677 5362 2902 5431 innpinm
2945 5366 3090 5425 esse,
3134 5370 3382 5414 naturam
3427 5358 3571 5412 illam
3611 5369 3733 5424 qum

2163 5457 2453 5526 plusquam
2504 5454 2643 5507 ultra
2677 5452 2861 5507 omnia
2907 5463 3010 5517 est,
3050 5449 3199 5506 indui
3255 5447 3578 5518 corporibus
3627 5462 3732 5499 non

2163 5544 2504 5608 docentibus,
2539 5542 2791 5597 sordibus
2821 5550 2875 5596 et
2903 5550 3042 5596 tetro
3067 5543 3233 5596 odore
3276 5540 3473 5611 plenis,
3502 5538 3582 5594 vel
3611 5538 3733 5590 ani-

2144 5639 2270 5693 'mis
2304 5637 2488 5706 impiis
2516 5654 2541 5701 ',
2575 5636 2657 5691 vel
2691 5634 2813 5703 aliis
2847 5633 3201 5706 quibusdam,
3247 5650 3366 5703 qua:
3412 5632 3635 5687 tninime
3664 5629 3736 5684 de
