4048 6428
321 443 440 504 *855

1143 451 1381 511 DEms
1416 454 1521 512 ιἰι
1591 477 1642 489 -υ
1682 442 1778 514 DE
1817 453 2076 516 DIVINA
2111 456 2786 523 PARTICIPA‘TIoNE.

3477 474 3581 536 865

334 555 443 610 ltro
474 557 703 625 mgitari
737 557 964 622 deli-nt;
995 556 1050 612 lii
1090 575 1275 614 revera
1310 563 1534 617 humilia
1568 565 1831 629 sentiunt,
1859 574 1909 618 ct
1942 575 1979 622 Α
2011 573 2090 618 est
2135 579 2228 632 per
2263 580 2322 620 se
2372 568 2724 645 substantia),
2760 571 2987 626 evidens
3013 579 3332 633 consecutio
3379 594 3485 649 est,
3530 588 3581 640 in

331 646 463 713 Deo,
498 663 562 702 ac
597 647 977 716 magnitudine
1011 649 1128 717 ejus
1162 666 1283 718 qua:
1317 654 1508 722 attingi
1549 670 1653 707 non
1705 666 1902 720 potest,

327 738 574 806 indigna.
622 737 685 790 Et
723 739 885 806 paulo
939 753 1058 808 post
1096 757 1108 793 :
1143 741 1347 796 Debilia
1383 743 1548 810 igitur
1596 754 1650 798 et
1691 747 1904 798 infirma

328 827 529 884 animis
555 830 783 898 agitant,
837 831 1154 900 nullumque
1178 834 1588 890 firmamentum
1623 836 1900 901 habentia,

324 922 453 992 quia
491 923 695 978 nullam
749 934 1057 978 creaturam
1096 940 1249 979 suam
1312 928 1486 993 rejicit
1525 928 1704 995 Deus;
1769 931 1900 985 nihil

326 1015 472 1069 enim
508 1013 793 1068 sordidum
824 1032 1014 1072 eorum
1059 1033 1179 1087 quae
1231 1031 1380 1084 sunt,
1414 1021 1728 1087 existim-at;
1771 1024 1901 1089 quin

326 1107 436 1160 imo
468 1122 588 1160 cum
623 1106 688 1159 ad
721 1121 822 1161 nos
847 1110 1270 1178 appropinquat,
1297 1111 1415 1164 vitii
1453 1115 1623 1166 nostri
1658 1129 1762 1167 non
1789 1114 1902 1168 elli-

322 1200 466 1253 citur
501 1198 796 1268 particeps.
831 1198 898 1253 Et
931 1215 1122 1256 rursus
1154 1203 1206 1255 in
1239 1202 1430 1258 eodem
1467 1203 1606 1258 libro
1639 1222 1652 1258 :
1700 1204 1894 1260 Verum

317 1292 446 1361 quia
503 1291 877 1360 operationem
930 1292 982 1346 in
1033 1294 1290 1349 omnibus
1335 1309 1458 1350 esse
1516 1296 1672 1351 aiunt
1731 1298 1895 1365 (hanc

315 1383 461 1436 enim
488 1383 674 1436 volunt
702 1396 808 1434 non
839 1382 1319 1452 circumscribere)
1343 1385 1714 1458 interrogandi
1744 1395 1891 1451 sunt,

318 1473 590 1540 quomodo
630 1474 694 1526 de
722 1487 783 1526 ea
838 1473 1101 1528 sentiant.
1133 1472 1406 1544 Numquid
1449 1476 1640 1531 dicunt
1669 1477 1892 1544 partici~

316 1581 354 1635 ς)
374 1580 448 1616 ire
483 1564 652 1632 ipsam
680 1574 926 1620 terrenas
951 1567 1166 1631 sordes,
1197 1583 1319 1620 cum
1355 1569 1755 1638 appropinquat
1786 1572 1888 1635 eis,

313 1670 384 1708 an
418 1655 566 1708 non?
609 1654 756 1720 Quod
789 1655 835 1710 si
866 1671 1051 1710 verum
1085 1656 1378 1723 fateantur,
1425 1660 1774 1714 manifestum
1806 1672 1890 1716 est

317 1748 431 1800 iieti
471 1763 649 1818 posse,
689 1759 746 1802 ut
789 1751 936 1818 quod
987 1746 1413 1822 appropinquat,
1447 1770 1555 1811 non
1599 1754 1889 1822 partit-ipet

313 1837 501 1890 vitium
535 1853 723 1892 eurum
762 1839 962 1906 quibus
1013 1842 1498 1912 appmpinquavit.
1530 1843 1684 1909 Quod
1724 1845 1768 1900 si
1804 1848 1887 1896 di-

2010 653 2214 720 quihus
2264 665 2348 710 est
2393 660 2690 712 secundum
2722 663 3101 729 operationem
3135 669 3250 722 sive
3276 681 3484 740 actum,
3523 677 3577 730 in

2010 744 2078 798 iis
2132 745 2266 813 ipsis
2313 762 2434 801 esse
2487 751 2786 804 secundum
2825 753 3210 815 substantiam.
3253 761 3322 815 Et
3351 779 3582 835 magnus

2008 835 2344 894 Athanasius
2398 840 2452 893 in
2494 842 2646 896 libris
2685 843 2887 900 Contra
2922 848 3147 905 Arianae
3179 867 3198 906 :
3233 851 3466 925 Ubique,
3500 859 3584 913 itt-

2005 925 2146 994 quit,
2186 927 2341 981 adest
2372 943 2610 997 pmsens
2658 934 2966 990 substantia
3002 942 3395 1010 magnitudinis
3431 963 3578 1014 sure;

2002 1012 2131 1082 quia
2163 1016 2389 1082 aqualis
2420 1031 2504 1072 est
2535 1018 2706 1076 Filius
2741 1022 2908 1090 Patri,
2950 1037 3002 1080 et
3034 1044 3156 1083 eum
3191 1031 3348 1089 Patre
3379 1012 3582 1106 ubique

2001 1107 2157 1175 adest
2183 1108 2508 1176 divinitate;
2537 1121 2590 1164 et
2621 1115 2750 1182 quia
2768 1119 2951 1171 omnia
2984 1123 3228 1178 edictinet
3249 1129 3575 1186 substantia;

2002 1193 2060 1247 Si
2097 1195 2243 1255 enim
2303 1199 2508 1253 dixeris
2551 1216 2656 1254 non
2691 1203 2885 1259 adesse
2935 1209 3155 1278 ubique,
3201 1215 3406 1283 majora
3452 1236 3576 1276 esse

1984 1283 2147 1346 dices
2195 1301 2264 1344 ea
2307 1303 2428 1357 quae
2461 1288 2602 1344 facta
2635 1301 2784 1358 sunt,
2817 1311 2980 1364 quam
3014 1315 3204 1355 eorum
3238 1316 3431 1360 auctor
3477 1313 3573 1366 sit.
3623 1323 3638 1344 ‘

1997 1377 2063 1436 Et
2116 1380 2334 1438 divinus
2384 1383 2858 1455 Chrysostomus:
2907 1392 3063 1459 Quod
3098 1400 3319 1465 quidem
3371 1407 3573 1476 ubique

1999 1469 2140 1526 Deus
2173 1483 2278 1537 est,
2315 1475 2452 1541 scio,
2489 1480 2706 1547 etquod
2735 1490 2881 1536 totus
2915 1496 2996 1540 est
3029 1488 3264 1558 ubique;
3297 1469 3573 1562 quomodo

1992 1571 2200 1628 autem,
2232 1565 2438 1631 nescio;
2467 1582 2574 1621 non
2598 1571 2743 1623 enim
2774 1574 2887 1627 fieri
2915 1587 3095 1644 potest
3125 1589 3181 1632 ut
3210 1584 3570 1641 substantiam

1993 1653 2300 1721 videamus,
2331 1672 2509 1725 neque
2537 1675 2658 1728 qua:
2688 1677 2718 1717 a
2747 1679 2805 1719 se
2835 1675 2939 1732 est,
2988 1683 3162 1738 neque
3197 1687 3318 1738 qu:e
3345 1676 3411 1728 ab
3437 1679 3568 1733 alio.

1994 1739 2054 1795 Et
2097 1743 2335 1814 Cyl-illus
2387 1745 2920 1822 llierosolymitauus
2957 1756 3012 1810 in
3051 1757 3419 1817 Catechesibus
3443 1781 3461 1818 :
3514 1766 3574 1820 In

1989 1849 2160 1900 mera,
2189 1835 2389 1906 inquit,
2411 1839 2697 1898 divinitate
2727 1859 3198 1913 supervacaneum
3221 1861 3304 1909 est
3329 1857 3572 1926 cogitare

305 1927 446 1981 cluri
488 1938 616 1982 sunt
663 1931 1016 1999 participare,
1070 1933 1260 1988 eadem
1303 1935 1614 1989 absurditas
1660 1951 1756 1991 eos
1791 1939 1880 2004 qui

1989 1940 2282 1982 ascensum
2337 1939 2390 1984 et
2441 1933 2804 2002 descensum;
2844 1942 3082 2007 potentia
3119 1946 3266 1998 enim
3323 1947 3410 2000 illa
3445 1968 3575 2016 qme

305 2021 408 2073 hoc
439 2021 648 2086 dichut,
687 2033 1077 2091 consequetur,
1111 2041 1274 2094 quam
1318 2036 1375 2080 ιιι
1402 2028 1670 2094 fugerent,
1708 2029 1882 2084 Deum

302 2113 860 2172 circumscribehaut.
901 2115 1246 2172 Contrahant
1307 2118 1472 2188 igitur
1501 2129 1554 2174 et
1610 2124 1882 2190 operatio-

301 2220 449 2268 nem,
485 2215 540 2257 ut
581 2206 895 2260 universum
925 2207 1083 2276 plane
1111 2209 1434 2264 dissolvattt.
1473 2208 1568 2264 Sin
1602 2227 1730 2266 vero
1765 2228 1880 2265 me-

300 2307 517 2350 tuentes
567 2297 668 2352 hoc
703 2298 1026 2362 absurdum,
1062 2309 1318 2370 tanquam
1353 2303 1674 2370 poenitentia
1707 2305 1874 2370 ducti,

297 2389 540 2442 divinam
583 2393 964 2459 operationem
1005 2392 1142 2446 nihil.
1185 2395 1486 2464 quidquam
1519 2395 1637 2450 la-di
1671 2397 1875 2465 dicant,

297 2497 395 2535 cur
427 2499 532 2536 non
576 2483 678 2538 hoc
713 2484 888 2554 ipsum
943 2486 1009 2540 de
1066 2487 1376 2543 substantia
1431 2486 1741 2544 affirmant?
1793 2492 1874 2543 Ad

299 2569 435 2633 haec,
469 2568 698 2624 Photius
732 2573 1062 2640 patriarcha,
1103 2574 1155 2627 in
1207 2575 1598 2640 Quwstionibus
1639 2577 1709 2630 ad
1751 2578 1878 2630 Aut-

300 2661 643 2729 philochium,
677 2679 796 2734 cap.
842 2664 909 2718 75
956 2682 970 2720 :
1025 2665 1204 2731 Quare
1252 2669 1344 2737 qui
1395 2669 1628 2734 dubitat,
1675 2669 1869 2739 ittquit,

299 2765 477 2807 utrum
513 2756 561 2809 si
618 2755 755 2810 Deus
790 2767 872 2810 est
906 2757 962 2810 in
990 2759 1268 2826 omnibus,
1317 2775 1427 2814 non
1458 2762 1530 2815 sit
1560 2777 1724 2830 supra
1750 2778 1873 2816 om-

293 2845 405 2912 nia,
437 2849 611 2902 nescit
647 2864 706 2903 se
755 2849 1009 2919 ignorare
1055 2867 1179 2920 qua:
1224 2854 1290 2907 de
1337 2853 1522 2907 divina
1571 2863 1763 2908 natura
1814 2856 1872 2910 itt

293 2935 573 3007 Scriptura
628 2953 821 2996 sancta
873 2943 1076 3012 scripta
1134 2953 1300 3011 sunt;
1355 2961 1533 3016 neque
1566 2948 1867 3018 quidquam

292 3029 482 3098 altius,
536 3048 697 3101 quam
734 3037 1077 3090 consuetudo
1132 3053 1314 3092 rerum
1349 3049 1692 3098 terrenarum
1740 3040 1866 3107 fert,

291 3138 466 3192 neque
501 3124 740 3179 divinius
768 3128 972 3196 aliquid
1009 3128 1076 3183 de
1114 3127 1179 3200 iis
1217 3144 1337 3198 qum
1376 3132 1602 3188 materia
1651 3144 1864 3200 vacant,

287 3213 514 3282 cogitat.
535 3214 603 3267 At
629 3230 762 3269 vero
790 3218 1066 3286 quomodo
1101 3197 1166 3272 in
1203 3197 1462 3277 omnibus
1499 3233 1582 3278 est
1615 3225 1733 3294 (a)?
1782 3197 1870 3278 Di;
1896 3248 1940 3307 ρ

283 3317 432 3359 ctum
467 3307 686 3377 quidem
741 3321 843 3374 est,
900 3312 1045 3366 nullo
1095 3313 1256 3368 tnodo
1298 3330 1488 3370 eorum
1537 3332 1660 3386 quae
1711 3329 1861 3385 sunt,

281 3409 335 3452 et
389 3399 434 3454 si
490 3399 621 3470 quid
667 3402 840 3472 magis
889 3404 954 3457 ad
1010 3406 1530 3473 contemplationem
1585 3411 1864 3477 pertinens

279 3490 572 3554 dicendum
607 3501 709 3556 est,
742 3502 794 3547 et
845 3507 953 3546 non
1004 3504 1085 3548 cst
1121 3495 1582 3552 reformidandum
1638 3513 1858 3554 sursum

281 3582 436 3635 evehi
463 3583 625 3636 simul
655 3598 780 3636 cum
820 3584 887 3639 iis
914 3585 1008 3655 qui
1036 3597 1164 3642 sunt
1196 3588 1302 3642 alta
1338 3599 1538 3656 mente,
1576 3592 1645 3647 ad
1675 3594 1861 3649 altitu-

283 3674 463 3726 dinem
494 3674 806 3744 dogmatum
835 3677 1291 3746 theologicorum,
1337 3690 1420 3736 est
1466 3681 1609 3738 Deus
1646 3683 1698 3736 in
1741 3685 1862 3738 uni-

285 3778 446 3817 vcrso
478 3766 773 3820 secundum
801 3769 1171 3836 operationem
1203 3769 1365 3828 simul
1393 3780 1446 3824 ct
1471 3771 1855 3829 substantiam.

280 3855 352 3916 Et~
381 3873 446 3912 ne.
486 3858 619 3912 mihi
671 3860 824 3916 dicas
869 3861 1239 3928 :QuOmodo?
1297 3864 1513 3920 Dictum
1571 3866 1717 3920 enim
1773 3879 1858 3922 est

273 3952 410 4022 jam,
470 3952 617 4005 nullo
675 3955 836 4008 modo
889 3965 1291 4015 creaturarum.
1347 3955 1632 4030 Quomodo
1689 3959 1857 4027 igitur

277 4055 359 4099 cst
411 4045 716 4100 secundum
771 4048 1175 4106 substantiam?
1210 4047 1365 4103 Sicut
1403 4049 1714 4104 intriiexisti
1769 4066 1856 4106 se-

276 4138 514 4197 cundum
546 4140 948 4208 operationem.
970 4140 1108 4206 Quia
1131 4139 1277 4198 enim
1305 4142 1412 4198 alia
1442 4153 1574 4198 sunt.
1600 4146 1852 4214 quando-

272 4245 380 4295 que
426 4231 690 4299 pmentia,
753 4239 806 4285 et
837 4232 1173 4304 quandoque
1227 4245 1394 4301 artu;
1447 4237 1589 4292 Deus
1643 4246 1847 4304 autem,

269 4332 541 4393 quatenus
577 4339 731 4381 mens
758 4333 916 4381 acuta
953 4325 1256 4398 intelligere
1285 4337 1482 4398 potest,
1516 4346 1732 4400 semper
1767 4342 1851 4386 est

269 4426 401 4475 artuf
425 4415 558 4485 (non
586 4415 731 4470 enim
764 4433 830 4472 ex
873 4417 1194 4488 imperfecto
1224 4420 1293 4478 ad
1335 4422 1633 4490 perfectum
1686 4428 1850 4494 proli-

267 4509 528 4574 t-iscitur;
581 4525 679 4567 nec
712 4509 860 4565 aliud
892 4512 1212 4582 quidquam,
1255 4530 1419 4584 quam
1451 4531 1546 4586 per
1581 4531 1640 4572 se
1667 4528 1843 4584 actus,

337 4651 385 4689 '°
415 4651 617 4708 Jerem.
655 4667 810 4718 χχιιι,
857 4652 948 4708 24.

1987 2019 2172 2074 omnia
2204 2022 2471 2088 continet,
2502 2026 2593 2080 ille
2624 2029 2717 2096 qui
2752 2031 2952 2100 ubique
2976 2036 3232 2092 omnibus
3268 2040 3444 2105 adest,
3471 2045 3563 2111 qui

1987 2111 2239 2169 universa
2275 2115 2471 2183 spiritu
2509 2132 2609 2170 suo
2650 2119 2978 2188 circumdat,
3036 2141 3143 2180 non
3179 2129 3504 2185 transfertur
3534 2149 3565 2190 a.

1982 2201 2119 2256 locis
2152 2204 2205 2256 in
2240 2205 2354 2260 loca
2389 2224 2405 2270 ;
2440 2207 2614 2276 ipsius
2643 2222 2726 2269 est
2753 2228 2855 2268 vox
2887 2232 2902 2270 :
2941 2216 3144 2270 Caelum
3170 2228 3225 2273 et
3251 2230 3444 2275 terram
3472 2242 3566 2294 ego

1981 2292 2173 2361 impleo
2202 2297 2269 2350 ’°.
2326 2297 2386 2352 Si
2422 2299 2586 2368 igitur
2634 2302 2841 2371 implet,
2874 2320 2986 2375 quo
3019 2311 3454 2367 transmittatur?
3485 2292 3563 2371 ita

1983 2383 2060 2449 lit,
2104 2393 2161 2437 ut
2227 2391 2463 2446 ascendit
2513 2400 2567 2446 et
2628 2395 2891 2450 descendit
2942 2413 3348 2468 supervacuum
3403 2407 3474 2459 sit
3506 2407 3594 2460 in'

1977 2476 2282 2534 divinitate.
2313 2479 2370 2536 in
2410 2480 2698 2564 Salvatore
2731 2498 2939 2552 autem,
2972 2499 3028 2543 et
3069 2491 3120 2544 in
3153 2493 3563 2561 dispensatione

1977 2567 2248 2624 adventus
2279 2571 2400 2640 ejus
2421 2573 2478 2627 in
2509 2590 2697 2642 carne,
2729 2581 2948 2647 proprie
2982 2582 3188 2636 dicitur
3236 2589 3469 2640 ascendit
3505 2598 3563 2643 ct

1974 2660 2261 2717 descendit.
2298 2661 2365 2717 Et
2399 2663 2638 2722 Joannes
2685 2669 3052 2728 Damascenus
3109 2674 3188 2746 (it)
3221 2691 3235 2729 :
3272 2676 3433 2743 Deus,
3469 2679 3559 2732 Ῑιι-

1975 2752 2120 2821 quit,
2177 2768 2374 2824 expers
2411 2758 2587 2825 partis
2629 2768 2734 2825 est,
2788 2771 2932 2817 totus
2967 2779 3032 2817 ex
3064 2772 3182 2820 toto
3229 2767 3466 2837 ubique;
3502 2780 3556 2824 et

1974 2858 2080 2896 non
2116 2858 2248 2910 pars
2290 2846 2347 2901 in
2399 2855 2555 2916 parte
2606 2862 2870 2919 corporee
2899 2853 3141 2920 divisus;
3179 2859 3274 2912 sed
3322 2865 3466 2913 totus
3499 2863 3556 2915 in

1972 2935 2254 3002 outnibus,
2286 2947 2341 2992 et
2375 2947 2521 2994 totus
2551 2956 2717 3011 supra
2750 2945 2956 2998 omnia.
3003 2945 3081 3000 Ex
3121 2949 3322 3017 quibus
3351 2952 3410 3005 fit
3441 2968 3558 3006 ma-

1973 3025 2254 3094 nifestum,
2305 3031 2598 3098 proprium
2637 3048 2760 3092 esse
2805 3033 2896 3089 Dei
2946 3039 3203 3094 omnibus
3251 3044 3551 3098 secundum

1972 3117 2338 3177 substantiam
2372 3122 2586 3177 adesse.
2624 3122 2782 3178 Sicut
2819 3135 3003 3180 autent
3034 3131 3344 3186 substantia
3375 3136 3548 3200 adest,

1973 3207 2052 3261 sic
2091 3223 2191 3270 sua
2251 3221 2523 3279 potestate
2577 3225 2633 3269 et
2662 3219 3000 3286 operatione,
3055 3223 3356 3278 secumlum
3403 3228 3547 3280 enim

1971 3298 2347 3359 substantiam.-
2378 3305 2621 3372 potcntia
2659 3309 2847 3372 adest;
2898 3317 2950 3364 ct
2982 3326 3090 3365 non
3134 3324 3217 3368 est
3267 3316 3413 3370 aliud
3456 3336 3550 3387 per

1966 3407 2028 3449 se
2073 3394 2342 3462 operatio,
2387 3404 2441 3449 et
2469 3395 2616 3450 aliud
2649 3413 2744 3466 per
2775 3414 2836 3453 se
2880 3402 3209 3458 substantia.
3261 3404 3549 3473 Quomodo

1964 3491 2153 3538 autem.
2197 3482 2339 3540 Deus
2385 3487 2696 3542 secundum
2738 3490 3132 3559 substantiam,
3182 3505 3236 3548 et
3266 3501 3550 3566 inqualiter

1962 3577 2218 3632 omnibus
2267 3577 2444 3644 adest,
2482 3587 2535 3632 et
2583 3581 2861 3648 quomodo
2905 3585 3022 3652 ipse
3076 3585 3137 3639 in
3184 3590 3442 3645 omnibus
3493 3602 3548 3647 et

1962 3680 2126 3735 supra
2167 3667 2377 3734 omnia,
2427 3669 2626 3724 modus
2659 3686 2840 3740 neque
2881 3673 3013 3740 dici,
3053 3690 3233 3742 neque
3286 3685 3548 3748 ceguosci

1961 3773 2160 3832 potest.

2559 3880 2785 3938 CAPUT
2845 3880 2909 3937 ll.

1959 3991 2121 4074 Quod
2143 3995 2279 4046 sicut
2309 3995 2452 4074 adest
2485 3996 2631 4050 nobis
2659 4014 2887 4074 prtrsens
2911 3999 3054 4074 Deus
3077 4003 3236 4058 etiam
3269 4021 3383 4058 cum
3411 4024 3546 4074 pur-

2027 4065 2414 4148 ticipantns;_si
2439 4077 2614 4120 autem
2652 4069 2952 4123 substantia
2992 4074 3156 4139 adest,
3185 4065 3544 4132 substitutam

2026 4151 2139 4201 (‘le8
2166 4147 2566 4203 partu't’pamus.

2027 4247 2254 4318 Magnus
2283 4249 2573 4322 Dionysius
2610 4253 2662 4306 in
2695 4253 2761 4308 iis
2792 4271 2912 4324 qua:
2946 4256 3227 4313 adnotavit
3251 4275 3316 4314 cx
3347 4275 3540 4317 Saltt'lo

1953 4340 2251 4397 llierotheo
2304 4343 2356 4396 in
2398 4344 2720 4412 theologicis
2771 4348 2941 4416 ipsius
2990 4348 3276 4420 Principiis
3313 4371 3326 4408 τ
3363 4357 3535 4408 (Tausa

1951 4432 2198 4488 omnium
2228 4472 2244 4494 ,
2274 4441 2326 4486 et
2359 4449 2478 4503 quae
2518 4437 2702 4497 omnia
2747 4437 2969 4506 implet,
3006 4449 3086 4494 est
3117 4439 3242 4495 Jesu
3275 4443 3469 4498 diviuét
3493 4463 3539 4501 vs

1951 4537 2072 4592 qua:
2097 4533 2279 4578 servat
2317 4537 2499 4595 partes
2537 4528 2634 4581 toti
2669 4530 3075 4586 consentientes
3109 4532 3185 4601 (i)
3225 4549 3240 4589 :
3275 4545 3330 4590 et
3357 4551 3538 4604 neque

1742 4750 2016 4814 Schoha.

341 4847 415 4930 (1)
449 4847 508 4903 in
557 4849 812 4932 essentiis
859 4863 1040 4903 rerum
1102 4848 1189 4902 hic
1234 4847 1372 4932 ordo
1423 4849 1842 4932 consideratur;
1879 4860 1923 4918 ι)
1951 4863 2053 4932 est,
2084 4855 2148 4909 in
2173 4854 2440 4926 principia
2475 4872 2681 4914 rerum.
2736 4859 3042 4917 Conserrat
3093 4863 3280 4932 igitur,
3315 4863 3490 4932 inquit
3517 4909 3532 4929 ,

265 4920 465 4990 prium,
523 4919 788 4990 principia
841 4934 1056 4984 rerum;
1110 4918 1375 4990 secundo,
1419 4921 1723 4975 substantia
1777 4918 1842 4977 es

263 4989 546 5060 principiis
577 4989 909 5060 constimta;
959 4993 1142 5051 tertio,
1178 4989 1387 5057 species
1426 4993 1644 5057 propria
1681 4992 1846 5048 totius

263 5058 552 5126 compositi
585 5075 650 5114 ex
687 5058 864 5129 forma
901 5059 1293 5129 proﬁciscens;
1337 5067 1553 5128 quarto,
1585 5061 1846 5128 perfectio

261 5130 438 5197 ipsius
472 5131 547 5182 rei
581 5146 685 5182 non
734 5128 910 5184 solum
959 5130 1138 5198 quoad
1209 5129 1464 5197 Speciem,
1499 5133 1592 5184 sed
1658 5133 1835 5200 quoad

261 5199 944 5280 propriamoperationem
979 5209 1034 5254 et
1070 5205 1250 5265 linem;
1287 5209 1419 5280 tunc
1449 5200 1591 5259 enim
1630 5199 1717 5280 res
1755 5210 1837 5256 est

261 5269 593 5330 omnimodis
620 5269 878 5339 perfecta,
915 5285 1038 5324 cum
1073 5285 1234 5324 suum
1283 5269 1445 5323 tinem
1488 5270 1836 5338 assequitur;

262 5342 478 5408 quinto,
527 5355 614 5394 res
663 5341 825 5394 variae
871 5356 992 5409 qua:
1047 5340 1276 5410 singulae
1326 5339 1563 5408 quadam
1621 5342 1836 5410 propria

298 5410 595 5464 erfectione
639 5411 876 5480 pratdita:
909 5418 1057 5474 sunt,
1090 5409 1154 5464 et
1173 5409 1364 5465 ordine
1393 5409 1631 5480 quodam
1665 5426 1836 5480 copu-

284 5491 386 5534 atae
415 5489 587 5534 totum
627 5479 899 5548 quoddam
938 5481 1245 5549 perﬁciunt,
1276 5490 1332 5533 ιιι
1376 5479 1429 5534 in
1460 5479 1747 5544 universo,
1783 5493 1838 5535 et

261 5553 317 5606 in
353 5551 590 5604 homine.
618 5549 940 5605 l-lierotheus
971 5565 1102 5620 ergo
1120 5554 1295 5611 docet.
1328 5553 1602 5619 quaniodo
1637 5551 1838 5606 divini-

259 5635 345 5676 tas
377 5620 582 5675 Christi
616 5631 697 5675 est
731 5634 894 5673 causa
929 5622 980 5674 iu
1031 5623 1116 5674 his
1151 5620 1409 5675 omnibus
1443 5623 1739 5690 incipitque
1768 5623 1836 5676 ab

255 5701 525 5755 extremo,
564 5691 615 5745 id
659 5698 763 5754 est,
793 5704 822 5743 a
857 5698 1003 5754 toto,
1045 5701 1099 5746 et
1139 5701 1342 5746 remeat
1376 5692 1428 5746 itt
1463 5695 1701 5762 primum
1729 5733 1742 5758 .
1779 5695 1831 5748 id

333 5828 408 5895 (α)
444 5827 560 5882 Lib.
597 5843 648 5881 tv
697 5825 1049 5897 PJtyst'corum
1080 5834 1308 5900 exponit
1361 5833 1683 5891 Aristoteles
1719 5847 1830 5887 tuo-

259 5902 359 5956 dos
391 5900 586 5967 quibus
616 5901 759 5954 aliud
789 5905 840 5953 in
868 5901 973 5952 alio
1002 5915 1119 5956 esse
1152 5905 1372 5959 dieitur.

1950 4926 2268 4980 universum
2293 4970 2306 4990 ,
2354 4941 2408 4984 et
2449 4939 2647 5000 partes
2681 4932 2919 4986 universi
2963 4935 3058 4988 toti
3095 4926 3529 5000 consentientes,

1945 5002 2000 5047 et
2028 5010 2150 5048 cunt
2177 5011 2242 5050 eo
2268 4999 2685 5068 conspirantes;
2723 5010 2775 5054 et
2805 5001 2920 5067 ipsa
2950 5020 3055 5057 non
3089 5017 3167 5058 est
3203 5015 3400 5068 totum,
3435 4999 3534 5059 ne;

1945 5077 2053 5142 quc
2083 5080 2230 5133 pars,
2260 5068 2384 5142 quia
2424 5068 2639 5142 seilicet
2673 5088 2777 5125 non
2811 5071 2976 5127 habet
3018 5075 3402 5142 perfectionem
3456 5089 3534 5130 lu-

1946 5139 2055 5211 tius
2083 5143 2135 5211 et
2163 5139 2358 5211 partis,
2391 5138 2534 5196 sicut
2570 5149 2740 5194 totum
2773 5151 2826 5196 et
2862 5138 3135 5211 pars,'sed
3170 5147 3533 5203 excellentius

1949 5204 2005 5281 in
2035 5204 2327 5281 infinitum,
2357 5216 2550 5281 estque
2578 5227 2768 5268 rursus
2803 5204 2973 5267 totum
2995 5204 3072 5268 'et
3113 5231 3236 5281 pars
3269 5217 3530 5276 dit-initas

1946 5273 2404 5352 Christi,_netnpe
2454 5273 2582 5352 quia
2614 5283 2896 5352 quidquid
2951 5273 3300 5352 perfectionis
3341 5273 3422 5341 est
3469 5288 3522 5339 in

1951 5353 2066 5423 telo
2093 5352 2146 5397 et
2185 5347 2236 5398 in
2269 5356 2441 5423 parte,
2475 5349 2576 5404 hoc
2611 5347 2723 5423 ipsa
2755 5347 2963 5408 Christi
3009 5355 3265 5410 divinitas
3320 5359 3464 5423 praah
3489 5379 3529 5403 ι-

1950 5413 2057 5479 bet,
2088 5426 2142 5489 et
2173 5413 2528 5489 supr-uitabct;
2559 5413 2763 5489 reliqua
2807 5423 3053 5478 faciliora
3085 5435 3233 5480 sunt.
3272 5413 3401 5480 Illud
3439 5442 3530 5478 vc-

1949 5499 2014 5566 νς)
2039 5502 2052 5538 :
2080 5485 2554 5566 .Snuhstantiatmis
2575 5485 2897 5566 substantiis
2929 5495 3188 5566 insistens
3221 5496 3524 5566 illtpullltlt',

1947 5554 2222 5629 signiﬁcat
2245 5573 2377 5629 esse
2410 5559 2578 5611 Deum
2617 5562 2668 5613 iu
2704 5564 2960 5618 omnibus
2993 5554 3338 5629 substantiis,
3371 5576 3422 5618 et
3453 5554 3520 5617 ali

1949 5629 2031 5679 eis
2065 5626 2386 5700 participari
2413 5644 2516 5681 non
2550 5644 2647 5697 per
2676 5631 3061 5689 adtnistionem
3089 5675 3103 5698 ,
3145 5637 3244 5690 hoc
3273 5626 3376 5700 est,
3415 5652 3524 5690 non

1943 5695 2161 5751 DLSJBI'i
2189 5710 2311 5751 cum
2340 5697 2441 5761 eis,
2477 5695 2762 5756 ex'sancto
2791 5703 2998 5758 'l‘homa
3032 5695 3447 5777 inDiouysimu.

2011 5834 2084 5906 (tt)
2124 5833 2222 5890 Lib
2260 5848 2300 5903 ι,
2332 5849 2453 5906 cap.
2488 5836 2572 5902 lG,
2612 5836 2836 5893 Orthod.
2882 5841 2972 5894 fut.
