4048 6480
437 402 542 466 857

441 616 605 659 tenus
639 617 821 664 omne,
847 607 902 654 et
935 605 1108 652 totum
1133 632 1152 659 ,
1185 604 1240 648 et
1285 592 1576 663 partemin
1605 604 1675 644 se
1708 591 1823 658 ipsa
1865 601 2020 642 com-

443 694 767 766 prehendit;
807 698 859 744 ct
905 688 1261 758 suprahabct,
1309 693 1363 738 et
1415 681 1731 743 antehahet,
1783 678 2021 748 perlecta

445 786 664 855 quidem
712 792 795 835 est
861 781 915 835 in
971 776 1643 862 iniperfectisktanquam
1675 769 2024 842 principialis

449 892 612 931 causa
647 871 1042 944 perfectionis;
1081 871 1194 937 imp
1233 865 1403 921 rfccta
1437 877 1618 920 autem
1655 864 1710 917 in
1746 861 2024 931 perfectis,

446 976 706 1034 tanquam
741 976 1074 1032 supraquam
1110 959 1370 1030 perfecta,
1405 967 1459 1012 et
1488 956 1882 1026 sineperfecta,
1913 955 2024 1008 for-

445 1075 533 1114 ma
568 1059 792 1119 forma),
830 1054 1068 1109 cﬁ'ectri-t
1098 1054 1150 1104 in
1184 1052 1250 1106 iis
1277 1067 1398 1120 qute
1425 1059 1615 1104 carent
1651 1049 1824 1103 forma
1854 1088 1866 1110 ,
1905 1057 2026 1101 tan-

445 1165 607 1219 quam
642 1145 982 1217 priucipialis
1009 1159 1176 1198 causa
1208 1144 1416 1203 fortine,
1453 1146 1570 1195 sine
1595 1140 1776 1193 forma
1805 1140 1868 1192 1n
1893 1139 2029 1206 ipsis

447 1241 663 1301 formis,
691 1247 878 1306 utpote
901 1251 1068 1306 supra
1093 1234 1364 1297 formam;
1397 1231 1704 1287 substantia
1739 1231 1873 1285 totis
1900 1229 2032 1284 sub-

451 1331 672 1386 stantiis
698 1329 966 1382 insistens
1002 1325 1314 1393 impolluta,
1350 1335 1402 1376 et
1444 1325 1512 1376 ab
1544 1322 1692 1375 omni
1725 1321 2029 1375 substantia

447 1435 614 1490 supra
642 1418 1006 1474 subsiautiam
1033 1418 1314 1470 abstracta
1341 1451 1356 1474 ,
1389 1421 1497 1468 tota
1532 1413 1822 1482 principia,
1854 1421 1908 1466 et
1943 1427 2033 1466 ομ

449 1515 606 1569 dines
640 1511 903 1566 deﬁniens
927 1549 940 1573 ,
974 1523 1139 1576 supra
1171 1522 1335 1559 omne
1373 1507 1697 1575 principium
1731 1514 1784 1558 et
1814 1520 2030 1558 omnem

451 1605 704 1660 ordinem
739 1603 1028 1657 collocata.
1065 1597 1133 1651 Et
1168 1613 1398 1667 magnus
1442 1598 1798 1661 Athanasius,
1848 1595 1902 1649 in
1939 1595 2033 1647 Di-

452 1697 766 1766 sputatione
799 1703 984 1747 contra
1018 1692 1244 1746 Arium:
1275 1689 1592 1744 Secundum
1637 1689 1752 1744 hac
1779 1687 2034 1742 divinitas

450 1788 635 1844 Patris
661 1795 714 1840 et
745 1785 863 1840 Filii
894 1795 1078 1838 sancta
1107 1791 1160 1837 et
1181 1780 1556 1841 sanctiﬁcans,
1588 1795 1710 1849 quae
1733 1776 2036 1834 sanctiﬁcat

453 1879 639 1932 omnia
675 1892 794 1945 qua:
830 1875 1094 1928 rationem
1149 1872 1504 1941 participant,
1536 1871 1738 1939 quibus
1778 1868 1906 1921 data
1955 1876 2037 1921 est

451 1968 640 2022 libera:
667 1965 967 2019 voluntatis
999 1971 1052 2017 et
1101 1961 1268 2016 studii
1321 1969 1562 2030 potestas
1615 1959 1683 2014 ad
1717 1959 2036 2028 capiendam

453 2063 700 2112 sanctam
743 2061 796 2108 et
847 2052 1064 2106 beatam
1099 2051 1460 2105 substantiam
1500 2049 1556 2103 in
1591 2049 2039 2102 communionem

454 2145 931 2204 sanctiﬁcationis.
949 2145 1011 2198 Et
1036 2144 1255 2198 divinus
1281 2143 1514 2214 Cyrillus
1547 2142 1600 2195 in
1624 2140 1906 2194 Tltesattris
1924 2139 1998 2206 (a)
2022 2157 2037 2193 :

457 2239 614 2294 Sicut
647 2237 835 2306 igitur,
867 2236 1083 2305 inquit,
1119 2234 1316 2288 mulier
1342 2234 1518 2302 gloria
1555 2233 1653 2286 viri
1691 2240 1883 2286 vocata
1917 2242 1998 2285 est
2024 2272 2038 2296 ,

456 2330 582 2401 quia
616 2337 820 2399 partem
858 2343 918 2382 ex
951 2326 1211 2379 membris
1241 2326 1362 2394 ejus
1388 2326 1454 2379 ad
1492 2324 1578 2378 sui
1629 2323 2040 2378 fabricmionem

457 2420 706 2489 accepit,
743 2418 824 2475 sic
855 2418 938 2472 vir
968 2417 1138 2489 gloria
1177 2416 1272 2471 Dei
1307 2415 1616 2485 appellatus
1642 2423 1750 2478 cst,
1793 2416 1921 2479 quia
1957 2412 2040 2466 fa-

457 2521 581 2566 rtus
619 2521 704 2566 est
752 2510 1025 2580 particeps
1069 2509 1388 2563 substantia:
1435 2507 1554 2576 ejus
1603 2522 1697 2575 per
1776 2505 2040 2574 Spiritum

458 2612 736 2667 sanctum,
768 2604 859 2672 qui
894 2602 946 2655 in
993 2614 1058 2654 eo
1092 2600 1381 2654 habitavit.
1421 2597 1486 2650 Et
1536 2613 1729 2652 rursus
1761 2598 1900 2650 idem
1933 2596 2044 2649 dis-

457 2709 649 2750 serens
689 2695 756 2750 de
809 2692 1016 2761 Spiritu
1068 2700 1262 2746 sancto
1313 2707 1326 2744 :
1377 2689 1550 2755 Igitur
1603 2681 2042 2758 quandoquidettt

465 2786 674 2857 Spiritu
707 2795 897 2839 sancto
927 2783 1209 2838 habitante
1241 2783 1296 2835 in
1324 2782 1390 2836 iis
1413 2781 1506 2850 qui
1529 2781 1638 2836 Deo
1659 2782 1868 2851 probati
1896 2790 2043 2846 sunt,

463 2879 718 2935 Christus
745 2887 830 2930 est
859 2878 954 2944 qui
987 2875 1210 2938 habitat,
1245 2889 1468 2928 necesse
1496 2885 1581 2927 est
1627 2875 1810 2927 dicere
1858 2873 2041 2942 ipsu-n

469 2970 738 3039 Spiritum
773 2966 976 3021 divina:
1017 2964 1342 3020 substantiae
1370 2979 1528 3031 esse;
1565 2967 1727 3034 cujus
1754 2965 2045 3033 participes

463 3061 596 3116 facit
623 3073 717 3113 cos
748 3059 840 3127 qui
875 3059 1052 3126 ipsunt
1101 3055 1468 3125 participant,
1501 3066 1556 3109 et
1588 3056 1785 3109 iterum
1823 3055 1962 3109 idem
1992 3057 2043 3109 in

1591 387 1917 452 IOANNIS
1955 385 2520 448 CYPARISSIOTE

441 528 592 581 pars,
635 521 810 578 neque
839 513 1010 562 totum
1049 508 1173 559 est:
1205 509 1261 556 et
1289 510 1372 557 est
1407 506 1686 564 letum,'et
1708 511 1856 566 pars,
1892 511 2024 566 qua.
2053 495 2099 552 Α

3600 375 3709 434 868

2727 487 2956 544 CAPUT
3020 485 3107 542 ιιι.

2130 577 2282 643 Quod
2315 579 2693 647 participnntes
2723 579 2955 632 divinam
2990 578 3367 638 substantiam,
3405 592 3494 641 per
3527 573 3706 642 Spiri-

2193 659 2309 703 tum
2343 662 2587 704 sanctum
2620 647 2822 702 Filium
2861 648 2974 712 Dei,
3021 650 3112 716 qui
3143 662 3304 716 supra
3351 647 3706 716 substantiam

2199 733 2298 783 est,
2319 721 2746 788 participamus;
2771 731 2817 773 et
2834 721 2971 771 hunc
2993 714 3392 787 participant“,
3414 714 3573 788 Deum
3597 715 3708 768 Pa-

2200 786 2333 844 trem
2364 786 2746 856 participantur;
2781 830 2795 852 ,
2837 786 2998 850 atque
3021 790 3094 840 ita
3115 788 3362 858 efﬁcimur
3389 786 3578 839 divina:
3610 801 3711 838 utt-

2199 871 2336 914 turw
2365 870 2412 912 e’t
2441 859 2745 913 substantia:
2773 863 3076 926 participes.

2201 950 2466 1006 Dominus
2499 951 2576 1005 ait
2599 952 2649 1004 in
2683 951 2974 1020 Evangelio
3008 967 3020 1002 :
3055 947 3160 1017 Qui
3195 947 3370 1017 diligit
3423 962 3522 1009 me,
3565 957 3716 998 man-

2130 1042 2261 1094 data
2313 1058 2428 1094 mea
2479 1042 2742 1105 servabit;
2778 1049 2827 1093 et
2864 1056 2957 1110 ego
3001 1049 3051 1094 et
3103 1037 3266 1091 Pater
3313 1039 3574 1091 veniemus
3601 1076 3618 1100 ,
3662 1045 3713 1089 et

2129 1135 2456 1187 mansionem
2513 1133 2654 1200 apud
2702 1149 2834 1186 eum
2875 1133 3131 1201 faciemus
3170 1131 3240 1184 ".
3293 1130 3447 1196 Quod
3494 1129 3712 1199 quidem

2133 1239 2365 1294 magnus
2388 1233 2444 1276 et
2473 1238 2719 1277 summus
2753 1224 3119 1290 aposmlornm
3155 1220 3348 1275 Petrus
3382 1219 3437 1274 in
3479 1219 3714 1288 Epistula

2133 1329 2229 1368 sua
2263 1314 2515 1384 explicat,
2548 1329 2671 1368 cum
2705 1315 2780 1368 ait
2809 1331 2823 1367 :
2854 1313 3059 1368 Divina:
3090 1323 3296 1368 natura:
3331 1324 3593 1368 consortes
3623 1313 3713 1381 [a-

2133 1407 2205 1458 cti
2243 1422 2422 1459 sumus
2439 1409 2511 1460 ".
2540 1405 2908 1460 Consentiunt
2942 1421 3064 1460 cum
3098 1421 3164 1460 eo
3193 1421 3313 1473 quae.
3356 1404 3558 1459 Paulus
3587 1405 3713 1457 item

2137 1510 2370 1563 magnus
2413 1495 2532 1547 ait:
2567 1493 2801 1548 Nescitis
2850 1495 2990 1563 quod
3041 1495 3288 1564 templum
3335 1494 3430 1548 Dei
3481 1496 3623 1559 estis,
3662 1506 3710 1547 et

2140 1586 2374 1652 Spiritus
2400 1585 2495 1639 Dei
2520 1586 2722 1638 habitat
2759 1589 2813 1640 in
2836 1588 2978 1640 vobis
3001 1588 3089 1641 "‘i
3115 1586 3179 1642 Et
3198 1603 3392 1642 rursus
3423 1604 3436 1640 :
3472 1585 3570 1640 Vos
3591 1589 3715 1640 estis

2140 1676 2389 1744 templum
2432 1676 2526 1730 Dei
2560 1680 2793 1737 viventis,
2844 1677 2980 1731 sicut
3036 1678 3172 1730 dixit
3229 1676 3403 1742 Deus,
3451 1675 3714 1740 Quoniam

2139 1767 2390 1820 Imbitubo
2420 1769 2470 1821 i.-t
2505 1770 2602 1830 eis,
2641 1782 2688 1822 et
2723 1769 3104 1833 inambuiabo;
3141 1778 3189 1822 et
3224 1785 3312 1822 ero
3336 1770 3412 1821 eis
3458 1767 3612 1830 Deus,
3663 1779 3714 1820 et

2141 1859 2244 1928 ipsi
2289 1869 2443 1912 erunt
2477 1860 2608 1912 milii
2643 1860 2870 1928 populus
2901 1861 2971 1916 νδ.
3012 1860 3277 1914 Similiter
3325 1860 3416 1928 qui
3467 1859 3718 1926 deinceps

2143 1951 2421 2006 consecuti
2463 1962 2591 2006 sunt
2623 1953 2820 2005 sancti.
2861 1953 3087 2022 Magnus
3116 1952 3468 2015 Athanasius,
3499 1955 3551 2004 in
3588 1949 3717 2019 Epi-

2144 2041 2278 2094 stola
2311 2040 2383 2094 ad
2423 2040 2777 2111 Serapionem
2807 2059 2820 2094 :
2853 2041 2944 2097 Sic
2980 2052 3186 2107 autem,
3222 2041 3442 2111 inquit,
3483 2039 3715 2110 signati,

2142 2138 2508 2186 consentanee
2559 2143 2767 2187 naturae
2802 2133 2997 2186 ditium
3022 2143 3308 2188 consortes
3341 2134 3628 2205 cﬁicimur,
3651 2131 3727 2184 si-

2142 2235 2236 2277 cut
2280 2222 2474 2278 Petrus
2517 2224 2692 2289 dixit,
2728 2235 2891 2294 atque
2940 2225 3013 2280 ita
3060 2227 3239 2280 onmis
3278 2240 3524 2281 creatura
3559 2226 3718 2283 Verbi

2146 2315 2418 2382 particeps
2459 2316 2690 2370 eﬁieitur
2725 2318 2776 2369 in
2823 2316 3031 2385 Spiritu
3078 2327 3292 2380 sancto,
3325 2326 3378 2370 et
3423 2333 3513 2386 per
3545 2318 3722 2387 Spiri-

2147 2422 2264 2466 tum
2319 2423 2570 2467 sanctum
2622 2414 2858 2467 dicimur
2901 2415 3190 2483 patticipes
3227 2413 3361 2478 Dei,
3406 2415 3480 2468 ait
3525 2416 3668 2469 enim
3705 2435 3719 2472 :

2149 2504 2380 2556 Nescitis
2415 2505 2553 2573 quae
2588 2506 2836 2570 templum
2870 2507 2963 2560 Dei
2993 2510 3140 2573 estis,
3175 2517 3224 2561 et
3257 2504 3484 2575 Spiritus
3511 2505 3603 2561 Dei
3627 2509 3723 2561 Ita-

2147 2596 2281 2649 bitat
2323 2598 2374 2648 in
2410 2598 2597 2652 vobis?
2627 2598 2691 2650 Et
2735 2600 2877 2652 idem
2927 2601 2981 2653 in
3019 2603 3205 2654 eadem
3227 2601 3466 2670 epistola
3513 2617 3525 2651 :
3569 2601 3723 2655 Nunc

2148 2699 2328 2741 autem
2360 2704 2485 2742 cum
2522 2689 2759 2744 dicimur
2784 2693 3074 2760 participes
3097 2693 3323 2757 Christi,
3350 2703 3401 2747 et
3434 2694 3720 2763 participes

2149 2779 2266 2842 Dei,
2304 2781 2710 2842 demonstratur
2742 2783 3006 2847 chrisma,
3048 2785 3098 2837 id
3137 2793 3220 2838 est
3255 2786 3457 2850 unctio,
3487 2801 3597 2853 que
3628 2793 3715 2839 est

2151 2872 2203 2924 in
2232 2872 2410 2936 nobis,
2447 2881 2500 2926 et
2533 2873 2793 2944 sigiflum,
2829 2876 2974 2944 quod
3007 2892 3112 2929 non
3154 2885 3236 2930 est
3270 2888 3467 2930 natura:
3490 2886 3671 2930 creatae
3695 2915 3712 2938 ,

2149 2965 2241 3018 sed
2274 2963 2420 3028 Filii,
2454 2967 2544 3034 qui
2579 2982 2673 3034 per
2705 2965 2970 3036 Spiritum
3008 2977 3257 3021 sant-tum
3290 2984 3388 3022 nos
3413 2983 3530 3022 cum
3559 2965 3723 3022 Pat:e

2151 3056 2456 3127 cenjungit,
2496 3058 2598 3112 hoc
2639 3059 2785 3111 enim
2821 3057 3062 3112 Joannes
3101 3062 3263 3128 paulo
3313 3073 3474 3128 supra
3525 3058 3724 3112 docens

463 3155 670 3207 eisdem
705 3169 720 3204 :
751 3150 847 3204 Est
881 3149 1050 3220 igitur
1092 3147 1333 3219 Spiritus
1361 3158 1583 3203 sanctus
1609 3147 1910 3203 secundum
1945 3165 2038 3202 na-
2072 3154 2118 3214 (ζ
2150 3149 2369 3218 scripsit
2400 3165 2414 3202 :
2451 3148 2513 3203 In
2549 3151 2646 3203 hoc
2678 3152 3035 3226 cognoscimus
3061 3152 3197 3221 quod
3229 3152 3280 3204 in
3306 3151 3407 3204 Deo
3433 3166 3725 3214 manemus,

467 3255 646 3298 turam
687 3244 848 3306 Deus,
879 3243 1079 3311 quippe
1114 3240 1208 3310 qui
1239 3251 1466 3295 sanctos
1501 3250 1820 3310 rcgenerat,
1855 3249 1916 3293 ut.
1942 3241 2051 3294 sint

465 3352 638 3391 unum
668 3350 790 3389 cum
827 3335 955 3396 Deo,
996 3333 1089 3401 qtti
1130 3332 1338 3386 habitat
1372 3332 1423 3384 in
1461 3331 1568 3386 eis.
1605 3331 1669 3384 Et
1695 3331 1872 3386 adhuc
1907 3331 2048 3384 idem

471 3429 528 3485 in
559 3429 765 3482 eisdem
802 3440 814 3476 :
850 3424 991 3490 Quid
1046 3425 1212 3494 igitur
1259 3439 1393 3493 opus
1441 3432 1525 3477 est
1574 3424 1734 3488 longo
1761 3425 2050 3477 verborum

473 3516 838 3580 circuituuti,
885 3528 934 3570 et
985 3517 1315 3583 multiplices
1363 3515 1616 3569 notiones
1659 3514 1866 3568 texere?
1905 3514 2054 3567 lianc

476 3612 624 3666 enim
661 3609 836 3678 ipsam
885 3607 992 3659 \im
1038 3607 1474 3660 sanctiﬁcantem
1513 3621 1579 3658 ex
1625 3603 1783 3658 Patre
1831 3619 2058 3656 manan-

473 3715 603 3766 tem,
639 3718 760 3770 qua:
791 3698 1116 3769 impcrfcttis
1150 3697 1337 3753 tribuit
1369 3695 1758 3764 perfectionem
1787 3735 1802 3762 ,
1827 3697 2057 3750 dicimus

469 3811 594 3849 esse
657 3793 922 3863 Spiritum
981 3801 1273 3853 sanctum;
1333 3804 1908 3857 supervacataeumque
1973 3800 2057 3843 est

470 3893 784 3939 creaturam
843 3899 939 3952 per
987 3882 1336 3948 iuterjectum
1387 3881 1625 3934 medium
1679 3882 2010 3936 sanctilit-ari
2041 3920 2055 3944 ,

472 3993 596 4031 cum
623 3976 930 4043 benignitas
958 3973 1050 4028 Dci
1078 3973 1300 4041 dignata
1337 3971 1504 4025 fuerit
1529 3956 1714 4044 usque.
1733 3975 1798 4026 ad
1833 3975 2059 4027 minima

475 4069 795 4137 pervadere,
854 4073 908 4118 ct
944 4079 1006 4117 ea
1043 4079 1136 4133 per
1183 4063 1446 4129 Spiritum
1488 4079 1647 4118 suum
1695 4064 2060 4120 sant-tilicure.

475 4156 542 4212 Et
590 4155 807 4209 divinus
838 4153 1201 4222 Thc0phanes
1248 4153 1300 4208 in
1336 4153 1576 4210 Canticis
1608 4156 1724 4211 suis
1759 4171 1773 4209 :
1807 4154 2016 4209 Lumen
2046 4197 2060 4220 ,

475 4249 672 4317 inquit,
700 4247 864 4300 unius
902 4245 1178 4315 principii,
1213 4256 1266 4299 et
1295 4245 1345 4298 itt
1383 4247 1556 4302 tribus
1588 4247 1906 4316 splendens,
1937 4246 2064 4300 sub-

476 4339 673 4394 stantia
703 4338 821 4392 sine
846 4337 1134 4407 principio,
1167 4337 1535 4406 pulchritudo,
1565 4339 1830 4391 immensa
1861 4338 2068 4393 habitat

478 4435 534 4488 in
576 4435 739 4486 corde
769 4448 912 4497 meo,
943 4441 997 4485 et
1034 4433 1231 4485 iterum
1266 4431 1318 4484 in
1351 4431 1558 4488 eisdem
1594 4448 1609 4483 :
1648 4429 1758 4483 Rex
1804 4431 2041 4486 caelestis

479 4524 768 4592 paraelcte,
811 4520 1045 4591 Spiritus
1085 4521 1362 4586 veritatis,
1398 4519 1491 4587 qui
1529 4519 1728 4587 ubique
1761 4519 1890 4573 ades
1923 4535 2061 4588 prac-

479 4630 624 4679 sens,
655 4623 710 4667 ct
735 4614 916 4666 omnia
949 4613 1162 4682 imples,
1203 4611 1294 4679 qui
1331 4626 1391 4664 es
1428 4611 1714 4663 thesautus
1750 4610 2061 4677 bonorum,

478 4716 531 4759 et
565 4711 685 4758 vita:
716 4706 891 4769 dator,
935 4707 1078 4768 veni,
1114 4711 1167 4756 et
1199 4702 1380 4755 habita
1421 4700 1474 4754 in
1502 4700 1696 4766 nobis;
1739 4711 1792 4754 ct
1829 4704 2062 4756 cmunda

482 4813 582 4851 nos
618 4800 683 4850 ab
715 4798 864 4851 omni
899 4797 1133 4858 macula,
1165 4804 1218 4848 et
1257 4793 1436 4846 salvas
1469 4793 1551 4847 fac
1582 4795 1803 4847 anitnas
1825 4803 2062 4850 nostras.

481 4887 560 4941 Ex
603 4890 802 4958 quibus
836 4899 1000 4957 patet,
1035 4890 1177 4956 quod
1217 4885 1322 4939 Deo
1359 4888 1656 4939 secundum
1706 4888 2062 4942 Substantiam

483 4990 775 5047 praesente,
829 4979 1188 5036 substantiam
1229 4979 1348 5048 ejus
1381 4981 1718 5047 iinperutisle
1771 4983 2065 5050 participa-

485 5087 604 5125 mus
635 5087 646 5124 :
682 5082 734 5124 et
767 5074 907 5139 quod
941 5073 1050 5140 ipsa
1079 5078 1161 5122 est
1196 5085 1315 5137 quae
1346 5087 1445 5125 nos
1487 5072 1828 5134 sanctiﬁcat,
1872 5083 1927 5126 et
1970 5075 2066 5125 ha-

482 5161 616 5216 bitat
650 5163 703 5215 in
755 5163 930 5225 nobis,
967 5175 1175 5230 nosque
1206 5161 1274 5212 ab
1313 5161 1461 5212 onmi
1495 5160 1613 5213 labe
1661 5176 1755 5228 per
1802 5161 2063 5230 Spiritum

484 5268 644 5307 suum
675 5253 767 5322 qui
798 5267 962 5320 supra
995 5253 1353 5305 substantiam
1388 5259 1494 5317 est,
1541 5263 1814 5320 repurgat.

557 5483 600 5515 "
668 5480 823 5534 Jotttt.
881 5494 990 5541 xiv,
1037 5479 1128 5536 2'5.
1207 5478 1251 5511 ⁹²
1283 5481 1325 5536 ΙΙ
1360 5482 1508 5538 Petr.
1547 5499 1585 5552 ι,
1619 5485 1674 5540 4.

560 5709 638 5784 (ᾳ)
671 5709 788 5784 Lib.
817 5727 934 5772 xui.
969 5729 1088 5784 Cap.
1123 5715 1176 5769 5.

563 5781 635 5849 α’)
677 5783 958 5849 Quomodo
989 5781 1168 5842 autem
1208 5789 1561 5861 participetur
1594 5791 1738 5848 Deus
1772 5793 2073 5848 secundum

1754 5487 1800 5518 ’³
1833 5487 1848 5540 1
1892 5487 2019 5545 Cor.
2057 5509 2138 5556 iit,
2166 5492 2253 5545 lﬁ.

2150 3247 2199 3292 ct
2231 3241 2340 3307 ipse
2369 3239 2421 3292 in
2455 3241 2626 3303 nobis,
2667 3255 2732 3292 ea:
2759 3240 2961 3308 Spiritu
2992 3243 3107 3311 ejus
3137 3259 3286 3310 quem
3313 3238 3455 3295 dedit
3487 3243 3634 3295 nobis
3657 3243 3725 3296 ’³.

2157 3332 2214 3385 Si
2248 3341 2428 3385 autem
2459 3333 2879 3402 participatione
2919 3333 3155 3402 Spiritus
3205 3335 3382 3388 sancti
3436 3332 3732 3387 cﬁiciemur

2156 3432 2439 3478 censortes
2465 3425 2662 3478 divinae
2694 3434 2923 3486 naturae,
2962 3425 3188 3479 insanus
3224 3423 3386 3480 fuerit
3414 3424 3460 3478 si
3487 3421 3612 3494 quis
3648 3423 3733 3476 di-

2156 3526 2244 3568 cat
2283 3531 2402 3570 esse
2443 3515 2706 3585 Spiritum
2743 3524 2994 3569 sanctum
3037 3527 3242 3569 naturae
3289 3525 3514 3578 creatae,
3546 3523 3598 3566 et
3624 3527 3733 3567 non

2159 3607 2286 3672 Dei;
2316 3607 2384 3660 ob
2421 3606 2562 3660 hanc
2600 3607 2744 3660 enim
2797 3623 3019 3659 causam
3073 3616 3156 3660 est
3204 3607 3256 3659 in
3318 3606 3650 3670 hominibus,
3680 3615 3737 3658 et

2159 3714 2256 3768 per
2283 3713 2404 3751 eum
2445 3699 2692 3752 homines
2714 3698 3058 3763 deitirantur;
3087 3699 3128 3751 si
3158 3709 3335 3751 autem
3365 3699 3598 3760 dcilicat,
3627 3711 3735 3748 non

2160 3801 2244 3845 est
2277 3790 2500 3844 dubium
2543 3790 2671 3859 quin
2727 3800 2921 3843 natura
2975 3791 3096 3860 ejus
3135 3799 3328 3844 natura
3361 3789 3452 3844 Dei
3490 3790 3582 3844 sit.
3618 3787 3734 3842 Ma-

2162 3895 2302 3949 gnus
2333 3879 2567 3934 Basilius
2598 3881 2652 3934 iti
2694 3881 2762 3934 iis
2794 3895 2916 3950 quae
2946 3881 3012 3934 de
3049 3880 3254 3949 Spiritu
3289 3890 3478 3932 sancto
3507 3869 3730 3933 scribit:

2162 3973 2341 4036 Nulla,
2367 3973 2564 4042 inquit,
2601 3983 2848 4026 creatura
2883 3974 2950 4026 ab
2981 3976 3162 4027 anima
3217 3974 3443 4027 rationis
3491 3981 3739 4040 co'npote
3783 3961 3792 3966 ’

2163 4066 2480 4136 participari
2517 4075 2714 4135 potest,
2754 4067 2824 4120 ita
2856 4077 2916 4119 ut
2949 4067 3000 4120 iit
3033 4081 3096 4121 ea
3137 4059 3342 4119 habitet
3367 4065 3657 4128 οὺσιωόὠς,
3683 4065 3738 4118 id

2164 4166 2248 4210 est
2285 4155 2587 4210 secundum
2621 4157 2988 4212 substantiam
3023 4156 3124 4226 (ὁ),
3166 4156 3401 4226 Spiritus
3451 4172 3576 4210 vero
3615 4169 3743 4210 san-

2167 4257 2289 4302 ctus
2327 4249 2534 4302 habitat
2561 4249 2614 4301 in
2649 4263 2710 4303 ea
2742 4287 2756 4310 ,
2795 4250 2941 4302 sicut
2983 4251 3058 4303 ait
3107 4248 3388 4319 Scriptura
3422 4265 3434 4301 :
3472 4248 3740 4313 Templum

2167 4342 2293 4396 estis
2331 4341 2442 4401 Dei,
2469 4351 2517 4395 et
2553 4339 2786 4408 Spiritus
2820 4341 2912 4396 Dei
2946 4343 3151 4396 habitat
3179 4345 3231 4396 in
3267 4345 3430 4408 vobis;
3474 4343 3746 4396 incrcatus

2171 4431 2331 4502 igitur
2361 4441 2440 4486 est
2474 4432 2711 4502 Spiritus
2752 4445 2999 4497 sanctus,
3029 4445 3082 4489 et
3107 4435 3298 4489 beatus
3327 4434 3562 4505 Cyrillus
3597 4434 3647 4486 in
3675 4431 3746 4486 izs

2171 4537 2293 4591 qua:
2332 4523 2399 4576 de
2430 4521 2635 4591 Spiritu
2666 4535 2860 4580 sancto
2888 4527 3110 4596 scripsit
3151 4544 3166 4582 :
3204 4525 3306 4581 Per
3331 4545 3390 4583 se
3423 4527 3582 4598 igitur
3610 4541 3744 4596 0pc-

2172 4623 2327 4668 ratur
2367 4614 2422 4667 in
2471 4616 2628 4670 nobis
2665 4617 2904 4687 Spiritus
2941 4630 3163 4675 sanctus
3209 4635 3336 4675 vere
3379 4620 3748 4683 sanctiﬁcante,

2175 4718 2220 4762 ct
2256 4723 2355 4762 nos
2387 4724 2571 4762 secum
2607 4711 2661 4764 in
2699 4727 2866 4766 unum
2908 4729 3005 4769 sua
3038 4715 3428 4786 conjunctione
3463 4714 3751 4782 copulatis,

2173 4815 2236 4854 ac
2265 4801 2461 4855 divina:
2489 4812 2694 4857 natura:
2723 4805 3020 4875 participes
3047 4806 3302 4863 efﬁciens.
3340 4807 3405 4862 Et
3435 4822 3658 4861 rursus:
3688 4806 3748 4860 Si

2173 4894 2528 4961 accipientes,
2567 4895 2762 4964 inquit,
2802 4897 3066 4966 Spiritum
3112 4899 3355 4965 Christi,
3399 4918 3491 4969 per
3518 4915 3640 4956 cum
3678 4901 3745 4954 ad

2173 4983 2343 5036 Dcum
2377 4983 2587 5039 l’atrent
2625 4987 2970 5053 adduritnur,
3001 4999 3259 5061 tanquam
3306 4993 3502 5047 divina:
3541 5001 3748 5046 natura!

2173 5088 2452 5133 consortes
2485 5083 2631 5144 tacti,
2667 5084 2826 5135 modo
2861 5085 2964 5137 erit
2994 5094 3263 5150 creatura,
3301 5101 3397 5156 per
3425 5100 3581 5156 quem
3621 5099 3742 5137 cum

2177 5166 2283 5222 Ι)υο
2316 5180 2572 5240 tanquam
2610 5190 2782 5242 genus
2815 5177 3247 5245 conjungitnur?
3279 5179 3473 5233 Adhuc
3514 5179 3652 5233 idem
3688 5177 3741 5230 in

2173 5263 2442 5330 Capitibus
2487 5265 2556 5318 de
2596 5265 2802 5335 Spiritu
2845 5280 3037 5324 sancto
3067 5287 3082 5323 :
3127 5271 3182 5326 Si
3213 5287 3407 5327 servus
3437 5284 3539 5336 est,
3573 5269 3742 5326 ut'fa-

2329 5491 2375 5522 θ’*
2409 5491 2453 5546 il
2505 5491 2634 5546 Cor.
2670 5511 2744 5561 vt,
2785 5499 2870 5554 16.

2950 5501 3222 5558 "Hann.
3295 5522 3366 5570 tv,
3431 5507 3514 5561 i5.

2186 5727 2550 5810 substantiam
2590 5747 2617 5783 a
2655 5743 2946 5810 creatura,
3005 5747 3058 5791 et
3115 5755 3221 5792 non
3277 5741 3642 5808 participctur,
3693 5749 3754 5798 ut

2187 5807 2332 5853 recte
2362 5801 2715 5871 intelligatur,
2749 5807 2952 5875 lcgatur
2982 5823 3101 5879 cap.
3139 5812 3205 5865 10
3237 5801 3401 5884 hujus
3437 5801 3670 5871 tit-cadis.
