4048 6440
364 5832 376 5849 ρ,
434 5804 439 5835 l

457 351 580 423 ’871

1642 351 1971 415 ἸΟΑΝΝῘΒ
2007 346 2572 411 CYPARlSSlOT.E

3617 340 3725 403 8'52

470 478 756 533 strantcm,
780 469 884 524 sed
912 477 1174 538 tanquam
1198 481 1316 537 ipse
1342 465 1815 536 participationem
1848 464 2048 520 divina:
2079 472 2120 523 Α
2153 472 2318 531 atque
2349 462 2420 514 ita
2458 460 2515 514 lit
2546 457 2698 513 illud:
2735 455 2908 526 Egoet
2944 454 3111 509 Pater
3130 454 3410 521 veniemus,
3435 464 3481 505 et
3502 456 3734 505 ιιιιιηεεμ-

478 572 695 619 naturae
735 560 916 630 dignis
959 561 1215 629 largiens.
1247 557 1315 612 Et
1361 571 1557 611 rursus
1604 557 1748 611 idem
1799 557 2044 611 ibidem:

454 650 693 716 .Trmpla
743 650 860 714 Dei,
914 650 1026 703 imo
1071 648 1237 702 etiam
1288 648 1364 701 dii
1402 661 1688 713 vocamur,
1724 656 1793 701 -ει
1832 662 2048 713 sumus,

471 755 640 807 (mare
659 748 866 803 autem,
909 740 1196 807 interroga
1218 739 1592 793 adversarium
1617 753 1633 801 ;
1657 738 1929 808 siquidem
1957 753 2052 792 su-

470 846 598 885 mus
629 846 753 885 vere
780 830 1073 901 participes
1105 831 1268 885 nuda:
1296 840 1351 884 et
1384 845 1494 884 non
1520 844 1619 899 per
1645 844 1705 884 se
1731 829 2053 886 essistcntis

470 924 681 990 gratiae,
712 932 768 977 at
788 938 900 978 non
924 924 1027 986 sic,
1055 938 1402 992 nequaquam
1429 923 1670 992 {templa
1688 923 1833 977 enim
1859 937 2053 977 sumus

473 1010 713 1081 Spiritus
761 1013 939 1069 sancti
985 1027 1080 1082 per
1129 1029 1188 1068 se
1234 1012 1601 1077 exsistentis;
1650 1012 1826 1066 vocati
1869 1023 2051 1066 autem

462 1117 667 1160 sumus
702 1103 777 1157 dii
829 1113 1049 1172 propter
1099 1102 1303 1171 ipsum,
1358 1112 1546 1172 utpote
1596 1102 1793 1156 divina:
1836 1112 2054 1155 natura:

464 1202 694 1263 propter
730 1194 1183 1262 coniunctionem
1221 1207 1350 1247 cum
1403 1193 1528 1262 ipso
1560 1193 1864 1263 participes
1899 1192 2048 1247 facti.

469 1284 539 1340 Et
568 1284 763 1340 iterum
791 1286 932 1341 idem
969 1286 1021 1339 in
1059 1286 1311 1343 eisdem:
1348 1285 1430 1337 An
1466 1301 1576 1339 non
1618 1286 1854 1341 dicimus
1880 1284 2053 1340 fabri-

466 1378 583 1431 cari
609 1378 890 1432 hominem
916 1378 981 1431 ad
1014 1377 1308 1448 imaginem
1331 1378 1427 1434 Dei
1451 1381 1476 1432 'l
1498 1377 1636 1444 Quis
1667 1389 1826 1447 neget
1850 1378 1874 1431 ?
1894 1378 2052 1443 Quod

468 1475 652 1525 autem
682 1466 978 1534 imaginem
1012 1466 1302 1535 imprimit,
1327 1477 1383 1522 et
1407 1466 1583 1522 instar
1617 1466 1781 1536 sigilli
1814 1466 2055 1536 pulchri-

471 1557 720 1612 tudinem
777 1558 1281 1626 supramundanam
1327 1556 1512 1624 etlicit,
1542 1572 1610 1612 an
1653 1571 1765 1611 non
1808 1568 1893 1612 est
1934 1557 2057 1626 Spi-

473 1650 614 1704 ritus
657 1649 1011 1705 sanetusiAt
1049 1663 1180 1715 non,
1219 1648 1420 1718 inquit,
1449 1660 1510 1702 ut
1539 1647 1704 1716 Deus,
1739 1650 1833 1703 sed
1883 1658 1942 1703 ut
1971 1651 2056 1702 di-

473 1742 617 1797 vina:
652 1741 845 1808 gratia:
891 1739 1163 1805 miniater,
1210 1739 1377 1809 igitur
1415 1756 1524 1793 non
1560 1741 1698 1810 ipse,
1748 1743 1844 1795 sed
1876 1742 2053 1812 gratia

472 1848 571 1901 per
616 1832 792 1901 ipsqu
843 1833 1224 1903 consignatur.
1274 1832 1525 1895 Videtur,
1577 1832 1774 1901 inquit.
1820 1831 2056 1888 Necesse

467 1940 603 1994 ergo
637 1931 756 1978 erat
811 1924 1086 1994 appellare
1114 1924 1397 1979 hominem
1431 1924 1727 1994 imaginem
1760 1924 1966 1994 gratiae,
2000 1935 2058 1981 et

470 2034 584 2073 non
616 2018 800 2088 potius
838 2018 1133 2086 imaginem
1168 2016 1287 2081 Dei,
1329 2016 1641 2085 Gregorius.
1663 2017 1963 2087 Nyssenns,
1999 2018 2055 2071 in

470 2109 699 2164 Cantica
734 2108 1116 2163 canticorum:
1148 2106 1329 2173 Quod,
1361 2108 1562 2177 inquit,
1597 2122 1726 2162 vere
1753 2118 1837 2162 cst
1865 2107 2059 2177 praadi-

469 2198 706 2253 candum
744 2198 987 2259 beatum,
1041 2212 1247 2251 numen
1293 2197 1475 2266 ipsum
1521 2196 1768 2251 divinum
1801 2207 1909 2261 est,
1941 2198 2056 2266 ipsa

471 2287 828 2357 pulchritudo
872 2286 1298 2356 inexplicabilis,
1353 2287 1470 2355 ipsa
1525 2300 1625 2356 per
1667 2302 1729 2344 se
1764 2290 1960 2358 gratia,
2005 2297 2060 2343 ct

468 2382 770 2451 sapientia,
794 2389 849 2435 et
874 2390 1139 2449 putestas.
1165 2378 1234 2434 Et
1261 2379 1487 2434 divinus
1521 2378 1820 2451 Gregorius
1849 2380 1903 2434 in
1929 2396 2058 2434 ora-

469 2477 623 2529 tione
668 2475 741 2531 de
783 2472 1070 2529 divinitate
1102 2480 1301 2528 corttra
1339 2472 1631 2537 Evagrium
1667 2473 2003 2527 monachum
2034 2491 2048 2527 :

470 2566 742 2624 Similiter
768 2565 960 2636 igitur,
1001 2565 1203 2635 inquit,
1244 2564 1338 2634 qui
1371 2565 1531 2619 dator
1557 2573 1643 2618 est
1680 2566 1924 2619 omnium
1956 2567 2056 2620 bo-

469 2672 695 2723 norum,
734 2657 829 2726 qui
867 2656 1116 2714 veritatis
1152 2656 1492 2715 moderator.
1532 2665 1587 2709 et
1619 2656 1920 2712 Salvatoris
1950 2657 2058 2711 Pa—

469 2760 579 2818 ter,
613 2751 991 2808 dimanantem
1025 2752 1327 2820 quamdam
1377 2749 1501 2805 Filii
1533 2765 1589 2805 et
1617 2752 1855 2821 Spiritus
1884 2752 2058 2808 sancti

469 2843 704 2913 gratiam
752 2843 1125 2899 intellectilem
1187 2842 1255 2897 ad
1312 2858 1412 2898 nos
1470 2844 1660 2909 misit,
1714 2859 1895 2914 neque
1943 2846 2061 2913 ipse

468 2936 776 3006 quidquam
806 2935 1144 2992 incommodi
1174 2935 1228 2990 in
1253 2936 1561 2990 substantia
1584 2951 1783 3005 passus
1814 2947 1922 3004 est;
1950 2954 2057 2992 non

467 3030 617 3082 enim
669 3028 837 3083 ullam
874 3028 1316 3083 imminutionem
1366 3028 1539 3083 subiit
1575 3039 1794 3099 propter
1837 3030 2057 3084 illorum

2155 569 2271 606 nent
2325 553 2465 622 apud
2519 568 2636 606 eum
2697 551 3024 619 {aciemusﬁ
3061 550 3203 603 sicut
3230 547 3434 602 dictum
3484 554 3587 600 est.
3630 543 3736 599 Ubi

2152 648 2300 704 enim
2326 658 2409 702 est
2437 645 2644 711 luinon,
2670 645 2780 699 illic
2810 653 2897 699 est
2927 642 3205 711 splendor:
3249 648 3304 694 et
3336 641 3425 695 ubi
3458 638 3731 709 splendor,

2144 741 2230 796 ibi
2293 748 2379 794 est
2412 739 2575 809 hujus
2637 738 2905 809 operatio,
2963 745 3018 789 et
3076 731 3362 803 splendida
3404 730 3597 804 gratia.
3644 731 3713 787 Et

2156 847 2384 902 magnus
2407 827 2641 884 Basilius
2676 828 2727 881 in
2761 826 2990 897 epistola
3012 826 3080 880 ad
3114 824 3437 896 Gregorium
3473 823 3725 881 fratrem:

2143 919 2348 986 30mm,
2385 919 2585 989 inquit,
2619 918 2843 981 bonum,
2903 916 3273 986 quodcunque
3315 928 3381 968 ex
3425 913 3608 969 divina
3635 930 3739 983 po-

2145 1021 2354 1068 =testate
2380 1012 2445 1064 ad
2474 1027 2577 1065 nos
2604 1009 2879 1073 deveniat,
2920 1006 3301 1077 operationem
3328 1004 3516 1074 gratia:
3548 1006 3735 1063 omnia

2157 1104 2211 1158 in
2241 1103 2398 1158 nobis
2430 1102 2707 1172 operantis
2733 1113 2857 1155 esse
2885 1099 3140 1161 dicimus,
3175 1095 3354 1149 omnia
3386 1098 3528 1161 opim
3551 1085 3742 1164 opera.-

2146 1207 2247 1250 tnr
2266 1210 2401 1248 unus
2421 1202 2477 1249 et
2498 1193 2649 1249 idem
2670 1189 2951 1262 Spiritus';
2970 1203 3035 1242 ac
3062 1202 3252 1245 rursus
3281 1187 3447 1243 idem:
3475 1184 3741 1257 Spiritum

2152 1299 2407 1343 sanctum
2434 1285 2529 1355 qui
2565 1300 2632 1343 ea
2677 1282 2788 1339 Deo
2819 1280 3056 1345 exsistit,
3092 1279 3294 1334 fontem
3329 1279 3450 1337 dico
3482 1279 3747 1353 sanctita-

2150 1378 2252 1442 tis,
2293 1362 2615 1446 potestatem
2672 1374 2794 1428 vita:
2824 1370 3177 1436 eﬂ'cctricem,
3230 1378 3287 1425 et
3316 1368 3544 1440 gratiam
3578 1369 3745 1437 perti-

2157 1469 2391 1525 cientem
2417 1483 2566 1538 aper
2587 1482 2749 1537 quem
2782 1466 2949 1519 homo
2971 1464 3264 1533 adoptatur
3294 1461 3487 1526 Filius,
3518 1471 3569 1516 et
3594 1463 3742 1531 quod

2153 1562 2387 1617 mortale
2427 1570 2534 1626 est,
2566 1558 2807 1615 el'ticitur
2834 1556 3166 1621 immortale,
3230 1570 3397 1611 unum
3429 1569 3523 1624 per
3557 1554 3744 1609 eninin

2153 1671 2284 1711 cum
2333 1653 2501 1708 Patre
2534 1662 2589 1707 et
2618 1650 2789 1706 Filio.
2825 1648 3117 1714 Praeterea,
3141 1647 3442 1704 secundum
3478 1646 3748 1718 homony-

2161 1749 2325 1802 iniam
2363 1744 2663 1801 divinitatis
2690 1741 2792 1814 (a),
2844 1755 2967 1811 qua:
3001 1753 3167 1810 supra
3220 1736 3578 1795 substantiam
3637 1750 3749 1813 est,

2165 1833 2416 1906 quaedam
2449 1832 2554 1887 alia
2582 1832 2844 1887 dicuntur
2864 1829 3065 1901 gratia.
3101 1828 3359 1884 Declarat
3392 1828 3495 1884 hoc
3518 1827 3745 1894 Paulus,

2159 1942 2284 1981 cum
2311 1926 2561 1980 scribens
2576 1924 2651 1977 ad
2668 1920 2972 1978 Romanos:
3003 1919 3095 1974 Sic
3116 1936 3261 1991 ergo,
3294 1920 3548 1990 inquit,¢t
3574 1921 3629 1973 in
3645 1920 3747 1972 hoc

2159 2028 2389 2082 tempore
2419 2017 2657 2087 reliquiae
2694 2016 2986 2070 secundum
3016 2014 3321 2068 electionem
3374 2015 3554 2082 gratiae
3580 2012 3750 2071 salva:

2161 2111 2320 2180 facta
2376 2117 2519 2162 sunt.
2573 2105 2633 2161 Si
2658 2117 2834 2161 autent
2893 2107 3090 2178 gratia,
3116 2104 3230 2173 jam
3256 2118 3361 2156 non
3384 2118 3452 2157 ea:
3479 2102 3747 2181 operibus,

2163 2198 2364 2268 alioqui
2388 2198 2561 2266 gratia
2589 2197 2708 2266 jam
2739 2213 2843 2251 non
2887 2205 2961 2250 est
2988 2195 3188 2265 gratia.
3239 2192 3299 2247 Si
3328 2203 3503 2248 autem
3530 2206 3593 2245 ea:
3623 2208 3747 2260 ope-

2163 2291 2331 2371 ribus,
2375 2291 2495 2360 jam
2548 2306 2654 2345 non
2690 2300 2769 2345 est
2820 2290 3056 2358 gratia:
3107 2287 3311 2359 alioqui
3356 2302 3484 2354 opus
3532 2302 3634 2339 non
3665 2295 3745 2343 est

2160 2381 2336 2451 opus“.
2366 2382 2436 2438 Et
2463 2398 2654 2437 rursus
2687 2382 2828 2436 idem
2865 2380 3158 2453 Apostolus
3208 2398 3222 2435 :
3254 2378 3441 2434 Gratia
3466 2378 3601 2433 enim
3627 2378 3744 2431 sub,

2162 2477 2215 2530 vi
2246 2475 2379 2544 facti
2407 2475 2580 2530 ruis".
2624 2474 2687 2529 Et
2710 2474 2909 2529 iterum
2942 2493 2955 2528 :
2989 2475 3104 2527 Non
3134 2473 3274 2527 enim
3302 2473 3431 2526 estis
3460 2471 3555 2525 sub
3609 2473 3743 2541 lege,

2162 2569 2253 2623 red
2293 2568 2385 2622 sub
2422 2570 2599 2638 gratia
2626 2567 2668 2621 ".
2708 2566 2770 2621 Et
2808 2567 2945 2621 alias
2978 2585 2992 2621 :
3031 2565 3097 2621 In
3130 2566 3309 2637 gratia
3343 2566 3459 2626 hac,
3491 2578 3605 2633 qua:
3636 2564 3742 2614 mi-

2164 2660 2427 2709 nistratur
2465 2673 2499 2709 a
2523 2656 2674 2709 nobis
2709 2657 2752 2710 '.
2782 2656 2845 2710 Et
2882 2672 3075 2711 rursus
3108 2674 3121 2709 :
3159 2654 3241 2708 Ea:
3273 2670 3374 2725 quo
3401 2654 3484 2730 die
3514 2652 3739 2707 audistis

2162 2756 2212 2802 ct
2240 2749 2557 2816 cognovistis
2595 2747 2826 2818 gratiam
2858 2748 2911 2802 in
2948 2747 3044 2801 Dei
3074 2748 3292 2802 veritate
3321 2745 3385 2800 ‘°.
3430 2745 3492 2798 Et
3519 2746 3739 2800 divinus

2164 2841 2589 2911 Cbrysostomus
2648 2841 2948 2911 explanatis
3001 2841 3131 2895 illud
3193 2858 3208 2894 :
3272 2838 3359 2892 Ea:
3418 2837 3729 2910 plenitudine

2164 2934 2280 3002 ejus
2317 2949 2494 2987 omnes
2529 2934 2827 3003 accepimus
2858 2935 2896 2965 ¹¹
2926 2974 2941 3000 ,
2977 2943 3033 2988 et
3065 2952 3079 2987 :
3116 2932 3359 2987 Gratiam
3384 2949 3476 3001 pro
3514 2931 3682 3000 gratia
3707 2943 3729 2982 .'

2166 3025 2416 3092 Qualem,
2460 3027 2658 3096 inquit,
2700 3040 2799 3096 pro
2838 3026 3028 3096 quali?
3069 3026 3175 3080 l’ro
3207 3035 3385 3080 vetere
3414 3037 3642 3085 novam;
3684 3031 3749 3076 et.

466 3121 538 3175 ad
582 3136 684 3176 nos
713 3120 1032 3187 adventum,
1067 3134 1243 3189 usque
1268 3119 1335 3173 ad
1388 3134 1491 3175 nos
1542 3130 1957 3192 processerunt,
2006 3133 2060 3177 et
2086 3135 2131 3193 α
2167 3120 2220 3173 in
2256 3120 2386 3174 illud
2422 3138 2436 3173 :
2478 3118 2670 3173 Gratia
2705 3116 2840 3174 salvi
2881 3119 3013 3207 [acti
3047 3121 3175 3174 estis
3201 3134 3218 3173 :
3243 3116 3360 3173 Non
3391 3133 3454 3172 ex
3486 3116 3742 3185 operibus

470 3211 837 3267 nihilominus
868 3226 901 3266 a
935 3209 1096 3266 Patre
1122 3210 1516 3279 iuseparabiles
1551 3212 1934 3281 perstiterunt,
1967 3229 2059 3267 ex-

468 3317 601 3373 pers
632 3302 781 3357 enim
828 3300 1001 3369 partis
1046 3309 1156 3363 est,
1199 3308 1259 3354 ut
1306 3315 1350 3380 a_
1370 3300 1644 3371 principio
1675 3302 1940 3368 diximus,
1976 3302 2059 3357 di-

470 3393 609 3444 vina
642 3400 861 3445 natura.
894 3390 949 3444 In
977 3389 1173 3459 primis
1211 3399 1393 3446 autem
1424 3392 1641 3447 divinus
1673 3392 1968 3462 Apostolus
2001 3393 2057 3448 in

470 3482 715 3554 Epistula
740 3482 806 3536 ad
837 3481 1020 3538 'l‘itutn
1046 3483 1122 3537 ait
1142 3498 1159 3537 :
1183 3480 1448 3553 Apparuit
1464 3486 1642 3555 gratia
1675 3483 1847 3549 Dei“,
1887 3486 2060 3556 gratia

469 3577 684 3635 scilicet
751 3576 1031 3642 salutaris,
1090 3576 1363 3633 omnibus.
1402 3578 1717 3633 hominibus
1764 3592 1888 3632 cum
1947 3593 2060 3647 quo
2104 3616 2105 3619 η

470 3670 824 3724 consentiunt
843 3670 933 3740 qui
965 3669 1019 3724 in
1040 3669 1271 3724 centiens
1303 3670 1699 3726 ecclesiasticis
1714 3670 1925 3725 dicunt:
1949 3672 2060 3740 Ap-

468 3762 656 3832 paruit
687 3761 956 3826 Salvator,
980 3761 1070 3831 qui
1096 3772 1182 3816 est
1205 3760 1376 3832 gratia
1398 3771 1453 3816 et
1476 3764 1699 3827 veritas,
1740 3763 1794 3816 in
1833 3760 2057 3816 Jordani

469 3851 709 3908 ﬂuentis:
738 3861 795 3907 et
815 3852 987 3920 gratia
1015 3850 1282 3906 habitavit
1308 3851 1364 3906 in
1393 3861 1466 3918 te,
1496 3866 1621 3921 qua
1647 3850 1741 3906 Dei
1773 3862 1948 3906 mater
1977 3867 2058 3919 es;

468 3953 529 4004 et
544 3943 806 4001 mundum
824 3943 1115 4014 splendore
1139 3944 1456 4001 illustravit.
1480 3941 1542 3997 Et
1561 3943 1779 3998 divinus
1798 3944 2058 4014 Ephrem,

469 4037 528 4091 in
554 4035 817 4092 Oratione
831 4036 901 4091 de
918 4035 1097 4093 salute
1124 4036 1355 4091 animm:
1376 4036 1631 4104 Quando,
1649 4037 2058 4108 inquit,voluit,

469 4127 742 4196 benignus
779 4138 835 4181 et
866 4126 1186 4182 misericors
1217 4124 1363 4182 Deus
1384 4127 1617 4183 liberare
1645 4143 1746 4183 nos
1771 4129 1841 4181 ab
1866 4127 2063 4196 hujus—

469 4218 622 4276 modi
657 4232 868 4284 errore,
902 4218 1142 4274 visitavit
1172 4234 1275 4275 nos
1302 4221 1485 4274 oriens
1510 4235 1576 4275 ex
1607 4220 1718 4273 alto
1740 4224 1783 4284 ’ς
1805 4234 1863 4274 et
1891 4235 2062 4288 appa-

470 4311 584 4369 ruit
626 4307 720 4365 Dei
752 4312 926 4381 gratia
957 4313 1238 4379 salutaris,
1279 4312 1542 4382 ded-itque
1572 4327 1637 4367 se
1679 4312 1795 4380 ipse
1824 4312 1877 4363 in
1912 4327 2064 4365 eom-

470 4403 834 4459 mutationem
877 4418 978 4474 pro
1015 4403 1198 4459 nobis.
1230 4404 1299 4461 Et
1336 4406 1559 4472 sapiens
1587 4402 1848 4474 Cyrinus:
1900 4403 2056 4470 Qum,

2170 3210 2430 3280 propriis,
2491 3211 2689 3279 inquit,
2728 3212 2821 3266 sed
2864 3213 3056 3284 gratis.
3117 3214 3185 3269 Et
3229 3225 3459 3280 inaguus
3500 3209 3757 3264 Athan».

2166 3303 2472 3367 sius,libro
2510 3304 2672 3359 tertio
2716 3302 2921 3358 Contra
2952 3304 3183 3363 Arianos
3219 3318 3235 3358 :
3271 3299 3487 3367 Sciebat
3519 3299 3608 3354 ubi
3641 3296 3749 3355 La-

2168 3411 2333 3451 zarus
2388 3396 2632 3466 jacebat,
2694 3395 3065 3465 interrogabat
3121 3405 3322 3461 tamen,
3385 3401 3443 3449 ut
3489 3401 3743 3462 suscepta

2167 3497 2355 3543 nostra
2394 3486 2723 3559 ignorantia,
2768 3490 3061 3558 largiretur
3095 3487 3255 3544 nobis
3293 3495 3351 3542 ιιι
3387 3499 3765 3554 cognoscere—-

2168 3596 2291 3637 mus
2322 3581 2500 3636 solum
2528 3595 2717 3635 verum
2759 3579 2975 3635 Patrem
3008 3595 3193 3644 suum,
3219 3587 3275 3634 et
3313 3593 3476 3649 quem
3523 3588 3745 3648 prepter

2167 3686 2267 3728 nos
2303 3672 2369 3728 ad
2419 3675 2651 3728 saiutem
2692 3673 2940 3728 omnium
2996 3672 3164 3739 misit,
3198 3687 3306 3743 qua
3355 3673 3532 3743 major
3568 3672 3743 3743 gratia

2166 3779 2278 3820 non
2320 3772 2497 3831 potest
2530 3780 2670 3821 esse.
2706 3764 2786 3820 Ex
2820 3765 3017 3836 quibus
3047 3773 3219 3836 patet,
3242 3765 3387 3835 quod
3410 3764 3537 3820 iacti
3572 3762 3739 3835 parti-

2168 3857 2318 3928 cipes
2341 3869 2554 3912 natura:
2588 3856 2706 3923 Dei,
2735 3874 2841 3912 non
2875 3857 3033 3913 nudae
3053 3858 3239 3928 gratia:
3272 3873 3304 3912 a
3341 3858 3448 3917 Deo
3472 3860 3744 3913 inuitantis

2167 3958 2223 4004 et
2263 3965 2385 4020 qum
2422 3964 2516 4018 per
2554 3964 2615 4004 se
2656 3966 2765 4003 non
2791 3949 3029 4015 exsistit,
3061 3949 3355 4019 participes
3378 3963 3603 4007 sumus;
3647 3945 3745 4002 sed

2168 4043 2347 4112 ipsius
2395 4041 2637 4111 Spiritus
2669 4056 2830 4110 supra
2881 4040 3268 4106 substantiam,
3311 4026 3628 4104 et‘vivitici,
3678 4054 3745 4095 ac

2169 4150 2266 4205 per
2300 4150 2361 4190 se
2396 4133 2749 4199 exsistcntis;
2792 4143 2846 4187 et
2887 4148 2982 4202 per
3023 4134 3168 4188 hunc
3208 4133 3386 4204 ipsum
3423 4147 3544 4187 cum
3586 4130 3749 4186 Patre

2167 4239 2224 4284 et
2263 4226 2403 4283 Filio
2442 4229 2715 4297 copulari,
2756 4228 2960 4285 divinae
2998 4237 3207 4281 natura:
3240 4237 3530 4284 consortes
3575 4228 3749 4291 cilicii-

2170 4335 2328 4387 mur;
2369 4328 2423 4374 et
2456 4317 2761 4388 hac‘gratia
2806 4319 3069 4383 ditamur,
3117 4320 3289 4389 gratia
3330 4321 3540 4375 scilicet
3583 4320 3749 4374 trium

2170 4426 2560 4481 personarum,
2604 4427 2726 4481 quae
2765 4421 2849 4466 est
2882 4427 2977 4481 per
3013 4428 3072 4468 se
3099 4414 3293 4485 gratia.
3328 4411 3392 4468 Et
3432 4412 3575 4467 sicut
3622 4429 3761 4468 ere-1

472 4494 674 4565 inquit,
706 4496 879 4566 gratia
911 4498 1166 4567 apparuit
1200 4497 1360 4553 nobis
1378 4497 1409 4550 ἲ
1431 4503 1528 4550 aut
1551 4494 1731 4564 qualis
1760 4493 1848 4548 Dei
1884 4498 2058 4565 gratia
2095 4493 2138 4549 D
2167 4504 2314 4558 ditur
2355 4517 2478 4558 esse
2527 4503 2844 4558 communis
2882 4502 3172 4558 nobiscum
3205 4518 3303 4574 per
3347 4517 3406 4558 se
3446 4503 3638 4573 gratia,
3663 4506 3751 4558 sic

470 4587 739 4643 salutaria
797 4589 1055 4645 omnibus
1097 4588 1419 4645 homimbus
1455 4585 1777 4656 apparuisse
1832 4585 2061 4640 dicitur?
2159 4597 2325 4650 etiam
2364 4594 2642 4665 sigillatim
2678 4610 3022 4665 unaquaeque
3057 4611 3288 4664 persona
3322 4596 3505 4650 divina
3553 4611 3619 4649 ex
3650 4597 3753 4649 tri-

470 4680 1111 4749 Alquimunilestumest
1134 4677 1375 4751 quodeit
1402 4676 1590 4732 David:
1608 4677 1748 4731 Deus
1777 4677 2058 4744 Domini“.
2159 4687 2265 4742 bus
2298 4688 2471 4757 gratia
2503 4685 2741 4753 dicitur;
2783 4695 2839 4740 et
2873 4685 3111 4741 maxime
3146 4701 3399 4742 summus
3441 4687 3580 4740 Deus
3615 4687 3761 4741 Sal--

469 4782 519 4826 et
553 4774 803 4843 apparuit
827 4774 1027 4842 nobis’;
1052 4756 1205 4830 venit
1232 4770 1409 4840 ipsius
1440 4771 1610 4841 gloria
1649 4772 1808 4826 nobis
1845 4773 1913 4826 dc
1940 4787 2052 4826 cm-

471 4866 525 4919 lo
556 4875 838 4934 appareat,
886 4871 1296 4934 exspectamus.
1341 4860 1407 4915 Ει
1438 4879 1669 4934 magnus
1700 4862 2056 4928 Athanasius,

471 4959 526 5012 in
560 4958 792 5027 epistola
836 4959 907 5013 ad
941 4955 1333 5025 Serapionem,
1378 4957 1599 5023 Omnia,
1635 4956 1833 5024 inquit,
1879 4956 2059 5010 Patris

471 5059 598 5103 Μιιιι
630 5048 753 5105 Filii
788 5067 802 5117 ;
852 5065 1026 5120 quare
1062 5050 1419 5114 charismata,
1456 5062 1578 5118 qua:
1604 5063 1635 5102 a
1662 5047 1804 5102 Filio
1839 5047 1892 5102 in
1936 5047 2060 5119 Spi-

469 5147 576 5197 ritu
611 5144 835 5208 dantur,
865 5142 1045 5195 Patris
1069 5142 1404 5195 charismata
1434 5151 1590 5197 sunt:
1622 5149 1678 5195 et
1708 5155 1834 5195 cum
1870 5141 1924 5195 in
1961 5156 2059 5195 no-

473 5234 555 5288 liis
592 5244 681 5291 est.
715 5234 952 5302 Spiritus
983 5244 1236 5299 sanctus,
1259 5234 1533 5303 ineoipso
1559 5235 1725 5288 etiam
1758 5243 1842 5289 est
1865 5233 2055 5301 Pater;

2163 4787 2340 4843 valor,
2372 4785 2427 4832 et
2468 4777 2560 4848 qui
2596 4786 2680 4832 est
2721 4792 2890 4847 supra
2930 4777 3320 4844 substantiam,
3355 4777 3591 4847 Spiritus
3620 4795 3749 4833 sart-

2167 4880 2309 4935 ctus,
2349 4879 2579 4940 uterque
2612 4869 2778 4924 simul
2814 4868 2988 4938 gratia
3017 4870 3306 4924 bimanaus
3335 4870 3558 4923 dicitur.
3600 4866 3753 4923 Sit-ut

2167 4963 2332 5032 igitur
2374 4964 2491 5017 haec
2528 4963 2705 5035 gratia
2761 4963 3023 5017 dicuntur
3073 4960 3485 5033 principialiter,
3524 4968 3576 5014 et
3608 4960 3749 5013 divi-

2167 5072 2202 5110 n
2224 5069 2283 5120 ιι,
2315 5064 2364 5108 et
2402 5054 2720 5121 eﬂicientcr,
2753 5054 2834 5109 sic
2872 5053 3202 5124 homonyme
3238 5068 3402 5107 onme
3436 5051 3621 5107 datum
3649 5051 3751 5105 bo:-

2170 5164 2325 5213 num,
2356 5148 2503 5217 quod
2547 5151 2614 5202 ab
2655 5146 2789 5218 ipsis
2830 5144 3081 5215 personis
3120 5144 3321 5199 divinis
3371 5143 3437 5199 ad
3478 5157 3577 5197 nos
3623 5156 3747 5209 pro-

2171 5238 2461 5305 liciscitur,
2506 5250 2766 5310 tanquam
2821 5237 3151 5295 beneﬁcium
3205 5235 3365 5292 nobis
3410 5244 3651 5290 creatum
3691 5243 3748 5301 et.

547 5483 584 5514 ί·
623 5481 733 5536 'l‘it.
825 5497 886 5544 ll,
928 5482 1008 5537 ll.
1088 5480 1108 5511 ²
1177 5481 1307 5537 Luc.
1343 5497 1380 5544 ι,
1449 5480 1538 5535 78.
1639 5488 1660 5520 ³
1702 5481 2031 5546 Ps.rl.cxvn,
2065 5482 2158 5538 27.
2234 5482 2436 5537 ‘Joan.
2470 5498 2579 5549 xiv,
2609 5482 2695 5539 25.
2772 5482 2992 5539 ‘lCor.
3023 5501 3121 5550 xu,
3151 5484 3241 5542 11.

3320 5483 3521 5542 “Rom;
3557 5498 3635 5554 at,
3688 5484 3744 5553 5,

471 5553 525 5606 Β.
604 5555 622 5585 ⁷
655 5553 858 5622 Ephes.
890 5569 948 5620 tt,
981 5555 1034 5606 8.
1113 5550 1135 5583 ⁸
1184 5552 1344 5609 Rom.
1378 5569 1449 5620 vi,
1485 5554 1566 5607 li.
1641 5556 1661 5587 ⁹
1690 5554 1733 5609 ιι
1784 5556 1888 5608 (lor
1938 5571 2057 5619 \ltl,

2163 5592 2179 5607 .
2258 5560 2300 5586 ³³
2331 5556 2544 5609 Colo-s.
2581 5558 2676 5609 ιϐ.
2758 5555 2797 5587 ¹¹
2832 5554 2991 5610 Juan.
3025 5572 3064 5620 ι,
3094 5557 3190 5613 16.

549 5757 625 5826 (α)
654 5756 708 5813 ld
747 5767 850 5825 est,
880 5757 1021 5815 sicut
1051 5764 1213 5837 impio
1237 5740 1460 5818 sanctus
1491 5764 1768 5834 aeqnivoce
1799 5764 2002 5821 dicitur
2029 5765 2196 5831 Deus,
2232 5765 2313 5821 sic
2338 5765 2502 5820 etiam
2529 5764 2703 5833 gratia
2735 5778 2855 5834 qua:
2882 5778 2911 5818 τι
2950 5763 3060 5822 Deo
3091 5766 3177 5822 tit.
