4048 6536
308 411 420 473 873

1100 398 1339 461 DECAS
1369 395 1507 458 vn.
1539 395 1725 463 ——,DE
1758 389 2025 452 DIVINA
2065 391 2721 452 PAI’iTlClPATlONE.

3439 388 3546 451 874

303 523 586 579 t-ﬁectum,
630 515 798 586 gratia
840 522 890 565 ct
924 513 1122 564 donum
1162 511 1391 573 dicitur,
1428 525 1547 561 non
1587 508 1673 561 ex
1703 506 1877 572 operi-
1905 502 1949 560 Α
1980 504 2071 555 scd
2113 506 2284 572 gratia
2341 494 2583 571 Spiritus
2614 500 2812 565 sancti,
2855 500 2930 554 ait
2964 499 3133 556 David
3169 499 3238 553 dc
3277 498 3499 553 Christo
3532 518 3548 556 :

310 617 410 667 lus
454 610 655 663 nostris
698 604 1026 667 confectum,
1069 601 1200 671 quin
1254 601 1438 669 potius
1486 599 1677 671 gratis,
1716 605 1770 653 et
1809 610 1873 647 rx

302 704 450 759 nulla
494 709 680 754 nostra
710 694 1092 765 importatioue
1127 690 1553 761 suppeditatum.

916 827 1146 886 CAPUT
1191 829 1255 885 ν.

302 950 453 1015 Quod
480 950 614 1002 sicut
641 947 796 1008 Deus,
821 945 911 1013 qui
943 951 1021 995 est
1049 957 1149 1015 per
1168 956 1221 993 se
1249 942 1448 1007 gratia,
1479 948 1532 1015 et
1568 940 1727 1015 (riunt
1760 953 1873 1001 per-

369 1033 625 1074 sonarum
672 1009 924 1081 potentias,
966 1009 1072 1064 sive
1106 1011 1293 1070 virtus,
1334 1027 1368 1081 ιι
1401 1009 1547 1062 nobis
1585 1009 1876 1081 efﬁcienter

369 1077 725 1156 puti-tiripatur
761 1085 881 1156 (ut;
930 1086 1005 1136 sic
1051 1081 1186 1133 idem
1222 1079 1467 1156 producit
1500 1090 1550 1131 et
1599 1088 1740 1156 creat
1768 1077 1876 1156 dis-

372 1148 710 1209 tri’utionem
741 1148 1044 1206 divitiarum
1092 1148 1414 1218 gratiarum,
1447 1165 1565 1219 quw
1595 1150 1662 1200 ad
1703 1148 1878 1216 parti-

368 1228 650 1295 cipandum
682 1236 874 1276 creatae
905 1232 1048 1274 sunt.

375 1338 600 1407 Magnus
631 1334 911 1405 apostolus
942 1333 1143 1387 Paulus
1183 1334 1257 1385 ait
1287 1350 1299 1385 :
1349 1328 1640 1407 Diuisiones
1668 1329 1876 1398 gratia-

236 1463 240 1467 -
306 1446 421 1483 rum
460 1437 602 1491 sunt,
655 1427 794 1479 idem
846 1437 1025 1477 autem
1078 1422 1350 1491 Spiritus;
1401 1404 1683 1473 divisiones
1721 1420 1879 1473 mini—

303 1502 620 1574 strationum
652 1528 797 1577 sunt,
827 1518 963 1569 idem
989 1526 1164 1569 autem
1192 1514 1485 1577 Dominus;
1517 1523 1561 1565 et
1600 1511 1880 1565 divisiones

305 1617 668 1677 operationem
700 1616 845 1667 sunt,
889 1604 1023 1655 idem
1061 1615 1232 1654 autem
1283 1600 1453 1666 Deus,
1488 1601 1579 1668 qui
1630 1609 1882 1668 operatur

304 1697 584 1753 omniain
646 1694 976 1747 omnibus".
1038 1694 1101 1745 Et
1158 1708 1402 1745 rursus:
1450 1690 1642 1746 Omnia
1705 1699 1879 1743 autem

311 1793 422 1845 Iuro
474 1797 720 1856 operatur
770 1796 903 1838 unus
955 1794 1112 1854 atque
1159 1785 1294 1837 idem
1339 1781 1596 1851 Spiritus,
1644 1781 1879 1842 dividens

309 1881 530 1951 singulis
564 1888 721 1948 prout
761 1879 865 1931 vult
892 1864 957 1930 '3:
1001 1876 1065 1929 Et
1101 1876 1295 1929 iterum
1333 1895 1344 1928 :
1379 1874 1736 1928 Αέιιιιιιιιιηὲιιὶ
1772 1888 1882 1927 mo-

308 1974 442 2027 iiom
482 1974 805 2026 charismata
833 1968 892 2021 “.
926 1967 1054 2021 Item
1092 1985 1107 2021 :
1158 1966 1216 2022 Si
1257 1967 1451 2035 linguis
1500 1966 1767 2019 hominum
1800 1964 1882 2018 ιο·

308 2082 443 2130 quur
476 2073 524 2117 et
564 2062 894 2132 angelorum,
937 2050 1262 2114 clutritatem~
1287 2069 1463 2112 autem
1495 2075 1599 2113 non
1638 2058 1880 2120 habeam,

294 2158 488 2226 factus
544 2170 664 2208 sum
718 2153 854 2207 velut
906 2168 976 2206 ws
1030 2167 1248 2214 sonans,
1290 2158 1381 2202 aut
1429 2149 1723 2219 cymbalum
1778 2148 1884 2202 tin-

295 2247 459 2302 Vniens
483 2247 548 2298 ⁸⁸.
582 2245 637 2298 lu
666 2259 825 2312 quem
862 2243 1041 2296 locum
1073 2241 1396 2296 incumbens
1430 2241 1616 2296 beatus
1646 2240 1884 2310 Chryso-

315 2349 526 2394 stotnus
576 2356 589 2390 :
635 2333 855 2407 Vidisti,
900 2334 1098 2403 inquit,
1151 2333 1241 2387 ubi
1303 2333 1535 2403 gratiam
1574 2331 1882 2405 linguarum

313 2428 526 2492 extulit,
569 2435 624 2480 et
662 2425 753 2479 ubi
806 2440 926 2478 eam
974 2423 1186 2487 evertit,
1231 2434 1283 2476 et
1323 2421 1525 2492 fregit?
1586 2422 1649 2475 lit
1697 2435 1909 2495 rursus.

313 2521 455 2574 idem
505 2521 556 2570 in
594 2517 765 2585 Epist.
796 2513 1144 2569 aii-Corinth.
1185 2513 1409 2571 hOmilia
1456 2511 1525 2566 29
1558 2528 1573 2566 :
1609 2511 1686 2563 De
1719 2511 1879 2580 spiri-

317 2608 565 2667 tualibus,
604 2605 800 2675 inquit.
822 2603 941 2658 nolo
966 2619 1053 2657 vos
1077 2604 1342 2672 ignorare,
1382 2600 1576 2669 fratres
1607 2599 1683 2665 ";
1722 2597 1885 2666 spiri-

320 2698 489 2750 tualia
529 2703 687 2749 vocat
742 2695 918 2770 signa,
974 2693 1100 2760 quia
1145 2694 1258 2746 lucc
1313 2705 1480 2758 Opera
1535 2699 1661 2744 sunt
1714 2690 1885 2745 solius

323 2789 554 2857 Spiritus
599 2788 794 2851 sancti,
833 2786 969 2839 nihil
1012 2785 1251 2838 humano
1292 2782 1474 2837 studio
1509 2780 1771 2838 all‘creute
1818 2781 1886 2837 ad

318 2876 630 2943 hujnstuodi
672 2875 932 2931 miracula
974 2873 1341 2928 euidentium.
1378 2872 1443 2926 Et
1475 2887 1669 2927 rursus
1716 2871 1884 2935 idem,

324 2968 377 3019 in
420 2968 675 3019 Oratione
708 2966 774 3021 de
815 2963 1023 3033 Spiritu
1064 2972 1255 3017 sancto
1291 2982 1302 3014 :
1333 2960 1572 3032 Spiritus
1612 2959 1729 3028 Dei,
1764 2960 1888 3029 Spi-

316 3065 457 3108 I'lltts
496 3070 561 3107 ex
604 3053 734 3118 Deo,
781 3053 1021 3122 Spiritus
1057 3052 1149 3122 qui
1191 3067 1219 3104 a
1260 3050 1421 3106 Patre
1461 3050 1728 3121 procedit,
1768 3049 1886 3104 luec

1978 594 2163 663 E/fusa
2196 605 2272 649 est
2303 598 2480 664 gratia
2514 597 2568 648 in
2595 595 2750 648 labiis
2781 593 2884 647 tuis
2915 594 2992 653 ‘3;
3023 592 3198 663 gratia
3231 590 3548 657 eﬂ’undittu,

1978 698 2085 735 non
2130 684 2175 737 is
2202 684 2291 750 qui
2326 684 2558 752 gratiam
2598 678 2784 737 donat.
2825 682 2889 737 Et
2919 697 3153 755 magnus
3196 681 3455 747 Basilius,
3492 681 3553 734 in

1977 775 2135 827 tertio
2169 773 2613 843 Coufutatiouum
2646 773 2897 828 Eunomii
2928 789 2946 827 :
2981 773 3135 828 Sicut
3163 773 3363 827 dicitur
3394 771 3554 826 Pater

1976 864 2219 918 dividere
2271 865 2620 945 oper-stiones
2685 863 2751 917 iis
2810 866 2903 931 qui
2953 862 3104 928 digni
3162 873 3286 915 sunt
3348 871 3408 916 ιιι
3458 876 3553 915 eas

1977 956 2310 1024 suscipiunt;
2369 966 2422 1010 et
2479 954 2650 1009 Filius
2699 955 2942 1009 dividere
3000 954 3433 1009 ministrationes
3483 953 3553 1007 iis

1979 1048 2067 1117 qui
2102 1047 2251 1116 digni
2295 1057 2425 1101 sunt
2477 1063 2705 1103 munere
2755 1046 3128 1108 ministrandi,
3176 1046 3255 1100 sic
3310 1044 3553 1114 Spiritus

1978 1149 2203 1195 sanctus
2236 1139 2439 1194 dicitur
2492 1139 2737 1193 dividere
2783 1138 3116 1193 charismata
3171 1139 3239 1193 iis
3269 1138 3360 1205 qui
3401 1137 3554 1200 digni

1978 1239 2109 1284 sunt
2149 1237 2209 1284 ut
2241 1229 2575 1285 charismata
2606 1226 2901 1296 accipiant.
2939 1225 3151 1280 Rursus
3183 1224 3325 1278 idem
3370 1225 3423 1277 in
3458 1226 3555 1277 ho-

1978 1321 2129 1375 milia
2173 1318 2372 1374 l’salmi
2407 1319 2517 1372 52:
2558 1319 2715 1386 Apte,
2758 1318 2957 1386 inquit,
2993 1317 3055 1370 ad
3085 1328 3284 1370 terram
3318 1315 3555 1370 refertur

1982 1411 2114 1467 illud
2152 1406 2170 1465 Ξ
2206 1408 2326 1480 Ipse
2375 1410 2534 1474 dixit,
2576 1419 2627 1463 et
2672 1409 2819 1478 facta
2849 1406 3083 1471 sunt";
3133 1408 3187 1461 in
3230 1407 3558 1461 formatione

1983 1506 2203 1575 quidem
2260 1510 2444 1557 nostra
2491 1516 2556 1556 er
2599 1511 2742 1556 terra
2795 1501 3053 1555 convenit
3100 1500 3285 1553 illnd':
3333 1497 3559 1552 Factum

1982 1605 2096 1655 est;
2135 1594 2188 1646 in
2224 1601 2478 1667 creatura
2504 1605 2629 1644 vero
2658 1590 2725 1667 ad
2766 1590 3056 1658 imaginem
3099 1588 3190 1643 Dei
3225 1597 3404 1643 creata
3428 1604 3561 1642 eou-

1987 1685 2134 1739 t'euit
2162 1701 2174 1736 :
2212 1665 2463 1736 Crcalum
2484 1694 2586 1735 est.
2622 1665 2758 1747 Quia
2793 1694 2924 1733 vero
2950 1694 3327 1749 saepenumero
3360 1679 3562 1733 dicitur

1987 1772 2042 1827 in
2082 1771 2416 1837 renovando,
2447 1781 2501 1826 et
2526 1770 2802 1826 reddendo
2834 1768 3051 1834 melius,
3075 1778 3135 1824 ut
3158 1768 3287 1822 illud
3321 1787 3336 1823 :
3365 1767 3424 1822 Si
3456 1785 3561 1837 qua

1989 1864 2043 1917 in
2092 1862 2299 1919 Christo
2352 1878 2487 1919 nova
2541 1860 2902 1923 creatura”;
2955 1871 3009 1915 et
3070 1860 3201 1914 illud
3243 1878 3257 1915 :
3306 1858 3372 1912 Ut
3431 1858 3563 1912 duos

1986 1966 2185 2009 crearet
2212 1957 2265 2009 in
2289 1972 2453 2013 unum
2477 1932 2823 2009 hominem‘“.
2857 1953 3132 2009 Fortassis
3155 1952 3285 2006 illud
3320 1970 3332 2003 :
3373 1950 3436 2003 Et
3479 1953 3566 2019 lo-

1985 2057 2071 2099 (ια
2130 2058 2276 2112 sunt,
2321 2048 2388 2102 de
2428 2049 2603 2116 prima
2666 2046 2947 2100 creatione
3005 2046 3261 2100 essentia:
3319 2044 3564 2101 hominis

1985 2139 2220 2204 dicitur;
2266 2139 2395 2193 illud
2435 2149 2618 2193 autem
2656 2158 2669 2192 :
2723 2136 2788 2190 Et
2820 2146 2997 2191 creata
3037 2146 3179 2201 sunt,
3215 2136 3281 2190 de
3318 2139 3560 2191 secunda

1985 2228 2397 2297 rcgeneratione
2446 2230 2498 2282 in
2552 2226 2811 2289 Christo;
2851 2237 3059 2296 quanto
3109 2237 3289 2282 autem
3342 2233 3565 2296 pra-‘s‘at

1988 2318 2309 2373 mandatum
2337 2317 2432 2374 Dei
2469 2319 2635 2372 verbo
2663 2318 2924 2386 simplici,
2969 2326 3122 2373 tanto
3154 2327 3373 2387 przrstat
3410 2334 3564 2387 rege-

1986 2409 2200 2464 neratio
2233 2410 2593 2479 generationi.
2629 2408 2696 2463 Et
2746 2411 2965 2475 iterum,
3009 2409 3149 2464 idem
3191 2409 3247 2463 in
3294 2411 3456 2478 epist.
3494 2409 3561 2463 ad

1985 2498 2310 2568 Gregorium
2359 2498 2580 2554 fratrem
2618 2517 2631 2552 :
2672 2499 2995 2565 Quaerentes
3036 2507 3242 2564 autem,
3280 2510 3464 2552 utrum
3497 2514 3561 2551 ex

1988 2592 2105 2647 solo
2138 2591 2346 2662 Spiritu
2386 2602 2576 2649 sancto
2605 2593 2822 2663 largitio
2848 2593 3117 2649 bonorum
3150 2592 3419 2662 originem
3456 2593 3565 2647 du-

1987 2694 2093 2750 cat,
2145 2694 2309 2752 atque
2351 2685 2425 2740 ita
2464 2686 2762 2741 adveniant
2811 2686 3016 2757 dignis,
3070 2700 3266 2740 rursus
3313 2701 3342 2738 a
3375 2696 3564 2739 sancta

1988 2775 2269 2845 Scriptura
2326 2777 2652 2832 deducimur
2703 2777 2771 2831 ad
2832 2777 3131 2846 principem
3179 2785 3235 2831 et
3285 2785 3566 2831 auctorem

1990 2856 2295 2937 largitionis
2328 2866 2620 2933 bonarum,
2640 2884 2764 2939 qute
2789 2867 3028 2936 Spiritus
3051 2879 3277 2924 sanctus
3304 2880 3569 2937 operatur

1990 2960 2182 3027 nobis:
2237 2961 2423 3015 omnia
2479 2961 2777 3030 enim,per
2828 2961 3009 3030 ipsum
3054 2959 3200 3014 facta
3235 2976 3380 3030 esse,
3415 2972 3468 3017 et
3512 2962 3567 3016 in

1990 3049 2110 3119 ipso
2167 3050 2496 3115 consistere,
2554 3066 2585 3105 a
2646 3058 2838 3105 sancta
2883 3049 3187 3119 Scriptura
3250 3050 3567 3105 didicimus.

320 3157 523 3199 sancta.-
555 3153 609 3198 et
648 3144 944 3214 impollutae
975 3143 1195 3197 virtutis
1241 3141 1359 3197 sive
1399 3144 1685 3209 potestatis
1713 3143 1891 3198 nomi—
1917 3168 1960 3224 ο
1991 3138 2170 3203 Quare
2216 3154 2340 3193 cum
2373 3139 2437 3193 ad
2472 3139 2617 3209 illam
2653 3138 3048 3209 cogitationem
3093 3137 3401 3202 evehimur,
3445 3153 3572 3192 rur-

322 3252 389 3290 na
417 3252 433 3300 ;
476 3246 605 3290 sunt
641 3246 819 3289 autem
847 3236 949 3290 alia
990 3235 1206 3291 nomina
1238 3249 1346 3288 non
1371 3243 1603 3297 naturae.
1628 3238 1727 3290 sed
1760 3249 1892 3305 ope-

322 3327 518 3383 ratioai
559 3325 962 3391 convenientia,
1009 3335 1068 3380 ut
1118 3324 1281 3381 donis
1338 3326 1479 3395 ejus.
1526 3324 1659 3380 Dico
1704 3326 1888 3394 igitur,

317 3434 444 3474 cum
492 3417 742 3486 Spiritus
786 3431 1007 3471 sanctus
1066 3415 1150 3470 vel
1199 3415 1353 3480 mihi,
1395 3417 1480 3469 vel
1531 3416 1685 3469 alteri
1725 3415 1892 3469 Chri-

317 3511 499 3564 SIiano
536 3506 1026 3561 s:mctiﬁcatiouem
1064 3506 1371 3571 donaverit,
1415 3514 1469 3560 ct
1493 3506 1694 3559 donum
1736 3520 1894 3561 acce-

320 3601 483 3669 perit,
525 3601 599 3652 ita
641 3607 698 3652 ut
739 3612 939 3665 corpus
980 3605 1228 3651 sanctum
1271 3605 1325 3651 et
1371 3598 1610 3650 attimam
1650 3606 1892 3650 sanetam

323 3696 537 3755 haheat,
580 3695 682 3753 hoc
712 3695 912 3744 donum
955 3698 1180 3744 vocatur
1219 3687 1443 3756 spiritus
1471 3688 1803 3761 sanctitatis,
1839 3687 1891 3741 id

323 3797 439 3847 est,
483 3786 652 3853 gratia
690 3782 1033 3847 sanctitatis;
1081 3783 1124 3835 si
1168 3780 1292 3850 quis
1329 3779 1564 3848 accipiat
1600 3796 1628 3833 a
1671 3779 1876 3847 Spiritu

326 3884 516 3928 sancto
568 3861 824 3928 virtutem
885 3882 939 3927 et
989 3872 1191 3925 donum
1243 3868 1499 3924 credendi
1544 3867 1893 3936 promissioni

328 3966 646 4020 futurorum
688 3966 978 4027 bonorum,
1013 3963 1249 4032 accepit.
1275 3961 1526 4031 spiritum
1566 3959 1893 4028 promissio-

328 4038 418 4111 nts
450 4074 466 4119 ;
498 4055 542 4110 si
591 4055 715 4123 quis
766 4055 1000 4123 accipiat
1051 4054 1253 4107 denum
1313 4053 1616 4119 sapientim.
1670 4064 1896 4108 vocatur

328 4145 528 4199 (lotium
589 4144 691 4198 hoc
746 4143 973 4211 spiritus
1038 4141 1360 4211 sapientiae;
1412 4143 1459 4195 si
1519 4142 1642 4209 quis
1701 4142 1898 4197 haheat

327 4236 604 4290 charisma
646 4234 952 4311 charitatis,
985 4232 1185 4286 dicitur
1226 4232 1428 4286 habere
1473 4233 1723 4301 spiritum
1769 4235 1900 4288 cha-

327 4326 550 4391 rltatis;
587 4324 808 4393 quando
842 4321 1039 4391 accipit
1082 4324 1357 4377 charisma
1397 4326 1666 4396 martyrii,
1697 4326 1898 4383 dicitur

246 4417 264 4431 ⁹
324 4418 528 4474 habere
560 4417 815 4486 spiritum
869 4413 1233 4479 fortitudinis,
1278 4413 1393 4472 sive
1444 4417 1687 4481 virtutis,
1723 4419 1773 4472 id
1813 4431 1897 4476 est

318 4509 634 4571 charisma;
662 4516 716 4562 et
746 4507 874 4575 quia
907 4506 1000 4574 qui
1044 4508 1227 4571 donat,
1261 4506 1499 4576 Spiritus
1530 4519 1752 4565 sanctus
1788 4525 1892 4578 est,
1929 4492 1970 4547 θ

318 4609 554 4653 vocatur
593 4599 757 4652 etiam
809 4597 1013 4651 donum
1061 4596 1392 4667 homonymc
1424 4600 1612 4653 eodem
1656 4601 1898 4669 nomine,

318 4690 470 4757 quod
513 4699 740 4742 vocatur
783 4688 875 4756 qui
911 4688 1098 4741 donat.
1136 4688 1325 4742 Adhuc
1362 4689 1502 4742 idem
1549 4691 1601 4743 in
1635 4691 1809 4760 Epist.
1835 4694 1900 4748 ad

321 4780 593 4849 Ephesios
638 4779 859 4833 humilia
909 4778 996 4838 i3.
1033 4795 1317 4847 exponens
1354 4780 1529 4834 illud:
1561 4782 1812 4837 Creatum
1848 4787 1905 4838 in

319 4873 610 4925 sanctitate
647 4871 687 4902 "
720 4888 733 4925 :
772 4868 923 4932 Vide,
965 4869 1165 4937 inquit,
1229 4872 1337 4927 hic.
1379 4874 1653 4939 quomodo
1690 4887 1906 4930 creatu-

320 4972 445 5016 ram
511 4971 668 5014 vocat
744 4960 1083 5014 ereatiouem
1148 4960 1399 5014 essentia:
1460 4964 1715 5036 virtutis,
1778 4984 1901 5037 quae

319 5051 533 5105 creatio
562 5050 779 5103 virtutis
811 5065 874 5102 cu
903 5067 931 5098 ιι
962 5064 1069 5101 non
1111 5060 1279 5114 esset,
1305 5049 1505 5105 factum
1539 5068 1620 5107 est
1646 5064 1702 5109 ut
1729 5066 1895 5113 DSSt'l.

320 5140 398 5194 Et
426 5155 618 5194 rursus
654 5139 836 5192 idem:
869 5137 951 5192 οι)
993 5139 1134 5193 hanc
1167 5155 1417 5202 causam,
1469 5150 1525 5196 ut
1559 5145 1904 5203 demonstre-

322 5243 424 5287 tur
458 5231 605 5298 quod
639 5231 732 5298 qui
768 5228 1088 5296 eliunditur,
1120 5247 1227 5286 non
1267 5242 1351 5293 est
1384 5232 1621 5303 Spiritus
1658 5249 1900 5304 sanctus,

384 5413 659 5467 εηιοον.
743 5430 842 5477 ιιι,
934 5418 988 5471 ιι.
1067 5418 1111 5449 ιε
1149 5381 1277 5475 ibid.
1329 5372 1413 5477 ιιί

405 5648 483 5714 (α)
513 5646 651 5724 imis
690 5642 1045 5722 participatur
1079 5651 1131 5700 ln
1178 5652 1478 5724 substantia
1535 5651 1751 5724 quidem
1798 5674 1895 5713 sua

316 5719 627 5780 secundum
666 5719 935 5764 ratium-nt
970 5732 1143 5772 causa:
1168 5720 1488 5781 eilit‘inutis:
1524 5719 1577 5780 itit
1614 5727 1770 5784 donis
1804 5745 1895 5784 re.

320 5809 391 5850 ro
422 5803 532 5840 alits
563 5784 857 5837 stuttttttluut
882 5786 1407 5846 talitttteut'ellccms,

614 5875 883 5934 l’n‘nue.
935 5876 1050 5936 (in.
1095 5880 1272 5945 CL”.

1520 5425 1575 5485 "_
1604 5425 1734 5478 iltid.
1768 5428 1857 5480 Si.
1919 5430 2004 5482 "l
2054 5429 2178 5483 Cor.
2243 5443 2372 5488 xm,
2407 5429 2458 5481 1.

320 5486 371 5520 ⁸³
398 5484 540 5539 Psal.
568 5499 708 5549 κων,
736 5486 792 5539 5.
870 5486 911 5516 ”
940 5487 1079 5542 Psal.
1099 5505 1270 5553 χχχιι,
1301 5491 1356 5545 9.
1431 5493 1477 5523 ’°
1508 5492 1548 5546 ll
1570 5484 1697 5549 (lor.
1724 5511 1775 5561 ν,
1808 5499 1893 5551 l7.

1990 5504 2013 5532 λ’
2044 5501 2244 5567 Ephes.
2273 5514 2335 5565 tt,
2361 5484 2457 5552 Ἠ.

1992 3245 2087 3285 sus
2119 3230 2418 3300 Scripturte
2464 3240 2666 3296 sanctis
2695 3232 2863 3287 ductu
2909 3230 3127 3296 elevati,
3160 3232 3426 3286 docemur
3455 3246 3574 3286 om-

1994 3324 2082 3379 nia
2124 3338 2218 3395 per
2254 3324 2405 3385 illam,
2430 3324 2688 3377 virtutem
2715 3322 2831 3377 sive
2866 3331 3191 3392 potestatem
3228 3323 3478 3392 produci,
3513 3331 3575 3376 ut

1994 3433 2117 3484 qua:
2172 3433 2281 3472 non
2329 3425 2506 3480 erant,
2547 3417 2689 3482 sint;
2741 3432 2847 3470 non
2896 3428 3077 3479 autem
3110 3420 3339 3485 produci
3377 3434 3441 3471 ex
3479 3418 3572 3473 illa

1994 3511 2112 3567 sine
2143 3504 2324 3565 initio.
2367 3509 2668 3580 Gregorius
2700 3507 3012 3579 Theologus
3053 3509 3106 3562 in
3148 3508 3289 3562 libro
3330 3507 3405 3563 De
3451 3508 3576 3577 Spi-

1995 3601 2105 3655 ritu
2157 3611 2384 3658 sancto:
2430 3600 2664 3663 Dicitur,
2716 3597 2914 3666 inquit,
2952 3597 3190 3667 Spiritus
3239 3598 3570 3667 adoptionis,

1996 3691 2290 3755 libertatis,
2314 3691 2555 3759 Spiritus
2585 3689 2978 3758 intelligentia),
3005 3688 3308 3755 sapientite,
3331 3689 3573 3753 consilii,

1997 3781 2356 3846 fortitudinis,
2382 3780 2736 3850 cognitionis,
2770 3780 3008 3848 pietatis,
3051 3779 3265 3833 timoris
3298 3778 3413 3833 Dei.
3448 3779 3576 3833 llre

1997 3873 2142 3936 enim
2179 3882 2378 3927 cuncta
2408 3871 2592 3926 elIlcit.
2625 3871 2696 3927 Et
2727 3871 2924 3927 iterum
2953 3871 3135 3926 idem:
3170 3870 3410 3940 Spiritus
3444 3873 3571 3940 qni-

1998 3962 2120 4018 dem
2156 3977 2323 4026 unus,
2352 3962 2540 4033 gratiae
2568 3977 2698 4019 vero
2726 3978 2835 4016 non
2867 3969 2994 4016 sunt
3022 3962 3281 4031 arquales,
3314 3964 3440 4032 quia
3477 3979 3575 4016 nc-

1997 4069 2103 4125 que
2146 4054 2490 4123 receptacula
2529 4052 2813 4123 Spiritus;
2853 4053 2943 4109 alii
2973 4054 3137 4108 datur
3171 4070 3268 4123 per
3310 4040 3572 4125 Spiritum

2000 4159 2182 4199 sermo
2231 4144 2535 4217 sapientia),
2588 4144 2674 4199 vel
2725 4144 3243 4212 contemplationis;
3299 4146 3388 4200 alii
3442 4162 3575 4200 vero

2001 4236 2134 4293 ﬁdes
2168 4235 2345 4299 firma,
2380 4245 2432 4291 et
2467 4236 2586 4290 sine
2625 4237 2733 4290 ulla
2762 4237 3134 4303 dubitatione;
3172 4238 3260 4291 alii
3294 4239 3577 4306 operatio-

1999 4343 2098 4383 ncs
2132 4329 2414 4394 vittutmn,
2472 4337 2526 4382 et
2576 4327 2968 4383 miraculorum
3025 4330 3441 4397 suhlimiornm;
3482 4331 3575 4384 alii

2002 4420 2191 4490 gratia:
2230 4419 2565 4483 sanitatum;
2615 4417 3025 4486 opitulatioues,
3073 4421 3125 4473 id
3164 4431 3248 4474 est
3288 4422 3578 4490 pra-fectu-

2000 4529 2111 4578 τως
2163 4511 2608 4581 gubernationes,
2663 4509 2718 4564 id
2765 4518 2847 4567 est
2903 4510 3311 4567 moderationes
3353 4515 3577 4580 carnis;
3654 4538 3708 4575 ι,

2001 4618 2201 4679 genera
2227 4605 2564 4671 linguarum,
2594 4604 3075 4670 lnterpretatioues
3101 4604 3434 4677 linguarum,
3470 4619 3580 4658 ma-

1999 4697 2119 4765 jOra
2151 4695 2519 4758 charismata;
2557 4695 2796 4765 secunda
2824 4693 3130 4748 secundum
3161 4697 3575 4764 proportionem

2006 4786 2151 4839 lidei.
2178 4782 2517 4839 Athanasius
2547 4762 2687 4837 libro
2713 4784 2956 4839 secundo
2978 4776 3169 4838 centra
3193 4786 3457 4841 Arianos:
3482 4786 3580 4841 illa

2004 4877 2169 4948 igitur
2219 4893 2233 4927 :
2289 4873 2505 4928 Creavit
2566 4875 2663 4940 (ιι),
2723 4873 3000 4940 formavit,
3074 4875 3381 4940 constituit,
3457 4893 3581 4946 qua:

2002 4969 2254 5023 eumdem
2312 4981 2532 5020 sensum
2591 4966 2813 5028 halent,
2861 4980 2968 5018 non
3023 4964 3308 5021 declarant
3361 4970 3577 5024 iltillut"

2004 5058 2265 5113 essentia:
2296 5056 2454 5110 Verbi
2498 5053 2614 5120 Dei,
2644 5071 2823 5126 neque
2849 5056 3210 5112 substantiam
3266 5060 3393 5130 cius
3423 5076 3576 5115 crcs.

2004 5161 2113 5206 tam
2155 5163 2297 5214 esse,
2329 5149 2434 5204 sed
2486 5146 2857 5201 rcuovationis
2892 5151 3010 5217 ejus
3052 5159 3105 5203 et
3152 5152 3343 5219 gratiae
3383 5153 3585 5207 heucti-

2004 5244 2151 5299 cium
2207 5242 2261 5296 in
2302 5256 2425 5296 nos.
2462 5240 2525 5294 Et
2564 5241 2763 5295 iterum
2801 5241 2989 5296 idem:
3027 5242 3183 5298 Sicut
3222 5259 3346 5311 nos,
3386 5246 3599 5314 inquit,

2537 5428 2757 5484 “‘lCor.
2792 5443 2890 5496 xu,
2920 5429 2988 5482 Δ.
3062 5430 3104 5462 ³⁷
3144 5432 3339 5501 Ephcs.
3396 5434 3582 5498 tr,'2l.

2085 5657 2162 5729 (b)
2194 5657 2272 5711 Ad
2312 5657 2816 5731 interpretationem
2845 5657 2989 5715 illius
3020 5660 3125 5715 ioci
3152 5662 3309 5716 Prov.
3338 5676 3459 5731 Cap.
3487 5679 3589 5720 rttt

2005 5729 2070 5781 de
2093 5729 2358 5806 sapientia
2400 5730 2553 5805 Vc:hi
2583 5728 2704 5809 Dei
2744 5728 3025 5808 incuruata
3057 5734 3352 5799 pertinent,
3403 5728 3587 5790 Domi-

2007 5815 2102 5852 nus
2130 5811 2321 5853 creavit
2361 5816 2438 5851 me
2475 5815 2681 5851 mutum
2710 5814 2911 5874 etttt'uttt
2941 5816 3178 5852 suarum.

3149 5891 3222 5951 28
