4048 6430
396 373 501 439 8⁵9

1558 368 1910 434 'JOANNIS
1947 371 2026 431 cr
2044 342 2515 433 ramssxo‘ru

3565 373 3670 441 880

402 488 936 558 iixcipiatttr‘autetn
975 486 1297 569 iiinr,'quoi‘l
1362 487 1414 539 in
1463 483 1603 539 Filio
1661 499 1713 539 ct
1769 484 1973 553 Spiritu
2006 488 2048 543 Δ
2080 486 2349 553 copulate.
2394 503 2457 539 ac
2513 487 2882 557 smgularitcr.
2913 482 2976 542 Et
3005 496 3196 545 rdrsus
3234 488 3417 543 idem:
3451 489 3514 544 Et
3543 507 3670 550 ante

399 594 588 638 sancto
621 598 841 638 causam
905 582 1069 635 habet
1105 599 1119 635 :
1159 582 1260 634 hoc
1314 579 1457 631 enim
1513 577 1743 630 univoec
1778 575 1979 628 dicitur

402 679 469 729 de
503 677 570 728 iis
608 690 726 741 qua:
758 683 888 727 sunt
921 688 1121 737 causa;
1166 685 1287 740 qua:
1320 684 1451 722 vero
1505 683 1727 722 causam
1775 666 1981 720 habent

398 768 701 822 secundum
734 768 1091 827 voluntatem,
1126 765 1455 831 homo‘nyme
1491 759 1772 823 dit-untur,
1797 766 1981 826 utpote

399 875 562 926 Opera
603 857 691 909 Dei
726 857 907 910 omnia
966 856 1021 908 in
1074 852 1334 907 omnibus
1372 850 1671 919 operantis.
1715 849 1981 901 Pra‘turea

400 932 530 1005 illud
572 964 795 1002 causam
832 947 1036 1000 habens
1093 945 1336 997 omnium
1384 955 1550 996 causa
1580 950 1696 1004 est,
1735 942 1849 991 bme
1881 951 1982 989 auc

401 1054 504 1098 tem
537 1041 604 1093 ab
628 1041 745 1106 ipso
770 1051 990 1091 causam
1031 1032 1283 1088 habentia
1310 1031 1664 1095 singulariter
1694 1040 1748 1082 et
1774 1030 1982 1083 so’um-

397 1136 560 1190 modo
581 1148 643 1187 ex
681 1136 821 1200 ipsa,
852 1137 906 1183 et
937 1143 1046 1181 non
1072 1142 1136 1179 ex
1167 1126 1271 1179 alia
1301 1139 1469 1178 causa
1494 1131 1623 1178 sunt
1643 1122 1719 1191 (α)
1756 1144 1765 1171 ;
1804 1122 1983 1175 solum

395 1228 540 1280 enim
593 1224 740 1294 quod
796 1234 879 1276 est
910 1235 1076 1290 supra
1124 1218 1512 1282 substantiam,
1559 1214 1884 1285 principium
1933 1220 1986 1267 et

396 1319 705 1373 substantia
742 1324 796 1369 et
830 1329 993 1369 causa
1036 1322 1120 1367 est
1158 1318 1218 1364 ut
1261 1310 1373 1364 sint
1409 1309 1615 1362 omnia.
1653 1305 1734 1359 Ad
1768 1306 1903 1366 hace,
1931 1305 1984 1357 in

395 1410 669 1463 Trinitate
740 1419 1076 1474 supr-aquam
1128 1402 1312 1458 divina
1383 1412 1588 1461 causa,
1642 1410 1698 1454 et
1762 1412 1984 1451 causam

396 1503 606 1557 habens
631 1542 643 1565 ,
673 1497 1083 1553 distinctionem
1133 1508 1162 1546 a
1197 1493 1452 1546 mistione
1489 1491 1725 1545 maxime
1758 1490 1984 1543 liberant

397 1594 646 1653 exhibet,
675 1589 812 1642 etin
850 1587 1041 1642 eodem
1086 1584 1346 1637 unionem
1384 1595 1715 1650 supr-aquam
1754 1579 1984 1641 unitum,

399 1685 529 1755 quia
581 1684 633 1735 in
680 1696 742 1735 ca
795 1679 1085 1733 exhibetur
1126 1675 1310 1745 prima
1362 1672 1664 1737 distinctio,
1706 1679 1761 1724 et
1813 1670 1987 1739 prima

394 1776 574 1838 unio;
606 1773 784 1842 primo
815 1778 1019 1831 autem,
1056 1775 1115 1820 ut
1145 1775 1227 1821 est
1252 1764 1493 1833 ςυιῑοιιικι
1518 1774 1623 1814 non
1659 1769 1744 1815 est
1779 1760 1985 1826 aliquid

2085 578 2220 631 alias
2274 579 2393 656 ejus
2445 580 2889 649 participationes
2918 597 3039 635 esse
3089 584 3413 650 productum
3447 592 3574 637 est:
3616 594 3672 641 et

2034 712 2043 721 .
2083 678 2166 722 est
2205 669 2382 736 ipsum
2445 686 2540 736 per
2580 687 2637 725 se
2682 687 2806 726 esse
2836 672 3117 741 antiquius
3143 688 3305 742 quam
3334 688 3456 728 esse
3489 690 3583 742 per
3613 690 3672 730 se

2082 760 2274 823 vitam,
2322 777 2415 829 per
2477 776 2537 815 se
2594 765 2941 833 sapientiam,
2987 782 3085 834 per
3136 781 3195 821 sc
3259 767 3671 825 similitudinem

2084 849 2363 917 divinam;
2407 863 2459 906 et
2491 853 2596 907 alia
2641 870 2870 922 quorum
2906 872 3027 926 (lth
3064 858 3262 912 habent
3297 861 3671 931 participatio-
3760 883 3773 895 ι

2085 952 2236 999 nem,
2270 949 2397 993 ante
2432 942 2614 995 omnia
2661 943 2749 997 illa
2799 946 3125 1013 participant
3155 950 3458 1017 essezquin
3492 952 3673 1019 potius

2086 1029 2200 1096 ipsa
2262 1046 2358 1099 per
2412 1047 2469 1084 se
2523 1034 2729 1099 omnia,
2790 1050 2910 1105 que
2975 1037 3042 1091 ab
3089 1039 3211 1093 aliis
3261 1041 3670 1110 participantur,

2088 1116 2262 1186 ipsum
2310 1134 2412 1188 per
2462 1137 2523 1176 se
2575 1138 2700 1177 esse
2760 1126 3120 1193 participant;
3183 1130 3445 1199 principia
3510 1132 3675 1202 igitur

2086 1210 2268 1263 munia
2300 1220 2489 1265 earnm
2536 1228 2654 1283 qua:
2685 1226 2833 1278 sunt,
2871 1218 3244 1288 parzieipandu
3277 1238 3395 1276 esse
3429 1235 3479 1277 et
3518 1236 3666 1289 sunt,

2087 1309 2138 1354 et
2172 1302 2435 1372 principia
2478 1314 2607 1357 sunt
2633 1315 2687 1359 et
2719 1307 2954 1375 primum
2991 1320 3145 1376 sunt,
3177 1313 3369 1367 deinde
3410 1316 3675 1386 principia

2089 1404 2249 1459 sunt;
2285 1404 2335 1447 et
2363 1396 2406 1449 si
2444 1397 2523 1450 vis
2562 1394 2745 1451 dicere
2774 1414 2897 1452 esse
2926 1415 3022 1468 per
3056 1414 3115 1455 se
3144 1405 3307 1455 vitam
3345 1407 3673 1475 principium

2092 1486 2386 1539 riventium
2434 1494 2695 1564 tanquam
2729 1489 3065 1555 viventium;
3100 1499 3153 1545 et
3193 1509 3288 1562 per
3323 1510 3382 1548 se
3413 1497 3674 1553 similitu-

2089 1576 2271 1629 dinem
2326 1577 2654 1647 principium
2708 1579 2965 1634 similium
2999 1591 3258 1651 tanquam
3284 1585 3586 1654 similium;
3621 1598 3677 1645 et

2091 1684 2187 1737 per
2221 1684 2280 1722 se
2316 1670 2576 1723 unionem
2608 1670 2941 1741 principium
2980 1672 3362 1742 copulatorum
3398 1686 3666 1749 tamquam

2092 1761 2507 1829 Copulatorum;
2542 1771 2596 1816 et
2640 1777 2736 1830 per
2766 1777 2824 1819 se
2871 1762 3119 1821 ordinem
3155 1767 3521 1823 ordinatorum
3556 1780 3669 1825 tau-

398 1865 762 1926 contrariuni,
813 1859 906 1915 sed
965 1870 1089 1911 vera
1150 1854 1469 1917 distinctio,
1521 1863 1575 1906 et
1622 1866 1750 1906 vera
1826 1850 1990 1919 unio;
2024 1825 2260 1921 Bquam
2312 1852 2724 1921 ordinatorutr;
2769 1863 2824 1909 et
2877 1870 3219 1928 quaecunque
3258 1861 3362 1913 alia
3397 1861 3518 1928 hoc,
3570 1876 3680 1920 aut.

398 1968 581 2027 neque
638 1949 1164 2009 diStinctio.mutari
1216 1963 1457 2015 unquam
1501 1953 1682 2014 potest
1735 1947 1787 1997 in
1820 1943 1995 1996 ‘nnio-

402 2065 525 2105 nem
553 2091 565 2114 ,
603 2061 781 2116 neque
818 2058 1011 2098 rursus
1045 2041 1176 2095 unio
1207 2040 1260 2092 in
1297 2037 1736 2100 distinctionem,
1762 2049 1995 2089 servan-

402 2152 490 2196 tur
525 2148 710 2194 autcm
748 2139 861 2191 lucc
899 2149 1006 2188 non
1058 2130 1287 2185 confusa
1321 2136 1541 2198 promer
1572 2137 1904 2196 utrumque,
1943 2124 1995 2177 id

382 2242 507 2298 est,
541 2230 821 2285 distinctio
856 2237 1102 2297 propter
1157 2214 1527 2285 unionem,et
1580 2218 1723 2280 unio.
1773 2227 1999 2287 propter

402 2296 836 2384 distinctionem,
875 2319 1016 2373 trine
1055 2296 1302 2371 simulet
1346 2312 1519 2366 unice
1574 2311 1857 2364 enuntiata
1892 2325 1907 2373 ;
1944 2316 1998 2362 at

402 2418 457 2470 in
491 2423 766 2479 creatura,
800 2410 959 2480 cujus
1010 2423 1174 2464 causa
1201 2416 1283 2462 est
1328 2414 1514 2460 sancta
1556 2401 1833 2465 Trinitas,
1866 2401 1999 2453 nnio

398 2509 619 2580 quidem
664 2515 750 2561 est
789 2504 1093 2559 secundum
1141 2514 1366 2554 causam
1418 2504 1666 2560 tantum,
1707 2492 1999 2548 distinctio

401 2616 532 2657 vero
554 2610 929 2654 creaturarum
972 2592 1260 2650 immensis
1296 2588 1568 2645 mensuris
1606 2588 1744 2640 infra
1776 2599 1998 2638 causam

404 2691 666 2759 ri-linqu't
719 2702 782 2741 ea
835 2702 956 2754 quae
1010 2684 1153 2738 facta
1211 2688 1456 2742 sunt,et
1517 2677 1652 2731 unio
1702 2675 1997 2739 auter-edit,

404 2781 786 2845 valentiorque
843 2766 944 2830 «est
1001 2770 1314 2838 huiusmodi
1390 2766 1887 2827 distinetionibus,
1946 2777 2004 2821 ut

405 2888 517 2929 una
570 2881 625 2926 et
671 2870 862 2924 eadem
925 2866 1145 2936 quidem
1201 2865 1275 2919 sit
1339 2862 1727 2917 universorum
1791 2871 1998 2935 cau~a,

403 2973 657 3019 creatura
714 2976 840 3014 vero
896 2970 1187 3011 numerosa
1217 2995 1231 3021 ,
1266 2969 1295 3007 a
1349 2952 1542 3022 primis
1590 2959 1644 3005 et
1692 2948 2002 3021 generalio-

410 3058 559 3110 rihus
611 3055 677 3107 ad
727 3051 970 3108 secunda
1024 3058 1075 3102 et
1135 3047 1293 3101 tertia
1327 3053 1381 3100 et
1413 3042 1740 3112 multiplicia
1772 3055 2002 3111 progre-

2100 1947 2251 2010 illud,
2283 1953 2379 2000 aut
2438 1956 2754 2015 utrumque,
2784 1957 2881 2003 aut
2927 1951 3096 2004 multa
3131 1953 3508 2023 participantia
3552 1955 3672 2020 hoc,

2098 2047 2192 2092 aut
2246 2038 2398 2102 illud,
2422 2047 2516 2093 aut
2565 2048 2999 2110 utrumque,a_ut
3051 2041 3221 2096 multa
3279 2053 3443 2109 sunt;
3490 2061 3680 2105 eorum

2098 2143 2193 2196 per
2227 2143 2285 2183 se
2317 2129 2768 2198 participationes
2800 2132 3042 2199 reperies
3064 2133 3315 2201 primum
3352 2137 3681 2205 participare

2099 2217 2276 2286 ipsum
2324 2231 2422 2287 per
2468 2232 2528 2273 se
2570 2233 2729 2285 esse;
2761 2228 2818 2274 et
2860 2221 3094 2289 primum
3131 2223 3348 2293 quidem
3394 2240 3489 2280 eas
3522 2242 3677 2292 esse;

2098 2307 2295 2361 deinde
2338 2308 2521 2377 hujus,
2556 2318 2650 2364 aut
2686 2310 2834 2366 illius
2865 2312 3132 2383 principia
3169 2331 3328 2380 esse;
3359 2328 3413 2371 et
3461 2320 3679 2386 partici-

2102 2402 2279 2469 pando
2315 2402 2493 2471 ipsum
2522 2418 2646 2458 esse
2669 2407 2955 2472 exsistere,
2992 2416 3046 2461 et
3085 2408 3426 2477 participari.
3457 2410 3606 2476 Quod
3628 2410 3671 2463 si

2101 2493 2239 2559 inec,
2282 2493 2489 2549 scilicet
2520 2510 2619 2565 per
2648 2511 2706 2551 se
2736 2497 3205 2566 partieipationes,
3240 2500 3511 2570 principia
3541 2502 3673 2555 alio-

2102 2603 2221 2640 rum
2253 2595 2379 2642 sunt
2409 2589 2784 2659 participando
2808 2592 2985 2659 ipsum
3021 2608 3144 2647 esse
3171 2592 3268 2662 (b),
3303 2595 3474 2649 multo
3506 2596 3677 2665 magis

2102 2692 2223 2748 qua!
2260 2679 2349 2733 illa
2400 2680 2519 2749 ipsa
2569 2681 2837 2752 principia
2870 2684 3225 2754 participant,
3253 2695 3309 2739 ut
3349 2686 3459 2755 jam
3501 2704 3562 2742 ex
3597 2689 3681 2743 his

2104 2771 2454 2825 manifestum
2487 2773 2704 2839 evadat,
2750 2782 2804 2829 et
2844 2790 2908 2828 ex
2948 2777 3013 2830 iis
3040 2792 3161 2846 quae
3210 2778 3370 2833 latius
3408 2779 3460 2832 in
3493 2780 3680 2848 quinta

2103 2862 2306 2917 decade
2324 2866 2601 2932 prosecuti
2628 2872 2837 2934 su'mus,
2870 2868 3014 2937 quod
3051 2870 3494 2939 participatione;
3531 2882 3679 2935 sunt,

2104 2966 2241 3020 quas
2295 2966 2358 3005 ea
2417 2966 2539 3021 quae
2592 2963 2721 3007 sunt
2751 2955 2843 3023 (c),
2908 2957 3276 3025 participant,
3345 2972 3683 3027 qumcunque

2107 3027 2247 3097 sunt
2287 3044 2518 3113 species,
2555 3055 2609 3100 et
2655 3046 2849 3100 harum
2902 3048 3381 3117 participatiOut-s;
3414 3049 3677 3119 siquidem

404 3149 586 3202 dicns.
621 3144 760 3199 llinc
800 3142 1051 3217 aperitur
1096 3137 1365 3207 theologis
1403 3135 1633 3206 quzcstio
1669 3133 1737 3187 de
1775 3133 1997 3202 partici—
2026 3163 2067 3220 ο
2105 3141 2160 3188 et
2189 3134 2243 3188 in
2290 3150 2397 3190 una
2452 3138 2635 3206 specie
2685 3149 2812 3194 sunt
2857 3141 3041 3193 multae
3098 3133 3680 3210 partiripatidnesrnon

402 3236 649 3307 patione,
675 3249 795 3304 quae
834 3239 919 3286 est
954 3246 1065 3286 una
1116 3228 1337 3299 quidem
1373 3225 1675 3280 secundum
1728 3238 1951 3278 causam
1977 3266 1989 3289 ,

398 3330 580 3383 altera
617 3340 747 3380 vero
774 3322 1081 3380 secundum
1116 3320 1627 3392 participationem;
1660 3316 1765 3372 alia
1796 3332 2023 3372 SECUIl-‘

409 3421 540 3474 dum
579 3416 956 3473 exsistentiam
979 3455 994 3479 ,
1039 3413 1462 3482 participatione
1501 3419 1555 3465 et
1585 3410 1900 3465 exsistentia
1936 3409 1992 3464 in

393 3520 661 3566 creatura
709 3506 1167 3569 consistentibus,
1201 3504 1255 3557 id
1288 3513 1391 3568 est,
1427 3503 1484 3557 in
1528 3517 1590 3557 ea
1623 3516 1744 3572 qua:
1766 3500 1993 3572 partici-

395 3610 702 3673 pantur.et
739 3601 791 3654 in
835 3596 1216 3670 participantia
1254 3594 1492 3665 partitis.
1546 3638 1553 3645 .

998 3730 1230 3819 CAPU_T
1274 3730 1382 3788 Vl].

404 3852 563 3918 Quod
613 3851 790 3903 omnia
818 3846 1230 3916 participantia,
1266 3857 1314 3896 et
1343 3860 1461 3912 qute
1511 3848 1924 3915 participantur,
1958 3862 1992 3899 α

479 3922 593 3976 sola
645 3930 859 3979 natura,
893 3933 1007 3984 qum
1046 3918 1585 3985 secundantcausam
1616 3920 1988 3985 participatur,

479 3993 740 4061 producta
792 3988 903 4040 alia
935 3987 1140 4061 quidem
1173 3983 1487 4061 simpliciter
1518 3991 1585 4037 ab
1617 3983 1741 4053 ipsa
1771 3988 1838 4039 ad
1870 4001 1991 4061 par-

481 4057 838 4127 ticipulianem
885 4058 1027 4108 edita
1066 4065 1223 4127 sunt,
1256 4057 1365 4106 alia
1397 4069 1516 4108 vero
1552 4066 1673 4109 sunt
1704 4059 1991 4111 secundum

482 4125 848 4184 exsiatentiam
880 4125 1342 4194 partiripantium.

482 4242 708 4313 b‘agnus
740 4238 1027 4308 Dionysius
1059 4239 1236 4307 capite
1261 4239 1452 4313 quinto
1478 4238 1550 4291 De
1589 4239 1780 4291 divinis
1812 4239 1990 4291 nomi-

412 4338 564 4390 nibus
597 4351 614 4387 :
652 4334 933 4394 Primum,
977 4330 1177 4398 inquit,
1212 4309 1415 4385 dolium
1472 4346 1566 4398 per
1611 4345 1670 4384 se
1705 4345 1843 4391 esse,
1876 4330 1993 4399 ipsa

412 4445 509 4501 per
571 4442 629 4480 se
685 4424 898 4481 bonitas
943 4423 1272 4493 producens,
1303 4422 1372 4476 ab
1432 4416 1771 4490 antiquiore,
1817 4421 1991 4489 prima

2099 3229 2276 3283 solum
2317 3228 2371 3282 in
2420 3230 2722 3296 coloribus,
2757 3232 2852 3286 sed
2896 3232 2950 3285 in
2983 3232 3381 3296 voluntatibus,
3407 3243 3459 3285 et
3503 3232 3680 3297 fortu-

2098 3320 2223 3386 nis;
2283 3330 2341 3375 ut
2390 3338 2515 3377 cum
2574 3324 2811 3379 dicimus
2862 3342 2876 3378 :
2938 3324 3292 3393 l‘articipavit
3348 3326 3673 3378 voluntatem

2096 3415 2472 3481 moderatam,
2523 3430 2617 3470 aut
2667 3426 2869 3471 rectam
2896 3459 2910 3483 ,
2943 3429 3039 3471 aut
3079 3417 3287 3472 facetiis
3332 3417 3674 3487 gaudentem,

2096 3517 2190 3562 aut
2223 3507 2384 3560 aliter
2421 3505 2704 3571 eﬂ'eclam;
2746 3517 2841 3561 aut
2880 3523 3000 3563 esse
3060 3510 3412 3574 fortunatum,
3452 3518 3546 3563 aut
3600 3511 3681 3563 in-
3754 3544 3769 3555 η.

2095 3599 2456 3653 fortunatum.
2491 3596 2562 3653 Ut
2603 3600 2768 3669 igitur
2824 3602 3160 3670 prosperitas
3189 3642 3203 3666 ,
3236 3602 3347 3657 sive
3379 3601 3517 3655 bona
3571 3601 3686 3657 for-

2095 3698 2225 3742 tuna
2268 3688 2624 3756 participatio
2656 3697 2739 3741 cst
2790 3688 3219 3757 fortunatorum,
3262 3698 3531 3756 quatenus
3578 3688 3688 3742 for-

2099 3782 2275 3833 Iunati
2333 3791 2484 3840 Stml,
2529 3796 2634 3831 non
2687 3790 2867 3833 autem
2912 3791 3181 3849 quatenus
3239 3782 3488 3836 homines
3527 3791 3682 3846 sunt;

2095 3868 2176 3923 sic
2231 3879 2285 3921 et
2347 3868 2466 3922 alia:
2525 3868 2968 3935 participatiozws
3021 3871 3178 3923 edita:
3237 3879 3395 3930 sunt,
3453 3879 3512 3923 ut
3568 3884 3687 3938 par-

2094 3960 2428 4029 ticipentur,
2479 3975 2624 4029 non‘
2663 3959 2790 4028 quia
2850 3970 3011 4024 sunt,
3063 3960 3154 4011 sed
3209 3963 3333 4029 quia
3375 3962 3507 4014 tales
3541 3970 3682 4014 sunt-

2092 4052 2326 4117 Quando
2395 4062 2576 4104 autem
2659 4060 2831 4105 nat-tte
2897 4060 3026 4105 sum
3104 4051 3345 4119 subjecta
3428 4052 3681 4120 recipien-

2095 4145 2189 4206 tia,
2232 4152 2362 4197 tunc
2413 4142 2669 4196 dicuntur
2730 4141 2932 4196 effectae
2970 4143 3271 4197 secundum
3312 4145 3684 4199 rxsistentiam

2095 4249 2284 4289 eorum
2340 4234 2736 4304 subjectorum,
2792 4251 2912 4302 quae
2959 4244 3130 4288 nat-tm
3188 4245 3409 4299 snnt,«-t
3444 4247 3523 4291 est
3566 4237 3685 4306 qui-

2096 4325 2217 4376 dem
2276 4324 2424 4377 aliud
2478 4325 2842 4394 participatio,
2876 4336 2928 4379 et
2998 4327 3142 4378 aliud
3188 4329 3330 4392 quod
3389 4331 3683 4382 secundum

2098 4416 2479 4470 exsistentiam
2519 4418 2993 4487 participat’oncm
3024 4420 3247 4487 recipit;
3293 4421 3439 4473 verbi
3476 4423 3679 4489 gratia:

411 4496 552 4575 inter
613 4526 841 4571 ceteras
897 4514 1311 4585 participatione
1373 4511 1648 4577 laudatur,
1697 4521 1751 4566 et
1795 4519 1880 4566 est
1929 4525 1994 4566 ex
2028 4497 2073 4555 ο
2103 4505 2228 4562 Vita
2268 4508 2883 4578 participatioqutedam
2926 4518 3008 4564 est
3037 4509 3377 4578 simpliciter,
3406 4528 3523 4579 quae
3560 4496 3713 4565 tunc”

330 4654 339 4663 ε
412 4611 630 4678 ipsa,et
682 4607 733 4658 in
785 4606 897 4674 ipsa
956 4605 1134 4672 ipsum
1191 4617 1286 4671 per
1335 4616 1397 4654 se
1458 4615 1602 4662 esse,
1639 4608 1691 4653 et
1725 4600 1993 4669 principia

382 4716 598 4755 eorum
648 4713 770 4769 quae
820 4706 979 4775 sunt;
1016 4706 1069 4749 et
1104 4693 1288 4748 omnia
1345 4707 1465 4761 quae
1512 4702 1640 4747 sunt
1677 4694 1772 4763 (l),
1800 4704 1995 4764 etquae

2108 4598 2166 4652 lit
2217 4598 2517 4653 secundum
2550 4600 2924 4653 exsistentiam
2981 4600 3323 4669 partii-ipatio
3383 4602 3684 4672 cujusdam,

2103 4704 2228 4744 cum
2278 4699 2363 4744 est
2426 4705 2551 4759 pars
2597 4691 2922 4745 substantiae
2954 4691 3029 4762 (2)
3057 4693 3193 4758 ejus.
3231 4701 3325 4745 aut
3357 4704 3439 4747 est
3486 4694 3683 4763 ipsum,

413 4807 746 4864 quocunque
806 4790 968 4844 modo
1016 4795 1163 4849 sunt,
1200 4786 1364 4853 idque
1418 4784 1894 4856 incomprehense,
1951 4795 2005 4840 ct
2112 4791 2208 4836 aut
2249 4782 2549 4836 secundum
2575 4783 2851 4837 accidens.
2884 4782 3173 4853 Dionysius
3210 4783 3375 4853 igitur
3404 4798 3689 4855 aggressus

1884 4895 2153 4961 Scholia.
3512 4888 3521 4897 ’

484 5032 558 5101 (1)
618 5030 810 5085 Omnia
858 5043 974 5097 qua!
1034 5033 1263 5101 sttttl,_et
1294 5038 1412 5101 qtae
1458 5039 1785 5101 quocunque
1835 5026 1997 5079 modo

414 5095 562 5165 sunt,
597 5110 648 5154 ut
692 5116 815 5169 qua:
860 5095 988 5169 Sunt
1037 5099 1087 5148 in
1135 5095 1242 5147 alio
1270 5098 1411 5148 sicut
1437 5095 1758 5169 accidentia,
1791 5103 1845 5148 ct
1877 5112 1998 5164 quae

415 5163 634 5228 suntin
671 5163 935 5239 potentia,
979 5177 1033 5220 et
1082 5180 1204 5239 qu_:e
1235 5177 1362 5239 sunt
1396 5163 1753 5231 privationes,
1790 5174 1842 5239 et
1877 5163 1998 5239 qua:

415 5261 523 5297 nun
550 5235 1093 5297 habénttotum’esse
1119 5236 1303 5293 simul,
1330 5245 1389 5287 ut
1416 5240 1616 5298 motus,
1652 5235 1856 5289 suntin
1889 5236 1997 5287 Deo

413 5312 890 5380 incomprehense,
930 5308 979 5356 in
1019 5322 1075 5359 se
1104 5313 1283 5380 autem
1316 5305 1498 5380 linito;
1537 5305 1588 5357 in
1624 5306 1903 5380 semulta,
1938 5304 1994 5357 in

415 5385 523 5437 Deo
594 5376 897 5447 copulata;
952 5386 1077 5428 sunt
1162 5376 1345 5440 itajue
1402 5376 1890 5443 incomprehense,
1946 5385 1999 5427 ct

482 5519 559 5589 ta)
585 5517 643 5589 in
664 5514 861 5589 divinis
907 5512 1404 5589 P:iter__sccnntltitn
1455 5527 1699 5589 naturain
1741 5525 1822 5570 est
1866 5531 1995 5589 cau-

412 5582 666 5646 sa'Ftiii,
697 5593 748 5635 et
789 5582 946 5636 Pater
981 5597 1042 5636 ac
1084 5586 1246 5639 Filius
1295 5602 1459 5639 causa
1510 5587 1745 5655 Spiritus
1803 5587 1996 5648 sancti,

409 5670 464 5709 rt
492 5660 543 5708 in
582 5656 660 5705 his
689 5669 850 5727 causa
876 5665 927 5707 et
959 5658 1047 5723 qui
1083 5673 1109 5708 c
1132 5674 1301 5709 uisam
1334 5661 1534 5710 habent
1567 5665 1803 5727 :rqualcs
1836 5668 1956 5711 Sunt
1987 5672 2002 5715 ζ

412 5729 515 5799 huc
553 5724 809 5799 este-nim
837 5728 937 5780 dici
966 5742 1190 5799 Itmrore
1222 5742 1438 5781 causam
1460 5732 1523 5782 de
1549 5724 1764 5783 causam
1794 5728 1997 5780 habrn-

413 5796 559 5847 llbtiz
608 5796 654 5843 id
681 5804 760 5846 cst
785 5796 847 5849 de
872 5796 1125 5851 causalis.

2103 5022 2421 5091 conjuncta,
2472 5038 2537 5075 ac
2578 5024 2729 5076 unite
2769 5037 2857 5075 res
2913 5037 3129 5083 omnes,
3164 5036 3502 5092 quaecunque
3563 5033 3688 5075 sunt

2103 5095 2155 5146 in
2197 5094 2335 5153 Deo',
2367 5094 2493 5160 quia
2550 5103 2676 5146 sunt
2727 5093 2842 5157 ipsa
2882 5094 3062 5144 divina
3093 5096 3328 5146 essentia
3382 5100 3597 5160 incomp
3628 5108 3688 5144 c-

2106 5163 2393 5216 hensibilis
2451 5163 2630 5225 Pater,
2703 5162 2893 5220 Filius,
2950 5172 3003 5213 ct
3066 5166 3301 5229 θρίγιιιιε
3353 5172 3573 5216 sanctus
3629 5166 3679 5212 in

2105 5248 2270 5285 unum
2326 5232 2952 5299 illCNllpl‘Cilt‘llSibliilt’l'
2987 5231 3254 5298 uniti.'(:2)
3289 5232 3417 5285 tium
3461 5246 3531 5284 est
3562 5248 3685 5297 pars

2104 5303 2420 5355 substantia
2449 5302 2581 5369 ejus.
2610 5299 2677 5354 Ut
2708 5317 2828 5353 cum
2859 5303 3218 5370 participatur
3245 5305 3314 5355 ab
3348 5305 3684 5369 anima,qme

2103 5384 2186 5426 cst
2226 5388 2355 5442 pars
2383 5375 2704 5426 substantiae
2742 5373 3001 5435 hominis,
3037 5388 3163 5439 qua
3186 5391 3303 5425 non
3349 5376 3509 5427 habet
3539 5374 3590 5425 in
3627 5385 3685 5423 se

2180 5518 2253 5585 (In)
2278 5516 2407 5584 Leg.
2439 5533 2486 5570 c.
2513 5516 2701 5569 dread.

2184 5591 2250 5656 te)
2289 5587 2523 5638 l’iinmm
2566 5590 2763 5640 tlnnum
2793 5585 2882 5638 Dei
2908 5593 2987 5639 est
3022 5600 3171 5648 esse;
3208 5592 3391 5653 postea
3415 5597 3532 5637 esse
3564 5594 3686 5648 spe-

2112 5662 2248 5709 ciem
2285 5658 2519 5722 aliquam
2551 5675 2669 5725 qum
2729 5661 2875 5725 prius
2939 5666 3227 5725 participat
3277 5669 3443 5721 (ssc;
3504 5667 3687 5722 rested

2116 5746 2232 5781 Crit‘.
2265 5728 2594 5781 iudiri‘iuum
2628 5727 2828 5795 speciei
2857 5727 3215 5796 paiticipatac.

3438 5898 3461 5909 ρο
