  <div class='ocr_page' id='page_1' title='image "/cluster/home/n/w/nwhite01/storage/ocr_20150623/152/coo.31924054870575/449.png"; bbox 0 0 4048 6434; ppageno 0'>
   <div class='ocr_carea' id='block_1_1' title="bbox 333 390 539 525">
    <p class='ocr_par' dir='ltr' id='par_1_1' title="bbox 333 390 539 525">
     <span class='ocr_line' id='line_1_1' title="bbox 333 390 539 525; baseline 0.005 -15"><span class='ocrx_word' id='word_1_1' title='bbox 333 390 539 525; x_wconf 57' lang='grc' dir='ltr'>ίδδε,</span> 
     </span>
    </p>
   </div>
   <div class='ocr_carea' id='block_1_2' title="bbox 1550 451 2543 521">
    <p class='ocr_par' dir='ltr' id='par_1_2' title="bbox 1550 451 2543 521">
     <span class='ocr_line' id='line_1_2' title="bbox 1550 451 2543 521; baseline 0.009 -9"><span class='ocrx_word' id='word_1_2' title='bbox 1550 451 1876 516; x_wconf 73' lang='lat' dir='ltr'><strong>JOANNIS</strong></span> <span class='ocrx_word' id='word_1_3' title='bbox 1916 455 2491 521; x_wconf 58' lang='lat' dir='ltr'><strong>CYl’.iRl&#39;SSlt)T.E</strong></span> <span class='ocrx_word' id='word_1_4' title='bbox 2530 489 2543 497; x_wconf 86' lang='grc'><strong>·</strong></span> 
     </span>
    </p>
   </div>
   <div class='ocr_carea' id='block_1_3' title="bbox 3537 459 3653 526">
    <p class='ocr_par' dir='ltr' id='par_1_3' title="bbox 3537 459 3653 526">
     <span class='ocr_line' id='line_1_3' title="bbox 3537 459 3653 526; baseline 0.009 -1"><span class='ocrx_word' id='word_1_5' title='bbox 3537 459 3653 526; x_wconf 72' lang='grc'><strong>884.</strong></span> 
     </span>
    </p>
   </div>
   <div class='ocr_carea' id='block_1_4' title="bbox 393 560 3645 648">
    <p class='ocr_par' dir='ltr' id='par_1_4' title="bbox 393 560 3645 648">
     <span class='ocr_line' id='line_1_4' title="bbox 393 560 3645 648; baseline 0.004 -33"><span class='ocrx_word' id='word_1_6' title='bbox 393 560 598 616; x_wconf 86' lang='lat' dir='ltr'><strong>militer</strong></span> <span class='ocrx_word' id='word_1_7' title='bbox 621 560 674 616; x_wconf 91' lang='lat' dir='ltr'><strong>in</strong></span> <span class='ocrx_word' id='word_1_8' title='bbox 702 560 847 628; x_wconf 83' lang='lat' dir='ltr'><strong>aliis,</strong></span> <span class='ocrx_word' id='word_1_9' title='bbox 872 563 1160 629; x_wconf 78' lang='lat' dir='ltr'><strong>vocabam,</strong></span> <span class='ocrx_word' id='word_1_10' title='bbox 1184 563 1325 619; x_wconf 91' lang='lat' dir='ltr'><strong>inter</strong></span> <span class='ocrx_word' id='word_1_11' title='bbox 1347 576 1630 624; x_wconf 69' lang='lat' dir='ltr'><strong>creaturas</strong></span> <span class='ocrx_word' id='word_1_12' title='bbox 1659 569 1968 625; x_wconf 73' lang='lat' dir='ltr'><strong>referebant</strong></span> <span class='ocrx_word' id='word_1_13' title='bbox 1996 573 2045 631; x_wconf 74' lang='grc' dir='ltr'>Α</span> <span class='ocrx_word' id='word_1_14' title='bbox 2071 588 2191 629; x_wconf 90' lang='lat' dir='ltr'><strong>cum</strong></span> <span class='ocrx_word' id='word_1_15' title='bbox 2221 576 2311 644; x_wconf 86' lang='lat' dir='ltr'><strong>qui</strong></span> <span class='ocrx_word' id='word_1_16' title='bbox 2340 576 2514 646; x_wconf 84' lang='lat' dir='ltr'><strong>major</strong></span> <span class='ocrx_word' id='word_1_17' title='bbox 2542 584 2627 632; x_wconf 88' lang='lat' dir='ltr'><strong>est</strong></span> <span class='ocrx_word' id='word_1_18' title='bbox 2682 592 2844 644; x_wconf 84' lang='lat' dir='ltr'><strong>quam</strong></span> <span class='ocrx_word' id='word_1_19' title='bbox 2887 577 3116 648; x_wconf 67' lang='lat' dir='ltr'><strong>cogitari</strong></span> <span class='ocrx_word' id='word_1_20' title='bbox 3168 575 3367 645; x_wconf 81' lang='lat' dir='ltr'><strong>queat?</strong></span> <span class='ocrx_word' id='word_1_21' title='bbox 3411 574 3509 630; x_wconf 87' lang='lat' dir='ltr'><strong>llie</strong></span> <span class='ocrx_word' id='word_1_22' title='bbox 3563 592 3645 631; x_wconf 74' lang='lat' dir='ltr'><strong>est</strong></span> 
     </span>
    </p>
   </div>
   <div class='ocr_carea' id='block_1_5' title="bbox 391 655 1972 727">
    <p class='ocr_par' dir='ltr' id='par_1_5' title="bbox 391 655 1972 727">
     <span class='ocr_line' id='line_1_5' title="bbox 391 655 1972 727; baseline 0.006 -19"><span class='ocrx_word' id='word_1_23' title='bbox 391 661 448 708; x_wconf 79' lang='lat' dir='ltr'><strong>et</strong></span> <span class='ocrx_word' id='word_1_24' title='bbox 478 655 838 709; x_wconf 87' lang='lat' dir='ltr'><strong>numerabant</strong></span> <span class='ocrx_word' id='word_1_25' title='bbox 876 673 891 720; x_wconf 87' lang='lat'><strong>;</strong></span> <span class='ocrx_word' id='word_1_26' title='bbox 923 656 1050 723; x_wconf 90' lang='lat' dir='ltr'><strong>quia</strong></span> <span class='ocrx_word' id='word_1_27' title='bbox 1086 671 1267 724; x_wconf 84' lang='lat' dir='ltr'><strong>neque</strong></span> <span class='ocrx_word' id='word_1_28' title='bbox 1285 658 1604 713; x_wconf 71' lang='lat' dir='ltr'><strong>suhsmntim</strong></span> <span class='ocrx_word' id='word_1_29' title='bbox 1628 662 1844 727; x_wconf 65' lang='lat' dir='ltr'><strong>divinat,</strong></span> <span class='ocrx_word' id='word_1_30' title='bbox 1871 679 1972 718; x_wconf 90' lang='lat' dir='ltr'><strong>nec</strong></span> 
     </span>
    </p>
   </div>
   <div class='ocr_carea' id='block_1_6' title="bbox 396 746 1973 819">
    <p class='ocr_par' dir='ltr' id='par_1_6' title="bbox 396 746 1973 819">
     <span class='ocr_line' id='line_1_6' title="bbox 396 746 1973 819; baseline 0.007 -20"><span class='ocrx_word' id='word_1_31' title='bbox 396 746 654 815; x_wconf 69' lang='lat' dir='ltr'><strong>angelicae</strong></span> <span class='ocrx_word' id='word_1_32' title='bbox 686 757 863 813; x_wconf 87' lang='lat' dir='ltr'><strong>erant,</strong></span> <span class='ocrx_word' id='word_1_33' title='bbox 895 762 994 801; x_wconf 86' lang='lat' dir='ltr'><strong>nec</strong></span> <span class='ocrx_word' id='word_1_34' title='bbox 1018 748 1184 802; x_wconf 78' lang='lat' dir='ltr'><strong>ullius</strong></span> <span class='ocrx_word' id='word_1_35' title='bbox 1221 750 1296 804; x_wconf 87' lang='lat' dir='ltr'><strong>rei</strong></span> <span class='ocrx_word' id='word_1_36' title='bbox 1328 750 1633 808; x_wconf 73' lang='lat' dir='ltr'><strong>eﬂectriccs</strong></span> <span class='ocrx_word' id='word_1_37' title='bbox 1665 772 1683 819; x_wconf 86' lang='lat'><strong>;</strong></span> <span class='ocrx_word' id='word_1_38' title='bbox 1713 754 1888 809; x_wconf 81' lang='lat' dir='ltr'><strong>solum</strong></span> <span class='ocrx_word' id='word_1_39' title='bbox 1913 773 1973 810; x_wconf 81' lang='lat' dir='ltr'><strong>e-</strong></span> 
     </span>
    </p>
   </div>
   <div class='ocr_carea' id='block_1_7' title="bbox 397 820 1973 912">
    <p class='ocr_par' dir='ltr' id='par_1_7' title="bbox 397 820 1973 912">
     <span class='ocr_line' id='line_1_7' title="bbox 397 820 1973 912; baseline 0.01 -27"><span class='ocrx_word' id='word_1_40' title='bbox 397 836 505 889; x_wconf 69' lang='lat' dir='ltr'><strong>nim</strong></span> <span class='ocrx_word' id='word_1_41' title='bbox 532 820 786 906; x_wconf 81' lang='lat' dir='ltr'><strong>quodest</strong></span> <span class='ocrx_word' id='word_1_42' title='bbox 833 853 997 906; x_wconf 86' lang='lat' dir='ltr'><strong>supra</strong></span> <span class='ocrx_word' id='word_1_43' title='bbox 1067 841 1453 906; x_wconf 70' lang='lat' dir='ltr'><strong>substantiam,</strong></span> <span class='ocrx_word' id='word_1_44' title='bbox 1530 844 1861 912; x_wconf 76' lang='lat' dir='ltr'><strong>principium</strong></span> <span class='ocrx_word' id='word_1_45' title='bbox 1918 855 1973 902; x_wconf 86' lang='lat' dir='ltr'><strong>et</strong></span> 
     </span>
    </p>
   </div>
   <div class='ocr_carea' id='block_1_8' title="bbox 394 927 1966 993">
    <p class='ocr_par' dir='ltr' id='par_1_8' title="bbox 394 927 1966 993">
     <span class='ocr_line' id='line_1_8' title="bbox 394 927 1966 993; baseline 0.008 -13"><span class='ocrx_word' id='word_1_46' title='bbox 394 927 704 982; x_wconf 89' lang='lat' dir='ltr'><strong>substantia</strong></span> <span class='ocrx_word' id='word_1_47' title='bbox 735 936 789 981; x_wconf 91' lang='lat' dir='ltr'><strong>et</strong></span> <span class='ocrx_word' id='word_1_48' title='bbox 815 943 980 985; x_wconf 87' lang='lat' dir='ltr'><strong>causa</strong></span> <span class='ocrx_word' id='word_1_49' title='bbox 1002 931 1198 984; x_wconf 86' lang='lat' dir='ltr'><strong>horum</strong></span> <span class='ocrx_word' id='word_1_50' title='bbox 1217 943 1319 988; x_wconf 90' lang='lat' dir='ltr'><strong>est.</strong></span> <span class='ocrx_word' id='word_1_51' title='bbox 1340 934 1396 987; x_wconf 90' lang='lat' dir='ltr'><strong>Si</strong></span> <span class='ocrx_word' id='word_1_52' title='bbox 1424 944 1605 991; x_wconf 87' lang='lat' dir='ltr'><strong>autem</strong></span> <span class='ocrx_word' id='word_1_53' title='bbox 1626 936 1768 993; x_wconf 84' lang='lat' dir='ltr'><strong>Deus</strong></span> <span class='ocrx_word' id='word_1_54' title='bbox 1794 949 1845 991; x_wconf 90' lang='lat' dir='ltr'><strong>et</strong></span> <span class='ocrx_word' id='word_1_55' title='bbox 1866 941 1966 993; x_wconf 75' lang='lat' dir='ltr'><strong>ho-</strong></span> 
     </span>
    </p>
   </div>
   <div class='ocr_carea' id='block_1_9' title="bbox 397 1024 1975 1100">
    <p class='ocr_par' dir='ltr' id='par_1_9' title="bbox 397 1024 1975 1100">
     <span class='ocr_line' id='line_1_9' title="bbox 397 1024 1975 1100; baseline 0.011 -29"><span class='ocrx_word' id='word_1_56' title='bbox 397 1034 541 1085; x_wconf 89' lang='lat' dir='ltr'><strong>rum,</strong></span> <span class='ocrx_word' id='word_1_57' title='bbox 574 1028 627 1073; x_wconf 90' lang='lat' dir='ltr'><strong>et</strong></span> <span class='ocrx_word' id='word_1_58' title='bbox 665 1037 852 1075; x_wconf 90' lang='lat' dir='ltr'><strong>eorum</strong></span> <span class='ocrx_word' id='word_1_59' title='bbox 883 1038 1004 1093; x_wconf 65' lang='lat' dir='ltr'><strong>quae</strong></span> <span class='ocrx_word' id='word_1_60' title='bbox 1028 1024 1219 1080; x_wconf 90' lang='lat' dir='ltr'><strong>subter</strong></span> <span class='ocrx_word' id='word_1_61' title='bbox 1250 1026 1365 1094; x_wconf 89' lang='lat' dir='ltr'><strong>ipsa</strong></span> <span class='ocrx_word' id='word_1_62' title='bbox 1406 1037 1553 1095; x_wconf 88' lang='lat' dir='ltr'><strong>sunt,</strong></span> <span class='ocrx_word' id='word_1_63' title='bbox 1596 1043 1662 1084; x_wconf 76' lang='lat' dir='ltr'><strong>ex</strong></span> <span class='ocrx_word' id='word_1_64' title='bbox 1692 1046 1850 1100; x_wconf 57' lang='lat' dir='ltr'><strong>aequo</strong></span> <span class='ocrx_word' id='word_1_65' title='bbox 1875 1048 1975 1087; x_wconf 90' lang='lat' dir='ltr'><strong>au-</strong></span> 
     </span>
    </p>
   </div>
   <div class='ocr_carea' id='block_1_10' title="bbox 395 1112 1969 1190">
    <p class='ocr_par' dir='ltr' id='par_1_10' title="bbox 395 1112 1969 1190">
     <span class='ocr_line' id='line_1_10' title="bbox 395 1112 1969 1190; baseline 0.01 -25"><span class='ocrx_word' id='word_1_66' title='bbox 395 1122 525 1165; x_wconf 89' lang='lat' dir='ltr'><strong>ctor</strong></span> <span class='ocrx_word' id='word_1_67' title='bbox 555 1122 640 1166; x_wconf 82' lang='lat' dir='ltr'><strong>est</strong></span> <span class='ocrx_word' id='word_1_68' title='bbox 680 1112 786 1188; x_wconf 77' lang='lat' dir='ltr'><strong>(est</strong></span> <span class='ocrx_word' id='word_1_69' title='bbox 815 1115 983 1181; x_wconf 79' lang='lat' dir='ltr'><strong>enim,</strong></span> <span class='ocrx_word' id='word_1_70' title='bbox 1015 1115 1212 1185; x_wconf 80' lang='lat' dir='ltr'><strong>inquit,</strong></span> <span class='ocrx_word' id='word_1_71' title='bbox 1235 1133 1298 1171; x_wconf 86' lang='lat' dir='ltr'><strong>cx</strong></span> <span class='ocrx_word' id='word_1_72' title='bbox 1330 1120 1805 1190; x_wconf 86' lang='lat' dir='ltr'><strong>participantihus,</strong></span> <span class='ocrx_word' id='word_1_73' title='bbox 1829 1134 1883 1178; x_wconf 91' lang='lat' dir='ltr'><strong>et</strong></span> <span class='ocrx_word' id='word_1_74' title='bbox 1906 1141 1969 1180; x_wconf 77' lang='lat' dir='ltr'><strong>ex</strong></span> 
     </span>
    </p>
   </div>
   <div class='ocr_carea' id='block_1_11' title="bbox 396 1202 1975 1285">
    <p class='ocr_par' dir='ltr' id='par_1_11' title="bbox 396 1202 1975 1285">
     <span class='ocr_line' id='line_1_11' title="bbox 396 1202 1975 1285; baseline 0.008 -31"><span class='ocrx_word' id='word_1_75' title='bbox 396 1202 731 1271; x_wconf 73' lang='lat' dir='ltr'><strong>participatis</strong></span> <span class='ocrx_word' id='word_1_76' title='bbox 776 1204 989 1260; x_wconf 91' lang='lat' dir='ltr'><strong>inlinite</strong></span> <span class='ocrx_word' id='word_1_77' title='bbox 1011 1213 1065 1261; x_wconf 89' lang='lat' dir='ltr'><strong>et</strong></span> <span class='ocrx_word' id='word_1_78' title='bbox 1096 1208 1360 1264; x_wconf 80' lang='lat' dir='ltr'><strong>immense</strong></span> <span class='ocrx_word' id='word_1_79' title='bbox 1383 1219 1715 1282; x_wconf 84' lang='lat' dir='ltr'><strong>exemptus),</strong></span> <span class='ocrx_word' id='word_1_80' title='bbox 1742 1231 1975 1285; x_wconf 87' lang='lat' dir='ltr'><strong>quomo—</strong></span> 
     </span>
    </p>
   </div>
   <div class='ocr_carea' id='block_1_12' title="bbox 395 1289 1976 1374">
    <p class='ocr_par' dir='ltr' id='par_1_12' title="bbox 395 1289 1976 1374">
     <span class='ocr_line' id='line_1_12' title="bbox 395 1289 1976 1374; baseline 0.013 -32"><span class='ocrx_word' id='word_1_81' title='bbox 395 1289 465 1342; x_wconf 90' lang='lat' dir='ltr'><strong>do</strong></span> <span class='ocrx_word' id='word_1_82' title='bbox 494 1291 680 1346; x_wconf 82' lang='lat' dir='ltr'><strong>nonin</strong></span> <span class='ocrx_word' id='word_1_83' title='bbox 716 1292 800 1347; x_wconf 90' lang='lat' dir='ltr'><strong>his</strong></span> <span class='ocrx_word' id='word_1_84' title='bbox 838 1297 1012 1364; x_wconf 78' lang='lat' dir='ltr'><strong>magis</strong></span> <span class='ocrx_word' id='word_1_85' title='bbox 1036 1297 1216 1352; x_wconf 90' lang='lat' dir='ltr'><strong>omnis</strong></span> <span class='ocrx_word' id='word_1_86' title='bbox 1253 1298 1557 1357; x_wconf 76' lang='lat' dir='ltr'><strong>differentia</strong></span> <span class='ocrx_word' id='word_1_87' title='bbox 1576 1306 1902 1374; x_wconf 84' lang='lat' dir='ltr'><strong>reperiatur,</strong></span> <span class='ocrx_word' id='word_1_88' title='bbox 1923 1317 1976 1362; x_wconf 70' lang='lat' dir='ltr'><strong>ct</strong></span> 
     </span>
    </p>
   </div>
   <div class='ocr_carea' id='block_1_13' title="bbox 392 1380 1974 1461">
    <p class='ocr_par' dir='ltr' id='par_1_13' title="bbox 392 1380 1974 1461">
     <span class='ocr_line' id='line_1_13' title="bbox 392 1380 1974 1461; baseline 0.013 -29"><span class='ocrx_word' id='word_1_89' title='bbox 392 1380 517 1449; x_wconf 85' lang='lat' dir='ltr'><strong>plus</strong></span> <span class='ocrx_word' id='word_1_90' title='bbox 548 1393 602 1436; x_wconf 91' lang='lat' dir='ltr'><strong>et</strong></span> <span class='ocrx_word' id='word_1_91' title='bbox 631 1385 809 1439; x_wconf 84' lang='lat' dir='ltr'><strong>minus</strong></span> <span class='ocrx_word' id='word_1_92' title='bbox 833 1385 1011 1441; x_wconf 85' lang='lat' dir='ltr'><strong>locum</strong></span> <span class='ocrx_word' id='word_1_93' title='bbox 1043 1388 1263 1443; x_wconf 86' lang='lat' dir='ltr'><strong>habeat?</strong></span> <span class='ocrx_word' id='word_1_94' title='bbox 1290 1406 1410 1461; x_wconf 61' lang='lat' dir='ltr'><strong>«piae</strong></span> <span class='ocrx_word' id='word_1_95' title='bbox 1444 1407 1575 1448; x_wconf 92' lang='lat' dir='ltr'><strong>sunt</strong></span> <span class='ocrx_word' id='word_1_96' title='bbox 1624 1407 1767 1450; x_wconf 69' lang='lat' dir='ltr'><strong>notae</strong></span> <span class='ocrx_word' id='word_1_97' title='bbox 1818 1414 1974 1453; x_wconf 87' lang='lat' dir='ltr'><strong>crea-</strong></span> 
     </span>
    </p>
   </div>
   <div class='ocr_carea' id='block_1_14' title="bbox 393 1476 1973 1559">
    <p class='ocr_par' dir='ltr' id='par_1_14' title="bbox 393 1476 1973 1559">
     <span class='ocr_line' id='line_1_14' title="bbox 393 1476 1973 1559; baseline 0.012 -33"><span class='ocrx_word' id='word_1_98' title='bbox 393 1481 552 1539; x_wconf 68' lang='lat' dir='ltr'><strong>turae,</strong></span> <span class='ocrx_word' id='word_1_99' title='bbox 590 1484 645 1529; x_wconf 91' lang='lat' dir='ltr'><strong>et</strong></span> <span class='ocrx_word' id='word_1_100' title='bbox 672 1476 906 1531; x_wconf 80' lang='lat' dir='ltr'><strong>varietas</strong></span> <span class='ocrx_word' id='word_1_101' title='bbox 933 1477 1076 1533; x_wconf 79' lang='lat' dir='ltr'><strong>circa</strong></span> <span class='ocrx_word' id='word_1_102' title='bbox 1097 1484 1526 1552; x_wconf 80' lang='lat' dir='ltr'><strong>emanationcm,</strong></span> <span class='ocrx_word' id='word_1_103' title='bbox 1558 1497 1612 1542; x_wconf 89' lang='lat' dir='ltr'><strong>et</strong></span> <span class='ocrx_word' id='word_1_104' title='bbox 1633 1489 1973 1559; x_wconf 66' lang='lat' dir='ltr'><strong>multiplica-</strong></span> 
     </span>
    </p>
   </div>
   <div class='ocr_carea' id='block_1_15' title="bbox 393 1566 1976 1650">
    <p class='ocr_par' dir='ltr' id='par_1_15' title="bbox 393 1566 1976 1650">
     <span class='ocr_line' id='line_1_15' title="bbox 393 1566 1976 1650; baseline 0.01 -29"><span class='ocrx_word' id='word_1_105' title='bbox 393 1567 476 1621; x_wconf 88' lang='lat' dir='ltr'><strong>tio</strong></span> <span class='ocrx_word' id='word_1_106' title='bbox 504 1566 828 1624; x_wconf 84' lang='lat' dir='ltr'><strong>formarum.</strong></span> <span class='ocrx_word' id='word_1_107' title='bbox 861 1570 1052 1627; x_wconf 79' lang='lat' dir='ltr'><strong>Merito</strong></span> <span class='ocrx_word' id='word_1_108' title='bbox 1084 1572 1396 1646; x_wconf 80' lang='lat' dir='ltr'><strong>igiturquia</strong></span> <span class='ocrx_word' id='word_1_109' title='bbox 1429 1594 1530 1633; x_wconf 88' lang='lat' dir='ltr'><strong>non</strong></span> <span class='ocrx_word' id='word_1_110' title='bbox 1555 1595 1750 1636; x_wconf 82' lang='lat' dir='ltr'><strong>sumus</strong></span> <span class='ocrx_word' id='word_1_111' title='bbox 1781 1583 1890 1650; x_wconf 84' lang='lat' dir='ltr'><strong>apti</strong></span> <span class='ocrx_word' id='word_1_112' title='bbox 1916 1591 1976 1639; x_wconf 90' lang='lat' dir='ltr'><strong>et</strong></span> 
     </span>
    </p>
   </div>
   <div class='ocr_carea' id='block_1_16' title="bbox 397 1656 1971 1741">
    <p class='ocr_par' dir='ltr' id='par_1_16' title="bbox 397 1656 1971 1741">
     <span class='ocr_line' id='line_1_16' title="bbox 397 1656 1971 1741; baseline 0.009 -29"><span class='ocrx_word' id='word_1_113' title='bbox 397 1656 614 1726; x_wconf 82' lang='lat' dir='ltr'><strong>idonei,</strong></span> <span class='ocrx_word' id='word_1_114' title='bbox 645 1662 739 1731; x_wconf 69' lang='lat' dir='ltr'><strong>sed</strong></span> <span class='ocrx_word' id='word_1_115' title='bbox 775 1661 957 1732; x_wconf 88' lang='lat' dir='ltr'><strong>potius</strong></span> <span class='ocrx_word' id='word_1_116' title='bbox 997 1664 1197 1718; x_wconf 82' lang='lat' dir='ltr'><strong>inﬁrmi</strong></span> <span class='ocrx_word' id='word_1_117' title='bbox 1228 1667 1295 1721; x_wconf 88' lang='lat' dir='ltr'><strong>ad</strong></span> <span class='ocrx_word' id='word_1_118' title='bbox 1340 1668 1710 1734; x_wconf 87' lang='lat' dir='ltr'><strong>recipiendum</strong></span> <span class='ocrx_word' id='word_1_119' title='bbox 1777 1671 1971 1741; x_wconf 88' lang='lat' dir='ltr'><strong>Deum,</strong></span> 
     </span>
    </p>
   </div>
   <div class='ocr_carea' id='block_1_17' title="bbox 396 1751 1974 1825">
    <p class='ocr_par' dir='ltr' id='par_1_17' title="bbox 396 1751 1974 1825">
     <span class='ocr_line' id='line_1_17' title="bbox 396 1751 1974 1825; baseline 0.01 -19"><span class='ocrx_word' id='word_1_120' title='bbox 396 1751 871 1823; x_wconf 71' lang='lat' dir='ltr'><strong>participationem</strong></span> <span class='ocrx_word' id='word_1_121' title='bbox 906 1755 1074 1825; x_wconf 84' lang='lat' dir='ltr'><strong>ejusa</strong></span> <span class='ocrx_word' id='word_1_122' title='bbox 1103 1758 1264 1814; x_wconf 89' lang='lat' dir='ltr'><strong>nobis</strong></span> <span class='ocrx_word' id='word_1_123' title='bbox 1279 1759 1641 1817; x_wconf 75' lang='lat' dir='ltr'><strong>aiienavimus</strong></span> <span class='ocrx_word' id='word_1_124' title='bbox 1673 1782 1687 1818; x_wconf 92' lang='lat'><strong>:</strong></span> <span class='ocrx_word' id='word_1_125' title='bbox 1718 1763 1772 1819; x_wconf 89' lang='lat' dir='ltr'><strong>in</strong></span> <span class='ocrx_word' id='word_1_126' title='bbox 1807 1780 1974 1821; x_wconf 78' lang='lat' dir='ltr'><strong>caua</strong></span> 
     </span>
    </p>
   </div>
   <div class='ocr_carea' id='block_1_18' title="bbox 396 1849 1974 1937">
    <p class='ocr_par' dir='ltr' id='par_1_18' title="bbox 396 1849 1974 1937">
     <span class='ocr_line' id='line_1_18' title="bbox 396 1849 1974 1937; baseline 0.01 -38"><span class='ocrx_word' id='word_1_127' title='bbox 396 1852 581 1899; x_wconf 76' lang='lat' dir='ltr'><strong>autem</strong></span> <span class='ocrx_word' id='word_1_128' title='bbox 603 1855 686 1901; x_wconf 80' lang='lat' dir='ltr'><strong>est</strong></span> <span class='ocrx_word' id='word_1_129' title='bbox 723 1857 962 1915; x_wconf 82' lang='lat' dir='ltr'><strong>potestas</strong></span> <span class='ocrx_word' id='word_1_130' title='bbox 989 1849 1144 1905; x_wconf 84' lang='lat' dir='ltr'><strong>liberi</strong></span> <span class='ocrx_word' id='word_1_131' title='bbox 1176 1852 1412 1920; x_wconf 86' lang='lat' dir='ltr'><strong>arbitrii,</strong></span> <span class='ocrx_word' id='word_1_132' title='bbox 1448 1862 1501 1907; x_wconf 84' lang='lat' dir='ltr'><strong>et</strong></span> <span class='ocrx_word' id='word_1_133' title='bbox 1526 1854 1680 1922; x_wconf 86' lang='lat' dir='ltr'><strong>illud,</strong></span> <span class='ocrx_word' id='word_1_134' title='bbox 1704 1857 1974 1937; x_wconf 61' lang='lat' dir='ltr'><strong>proclives</strong></span> 
     </span>
    </p>
   </div>
   <div class='ocr_carea' id='block_1_19' title="bbox 399 1937 1717 2004">
    <p class='ocr_par' dir='ltr' id='par_1_19' title="bbox 399 1937 1717 2004">
     <span class='ocr_line' id='line_1_19' title="bbox 399 1937 1717 2004; baseline 0.011 -14"><span class='ocrx_word' id='word_1_135' title='bbox 399 1949 501 1992; x_wconf 89' lang='lat' dir='ltr'><strong>nos</strong></span> <span class='ocrx_word' id='word_1_136' title='bbox 534 1950 654 1992; x_wconf 86' lang='lat' dir='ltr'><strong>esse</strong></span> <span class='ocrx_word' id='word_1_137' title='bbox 676 1937 744 1993; x_wconf 87' lang='lat' dir='ltr'><strong>ab</strong></span> <span class='ocrx_word' id='word_1_138' title='bbox 772 1938 1138 1997; x_wconf 88' lang='lat' dir='ltr'><strong>adolescentia</strong></span> <span class='ocrx_word' id='word_1_139' title='bbox 1163 1953 1351 1999; x_wconf 76' lang='lat' dir='ltr'><strong>nostra</strong></span> <span class='ocrx_word' id='word_1_140' title='bbox 1381 1946 1449 2001; x_wconf 90' lang='lat' dir='ltr'><strong>ad</strong></span> <span class='ocrx_word' id='word_1_141' title='bbox 1492 1946 1717 2004; x_wconf 86' lang='lat' dir='ltr'><strong>malum.</strong></span> 
     </span>
    </p>
   </div>
   <div class='ocr_carea' id='block_1_20' title="bbox 1014 2056 1362 2114">
    <p class='ocr_par' dir='ltr' id='par_1_20' title="bbox 1014 2056 1362 2114">
     <span class='ocr_line' id='line_1_20' title="bbox 1014 2056 1362 2114; baseline 0.009 -3"><span class='ocrx_word' id='word_1_142' title='bbox 1014 2056 1246 2114; x_wconf 83' lang='lat' dir='ltr'><strong>CAPUT</strong></span> <span class='ocrx_word' id='word_1_143' title='bbox 1270 2058 1362 2114; x_wconf 82' lang='lat' dir='ltr'><strong>IX.</strong></span> 
     </span>
    </p>
   </div>
   <div class='ocr_carea' id='block_1_21' title="bbox 397 2162 1981 2237">
    <p class='ocr_par' dir='ltr' id='par_1_21' title="bbox 397 2162 1981 2237">
     <span class='ocr_line' id='line_1_21' title="bbox 397 2162 1981 2237; baseline 0.012 -19"><span class='ocrx_word' id='word_1_144' title='bbox 397 2162 555 2231; x_wconf 76' lang='lat' dir='ltr'><strong>Quod</strong></span> <span class='ocrx_word' id='word_1_145' title='bbox 586 2165 700 2221; x_wconf 82' lang='lat' dir='ltr'><strong>sola</strong></span> <span class='ocrx_word' id='word_1_146' title='bbox 740 2177 933 2224; x_wconf 82' lang='lat' dir='ltr'><strong>natura</strong></span> <span class='ocrx_word' id='word_1_147' title='bbox 965 2172 1146 2226; x_wconf 74' lang='lat' dir='ltr'><strong>divina</strong></span> <span class='ocrx_word' id='word_1_148' title='bbox 1181 2174 1467 2228; x_wconf 78' lang='lat' dir='ltr'><strong>secundum</strong></span> <span class='ocrx_word' id='word_1_149' title='bbox 1500 2178 1760 2233; x_wconf 78' lang='lat' dir='ltr'><strong>rationem</strong></span> <span class='ocrx_word' id='word_1_150' title='bbox 1805 2198 1981 2237; x_wconf 62' lang='lat' dir='ltr'><strong>cauare</strong></span> 
     </span>
    </p>
   </div>
   <div class='ocr_carea' id='block_1_22' title="bbox 466 2238 1980 2315">
    <p class='ocr_par' dir='ltr' id='par_1_22' title="bbox 466 2238 1980 2315">
     <span class='ocr_line' id='line_1_22' title="bbox 466 2238 1980 2315; baseline 0.011 -25"><span class='ocrx_word' id='word_1_151' title='bbox 466 2246 543 2290; x_wconf 79' lang='lat' dir='ltr'><strong>est</strong></span> <span class='ocrx_word' id='word_1_152' title='bbox 565 2238 985 2315; x_wconf 32' lang='lat' dir='ltr'><strong>participn‘bilis;</strong></span> <span class='ocrx_word' id='word_1_153' title='bbox 1015 2254 1065 2295; x_wconf 83' lang='lat' dir='ltr'><strong>et</strong></span> <span class='ocrx_word' id='word_1_154' title='bbox 1098 2245 1238 2309; x_wconf 81' lang='lat' dir='ltr'><strong>quod</strong></span> <span class='ocrx_word' id='word_1_155' title='bbox 1269 2248 1540 2315; x_wconf 81' lang='lat' dir='ltr'><strong>proprium</strong></span> <span class='ocrx_word' id='word_1_156' title='bbox 1581 2249 1677 2303; x_wconf 79' lang='lat' dir='ltr'><strong>Dei</strong></span> <span class='ocrx_word' id='word_1_157' title='bbox 1707 2262 1781 2303; x_wconf 66' lang='lat' dir='ltr'><strong>est</strong></span> <span class='ocrx_word' id='word_1_158' title='bbox 1824 2269 1980 2306; x_wconf 79' lang='lat' dir='ltr'><strong>voca-</strong></span> 
     </span>
    </p>
   </div>
   <div class='ocr_carea' id='block_1_23' title="bbox 385 2309 1980 2387">
    <p class='ocr_par' dir='ltr' id='par_1_23' title="bbox 385 2309 1980 2387">
     <span class='ocr_line' id='line_1_23' title="bbox 385 2309 1980 2387; baseline 0.013 -30"><span class='ocrx_word' id='word_1_159' title='bbox 385 2334 390 2341; x_wconf 90' lang='lat'><strong><em>-</em></strong></span> <span class='ocrx_word' id='word_1_160' title='bbox 469 2321 524 2387; x_wconf 51' lang='lat' dir='ltr'><strong>re</strong></span> <span class='ocrx_word' id='word_1_161' title='bbox 553 2309 733 2362; x_wconf 83' lang='lat' dir='ltr'><strong>omnia</strong></span> <span class='ocrx_word' id='word_1_162' title='bbox 757 2309 838 2387; x_wconf 75' lang='lat' dir='ltr'><strong>_at_i</strong></span> <span class='ocrx_word' id='word_1_163' title='bbox 879 2309 1437 2387; x_wconf 47' lang='lat' dir='ltr'><strong>communionemqu</strong></span> <span class='ocrx_word' id='word_1_164' title='bbox 1486 2333 1604 2386; x_wconf 70' lang='lat' dir='ltr'><strong>quae</strong></span> <span class='ocrx_word' id='word_1_165' title='bbox 1663 2321 1822 2387; x_wconf 85' lang='lat' dir='ltr'><strong>plura</strong></span> <span class='ocrx_word' id='word_1_166' title='bbox 1881 2324 1980 2378; x_wconf 76' lang='lat' dir='ltr'><strong>Dei</strong></span> 
     </span>
    </p>
   </div>
   <div class='ocr_carea' id='block_1_24' title="bbox 466 2376 1692 2454">
    <p class='ocr_par' dir='ltr' id='par_1_24' title="bbox 466 2376 1692 2454">
     <span class='ocr_line' id='line_1_24' title="bbox 466 2376 1692 2454; baseline 0.011 -25"><span class='ocrx_word' id='word_1_167' title='bbox 466 2376 607 2431; x_wconf 83' lang='lat' dir='ltr'><strong>dona</strong></span> <span class='ocrx_word' id='word_1_168' title='bbox 623 2381 972 2449; x_wconf 77' lang='lat' dir='ltr'><strong>participant,</strong></span> <span class='ocrx_word' id='word_1_169' title='bbox 997 2376 1390 2454; x_wconf 73' lang='lat' dir='ltr'><strong>prapiuquiora</strong></span> <span class='ocrx_word' id='word_1_170' title='bbox 1410 2376 1517 2441; x_wconf 72' lang='lat' dir='ltr'><strong>Deo</strong></span> <span class='ocrx_word' id='word_1_171' title='bbox 1544 2376 1692 2443; x_wconf 70' lang='lat' dir='ltr'><strong>sunt.</strong></span> 
     </span>
    </p>
   </div>
   <div class='ocr_carea' id='block_1_25' title="bbox 465 2489 1982 2574">
    <p class='ocr_par' dir='ltr' id='par_1_25' title="bbox 465 2489 1982 2574">
     <span class='ocr_line' id='line_1_25' title="bbox 465 2489 1982 2574; baseline 0.011 -30"><span class='ocrx_word' id='word_1_172' title='bbox 465 2489 762 2569; x_wconf 60' lang='lat' dir='ltr'><strong>Gregorius</strong></span> <span class='ocrx_word' id='word_1_173' title='bbox 783 2493 1120 2565; x_wconf 76' lang='lat' dir='ltr'><strong>Theologus,</strong></span> <span class='ocrx_word' id='word_1_174' title='bbox 1149 2498 1202 2553; x_wconf 89' lang='lat' dir='ltr'><strong>in</strong></span> <span class='ocrx_word' id='word_1_175' title='bbox 1237 2501 1476 2555; x_wconf 89' lang='lat' dir='ltr'><strong>secunda</strong></span> <span class='ocrx_word' id='word_1_176' title='bbox 1512 2503 1763 2559; x_wconf 82' lang='lat' dir='ltr'><strong>oratione</strong></span> <span class='ocrx_word' id='word_1_177' title='bbox 1791 2505 1858 2559; x_wconf 88' lang='lat' dir='ltr'><strong>de</strong></span> <span class='ocrx_word' id='word_1_178' title='bbox 1886 2520 1982 2574; x_wconf 88' lang='lat' dir='ltr'><strong>pa-</strong></span> 
     </span>
    </p>
   </div>
   <div class='ocr_carea' id='block_1_26' title="bbox 394 2581 1983 2661">
    <p class='ocr_par' dir='ltr' id='par_1_26' title="bbox 394 2581 1983 2661">
     <span class='ocr_line' id='line_1_26' title="bbox 394 2581 1983 2661; baseline 0.011 -27"><span class='ocrx_word' id='word_1_179' title='bbox 394 2595 460 2637; x_wconf 83' lang='lat' dir='ltr'><strong>ce</strong></span> <span class='ocrx_word' id='word_1_180' title='bbox 496 2598 511 2639; x_wconf 87' lang='lat'><strong>:</strong></span> <span class='ocrx_word' id='word_1_181' title='bbox 540 2581 658 2638; x_wconf 78' lang='lat' dir='ltr'><strong>Non</strong></span> <span class='ocrx_word' id='word_1_182' title='bbox 692 2585 860 2653; x_wconf 87' lang='lat' dir='ltr'><strong>enim,</strong></span> <span class='ocrx_word' id='word_1_183' title='bbox 893 2586 1091 2658; x_wconf 85' lang='lat' dir='ltr'><strong>inquit,</strong></span> <span class='ocrx_word' id='word_1_184' title='bbox 1113 2590 1406 2661; x_wconf 82' lang='lat' dir='ltr'><strong>quidquam</strong></span> <span class='ocrx_word' id='word_1_185' title='bbox 1429 2606 1496 2648; x_wconf 76' lang='lat' dir='ltr'><strong>es</strong></span> <span class='ocrx_word' id='word_1_186' title='bbox 1534 2596 1757 2661; x_wconf 75' lang='lat' dir='ltr'><strong>creatis,</strong></span> <span class='ocrx_word' id='word_1_187' title='bbox 1788 2606 1843 2651; x_wconf 87' lang='lat' dir='ltr'><strong>et</strong></span> <span class='ocrx_word' id='word_1_188' title='bbox 1864 2613 1983 2651; x_wconf 78' lang='lat' dir='ltr'><strong>ser-</strong></span> 
     </span>
    </p>
   </div>
   <div class='ocr_carea' id='block_1_27' title="bbox 404 2674 1981 2755">
    <p class='ocr_par' dir='ltr' id='par_1_27' title="bbox 404 2674 1981 2755">
     <span class='ocr_line' id='line_1_27' title="bbox 404 2674 1981 2755; baseline 0.009 -26"><span class='ocrx_word' id='word_1_189' title='bbox 404 2674 487 2729; x_wconf 80' lang='lat' dir='ltr'><strong>vis</strong></span> <span class='ocrx_word' id='word_1_190' title='bbox 526 2684 691 2746; x_wconf 86' lang='lat' dir='ltr'><strong>atque</strong></span> <span class='ocrx_word' id='word_1_191' title='bbox 723 2678 1196 2747; x_wconf 84' lang='lat' dir='ltr'><strong>participantibus,</strong></span> <span class='ocrx_word' id='word_1_192' title='bbox 1228 2692 1284 2736; x_wconf 91' lang='lat' dir='ltr'><strong>ct</strong></span> <span class='ocrx_word' id='word_1_193' title='bbox 1339 2684 1772 2755; x_wconf 86' lang='lat' dir='ltr'><strong>circumscriptis</strong></span> <span class='ocrx_word' id='word_1_194' title='bbox 1820 2700 1981 2743; x_wconf 67' lang='lat' dir='ltr'><strong>uatu-</strong></span> 
     </span>
    </p>
   </div>
   <div class='ocr_carea' id='block_1_28' title="bbox 391 2768 1987 2848">
    <p class='ocr_par' dir='ltr' id='par_1_28' title="bbox 391 2768 1987 2848">
     <span class='ocr_line' id='line_1_28' title="bbox 391 2768 1987 2848; baseline 0.01 -27"><span class='ocrx_word' id='word_1_195' title='bbox 391 2780 514 2822; x_wconf 85' lang='lat' dir='ltr'><strong>ram</strong></span> <span class='ocrx_word' id='word_1_196' title='bbox 542 2769 862 2835; x_wconf 88' lang='lat' dir='ltr'><strong>increatam,</strong></span> <span class='ocrx_word' id='word_1_197' title='bbox 898 2778 953 2825; x_wconf 89' lang='lat' dir='ltr'><strong>et</strong></span> <span class='ocrx_word' id='word_1_198' title='bbox 975 2771 1276 2837; x_wconf 89' lang='lat' dir='ltr'><strong>dominam,</strong></span> <span class='ocrx_word' id='word_1_199' title='bbox 1298 2782 1463 2846; x_wconf 86' lang='lat' dir='ltr'><strong>atque</strong></span> <span class='ocrx_word' id='word_1_200' title='bbox 1490 2776 1895 2848; x_wconf 84' lang='lat' dir='ltr'><strong>partieipatam,</strong></span> <span class='ocrx_word' id='word_1_201' title='bbox 1930 2768 1987 2836; x_wconf 85' lang='lat' dir='ltr'><strong>et</strong></span> 
     </span>
    </p>
   </div>
   <div class='ocr_carea' id='block_1_29' title="bbox 391 2858 1991 2939">
    <p class='ocr_par' dir='ltr' id='par_1_29' title="bbox 391 2858 1991 2939">
     <span class='ocr_line' id='line_1_29' title="bbox 391 2858 1991 2939; baseline 0.008 -22"><span class='ocrx_word' id='word_1_202' title='bbox 391 2858 668 2917; x_wconf 76' lang='lat' dir='ltr'><strong>inﬁnitam</strong></span> <span class='ocrx_word' id='word_1_203' title='bbox 684 2862 919 2939; x_wconf 76' lang='lat' dir='ltr'><strong>attingit.</strong></span> <span class='ocrx_word' id='word_1_204' title='bbox 940 2862 1006 2919; x_wconf 82' lang='lat' dir='ltr'><strong>Et</strong></span> <span class='ocrx_word' id='word_1_205' title='bbox 1034 2880 1222 2922; x_wconf 85' lang='lat' dir='ltr'><strong>rursus</strong></span> <span class='ocrx_word' id='word_1_206' title='bbox 1246 2867 1386 2922; x_wconf 88' lang='lat' dir='ltr'><strong>idem</strong></span> <span class='ocrx_word' id='word_1_207' title='bbox 1406 2870 1458 2923; x_wconf 90' lang='lat' dir='ltr'><strong>in</strong></span> <span class='ocrx_word' id='word_1_208' title='bbox 1488 2871 1733 2925; x_wconf 87' lang='lat' dir='ltr'><strong>oratione</strong></span> <span class='ocrx_word' id='word_1_209' title='bbox 1763 2872 1816 2926; x_wconf 92' lang='lat' dir='ltr'><strong>in</strong></span> <span class='ocrx_word' id='word_1_210' title='bbox 1854 2873 1991 2929; x_wconf 81' lang='lat' dir='ltr'><strong>Pen-</strong></span> 
     </span>
    </p>
   </div>
   <div class='ocr_carea' id='block_1_30' title="bbox 393 2954 1990 3034">
    <p class='ocr_par' dir='ltr' id='par_1_30' title="bbox 393 2954 1990 3034">
     <span class='ocr_line' id='line_1_30' title="bbox 393 2954 1990 3034; baseline 0.011 -32"><span class='ocrx_word' id='word_1_211' title='bbox 393 2961 637 3008; x_wconf 86' lang='lat' dir='ltr'><strong>tecosteu</strong></span> <span class='ocrx_word' id='word_1_212' title='bbox 667 2972 686 3008; x_wconf 87' lang='lat'><strong><em>:</em></strong></span> <span class='ocrx_word' id='word_1_213' title='bbox 710 2954 841 3007; x_wconf 82' lang='lat' dir='ltr'><strong>Erat</strong></span> <span class='ocrx_word' id='word_1_214' title='bbox 858 2955 1019 3023; x_wconf 78' lang='lat' dir='ltr'><strong>igitur</strong></span> <span class='ocrx_word' id='word_1_215' title='bbox 1036 2971 1254 3025; x_wconf 83' lang='lat' dir='ltr'><strong>semper</strong></span> <span class='ocrx_word' id='word_1_216' title='bbox 1276 2958 1511 3029; x_wconf 85' lang='lat' dir='ltr'><strong>Spiritus</strong></span> <span class='ocrx_word' id='word_1_217' title='bbox 1527 2971 1749 3018; x_wconf 88' lang='lat' dir='ltr'><strong>sanctus</strong></span> <span class='ocrx_word' id='word_1_218' title='bbox 1766 2967 1990 3034; x_wconf 84' lang='lat' dir='ltr'><strong>partici-</strong></span> 
     </span>
    </p>
   </div>
   <div class='ocr_carea' id='block_1_31' title="bbox 1808 1999 1817 2025">
    <p class='ocr_par' dir='ltr' id='par_1_31' title="bbox 1808 1999 1817 2025">
     <span class='ocr_line' id='line_1_31' title="bbox 1808 1999 1817 2025; baseline 0 -2"><span class='ocrx_word' id='word_1_219' title='bbox 1808 1999 1817 2025; x_wconf 85' lang='grc' dir='ltr'><strong>ι</strong></span> 
     </span>
    </p>
   </div>
   <div class='ocr_carea' id='block_1_32' title="bbox 393 3047 2015 3124">
    <p class='ocr_par' dir='ltr' id='par_1_32' title="bbox 393 3047 2015 3124">
     <span class='ocr_line' id='line_1_32' title="bbox 393 3047 2015 3124; baseline 0.01 -28"><span class='ocrx_word' id='word_1_220' title='bbox 393 3052 579 3114; x_wconf 83' lang='lat' dir='ltr'><strong>patos,</strong></span> <span class='ocrx_word' id='word_1_221' title='bbox 604 3060 709 3100; x_wconf 89' lang='lat' dir='ltr'><strong>non</strong></span> <span class='ocrx_word' id='word_1_222' title='bbox 737 3047 1106 3116; x_wconf 81' lang='lat' dir='ltr'><strong>participans;</strong></span> <span class='ocrx_word' id='word_1_223' title='bbox 1135 3051 1442 3121; x_wconf 85' lang='lat' dir='ltr'><strong>perliciens.</strong></span> <span class='ocrx_word' id='word_1_224' title='bbox 1466 3068 1570 3109; x_wconf 88' lang='lat' dir='ltr'><strong>non</strong></span> <span class='ocrx_word' id='word_1_225' title='bbox 1600 3056 1894 3124; x_wconf 79' lang='lat' dir='ltr'><strong>perfeCtus.</strong></span> <span class='ocrx_word' id='word_1_226' title='bbox 1923 3056 2015 3113; x_wconf 75' lang='lat' dir='ltr'><strong>Et&#39;</strong></span> 
     </span>
    </p>
   </div>
   <div class='ocr_carea' id='block_1_33' title="bbox 375 3134 1979 3215">
    <p class='ocr_par' dir='ltr' id='par_1_33' title="bbox 375 3134 1979 3215">
     <span class='ocr_line' id='line_1_33' title="bbox 375 3134 1979 3215; baseline 0.011 -29"><span class='ocrx_word' id='word_1_227' title='bbox 375 3141 621 3204; x_wconf 80' lang='lat' dir='ltr'><strong>magnus</strong></span> <span class='ocrx_word' id='word_1_228' title='bbox 642 3134 895 3204; x_wconf 64' lang='lat' dir='ltr'><strong>Bisilius,</strong></span> <span class='ocrx_word' id='word_1_229' title='bbox 930 3139 983 3193; x_wconf 92' lang='lat' dir='ltr'><strong>in</strong></span> <span class='ocrx_word' id='word_1_230' title='bbox 1003 3140 1142 3196; x_wconf 86' lang='lat' dir='ltr'><strong>libro</strong></span> <span class='ocrx_word' id='word_1_231' title='bbox 1172 3142 1367 3211; x_wconf 90' lang='lat' dir='ltr'><strong>quinto</strong></span> <span class='ocrx_word' id='word_1_232' title='bbox 1392 3143 1460 3197; x_wconf 90' lang='lat' dir='ltr'><strong>ad</strong></span> <span class='ocrx_word' id='word_1_233' title='bbox 1486 3146 1925 3215; x_wconf 81' lang='lat' dir='ltr'><strong>Amphilochium</strong></span> <span class='ocrx_word' id='word_1_234' title='bbox 1962 3165 1979 3204; x_wconf 89' lang='lat'><strong>:</strong></span> 
     </span>
    </p>
   </div>
   <div class='ocr_carea' id='block_1_34' title="bbox 2076 666 3642 735">
    <p class='ocr_par' dir='ltr' id='par_1_34' title="bbox 2076 666 3642 735">
     <span class='ocr_line' id='line_1_34' title="bbox 2076 666 3642 735; baseline -0.001 -14"><span class='ocrx_word' id='word_1_235' title='bbox 2076 666 2484 723; x_wconf 82' lang='lat' dir='ltr'><strong>lirmamantum</strong></span> <span class='ocrx_word' id='word_1_236' title='bbox 2561 668 2824 735; x_wconf 89' lang='lat' dir='ltr'><strong>omnium,</strong></span> <span class='ocrx_word' id='word_1_237' title='bbox 2905 669 3311 724; x_wconf 87' lang='lat' dir='ltr'><strong>fundamentum</strong></span> <span class='ocrx_word' id='word_1_238' title='bbox 3380 670 3642 730; x_wconf 86' lang='lat' dir='ltr'><strong>omnium,</strong></span> 
     </span>
    </p>
   </div>
   <div class='ocr_carea' id='block_1_35' title="bbox 2076 764 3647 833">
    <p class='ocr_par' dir='ltr' id='par_1_35' title="bbox 2076 764 3647 833">
     <span class='ocr_line' id='line_1_35' title="bbox 2076 764 3647 833; baseline 0 -18"><span class='ocrx_word' id='word_1_239' title='bbox 2076 764 2396 833; x_wconf 83' lang='lat' dir='ltr'><strong>principium</strong></span> <span class='ocrx_word' id='word_1_240' title='bbox 2427 765 2691 831; x_wconf 89' lang='lat' dir='ltr'><strong>omnium,</strong></span> <span class='ocrx_word' id='word_1_241' title='bbox 2735 781 2799 820; x_wconf 75' lang='lat' dir='ltr'><strong>ett</strong></span> <span class='ocrx_word' id='word_1_242' title='bbox 2832 781 2941 833; x_wconf 86' lang='lat' dir='ltr'><strong>quo</strong></span> <span class='ocrx_word' id='word_1_243' title='bbox 2968 774 3191 819; x_wconf 86' lang='lat' dir='ltr'><strong>manant</strong></span> <span class='ocrx_word' id='word_1_244' title='bbox 3231 765 3436 831; x_wconf 81' lang='lat' dir='ltr'><strong>omnia,</strong></span> <span class='ocrx_word' id='word_1_245' title='bbox 3485 773 3537 818; x_wconf 91' lang='lat' dir='ltr'><strong>et</strong></span> <span class='ocrx_word' id='word_1_246' title='bbox 3589 767 3647 816; x_wconf 86' lang='lat' dir='ltr'><strong>in</strong></span> 
     </span>
    </p>
   </div>
   <div class='ocr_carea' id='block_1_36' title="bbox 2076 856 3645 926">
    <p class='ocr_par' dir='ltr' id='par_1_36' title="bbox 2076 856 3645 926">
     <span class='ocr_line' id='line_1_36' title="bbox 2076 856 3645 926; baseline -0.003 -16"><span class='ocrx_word' id='word_1_247' title='bbox 2076 856 2220 926; x_wconf 88' lang='lat' dir='ltr'><strong>quod</strong></span> <span class='ocrx_word' id='word_1_248' title='bbox 2260 866 2485 924; x_wconf 76' lang='lat' dir='ltr'><strong>Vergunt</strong></span> <span class='ocrx_word' id='word_1_249' title='bbox 2517 857 2697 911; x_wconf 80' lang='lat' dir='ltr'><strong>omnia</strong></span> <span class='ocrx_word' id='word_1_250' title='bbox 2734 856 3099 926; x_wconf 82' lang='lat' dir='ltr'><strong>;principinm</strong></span> <span class='ocrx_word' id='word_1_251' title='bbox 3140 867 3193 911; x_wconf 91' lang='lat' dir='ltr'><strong>et</strong></span> <span class='ocrx_word' id='word_1_252' title='bbox 3231 856 3377 919; x_wconf 84' lang='lat' dir='ltr'><strong>linis,</strong></span> <span class='ocrx_word' id='word_1_253' title='bbox 3405 874 3441 909; x_wconf 84' lang='grc' dir='ltr'>α</span> <span class='ocrx_word' id='word_1_254' title='bbox 3496 864 3551 908; x_wconf 86' lang='lat' dir='ltr'><strong>et</strong></span> <span class='ocrx_word' id='word_1_255' title='bbox 3576 875 3645 917; x_wconf 81' lang='grc' dir='ltr'><strong>ω,</strong></span> 
     </span>
    </p>
   </div>
   <div class='ocr_carea' id='block_1_37' title="bbox 2076 936 3642 1019">
    <p class='ocr_par' dir='ltr' id='par_1_37' title="bbox 2076 936 3642 1019">
     <span class='ocr_line' id='line_1_37' title="bbox 2076 936 3642 1019; baseline -0.003 -15"><span class='ocrx_word' id='word_1_256' title='bbox 2076 958 2135 1004; x_wconf 91' lang='lat' dir='ltr'><strong>ut</strong></span> <span class='ocrx_word' id='word_1_257' title='bbox 2160 950 2384 1019; x_wconf 66' lang='lat' dir='ltr'><strong>pulchre</strong></span> <span class='ocrx_word' id='word_1_258' title='bbox 2411 949 2547 1003; x_wconf 81' lang='lat' dir='ltr'><strong>dixit</strong></span> <span class='ocrx_word' id='word_1_259' title='bbox 2573 950 2662 1019; x_wconf 88' lang='lat' dir='ltr'><strong>qui</strong></span> <span class='ocrx_word' id='word_1_260' title='bbox 2721 936 3290 1017; x_wconf 69' lang='lat' dir='ltr'><strong>theologiamtradeus</strong></span> <span class='ocrx_word' id='word_1_261' title='bbox 3337 948 3642 1015; x_wconf 73' lang='lat' dir='ltr'><strong>theologum</strong></span> 
     </span>
    </p>
   </div>
   <div class='ocr_carea' id='block_1_38' title="bbox 2075 1040 3655 1110">
    <p class='ocr_par' dir='ltr' id='par_1_38' title="bbox 2075 1040 3655 1110">
     <span class='ocr_line' id='line_1_38' title="bbox 2075 1040 3655 1110; baseline -0.003 -13"><span class='ocrx_word' id='word_1_262' title='bbox 2075 1043 2257 1097; x_wconf 88' lang='lat' dir='ltr'><strong>docuit</strong></span> <span class='ocrx_word' id='word_1_263' title='bbox 2281 1044 2366 1110; x_wconf 74' lang='lat'><strong>&quot;;</strong></span> <span class='ocrx_word' id='word_1_264' title='bbox 2403 1040 2570 1097; x_wconf 72' lang='lat' dir='ltr'><strong>causa</strong></span> <span class='ocrx_word' id='word_1_265' title='bbox 2600 1053 2656 1096; x_wconf 89' lang='lat' dir='ltr'><strong>ut</strong></span> <span class='ocrx_word' id='word_1_266' title='bbox 2701 1043 2807 1097; x_wconf 88' lang='lat' dir='ltr'><strong>sint</strong></span> <span class='ocrx_word' id='word_1_267' title='bbox 2840 1058 2904 1096; x_wconf 76' lang='lat' dir='ltr'><strong>ea</strong></span> <span class='ocrx_word' id='word_1_268' title='bbox 2939 1057 3059 1108; x_wconf 66' lang='lat' dir='ltr'><strong>quae</strong></span> <span class='ocrx_word' id='word_1_269' title='bbox 3088 1052 3250 1107; x_wconf 83' lang='lat' dir='ltr'><strong>sunt;</strong></span> <span class='ocrx_word' id='word_1_270' title='bbox 3288 1041 3378 1110; x_wconf 92' lang='lat' dir='ltr'><strong>qui</strong></span> <span class='ocrx_word' id='word_1_271' title='bbox 3414 1041 3478 1094; x_wconf 86' lang='lat' dir='ltr'><strong>iis</strong></span> <span class='ocrx_word' id='word_1_272' title='bbox 3531 1054 3655 1109; x_wconf 61' lang='lat' dir='ltr'><strong>qua!</strong></span> 
     </span>
    </p>
   </div>
   <div class='ocr_carea' id='block_1_39' title="bbox 2077 1132 3646 1199">
    <p class='ocr_par' dir='ltr' id='par_1_39' title="bbox 2077 1132 3646 1199">
     <span class='ocr_line' id='line_1_39' title="bbox 2077 1132 3646 1199; baseline -0.002 -11"><span class='ocrx_word' id='word_1_273' title='bbox 2077 1134 2315 1188; x_wconf 84' lang='lat' dir='ltr'><strong>nondum</strong></span> <span class='ocrx_word' id='word_1_274' title='bbox 2347 1137 2641 1189; x_wconf 88' lang='lat' dir='ltr'><strong>constituta</strong></span> <span class='ocrx_word' id='word_1_275' title='bbox 2669 1144 2850 1194; x_wconf 87' lang='lat' dir='ltr'><strong>erant.</strong></span> <span class='ocrx_word' id='word_1_276' title='bbox 2890 1134 3256 1188; x_wconf 86' lang='lat' dir='ltr'><strong>substantiam</strong></span> <span class='ocrx_word' id='word_1_277' title='bbox 3308 1132 3494 1196; x_wconf 84' lang='lat' dir='ltr'><strong>dedit;</strong></span> <span class='ocrx_word' id='word_1_278' title='bbox 3556 1132 3646 1199; x_wconf 81' lang='lat' dir='ltr'><strong>qui</strong></span> 
     </span>
    </p>
   </div>
   <div class='ocr_carea' id='block_1_40' title="bbox 2075 1223 3733 1301">
    <p class='ocr_par' dir='ltr' id='par_1_40' title="bbox 2075 1223 3733 1301">
     <span class='ocr_line' id='line_1_40' title="bbox 2075 1223 3733 1301; baseline -0.003 -21"><span class='ocrx_word' id='word_1_279' title='bbox 2075 1225 2420 1293; x_wconf 85' lang='lat' dir='ltr'><strong>substantiis,</strong></span> <span class='ocrx_word' id='word_1_280' title='bbox 2461 1241 2598 1296; x_wconf 81' lang='lat' dir='ltr'><strong>quas</strong></span> <span class='ocrx_word' id='word_1_281' title='bbox 2629 1240 2695 1301; x_wconf 83' lang='lat' dir='ltr'><strong>e_x</strong></span> <span class='ocrx_word' id='word_1_282' title='bbox 2724 1226 2896 1280; x_wconf 89' lang='lat' dir='ltr'><strong>nihilo</strong></span> <span class='ocrx_word' id='word_1_283' title='bbox 2923 1224 3073 1288; x_wconf 85' lang='lat' dir='ltr'><strong>fecit,</strong></span> <span class='ocrx_word' id='word_1_284' title='bbox 3106 1223 3348 1278; x_wconf 87' lang='lat' dir='ltr'><strong>ordinem</strong></span> <span class='ocrx_word' id='word_1_285' title='bbox 3406 1223 3652 1278; x_wconf 75' lang='lat' dir='ltr'><strong>adhibuit</strong></span> <span class='ocrx_word' id='word_1_286' title='bbox 3730 1294 3733 1295; x_wconf 15' lang='grc' dir='ltr'><em>ν</em></span> 
     </span>
    </p>
   </div>
   <div class='ocr_carea' id='block_1_41' title="bbox 2076 1315 3653 1382">
    <p class='ocr_par' dir='ltr' id='par_1_41' title="bbox 2076 1315 3653 1382">
     <span class='ocr_line' id='line_1_41' title="bbox 2076 1315 3653 1382; baseline -0.001 -11"><span class='ocrx_word' id='word_1_287' title='bbox 2076 1326 2132 1371; x_wconf 92' lang='lat' dir='ltr'><strong>et</strong></span> <span class='ocrx_word' id='word_1_288' title='bbox 2175 1326 2233 1370; x_wconf 92' lang='lat' dir='ltr'><strong>ut</strong></span> <span class='ocrx_word' id='word_1_289' title='bbox 2285 1318 2548 1372; x_wconf 84' lang='lat' dir='ltr'><strong>durarent</strong></span> <span class='ocrx_word' id='word_1_290' title='bbox 2605 1327 2660 1373; x_wconf 92' lang='lat' dir='ltr'><strong>et</strong></span> <span class='ocrx_word' id='word_1_291' title='bbox 2712 1326 3189 1379; x_wconf 84' lang='lat' dir='ltr'><strong>conservarentur,</strong></span> <span class='ocrx_word' id='word_1_292' title='bbox 3255 1315 3416 1382; x_wconf 88' lang='lat' dir='ltr'><strong>fecit;</strong></span> <span class='ocrx_word' id='word_1_293' title='bbox 3459 1327 3653 1370; x_wconf 79' lang='lat' dir='ltr'><strong>natura</strong></span> 
     </span>
    </p>
   </div>
   <div class='ocr_carea' id='block_1_42' title="bbox 2076 1407 3646 1477">
    <p class='ocr_par' dir='ltr' id='par_1_42' title="bbox 2076 1407 3646 1477">
     <span class='ocr_line' id='line_1_42' title="bbox 2076 1407 3646 1477; baseline -0.003 -12"><span class='ocrx_word' id='word_1_294' title='bbox 2076 1410 2341 1475; x_wconf 78' lang='lat' dir='ltr'><strong>creatrix,</strong></span> <span class='ocrx_word' id='word_1_295' title='bbox 2364 1421 2606 1477; x_wconf 81' lang='lat' dir='ltr'><strong>potestas</strong></span> <span class='ocrx_word' id='word_1_296' title='bbox 2629 1409 2732 1463; x_wconf 89' lang='lat' dir='ltr'><strong>vim</strong></span> <span class='ocrx_word' id='word_1_297' title='bbox 2758 1410 3017 1473; x_wconf 81' lang='lat' dir='ltr'><strong>faciendi,</strong></span> <span class='ocrx_word' id='word_1_298' title='bbox 3058 1407 3404 1474; x_wconf 88' lang='lat' dir='ltr'><strong>inspiciendi,</strong></span> <span class='ocrx_word' id='word_1_299' title='bbox 3433 1418 3486 1463; x_wconf 88' lang='lat' dir='ltr'><strong>et</strong></span> <span class='ocrx_word' id='word_1_300' title='bbox 3518 1422 3646 1476; x_wconf 84' lang='lat' dir='ltr'><strong>pro—</strong></span> 
     </span>
    </p>
   </div>
   <div class='ocr_carea' id='block_1_43' title="bbox 2078 1500 3647 1568">
    <p class='ocr_par' dir='ltr' id='par_1_43' title="bbox 2078 1500 3647 1568">
     <span class='ocr_line' id='line_1_43' title="bbox 2078 1500 3647 1568; baseline -0.001 -14"><span class='ocrx_word' id='word_1_301' title='bbox 2078 1503 2291 1556; x_wconf 87' lang='lat' dir='ltr'><strong>videndi</strong></span> <span class='ocrx_word' id='word_1_302' title='bbox 2323 1501 2526 1557; x_wconf 87' lang='lat' dir='ltr'><strong>habens</strong></span> <span class='ocrx_word' id='word_1_303' title='bbox 2561 1520 2578 1568; x_wconf 90' lang='lat'><strong>;</strong></span> <span class='ocrx_word' id='word_1_304' title='bbox 2612 1503 2721 1556; x_wconf 88' lang='lat' dir='ltr'><strong>vita</strong></span> <span class='ocrx_word' id='word_1_305' title='bbox 2753 1511 2809 1557; x_wconf 90' lang='lat' dir='ltr'><strong>et</strong></span> <span class='ocrx_word' id='word_1_306' title='bbox 2867 1502 3077 1564; x_wconf 80' lang='lat' dir='ltr'><strong>vivens,</strong></span> <span class='ocrx_word' id='word_1_307' title='bbox 3120 1500 3422 1555; x_wconf 76' lang='lat' dir='ltr'><strong>subStantia</strong></span> <span class='ocrx_word' id='word_1_308' title='bbox 3476 1500 3647 1552; x_wconf 84' lang='lat' dir='ltr'><strong>vitam</strong></span> 
     </span>
    </p>
   </div>
   <div class='ocr_carea' id='block_1_44' title="bbox 2075 1581 3637 1664">
    <p class='ocr_par' dir='ltr' id='par_1_44' title="bbox 2075 1581 3637 1664">
     <span class='ocr_line' id='line_1_44' title="bbox 2075 1581 3637 1664; baseline -0.004 -18"><span class='ocrx_word' id='word_1_309' title='bbox 2075 1581 2365 1664; x_wconf 57' lang='lat' dir='ltr'><strong>praebens;</strong></span> <span class='ocrx_word' id='word_1_310' title='bbox 2399 1604 2585 1647; x_wconf 86' lang='lat' dir='ltr'><strong>natura</strong></span> <span class='ocrx_word' id='word_1_311' title='bbox 2619 1593 2731 1647; x_wconf 87' lang='lat' dir='ltr'><strong>sola</strong></span> <span class='ocrx_word' id='word_1_312' title='bbox 2799 1593 3218 1663; x_wconf 83' lang='lat' dir='ltr'><strong>participabilis.</strong></span> <span class='ocrx_word' id='word_1_313' title='bbox 3273 1606 3397 1660; x_wconf 64' lang='lat' dir='ltr'><strong>quae</strong></span> <span class='ocrx_word' id='word_1_314' title='bbox 3458 1590 3637 1643; x_wconf 80' lang='lat' dir='ltr'><strong>omnia</strong></span> 
     </span>
    </p>
   </div>
   <div class='ocr_carea' id='block_1_45' title="bbox 2076 1678 3652 1753">
    <p class='ocr_par' dir='ltr' id='par_1_45' title="bbox 2076 1678 3652 1753">
     <span class='ocr_line' id='line_1_45' title="bbox 2076 1678 3652 1753; baseline -0.006 -13"><span class='ocrx_word' id='word_1_315' title='bbox 2076 1684 2238 1751; x_wconf 90' lang='lat' dir='ltr'><strong>capit,</strong></span> <span class='ocrx_word' id='word_1_316' title='bbox 2258 1694 2311 1739; x_wconf 90' lang='lat' dir='ltr'><strong>ct</strong></span> <span class='ocrx_word' id='word_1_317' title='bbox 2333 1700 2363 1740; x_wconf 91' lang='lat' dir='ltr'><strong>a</strong></span> <span class='ocrx_word' id='word_1_318' title='bbox 2386 1683 2531 1739; x_wconf 87' lang='lat' dir='ltr'><strong>tmllo</strong></span> <span class='ocrx_word' id='word_1_319' title='bbox 2553 1682 2765 1753; x_wconf 85' lang='lat' dir='ltr'><strong>capitur</strong></span> <span class='ocrx_word' id='word_1_320' title='bbox 2788 1701 2804 1749; x_wconf 91' lang='lat'><strong>;</strong></span> <span class='ocrx_word' id='word_1_321' title='bbox 2825 1691 2878 1737; x_wconf 92' lang='lat' dir='ltr'><strong>et</strong></span> <span class='ocrx_word' id='word_1_322' title='bbox 2895 1681 3022 1750; x_wconf 87' lang='lat' dir='ltr'><strong>quid</strong></span> <span class='ocrx_word' id='word_1_323' title='bbox 3047 1688 3221 1748; x_wconf 90' lang='lat' dir='ltr'><strong>potest</strong></span> <span class='ocrx_word' id='word_1_324' title='bbox 3237 1678 3502 1747; x_wconf 84' lang='lat' dir='ltr'><strong>quispiam</strong></span> <span class='ocrx_word' id='word_1_325' title='bbox 3524 1691 3652 1733; x_wconf 82' lang='lat' dir='ltr'><strong>cum</strong></span> 
     </span>
    </p>
   </div>
   <div class='ocr_carea' id='block_1_46' title="bbox 2076 1771 3654 1842">
    <p class='ocr_par' dir='ltr' id='par_1_46' title="bbox 2076 1771 3654 1842">
     <span class='ocr_line' id='line_1_46' title="bbox 2076 1771 3654 1842; baseline -0.006 -13"><span class='ocrx_word' id='word_1_326' title='bbox 2076 1773 2288 1830; x_wconf 82' lang='lat' dir='ltr'><strong>infinita</strong></span> <span class='ocrx_word' id='word_1_327' title='bbox 2315 1774 2623 1837; x_wconf 88' lang='lat' dir='ltr'><strong>tentaverit,</strong></span> <span class='ocrx_word' id='word_1_328' title='bbox 2654 1776 2720 1829; x_wconf 91' lang='lat' dir='ltr'><strong>de</strong></span> <span class='ocrx_word' id='word_1_329' title='bbox 2765 1788 2830 1828; x_wconf 90' lang='lat' dir='ltr'><strong>eo</strong></span> <span class='ocrx_word' id='word_1_330' title='bbox 2864 1771 3064 1836; x_wconf 88' lang='lat' dir='ltr'><strong>dicere,</strong></span> <span class='ocrx_word' id='word_1_331' title='bbox 3094 1772 3185 1842; x_wconf 91' lang='lat' dir='ltr'><strong>qui</strong></span> <span class='ocrx_word' id='word_1_332' title='bbox 3220 1785 3325 1825; x_wconf 89' lang='lat' dir='ltr'><strong>non</strong></span> <span class='ocrx_word' id='word_1_333' title='bbox 3354 1777 3529 1837; x_wconf 87' lang='lat' dir='ltr'><strong>potest</strong></span> <span class='ocrx_word' id='word_1_334' title='bbox 3560 1783 3654 1822; x_wconf 79' lang='lat' dir='ltr'><strong>ex-</strong></span> 
     </span>
    </p>
   </div>
   <div class='ocr_carea' id='block_1_47' title="bbox 2012 1864 3655 1963">
    <p class='ocr_par' dir='ltr' id='par_1_47' title="bbox 2012 1864 3655 1963">
     <span class='ocr_line' id='line_1_47' title="bbox 2012 1864 3655 1963; baseline -0.005 -42"><span class='ocrx_word' id='word_1_335' title='bbox 2012 1908 2049 1963; x_wconf 76' lang='lat' dir='ltr'><strong>B</strong></span> <span class='ocrx_word' id='word_1_336' title='bbox 2080 1866 2285 1936; x_wconf 83' lang='lat' dir='ltr'><strong>primi?</strong></span> <span class='ocrx_word' id='word_1_337' title='bbox 2334 1865 2488 1932; x_wconf 87' lang='lat' dir='ltr'><strong>Quod</strong></span> <span class='ocrx_word' id='word_1_338' title='bbox 2520 1867 2665 1921; x_wconf 90' lang='lat' dir='ltr'><strong>enim</strong></span> <span class='ocrx_word' id='word_1_339' title='bbox 2715 1864 2888 1921; x_wconf 81' lang='lat' dir='ltr'><strong>semel</strong></span> <span class='ocrx_word' id='word_1_340' title='bbox 2947 1864 3054 1918; x_wconf 87' lang='lat' dir='ltr'><strong>dici</strong></span> <span class='ocrx_word' id='word_1_341' title='bbox 3134 1878 3239 1963; x_wconf 71' lang='lat' dir='ltr'><strong>non</strong></span> <span class='ocrx_word' id='word_1_342' title='bbox 3289 1868 3485 1963; x_wconf 72' lang='lat' dir='ltr'><strong>potest,</strong></span> <span class='ocrx_word' id='word_1_343' title='bbox 3543 1875 3655 1913; x_wconf 87' lang='lat' dir='ltr'><strong>non</strong></span> 
     </span>
    </p>
   </div>
   <div class='ocr_carea' id='block_1_48' title="bbox 2080 1953 3655 2026">
    <p class='ocr_par' dir='ltr' id='par_1_48' title="bbox 2080 1953 3655 2026">
     <span class='ocr_line' id='line_1_48' title="bbox 2080 1953 3655 2026; baseline -0.003 -15"><span class='ocrx_word' id='word_1_344' title='bbox 2080 1956 2444 2026; x_wconf 77' lang='lat' dir='ltr'><strong>explicabitur</strong></span> <span class='ocrx_word' id='word_1_345' title='bbox 2472 1974 2488 2012; x_wconf 88' lang='lat'><strong>:</strong></span> <span class='ocrx_word' id='word_1_346' title='bbox 2517 1965 2573 2012; x_wconf 91' lang='lat' dir='ltr'><strong>et</strong></span> <span class='ocrx_word' id='word_1_347' title='bbox 2601 1957 2746 2026; x_wconf 88' lang='lat' dir='ltr'><strong>quod</strong></span> <span class='ocrx_word' id='word_1_348' title='bbox 2777 1967 2858 2012; x_wconf 88' lang='lat' dir='ltr'><strong>est</strong></span> <span class='ocrx_word' id='word_1_349' title='bbox 2882 1956 3025 2010; x_wconf 91' lang='lat' dir='ltr'><strong>ultra</strong></span> <span class='ocrx_word' id='word_1_350' title='bbox 3068 1953 3437 2021; x_wconf 85' lang='lat' dir='ltr'><strong>omnia,nulla</strong></span> <span class='ocrx_word' id='word_1_351' title='bbox 3497 1968 3655 2008; x_wconf 86' lang='lat' dir='ltr'><strong>mens</strong></span> 
     </span>
    </p>
   </div>
   <div class='ocr_carea' id='block_1_49' title="bbox 2076 2045 3656 2117">
    <p class='ocr_par' dir='ltr' id='par_1_49' title="bbox 2076 2045 3656 2117">
     <span class='ocr_line' id='line_1_49' title="bbox 2076 2045 3656 2117; baseline -0.006 -13"><span class='ocrx_word' id='word_1_352' title='bbox 2076 2049 2526 2117; x_wconf 78' lang='lat' dir='ltr'><strong>comprehendet,</strong></span> <span class='ocrx_word' id='word_1_353' title='bbox 2555 2049 2657 2103; x_wconf 86' lang='lat' dir='ltr'><strong>etsi</strong></span> <span class='ocrx_word' id='word_1_354' title='bbox 2705 2046 2947 2102; x_wconf 87' lang='lat' dir='ltr'><strong>omnium</strong></span> <span class='ocrx_word' id='word_1_355' title='bbox 2973 2047 3042 2100; x_wconf 90' lang='lat' dir='ltr'><strong>sit</strong></span> <span class='ocrx_word' id='word_1_356' title='bbox 3084 2045 3432 2099; x_wconf 60' lang='lat' dir='ltr'><strong>subtilissima</strong></span> <span class='ocrx_word' id='word_1_357' title='bbox 3465 2045 3529 2098; x_wconf 83' lang='lat' dir='ltr'><strong>ad</strong></span> <span class='ocrx_word' id='word_1_358' title='bbox 3558 2058 3656 2110; x_wconf 83' lang='lat' dir='ltr'><strong>pe-</strong></span> 
     </span>
    </p>
   </div>
   <div class='ocr_carea' id='block_1_50' title="bbox 2082 2138 3659 2211">
    <p class='ocr_par' dir='ltr' id='par_1_50' title="bbox 2082 2138 3659 2211">
     <span class='ocr_line' id='line_1_50' title="bbox 2082 2138 3659 2211; baseline -0.004 -15"><span class='ocrx_word' id='word_1_359' title='bbox 2082 2143 2426 2198; x_wconf 88' lang='lat' dir='ltr'><strong>netrandum.</strong></span> <span class='ocrx_word' id='word_1_360' title='bbox 2459 2142 2572 2195; x_wconf 74' lang='lat' dir='ltr'><strong>[uno</strong></span> <span class='ocrx_word' id='word_1_361' title='bbox 2591 2151 2647 2196; x_wconf 89' lang='lat' dir='ltr'><strong>et</strong></span> <span class='ocrx_word' id='word_1_362' title='bbox 2688 2155 2917 2211; x_wconf 80' lang='lat' dir='ltr'><strong>magnus</strong></span> <span class='ocrx_word' id='word_1_363' title='bbox 2948 2138 3236 2209; x_wconf 67' lang='lat' dir='ltr'><strong>Dionysius</strong></span> <span class='ocrx_word' id='word_1_364' title='bbox 3263 2139 3439 2206; x_wconf 81' lang='lat' dir='ltr'><strong>capite</strong></span> <span class='ocrx_word' id='word_1_365' title='bbox 3490 2153 3659 2206; x_wconf 81' lang='lat' dir='ltr'><strong>quar-</strong></span> 
     </span>
    </p>
   </div>
   <div class='ocr_carea' id='block_1_51' title="bbox 2084 2229 3659 2290">
    <p class='ocr_par' dir='ltr' id='par_1_51' title="bbox 2084 2229 3659 2290">
     <span class='ocr_line' id='line_1_51' title="bbox 2084 2229 3659 2290; baseline -0.004 0"><span class='ocrx_word' id='word_1_366' title='bbox 2084 2244 2138 2290; x_wconf 88' lang='lat' dir='ltr'><strong>to</strong></span> <span class='ocrx_word' id='word_1_367' title='bbox 2170 2233 2400 2290; x_wconf 68' lang='lat' dir='ltr'><strong>Calcatis</strong></span> <span class='ocrx_word' id='word_1_368' title='bbox 2430 2233 2743 2288; x_wconf 68' lang='lat' dir='ltr'><strong>hieran-hia:</strong></span> <span class='ocrx_word' id='word_1_369' title='bbox 2762 2246 2782 2287; x_wconf 89' lang='lat'><strong><em>:</em></strong></span> <span class='ocrx_word' id='word_1_370' title='bbox 2812 2230 3054 2286; x_wconf 85' lang='lat' dir='ltr'><strong>Primum</strong></span> <span class='ocrx_word' id='word_1_371' title='bbox 3095 2246 3224 2286; x_wconf 86' lang='lat' dir='ltr'><strong>vero</strong></span> <span class='ocrx_word' id='word_1_372' title='bbox 3250 2232 3490 2284; x_wconf 84' lang='lat' dir='ltr'><strong>ontnium</strong></span> <span class='ocrx_word' id='word_1_373' title='bbox 3526 2229 3659 2284; x_wconf 82' lang='lat' dir='ltr'><strong>illud</strong></span> 
     </span>
    </p>
   </div>
   <div class='ocr_carea' id='block_1_52' title="bbox 2085 2318 3652 2395">
    <p class='ocr_par' dir='ltr' id='par_1_52' title="bbox 2085 2318 3652 2395">
     <span class='ocr_line' id='line_1_52' title="bbox 2085 2318 3652 2395; baseline -0.006 -14"><span class='ocrx_word' id='word_1_374' title='bbox 2085 2343 2213 2382; x_wconf 74' lang='lat' dir='ltr'><strong>vere</strong></span> <span class='ocrx_word' id='word_1_375' title='bbox 2244 2327 2530 2382; x_wconf 83' lang='lat' dir='ltr'><strong>dicendum</strong></span> <span class='ocrx_word' id='word_1_376' title='bbox 2561 2334 2667 2392; x_wconf 87' lang='lat' dir='ltr'><strong>est,</strong></span> <span class='ocrx_word' id='word_1_377' title='bbox 2720 2326 2863 2395; x_wconf 88' lang='lat' dir='ltr'><strong>quod</strong></span> <span class='ocrx_word' id='word_1_378' title='bbox 2897 2318 3162 2380; x_wconf 82' lang='lat' dir='ltr'><strong>divinitas</strong></span> <span class='ocrx_word' id='word_1_379' title='bbox 3181 2337 3302 2393; x_wconf 67' lang='lat' dir='ltr'><strong>quae</strong></span> <span class='ocrx_word' id='word_1_380' title='bbox 3335 2336 3499 2390; x_wconf 80' lang='lat' dir='ltr'><strong>supra</strong></span> <span class='ocrx_word' id='word_1_381' title='bbox 3522 2323 3652 2374; x_wconf 87' lang='lat' dir='ltr'><strong>snh-</strong></span> 
     </span>
    </p>
   </div>
   <div class='ocr_carea' id='block_1_53' title="bbox 2084 2409 3651 2480">
    <p class='ocr_par' dir='ltr' id='par_1_53' title="bbox 2084 2409 3651 2480">
     <span class='ocr_line' id='line_1_53' title="bbox 2084 2409 3651 2480; baseline -0.008 -4"><span class='ocrx_word' id='word_1_382' title='bbox 2084 2419 2340 2476; x_wconf 79' lang='lat' dir='ltr'><strong>stautiam</strong></span> <span class='ocrx_word' id='word_1_383' title='bbox 2376 2427 2481 2480; x_wconf 88' lang='lat' dir='ltr'><strong>est,</strong></span> <span class='ocrx_word' id='word_1_384' title='bbox 2503 2417 2744 2472; x_wconf 85' lang='lat' dir='ltr'><strong>bonitate</strong></span> <span class='ocrx_word' id='word_1_385' title='bbox 2782 2431 2878 2471; x_wconf 89' lang='lat' dir='ltr'><strong>sua</strong></span> <span class='ocrx_word' id='word_1_386' title='bbox 2934 2409 3266 2472; x_wconf 70' lang='lat' dir='ltr'><strong>substantias</strong></span> <span class='ocrx_word' id='word_1_387' title='bbox 3301 2428 3488 2467; x_wconf 86' lang='lat' dir='ltr'><strong>eorum</strong></span> <span class='ocrx_word' id='word_1_388' title='bbox 3534 2425 3651 2478; x_wconf 66' lang='lat' dir='ltr'><strong>qua!</strong></span> 
     </span>
    </p>
   </div>
   <div class='ocr_carea' id='block_1_54' title="bbox 2084 2500 3646 2576">
    <p class='ocr_par' dir='ltr' id='par_1_54' title="bbox 2084 2500 3646 2576">
     <span class='ocr_line' id='line_1_54' title="bbox 2084 2500 3646 2576; baseline -0.008 -13"><span class='ocrx_word' id='word_1_389' title='bbox 2084 2519 2234 2574; x_wconf 80' lang='lat' dir='ltr'><strong>sum,</strong></span> <span class='ocrx_word' id='word_1_390' title='bbox 2274 2507 2547 2576; x_wconf 74' lang='lat' dir='ltr'><strong>produxit.</strong></span> <span class='ocrx_word' id='word_1_391' title='bbox 2596 2516 2650 2561; x_wconf 91' lang='lat' dir='ltr'><strong>et</strong></span> <span class='ocrx_word' id='word_1_392' title='bbox 2679 2505 2806 2560; x_wconf 80' lang='lat' dir='ltr'><strong>fecit</strong></span> <span class='ocrx_word' id='word_1_393' title='bbox 2839 2513 2898 2558; x_wconf 90' lang='lat' dir='ltr'><strong>ut</strong></span> <span class='ocrx_word' id='word_1_394' title='bbox 2939 2504 3300 2567; x_wconf 69' lang='lat' dir='ltr'><strong>etsisterent;</strong></span> <span class='ocrx_word' id='word_1_395' title='bbox 3359 2502 3463 2555; x_wconf 85' lang='lat' dir='ltr'><strong>hoe</strong></span> <span class='ocrx_word' id='word_1_396' title='bbox 3512 2500 3646 2553; x_wconf 87' lang='lat' dir='ltr'><strong>enim</strong></span> 
     </span>
    </p>
   </div>
   <div class='ocr_carea' id='block_1_55' title="bbox 2085 2593 3655 2673">
    <p class='ocr_par' dir='ltr' id='par_1_55' title="bbox 2085 2593 3655 2673">
     <span class='ocr_line' id='line_1_55' title="bbox 2085 2593 3655 2673; baseline -0.009 -18"><span class='ocrx_word' id='word_1_397' title='bbox 2085 2602 2363 2673; x_wconf 82' lang='lat' dir='ltr'><strong>proprium</strong></span> <span class='ocrx_word' id='word_1_398' title='bbox 2389 2610 2472 2652; x_wconf 83' lang='lat' dir='ltr'><strong>est</strong></span> <span class='ocrx_word' id='word_1_399' title='bbox 2506 2597 2783 2658; x_wconf 86' lang='lat' dir='ltr'><strong>bonitatis,</strong></span> <span class='ocrx_word' id='word_1_400' title='bbox 2818 2611 2937 2663; x_wconf 66' lang='lat' dir='ltr'><strong>quae</strong></span> <span class='ocrx_word' id='word_1_401' title='bbox 2966 2610 3131 2649; x_wconf 89' lang='lat' dir='ltr'><strong>causa</strong></span> <span class='ocrx_word' id='word_1_402' title='bbox 3166 2593 3409 2647; x_wconf 77' lang='lat' dir='ltr'><strong>Omnium</strong></span> <span class='ocrx_word' id='word_1_403' title='bbox 3442 2596 3546 2647; x_wconf 83' lang='lat' dir='ltr'><strong>est.</strong></span> <span class='ocrx_word' id='word_1_404' title='bbox 3597 2594 3655 2641; x_wconf 82' lang='lat' dir='ltr'><strong>et.</strong></span> 
     </span>
    </p>
   </div>
   <div class='ocr_carea' id='block_1_56' title="bbox 2087 2681 3657 2763">
    <p class='ocr_par' dir='ltr' id='par_1_56' title="bbox 2087 2681 3657 2763">
     <span class='ocr_line' id='line_1_56' title="bbox 2087 2681 3657 2763; baseline -0.01 -15"><span class='ocrx_word' id='word_1_405' title='bbox 2087 2709 2252 2763; x_wconf 88' lang='lat' dir='ltr'><strong>supra</strong></span> <span class='ocrx_word' id='word_1_406' title='bbox 2285 2692 2462 2746; x_wconf 88' lang='lat' dir='ltr'><strong>omnia</strong></span> <span class='ocrx_word' id='word_1_407' title='bbox 2493 2699 2597 2756; x_wconf 88' lang='lat' dir='ltr'><strong>est,</strong></span> <span class='ocrx_word' id='word_1_408' title='bbox 2629 2704 2823 2745; x_wconf 81' lang='lat' dir='ltr'><strong>vocare</strong></span> <span class='ocrx_word' id='word_1_409' title='bbox 2851 2688 3105 2742; x_wconf 74' lang='lat' dir='ltr'><strong>unit&#39;ersa</strong></span> <span class='ocrx_word' id='word_1_410' title='bbox 3136 2685 3199 2739; x_wconf 91' lang='lat' dir='ltr'><strong>ad</strong></span> <span class='ocrx_word' id='word_1_411' title='bbox 3218 2685 3302 2737; x_wconf 91' lang='lat' dir='ltr'><strong>sui</strong></span> <span class='ocrx_word' id='word_1_412' title='bbox 3330 2681 3657 2737; x_wconf 84' lang='lat' dir='ltr'><strong>communio-</strong></span> 
     </span>
    </p>
   </div>
   <div class='ocr_carea' id='block_1_57' title="bbox 2088 2775 3659 2853">
    <p class='ocr_par' dir='ltr' id='par_1_57' title="bbox 2088 2775 3659 2853">
     <span class='ocr_line' id='line_1_57' title="bbox 2088 2775 3659 2853; baseline -0.013 -9"><span class='ocrx_word' id='word_1_413' title='bbox 2088 2803 2235 2853; x_wconf 86' lang='lat' dir='ltr'><strong>nem,</strong></span> <span class='ocrx_word' id='word_1_414' title='bbox 2274 2794 2334 2841; x_wconf 89' lang='lat' dir='ltr'><strong>ut</strong></span> <span class='ocrx_word' id='word_1_415' title='bbox 2358 2784 2653 2853; x_wconf 86' lang='lat' dir='ltr'><strong>unicuique</strong></span> <span class='ocrx_word' id='word_1_416' title='bbox 2676 2797 2864 2838; x_wconf 88' lang='lat' dir='ltr'><strong>eorum</strong></span> <span class='ocrx_word' id='word_1_417' title='bbox 2889 2797 3009 2850; x_wconf 64' lang='lat' dir='ltr'><strong>qum</strong></span> <span class='ocrx_word' id='word_1_418' title='bbox 3035 2789 3183 2844; x_wconf 87' lang='lat' dir='ltr'><strong>sunt,</strong></span> <span class='ocrx_word' id='word_1_419' title='bbox 3220 2793 3249 2831; x_wconf 88' lang='lat' dir='ltr'><strong>a</strong></span> <span class='ocrx_word' id='word_1_420' title='bbox 3276 2775 3496 2847; x_wconf 87' lang='lat' dir='ltr'><strong>propria</strong></span> <span class='ocrx_word' id='word_1_421' title='bbox 3526 2789 3659 2827; x_wconf 87' lang='lat' dir='ltr'><strong>con-</strong></span> 
     </span>
    </p>
   </div>
   <div class='ocr_carea' id='block_1_58' title="bbox 2088 2868 3655 2937">
    <p class='ocr_par' dir='ltr' id='par_1_58' title="bbox 2088 2868 3655 2937">
     <span class='ocr_line' id='line_1_58' title="bbox 2088 2868 3655 2937; baseline -0.009 -4"><span class='ocrx_word' id='word_1_422' title='bbox 2088 2878 2361 2935; x_wconf 75' lang='lat' dir='ltr'><strong>venientia</strong></span> <span class='ocrx_word' id='word_1_423' title='bbox 2396 2875 2678 2931; x_wconf 89' lang='lat' dir='ltr'><strong>delinitum</strong></span> <span class='ocrx_word' id='word_1_424' title='bbox 2712 2884 2816 2928; x_wconf 88' lang='lat' dir='ltr'><strong>est.</strong></span> <span class='ocrx_word' id='word_1_425' title='bbox 2870 2871 3078 2928; x_wconf 88' lang='lat' dir='ltr'><strong>Cuncta</strong></span> <span class='ocrx_word' id='word_1_426' title='bbox 3128 2868 3292 2937; x_wconf 76' lang='lat' dir='ltr'><strong>igitur</strong></span> <span class='ocrx_word' id='word_1_427' title='bbox 3337 2881 3457 2934; x_wconf 71' lang='lat' dir='ltr'><strong>qua:</strong></span> <span class='ocrx_word' id='word_1_428' title='bbox 3507 2873 3655 2927; x_wconf 87' lang='lat' dir='ltr'><strong>sunt,</strong></span> 
     </span>
    </p>
   </div>
   <div class='ocr_carea' id='block_1_59' title="bbox 2090 2954 3658 3043">
    <p class='ocr_par' dir='ltr' id='par_1_59' title="bbox 2090 2954 3658 3043">
     <span class='ocr_line' id='line_1_59' title="bbox 2090 2954 3658 3043; baseline -0.01 -22"><span class='ocrx_word' id='word_1_429' title='bbox 2090 2964 2835 3043; x_wconf 82' lang='lat' dir='ltr'><strong>participantprovidentiam</strong></span> <span class='ocrx_word' id='word_1_430' title='bbox 2870 2978 2935 3017; x_wconf 79' lang='lat' dir='ltr'><strong>ex</strong></span> <span class='ocrx_word' id='word_1_431' title='bbox 2988 2960 3272 3016; x_wconf 87' lang='lat' dir='ltr'><strong>divinitate</strong></span> <span class='ocrx_word' id='word_1_432' title='bbox 3325 2970 3486 3024; x_wconf 86' lang='lat' dir='ltr'><strong>supra</strong></span> <span class='ocrx_word' id='word_1_433' title='bbox 3533 2954 3658 3007; x_wconf 88' lang='lat' dir='ltr'><strong>sub-</strong></span> 
     </span>
    </p>
   </div>
   <div class='ocr_carea' id='block_1_60' title="bbox 2090 3054 3655 3126">
    <p class='ocr_par' dir='ltr' id='par_1_60' title="bbox 2090 3054 3655 3126">
     <span class='ocr_line' id='line_1_60' title="bbox 2090 3054 3655 3126; baseline -0.012 -9"><span class='ocrx_word' id='word_1_434' title='bbox 2090 3061 2375 3126; x_wconf 87' lang='lat' dir='ltr'><strong>stantiam,</strong></span> <span class='ocrx_word' id='word_1_435' title='bbox 2442 3068 2497 3114; x_wconf 89' lang='lat' dir='ltr'><strong>et</strong></span> <span class='ocrx_word' id='word_1_436' title='bbox 2543 3057 2785 3114; x_wconf 90' lang='lat' dir='ltr'><strong>omnium</strong></span> <span class='ocrx_word' id='word_1_437' title='bbox 2831 3054 3107 3110; x_wconf 68' lang='lat' dir='ltr'><strong>elIcclrii-e</strong></span> <span class='ocrx_word' id='word_1_438' title='bbox 3161 3058 3505 3113; x_wconf 82' lang='lat' dir='ltr'><strong>manantem;</strong></span> <span class='ocrx_word' id='word_1_439' title='bbox 3551 3060 3655 3099; x_wconf 76' lang='lat' dir='ltr'><strong>non</strong></span> 
     </span>
    </p>
   </div>
   <div class='ocr_carea' id='block_1_61' title="bbox 2091 3141 3656 3219">
    <p class='ocr_par' dir='ltr' id='par_1_61' title="bbox 2091 3141 3656 3219">
     <span class='ocr_line' id='line_1_61' title="bbox 2091 3141 3656 3219; baseline -0.013 -9"><span class='ocrx_word' id='word_1_440' title='bbox 2091 3155 2238 3210; x_wconf 90' lang='lat' dir='ltr'><strong>enim</strong></span> <span class='ocrx_word' id='word_1_441' title='bbox 2265 3163 2475 3219; x_wconf 89' lang='lat' dir='ltr'><strong>essent,</strong></span> <span class='ocrx_word' id='word_1_442' title='bbox 2507 3152 2609 3205; x_wconf 85' lang='lat' dir='ltr'><strong>nisi</strong></span> <span class='ocrx_word' id='word_1_443' title='bbox 2634 3147 3003 3207; x_wconf 69' lang='lat' dir='ltr'><strong>substantiam</strong></span> <span class='ocrx_word' id='word_1_444' title='bbox 3036 3154 3090 3199; x_wconf 90' lang='lat' dir='ltr'><strong>et</strong></span> <span class='ocrx_word' id='word_1_445' title='bbox 3145 3141 3489 3210; x_wconf 87' lang='lat' dir='ltr'><strong>participium</strong></span> <span class='ocrx_word' id='word_1_446' title='bbox 3536 3153 3656 3192; x_wconf 80' lang='lat' dir='ltr'><strong>om-</strong></span> 
     </span>
    </p>
   </div>
   <div class='ocr_carea' id='block_1_62' title="bbox 392 3227 3658 3315">
    <p class='ocr_par' dir='ltr' id='par_1_62' title="bbox 392 3227 3658 3315">
     <span class='ocr_line' id='line_1_62' title="bbox 392 3227 3658 3315; baseline 0.001 -35"><span class='ocrx_word' id='word_1_447' title='bbox 392 3227 598 3282; x_wconf 80' lang='lat' dir='ltr'><strong>Natura</strong></span> <span class='ocrx_word' id='word_1_448' title='bbox 625 3229 960 3315; x_wconf 73' lang='lat' dir='ltr'><strong>inaccessos,</strong></span> <span class='ocrx_word' id='word_1_449' title='bbox 986 3249 1155 3303; x_wconf 76' lang='lat' dir='ltr'><strong>capax</strong></span> <span class='ocrx_word' id='word_1_450' title='bbox 1182 3244 1401 3306; x_wconf 87' lang='lat' dir='ltr'><strong>propter</strong></span> <span class='ocrx_word' id='word_1_451' title='bbox 1418 3236 1739 3303; x_wconf 86' lang='lat' dir='ltr'><strong>bonitatem,</strong></span> <span class='ocrx_word' id='word_1_452' title='bbox 1761 3240 1989 3309; x_wconf 86' lang='lat' dir='ltr'><strong>implens</strong></span> <span class='ocrx_word' id='word_1_453' title='bbox 2014 3243 2062 3308; x_wconf 75' lang='grc' dir='ltr'>ο</span> <span class='ocrx_word' id='word_1_454' title='bbox 2095 3246 2242 3304; x_wconf 89' lang='lat' dir='ltr'><strong>nium</strong></span> <span class='ocrx_word' id='word_1_455' title='bbox 2264 3245 2704 3315; x_wconf 85' lang='lat' dir='ltr'><strong>participassent.</strong></span> <span class='ocrx_word' id='word_1_456' title='bbox 2722 3239 2914 3296; x_wconf 86' lang='lat' dir='ltr'><strong>Omnia</strong></span> <span class='ocrx_word' id='word_1_457' title='bbox 2944 3238 3107 3309; x_wconf 80' lang='lat' dir='ltr'><strong>igitur</strong></span> <span class='ocrx_word' id='word_1_458' title='bbox 3145 3233 3440 3290; x_wconf 84' lang='lat' dir='ltr'><strong>inanimata</strong></span> <span class='ocrx_word' id='word_1_459' title='bbox 3461 3247 3521 3285; x_wconf 87' lang='lat' dir='ltr'><strong>eo</strong></span> <span class='ocrx_word' id='word_1_460' title='bbox 3541 3232 3658 3299; x_wconf 77' lang='lat' dir='ltr'><strong>ipso</strong></span> 
     </span>
    </p>
   </div>
   <div class='ocr_carea' id='block_1_63' title="bbox 388 3319 1988 3399">
    <p class='ocr_par' dir='ltr' id='par_1_63' title="bbox 388 3319 1988 3399">
     <span class='ocr_line' id='line_1_63' title="bbox 388 3319 1988 3399; baseline 0.008 -27"><span class='ocrx_word' id='word_1_461' title='bbox 388 3319 571 3374; x_wconf 88' lang='lat' dir='ltr'><strong>omnia</strong></span> <span class='ocrx_word' id='word_1_462' title='bbox 588 3330 874 3389; x_wconf 88' lang='lat' dir='ltr'><strong>potestate,</strong></span> <span class='ocrx_word' id='word_1_463' title='bbox 904 3324 973 3378; x_wconf 87' lang='lat' dir='ltr'><strong>ab</strong></span> <span class='ocrx_word' id='word_1_464' title='bbox 993 3325 1057 3379; x_wconf 90' lang='lat' dir='ltr'><strong>iis</strong></span> <span class='ocrx_word' id='word_1_465' title='bbox 1086 3336 1297 3381; x_wconf 88' lang='lat' dir='ltr'><strong>tantum</strong></span> <span class='ocrx_word' id='word_1_466' title='bbox 1327 3330 1417 3399; x_wconf 90' lang='lat' dir='ltr'><strong>qui</strong></span> <span class='ocrx_word' id='word_1_467' title='bbox 1444 3329 1590 3399; x_wconf 78' lang='lat' dir='ltr'><strong>digni</strong></span> <span class='ocrx_word' id='word_1_468' title='bbox 1626 3340 1750 3385; x_wconf 89' lang='lat' dir='ltr'><strong>sunt</strong></span> <span class='ocrx_word' id='word_1_469' title='bbox 1773 3372 1788 3396; x_wconf 95' lang='lat'><strong>,</strong></span> <span class='ocrx_word' id='word_1_470' title='bbox 1819 3332 1988 3399; x_wconf 85' lang='lat' dir='ltr'><strong>parti-</strong></span> 
     </span>
    </p>
   </div>
   <div class='ocr_carea' id='block_1_64' title="bbox 389 3412 1987 3489">
    <p class='ocr_par' dir='ltr' id='par_1_64' title="bbox 389 3412 1987 3489">
     <span class='ocr_line' id='line_1_64' title="bbox 389 3412 1987 3489; baseline 0.007 -24"><span class='ocrx_word' id='word_1_471' title='bbox 389 3412 662 3481; x_wconf 77' lang='lat' dir='ltr'><strong>tripabilis.</strong></span> <span class='ocrx_word' id='word_1_472' title='bbox 688 3414 750 3468; x_wconf 87' lang='lat' dir='ltr'><strong>Et</strong></span> <span class='ocrx_word' id='word_1_473' title='bbox 781 3431 1008 3485; x_wconf 76' lang='lat' dir='ltr'><strong>magnus</strong></span> <span class='ocrx_word' id='word_1_474' title='bbox 1033 3418 1383 3486; x_wconf 81' lang='lat' dir='ltr'><strong>Athanasius,</strong></span> <span class='ocrx_word' id='word_1_475' title='bbox 1411 3422 1461 3474; x_wconf 90' lang='lat' dir='ltr'><strong>in</strong></span> <span class='ocrx_word' id='word_1_476' title='bbox 1485 3421 1712 3489; x_wconf 82' lang='lat' dir='ltr'><strong>cpistola</strong></span> <span class='ocrx_word' id='word_1_477' title='bbox 1733 3424 1798 3475; x_wconf 91' lang='lat' dir='ltr'><strong>ad</strong></span> <span class='ocrx_word' id='word_1_478' title='bbox 1826 3421 1987 3477; x_wconf 85' lang='lat' dir='ltr'><strong>Sera-</strong></span> 
     </span>
    </p>
   </div>
   <div class='ocr_carea' id='block_1_65' title="bbox 393 3503 1984 3583">
    <p class='ocr_par' dir='ltr' id='par_1_65' title="bbox 393 3503 1984 3583">
     <span class='ocr_line' id='line_1_65' title="bbox 393 3503 1984 3583; baseline 0.005 -28"><span class='ocrx_word' id='word_1_479' title='bbox 393 3503 647 3571; x_wconf 85' lang='lat' dir='ltr'><strong>pionem:</strong></span> <span class='ocrx_word' id='word_1_480' title='bbox 679 3504 904 3574; x_wconf 76' lang='lat' dir='ltr'><strong>Rursus,</strong></span> <span class='ocrx_word' id='word_1_481' title='bbox 931 3508 1125 3579; x_wconf 85' lang='lat' dir='ltr'><strong>inquit,</strong></span> <span class='ocrx_word' id='word_1_482' title='bbox 1154 3511 1354 3579; x_wconf 72' lang='lat' dir='ltr'><strong>aliquis</strong></span> <span class='ocrx_word' id='word_1_483' title='bbox 1375 3509 1532 3566; x_wconf 82' lang='lat' dir='ltr'><strong>velex</strong></span> <span class='ocrx_word' id='word_1_484' title='bbox 1560 3511 1641 3567; x_wconf 89' lang='lat' dir='ltr'><strong>his</strong></span> <span class='ocrx_word' id='word_1_485' title='bbox 1673 3512 1984 3583; x_wconf 82' lang='lat' dir='ltr'><strong>perspiciat,</strong></span> 
     </span>
    </p>
   </div>
   <div class='ocr_carea' id='block_1_66' title="bbox 390 3596 1984 3672">
    <p class='ocr_par' dir='ltr' id='par_1_66' title="bbox 390 3596 1984 3672">
     <span class='ocr_line' id='line_1_66' title="bbox 390 3596 1984 3672; baseline 0.007 -25"><span class='ocrx_word' id='word_1_486' title='bbox 390 3596 699 3665; x_wconf 73' lang='lat' dir='ltr'><strong>participari</strong></span> <span class='ocrx_word' id='word_1_487' title='bbox 729 3596 988 3667; x_wconf 71' lang='lat' dir='ltr'><strong>Sp‘ritum</strong></span> <span class='ocrx_word' id='word_1_488' title='bbox 1011 3609 1282 3667; x_wconf 88' lang='lat' dir='ltr'><strong>sanctum,</strong></span> <span class='ocrx_word' id='word_1_489' title='bbox 1300 3611 1354 3656; x_wconf 81' lang='lat' dir='ltr'><strong>ct</strong></span> <span class='ocrx_word' id='word_1_490' title='bbox 1370 3616 1486 3655; x_wconf 74' lang='lat' dir='ltr'><strong>non</strong></span> <span class='ocrx_word' id='word_1_491' title='bbox 1511 3602 1868 3672; x_wconf 85' lang='lat' dir='ltr'><strong>participare;</strong></span> <span class='ocrx_word' id='word_1_492' title='bbox 1890 3618 1984 3657; x_wconf 86' lang='lat' dir='ltr'><strong>ea-</strong></span> 
     </span>
    </p>
   </div>
   <div class='ocr_carea' id='block_1_67' title="bbox 391 3678 1982 3762">
    <p class='ocr_par' dir='ltr' id='par_1_67' title="bbox 391 3678 1982 3762">
     <span class='ocr_line' id='line_1_67' title="bbox 391 3678 1982 3762; baseline 0.006 -21"><span class='ocrx_word' id='word_1_493' title='bbox 391 3691 513 3741; x_wconf 91' lang='lat' dir='ltr'><strong>dem</strong></span> <span class='ocrx_word' id='word_1_494' title='bbox 546 3678 690 3744; x_wconf 80' lang='lat' dir='ltr'><strong>enim</strong></span> <span class='ocrx_word' id='word_1_495' title='bbox 709 3689 889 3745; x_wconf 83' lang='lat' dir='ltr'><strong>dicere</strong></span> <span class='ocrx_word' id='word_1_496' title='bbox 916 3708 1019 3745; x_wconf 86' lang='lat' dir='ltr'><strong>non</strong></span> <span class='ocrx_word' id='word_1_497' title='bbox 1050 3692 1217 3762; x_wconf 79' lang='lat' dir='ltr'><strong>piget.</strong></span> <span class='ocrx_word' id='word_1_498' title='bbox 1243 3691 1579 3761; x_wconf 83' lang='lat' dir='ltr'><strong>Impossibile</strong></span> <span class='ocrx_word' id='word_1_499' title='bbox 1601 3695 1740 3750; x_wconf 82' lang='lat' dir='ltr'><strong>enim</strong></span> <span class='ocrx_word' id='word_1_500' title='bbox 1764 3705 1864 3761; x_wconf 81' lang='lat' dir='ltr'><strong>est,</strong></span> <span class='ocrx_word' id='word_1_501' title='bbox 1895 3711 1982 3750; x_wconf 79' lang='lat' dir='ltr'><strong>eos</strong></span> 
     </span>
    </p>
   </div>
   <div class='ocr_carea' id='block_1_68' title="bbox 391 3781 1983 3858">
    <p class='ocr_par' dir='ltr' id='par_1_68' title="bbox 391 3781 1983 3858">
     <span class='ocr_line' id='line_1_68' title="bbox 391 3781 1983 3858; baseline 0.006 -24"><span class='ocrx_word' id='word_1_502' title='bbox 391 3781 486 3850; x_wconf 84' lang='lat' dir='ltr'><strong>qui</strong></span> <span class='ocrx_word' id='word_1_503' title='bbox 507 3782 669 3836; x_wconf 76' lang='lat' dir='ltr'><strong>semel</strong></span> <span class='ocrx_word' id='word_1_504' title='bbox 692 3782 983 3838; x_wconf 80' lang='lat' dir='ltr'><strong>illuminati</strong></span> <span class='ocrx_word' id='word_1_505' title='bbox 1005 3795 1128 3840; x_wconf 68' lang='lat' dir='ltr'><strong>sunt</strong></span> <span class='ocrx_word' id='word_1_506' title='bbox 1186 3797 1234 3841; x_wconf 88' lang='lat' dir='ltr'><strong>et</strong></span> <span class='ocrx_word' id='word_1_507' title='bbox 1255 3797 1594 3858; x_wconf 71' lang='lat' dir='ltr'><strong>gustaverunt</strong></span> <span class='ocrx_word' id='word_1_508' title='bbox 1610 3790 1806 3844; x_wconf 80' lang='lat' dir='ltr'><strong>donum</strong></span> <span class='ocrx_word' id='word_1_509' title='bbox 1825 3791 1983 3844; x_wconf 68' lang='lat' dir='ltr'><strong>co&#39;le-</strong></span> 
     </span>
    </p>
   </div>
   <div class='ocr_carea' id='block_1_69' title="bbox 391 3876 1986 3954">
    <p class='ocr_par' dir='ltr' id='par_1_69' title="bbox 391 3876 1986 3954">
     <span class='ocr_line' id='line_1_69' title="bbox 391 3876 1986 3954; baseline 0.008 -30"><span class='ocrx_word' id='word_1_510' title='bbox 391 3884 489 3937; x_wconf 64' lang='lat' dir='ltr'><strong>ste,</strong></span> <span class='ocrx_word' id='word_1_511' title='bbox 523 3884 570 3928; x_wconf 80' lang='lat' dir='ltr'><strong>et</strong></span> <span class='ocrx_word' id='word_1_512' title='bbox 592 3876 881 3945; x_wconf 76' lang='lat' dir='ltr'><strong>participes</strong></span> <span class='ocrx_word' id='word_1_513' title='bbox 910 3877 1044 3945; x_wconf 82' lang='lat' dir='ltr'><strong>facti</strong></span> <span class='ocrx_word' id='word_1_514' title='bbox 1093 3887 1218 3932; x_wconf 80' lang='lat' dir='ltr'><strong>sunt</strong></span> <span class='ocrx_word' id='word_1_515' title='bbox 1252 3879 1486 3946; x_wconf 77' lang='lat' dir='ltr'><strong>Spiritus</strong></span> <span class='ocrx_word' id='word_1_516' title='bbox 1538 3883 1734 3951; x_wconf 78' lang='lat' dir='ltr'><strong>sancti,</strong></span> <span class='ocrx_word' id='word_1_517' title='bbox 1769 3892 1819 3937; x_wconf 69' lang='lat' dir='ltr'><strong>et</strong></span> <span class='ocrx_word' id='word_1_518' title='bbox 1883 3899 1986 3954; x_wconf 86' lang='lat' dir='ltr'><strong>gu-</strong></span> 
     </span>
    </p>
   </div>
   <div class='ocr_carea' id='block_1_70' title="bbox 391 3967 1983 4042">
    <p class='ocr_par' dir='ltr' id='par_1_70' title="bbox 391 3967 1983 4042">
     <span class='ocr_line' id='line_1_70' title="bbox 391 3967 1983 4042; baseline 0.008 -25"><span class='ocrx_word' id='word_1_519' title='bbox 391 3967 871 4021; x_wconf 82' lang='lat' dir='ltr'><strong>stareruntbouum</strong></span> <span class='ocrx_word' id='word_1_520' title='bbox 900 3968 997 4024; x_wconf 85' lang='lat' dir='ltr'><strong>Dei</strong></span> <span class='ocrx_word' id='word_1_521' title='bbox 1030 3971 1239 4024; x_wconf 77' lang='lat' dir='ltr'><strong>verbum</strong></span> <span class='ocrx_word' id='word_1_522' title='bbox 1295 3970 1362 4025; x_wconf 82' lang='grc'><strong>³⁸.</strong></span> <span class='ocrx_word' id='word_1_523' title='bbox 1395 3971 1451 4026; x_wconf 93' lang='lat' dir='ltr'><strong>Si</strong></span> <span class='ocrx_word' id='word_1_524' title='bbox 1504 3973 1650 4028; x_wconf 89' lang='lat' dir='ltr'><strong>cnim</strong></span> <span class='ocrx_word' id='word_1_525' title='bbox 1701 3976 1905 4042; x_wconf 75' lang='lat' dir='ltr'><strong>angeli,</strong></span> <span class='ocrx_word' id='word_1_526' title='bbox 1928 3984 1983 4030; x_wconf 88' lang='lat' dir='ltr'><strong>et</strong></span> 
     </span>
    </p>
   </div>
   <div class='ocr_carea' id='block_1_71' title="bbox 392 4059 1979 4136">
    <p class='ocr_par' dir='ltr' id='par_1_71' title="bbox 392 4059 1979 4136">
     <span class='ocr_line' id='line_1_71' title="bbox 392 4059 1979 4136; baseline 0.007 -24"><span class='ocrx_word' id='word_1_527' title='bbox 392 4059 517 4113; x_wconf 76' lang='lat' dir='ltr'><strong>alia:</strong></span> <span class='ocrx_word' id='word_1_528' title='bbox 554 4068 822 4114; x_wconf 77' lang='lat' dir='ltr'><strong>creaturze</strong></span> <span class='ocrx_word' id='word_1_529' title='bbox 844 4061 1016 4130; x_wconf 91' lang='lat' dir='ltr'><strong>ipsum</strong></span> <span class='ocrx_word' id='word_1_530' title='bbox 1044 4060 1309 4132; x_wconf 86' lang='lat' dir='ltr'><strong>Spiritum</strong></span> <span class='ocrx_word' id='word_1_531' title='bbox 1338 4064 1703 4136; x_wconf 87' lang='lat' dir='ltr'><strong>participant;</strong></span> <span class='ocrx_word' id='word_1_532' title='bbox 1740 4069 1810 4122; x_wconf 88' lang='lat' dir='ltr'><strong>ob</strong></span> <span class='ocrx_word' id='word_1_533' title='bbox 1835 4070 1979 4124; x_wconf 88' lang='lat' dir='ltr'><strong>hanc</strong></span> 
     </span>
    </p>
   </div>
   <div class='ocr_carea' id='block_1_72' title="bbox 393 4150 1975 4229">
    <p class='ocr_par' dir='ltr' id='par_1_72' title="bbox 393 4150 1975 4229">
     <span class='ocr_line' id='line_1_72' title="bbox 393 4150 1975 4229; baseline 0.006 -25"><span class='ocrx_word' id='word_1_534' title='bbox 393 4150 539 4205; x_wconf 87' lang='lat' dir='ltr'><strong>enim</strong></span> <span class='ocrx_word' id='word_1_535' title='bbox 564 4153 1058 4208; x_wconf 78' lang='lat' dir='ltr'><strong>causantescidere</strong></span> <span class='ocrx_word' id='word_1_536' title='bbox 1082 4165 1305 4223; x_wconf 86' lang='lat' dir='ltr'><strong>possunt</strong></span> <span class='ocrx_word' id='word_1_537' title='bbox 1332 4157 1424 4228; x_wconf 92' lang='lat' dir='ltr'><strong>qui</strong></span> <span class='ocrx_word' id='word_1_538' title='bbox 1466 4173 1572 4212; x_wconf 88' lang='lat' dir='ltr'><strong>non</strong></span> <span class='ocrx_word' id='word_1_539' title='bbox 1602 4160 1934 4229; x_wconf 85' lang='lat' dir='ltr'><strong>participant</strong></span> <span class='ocrx_word' id='word_1_540' title='bbox 1960 4176 1975 4225; x_wconf 94' lang='lat'><strong>;</strong></span> 
     </span>
    </p>
   </div>
   <div class='ocr_carea' id='block_1_73' title="bbox 398 4243 1979 4320">
    <p class='ocr_par' dir='ltr' id='par_1_73' title="bbox 398 4243 1979 4320">
     <span class='ocr_line' id='line_1_73' title="bbox 398 4243 1979 4320; baseline 0.004 -22"><span class='ocrx_word' id='word_1_541' title='bbox 398 4243 640 4311; x_wconf 85' lang='lat' dir='ltr'><strong>Spiritus</strong></span> <span class='ocrx_word' id='word_1_542' title='bbox 668 4259 796 4319; x_wconf 77' lang='lat' dir='ltr'><strong>vero</strong></span> <span class='ocrx_word' id='word_1_543' title='bbox 817 4255 1041 4301; x_wconf 84' lang='lat' dir='ltr'><strong>sanctus</strong></span> <span class='ocrx_word' id='word_1_544' title='bbox 1083 4261 1303 4319; x_wconf 80' lang='lat' dir='ltr'><strong>semper</strong></span> <span class='ocrx_word' id='word_1_545' title='bbox 1352 4250 1492 4306; x_wconf 88' lang='lat' dir='ltr'><strong>idem</strong></span> <span class='ocrx_word' id='word_1_546' title='bbox 1533 4260 1638 4317; x_wconf 88' lang='lat' dir='ltr'><strong>est,</strong></span> <span class='ocrx_word' id='word_1_547' title='bbox 1685 4253 1979 4320; x_wconf 80' lang='lat' dir='ltr'><strong>participa-</strong></span> 
     </span>
    </p>
   </div>
   <div class='ocr_carea' id='block_1_74' title="bbox 397 4335 1980 4413">
    <p class='ocr_par' dir='ltr' id='par_1_74' title="bbox 397 4335 1980 4413">
     <span class='ocr_line' id='line_1_74' title="bbox 397 4335 1980 4413; baseline 0.004 -22"><span class='ocrx_word' id='word_1_548' title='bbox 397 4335 522 4392; x_wconf 89' lang='lat' dir='ltr'><strong>bilis</strong></span> <span class='ocrx_word' id='word_1_549' title='bbox 542 4346 644 4391; x_wconf 87' lang='lat' dir='ltr'><strong>est.</strong></span> <span class='ocrx_word' id='word_1_550' title='bbox 714 4336 782 4413; x_wconf 72' lang='grc' dir='ltr'>Ιεξι</span> <span class='ocrx_word' id='word_1_551' title='bbox 830 4348 1053 4395; x_wconf 74' lang='lat' dir='ltr'><strong>sanctus</strong></span> <span class='ocrx_word' id='word_1_552' title='bbox 1112 4340 1402 4407; x_wconf 74' lang='lat' dir='ltr'><strong>Maximus,</strong></span> <span class='ocrx_word' id='word_1_553' title='bbox 1451 4355 1573 4409; x_wconf 91' lang='lat' dir='ltr'><strong>cap.</strong></span> <span class='ocrx_word' id='word_1_554' title='bbox 1622 4341 1657 4396; x_wconf 86' lang='lat'>9</span> <span class='ocrx_word' id='word_1_555' title='bbox 1718 4350 1980 4398; x_wconf 68' lang='lat' dir='ltr'><strong>centuria:</strong></span> 
     </span>
    </p>
   </div>
   <div class='ocr_carea' id='block_1_75' title="bbox 400 4422 1980 4509">
    <p class='ocr_par' dir='ltr' id='par_1_75' title="bbox 400 4422 1980 4509">
     <span class='ocr_line' id='line_1_75' title="bbox 400 4422 1980 4509; baseline 0.004 -29"><span class='ocrx_word' id='word_1_556' title='bbox 400 4422 613 4496; x_wconf 53' lang='lat' dir='ltr'><strong>quarta!</strong></span> <span class='ocrx_word' id='word_1_557' title='bbox 639 4428 706 4484; x_wconf 89' lang='lat' dir='ltr'><strong>de</strong></span> <span class='ocrx_word' id='word_1_558' title='bbox 727 4429 993 4509; x_wconf 81' lang='lat' dir='ltr'><strong>charitate</strong></span> <span class='ocrx_word' id='word_1_559' title='bbox 1030 4432 1143 4487; x_wconf 87' lang='lat' dir='ltr'><strong>ait:</strong></span> <span class='ocrx_word' id='word_1_560' title='bbox 1182 4432 1331 4487; x_wconf 77' lang='lat' dir='ltr'><strong>Deus</strong></span> <span class='ocrx_word' id='word_1_561' title='bbox 1352 4431 1574 4501; x_wconf 86' lang='lat' dir='ltr'><strong>quidem</strong></span> <span class='ocrx_word' id='word_1_562' title='bbox 1612 4433 1788 4489; x_wconf 89' lang='lat' dir='ltr'><strong>solum</strong></span> <span class='ocrx_word' id='word_1_563' title='bbox 1809 4434 1980 4505; x_wconf 89' lang='lat' dir='ltr'><strong>parti-</strong></span> 
     </span>
    </p>
   </div>
   <div class='ocr_carea' id='block_1_76' title="bbox 398 4504 1975 4594">
    <p class='ocr_par' dir='ltr' id='par_1_76' title="bbox 398 4504 1975 4594">
     <span class='ocr_line' id='line_1_76' title="bbox 398 4504 1975 4594; baseline 0.003 -19"><span class='ocrx_word' id='word_1_564' title='bbox 398 4522 646 4593; x_wconf 79' lang='lat' dir='ltr'><strong>cipatur;</strong></span> <span class='ocrx_word' id='word_1_565' title='bbox 677 4504 931 4578; x_wconf 82' lang='lat' dir='ltr'><strong>creatura</strong></span> <span class='ocrx_word' id='word_1_566' title='bbox 953 4540 1083 4580; x_wconf 87' lang='lat' dir='ltr'><strong>vero</strong></span> <span class='ocrx_word' id='word_1_567' title='bbox 1141 4525 1427 4594; x_wconf 87' lang='lat' dir='ltr'><strong>participat</strong></span> <span class='ocrx_word' id='word_1_568' title='bbox 1465 4533 1520 4580; x_wconf 91' lang='lat' dir='ltr'><strong>et</strong></span> <span class='ocrx_word' id='word_1_569' title='bbox 1568 4525 1929 4581; x_wconf 88' lang='lat' dir='ltr'><strong>communicat</strong></span> <span class='ocrx_word' id='word_1_570' title='bbox 1960 4540 1975 4593; x_wconf 90' lang='lat'><strong>;</strong></span> 
     </span>
    </p>
   </div>
   <div class='ocr_carea' id='block_1_77' title="bbox 399 4618 1980 4686">
    <p class='ocr_par' dir='ltr' id='par_1_77' title="bbox 399 4618 1980 4686">
     <span class='ocr_line' id='line_1_77' title="bbox 399 4618 1980 4686; baseline 0.001 -14"><span class='ocrx_word' id='word_1_571' title='bbox 399 4628 454 4672; x_wconf 87' lang='lat' dir='ltr'><strong>et</strong></span> <span class='ocrx_word' id='word_1_572' title='bbox 483 4618 772 4686; x_wconf 85' lang='lat' dir='ltr'><strong>participat</strong></span> <span class='ocrx_word' id='word_1_573' title='bbox 803 4619 1018 4686; x_wconf 85' lang='lat' dir='ltr'><strong>quidem</strong></span> <span class='ocrx_word' id='word_1_574' title='bbox 1043 4633 1184 4682; x_wconf 90' lang='lat' dir='ltr'><strong>esse,</strong></span> <span class='ocrx_word' id='word_1_575' title='bbox 1209 4628 1264 4671; x_wconf 89' lang='lat' dir='ltr'><strong>et</strong></span> <span class='ocrx_word' id='word_1_576' title='bbox 1283 4623 1418 4671; x_wconf 86' lang='lat' dir='ltr'><strong>bene</strong></span> <span class='ocrx_word' id='word_1_577' title='bbox 1443 4632 1457 4683; x_wconf 88' lang='lat'><strong>;</strong></span> <span class='ocrx_word' id='word_1_578' title='bbox 1506 4620 1980 4674; x_wconf 82' lang='lat' dir='ltr'><strong>communicatve-</strong></span> 
     </span>
    </p>
   </div>
   <div class='ocr_carea' id='block_1_78' title="bbox 405 4709 1978 4781">
    <p class='ocr_par' dir='ltr' id='par_1_78' title="bbox 405 4709 1978 4781">
     <span class='ocr_line' id='line_1_78' title="bbox 405 4709 1978 4781; baseline 0.004 -21"><span class='ocrx_word' id='word_1_579' title='bbox 405 4726 464 4764; x_wconf 88' lang='grc' dir='ltr'>ιο</span> <span class='ocrx_word' id='word_1_580' title='bbox 486 4711 661 4766; x_wconf 85' lang='lat' dir='ltr'><strong>solum</strong></span> <span class='ocrx_word' id='word_1_581' title='bbox 698 4712 836 4766; x_wconf 79' lang='lat' dir='ltr'><strong>bene</strong></span> <span class='ocrx_word' id='word_1_582' title='bbox 859 4727 981 4766; x_wconf 87' lang='lat' dir='ltr'><strong>esse</strong></span> <span class='ocrx_word' id='word_1_583' title='bbox 1018 4725 1243 4767; x_wconf 84' lang='lat' dir='ltr'><strong>:vcrum</strong></span> <span class='ocrx_word' id='word_1_584' title='bbox 1268 4709 1425 4764; x_wconf 85' lang='lat' dir='ltr'><strong>aliter</strong></span> <span class='ocrx_word' id='word_1_585' title='bbox 1453 4711 1672 4781; x_wconf 88' lang='lat' dir='ltr'><strong>quidem</strong></span> <span class='ocrx_word' id='word_1_586' title='bbox 1721 4712 1978 4766; x_wconf 88' lang='lat' dir='ltr'><strong>substan-</strong></span> 
     </span>
    </p>
   </div>
   <div class='ocr_carea' id='block_1_79' title="bbox 404 4803 1980 4874">
    <p class='ocr_par' dir='ltr' id='par_1_79' title="bbox 404 4803 1980 4874">
     <span class='ocr_line' id='line_1_79' title="bbox 404 4803 1980 4874; baseline 0.004 -18"><span class='ocrx_word' id='word_1_587' title='bbox 404 4804 480 4858; x_wconf 85' lang='lat' dir='ltr'><strong>tia</strong></span> <span class='ocrx_word' id='word_1_588' title='bbox 531 4818 793 4874; x_wconf 85' lang='lat' dir='ltr'><strong>corporea</strong></span> <span class='ocrx_word' id='word_1_589' title='bbox 828 4805 926 4874; x_wconf 85' lang='lat' dir='ltr'><strong>(l),</strong></span> <span class='ocrx_word' id='word_1_590' title='bbox 956 4804 1115 4856; x_wconf 80' lang='lat' dir='ltr'><strong>aliter</strong></span> <span class='ocrx_word' id='word_1_591' title='bbox 1134 4803 1623 4874; x_wconf 81' lang='lat' dir='ltr'><strong>veroinrorporea.</strong></span> <span class='ocrx_word' id='word_1_592' title='bbox 1656 4804 1722 4860; x_wconf 86' lang='lat' dir='ltr'><strong>Et</strong></span> <span class='ocrx_word' id='word_1_593' title='bbox 1756 4817 1980 4863; x_wconf 87' lang='lat' dir='ltr'><strong>sanctus</strong></span> 
     </span>
    </p>
   </div>
   <div class='ocr_carea' id='block_1_80' title="bbox 401 4896 1972 4965">
    <p class='ocr_par' dir='ltr' id='par_1_80' title="bbox 401 4896 1972 4965">
     <span class='ocr_line' id='line_1_80' title="bbox 401 4896 1972 4965; baseline 0.001 -13"><span class='ocrx_word' id='word_1_594' title='bbox 401 4897 725 4953; x_wconf 70' lang='lat' dir='ltr'><strong>AnaStasius</strong></span> <span class='ocrx_word' id='word_1_595' title='bbox 748 4898 1140 4961; x_wconf 84' lang='lat' dir='ltr'><strong>Autioehenus,</strong></span> <span class='ocrx_word' id='word_1_596' title='bbox 1177 4896 1229 4950; x_wconf 91' lang='lat' dir='ltr'><strong>in</strong></span> <span class='ocrx_word' id='word_1_597' title='bbox 1261 4896 1436 4965; x_wconf 89' lang='lat' dir='ltr'><strong>primo</strong></span> <span class='ocrx_word' id='word_1_598' title='bbox 1471 4897 1611 4950; x_wconf 90' lang='lat' dir='ltr'><strong>libro</strong></span> <span class='ocrx_word' id='word_1_599' title='bbox 1666 4898 1731 4952; x_wconf 90' lang='lat' dir='ltr'><strong>de</strong></span> <span class='ocrx_word' id='word_1_600' title='bbox 1765 4899 1972 4954; x_wconf 86' lang='lat' dir='ltr'><strong>nostris</strong></span> 
     </span>
    </p>
   </div>
   <div class='ocr_carea' id='block_1_81' title="bbox 404 4988 1981 5059">
    <p class='ocr_par' dir='ltr' id='par_1_81' title="bbox 404 4988 1981 5059">
     <span class='ocr_line' id='line_1_81' title="bbox 404 4988 1981 5059; baseline 0 -13"><span class='ocrx_word' id='word_1_601' title='bbox 404 4992 747 5059; x_wconf 75' lang='lat' dir='ltr'><strong>dogmatibus</strong></span> <span class='ocrx_word' id='word_1_602' title='bbox 774 4990 1020 5044; x_wconf 81' lang='lat' dir='ltr'><strong>veritatis</strong></span> <span class='ocrx_word' id='word_1_603' title='bbox 1060 5005 1074 5044; x_wconf 88' lang='lat'><strong>:</strong></span> <span class='ocrx_word' id='word_1_604' title='bbox 1138 4988 1455 5054; x_wconf 79' lang='lat' dir='ltr'><strong>Quomodo,</strong></span> <span class='ocrx_word' id='word_1_605' title='bbox 1487 4990 1685 5059; x_wconf 89' lang='lat' dir='ltr'><strong>inquit,</strong></span> <span class='ocrx_word' id='word_1_606' title='bbox 1732 4991 1981 5046; x_wconf 88' lang='lat' dir='ltr'><strong>oratione</strong></span> 
     </span>
    </p>
   </div>
   <div class='ocr_carea' id='block_1_82' title="bbox 402 5080 1980 5154">
    <p class='ocr_par' dir='ltr' id='par_1_82' title="bbox 402 5080 1980 5154">
     <span class='ocr_line' id='line_1_82' title="bbox 402 5080 1980 5154; baseline 0.001 -19"><span class='ocrx_word' id='word_1_607' title='bbox 402 5083 614 5139; x_wconf 65' lang='lat' dir='ltr'><strong>laudari</strong></span> <span class='ocrx_word' id='word_1_608' title='bbox 652 5092 851 5154; x_wconf 80' lang='lat' dir='ltr'><strong>potest,</strong></span> <span class='ocrx_word' id='word_1_609' title='bbox 919 5082 1010 5151; x_wconf 87' lang='lat' dir='ltr'><strong>qui</strong></span> <span class='ocrx_word' id='word_1_610' title='bbox 1071 5083 1371 5135; x_wconf 82' lang='lat' dir='ltr'><strong>orationem</strong></span> <span class='ocrx_word' id='word_1_611' title='bbox 1419 5080 1632 5135; x_wconf 80' lang='lat' dir='ltr'><strong>vineit?</strong></span> <span class='ocrx_word' id='word_1_612' title='bbox 1692 5093 1785 5134; x_wconf 88' lang='lat' dir='ltr'><strong>aut</strong></span> <span class='ocrx_word' id='word_1_613' title='bbox 1853 5083 1980 5151; x_wconf 83' lang='lat' dir='ltr'><strong>quid</strong></span> 
     </span>
    </p>
   </div>
   <div class='ocr_carea' id='block_1_83' title="bbox 404 5171 1984 5244">
    <p class='ocr_par' dir='ltr' id='par_1_83' title="bbox 404 5171 1984 5244">
     <span class='ocr_line' id='line_1_83' title="bbox 404 5171 1984 5244; baseline 0.001 -17"><span class='ocrx_word' id='word_1_614' title='bbox 404 5177 565 5243; x_wconf 77' lang='lat' dir='ltr'><strong>digne</strong></span> <span class='ocrx_word' id='word_1_615' title='bbox 593 5175 736 5244; x_wconf 89' lang='lat' dir='ltr'><strong>loqui</strong></span> <span class='ocrx_word' id='word_1_616' title='bbox 761 5173 935 5241; x_wconf 85' lang='lat' dir='ltr'><strong>possit</strong></span> <span class='ocrx_word' id='word_1_617' title='bbox 986 5172 1226 5238; x_wconf 86' lang='lat' dir='ltr'><strong>ullus,ut</strong></span> <span class='ocrx_word' id='word_1_618' title='bbox 1272 5171 1602 5242; x_wconf 78' lang='lat' dir='ltr'><strong>cogitatione</strong></span> <span class='ocrx_word' id='word_1_619' title='bbox 1643 5171 1984 5229; x_wconf 75' lang='lat' dir='ltr'><strong>demonstret</strong></span> 
     </span>
    </p>
   </div>
   <div class='ocr_carea' id='block_1_84' title="bbox 515 5335 1473 5406">
    <p class='ocr_par' dir='ltr' id='par_1_84' title="bbox 515 5335 1473 5406">
     <span class='ocr_line' id='line_1_84' title="bbox 515 5335 1473 5406; baseline -0.001 -15"><span class='ocrx_word' id='word_1_620' title='bbox 515 5340 559 5369; x_wconf 75' lang='grc'><strong>³⁸</strong></span> <span class='ocrx_word' id='word_1_621' title='bbox 588 5340 751 5391; x_wconf 77' lang='lat' dir='ltr'><strong>llrbi‘.</strong></span> <span class='ocrx_word' id='word_1_622' title='bbox 797 5352 868 5397; x_wconf 83' lang='lat' dir='ltr'><strong>vt,</strong></span> <span class='ocrx_word' id='word_1_623' title='bbox 902 5336 954 5389; x_wconf 63' lang='grc'><strong>4.</strong></span> <span class='ocrx_word' id='word_1_624' title='bbox 1034 5335 1080 5366; x_wconf 64' lang='grc'><strong>³⁸</strong></span> <span class='ocrx_word' id='word_1_625' title='bbox 1100 5337 1266 5406; x_wconf 81' lang='lat' dir='ltr'><strong>Apoc.</strong></span> <span class='ocrx_word' id='word_1_626' title='bbox 1302 5354 1339 5402; x_wconf 89' lang='grc' dir='ltr'>ι,</span> <span class='ocrx_word' id='word_1_627' title='bbox 1381 5338 1473 5390; x_wconf 71' lang='grc'><strong>21.</strong></span> 
     </span>
    </p>
   </div>
   <div class='ocr_carea' id='block_1_85' title="bbox 2092 3322 3653 3408">
    <p class='ocr_par' dir='ltr' id='par_1_85' title="bbox 2092 3322 3653 3408">
     <span class='ocr_line' id='line_1_85' title="bbox 2092 3322 3653 3408; baseline -0.012 -20"><span class='ocrx_word' id='word_1_628' title='bbox 2092 3336 2235 3408; x_wconf 86' lang='lat' dir='ltr'><strong>quod</strong></span> <span class='ocrx_word' id='word_1_629' title='bbox 2260 3346 2406 3403; x_wconf 87' lang='lat' dir='ltr'><strong>sunt,</strong></span> <span class='ocrx_word' id='word_1_630' title='bbox 2427 3335 2602 3404; x_wconf 89' lang='lat' dir='ltr'><strong>ipsum</strong></span> <span class='ocrx_word' id='word_1_631' title='bbox 2623 3331 2946 3402; x_wconf 86' lang='lat' dir='ltr'><strong>principium</strong></span> <span class='ocrx_word' id='word_1_632' title='bbox 2975 3326 3332 3396; x_wconf 86' lang='lat' dir='ltr'><strong>participant:</strong></span> <span class='ocrx_word' id='word_1_633' title='bbox 3363 3337 3480 3377; x_wconf 88' lang='lat' dir='ltr'><strong>esse</strong></span> <span class='ocrx_word' id='word_1_634' title='bbox 3509 3322 3653 3374; x_wconf 81' lang='lat' dir='ltr'><strong>enirn</strong></span> 
     </span>
    </p>
   </div>
   <div class='ocr_carea' id='block_1_86' title="bbox 2091 3415 3648 3491">
    <p class='ocr_par' dir='ltr' id='par_1_86' title="bbox 2091 3415 3648 3491">
     <span class='ocr_line' id='line_1_86' title="bbox 2091 3415 3648 3491; baseline -0.012 -10"><span class='ocrx_word' id='word_1_635' title='bbox 2091 3427 2334 3481; x_wconf 84' lang='lat' dir='ltr'><strong>omnium</strong></span> <span class='ocrx_word' id='word_1_636' title='bbox 2358 3434 2442 3481; x_wconf 87' lang='lat' dir='ltr'><strong>est</strong></span> <span class='ocrx_word' id='word_1_637' title='bbox 2467 3424 2723 3479; x_wconf 87' lang='lat' dir='ltr'><strong>divinitas</strong></span> <span class='ocrx_word' id='word_1_638' title='bbox 2747 3421 2845 3491; x_wconf 63' lang='lat' dir='ltr'><strong>(at,</strong></span> <span class='ocrx_word' id='word_1_639' title='bbox 2873 3434 2991 3488; x_wconf 76' lang='lat' dir='ltr'><strong>quae</strong></span> <span class='ocrx_word' id='word_1_640' title='bbox 3014 3427 3095 3472; x_wconf 89' lang='lat' dir='ltr'><strong>est</strong></span> <span class='ocrx_word' id='word_1_641' title='bbox 3128 3430 3289 3485; x_wconf 87' lang='lat' dir='ltr'><strong>supra</strong></span> <span class='ocrx_word' id='word_1_642' title='bbox 3307 3415 3469 3484; x_wconf 88' lang='lat' dir='ltr'><strong>ipsmn</strong></span> <span class='ocrx_word' id='word_1_643' title='bbox 3491 3426 3648 3475; x_wconf 79' lang='lat' dir='ltr'><strong>esse;</strong></span> 
     </span>
    </p>
   </div>
   <div class='ocr_carea' id='block_1_87' title="bbox 2091 3505 3645 3578">
    <p class='ocr_par' dir='ltr' id='par_1_87' title="bbox 2091 3505 3645 3578">
     <span class='ocr_line' id='line_1_87' title="bbox 2091 3505 3645 3578; baseline -0.014 -10"><span class='ocrx_word' id='word_1_644' title='bbox 2091 3516 2328 3571; x_wconf 87' lang='lat' dir='ltr'><strong>viventia</strong></span> <span class='ocrx_word' id='word_1_645' title='bbox 2399 3523 2579 3568; x_wconf 89' lang='lat' dir='ltr'><strong>autem</strong></span> <span class='ocrx_word' id='word_1_646' title='bbox 2653 3508 2982 3578; x_wconf 85' lang='lat' dir='ltr'><strong>participant</strong></span> <span class='ocrx_word' id='word_1_647' title='bbox 3039 3505 3282 3559; x_wconf 88' lang='lat' dir='ltr'><strong>eamdem</strong></span> <span class='ocrx_word' id='word_1_648' title='bbox 3336 3505 3645 3568; x_wconf 74' lang='lat' dir='ltr'><strong>potestatem</strong></span> 
     </span>
    </p>
   </div>
   <div class='ocr_carea' id='block_1_88' title="bbox 2089 3588 3651 3671">
    <p class='ocr_par' dir='ltr' id='par_1_88' title="bbox 2089 3588 3651 3671">
     <span class='ocr_line' id='line_1_88' title="bbox 2089 3588 3651 3671; baseline -0.015 -8"><span class='ocrx_word' id='word_1_649' title='bbox 2089 3605 2362 3663; x_wconf 69' lang='lat' dir='ltr'><strong>vivificam</strong></span> <span class='ocrx_word' id='word_1_650' title='bbox 2393 3618 2555 3671; x_wconf 87' lang='lat' dir='ltr'><strong>supra</strong></span> <span class='ocrx_word' id='word_1_651' title='bbox 2587 3588 2806 3655; x_wconf 84' lang='lat' dir='ltr'><strong>omnem</strong></span> <span class='ocrx_word' id='word_1_652' title='bbox 2843 3598 3007 3652; x_wconf 86' lang='lat' dir='ltr'><strong>vitam</strong></span> <span class='ocrx_word' id='word_1_653' title='bbox 3047 3596 3291 3651; x_wconf 88' lang='lat' dir='ltr'><strong>:ratioue</strong></span> <span class='ocrx_word' id='word_1_654' title='bbox 3334 3589 3548 3661; x_wconf 75' lang='lat' dir='ltr'><strong>prtedita</strong></span> <span class='ocrx_word' id='word_1_655' title='bbox 3594 3593 3651 3639; x_wconf 73' lang='lat' dir='ltr'><strong>et</strong></span> 
     </span>
    </p>
   </div>
   <div class='ocr_carea' id='block_1_89' title="bbox 2091 3684 3656 3765">
    <p class='ocr_par' dir='ltr' id='par_1_89' title="bbox 2091 3684 3656 3765">
     <span class='ocr_line' id='line_1_89' title="bbox 2091 3684 3656 3765; baseline -0.013 -13"><span class='ocrx_word' id='word_1_656' title='bbox 2091 3697 2442 3765; x_wconf 78' lang='lat' dir='ltr'><strong>intelligentia</strong></span> <span class='ocrx_word' id='word_1_657' title='bbox 2475 3694 2722 3749; x_wconf 87' lang='lat' dir='ltr'><strong>eamdem</strong></span> <span class='ocrx_word' id='word_1_658' title='bbox 2754 3690 3078 3761; x_wconf 80' lang='lat' dir='ltr'><strong>sapientiam</strong></span> <span class='ocrx_word' id='word_1_659' title='bbox 3104 3704 3198 3757; x_wconf 88' lang='lat' dir='ltr'><strong>per</strong></span> <span class='ocrx_word' id='word_1_660' title='bbox 3224 3701 3284 3741; x_wconf 90' lang='lat' dir='ltr'><strong>se</strong></span> <span class='ocrx_word' id='word_1_661' title='bbox 3319 3684 3605 3753; x_wconf 83' lang='lat' dir='ltr'><strong>perfectam</strong></span> <span class='ocrx_word' id='word_1_662' title='bbox 3639 3718 3656 3746; x_wconf 92' lang='lat'><strong>,</strong></span> 
     </span>
    </p>
   </div>
   <div class='ocr_carea' id='block_1_90' title="bbox 2089 3783 3660 3878">
    <p class='ocr_par' dir='ltr' id='par_1_90' title="bbox 2089 3783 3660 3878">
     <span class='ocr_line' id='line_1_90' title="bbox 2089 3783 3660 3878; baseline -0.013 -32"><span class='ocrx_word' id='word_1_663' title='bbox 2089 3801 2142 3846; x_wconf 91' lang='lat' dir='ltr'><strong>ct</strong></span> <span class='ocrx_word' id='word_1_664' title='bbox 2166 3789 2312 3858; x_wconf 91' lang='lat' dir='ltr'><strong>prius</strong></span> <span class='ocrx_word' id='word_1_665' title='bbox 2328 3787 2645 3859; x_wconf 82' lang='lat' dir='ltr'><strong>perfectam,</strong></span> <span class='ocrx_word' id='word_1_666' title='bbox 2673 3801 2796 3858; x_wconf 68' lang='lat' dir='ltr'><strong>quas</strong></span> <span class='ocrx_word' id='word_1_667' title='bbox 2809 3799 3025 3839; x_wconf 84' lang='lat' dir='ltr'><strong>omnem</strong></span> <span class='ocrx_word' id='word_1_668' title='bbox 3052 3783 3315 3837; x_wconf 84' lang='lat' dir='ltr'><strong>rationem</strong></span> <span class='ocrx_word' id='word_1_669' title='bbox 3336 3793 3415 3832; x_wconf 89' lang='lat' dir='ltr'><strong>ac-</strong></span> <span class='ocrx_word' id='word_1_670' title='bbox 3429 3784 3660 3878; x_wconf 70' lang='lat' dir='ltr'><strong>mentem</strong></span> 
     </span>
    </p>
   </div>
   <div class='ocr_carea' id='block_1_91' title="bbox 2089 3877 3633 3951">
    <p class='ocr_par' dir='ltr' id='par_1_91' title="bbox 2089 3877 3633 3951">
     <span class='ocr_line' id='line_1_91' title="bbox 2089 3877 3633 3951; baseline -0.013 -13"><span class='ocrx_word' id='word_1_671' title='bbox 2089 3884 2281 3947; x_wconf 64' lang='lat' dir='ltr'><strong>Vincit,</strong></span> <span class='ocrx_word' id='word_1_672' title='bbox 2312 3881 2672 3951; x_wconf 80' lang='lat' dir='ltr'><strong>participant;</strong></span> <span class='ocrx_word' id='word_1_673' title='bbox 2708 3877 3056 3934; x_wconf 85' lang='lat' dir='ltr'><strong>manifestum</strong></span> <span class='ocrx_word' id='word_1_674' title='bbox 3076 3885 3254 3929; x_wconf 88' lang='lat' dir='ltr'><strong>autem</strong></span> <span class='ocrx_word' id='word_1_675' title='bbox 3288 3884 3371 3926; x_wconf 87' lang='lat' dir='ltr'><strong>est</strong></span> <span class='ocrx_word' id='word_1_676' title='bbox 3401 3883 3521 3924; x_wconf 83' lang='lat' dir='ltr'><strong>esse</strong></span> <span class='ocrx_word' id='word_1_677' title='bbox 3550 3877 3633 3920; x_wconf 72' lang='lat' dir='ltr'><strong>cur</strong></span> 
     </span>
    </p>
   </div>
   <div class='ocr_carea' id='block_1_92' title="bbox 2087 3965 3663 4044">
    <p class='ocr_par' dir='ltr' id='par_1_92' title="bbox 2087 3965 3663 4044">
     <span class='ocr_line' id='line_1_92' title="bbox 2087 3965 3663 4044; baseline -0.013 -12"><span class='ocrx_word' id='word_1_678' title='bbox 2087 3992 2211 4032; x_wconf 88' lang='lat' dir='ltr'><strong>cum</strong></span> <span class='ocrx_word' id='word_1_679' title='bbox 2239 3974 2412 4044; x_wconf 88' lang='lat' dir='ltr'><strong>ipsum</strong></span> <span class='ocrx_word' id='word_1_680' title='bbox 2441 3972 2766 4042; x_wconf 89' lang='lat' dir='ltr'><strong>principiutn</strong></span> <span class='ocrx_word' id='word_1_681' title='bbox 2824 3967 3157 4026; x_wconf 86' lang='lat' dir='ltr'><strong>substantias</strong></span> <span class='ocrx_word' id='word_1_682' title='bbox 3206 3965 3347 4026; x_wconf 84' lang='lat' dir='ltr'><strong>illas,</strong></span> <span class='ocrx_word' id='word_1_683' title='bbox 3409 3975 3663 4030; x_wconf 68' lang='lat' dir='ltr'><strong>quaecun-</strong></span> 
     </span>
    </p>
   </div>
   <div class='ocr_carea' id='block_1_93' title="bbox 2087 4051 3663 4134">
    <p class='ocr_par' dir='ltr' id='par_1_93' title="bbox 2087 4051 3663 4134">
     <span class='ocr_line' id='line_1_93' title="bbox 2087 4051 3663 4134; baseline -0.013 -15"><span class='ocrx_word' id='word_1_684' title='bbox 2087 4081 2192 4134; x_wconf 91' lang='lat' dir='ltr'><strong>que</strong></span> <span class='ocrx_word' id='word_1_685' title='bbox 2220 4064 2619 4133; x_wconf 61' lang='lat' dir='ltr'><strong>multipliciter</strong></span> <span class='ocrx_word' id='word_1_686' title='bbox 2654 4061 2827 4131; x_wconf 83' lang='lat' dir='ltr'><strong>ipsum</strong></span> <span class='ocrx_word' id='word_1_687' title='bbox 2862 4057 3275 4130; x_wconf 88' lang='lat' dir='ltr'><strong>participarunt.</strong></span> <span class='ocrx_word' id='word_1_688' title='bbox 3336 4051 3413 4105; x_wconf 80' lang='lat' dir='ltr'><strong>Ac</strong></span> <span class='ocrx_word' id='word_1_689' title='bbox 3475 4060 3663 4103; x_wconf 89' lang='lat' dir='ltr'><strong>rursus</strong></span> 
     </span>
    </p>
   </div>
   <div class='ocr_carea' id='block_1_94' title="bbox 2088 4142 3665 4243">
    <p class='ocr_par' dir='ltr' id='par_1_94' title="bbox 2088 4142 3665 4243">
     <span class='ocr_line' id='line_1_94' title="bbox 2088 4142 3665 4243; baseline -0.013 -32"><span class='ocrx_word' id='word_1_690' title='bbox 2088 4157 2230 4211; x_wconf 89' lang='lat' dir='ltr'><strong>idem</strong></span> <span class='ocrx_word' id='word_1_691' title='bbox 2256 4156 2310 4211; x_wconf 89' lang='lat' dir='ltr'><strong>in</strong></span> <span class='ocrx_word' id='word_1_692' title='bbox 2337 4155 2551 4228; x_wconf 85' lang='lat' dir='ltr'><strong>quinto,</strong></span> <span class='ocrx_word' id='word_1_693' title='bbox 2586 4154 2661 4207; x_wconf 84' lang='lat' dir='ltr'><strong>De</strong></span> <span class='ocrx_word' id='word_1_694' title='bbox 2703 4152 2896 4206; x_wconf 77' lang='lat' dir='ltr'><strong>divinis</strong></span> <span class='ocrx_word' id='word_1_695' title='bbox 2933 4147 3232 4201; x_wconf 77' lang='lat' dir='ltr'><strong>nominibus</strong></span> <span class='ocrx_word' id='word_1_696' title='bbox 3275 4162 3289 4198; x_wconf 90' lang='lat'><strong>:</strong></span> <span class='ocrx_word' id='word_1_697' title='bbox 3321 4142 3389 4196; x_wconf 87' lang='lat' dir='ltr'><strong>Et</strong></span> <span class='ocrx_word' id='word_1_698' title='bbox 3447 4151 3568 4243; x_wconf 54' lang='grc' dir='ltr'><strong>θειῖ</strong></span> <span class='ocrx_word' id='word_1_699' title='bbox 3604 4145 3665 4191; x_wconf 92' lang='lat' dir='ltr'><strong>ut</strong></span> 
     </span>
    </p>
   </div>
   <div class='ocr_carea' id='block_1_95' title="bbox 2085 4236 3666 4317">
    <p class='ocr_par' dir='ltr' id='par_1_95' title="bbox 2085 4236 3666 4317">
     <span class='ocr_line' id='line_1_95' title="bbox 2085 4236 3666 4317; baseline -0.014 -12"><span class='ocrx_word' id='word_1_700' title='bbox 2085 4250 2348 4314; x_wconf 86' lang='lat' dir='ltr'><strong>arbitror,</strong></span> <span class='ocrx_word' id='word_1_701' title='bbox 2377 4263 2586 4313; x_wconf 89' lang='lat' dir='ltr'><strong>verum,</strong></span> <span class='ocrx_word' id='word_1_702' title='bbox 2611 4244 2753 4317; x_wconf 91' lang='lat' dir='ltr'><strong>quod</strong></span> <span class='ocrx_word' id='word_1_703' title='bbox 2783 4258 2845 4298; x_wconf 89' lang='lat' dir='ltr'><strong>ea</strong></span> <span class='ocrx_word' id='word_1_704' title='bbox 2877 4256 2999 4312; x_wconf 76' lang='lat' dir='ltr'><strong>qua:</strong></span> <span class='ocrx_word' id='word_1_705' title='bbox 3022 4240 3194 4307; x_wconf 82' lang='lat' dir='ltr'><strong>magis</strong></span> <span class='ocrx_word' id='word_1_706' title='bbox 3234 4236 3423 4296; x_wconf 90' lang='lat' dir='ltr'><strong>Deum,</strong></span> <span class='ocrx_word' id='word_1_707' title='bbox 3479 4236 3569 4301; x_wconf 90' lang='lat' dir='ltr'><strong>qui</strong></span> <span class='ocrx_word' id='word_1_708' title='bbox 3602 4247 3666 4284; x_wconf 91' lang='lat' dir='ltr'><strong>u-</strong></span> 
     </span>
    </p>
   </div>
   <div class='ocr_carea' id='block_1_96' title="bbox 2086 4329 3666 4411">
    <p class='ocr_par' dir='ltr' id='par_1_96' title="bbox 2086 4329 3666 4411">
     <span class='ocr_line' id='line_1_96' title="bbox 2086 4329 3666 4411; baseline -0.015 -14"><span class='ocrx_word' id='word_1_709' title='bbox 2086 4359 2189 4398; x_wconf 84' lang='lat' dir='ltr'><strong>nus</strong></span> <span class='ocrx_word' id='word_1_710' title='bbox 2220 4352 2325 4406; x_wconf 87' lang='lat' dir='ltr'><strong>est,</strong></span> <span class='ocrx_word' id='word_1_711' title='bbox 2358 4349 2414 4397; x_wconf 91' lang='lat' dir='ltr'><strong>et</strong></span> <span class='ocrx_word' id='word_1_712' title='bbox 2451 4355 2479 4395; x_wconf 88' lang='lat' dir='ltr'><strong>a</strong></span> <span class='ocrx_word' id='word_1_713' title='bbox 2511 4356 2620 4411; x_wconf 91' lang='lat' dir='ltr'><strong>quo</strong></span> <span class='ocrx_word' id='word_1_714' title='bbox 2650 4337 2862 4393; x_wconf 81' lang='lat' dir='ltr'><strong>inﬁnita</strong></span> <span class='ocrx_word' id='word_1_715' title='bbox 2880 4335 3021 4389; x_wconf 87' lang='lat' dir='ltr'><strong>dona</strong></span> <span class='ocrx_word' id='word_1_716' title='bbox 3043 4329 3481 4404; x_wconf 82' lang='lat' dir='ltr'><strong>proﬁciscuntur,</strong></span> <span class='ocrx_word' id='word_1_717' title='bbox 3538 4339 3666 4392; x_wconf 80' lang='lat' dir='ltr'><strong>par-</strong></span> 
     </span>
    </p>
   </div>
   <div class='ocr_carea' id='block_1_97' title="bbox 2087 4416 3665 4507">
    <p class='ocr_par' dir='ltr' id='par_1_97' title="bbox 2087 4416 3665 4507">
     <span class='ocr_line' id='line_1_97' title="bbox 2087 4416 3665 4507; baseline -0.015 -14"><span class='ocrx_word' id='word_1_718' title='bbox 2087 4416 2527 4507; x_wconf 26' lang='lat' dir='ltr'><strong>ticipantpmagi‘s</strong></span> <span class='ocrx_word' id='word_1_719' title='bbox 2556 4433 2607 4489; x_wconf 88' lang='lat' dir='ltr'><strong>ei</strong></span> <span class='ocrx_word' id='word_1_720' title='bbox 2643 4431 3098 4501; x_wconf 82' lang='lat' dir='ltr'><strong>appropinquant,</strong></span> <span class='ocrx_word' id='word_1_721' title='bbox 3133 4434 3185 4480; x_wconf 87' lang='lat' dir='ltr'><strong>et</strong></span> <span class='ocrx_word' id='word_1_722' title='bbox 3206 4421 3474 4478; x_wconf 78' lang='lat' dir='ltr'><strong>diviniora</strong></span> <span class='ocrx_word' id='word_1_723' title='bbox 3516 4426 3665 4479; x_wconf 84' lang='lat' dir='ltr'><strong>sunt,</strong></span> 
     </span>
    </p>
   </div>
   <div class='ocr_carea' id='block_1_98' title="bbox 2086 4507 3666 4601">
    <p class='ocr_par' dir='ltr' id='par_1_98' title="bbox 2086 4507 3666 4601">
     <span class='ocr_line' id='line_1_98' title="bbox 2086 4507 3666 4601; baseline -0.016 -14"><span class='ocrx_word' id='word_1_724' title='bbox 2086 4547 2244 4601; x_wconf 88' lang='lat' dir='ltr'><strong>quam</strong></span> <span class='ocrx_word' id='word_1_725' title='bbox 2269 4544 2389 4601; x_wconf 71' lang='lat' dir='ltr'><strong>qua:</strong></span> <span class='ocrx_word' id='word_1_726' title='bbox 2413 4529 2594 4585; x_wconf 89' lang='lat' dir='ltr'><strong>minus</strong></span> <span class='ocrx_word' id='word_1_727' title='bbox 2615 4524 2962 4597; x_wconf 82' lang='lat' dir='ltr'><strong>participant.</strong></span> <span class='ocrx_word' id='word_1_728' title='bbox 2994 4521 3065 4576; x_wconf 78' lang='lat' dir='ltr'><strong>Ex</strong></span> <span class='ocrx_word' id='word_1_729' title='bbox 3087 4519 3169 4574; x_wconf 88' lang='lat' dir='ltr'><strong>his</strong></span> <span class='ocrx_word' id='word_1_730' title='bbox 3192 4512 3531 4586; x_wconf 81' lang='lat' dir='ltr'><strong>liquel,quod</strong></span> <span class='ocrx_word' id='word_1_731' title='bbox 3551 4507 3666 4565; x_wconf 81' lang='lat' dir='ltr'><strong>sola</strong></span> 
     </span>
    </p>
   </div>
   <div class='ocr_carea' id='block_1_99' title="bbox 2085 4606 3745 4703">
    <p class='ocr_par' dir='ltr' id='par_1_99' title="bbox 2085 4606 3745 4703">
     <span class='ocr_line' id='line_1_99' title="bbox 2085 4606 3745 4703; baseline -0.018 -24"><span class='ocrx_word' id='word_1_732' title='bbox 2085 4635 2276 4679; x_wconf 86' lang='lat' dir='ltr'><strong>natura</strong></span> <span class='ocrx_word' id='word_1_733' title='bbox 2313 4623 2611 4678; x_wconf 89' lang='lat' dir='ltr'><strong>secundum</strong></span> <span class='ocrx_word' id='word_1_734' title='bbox 2638 4632 2863 4697; x_wconf 67' lang='lat' dir='ltr'><strong>causam</strong></span> <span class='ocrx_word' id='word_1_735' title='bbox 2900 4609 3316 4697; x_wconf 83' lang='lat' dir='ltr'><strong>participabilis,</strong></span> <span class='ocrx_word' id='word_1_736' title='bbox 3352 4606 3493 4660; x_wconf 88' lang='lat' dir='ltr'><strong>Dens</strong></span> <span class='ocrx_word' id='word_1_737' title='bbox 3538 4613 3661 4703; x_wconf 67' lang='lat' dir='ltr'><strong>est;</strong></span> <span class='ocrx_word' id='word_1_738' title='bbox 3738 4639 3745 4642; x_wconf 84' lang='lat'><strong>.</strong></span> 
     </span>
    </p>
   </div>
   <div class='ocr_carea' id='block_1_100' title="bbox 2086 4878 3667 4978">
    <p class='ocr_par' dir='ltr' id='par_1_100' title="bbox 2086 4878 3667 4978">
     <span class='ocr_line' id='line_1_100' title="bbox 2086 4878 3667 4978; baseline -0.015 -25"><span class='ocrx_word' id='word_1_739' title='bbox 2086 4898 2498 4969; x_wconf 88' lang='lat' dir='ltr'><strong>propinquiora,</strong></span> <span class='ocrx_word' id='word_1_740' title='bbox 2527 4907 2867 4964; x_wconf 50' lang='lat' dir='ltr'><strong>quacunque</strong></span> <span class='ocrx_word' id='word_1_741' title='bbox 2912 4887 3097 4942; x_wconf 90' lang='lat' dir='ltr'><strong>multis</strong></span> <span class='ocrx_word' id='word_1_742' title='bbox 3130 4883 3309 4978; x_wconf 78' lang='lat' dir='ltr'><strong>modis</strong></span> <span class='ocrx_word' id='word_1_743' title='bbox 3341 4878 3667 4978; x_wconf 81' lang='lat' dir='ltr'><strong>participant</strong></span> 
     </span>
    </p>
   </div>
   <div class='ocr_carea' id='block_1_101' title="bbox 2087 4974 3662 5058">
    <p class='ocr_par' dir='ltr' id='par_1_101' title="bbox 2087 4974 3662 5058">
     <span class='ocr_line' id='line_1_101' title="bbox 2087 4974 3662 5058; baseline -0.019 -12"><span class='ocrx_word' id='word_1_744' title='bbox 2087 5007 2195 5046; x_wconf 88' lang='lat' dir='ltr'><strong>non</strong></span> <span class='ocrx_word' id='word_1_745' title='bbox 2223 4990 2398 5045; x_wconf 90' lang='lat' dir='ltr'><strong>solum</strong></span> <span class='ocrx_word' id='word_1_746' title='bbox 2432 4988 2757 5058; x_wconf 87' lang='lat' dir='ltr'><strong>simpliciter</strong></span> <span class='ocrx_word' id='word_1_747' title='bbox 2813 4979 3173 5039; x_wconf 87' lang='lat' dir='ltr'><strong>substantiam</strong></span> <span class='ocrx_word' id='word_1_748' title='bbox 3215 4974 3333 5041; x_wconf 85' lang='lat' dir='ltr'><strong>ejus</strong></span> <span class='ocrx_word' id='word_1_749' title='bbox 3377 4981 3425 5026; x_wconf 90' lang='lat' dir='ltr'><strong>el</strong></span> <span class='ocrx_word' id='word_1_750' title='bbox 3471 4974 3662 5028; x_wconf 81' lang='lat' dir='ltr'><strong>vitam,</strong></span> 
     </span>
    </p>
   </div>
   <div class='ocr_carea' id='block_1_102' title="bbox 2089 5058 3669 5141">
    <p class='ocr_par' dir='ltr' id='par_1_102' title="bbox 2089 5058 3669 5141">
     <span class='ocr_line' id='line_1_102' title="bbox 2089 5058 3669 5141; baseline -0.018 -3"><span class='ocrx_word' id='word_1_751' title='bbox 2089 5083 2183 5139; x_wconf 87' lang='lat' dir='ltr'><strong>sed</strong></span> <span class='ocrx_word' id='word_1_752' title='bbox 2200 5081 2363 5135; x_wconf 89' lang='lat' dir='ltr'><strong>etiam</strong></span> <span class='ocrx_word' id='word_1_753' title='bbox 2388 5080 2682 5141; x_wconf 85' lang='lat' dir='ltr'><strong>rationem,</strong></span> <span class='ocrx_word' id='word_1_754' title='bbox 2712 5087 2765 5130; x_wconf 90' lang='lat' dir='ltr'><strong>ct</strong></span> <span class='ocrx_word' id='word_1_755' title='bbox 2790 5072 3136 5137; x_wconf 83' lang='lat' dir='ltr'><strong>sapientiam,</strong></span> <span class='ocrx_word' id='word_1_756' title='bbox 3171 5078 3224 5123; x_wconf 91' lang='lat' dir='ltr'><strong>et</strong></span> <span class='ocrx_word' id='word_1_757' title='bbox 3261 5066 3363 5120; x_wconf 88' lang='lat' dir='ltr'><strong>alia</strong></span> <span class='ocrx_word' id='word_1_758' title='bbox 3389 5062 3508 5130; x_wconf 77' lang='lat' dir='ltr'><strong>ejus</strong></span> <span class='ocrx_word' id='word_1_759' title='bbox 3538 5058 3669 5111; x_wconf 78' lang='lat' dir='ltr'><strong>cha-</strong></span> 
     </span>
    </p>
   </div>
   <div class='ocr_carea' id='block_1_103' title="bbox 2093 5163 3667 5242">
    <p class='ocr_par' dir='ltr' id='par_1_103' title="bbox 2093 5163 3667 5242">
     <span class='ocr_line' id='line_1_103' title="bbox 2093 5163 3667 5242; baseline -0.013 -15"><span class='ocrx_word' id='word_1_760' title='bbox 2093 5164 2317 5227; x_wconf 74' lang='lat' dir='ltr'><strong>rismata</strong></span> <span class='ocrx_word' id='word_1_761' title='bbox 2350 5171 2654 5242; x_wconf 82' lang='lat' dir='ltr'><strong>spiritualia</strong></span> <span class='ocrx_word' id='word_1_762' title='bbox 2690 5167 2986 5241; x_wconf 77' lang='lat' dir='ltr'><strong>secundum</strong></span> <span class='ocrx_word' id='word_1_763' title='bbox 3020 5163 3427 5231; x_wconf 76' lang='lat' dir='ltr'><strong>proportionem</strong></span> <span class='ocrx_word' id='word_1_764' title='bbox 3470 5164 3667 5221; x_wconf 75' lang='lat' dir='ltr'><strong>Supre-</strong></span> 
     </span>
    </p>
   </div>
   <div class='ocr_carea' id='block_1_104' title="bbox 1896 5448 2168 5533">
    <p class='ocr_par' dir='ltr' id='par_1_104' title="bbox 1896 5448 2168 5533">
     <span class='ocr_line' id='line_1_104' title="bbox 1896 5448 2168 5533; baseline 0 -22"><span class='ocrx_word' id='word_1_765' title='bbox 1896 5448 2168 5533; x_wconf 70' lang='lat' dir='ltr'><strong>Schoﬁa.</strong></span> 
     </span>
    </p>
   </div>
   <div class='ocr_carea' id='block_1_105' title="bbox 478 5577 1980 5650">
    <p class='ocr_par' dir='ltr' id='par_1_105' title="bbox 478 5577 1980 5650">
     <span class='ocr_line' id='line_1_105' title="bbox 478 5577 1980 5650; baseline -0.003 -15"><span class='ocrx_word' id='word_1_766' title='bbox 478 5582 560 5649; x_wconf 79' lang='grc' dir='ltr'><strong>(ι)</strong></span> <span class='ocrx_word' id='word_1_767' title='bbox 595 5579 769 5634; x_wconf 83' lang='lat' dir='ltr'><strong>Aliter</strong></span> <span class='ocrx_word' id='word_1_768' title='bbox 795 5577 1087 5633; x_wconf 76' lang='lat' dir='ltr'><strong>substantia</strong></span> <span class='ocrx_word' id='word_1_769' title='bbox 1122 5596 1391 5650; x_wconf 85' lang='lat' dir='ltr'><strong>corporea.</strong></span> <span class='ocrx_word' id='word_1_770' title='bbox 1422 5578 1693 5647; x_wconf 89' lang='lat' dir='ltr'><strong>Corporea</strong></span> <span class='ocrx_word' id='word_1_771' title='bbox 1764 5580 1980 5647; x_wconf 77' lang='lat' dir='ltr'><strong>quidem</strong></span> 
     </span>
    </p>
   </div>
   <div class='ocr_carea' id='block_1_106' title="bbox 410 5650 1981 5715">
    <p class='ocr_par' dir='ltr' id='par_1_106' title="bbox 410 5650 1981 5715">
     <span class='ocr_line' id='line_1_106' title="bbox 410 5650 1981 5715; baseline 0.001 -9"><span class='ocrx_word' id='word_1_772' title='bbox 410 5661 603 5706; x_wconf 85' lang='lat' dir='ltr'><strong>natura</strong></span> <span class='ocrx_word' id='word_1_773' title='bbox 633 5650 964 5705; x_wconf 88' lang='lat' dir='ltr'><strong>communiat</strong></span> <span class='ocrx_word' id='word_1_774' title='bbox 1027 5650 1164 5706; x_wconf 84' lang='lat' dir='ltr'><strong>bene</strong></span> <span class='ocrx_word' id='word_1_775' title='bbox 1184 5667 1307 5707; x_wconf 71' lang='lat' dir='ltr'><strong>esse</strong></span> <span class='ocrx_word' id='word_1_776' title='bbox 1363 5665 1636 5712; x_wconf 79' lang='lat' dir='ltr'><strong>serumne,</strong></span> <span class='ocrx_word' id='word_1_777' title='bbox 1698 5665 1881 5715; x_wconf 68' lang='lat' dir='ltr'><strong>opere.</strong></span> <span class='ocrx_word' id='word_1_778' title='bbox 1929 5659 1981 5700; x_wconf 78' lang='lat' dir='ltr'><strong>et</strong></span> 
     </span>
    </p>
   </div>
   <div class='ocr_carea' id='block_1_107' title="bbox 408 5719 1982 5791">
    <p class='ocr_par' dir='ltr' id='par_1_107' title="bbox 408 5719 1982 5791">
     <span class='ocr_line' id='line_1_107' title="bbox 408 5719 1982 5791; baseline -0.005 -15"><span class='ocrx_word' id='word_1_779' title='bbox 408 5719 862 5790; x_wconf 79' lang='lat' dir='ltr'><strong>contemplatione</strong></span> <span class='ocrx_word' id='word_1_780' title='bbox 888 5736 904 5788; x_wconf 88' lang='lat'><strong>;</strong></span> <span class='ocrx_word' id='word_1_781' title='bbox 938 5721 1225 5790; x_wconf 88' lang='lat' dir='ltr'><strong>incoporea</strong></span> <span class='ocrx_word' id='word_1_782' title='bbox 1257 5736 1385 5776; x_wconf 82' lang='lat' dir='ltr'><strong>vero</strong></span> <span class='ocrx_word' id='word_1_783' title='bbox 1409 5721 1763 5791; x_wconf 70' lang='grc' dir='ltr'><strong>θεωρουμέιη</strong></span> <span class='ocrx_word' id='word_1_784' title='bbox 1800 5721 1982 5790; x_wconf 68' lang='grc' dir='ltr'><strong>μόνων,</strong></span> 
     </span>
    </p>
   </div>
   <div class='ocr_carea' id='block_1_108' title="bbox 2093 5561 3665 5642">
    <p class='ocr_par' dir='ltr' id='par_1_108' title="bbox 2093 5561 3665 5642">
     <span class='ocr_line' id='line_1_108' title="bbox 2093 5561 3665 5642; baseline -0.011 -11"><span class='ocrx_word' id='word_1_785' title='bbox 2093 5578 2276 5640; x_wconf 76' lang='lat' dir='ltr'><strong>idest,</strong></span> <span class='ocrx_word' id='word_1_786' title='bbox 2314 5577 2424 5627; x_wconf 81' lang='lat' dir='ltr'><strong>sola</strong></span> <span class='ocrx_word' id='word_1_787' title='bbox 2455 5572 2932 5642; x_wconf 80' lang='lat' dir='ltr'><strong>contemplatione,</strong></span> <span class='ocrx_word' id='word_1_788' title='bbox 2987 5569 3067 5626; x_wconf 83' lang='lat' dir='ltr'><strong>sic</strong></span> <span class='ocrx_word' id='word_1_789' title='bbox 3124 5575 3344 5623; x_wconf 80' lang='lat' dir='ltr'><strong>sanctus</strong></span> <span class='ocrx_word' id='word_1_790' title='bbox 3402 5561 3665 5617; x_wconf 69' lang='lat' dir='ltr'><strong>Maximus</strong></span> 
     </span>
    </p>
   </div>
   <div class='ocr_carea' id='block_1_109' title="bbox 2092 5652 2511 5713">
    <p class='ocr_par' dir='ltr' id='par_1_109' title="bbox 2092 5652 2511 5713">
     <span class='ocr_line' id='line_1_109' title="bbox 2092 5652 2511 5713; baseline -0.012 -11"><span class='ocrx_word' id='word_1_791' title='bbox 2092 5652 2145 5705; x_wconf 86' lang='lat' dir='ltr'><strong>itt</strong></span> <span class='ocrx_word' id='word_1_792' title='bbox 2168 5664 2236 5702; x_wconf 68' lang='lat' dir='ltr'><strong>eo</strong></span> <span class='ocrx_word' id='word_1_793' title='bbox 2259 5653 2360 5699; x_wconf 81' lang='lat' dir='ltr'><strong>lt&#39;lll</strong></span> <span class='ocrx_word' id='word_1_794' title='bbox 2388 5662 2511 5713; x_wconf 81' lang='lat' dir='ltr'><strong>cap.</strong></span> 
     </span>
    </p>
   </div>
   <div class='ocr_carea' id='block_1_110' title="bbox 468 5873 2677 5954">
    <p class='ocr_par' dir='ltr' id='par_1_110' title="bbox 468 5873 2677 5954">
     <span class='ocr_line' id='line_1_110' title="bbox 468 5873 2677 5954; baseline -0.005 -16"><span class='ocrx_word' id='word_1_795' title='bbox 468 5883 542 5954; x_wconf 79' lang='grc' dir='ltr'><strong>(α)</strong></span> <span class='ocrx_word' id='word_1_796' title='bbox 572 5884 836 5946; x_wconf 74' lang='lat' dir='ltr'><strong>Ditinitas</strong></span> <span class='ocrx_word' id='word_1_797' title='bbox 856 5900 939 5948; x_wconf 81' lang='lat' dir='ltr'><strong>cst</strong></span> <span class='ocrx_word' id='word_1_798' title='bbox 964 5901 1086 5949; x_wconf 73' lang='lat' dir='ltr'><strong>esse</strong></span> <span class='ocrx_word' id='word_1_799' title='bbox 1115 5886 1354 5944; x_wconf 88' lang='lat' dir='ltr'><strong>onmium</strong></span> <span class='ocrx_word' id='word_1_800' title='bbox 1380 5894 1433 5943; x_wconf 89' lang='lat' dir='ltr'><strong>ct</strong></span> <span class='ocrx_word' id='word_1_801' title='bbox 1456 5883 1760 5943; x_wconf 80' lang='lat' dir='ltr'><strong>substantia</strong></span> <span class='ocrx_word' id='word_1_802' title='bbox 1792 5881 2138 5947; x_wconf 66' lang='lat' dir='ltr'><strong>aizzazcadag,</strong></span> <span class='ocrx_word' id='word_1_803' title='bbox 2175 5881 2224 5935; x_wconf 73' lang='lat' dir='ltr'><strong>id</strong></span> <span class='ocrx_word' id='word_1_804' title='bbox 2255 5891 2334 5935; x_wconf 75' lang='lat' dir='ltr'><strong>est</strong></span> <span class='ocrx_word' id='word_1_805' title='bbox 2361 5873 2677 5934; x_wconf 65' lang='lat' dir='ltr'><strong>eattsaiiter.</strong></span> 
     </span>
    </p>
   </div>
  </div>
