4048 6496
442 344 565 412 ΒΜ

1619 330 1953 394 IOANNIS
1992 328 2567 391 CYPARISSIOTSZ

2140 124 2184 158 Χ

3617 318 3723 387 903

448 465 682 511 stratum
714 461 951 519 namque
975 454 1079 515 est,
1113 446 1367 503 omnibus
1401 453 1610 506 notum,
1635 458 1781 507 esse,
1813 443 1904 513 qui
1934 456 2046 497 me-
2074 444 2120 501 Α
2151 449 2259 497 tam
2306 440 2422 506 Dei,
2464 441 2555 511 qui
2584 438 2736 494 solus
2768 446 2820 492 et
2860 437 3082 509 proprie
3113 436 3224 489 vita
3263 432 3486 496 dicitur,
3517 444 3571 487 et
3602 444 3722 499 est;

454 548 712 602 diocriter
739 560 800 599 ea
861 559 983 611 qua:
1017 551 1164 605 sunt,
1209 537 1695 596 consideraverint.
1763 537 1906 606 quod
1948 538 2039 604 qui
2086 568 2095 576 -

454 640 679 705 sarcula,
714 646 766 690 et
802 638 981 690 locum
1018 635 1070 688 in
1123 637 1204 688 his
1233 634 1383 687 velut
1416 628 1818 699 receptaculum
1851 642 2048 697 eorum.

451 747 576 801 qum
622 731 776 791 ﬁunt,
825 727 1081 796 produxit
1120 724 1360 779 universi
1420 734 1637 787 auctor,
1678 722 1730 775 in
1770 722 1854 776 his
1894 728 2045 775 creat

453 823 671 888 omnia;
706 835 804 873 nec.
830 820 971 872 enim
1008 818 1122 872 ﬁeri
1155 825 1352 883 potest,
1382 824 1439 869 ιιι
1474 814 1675 884 aliquid
1704 828 1897 868 eorum
1924 828 2044 879 qute

454 930 551 983 per
587 912 919 966 creationem
976 906 1112 961 iacta
1138 916 1290 968 sunt,
1346 914 1438 959 aut
1473 919 1569 973 per
1602 903 2036 974 generationem,

453 1020 561 1059 non
596 1004 816 1056 omnino
846 1010 940 1055 aut
969 1001 1020 1051 in
1047 998 1270 1061 scendo,
1297 1008 1389 1050 aut
1422 995 1476 1049 in
1506 1005 1750 1064 tempore
1776 995 1867 1049 sit.
1892 994 2044 1059 Quod

352 1080 399 1171 ,τ’
444 1097 500 1187 gi
532 1097 636 1149 hoc
663 1107 850 1147 verum
879 1101 983 1157 est,
1014 1104 1175 1144 omne
1202 1087 1346 1158 quod
1381 1096 1486 1148 est,
1509 1086 1653 1155 quod
1684 1086 1899 1155 quidem
1938 1099 2044 1137 mm

525 1195 770 1255 tempore
804 1185 991 1253 cmpit,
1049 1183 1226 1249 liquet
1257 1197 1284 1234 ιι
1324 1180 1523 1236 sarculo
1557 1177 1880 1246 principium
1944 1176 2048 1229 ‘ha-

416 1270 675 1361 r.”\isse;
712 1276 957 1344 nihilque
980 1290 1166 1329 rerum
1199 1289 1229 1327 a
1258 1275 1540 1328 creatione
1576 1270 1671 1326 Dei
1714 1270 1927 1325 abesse.

1064 1383 1299 1440 CAPUT
1352 1381 1447 1438 IV.

465 1497 621 1564 Quod
660 1498 792 1552 nihil
834 1486 1030 1551 eorum
1056 1512 1175 1561 qua!
1223 1503 1365 1559 sunt,
1408 1502 1554 1546 caret
1604 1492 1888 1564 principio.
1921 1490 2047 1564 quin

534 1566 707 1634 potius
737 1568 816 1621 vel
844 1577 922 1618 est
953 1582 1019 1619 ea:
1047 1565 1308 1634 principio
1342 1569 1611 1625 temporis,
1646 1562 1723 1615 rel
1753 1577 1819 1634 ea:
1850 1563 2051 1634 princi-

532 1631 622 1706 pio
661 1641 777 1702 cui,
815 1637 920 1690 sive
957 1636 1178 1699 maeuii;
1231 1633 1368 1687 Deus
1404 1645 1583 1687 autem
1624 1631 1942 1701 “inplicita
1996 1639 2048 1686 et

535 1706 738 1773 inﬁnite
780 1716 856 1759 est
886 1707 1000 1758 sine
1034 1716 1283 1772 Ietttporo.

538 1820 768 1873 Sanetus
796 1818 1064 1871 Maximus
1096 1816 1149 1869 in
1182 1813 1527 1884 Theologicls
1547 1812 1831 1876 centuriis,
1857 1820 2051 1867 centu-

468 1913 551 1966 ria
574 1927 613 1977 t,
649 1926 697 1964 c.
725 1909 795 1964 55
821 1926 835 1963 :
867 1908 1215 1975 Qumcunque
1245 1905 1299 1959 in
1326 1916 1570 1974 tempore
1590 1905 1888 1959 secundum
1914 1914 2051 1974 tem-

469 2019 568 2071 pus
599 2013 783 2057 creata
820 2011 963 2064 sunt,
995 2008 1282 2068 postquam
1310 2006 1441 2052 sunt
1472 1995 1740 2062 perfecta,
1771 1995 1931 2050 tinem
1964 1995 2055 2049 fa-

469 2095 619 2149 ciunt
650 2091 916 2146 naturalis
947 2089 1274 2144 aecretionis
1302 2106 1315 2143 :
1348 2102 1684 2161 quaecunque
1704 2102 1836 2142 vero
1859 2100 2058 2141 secun-

468 2185 598 2237 dum
632 2184 892 2237 virtutem
928 2180 1159 2236 scientia
1188 2178 1282 2233 Dei
1316 2178 1557 2241 conﬁcit.
1588 2187 1880 2250 postquam
1915 2191 2050 2231 con-

470 2283 739 2329 snmmata
782 2282 937 2338 sunt,
969 2288 1167 2328 rursus
1199 2279 1490 2325 moventur
1528 2272 1595 2326 ad
1637 2271 2056 2345 incrementum,

473 2379 661 2419 eorum
695 2365 838 2417 enim
876 2360 1382 2416 eonsnmmationes
1415 2359 1646 2414 aliorum
1683 2369 1812 2414 sunt
1846 2358 2055 2428 princi-

473 2456 583 2526 pia.
618 2453 720 2521 Qui
755 2454 899 2509 enim
933 2453 1131 2508 desinit
1164 2454 1220 2506 in
1270 2452 1474 2521 seipso,
1523 2449 1705 2505 facere
1731 2464 1852 2518 quae
1881 2450 2058 2503 ortum

471 2558 533 2604 et
563 2548 841 2602 interitum
891 2543 1137 2614 capiunt,
1187 2544 1325 2598 alias
1368 2542 1670 2597 diviniores
1701 2539 2059 2594 formationes

474 2637 700 2705 incepit,
735 2634 861 2704 quia
902 2648 1178 2702 nunquam
1216 2631 1359 2685 Deus
1404 2630 1606 2686 desinit
1634 2644 1798 2698 agere
1835 2628 2060 2697 pulchra

474 2725 593 2788 illa,
627 2741 856 2793 quorum
884 2737 1058 2792 neque
1084 2722 1413 2791 principium
1444 2718 1636 2774 habuit
1660 2720 1763 2787 (l).
1794 2718 2061 2787 siquidem

476 2816 623 2872 sicut
655 2817 934 2886 proprium
968 2812 1192 2867 luminis
1209 2820 1298 2865 est
1322 2803 1655 2872 illuminare,
1677 2808 1759 2862 sic.
1785 2807 2061 2876 proprium

475 2915 564 2964 est
601 2907 693 2961 Dei
728 2904 1072 2959 benefacere.
1103 2900 1470 2969 Quamobrem
1499 2900 1552 2953 in
1578 2900 1718 2968 lege,
1751 2913 1871 2968 quae
1899 2913 2068 2966 expo-

480 2999 562 3053 nit
601 2997 1050 3051 eonstitntionem
1097 3010 1287 3049 eorum
1338 3008 1458 3062 quae
1498 2994 1801 3047 secundum
1851 3001 2064 3060 tempus

2147 544 2203 590 ut
2232 534 2321 604 qui
2355 534 2469 602 ipse
2501 532 2665 586 etiam
2713 530 2785 584 sit
2824 530 3170 585 deiﬁcatiotte
3208 527 3369 581 Deus.
3401 523 3550 578 idem
3598 537 3725 577 rur-

2146 636 2264 690 Stis,
2295 641 2419 691 cap.
2450 624 2520 679 58
2546 641 2560 676 :
2588 622 2789 676 Sextus
2817 622 2937 676 dies
2971 622 3240 676 rationem
3273 618 3605 674 exsistentia:
3635 630 3728 672 re-

2147 715 2540 785 rtt'nﬁdes‘guat
2569 732 2583 779 ;
2608 714 2870 782 septimus
2903 713 3121 766 modum
3145 713 3272 765 boni
3304 721 3476 765 status
3501 724 3677 763 rerum
3707 725 3726 775 ;

2146 817 2377 860 octavus
2404 821 2533 859 vero
2567 806 2889 876 mysterium
2927 804 3051 856 boui
3092 817 3312 871 semper
3344 810 3542 857 status.
3578 800 3729 854 Idem

2146 911 2269 964 cap.
2327 896 2433 950 60:
2487 895 2592 963 Qtti
2634 908 2856 965 propter
2896 911 2996 949 nos
3048 895 3286 961 quietem
3347 893 3439 947 Dei
3489 892 3730 961 septimo

2148 987 2256 1051 die,
2298 998 2352 1039 et
2406 996 2629 1055 propter
2674 1002 2774 1042 nos
2819 985 3196 1055 operationem
3228 985 3477 1053 ejusdem
3531 993 3730 1036 octavo

2149 1080 2258 1135 die.
2289 1079 2339 1131 id
2369 1087 2475 1142 ιιι-ι,
2504 1096 2535 1128 ιι
2557 1079 2788 1150 ysticam
2818 1078 3275 1131 resurrectionem
3312 1075 3736 1144 participatione

2149 1170 2509 1223 tleiﬂcatinnis
2548 1170 2916 1239 participavit.
2960 1168 3026 1223 Et
3066 1186 3255 1224 rursus
3285 1171 3433 1223 idem
3483 1184 3606 1237 cap.
3636 1168 3734 1235 48,

2160 1271 2212 1312 et
2248 1261 2315 1314 49
2347 1268 2401 1314 et
2441 1260 2510 1314 50
2540 1260 2781 1329 ejusdem
2812 1263 3075 1315 centuriae
3102 1278 3117 1315 :
3154 1260 3519 1328 Qnterendnm
3553 1269 3635 1314 est
3664 1260 3738 1314 ab
3802 1274 3822 1296 ι

2150 1352 2431 1412 studiosis.
2473 1366 2596 1421 quae
2620 1366 2787 1421 opera
2840 1353 3193 1420 intelligenda
3236 1353 3368 1411 sint.
3401 1368 3521 1423 quae
3565 1353 3736 1422 (τι-υἷι

2151 1443 2295 1497 Deus
2347 1458 2580 1509 creare;
2631 1454 2685 1497 et
2717 1458 2836 1511 qua:
2877 1459 3092 1509 rursus,
3139 1458 3259 1513 qum
3291 1460 3398 1497 non
3446 1444 3631 1511 cmpit.
3670 1444 3733 1499 Si

2148 1538 2297 1592 enim
2326 1537 2398 1591 ab
2428 1536 2684 1592 omnibus
2722 1537 2998 1606 operibus
3036 1553 3156 1606 quae
3191 1537 3360 1605 carpit
3388 1536 3588 1599 facere,
3613 1551 3738 1590 ecs-

2150 1630 2311 1687 sarit.
2346 1629 2693 1683 manifestum
2717 1630 2793 1693 iit,
2820 1644 2925 1683 non
2959 1644 3207 1683 cessasse
3234 1630 3304 1683 ab
3338 1629 3444 1682 illis
3474 1644 3593 1696 qua!
3618 1642 3731 1682 non

2151 1721 2311 1788 erepit
2328 1719 2535 1774 facere.
2555 1721 2783 1774 Dubium
2801 1721 3039 1785 videtur,
3063 1738 3188 1775 num
3210 1737 3375 1790 opera
3402 1721 3496 1776 Dei
3515 1736 3633 1790 quae
3650 1737 3738 1777 se-

2152 1811 2389 1866 cundum
2424 1820 2639 1878 tempus
2667 1826 2790 1867 esse
2822 1823 3130 1883 merum,
3161 1815 3272 1867 sint
3294 1814 3475 1867 omnia
3510 1827 3627 1881 qua
3652 1827 3741 1867 es-

2152 1903 2380 1958 sentiam
2402 1900 2750 1971 participant,
2769 1905 3078 1972 cuiusmodi
3096 1916 3224 1960 sunt
3242 1906 3403 1961 vatim
3420 1904 3738 1959 substantiae

2151 2010 2339 2051 eorum
2366 2010 2488 2064 quae.
2533 1997 2823 2062 exsistunt,
2856 1998 3061 2052 habent
3104 1997 3387 2053 enimnon
3420 2012 3543 2053 esse
3591 1997 3737 2050 anti-

2159 2087 2325 2155 quius
2358 2101 2519 2155 quam
2549 2102 2712 2153 esse;
2744 2089 2869 2157 quia
2902 2098 3021 2143 erat
3054 2092 3276 2159 quando
3303 2105 3408 2144 non
3439 2089 3765 2159 participa.

2158 2177 2291 2231 bant
2338 2177 2661 2232 essentiam.
2713 2176 2991 2252 Fortassis
3041 2189 3221 2237 autem
3268 2195 3429 2249 opera
3478 2178 3572 2233 Dei
3618 2193 3738 2247 qua

2157 2282 2262 2322 non
2293 2279 2578 2336 cmpcrunt
2607 2283 2729 2324 esse
2762 2271 2814 2324 in
2845 2279 3114 2339 tempore,
3145 2271 3236 2324 illa
3264 2282 3388 2324 sunt
3416 2286 3535 2339 quae
3564 2282 3676 2339 part
3688 2271 3733 2323 i-

2158 2360 2415 2429 cipantur
2448 2362 2748 2419 secundum
2781 2363 3013 2430 gratiam
3059 2363 3127 2416 ab
3171 2363 3244 2418 iis
3279 2363 3369 2430 qui
3415 2377 3478 2417 ea
3513 2362 3729 2431 partici-

2160 2461 2310 2521 pant,
2344 2461 2403 2507 ut
2424 2450 2754 2515 boiritas,,et
2787 2467 2951 2509 omne
2988 2454 3040 2507 id
3069 2455 3210 2523 quod
3256 2454 3309 2509 in
3342 2455 3546 2508 ratione
3568 2453 3722 2506 boni-

2163 2544 2291 2598 tatis
2320 2544 2679 2601 continetur:
2709 2554 2763 2599 ct
2788 2547 3022 2611 denique
3050 2544 3230 2600 omnis
3260 2547 3395 2610 vita,
3430 2557 3480 2599 et
3512 2546 3730 2599 immor-

2161 2636 2368 2694 talitas.
2400 2647 2454 2690 et
2480 2636 2832 2705 simplicitas,
2856 2646 2914 2692 et
2937 2636 3376 2703 immutabilitas,
3400 2646 3453 2691 et
3474 2636 3735 2702 inﬁnitas,

2168 2735 2615 2797 etqntceumquc
2656 2728 2802 2782 circa
2838 2728 3018 2797 ipsum
3050 2729 3355 2784 secundum
3384 2728 3737 2785 substantiam

2142 2812 2602 2887 contemplemur
2652 2817 2753 2889 (2),
2809 2830 2930 2888 qum
2980 2833 3146 2888 opera
3205 2821 3295 2875 Dei
3344 2831 3493 2885 sunt,
3534 2831 3588 2876 et
3634 2837 3738 2877 non

2164 2923 2343 2981 empta
2366 2911 2668 2967 secundum
2715 2920 2933 2981 tempus
2961 2896 3116 2976 {non
3158 2914 3300 2967 enim
3328 2914 3603 2981 antiquius
3636 2914 3745 2967 vir-

2165 3014 2284 3060 tute
2316 3016 2457 3067 erat,
2490 3020 2596 3057 non
2630 3018 2750 3059 csse
2795 3005 3074 3072 virtutem,
3117 3015 3171 3060 et
3199 3005 3456 3060 similiter
3496 3006 3551 3059 in
3595 3005 3740 3069 aliis,

484 3090 723 3145 )ziuutm
755 3099 806 3139 et
837 3088 1114 3146 occidunt,
1138 3085 1440 3139 honoratur
1463 3083 1765 3139 Sabbatum
1794 3098 1890 3151 per
1915 3082 2066 3152 quieo
2091 3121 2136 3180 ο
2166 3111 2289 3167 qua
2317 3095 2478 3149 modo
2509 3096 2647 3158 dixi,
2679 3096 2928 3165 quamvis
2958 3112 3078 3166 quae
3117 3097 3231 3166 ipsa
3256 3097 3607 3165 participant,
3629 3097 3743 3167 ipsa

481 3191 614 3244 tem,
651 3180 704 3233 in
740 3179 1033 3249 Evangi-Iio
1060 3186 1261 3235 autem.
1292 3178 1435 3245 quod
1471 3183 1674 3230 statum
1715 3190 1898 3229 rerum
1944 3175 2061 3242 spi-

478 3273 760 3327 ritualintn
821 3269 1144 3331 introducit,
1195 3266 1589 3322 exercitatione
1633 3267 1898 3331 bonorum
1931 3282 2062 3333 ope-
2100 3310 2112 3320 .

483 3380 604 3417 rum
632 3364 733 3416 hoc
760 3362 1056 3415 Sabbatnm
1085 3359 1441 3429 splendescit.
1468 3358 1670 3413 lterum
1703 3358 1866 3422 idem,
1896 3373 1944 3411 c.
1971 3358 2061 3423 5i,

483 3454 731 3521 ejusdem
768 3444 1062 3506 centurite:
1111 3451 1335 3514 Sextus,
1374 3446 1572 3519 inquit,
1607 3449 1725 3503 dies
1763 3446 2062 3501 secundum

483 3542 823 3610 Scriptorum
841 3524 1065 3596 enarrat
1094 3542 1549 3609 complementum
1575 3554 1765 3594 eorum
1792 3554 1910 3609 qua:
1942 3546 2068 3593 sunt

480 3637 583 3690 sub
624 3645 857 3698 natura;
904 3634 1166 3701 septimus
1212 3647 1340 3684 vero
1387 3631 1801 3686 circumscribit
1856 3642 2063 3684 motum

481 3725 761 3796 preprium
795 3724 1055 3791 temporis
1084 3742 1096 3788 ;
1130 3734 1359 3777 octavus
1394 3731 1539 3775 notat
1574 3729 1631 3775 et
1657 3721 1905 3790 designat
1953 3735 2070 3773 mo-

480 3819 608 3871 dum
641 3824 816 3871 status
842 3830 1007 3880 supra
1039 3825 1313 3875 naturam,
1339 3822 1393 3868 et
1420 3823 1652 3881 tempus.
1681 3812 1849 3875 Idem,
1876 3826 1928 3867 c.
1955 3812 2026 3866 54
2049 3828 2063 3865 :

479 3909 583 3977 Qui
617 3909 1015 3962 sextnurdiem
1061 3905 1363 3975 complevit
1405 3904 1594 3957 divine
1622 3906 1744 3957 cum
1787 3904 2067 3970 operibus.

484 4013 545 4058 et
606 4001 921 4053 nationibus
989 3998 1093 4053 sibi
1150 3996 1601 4052 convenientibus
1640 4036 1655 4058 .
1720 3996 1833 4060 ipse
1903 3995 2067 4048 etiam

480 4092 738 4163 operibus
775 4090 889 4144 suis
925 4088 1222 4152 cumDeo,
1280 4089 1503 4142 honeste
1544 4087 1847 4157 perspectis
1873 4127 1888 4151 ,
1947 4101 2072 4153 pcr—

484 4183 742 4241 transivit
780 4179 1161 4250 perspicientia
1214 4179 1409 4232 menti.-
1469 4193 1659 4231 omnes
1717 4191 1804 4230 res
1864 4186 2072 4249 naturae

485 4286 541 4328 et
601 4272 833 4342 tempori
898 4270 1216 4336 subiectas,
1279 4282 1333 4323 et
1398 4272 1465 4323 ad
1534 4268 2070 4336 condetnplationem

484 4366 771 4435 mysﬁcam
839 4363 936 4415 τοινί
994 4371 1048 4414 cl
1114 4372 1440 4415 met-norum
1487 4374 1545 4412 se
1599 4360 1896 4421 transtulit,
1939 4360 2076 4414 Sab-

2164 3203 2289 3243 t-sse
2337 3184 2608 3257 ca‘pet'int
2660 3190 2961 3242 secundum
3012 3198 3243 3258 tempus.
3282 3188 3474 3245 Omnis
3509 3203 3747 3261 namque

2168 3282 2346 3336 virtus
2374 3282 2645 3351 principio
2675 3291 2827 3337 caret
2854 3298 2959 3336 non
2993 3282 3204 3337 habens
3236 3295 3445 3354 tempus
3470 3282 3747 3350 antiquius

2165 3387 2247 3437 se,
2293 3382 2478 3442 utpote
2503 3370 2631 3443 qua!
2656 3372 2823 3427 Deum
2861 3374 3035 3429 solum
3071 3375 3229 3430 habet
3270 3376 3358 3443 qui
3396 3389 3512 3430 eam
3540 3386 3746 3430 aeterno

2167 3472 2415 3534 generat.
2450 3464 2594 3519 Idem
2627 3465 2805 3519 adhuc
2833 3483 2847 3520 :
2881 3463 3153 3520 lmmeme
3177 3474 3231 3520 ct
3265 3465 3315 3518 in
3350 3462 3609 3518 inﬁnitum
3641 3480 3742 3518 ex-

2166 3566 2381 3627 emptus
2403 3567 2485 3611 est
2507 3556 2644 3612 Dens
2670 3573 2731 3613 cr
2750 3560 3011 3613 omnibus
3028 3559 3555 3628 participantibus,ct
3571 3560 3736 3626 parti-

2167 3646 2498 3717 cipatis.f0u
2517 3664 2583 3700 nc
2600 3649 2742 3701 enim
2767 3652 2911 3717 quod
2939 3650 3101 3704 habet
3127 3652 3387 3704 rationem
3404 3665 3498 3705 cur
3539 3652 3606 3703 sit
3641 3651 3745 3718 (5),

2168 3752 2305 3806 opus
2341 3737 2433 3792 Dei
2488 3739 2645 3806 plane
2678 3750 2797 3804 cst;
2851 3750 2904 3795 et
2949 3743 3147 3810 partim
3198 3744 3414 3811 quidem
3448 3743 3743 3798 seruuduin

2169 3840 2348 3883 ortum
2381 3830 2548 3897 cmpit
2594 3847 2716 3885 esse
2750 3831 2802 3884 in
2849 3820 3090 3901 tempore
3116 3851 3132 3898 ;
3162 3834 3358 3900 partim
3398 3851 3526 3888 vero
3555 3852 3751 3888 secun-

2172 3921 2297 3974 dum
2327 3924 2561 3992 gratiam
2595 3923 2813 3977 insitum
2835 3934 2917 3979 est
2941 3928 3206 3981 creaturis
3232 3937 3487 3998 tanquam
3506 3930 3750 3998 quaedam

2172 4011 2276 4076 vis,
2321 4014 2437 4068 sive
2471 4005 2702 4069 facultas
2745 4017 2952 4082 innata,
3001 4035 3122 4079 qm?
3167 4020 3337 4074 Deum
3396 4022 3448 4076 in
3497 4025 3753 4077 omnibus

2175 4114 2360 4174 aperte
2386 4114 2442 4160 et
2470 4106 2616 4160 clare
2660 4108 2941 4177 prtedit-at.
2984 4110 3052 4165 Et
3088 4127 3315 4168 rursus:
3352 4111 3615 4168 Universa
3652 4116 3755 4168 im-

2175 4195 2448 4261 mortalia,
2481 4208 2532 4251 ct
2565 4198 2679 4265 ipsa
2720 4199 3141 4268 immortalitas,
3179 4213 3234 4258 et
3264 4217 3460 4260 cuncta
3491 4208 3754 4270 virentia.

2175 4295 2229 4342 et
2259 4287 2375 4356 ipsa
2409 4289 2542 4354 vita,
2578 4299 2632 4344 et
2662 4301 2848 4344 sancta
2895 4295 3099 4359 omnia,
3145 4304 3197 4350 ct
3234 4296 3344 4361 ipsa
3382 4300 3664 4357 sanctitas.
3700 4310 3757 4354 et

2177 4379 2360 4432 omnia
2392 4378 2595 4433 virtute
2637 4382 2883 4448 praedita,
2927 4394 2980 4438 et
3026 4386 3140 4454 ipsa
3194 4386 3411 4452 virtus,
3468 4398 3521 4443 ct
3570 4395 3757 4446 omnia

486 4456 671 4512 1mm“
743 4464 921 4507 "‘9'"?
1006 4454 1218 4523 θεῑιηιιε
1272 4452 1463 4547 ign?”
1489 4490 1504 4513 ν
1575 4449 1736 4503 Γείηιε
1814 4451 1944 4519 ίβδίε
2004 4466 2071 4506 θ’(
2097 4469 2151 4530 D
2182 4468 2344 4531 bona,
2379 4478 2543 4537 atque
2572 4469 2685 4537 ipsa
2722 4474 2975 4539 bonitas;
3007 4449 3061 4528 et
3089 4487 3280 4530 cuneta
3317 4449 3435 4547 qua:
3456 4479 3754 4546 exsistunt,

491 4559 606 4601 toto
636 4546 866 4611 relictis,
893 4556 945 4600 et
980 4544 1275 4614 superatis.
1304 4542 1407 4608 Qui
1440 4550 1620 4594 autem
1649 4551 1842 4596 octavo
1871 4544 1957 4598 die
1988 4547 2065 4600 di-

491 4653 631 4709 gnus
660 4647 741 4691 est
775 4637 1015 4699 habitus,
1044 4637 1090 4689 is
1120 4651 1148 4686 a
1174 4635 1403 4688 mortuis
1425 4632 1700 4686 excitatus
1723 4644 1802 4688 est
1832 4652 1845 4701 ;
1879 4636 1928 4687 id
1957 4644 2064 4704 est,

493 4731 562 4785 ab
591 4729 851 4784 omnibus
884 4745 1007 4798 qua:
1036 4728 1136 4781 sub
1169 4739 1389 4778 sensum
1430 4733 1485 4777 et
1522 4724 1936 4795 intelligentiam
1970 4724 2066 4783 ea-

490 4822 648 4889 dunt,
683 4832 735 4876 et
761 4836 789 4874 a
822 4821 1004 4874 verbis
1038 4826 1093 4872 et
1123 4816 1460 4880 potionibus,
1492 4824 1547 4870 et
1570 4817 1712 4872 vixit
1743 4819 1955 4873 beatam
1991 4821 2069 4874 vi-

2177 4565 2234 4612 et
2265 4556 2380 4623 ipsa
2410 4558 2753 4626 cxsistcntia,
2789 4578 2952 4630 opera
2990 4565 3079 4622 Dei
3114 4566 3273 4634 plane
3302 4580 3428 4622 sunt
3457 4587 3471 4634 ;
3502 4573 3592 4622 sed
3619 4587 3755 4641 ope-

2175 4664 2235 4702 ra
2266 4648 2361 4703 Dci
2394 4651 2593 4718 partim
2630 4663 2758 4706 sunt
2793 4658 2899 4709 non
2934 4665 3110 4725 empta
3156 4667 3399 4727 tempore
3424 4662 3441 4727 (
3465 4678 3571 4716 non
3604 4667 3754 4720 enim

2179 4747 2318 4803 erat,
2364 4743 2585 4808 quando
2621 4759 2723 4796 non
2769 4756 2886 4799 erat
2920 4748 3109 4813 virtus,
3148 4763 3200 4803 et
3252 4751 3490 4817 bonitas,
3527 4765 3575 4807 et
3622 4771 3757 4812 san-

2180 4830 2368 4896 ctitas,
2409 4842 2465 4885 ct
2500 4833 2951 4904 immortalitas),
2998 4840 3192 4908 partim
3225 4853 3402 4912 coepta
3449 4846 3646 4919 alioqui
3699 4852 3755 4906 in

1970 4986 2248 5051 Scholia.

562 5106 640 5171 (ll
678 5106 916 5178 Quorum
942 5118 1106 5171 neque
1134 5105 1684 5178 principiumfhabruit.
1725 5106 2059 5178 Principium

495 5179 751 5242 temporis
778 5176 940 5249 dicit;
965 5183 1090 5226 ante.
1117 5184 1328 5241 tempus
1393 5177 1536 5249 enim
1566 5177 1619 5229 in
1672 5179 1802 5249 ipsis
1857 5176 2066 5249 angelis

494 5253 725 5314 gratiam
758 5256 810 5297 et
839 5244 1070 5315 virtutes
1125 5260 1316 5297 creare
1363 5245 1548 5312 cmpil,
1586 5263 1612 5298 a
1656 5248 1857 5315 quibus
1927 5244 2066 5303 nun-

492 5313 653 5382 qnam
676 5314 882 5367 desistit
920 5313 973 5366 in
1009 5314 1318 5367 hominibus
1349 5313 1854 5382 angelorum‘vitam
1877 5330 1933 5375 et
1957 5322 2068 5373 vir-

494 5395 665 5439 ltttem
702 5383 1053 5435 imitantibus.

563 5453 641 5518 (2)
674 5452 1008 5519 Qud‘cnnque
1024 5453 1164 5506 circa
1194 5454 1362 5518 ipsum
1380 5454 1660 5507 secundum
1684 5459 2061 5515 substantiam.

493 5524 585 5576 Illa
612 5520 1074 5595 sciliCettlicitnttr
1117 5524 1470 5591 contemplari
1519 5526 1660 5578 eirea
1714 5532 1887 5595 ipsmu
1935 5533 2063 5584 sub—

491 5591 841 5647 stantialiter.
866 5594 1054 5657 quaeiu
1085 5595 1351 5646 creaturis
1374 5613 1401 5648 a
1431 5591 1744 5651 substantia
1767 5602 1856 5653 Ι)θί
1881 5602 2052 5652 aina-

488 5674 681 5735 τικως,
713 5657 763 5708 id
788 5669 919 5735 est,__
952 5664 1160 5735 ratione
1182 5678 1379 5735 causa».
1440 5668 1758 5735 participata
1811 5682 2058 5723 coment-

487 5730 539 5798 pl
561 5740 724 5789 ttnttr,
753 5736 810 5780 ut
835 5729 1151 5786 ittlittitatem
1178 5734 1230 5786 itt
1260 5729 1520 5803 potentia,
1544 5729 2056 5803 itttnttttabilitatmn,

2164 5115 2604 5205 sitt’tpliﬁitalem,
2632 5135 2685 5205 et
2722 5125 3195 5205 immortalitatem
3229 5133 3281 5205 iu
3314 5134 3544 5197 angelis.
3638 5193 3647 5199 ,

2238 5188 2315 5258 (5)
2347 5189 2511 5245 Omne
2543 5196 2863 5267 gitodjtdbet
2896 5201 3159 5254 rationem
3213 5190 3308 5255 cur
3369 5188 3460 5267 sit,
3507 5193 3752 5260 creaiura

2164 5267 2333 5340 εει-..ει
2369 5277 2499 5340 opus
2538 5263 2653 5340 ιρρε.
2690 5265 2828 5319 Dens
2857 5269 3003 5340 enim
3035 5287 3139 5324 non
3162 5284 3243 5326 est
3269 5263 3492 5333 propter
3522 5292 3605 5338 se,
3635 5284 3693 5328 ιιι
3720 5292 3749 5330 a

2165 5329 2322 5382 nobis
2346 5335 2794 5412 cogitaripotest,
2831 5339 2908 5391 ait
2963 5351 3187 5412 sanctus
3233 5329 3498 5398 Maximus
3529 5329 3604 5397 ai'
3633 5329 3748 5412 pri-4

2171 5413 2256 5480 tua
2282 5405 2529 5457 centuria
2559 5406 2892 5480 theologia-a5
2918 5409 3041 5475 qttia
3075 5427 3300 5466 necesse
3332 5424 3414 5467 est
3443 5424 3500 5467 ttt
3531 5405 3746 5468 illa-ra-

2169 5475 2325 5553 tioct
2356 5486 2519 5527 causa
2540 5475 2788 5553 sit_ptius
2813 5495 2826 5542 ;
2862 5479 3002 5534 Dens
3025 5489 3203 5534 autem
3229 5483 3360 5536 nihil
3390 5484 3549 5537 habet
3576 5485 3746 5553 prius,

2168 5540 2378 5620 idcirco
2410 5558 2585 5611 neque
2616 5544 2755 5620 l)_.'us
2793 5540 2876 5603 est
2905 5563 3126 5617 propter
3153 5565 3232 5608 se.
3253 5562 3309 5605 ιιι
3343 5570 3371 5608 a
3407 5540 3747 5608 nobisinteI-Z

2170 5609 2260 5678 ligi
2297 5622 2472 5679 potest
2500 5609 2544 5694 Ξ.
2578 5616 2703 5695 quia
2750 5609 2917 5685 quod.
2948 5609 3019 5671 in.
3051 5624 3319 5695 creaturis
3367 5623 3740 5695 intelligimus,

2168 5696 2336 5737 causa
2364 5687 2584 5753 pr0pric
2613 5687 2761 5754 prior
2786 5697 2869 5742 est
2894 5704 2982 5753 eo,
3020 5690 3175 5760 cujus
3207 5708 3370 5746 causa
3403 5710 3509 5749 ρει.
