4048 6426
450 294 565 356 ὭεἮ

1604 279 1937 343 ἸΟᾹΝΝῙΞ
1989 278 2546 340 ΕῩΡΑΗῖΞΞΙΟΤΕΕ

3614 282 3719 348 9οι

452 418 601 461 Clum
651 412 771 458 est:
812 404 950 456 Deus
980 402 1211 455 rharitas
1243 398 1402 453 est".
1460 398 1548 452 Sic
1598 399 1760 466 igitur
1807 412 1912 451 non
1963 409 2048 451 est
2075 394 2121 453 Α
2151 391 2456 449 Moventem
2495 409 2625 450 vero
2649 393 3079 464 dieit,tanqnam
3115 394 3204 461 qui
3232 393 3440 464 singula
3484 408 3716 458 moveat.
3787 376 3802 394 ’

461 497 801 559 mirandum,
859 496 902 548 si
960 494 1214 546 virtutem
1264 491 1396 545 dicit
1445 490 1533 544 hic
1569 490 1785 544 ’babcre
1839 497 2039 543 aeterne

461 588 627 641 Deum
664 587 1010 652 genitorem:
1049 582 1099 636 id
1134 593 1238 649 est,
1282 580 1423 635 Deus
1465 595 1585 633 eum
1642 580 1867 633 haberet
1915 592 2036 632 eam

457 677 511 731 in
554 693 612 731 se
663 676 783 744 ipso
839 674 1065 742 protulit
1098 687 1217 727 eam
1259 670 1429 734 foras,
1470 669 1521 723 id
1552 678 1656 735 est,
1703 670 1850 724 circa
1887 683 2038 724 erea-

463 780 631 822 turas.
704 768 967 822 Similiter
1023 766 1154 819 illud
1222 766 1337 820 Non
1404 773 1545 828 erat,
1631 766 1852 832 quando
1935 778 2039 816 non

457 869 576 914 erat
620 861 794 914 virtus
847 868 902 910 et
946 859 1178 921 bonitas,
1228 857 1485 924 adjuncto
1517 865 1761 924 tempore
1794 855 2040 909 redditur

457 952 802 1003 consentiens
849 965 1053 1012 secum,
1113 958 1167 1002 et
1197 964 1321 1003 cum
1367 949 1491 1002 aliis
1540 956 1665 1000 ante
1727 947 1909 1001 dictis.
1948 946 2042 1000 Ni-

457 1039 530 1093 bil
591 1040 762 1109 igitur
810 1056 996 1094 eorum
1062 1055 1182 1108 qnte
1249 1050 1404 1093 antea
1457 1038 1827 1092 demonstrata
1886 1050 2035 1104 sunt,

461 1137 655 1186 rationi
700 1133 1040 1187 adversatur.
1093 1133 1234 1187 Dens
1269 1141 1471 1197 autem,
1527 1131 1618 1200 qui
1661 1146 1880 1185 causam
1931 1146 2036 1185 non

464 1223 647 1285 liabet,
711 1234 764 1279 et
814 1230 1059 1279 omnium
1118 1239 1281 1277 causa
1330 1232 1434 1285 est,
1492 1239 1571 1297 ex‘
1605 1223 1773 1276 nihilo
1830 1223 2035 1291 produ-

455 1314 525 1368 cit
561 1325 868 1369 creaturam
899 1334 913 1381 ;
949 1330 1123 1384 neque
1171 1315 1470 1384 quidquam
1507 1327 1698 1369 eorum
1731 1330 1853 1384 quae
1884 1325 2034 1377 sunt,

407 1410 425 1425 °
454 1404 720 1472 quidquid
768 1407 897 1461 illud
945 1408 1040 1472 sit,
1087 1414 1420 1460 coteternum
1469 1406 1517 1460 ei
1551 1417 1654 1472 est,
1701 1408 1815 1461 sive
1861 1422 1923 1461 ex
1969 1408 2036 1461 iis

455 1494 565 1549 sint
594 1512 715 1565 quae
755 1506 998 1567 tempore
1024 1507 1200 1565 erepta
1231 1506 1380 1562 sunt,
1428 1497 1543 1553 sive
1569 1514 1673 1551 non
1701 1509 1877 1568 empta
1901 1510 2036 1553 tetu—

450 1602 607 1656 pore.
639 1590 731 1643 sed
762 1604 879 1643 aevo
913 1591 1310 1656 comprehensa
1340 1632 1352 1655 ,
1390 1593 1508 1645 sive
1541 1605 1607 1644 ex
1644 1591 1711 1646 iis
1746 1607 1865 1658 qua
1908 1600 2036 1646 sunt

454 1681 871 1749 participatttia,
922 1681 1039 1735 sive
1068 1698 1188 1751 quae
1214 1683 1532 1752 partieipata
1560 1726 1575 1748 ,
1610 1693 1663 1738 et
1696 1685 1869 1738 solum
1916 1694 1973 1738 ut
2002 1700 2030 1737 a

453 1771 912 1840 partit'ipantibns
943 1774 1366 1843 participentur,
1400 1775 1645 1843 exposita
1674 1791 1689 1840 ;
1725 1775 1839 1831 sive
1870 1791 1932 1829 ex
1962 1776 2027 1830 iis

450 1860 562 1915 sint
590 1876 710 1929 QIIEP
752 1862 1143 1931 intelliguntur,
1193 1864 1308 1918 sive
1349 1880 1470 1933 qua:
1519 1866 1851 1931 intelligunt.
1889 1866 2030 1921 Deus

452 1954 598 2004 enim
642 1952 859 2006 inﬁnite
898 1954 950 2007 in
989 1953 1259 2007 inﬁnitum
1301 1969 1361 2008 es
1398 1955 1482 2009 liis
1529 1968 1581 2009 et
1615 1955 1721 2010 illis
1746 1968 2031 2026 exemptus

453 2052 533 2096 est
564 2060 576 2096 :
614 2044 870 2107 quoniam
921 2045 1070 2099 solus
1100 2045 1216 2113 ipse
1249 2057 1333 2100 est
1361 2047 1603 2100 omnium
1659 2064 1763 2101 una
1822 2065 1982 2104 causa
2012 2068 2027 2115 ;

452 2148 626 2201 neque
663 2136 825 2189 habet
857 2147 983 2190 ante
1027 2151 1086 2196 se
1129 2137 1308 2205 majus
1352 2138 1581 2208 aliquid,
1616 2154 1795 2209 neque
1843 2155 2027 2196 secum

447 2226 677 2293 atquale,
712 2243 886 2296 neque
913 2236 1035 2296 post
1063 2242 1123 2283 se
1152 2228 1354 2283 minus.
1530 2230 1543 2243 ‘
2009 2220 2015 2224 ’

1070 2337 1299 2393 CAPUT
1339 2338 1401 2393 ν.

446 2450 604 2517 Cum!
634 2453 766 2507 nihil
793 2470 979 2525 eorum
1001 2472 1117 2523 qua?
1138 2464 1282 2521 sunt,
1316 2472 1379 2509 ea:
1410 2473 1465 2509 se
1498 2457 1606 2525 ipso
1629 2460 1898 2524 prorlietts.
1950 2471 2029 2513 est

518 2539 620 2574 non
653 2526 916 2577 divisum:
962 2524 1100 2577 Deus
1126 2535 1300 2578 autem
1339 2524 1623 2579 secundum
1659 2546 1815 2581 unum
1876 2547 2031 2583 suum

517 2604 828 2666 potestatem
860 2594 1263 2659 multiplicatus,
1290 2604 1338 2648 et
1366 2597 1419 2649 in
1451 2598 1626 2649 omnia
1657 2599 1922 2666 pradicas,
1952 2610 2029 2655 est

518 2679 621 2715 non
650 2665 876 2729 divisus,
896 2674 944 2718 et
973 2681 1004 2717 a
1037 2681 1091 2717 se
1114 2680 1217 2717 non
1238 2666 1434 2719 exiens.

520 2774 745 2843 Magnus
776 2776 1086 2848 Dinnysius,
1118 2792 1237 2845 cap.
1270 2777 1324 2841 4,
1356 2777 1429 2831 De
1453 2778 1651 2834 divinis
1683 2783 1981 2838 nominibus
2010 2801 2027 2840 :

442 2866 637 2923 Auden
660 2869 790 2928 lum,
823 2869 1017 2936 inquit,
1056 2879 1137 2922 est
1165 2870 1346 2923 dicere
1373 2870 1475 2924 hoc
1505 2885 1603 2936 pro
1622 2875 1867 2936 veritate,
1886 2876 2025 2944 quod

442 2953 563 3022 ipse
596 2956 687 3022 qui
722 2964 805 3009 est
840 2957 1084 3010 omnium
1119 2969 1332 3021 auctor,
1374 2958 1599 3027 pulchro
1621 2972 1675 3016 et
1697 2965 1836 3017 bono
1879 2982 2029 3019 anto-

2145 498 2205 543 ut
2239 488 2431 557 cuique
2455 491 2727 551 convenit,
2763 499 2820 544 ut
2851 493 2916 543 ad
2949 505 3007 546 se
3042 493 3217 559 ipsum
3259 500 3559 557 convertat,
3614 508 3712 566 nn-

2144 593 2267 633 men
2300 590 2478 633 autem
2526 580 2781 635 lenocinii
2832 581 2934 636 etsi
2968 581 3108 648 apud
3159 580 3452 650 scriptores
3492 581 3717 651 gentiles

2142 684 2256 724 rem
2279 671 2555 740 signiﬁcat
2580 688 2681 726 non
2701 682 2942 726 sanctam
2973 683 3388 742 nequecastatn,
3419 670 3505 725 liic
3533 683 3656 724 tam.
3679 688 3712 725 n

2142 762 2408 829 significat
2440 762 2872 818 conciliationem
2907 765 3284 818 intermedium
3311 761 3711 832 conjunction‘s

2140 870 2262 909 cum
2287 854 2417 910 Deo.
2445 857 2507 910 Et
2535 857 2865 912 adliucidem
2891 858 3070 923 capite
3091 857 3159 910 88
3189 873 3203 910 :
3228 856 3404 910 Motus
3418 858 3720 914 amatorios

2141 948 2266 1001 boni
2299 951 2389 1018 qui
2423 949 2473 1001 in
2535 948 2679 1001 bono
2736 952 2887 1018 prius
2915 949 3130 1003 exsistit
3161 948 3385 1012 simplex
3416 958 3468 1001 et
3521 950 3717 1000 immo-

2140 1039 2285 1102 bilis,
2317 1056 2380 1092 ex
2406 1040 2547 1094 bono
2574 1040 2827 1108 proditius
2854 1039 2921 1094 ad
2948 1041 2999 1094 id
3031 1041 3208 1109 ipsum
3245 1040 3381 1111 redit
3411 1043 3514 1092 line
3536 1049 3587 1092 ct
3622 1039 3714 1106 qui

2140 1128 2193 1183 in
2228 1131 2373 1183 bono
2391 1130 2732 1199 pt‘jncipiojc;i
2745 1145 2890 1197 reus,
2909 1131 3048 1200 quod
3066 1131 3281 1198 quidem
3298 1130 3554 1194 declarat,
3576 1132 3715 1184 desi-

2140 1222 2346 1275 derium
2385 1214 2626 1276 notrum
2658 1238 2871 1292 semper
2896 1223 2961 1277 ad
2986 1222 3154 1277 Deum
3190 1222 3419 1287 m0vcri;
3446 1222 3717 1291 copulatio

2139 1314 2283 1365 enim
2312 1328 2435 1367 eum
2465 1314 2571 1367 Deo
2595 1329 2658 1375 ex
2700 1314 2995 1380 cbaritate,
3031 1329 3254 1368 omnem
3312 1315 3711 1383 c0pu|atiunem

2136 1402 2328 1468 vincit,
2358 1414 2411 1457 et
2440 1406 2509 1457 ab
2545 1406 2691 1458 omni
2726 1406 3114 1475 conjunctione
3168 1406 3445 1460 eximitur.
3503 1406 3711 1459 llursus

2134 1492 2154 1544 ti
2180 1494 2279 1545 lein
2307 1494 2482 1561 capite
2513 1494 2581 1551 89
2608 1513 2620 1547 :
2644 1496 2901 1549 Amorem
2935 1511 3060 1549 cum
3087 1495 3342 1557 dicimus,
3390 1496 3506 1550 sive
3573 1496 3709 1547 diri-

2140 1601 2291 1648 num,
2336 1586 2451 1640 sive
2491 1587 2820 1658 angelicum,
2855 1589 2970 1644 sive
3019 1589 3381 1657 spiritualen‘,
3430 1588 3543 1642 sive
3595 1588 3713 1642 ani.

2139 1679 2354 1742 malem,
2405 1681 2518 1734 sive
2571 1681 2897 1745 naturalem,
2962 1678 3324 1747 intelligamus
3371 1679 3475 1732 vim
3525 1696 3750 1748 quatuw

2134 1772 2259 1824 dant
2303 1773 2419 1826 sive
2454 1781 2779 1839 potestatem
2847 1773 3196 1842 copulantem
3245 1781 3327 1824 et.
3357 1772 3714 1826 commiscen-

2134 1871 2265 1927 tem,
2293 1865 2576 1930 superiora
2609 1867 2827 1934 quidem
2867 1878 3174 1919 moventem
3204 1866 3269 1918 ad
3303 1865 3707 1934 providentiam

2137 1955 2497 2021 inferiorum,
2527 1972 2588 2011 ea
2622 1972 2748 2011 vero
2772 1973 2892 2026 qua:
2923 1966 3050 2011 sunt
3090 1955 3330 2026 ejusdem
3357 1958 3584 2020 ordinis,
3639 1958 3708 2009 ad

2132 2060 2377 2102 mutuam
2410 2049 2958 2103 communicationem
2980 2090 2994 2113 ,
3032 2056 3087 2103 et
3155 2048 3446 2102 novissime
3475 2064 3537 2103 ea
3588 2063 3709 2118 quas

2134 2152 2259 2195 sunt
2296 2140 2571 2196 inferioris
2604 2152 2911 2195 moventem
2948 2145 3013 2194 ad
3061 2142 3489 2210 eouvertemlum
3523 2156 3581 2195 se
3637 2142 3705 2195 ad

2134 2233 2497 2300 prestantiora
2548 2244 2604 2287 et
2669 2233 2983 2302 praeposita.
3036 2232 3112 2286 Ac
3158 2247 3348 2286 rursus
3404 2231 3706 2301 Dionysius,

2133 2340 2253 2393 Cap.
2298 2326 2331 2378 4
2372 2323 2449 2378 De
2470 2326 2656 2379 divinis
2706 2325 3007 2377 nominibus
3044 2343 3057 2379 :
3109 2323 3223 2378 Hoc
3266 2338 3434 2379 Unum
3480 2321 3701 2390 bonum,

2133 2416 2331 2486 inquit,
2352 2426 2405 2470 et
2438 2417 2745 2485 pulchrum,
2780 2415 3135 2485 singulariter
3168 2423 3249 2469 est
3290 2415 3528 2470 entnium
3556 2415 3688 2468 inul-

2136 2517 2311 2561 torum
2345 2509 2681 2562 bonorumet
2714 2508 3062 2576 pulchrorum
3123 2522 3308 2561 causa.
3345 2508 3407 2561 Et
3434 2508 3483 2560 in
3545 2507 3694 2574 quin.

2135 2609 2188 2652 to
2228 2600 2445 2669 capite:
2486 2601 2539 2653 In
2578 2616 2686 2654 uno
2720 2600 2864 2653 enim
2898 2599 3063 2671 Deus.
3094 2606 3311 2667 utsmpe
3362 2601 3557 2655 dictum
3586 2608 3701 2663 est,

2130 2693 2312 2746 omnia
2352 2708 2471 2762 quas
2502 2694 2793 2753 exsistunt,
2847 2690 3144 2760 prteliabet,
3179 2690 3376 2745 etfacit
3422 2700 3476 2744 ut
3531 2690 3705 2744 subsi—

2132 2793 2356 2848 storent,
2380 2799 2616 2852 przesens
2635 2784 2910 2850 omnibus,
2932 2793 2985 2838 et
3002 2784 3201 2851 ubique
3219 2780 3383 2852 (‘2).et
3407 2780 3702 2837 secundum

2133 2890 2321 2938 unum,
2345 2882 2398 2928 et
2421 2877 2717 2929 secundum
2746 2875 2884 2929 idem
2911 2882 3004 2940 ;et
3034 2875 3330 2931 secundum
3368 2874 3531 2935 idem,
3587 2887 3707 2926 out-

2134 2979 2221 3029 ne,
2251 2980 2439 3017 unum.
2474 2963 2607 3018 Elin
2641 2979 2763 3033 cap.
2807 2964 2863 3028 7,
2893 2967 2958 3019 de
2993 2964 3196 3033 eisdem
3226 2963 3422 3019 divinis
3473 2963 3708 3018 nomini-

440 3063 503 3103 τε
528 3057 751 3115 propter
779 3048 1157 3101 excellentiam
1190 3065 1459 3103 summam
1487 3054 1767 3107 amatori:e
1811 3056 2024 3120 bopita-
2051 3062 2093 3119 ο
2129 3056 2267 3109 bus:
2305 3054 2514 3109 Etenim
2541 3056 2586 3110 si
2614 3056 2919 3112 secundum
2956 3072 3127 3109 unam
3152 3070 3369 3110 causam
3400 3053 3539 3110 Deus
3590 3070 3706 3107 om-

440 3141 515 3193 tis
546 3148 698 3192 extra
737 3155 795 3193 se
843 3154 938 3205 per
972 3139 1344 3207 providentius
1382 3144 1620 3198 omnium
1650 3162 1829 3200 rerum
1875 3149 2019 3204 exsi-

438 3233 553 3287 stit.
583 3246 636 3283 et
689 3232 934 3284 lmnitate
969 3242 1133 3295 atque
1191 3232 1484 3288 dilectione
1514 3247 1565 3290 et
1622 3252 1807 3292 amore
1852 3241 2017 3295 veluti

432 3323 693 3375 delinitur
717 3322 792 3392 (l)
819 3332 869 3374 et
893 3322 1229 3378 oblectatur:
1251 3333 1303 3378 et
1325 3341 1444 3379 cum
1465 3331 1535 3380 sit
1556 3343 1715 3397 supra
1736 3333 1937 3393 omnia,
1966 3343 2020 3386 et

434 3429 503 3467 ex
536 3413 788 3465 omnibus
805 3423 1109 3480 exemptus,
1139 3417 1207 3467 ad
1234 3416 1417 3469 omnia
1464 3418 1771 3472 demittitur
1822 3436 2019 3476 secun-

435 3505 566 3558 dum
603 3516 921 3572 potestatem
949 3502 1558 3575 'suprasubstnntialem,
1610 3527 1715 3579 qua
1750 3524 1903 3568 extra
1934 3531 2013 3582 se,

436 3609 545 3647 non
581 3596 1052 3663 egrediendoexit.
1083 3596 1147 3651 Et
1166 3614 1355 3653 rursus
1380 3601 1516 3654 idem
1556 3602 1606 3655 in
1629 3604 1818 3657 eodem
1851 3605 1965 3657 loco
1999 3622 2015 3659 :

436 3688 533 3741 Vel
568 3689 692 3757 quia
736 3688 850 3757 ipse
884 3689 985 3743 sibi
1048 3690 1402 3758 lenocinatur,
1436 3702 1491 3746 et
1544 3709 1603 3748 se
1650 3706 1846 3760 movet,
1915 3699 2015 3752 liae

440 3778 583 3829 enim
613 3777 823 3831 ratione
848 3779 1103 3832 dilectum
1128 3789 1181 3834 et
1211 3781 1498 3834 amabilem
1537 3798 1659 3837 eum
1706 3797 2014 3841 vocantve-

437 3868 537 3923 ittli
564 3869 848 3936 pulchrum
891 3879 946 3925 et
982 3872 1202 3933 bonum,
1233 3881 1287 3926 et
1345 3882 1600 3941 tanquam
1635 3877 1708 3931 sit.
1764 3879 2009 3946 quaedam

434 3960 515 4023 sui
541 3975 632 4025 per
654 3974 711 4013 se
735 3958 912 4026 ipsum
941 3960 1337 4027 patefactioyet
1381 3961 1517 4016 bona
1549 3967 1857 4034 progressio
1898 3968 2017 4022 exi-

434 4047 558 4101 mius
595 4046 982 4112 cepulationis,
1007 4059 1060 4101 et
1088 4050 1359 4103 amatoria
1401 4051 1590 4116 matio,
1617 4054 1894 4120 simplext
1922 4072 2018 4125 per

435 4126 493 4189 se
517 4136 749 4199 mobilis,
781 4152 877 4204 per
901 4152 961 4190 se
993 4153 1183 4205 agens,
1216 4154 1336 4206 qua;
1371 4143 1519 4209 prius
1563 4145 1773 4214 exstitit
1796 4147 1848 4199 in
1877 4148 2018 4201 bene

434 4229 500 4282 ad
537 4242 598 4279 ea
637 4242 756 4295 qutc
774 4237 921 4289 sunt,
948 4235 1152 4290 manat,
1185 4238 1240 4282 et
1273 4246 1460 4285 rursus
1493 4237 1560 4287 ad
1603 4236 1796 4288 bonum
1829 4251 2014 4290 rever-

438 4320 589 4369 titur.
617 4316 681 4367 Et
734 4326 959 4369 sanctus
998 4316 1266 4372 Maximus
1296 4321 1345 4372 in
1387 4323 1631 4376 centuria
1669 4324 1724 4386 8,
1754 4340 1872 4395 cap.
1906 4326 2010 4381 87:

2129 3146 2291 3198 nibus
2355 3147 2595 3214 impertit
2652 3158 2713 3203 ut
2771 3147 2917 3211 sint,
2986 3146 3279 3201 secundum
3333 3146 3499 3214 ipsam
3557 3145 3701 3199 illam

2130 3252 2352 3291 causam
2405 3238 2733 3309 singularem
2795 3250 3084 3306 cognoscet
3135 3240 3335 3293 omnia.
3394 3238 3458 3291 Et
3485 3239 3700 3304 capJS,

2131 3330 2197 3384 de
2254 3330 2336 3386 eis
2359 3332 2459 3384 lem
2508 3331 2708 3385 divinis
2769 3331 3079 3385 nominibus
3134 3349 3148 3385 :
3203 3329 3327 3385 Haec
3371 3330 3532 3400 igitur
3570 3339 3697 3387 sunt

2129 3422 2246 3475 sine
2300 3421 2701 3477 intermissione
2749 3421 2995 3476 laudibus
3059 3419 3373 3476 celebranda
3430 3420 3479 3472 in
3509 3432 3694 3484 causa,
3766 3453 3775 3459 -

2131 3529 2252 3580 qure
2281 3513 2532 3567 erunibus
2551 3512 2865 3576 antecellit;
2890 3522 2943 3567 et
2961 3513 3264 3566 addendum
3289 3523 3363 3567 est
3384 3513 3547 3581 ipsam
3569 3525 3689 3565 esse.

2129 3607 2471 3659 sanctitatem
2495 3617 2938 3675 exsuperantem,
2967 3614 3021 3661 et
3064 3606 3394 3659 dominatum
3457 3619 3517 3658 ac
3562 3619 3685 3672 reg-
3766 3644 3771 3649 .

2133 3713 2261 3750 nunt
2294 3714 2591 3764 summum,
2627 3698 3089 3767 simplicissimum
3113 3698 3444 3753 divinitatem
3470 3716 3489 3765 Δε
3519 3697 3692 3775 siqni-

2132 3787 2249 3838 dem
2279 3802 2341 3840 ex
2366 3789 2501 3855 ipsa,
2547 3788 2599 3841 iii
2635 3803 2744 3841 uno
2769 3797 2825 3841 et
2855 3788 3022 3842 simul
3061 3797 3170 3842 tota
3227 3796 3349 3841 uota
3404 3797 3487 3843 est
3527 3786 3601 3855 t5)
3645 3797 3699 3842 et

2130 3877 2418 3931 distributa
2451 3880 2630 3933 omnis
2665 3876 3011 3949 impermista'
3030 3879 3310 3950 diligentia
3341 3880 3515 3933 (tinnis
3549 3894 3697 3945 purae

2131 3968 2432 4034 munditiae,
2464 3971 2641 4025 omnis
2689 3987 2878 4025 eorum
2945 3986 3068 4039 qua:
3121 3972 3407 4030 exsistunt.
3462 3973 3594 4024 ordo
3647 3980 3697 4023 et

2129 4062 2477 4129 compesitio.
2520 4061 2582 4116 Et
2614 4063 2667 4115 iu
2687 4064 2861 4130 primo
2907 4067 3085 4129 capite
3126 4065 3194 4116 de
3239 4063 3442 4116 eisdem
3505 4063 3700 4117 divinis

2132 4153 2447 4209 nominibus
2486 4171 2499 4208 :
2538 4155 2696 4223 Unde
2721 4156 2774 4209 in
2812 4156 2958 4209 omni
2996 4156 3105 4209 fere
3129 4156 3450 4210 tractatione
3498 4157 3699 4212 theolo-

2125 4243 2242 4311 gica
2277 4244 2617 4297 divinitatem
2656 4245 2900 4300 videmus
2928 4261 3082 4300 sacre
3118 4247 3385 4300 celebrari
3438 4257 3695 4314 tauquam

2131 4333 2415 4397 tnnuadcm
2448 4345 2503 4389 et
2530 4337 2790 4389 unitatem
2821 4326 3044 4403 propter
3065 4336 3468 4404 simplicitatem
3495 4348 3543 4390 et
3580 4338 3701 4388 tini-

438 4406 705 4472 lutellige,
729 4405 926 4473 inquit,
988 4405 1153 4460 Deum
1180 4422 1303 4462 esse
1361 4410 1786 4479 leuncinantem,
1812 4427 1866 4472 ct
1899 4433 2015 4473 mo-
2042 4396 2096 4458 Ῑ)
2125 4431 2289 4475 tatem
2334 4424 2788 4491 impartibilitatis
2819 4439 3148 4493 supraquam
3189 4426 3476 4490 naturalis,
3510 4441 3696 4493 cx‘qua

437 4506 650 4550 ventem
683 4498 1096 4553 adamatoriam
1126 4499 1613 4566 coniunctionem,
1654 4506 1799 4563 illam
1866 4509 2009 4572 diro,

434 4604 554 4656 qum
570 4605 689 4641 cum
721 4591 913 4659 spiritu
942 4600 1021 4643 est
1050 4606 1063 4654 ;
1098 4591 1150 4644 id
1177 4604 1284 4656 est,
1306 4594 1471 4648 Deum
1514 4610 1638 4651 esse
1669 4609 2010 4667 sequestrem

434 4689 492 4732 et
522 4681 895 4736 coniectorem
927 4680 1091 4749 hujus
1131 4683 1550 4751 conjunctionis,
1583 4689 2019 4745 coneiliatorem—

345 4792 350 4801 ν
434 4786 539 4841 que
570 4773 674 4835 sui,
709 4781 765 4826 ut
790 4788 841 4825 a.
882 4774 1153 4829 creaturis
1191 4774 1304 4831 suis
1372 4788 1586 4832 ametur
1622 4788 1676 4833 et
1733 4782 2013 4853 diligatur.

503 4934 548 4966 "
577 4933 595 4987 l
625 4932 782 4986 Joan.
819 4947 893 4996 tv,
944 4930 994 4983 8.

2121 4523 2390 4581 tanquam
2419 4529 2484 4569 ex
2507 4523 2777 4584 potestate
2829 4515 3024 4569 uniiiea
3088 4532 3249 4568 unum
3297 4515 3601 4572 efficimur:
3643 4526 3702 4569 et

2120 4604 2474 4659 varietatibus
2506 4606 2853 4677 partibilibus
2885 4606 3070 4659 divine
3095 4608 3146 4659 in
3176 4623 3341 4665 unum
3402 4609 3697 4661 contractis

2117 4694 2452 4749 itiuuutuad
2514 4695 2604 4753 Dei
2654 4697 3062 4751 similitudinem
3096 4712 3505 4767 congregantur,
3559 4697 3694 4751 etad

2117 4786 2211 4841 Dei
2244 4786 2610 4842 iiiiitationsni
2644 4788 2987 4858 copulantur.
3023 4790 3141 4855 Quo
3175 4790 3227 4841 in
3288 4790 3407 4843 luco
3437 4791 3512 4843 ait
3562 4803 3695 4845 sau-

1909 5053 2188 5123 Scholia.

500 5203 578 5274 (ι)
619 5201 935 5271 Exemplum
971 5201 1130 5267 liuius
1164 5200 1504 5274 deﬁnitionis
1547 5198 1801 5274 frequens
1838 5215 1920 5258 est
1954 5206 2005 5260 in

431 5268 588 5329 Cant.
645 5268 912 5327 cautﬁout
976 5274 1104 5324 illud
1161 5285 1280 5335 cap.
1316 5284 1351 5322 ιι
1397 5286 1411 5321 :
1468 5268 1541 5321 En
1585 5272 1815 5325 dilectus
1860 5291 2011 5330 meus

434 5346 669 5410 loquitur
694 5345 825 5396 mihi
868 5361 883 5396 :
912 5342 1108 5406 Surge,
1140 5342 1486 5410 amicamea,
1520 5341 1768 5410 columba
1801 5359 1939 5400 inea,

500 5408 577 5486 (εἰ)
616 5414 850 5466 l’rmsens
880 5410 1120 5463 mmttbus
1145 5420 1249 5486 ,_et
1284 5408 1492 5486 ubique.
1544 5409 1661 5463 Non
1712 5416 2008 5486 secundum

432 5479 671 5537 diversas
703 5496 884 5550 partes
917 5495 1065 5541 suas,
1100 5479 1192 5530 sed
1224 5482 1523 5532 secundum
1553 5495 1715 5533 unum
1742 5493 1796 5533 et
1829 5484 1966 5535 idem
1993 5499 2007 5546 ;

432 5567 487 5606 et
515 5559 810 5606 secundum
843 5554 983 5603 idem
1017 5563 1177 5601 omne
1211 5561 1400 5610 unum,
1436 5561 1488 5601 et
1519 5553 1582 5601 ad
1611 5550 1789 5602 omnia
1824 5568 2009 5620 procc-

434 5628 585 5687 deus,
612 5633 693 5674 est
721 5621 863 5673 enim
897 5633 1077 5678 omne,
1105 5627 1373 5685 quatenus
1419 5620 1468 5669 in
1503 5621 1731 5686 simplici
1768 5623 2005 5677 essentia

437 5706 567 5755 una,
606 5690 786 5744 oniuia
835 5689 1103 5746 cxsisutut
1136 5690 1354 5754 virtute,
1383 5694 1495 5743 sive
1542 5698 1828 5759 potestate,
1865 5695 2007 5748 sicut

2111 5209 2337 5265 ell‘ectus
2374 5211 2425 5266 in
2460 5227 2645 5267 causa.

2182 5281 2261 5353 (5)
2296 5282 2360 5335 lit
2389 5282 2454 5354 ad
2481 5285 2666 5354 omnia
2701 5284 2949 5354 procedit
2973 5282 3292 5351 efﬁcienter,
3332 5284 3388 5338 in
3423 5300 3549 5339 uno.
3585 5284 3703 5340 Hoc

2117 5351 2203 5404 est
2236 5354 2376 5418 quod
2411 5353 2485 5405 ait
2516 5351 2673 5409 Joan.
2702 5351 2759 5407 in
2784 5353 2984 5423 Evatig.
3018 5371 3137 5424 cap.
3171 5370 3229 5408 ιιι
3266 5371 3279 5409 :
3310 5356 3423 5408 Non
3452 5356 3594 5409 enim
3624 5357 3699 5408 ad

2121 5436 2430 5475 mensuram
2469 5424 2560 5476 dat
2599 5424 2737 5478 Deus
2774 5426 3064 5492 Spiritum,
3111 5425 3254 5478 sicut
3286 5427 3364 5479 sol
3401 5435 3570 5478 totum
3612 5427 3701 5478 lti-

2122 5505 2243 5562 inen
2290 5492 2450 5546 simul
2484 5494 2705 5559 emittit,
2742 5495 2867 5548 licet
2897 5510 3002 5548 nou
3033 5495 3313 5562 a‘qiialiter
3343 5496 3699 5562 recipiamus,

2120 5559 2301 5626 itaque
2334 5562 2387 5635 iu
2412 5579 2526 5635 uno
2561 5566 2656 5625 ait,
2693 5567 2742 5618 id
2784 5574 2864 5619 est
2889 5604 2903 5629 ,
2939 5579 3046 5620 non
3086 5559 3324 5631 dividite,
3360 5577 3413 5619 et
3441 5559 3534 5635 per
3568 5580 3702 5633 par-

2115 5639 2216 5698 tes,
2251 5633 2344 5688 sed
2379 5633 2540 5687 simul
2577 5644 2770 5688 totum.
