4048 6430
302 388 415 483 905

978 378 1226 470 nscas
1262 378 1423 498 vni.
1465 433 1532 444 -—
1557 376 1655 468 na
1688 377 2129 469 INFINITATE
2163 382 2290 471 om
2327 380 2898 473 [monitionis

304 542 429 591 ctus
454 527 725 584 uiuimus
754 542 769 581 :
799 524 938 590 Quia
983 523 1124 578 Deus
1146 539 1271 579 cum
1317 524 1633 595 cogitasset,
1686 523 1878 579 volun-
1911 530 1957 584 Α
1985 525 2226 594 ipsarum
2262 539 2467 589 rerum,
2498 527 2590 580 sed
2626 526 2816 580 notitia
2843 526 2924 580 sui
2955 544 2969 581 :
2999 521 3267 598 siquidem
3298 518 3354 585 et
3390 545 3560 603 ange-

306 632 417 677 rate
461 618 719 691 produxit
740 618 947 681 omnia,
983 630 1091 671 nou
1128 627 1386 684 tanquam
1415 630 1569 672 mens
1628 613 1880 685 quasdam

308 715 363 768 in
395 710 698 767 voiunta’tes
720 711 945 781 partita,
982 708 1369 779 multiplicatus
1402 715 1526 764 est:
1555 707 1649 763 sed
1681 704 1882 777 potius,

308 806 506 874 inquit.
529 804 731 869 mansit
762 800 814 856 in
852 801 1080 864 unitate,
1113 810 1172 856 et
1209 801 1264 856 in
1299 811 1364 856 ea
1406 814 1654 865 manens,
1677 800 1885 870 impar-

308 886 543 950 tbiiiter
573 899 756 947 etnon
787 889 1035 961 disperse
1070 888 1328 959 produxit
1380 899 1436 944 et
1476 889 1720 958 producit
1767 902 1888 941 om-

311 986 401 1039 nia
424 985 476 1038 in
502 990 755 1039 creatura
788 980 998 1036 mundi.
1031 979 1097 1034 Et
1124 995 1315 1035 rursus
1342 980 1559 1034 divinus
1592 974 1886 1047 Dionysius

314 1085 367 1130 in
398 1078 638 1147 septimo
684 1076 866 1145 capite
915 1073 984 1128 de
1040 1074 1247 1129 eisdem
1295 1074 1488 1127 divinis
1538 1068 1836 1127 nominibus
1864 1084 1886 1123 :

309 1160 470 1224 Ratio
500 1177 683 1224 autem
736 1164 881 1221 Deus
909 1165 967 1219 in
1033 1163 1206 1219 sacris
1264 1153 1568 1231 Scripturis
1625 1160 1884 1216 laudandi

212 1298 219 1303 -
309 1263 487 1330 gratia
517 1262 848 1323 nominatur,
880 1271 989 1310 non
1031 1256 1209 1310 solum
1230 1257 1361 1325 quia
1407 1254 1634 1309 rationis
1654 1265 1711 1308 et
1735 1267 1889 1306 men.

216 1337 229 1350 ’
313 1352 385 1406 tis
424 1362 480 1406 et
517 1351 801 1419 sapientia:
819 1361 900 1403 est
928 1349 1172 1417 largitor,
1219 1347 1314 1401 sed
1338 1347 1467 1415 quia
1522 1358 1720 1400 causas
1769 1358 1889 1397 om-

314 1442 466 1496 nium
504 1439 588 1513 (i)
625 1441 970 1496 uuiforntitcr
996 1438 1338 1509 anticipavit.
1370 1434 1564 1491 Adhuc
1602 1437 1654 1490 in
1689 1438 1889 1501 eodem

314 1534 495 1602 capite
523 1555 535 1590 :
567 1533 749 1600 Quare
771 1531 952 1587 divina
980 1545 1137 1587 mens
1165 1529 1347 1586 omnia
1405 1528 1652 1582 continet
1697 1528 1888 1597 ροεηὶ-

1984 616 2068 672 los
2092 616 2244 671 aiunt
2282 615 2583 686 Scriptura:
2610 630 2942 689 cognoscere
2960 633 3082 689 qua:
3118 620 3172 674 in
3198 610 3347 676 terra
3406 632 3560 687 sunt,

1985 721 2095 763 non
2144 707 2236 762 illa
2289 707 2509 777 quidem
2572 710 2739 765 sensu
2780 718 3135 781 cognoscere,
3181 710 3285 768 sub
3339 728 3560 770 sensum

1985 797 2186 868 alioqui
2218 800 2490 867 cadentia,
2532 795 2632 857 sed
2657 805 2877 873 propria
2915 805 3113 871 mentis
3149 805 3559 861 similitudinem

1986 876 2080 944 Dei
2103 884 2342 958 gerentis
2370 892 2572 949 virtute
2596 903 2653 948 et
2684 904 2897 950 natura.
2947 878 3076 951 Haec
3097 897 3409 952 edisserens
3436 912 3563 952 sau-

1983 990 2106 1036 ctus
2140 979 2430 1049 Maximus,
2464 981 2600 1048 Hoc,
2628 975 2832 1055 inquit,
2862 986 3187 1051 declaravit,
3224 1002 3349 1043 cum
3401 987 3560 1053 dixit,

1986 1086 2092 1127 non
2115 1084 2446 1140 cognoscere
2482 1072 2651 1127 Deum
2684 1089 2806 1143 quae
2844 1080 2971 1128 sunt
2995 1089 3058 1129 ex
3122 1077 3189 1129 iis
3250 1076 3385 1146 ipsis
3443 1091 3565 1144 qme

1983 1167 2152 1214 sunt:
2183 1169 2240 1214 et
2270 1174 2391 1214 cum
2426 1161 2588 1224 dixit,
2623 1176 2728 1215 non
2783 1160 3061 1217 intendere
3093 1164 3156 1216 ad
3216 1162 3564 1233 unumquod-

1986 1267 2096 1322 que
2128 1246 2530 1322 percipiéndum
2563 1246 2859 1308 secundum
2878 1238 3113 1309 :l'ormam
3134 1254 3271 1325 ejus,
3304 1256 3560 1324 quoniam

1988 1352 2248 1413 tanquam
2281 1345 2475 1400 horum
2495 1355 2686 1399 anetor
2702 1346 3065 1414 cognitionem
3091 1360 3313 1400 suorum
3335 1358 3559 1412 operum

1987 1420 2342 1504 anticipatam
2372 1437 2565 1505 habet,
2602 1438 2781 1492 sciens
2805 1438 3079 1507 quomodo
3109 1437 3246 1506 ipsa,
3275 1447 3327 1491 ct
3354 1437 3411 1491 in
3436 1436 3565 1506 qni-

1990 1530 2094 1595 bus
2161 1528 2228 1584 ad
2254 1540 2435 1583 ortum
2460 1524 2952 1599 acgeu'erationem
2972 1531 3265 1586 adduceret
3299 1540 3564 1599 :quorunt

3452 413 3656 481 ωδε

318 1626 466 1681 tione
490 1626 557 1682 ab
588 1626 842 1681 Omnibus
876 1628 1125 1702 exempta
1177 1622 1276 1693 (‘2),
1325 1622 1422 1692 qui
1481 1631 1755 1689 quatenus
1806 1630 1892 1674 est
1990 1621 2329 1690 depravatio,
2354 1632 2408 1676 et
2433 1619 2765 1684 defectio,“
2789 1631 2894 1684 est,
2915 1620 3200 1676 frustratio
3231 1630 3284 1676 et
3334 1620 3569 1675 inﬁrmi-

314 1728 485 1772 causa
512 1717 915 1783 universorum,
949 1715 1230 1771 scientiam
1282 1715 1527 1769 omnium
1548 1714 1605 1767 itt
1656 1723 1717 1767 se
1773 1712 1891 1781 ipso
1991 1720 2077 1768 tas
2128 1713 2331 1768 malum
2384 1713 2702 1795 introducit.
2761 1715 2889 1769 dum
2938 1715 3229 1769 deﬁciente
3280 1712 3426 1783 quod
3479 1718 3569 1768 est

309 1807 640 1876 anticipavit
671 1826 685 1863 :
717 1807 810 1877 qui
838 1817 1132 1876 antequam
1172 1808 1388 1869 tierent,
1447 1806 1603 1862 novit
1663 1807 1889 1874 angelos
1920 1860 1964 1877 _.
1992 1807 2288 1862 secundum
2326 1808 2604 1872 naturam,
2634 1803 2867 1861 elicitur
2885 1806 3028 1876 quod
3059 1817 3143 1861 est
3184 1816 3381 1874 praeter
3409 1813 3565 1858 natu-
3594 1816 3597 1819 ί

311 1910 371 1956 et
400 1867 657 1969 ptoduxit
693 1867 940 1968 angelos,
974 1867 1032 1952 et
1085 1897 1195 1953 alia
1252 1867 1436 1977 omnia
1506 1899 1678 1963 intus;
1718 1867 1772 1953 et
1822 1900 1890 1954 ab
1920 1867 1966 1927 Β
1998 1912 2133 1952 ram.
2164 1894 2430 1966 Superius
2452 1867 2601 1952 enim
2632 1898 2880 1952 adhibuit
2904 1867 3238 1965 Exemplum
3300 1896 3562 1962 luminis;

308 1990 458 2061 ipso,
487 2003 545 2047 ut
573 1993 647 2046 ita
677 1992 880 2054 dicam,
914 1982 1178 2061 principio
1203 1988 1480 2060 novit(5)~,
1514 2000 1569 2046 et
1597 1993 1664 2046 ad
1709 2005 1897 2048 essen-
1998 1983 2158 2057 hujus
2207 1989 2354 2042 enim
2404 1977 2713 2056 privatione
2770 1987 3149 2043 subexsistunt
3205 1988 3465 2053 tenebrat.
3516 1998 3572 2043 ct

319 2085 454 2139 tiam
489 2085 757 2149 adduxit;
791 2091 963 2152 atque
1005 2083 1109 2138 hoc
1136 2085 1377 2139 'arbitror
1408 2082 1744 2154 scripturam
1780 2092 1896 2138 trai-

309 2177 464 2241 'dere,
486 2176 614 2230 eum
645 2175 721 2229 ait
750 2192 764 2229 :
797 2166 903 2240 Qui
936 2175 1076 2229 novit
1099 2176 1273 2230 omnia
1300 2176 1587 2246 antequam
1615 2156 1799 2244 ﬁerent
1827 2174 1894 2240 ὀξ

315 2283 424 2324 non
455 2269 604 2323 enim
644 2267 829 2322 divina
862 2281 1016 2322 mens
1046 2267 1302 2336 cognovit
1324 2282 1387 2323 ea
1429 2272 1551 2336 qua:
1590 2275 1739 2332 sunt,
1768 2282 1897 2337 per-

314 2361 529 2430 cipiens
553 2352 914 2428 cognitionem
949 2370 1140 2412 eorum
1164 2370 1232 2412 ex
1264 2358 1330 2413 iis
1363 2353 1484 2428 qua:
1504 2365 1651 2424 sunt,
1709 2360 1800 2412 sed
1829 2366 1897 2412 ex

317 2452 525 2520 aeipso
586 2456 645 2504 et
692 2449 744 2504 in
805 2463 866 2505 se
914 2446 1038 2519 ipso
1083 2445 1380 2504 secundum
1429 2462 1669 2514 causam,
1721 2449 1900 2504 scien-

318 2542 456 2599 tiam
477 2543 724 2598 omnium
743 2552 798 2597 et
815 2541 1177 2612 cognitionem
1208 2549 1268 2596 et
1284 2541 1572 2596 essentiam
1602 2541 1898 2611 pmbabet,

322 2646 382 2690 et
414 2635 576 2691 simul
599 2634 932 2705 anticipavit,
961 2648 1068 2689 non
1099 2634 1383 2689 intendens
1396 2635 1461 2688 ad
1482 2633 1692 2704 singula
1723 2633 1902 2703 perci-

324 2726 519 2796 pienda
539 2728 834 2781 secundum
849 2737 1040 2781 eorum
1063 2724 1285 2790 iortnas.
1303 2726 1402 2782 sed
1421 2726 1716 2782 secundum
1728 2730 1898 2780 unum

319 2817 505 2872 causae
526 2817 868 2885 complexum
888 2817 1071 2872 omnia
1096 2819 1277 2874 sciens
1305 2816 1359 2874 et
1390 2819 1676 2875 continens
1701 2836 1716 2874 :
1751 2820 1900 2874 sicut

325 2909 506 2965 iumen
526 2909 607 2980 (ι)
631 2910 684 2963 in
712 2924 770 2965 se
792 2910 915 2980 ipso
939 2911 1240 2965 secundum
1288 2926 1507 2967 causam
1532 2912 1899 2982 cognitionem

323 3001 673 3054 tenebrarum
708 3000 1047 3070 anticipavit,
1077 3000 1181 3055 neu
1221 3000 1437 3056 aliunde
1461 3000 1715 3056 tenebras
1733 3004 1897 3071 Quam

319 3090 393 3145 hx
423 3091 625 3144 lumine
650 3096 1015 3161 cognoscens.
1090 3092 1283 3145 Divina
1309 3092 1473 3162 igitur
1511 3092 1780 3161 sapientia
1839 3108 1899 3149 se

1997 2088 2219 2132 causam
2250 2078 2451 2133 habent
2505 2068 2817 2133 absentiam
2861 2085 3072 2133 natura:
3116 2079 3360 2144 luminis,
3406 2080 3569 2134 sicuti

1998 2170 2220 2243 habitus
2252 2168 2461 2240 priores
2483 2177 2613 2226 sunt
2627 2171 3047 2240 privationibns,
3067 2179 3120 2226 et
3144 2180 3202 2226 ut
3230 2171 3336 2225 dici
3368 2180 3571 2241 potest,

1996 2277 2179 2317 causae
2228 2259 2358 2318 sunt
2414 2264 2808 2333 privationum.
2872 2262 2987 2317 iloc
3034 2264 3197 2330 igitur
3232 2264 3357 2319 ioco
3391 2273 3569 2332 .pater

2000 2353 2290 2427 Dionysius
2326 2354 2392 2409 de
2423 2355 2491 2409 iis
2509 2344 2629 2424 quae
2656 2353 2798 2410 Deus
2827 2355 3101 2423 produxit,
3152 2363 3208 2408 et
3259 2355 3327 2409 de
3381 2354 3570 2423 cujus-

1997 2464 2107 2521 que
2142 2462 2331 2503 eorum
2351 2458 2542 2504 natura
2563 2447 2824 2517 loqitur,
2851 2456 2973 2517 qua:
2994 2443 3212 2518 quidem
3247 2447 3388 2503 dixit
3418 2449 3573 2520 prius

1999 2537 2277 2593 exstitisse
2348 2536 2406 2591 in
2457 2536 2568 2592 Deo
2613 2537 2914 2591 secundum
2977 2539 3459 2606 praecognitionem
3515 2548 3575 2594 et

1999 2627 2505 2699 praedelinitionem.
2571 2627 2838 2682 Praeterea
2918 2627 3062 2692 vide,
3120 2630 3395 2697 quomodo
3445 2631 3576 2684 dicit

2001 2721 2169 2776 Deum
2192 2720 2376 2777 omnia
2399 2715 2726 2790 cognoscere
2745 2734 2849 2773 non
2877 2734 2940 2775 ex
2973 2720 3286 2793 cognitione
3304 2723 3569 2789 omnium,

1997 2810 2181 2868 Sedes
2205 2797 2649 2879 cognitionesni,
2682 2810 2822 2865 sicut
2845 2810 3023 2867 iumen
3085 2814 3362 2884 cognoscit
3420 2822 3576 2868 tene-

2001 2902 2382 2972 brasalioqui,
2420 2904 2553 2958 nihil
2610 2904 2956 2960 tenebrarum
2997 2905 3048 2959 iu
3088 2920 3148 2962 se
3211 2906 3438 2962 habens.
3497 2911 3574 2962 Ac

2001 3010 2192 3051 rursus
2217 2997 2357 3051 idem
2391 2996 2444 3049 in
2471 2996 2716 3051 centuria
2743 3011 2803 3050 ιιι
2835 2996 2901 3050 de
2922 2998 3215 3062 charitatc,
3248 3001 3429 3068 capite
3449 2999 3514 3054 ‘ll
3550 3019 3565 3055 :

1996 3076 2291 3156 Cognoscit
2314 3084 2454 3140 Deus
2481 3094 2543 3142 se
2572 3087 2706 3155 ipse,
2731 3089 3010 3155 cognoscit
3038 3088 3167 3141 item
3202 3103 3238 3154 a_
3254 3103 3314 3143 se
3345 3088 3572 3156 cﬂ‘ecta;

326 3182 501 3252 ipsam
548 3197 911 3252 cognoscens,
971 3183 1252 3253 cognoscit
1322 3184 1546 3248 omnia;
1613 3184 1892 3238 materiam
1922 3202 1967 3260 ο
2000 3184 2338 3246 cognoscunt
2365 3176 2530 3230 etiam
2562 3186 2766 3231 sanctae
2792 3174 3094 3246 potestates
3140 3180 3329 3245 Deum,
3362 3196 3571 3251 cogno-

324 3273 584 3329 habentia
615 3274 733 3328 sine
760 3271 1013 3337 materia,
1044 3273 1314 3340 partih‘ilia
1371 3273 1791 3344 impartibilite‘r,
1839 3281 1899 3328 et

329 3367 496 3420 multa
518 3364 868 3434 singulariter
894 3378 927 3418 e
983 3377 1043 3419 se
1075 3364 1194 3434 ipso
1226 3379 1356 3428 uno,
1386 3376 1576 3419 cuncta
1619 3376 1674 3420 et
1693 3352 1895 3434 cogno-

319 3461 505 3521 scena,
530 3463 586 3510 et
611 3455 934 3525 producens.
954 3455 1166 3510 Etenim
1191 3456 1233 3509 si
1254 3453 1710 3513 Detts’secundum
1733 3473 1897 3512 utram

322 3558 545 3599 causam
566 3545 827 3600 omnibus
856 3554 978 3614 qua:
1003 3555 1153 3613 sunt,
1172 3546 1412 3615 impertit
1436 3561 1580 3613 esse,
1602 3549 1896 3604 secundum

318 3636 576 3689 eamdem
605 3649 828 3691 causam
861 3638 1192 3706 singularem
1218 3648 1518 3708 cognoscet
1549 3640 1756 3698 omnia.
1777 3656 1899 3710 quae

321 3736 384 3783 et
415 3738 483 3783 ex
518 3727 637 3796 ipso
692 3738 842 3791 sunt,
872 3738 931 3784 et
961 3731 1013 3784 in
1064 3724 1187 3797 ipso
1244 3720 1396 3798 prius
1431 3731 1785 3796 exstiterunt,
1844 3741 1901 3787 et

329 3832 437 3874 nun
470 3834 536 3873 ex
570 3819 636 3875 iis
667 3826 788 3890 quae
810 3830 959 3883 sunt,
982 3822 1227 3890 ipsorum
1270 3821 1639 3890 cognitionem
1678 3830 1897 3877 sumet:

325 3911 463 3979 quin
488 3913 667 3981 potius
691 3912 824 3982 ipsis
852 3912 1080 3982 singulis
1106 3913 1489 3982 cognitionem
1521 3915 1785 3984 ipsorum,
1843 3923 1901 3970 et

326 4005 452 4058 aliis
480 4003 639 4057 aliam
669 4003 1035 4073 cognitionem
1067 4006 1399 4075 suppeditat.
1424 4006 1541 4062 Non
1566 4008 1734 4079 igitur
1760 4008 1900 4063 Deus

324 4096 492 4152 'aliam
517 4095 600 4149 sui
620 4096 983 4164 cognitionem
1017 4095 1200 4161 habet,
1223 4095 1383 4150 aliam
1414 4112 1564 4163 vero,
1624 4113 1729 4168 qua
1777 4113 1898 4154 om-

327 4189 418 4242 nia
441 4188 544 4242 aiia
577 4191 939 4243 communiter
965 4189 1377 4258 comprehendit
1402 4206 1419 4254 ;
1447 4191 1561 4259 ipsa
1594 4192 1738 4249 enim
1768 4208 1897 4246 cau-

326 4296 390 4335 sa
419 4282 660 4337 omnium
681 4296 802 4335 cum
830 4296 892 4336 se
914 4282 1023 4349 ipsa
1050 4290 1361 4352 cognoscat,
1388 4298 1730 4352 nequaquam
1783 4299 1902 4354 qua:

327 4378 399 4431 alt
427 4376 543 4446 ipsa
580 4384 823 4438 manant,
854 4382 908 4428 et
938 4390 1169 4444 quorum
1194 4390 1360 4430 causa
1378 4375 1617 4440 exsistit,
1677 4376 1898 4444 ignora-

1998 3278 2159 3323 scuut
2174 3269 2338 3322 etiam
2364 3282 2483 3338 quae
2503 3285 2532 3323 a
2556 3268 2667 3324 Deo
2685 3268 2877 3324 eﬂ'ecta
2900 3279 3030 3325 sunt
3058 3288 3072 3324 :
3103 3287 3207 3326 non
3231 3283 3411 3328 tamen
3427 3278 3573 3331 sicut

1996 3359 2140 3417 Deus
2156 3363 2434 3432 cognoscit
2449 3377 2506 3416 se
2527 3363 2661 3441 ipse,
2685 3371 2740 3416 et
2760 3377 2878 3432 quae
2899 3381 2926 3417 τι
2949 3379 3007 3418 se
3026 3363 3165 3418 facta
3183 3375 3331 3433 sunt,
3350 3368 3431 3423 s'c
3446 3381 3579 3423 san-

1997 3465 2098 3509 ctae
2125 3463 2419 3522 potestates
2444 3464 2777 3525 cognoscunt
2807 3455 2995 3523 Deum;
3020 3468 3075 3512 et
3095 3458 3432 3527 quteabipso
3446 3461 3578 3516 elle-

1996 3560 2083 3607 cta
2107 3562 2253 3606 sunt,
2270 3551 2336 3607 Et
2357 3551 2535 3623 capite
2549 3551 2644 3606 22:
2661 3551 2802 3608 Deus
2831 3567 2889 3607 se
2911 3552 3024 3620 ipse
3045 3534 3319 3621 cognoscit
3334 3568 3398 3609 ex
3420 3554 3581 3610 beata

1998 3642 2306 3698 substantia
2322 3656 2420 3699 sua
2450 3660 2465 3698 :
2490 3634 2611 3713 qua:
2642 3644 2931 3699 veroident
2950 3645 3148 3713 eﬂecit,
3205 3651 3481 3718 cognoscit
3506 3662 3581 3705 ex

1999 3734 2262 3800 sapientia
2275 3747 2394 3798 sua,
2420 3748 2512 3805 per
2527 3749 2714 3803 quam,
2737 3744 2791 3788 et
2819 3735 2871 3789 in
2899 3750 3005 3801 qua
3036 3746 3229 3792 cuncta
3254 3739 3404 3794 fecit.
3435 3740 3581 3797 San-

2001 3836 2099 3880 cta:
2115 3827 2558 3896 Verolpotestates
2580 3826 2993 3895 participatione
3025 3840 3367 3897 cognoscunt
3386 3830 3581 3893 Deum.

2000 3920 2092 3986 qui
2150 3931 2235 3972 est
2289 3929 2453 3988 supra
2500 3918 2992 3986 participationem,
3028 3936 3149 3995 quae
3202 3936 3331 3976 vero
3358 3924 3583 3993 shipso

2003 4013 2143 4064 facta
2176 4017 2318 4071 Stllll,
2341 4019 2672 4079 cognoscunt
2696 4010 2995 4080 colligendo
3019 4010 3071 4065 in
3092 4011 3223 4081 ip~ls
3246 4015 3583 4083 contempia-
3672 4022 3677 4027 ‘

2004 4102 2202 4158 tiones.
2236 4102 2430 4155 Adhuc
2454 4116 2577 4168 cap.
2603 4101 2673 4154 24
2705 4119 2721 4156 :
2755 4099 3072 4157 Substantia
3109 4102 3333 4159 rationis
3392 4105 3584 4172 parti-

1999 4208 2149 4261 ceps,
2199 4203 2253 4247 et
2281 4194 2581 4249 substantia
2616 4191 2939 4262 intelligens,
2975 4193 3068 4247 Dei
3113 4196 3287 4249 sancti
3314 4198 3586 4267 particeps

2002 4284 2170 4336 Deum
2199 4285 2477 4351 cognoscit
2526 4292 2636 4335 tttnt
2674 4278 3163 4357 ipsa'exsistentia,
3190 4294 3304 4340 tttm
3362 4287 3587 4357 insuper

2003 4374 2283 4430 ltabilitate‘
2353 4374 2626 4439 bonitatis,
2702 4352 2947 4443 inquam,
3029 4385 3084 4430 et
3159 4379 3439 4446 sapientiae
3491 4352 3591 4436 'et

328 4468 724 4538 bit.Sicigitur
762 4466 903 4523 Deus
931 4485 1052 4536 qua:
1073 4478 1200 4524 sunt
1222 4468 1508 4539 cognoscit
1537 4484 1642 4524 non
1695 4470 1894 4525 notitia
1929 4484 1973 4540 υ
2003 4476 2196 4522 unctor
2246 4467 2616 4524 exsistcutéam
2682 4469 2993 4537 perueniant
3043 4471 3239 4538 gratia.
3302 4469 3393 4527 Sic
3423 4472 3585 4543 igitur

434 4643 651 4703 l"‘Dan.
675 4638 797 4710 mf,
811 4644 903 4699 42.

1804 4730 2077 4826 Scholia:

406 4920 485 4989 (li
524 4915 731 4975 Causas
761 4916 993 4970 omnium
1026 4910 1366 4989 uniformiter
1392 4914 1757 4989 participavt‘t.
1779 4914 1917 4980 Quia

338 4986 446 5046 non
474 4991 678 5043 recedit
734 5005 762 5041 a
817 5002 911 5055 sua
963 4986 1345 5055 simplicitate;
1382 5001 1480 5040 nec
1530 4987 1692 5038 ullam
1745 4987 1799 5039 in
1840 5000 1915 5039 .eo

332 5059 783 5127 compositionem
815 5054 1042 5110 faciunt.

415 5123 492 5201 (2')
513 5127 823 5201 Cognitioue
843 5127 908 5201 ab
942 5125 1179 5178 omnibus
1204 5133 1443 5192 exempta
1463 5140 1483 5178 :
1512 5123 1635 5201 quia
1651 5131 1734 5177 est
1753 5137 1912 5192 supra

335 5195 704 5268 cognitionem
754 5198 1057 5272 intellectus
1079 5237 1092 5259 ,
1126 5204 1181 5248 et
1207 5210 1367 5272 supra
1402 5195 1769 5258 cognitionem
1786 5208 1913 5272 seu-

338 5265 456 5329 sus.
512 5277 777 5337 quatenus
802 5281 913 5337 pcr_
946 5267 1115 5337 ip_sam
1159 5265 1388 5337 primum
1418 5279 1635 5318 causam
1667 5265 1914 5316 omnium

339 5333 846 5404 cinnia'cognos'cit.
888 5335 946 5388 S.
977 5333 1173 5388 Thom.

415 5410 495 5474 (5)
530 5399 791 5471 Abvipso,
821 5415 879 5458 ut
922 5407 999 5459 ita
1042 5405 1237 5464 dicam,
1278 5402 1554 5472 principio.
1594 5400 1732 5466 Quia
1775 5399 1915 5454 Deus

344 5473 495 5532 caret
535 5476 825 5541 principio,
856 5476 1067 5528 idcirco
1089 5476 1328 5528 correxit
1377 5474 1518 5540 quod
1552 5475 1788 5533 dtxerat,
1833 5473 1915 5523 in-

342 5549 575 5615 quiens:
606 5543 676 5598 Ut
707 5548 775 5597 ita
808 5545 1006 5599 dicam.
1032 5542 1107 5596 Ex
1132 5545 1433 5597 aeternitate
1467 5542 1625 5610 igitur
1654 5550 1910 5615 tauquam

348 5609 538 5670 auctor
585 5618 827 5667 omnium
876 5616 1060 5667 habuit
1111 5628 1330 5668 suorum
1381 5609 1605 5678 operum
1640 5609 1914 5678 cognitio-

349 5702 492 5752 nem,
524 5693 578 5738 et
611 5699 716 5738 non
745 5698 812 5737 ex
844 5684 1103 5752 operibus
1148 5684 1259 5737 suis
1287 5697 1407 5736 eam
1455 5680 1641 5736 didicit
1688 5691 1744 5734 et
1794 5695 1934 5749 per-~

344 5769 510 5812 celill.

400 5774 510 5825 ψη.

400 5828 496 5897 ’(1)
534 5822 682 5880 Sicut
734 5822 932 5877 lumen.
984 5819 1238 5888 Exemplo
1286 5822 1505 5877 luminis
1544 5821 1734 5888 docet,
1788 5834 1921 5889 quo-

605 5925 878 5982 Ρηιιυι..
918 5919 1034 5977 Gtt.
1097 5918 1274 5979 CLII.

2025 4914 2186 4971 modo
2222 4915 2362 4986 Deus
2396 4922 2689 4982 cognoscat
2732 4924 3031 4986 creaturas,
3065 4931 3186 4986 quae
3226 4917 3298 4971 ita
3332 4918 3592 4977 deficiunt

2023 5000 2052 5039 a
2093 4986 2221 5048 Deo,
2255 4984 2396 5057 sicut
2426 4986 2662 5038 tenebras
2695 4998 2724 5037 a
2753 4985 2977 5057 lumine,
3028 4984 3372 5057 si‘ponantus
3405 4991 3589 5047 lumen

2025 5057 2126 5109 hoc
2154 5053 2413 5107 sensibile
2439 5069 2560 5108 esse
2575 5053 3140 5129 _mente__prmditum,
3188 5058 3233 5113 si
3263 5059 3382 5127 quis
3414 5072 3587 5129 roget,

2023 5141 2097 5201 an
2122 5132 2416 5201 cognoscat
2450 5124 2700 5201 tenebras
2720 5164 2735 5185 .
2758 5125 2921 5201 dicet
2938 5140 3265 5194 cognoscere
3282 5124 3589 5201 antequam

2022 5194 2130 5248 sint
2170 5194 2801 5266 tenebrataexperientia
2835 5194 2980 5248 enim
3020 5212 3129 5251 non
3180 5209 3358 5266 potest
3389 5194 3594 5265 cogno-

2023 5262 2348 5338 scere,_quitt
2377 5262 2423 5338 si
2452 5263 2630 5320 lumen
2662 5275 2766 5338 est,
2794 5278 2899 5316 non
2932 5262 3361 5338 sutttgtenebrte;
3394 5262 3595 5338 cogno~

2021 5335 2127 5387 scit
2147 5334 2379 5402 igiturut
2398 5334 2728 5402 lunten,quia
2747 5336 3015 5402 scit,quod
3034 5336 3077 5390 si
3101 5334 3590 5401 auferaturlutnen.

2023 5417 2184 5457 nemo
2226 5401 2447 5456 videbit.
2482 5401 2572 5455 Sic
2608 5402 2750 5456 Deus
2780 5404 2832 5457 in
2879 5401 2938 5457 se
2972 5417 3031 5458 ut
3061 5421 3227 5460 causa
3265 5407 3424 5460 habet
3472 5424 3592 5460 out—

2024 5474 2171 5531 nium
2209 5470 2599 5542 cognitionem,
2624 5488 2786 5541 quam
2820 5488 2926 5526 non
2961 5490 3057 5542 per
3079 5477 3471 5541 experientiam
3499 5494 3595 5530 ac-

2022 5541 2270 5612 quisivit,
2322 5539 2525 5608 alioqui
2562 5539 2713 5597 esset
2758 5544 2901 5598 Deus
2943 5539 3208 5610 posterior
3259 5546 3594 5612 cognitione,

2023 5622 2119 5663 aut
2171 5611 2354 5681 aliquo
2402 5622 2646 5677 tempore
2702 5628 2806 5666 non
2865 5615 3204 5681 cognovisset
3239 5624 3255 5667 :
3292 5611 3393 5668 hoc
3429 5618 3593 5668 etiam

2022 5680 2278 5752 exemplo
2293 5680 2541 5752 docetur,
2563 5683 2832 5747 quomodo
2863 5680 2968 5736 una
2993 5693 3046 5736 et
3080 5682 3266 5736 eadem
3291 5684 3597 5752 cognitione

2028 5751 2309 5823 cognoscit
2345 5749 2487 5803 Deus
2518 5766 2596 5823 se,
2632 5762 2680 5802 et
2728 5752 2934 5815 otnnia,
2985 5757 3120 5807 sicut
3170 5749 3594 5823 lunteu't‘ogno-

2026 5819 2225 5876 scendo
2253 5833 2310 5874 se
2343 5819 2619 5889 cognoscit
2655 5823 2924 5876 tenebras.
3182 5846 3187 5853 ο

3198 5913 3280 5973 29
