  <div class='ocr_page' id='page_1' title='image "/cluster/home/n/w/nwhite01/storage/ocr_20150623/152/coo.31924054870575/461.png"; bbox 0 0 4048 6426; ppageno 0'>
   <div class='ocr_carea' id='block_1_1' title="bbox 514 362 619 434">
    <p class='ocr_par' dir='ltr' id='par_1_1' title="bbox 514 362 619 434">
     <span class='ocr_line' id='line_1_1' title="bbox 514 362 619 434; baseline 0 0"><span class='ocrx_word' id='word_1_1' title='bbox 514 362 619 434; x_wconf 77' lang='grc' dir='ltr'><strong>9οἿ</strong></span> 
     </span>
    </p>
   </div>
   <div class='ocr_carea' id='block_1_2' title="bbox 1671 366 2599 430">
    <p class='ocr_par' dir='ltr' id='par_1_2' title="bbox 1671 366 2599 430">
     <span class='ocr_line' id='line_1_2' title="bbox 1671 366 2599 430; baseline 0.001 -1"><span class='ocrx_word' id='word_1_2' title='bbox 1671 366 1992 430; x_wconf 73' lang='lat' dir='ltr'><strong>JOANNIS</strong></span> <span class='ocrx_word' id='word_1_3' title='bbox 2031 366 2599 430; x_wconf 72' lang='lat' dir='ltr'><strong>CYPARISSIOT/‘E</strong></span> 
     </span>
    </p>
   </div>
   <div class='ocr_carea' id='block_1_3' title="bbox 3658 373 3770 447">
    <p class='ocr_par' dir='ltr' id='par_1_3' title="bbox 3658 373 3770 447">
     <span class='ocr_line' id='line_1_3' title="bbox 3658 373 3770 447; baseline 0 0"><span class='ocrx_word' id='word_1_4' title='bbox 3658 373 3770 447; x_wconf 74' lang='lat'><strong>908</strong></span> 
     </span>
    </p>
   </div>
   <div class='ocr_carea' id='block_1_4' title="bbox 517 468 3766 552">
    <p class='ocr_par' dir='ltr' id='par_1_4' title="bbox 517 468 3766 552">
     <span class='ocr_line' id='line_1_4' title="bbox 517 468 3766 552; baseline 0.002 -20"><span class='ocrx_word' id='word_1_5' title='bbox 517 480 683 533; x_wconf 82' lang='lat' dir='ltr'><strong>Deum</strong></span> <span class='ocrx_word' id='word_1_6' title='bbox 713 475 1022 543; x_wconf 72' lang='lat' dir='ltr'><strong>cognoscit;</strong></span> <span class='ocrx_word' id='word_1_7' title='bbox 1052 490 1170 544; x_wconf 73' lang='lat' dir='ltr'><strong>qua:</strong></span> <span class='ocrx_word' id='word_1_8' title='bbox 1197 482 1373 530; x_wconf 88' lang='lat' dir='ltr'><strong>autem</strong></span> <span class='ocrx_word' id='word_1_9' title='bbox 1403 473 1469 527; x_wconf 88' lang='lat' dir='ltr'><strong>ab</strong></span> <span class='ocrx_word' id='word_1_10' title='bbox 1497 473 1614 542; x_wconf 88' lang='lat' dir='ltr'><strong>ipso</strong></span> <span class='ocrx_word' id='word_1_11' title='bbox 1647 477 1903 543; x_wconf 87' lang='lat' dir='ltr'><strong>producta</strong></span> <span class='ocrx_word' id='word_1_12' title='bbox 1936 486 2083 538; x_wconf 88' lang='lat' dir='ltr'><strong>sunt,</strong></span> <span class='ocrx_word' id='word_1_13' title='bbox 2117 483 2158 534; x_wconf 76' lang='grc' dir='ltr'><strong>Α</strong></span> <span class='ocrx_word' id='word_1_14' title='bbox 2188 487 2308 530; x_wconf 86' lang='lat' dir='ltr'><strong>ctor</strong></span> <span class='ocrx_word' id='word_1_15' title='bbox 2336 494 2348 528; x_wconf 90' lang='lat'>:</span> <span class='ocrx_word' id='word_1_16' title='bbox 2387 486 2436 529; x_wconf 90' lang='lat' dir='ltr'><strong>et</strong></span> <span class='ocrx_word' id='word_1_17' title='bbox 2470 476 2521 530; x_wconf 91' lang='lat' dir='ltr'><strong>in</strong></span> <span class='ocrx_word' id='word_1_18' title='bbox 2550 491 2607 531; x_wconf 89' lang='lat' dir='ltr'><strong>sc</strong></span> <span class='ocrx_word' id='word_1_19' title='bbox 2634 468 2811 530; x_wconf 85' lang='lat' dir='ltr'><strong>omnia</strong></span> <span class='ocrx_word' id='word_1_20' title='bbox 2847 476 3132 546; x_wconf 84' lang='lat' dir='ltr'><strong>principia,</strong></span> <span class='ocrx_word' id='word_1_21' title='bbox 3166 487 3221 533; x_wconf 89' lang='lat' dir='ltr'><strong>et</strong></span> <span class='ocrx_word' id='word_1_22' title='bbox 3244 479 3429 535; x_wconf 73' lang='lat' dir='ltr'><strong>munia</strong></span> <span class='ocrx_word' id='word_1_23' title='bbox 3457 496 3521 535; x_wconf 77' lang='lat' dir='ltr'><strong>ex</strong></span> <span class='ocrx_word' id='word_1_24' title='bbox 3560 484 3766 552; x_wconf 71' lang='lat' dir='ltr'><strong>princi-</strong></span> 
     </span>
    </p>
   </div>
   <div class='ocr_carea' id='block_1_5' title="bbox 512 566 2086 643">
    <p class='ocr_par' dir='ltr' id='par_1_5' title="bbox 512 566 2086 643">
     <span class='ocr_line' id='line_1_5' title="bbox 512 566 2086 643; baseline -0.002 -18"><span class='ocrx_word' id='word_1_25' title='bbox 512 576 810 643; x_wconf 81' lang='lat' dir='ltr'><strong>cognoscit,</strong></span> <span class='ocrx_word' id='word_1_26' title='bbox 863 579 920 621; x_wconf 91' lang='lat' dir='ltr'><strong>ut</strong></span> <span class='ocrx_word' id='word_1_27' title='bbox 949 569 1153 621; x_wconf 90' lang='lat' dir='ltr'><strong>dictum</strong></span> <span class='ocrx_word' id='word_1_28' title='bbox 1185 576 1289 629; x_wconf 85' lang='lat' dir='ltr'><strong>est,</strong></span> <span class='ocrx_word' id='word_1_29' title='bbox 1322 566 1553 621; x_wconf 83' lang='lat' dir='ltr'><strong>artiﬁcio</strong></span> <span class='ocrx_word' id='word_1_30' title='bbox 1598 566 1876 635; x_wconf 60' lang='lat' dir='ltr'><strong>sapientia‘</strong></span> <span class='ocrx_word' id='word_1_31' title='bbox 1933 569 1984 622; x_wconf 88' lang='lat' dir='ltr'><strong>in</strong></span> <span class='ocrx_word' id='word_1_32' title='bbox 2022 571 2086 622; x_wconf 89' lang='lat' dir='ltr'><strong>iis</strong></span> 
     </span>
    </p>
   </div>
   <div class='ocr_carea' id='block_1_6' title="bbox 514 662 2087 737">
    <p class='ocr_par' dir='ltr' id='par_1_6' title="bbox 514 662 2087 737">
     <span class='ocr_line' id='line_1_6' title="bbox 514 662 2087 737; baseline 0 -17"><span class='ocrx_word' id='word_1_33' title='bbox 514 682 635 737; x_wconf 63' lang='lat' dir='ltr'><strong>quae</strong></span> <span class='ocrx_word' id='word_1_34' title='bbox 675 676 857 721; x_wconf 88' lang='lat' dir='ltr'><strong>creata</strong></span> <span class='ocrx_word' id='word_1_35' title='bbox 891 674 1037 724; x_wconf 88' lang='lat' dir='ltr'><strong>sunt,</strong></span> <span class='ocrx_word' id='word_1_36' title='bbox 1061 662 1325 727; x_wconf 73' lang='lat' dir='ltr'><strong>collectae,</strong></span> <span class='ocrx_word' id='word_1_37' title='bbox 1379 677 1501 731; x_wconf 69' lang='lat' dir='ltr'><strong>quae</strong></span> <span class='ocrx_word' id='word_1_38' title='bbox 1527 674 1609 719; x_wconf 86' lang='lat' dir='ltr'><strong>est</strong></span> <span class='ocrx_word' id='word_1_39' title='bbox 1665 668 1834 731; x_wconf 87' lang='lat' dir='ltr'><strong>nuda,</strong></span> <span class='ocrx_word' id='word_1_40' title='bbox 1878 675 1933 718; x_wconf 86' lang='lat' dir='ltr'><strong>et</strong></span> <span class='ocrx_word' id='word_1_41' title='bbox 1983 682 2087 720; x_wconf 88' lang='lat' dir='ltr'><strong>non</strong></span> 
     </span>
    </p>
   </div>
   <div class='ocr_carea' id='block_1_7' title="bbox 515 753 2085 828">
    <p class='ocr_par' dir='ltr' id='par_1_7' title="bbox 515 753 2085 828">
     <span class='ocr_line' id='line_1_7' title="bbox 515 753 2085 828; baseline 0 -17"><span class='ocrx_word' id='word_1_42' title='bbox 515 773 612 828; x_wconf 90' lang='lat' dir='ltr'><strong>per</strong></span> <span class='ocrx_word' id='word_1_43' title='bbox 640 773 704 811; x_wconf 86' lang='lat' dir='ltr'><strong>se</strong></span> <span class='ocrx_word' id='word_1_44' title='bbox 727 756 1015 817; x_wconf 78' lang='lat' dir='ltr'><strong>exsistcns,</strong></span> <span class='ocrx_word' id='word_1_45' title='bbox 1050 757 1101 807; x_wconf 92' lang='lat' dir='ltr'><strong>in</strong></span> <span class='ocrx_word' id='word_1_46' title='bbox 1166 765 1341 809; x_wconf 85' lang='lat' dir='ltr'><strong>meme</strong></span> <span class='ocrx_word' id='word_1_47' title='bbox 1393 753 1646 821; x_wconf 72' lang='lat' dir='ltr'><strong>formata,</strong></span> <span class='ocrx_word' id='word_1_48' title='bbox 1689 767 1744 809; x_wconf 89' lang='lat' dir='ltr'><strong>et</strong></span> <span class='ocrx_word' id='word_1_49' title='bbox 1784 757 1982 819; x_wconf 89' lang='lat' dir='ltr'><strong>adlmc,</strong></span> <span class='ocrx_word' id='word_1_50' title='bbox 2033 761 2085 811; x_wconf 85' lang='lat' dir='ltr'><strong>in</strong></span> 
     </span>
    </p>
   </div>
   <div class='ocr_carea' id='block_1_8' title="bbox 514 847 2085 917">
    <p class='ocr_par' dir='ltr' id='par_1_8' title="bbox 514 847 2085 917">
     <span class='ocr_line' id='line_1_8' title="bbox 514 847 2085 917; baseline -0.001 -15"><span class='ocrx_word' id='word_1_51' title='bbox 514 851 656 903; x_wconf 88' lang='lat' dir='ltr'><strong>nulla</strong></span> <span class='ocrx_word' id='word_1_52' title='bbox 691 850 1055 916; x_wconf 84' lang='lat' dir='ltr'><strong>duplicatione</strong></span> <span class='ocrx_word' id='word_1_53' title='bbox 1090 847 1230 902; x_wconf 90' lang='lat' dir='ltr'><strong>Deus</strong></span> <span class='ocrx_word' id='word_1_54' title='bbox 1259 849 1474 917; x_wconf 89' lang='lat' dir='ltr'><strong>penitus</strong></span> <span class='ocrx_word' id='word_1_55' title='bbox 1528 849 1779 917; x_wconf 62' lang='lat' dir='ltr'><strong>simples,</strong></span> <span class='ocrx_word' id='word_1_56' title='bbox 1807 858 1863 903; x_wconf 91' lang='lat' dir='ltr'><strong>et</strong></span> <span class='ocrx_word' id='word_1_57' title='bbox 1924 863 2085 914; x_wconf 81' lang='lat' dir='ltr'><strong>supra</strong></span> 
     </span>
    </p>
   </div>
   <div class='ocr_carea' id='block_1_9' title="bbox 511 939 2081 1010">
    <p class='ocr_par' dir='ltr' id='par_1_9' title="bbox 511 939 2081 1010">
     <span class='ocr_line' id='line_1_9' title="bbox 511 939 2081 1010; baseline -0.001 -13"><span class='ocrx_word' id='word_1_58' title='bbox 511 958 670 998; x_wconf 88' lang='lat' dir='ltr'><strong>omne</strong></span> <span class='ocrx_word' id='word_1_59' title='bbox 695 942 945 1010; x_wconf 82' lang='lat' dir='ltr'><strong>simplex.</strong></span> <span class='ocrx_word' id='word_1_60' title='bbox 978 939 1299 995; x_wconf 83' lang='lat' dir='ltr'><strong>EtJoannes</strong></span> <span class='ocrx_word' id='word_1_61' title='bbox 1352 940 1745 1005; x_wconf 88' lang='lat' dir='ltr'><strong>Damascenus,</strong></span> <span class='ocrx_word' id='word_1_62' title='bbox 1804 957 1923 1010; x_wconf 89' lang='lat' dir='ltr'><strong>cap.</strong></span> <span class='ocrx_word' id='word_1_63' title='bbox 1994 943 2081 1006; x_wconf 77' lang='lat' dir='ltr'><strong>M,</strong></span> 
     </span>
    </p>
   </div>
   <div class='ocr_carea' id='block_1_10' title="bbox 514 1014 2087 1101">
    <p class='ocr_par' dir='ltr' id='par_1_10' title="bbox 514 1014 2087 1101">
     <span class='ocr_line' id='line_1_10' title="bbox 514 1014 2087 1101; baseline -0.001 -14"><span class='ocrx_word' id='word_1_64' title='bbox 514 1014 590 1087; x_wconf 72' lang='lat' dir='ltr'><strong>De</strong></span> <span class='ocrx_word' id='word_1_65' title='bbox 624 1035 798 1087; x_wconf 83' lang='lat' dir='ltr'><strong>divino</strong></span> <span class='ocrx_word' id='word_1_66' title='bbox 833 1033 1067 1090; x_wconf 82' lang='lat' dir='ltr'><strong>loco,ait</strong></span> <span class='ocrx_word' id='word_1_67' title='bbox 1112 1050 1125 1086; x_wconf 89' lang='lat'><strong>:</strong></span> <span class='ocrx_word' id='word_1_68' title='bbox 1162 1032 1399 1101; x_wconf 81' lang='lat' dir='ltr'><strong>Angelus</strong></span> <span class='ocrx_word' id='word_1_69' title='bbox 1431 1034 1575 1085; x_wconf 83' lang='lat' dir='ltr'><strong>enim</strong></span> <span class='ocrx_word' id='word_1_70' title='bbox 1629 1034 1906 1087; x_wconf 74' lang='lat' dir='ltr'><strong>celeritate</strong></span> <span class='ocrx_word' id='word_1_71' title='bbox 1932 1045 2087 1086; x_wconf 90' lang='lat' dir='ltr'><strong>natu-</strong></span> 
     </span>
    </p>
   </div>
   <div class='ocr_carea' id='block_1_11' title="bbox 509 1122 2085 1192">
    <p class='ocr_par' dir='ltr' id='par_1_11' title="bbox 509 1122 2085 1192">
     <span class='ocr_line' id='line_1_11' title="bbox 509 1122 2085 1192; baseline 0 -16"><span class='ocrx_word' id='word_1_72' title='bbox 509 1139 606 1186; x_wconf 68' lang='grc' dir='ltr'>τιτι,</span> <span class='ocrx_word' id='word_1_73' title='bbox 631 1123 825 1192; x_wconf 86' lang='lat' dir='ltr'><strong>etquia</strong></span> <span class='ocrx_word' id='word_1_74' title='bbox 854 1133 1126 1191; x_wconf 89' lang='lat' dir='ltr'><strong>prompte,</strong></span> <span class='ocrx_word' id='word_1_75' title='bbox 1159 1122 1207 1175; x_wconf 92' lang='lat' dir='ltr'><strong>id</strong></span> <span class='ocrx_word' id='word_1_76' title='bbox 1239 1132 1347 1185; x_wconf 88' lang='lat' dir='ltr'><strong>est,</strong></span> <span class='ocrx_word' id='word_1_77' title='bbox 1404 1124 1655 1176; x_wconf 72' lang='lat' dir='ltr'><strong>celeriter</strong></span> <span class='ocrx_word' id='word_1_78' title='bbox 1689 1124 1903 1187; x_wconf 87' lang='lat' dir='ltr'><strong>transit,</strong></span> <span class='ocrx_word' id='word_1_79' title='bbox 1952 1138 2085 1192; x_wconf 86' lang='lat' dir='ltr'><strong>ope-</strong></span> 
     </span>
    </p>
   </div>
   <div class='ocr_carea' id='block_1_12' title="bbox 509 1214 2086 1285">
    <p class='ocr_par' dir='ltr' id='par_1_12' title="bbox 509 1214 2086 1285">
     <span class='ocr_line' id='line_1_12' title="bbox 509 1214 2086 1285; baseline 0.001 -16"><span class='ocrx_word' id='word_1_80' title='bbox 509 1226 662 1269; x_wconf 89' lang='lat' dir='ltr'><strong>ratur</strong></span> <span class='ocrx_word' id='word_1_81' title='bbox 692 1217 743 1268; x_wconf 91' lang='lat' dir='ltr'><strong>in</strong></span> <span class='ocrx_word' id='word_1_82' title='bbox 783 1214 1012 1270; x_wconf 86' lang='lat' dir='ltr'><strong>diversis</strong></span> <span class='ocrx_word' id='word_1_83' title='bbox 1061 1216 1232 1279; x_wconf 90' lang='lat' dir='ltr'><strong>locis;</strong></span> <span class='ocrx_word' id='word_1_84' title='bbox 1270 1214 1407 1269; x_wconf 90' lang='lat' dir='ltr'><strong>Deus</strong></span> <span class='ocrx_word' id='word_1_85' title='bbox 1503 1223 1681 1269; x_wconf 91' lang='lat' dir='ltr'><strong>autem</strong></span> <span class='ocrx_word' id='word_1_86' title='bbox 1720 1216 1827 1285; x_wconf 53' lang='lat' dir='ltr'><strong>«qui</strong></span> <span class='ocrx_word' id='word_1_87' title='bbox 1889 1217 2086 1284; x_wconf 90' lang='lat' dir='ltr'><strong>ubique</strong></span> 
     </span>
    </p>
   </div>
   <div class='ocr_carea' id='block_1_13' title="bbox 508 1306 2086 1375">
    <p class='ocr_par' dir='ltr' id='par_1_13' title="bbox 508 1306 2086 1375">
     <span class='ocr_line' id='line_1_13' title="bbox 508 1306 2086 1375; baseline -0.001 -13"><span class='ocrx_word' id='word_1_88' title='bbox 508 1318 613 1373; x_wconf 86' lang='lat' dir='ltr'><strong>est,</strong></span> <span class='ocrx_word' id='word_1_89' title='bbox 649 1319 703 1360; x_wconf 91' lang='lat' dir='ltr'><strong>et</strong></span> <span class='ocrx_word' id='word_1_90' title='bbox 728 1322 888 1375; x_wconf 84' lang='lat' dir='ltr'><strong>supra</strong></span> <span class='ocrx_word' id='word_1_91' title='bbox 921 1306 1101 1360; x_wconf 81' lang='lat' dir='ltr'><strong>omnia</strong></span> <span class='ocrx_word' id='word_1_92' title='bbox 1129 1317 1233 1371; x_wconf 90' lang='lat' dir='ltr'><strong>est,</strong></span> <span class='ocrx_word' id='word_1_93' title='bbox 1260 1308 1459 1375; x_wconf 90' lang='lat' dir='ltr'><strong>ubique</strong></span> <span class='ocrx_word' id='word_1_94' title='bbox 1483 1308 1668 1360; x_wconf 89' lang='lat' dir='ltr'><strong>eodem</strong></span> <span class='ocrx_word' id='word_1_95' title='bbox 1735 1319 1939 1374; x_wconf 90' lang='lat' dir='ltr'><strong>puncto</strong></span> <span class='ocrx_word' id='word_1_96' title='bbox 1996 1323 2086 1360; x_wconf 87' lang='lat' dir='ltr'><strong>va-</strong></span> 
     </span>
    </p>
   </div>
   <div class='ocr_carea' id='block_1_14' title="bbox 508 1398 2084 1467">
    <p class='ocr_par' dir='ltr' id='par_1_14' title="bbox 508 1398 2084 1467">
     <span class='ocr_line' id='line_1_14' title="bbox 508 1398 2084 1467; baseline -0.003 -13"><span class='ocrx_word' id='word_1_97' title='bbox 508 1402 611 1465; x_wconf 89' lang='lat' dir='ltr'><strong>rie,</strong></span> <span class='ocrx_word' id='word_1_98' title='bbox 648 1414 754 1452; x_wconf 88' lang='lat' dir='ltr'><strong>una</strong></span> <span class='ocrx_word' id='word_1_99' title='bbox 785 1411 837 1453; x_wconf 89' lang='lat' dir='ltr'><strong>et</strong></span> <span class='ocrx_word' id='word_1_100' title='bbox 865 1399 1098 1467; x_wconf 81' lang='lat' dir='ltr'><strong>simplici</strong></span> <span class='ocrx_word' id='word_1_101' title='bbox 1132 1399 1347 1451; x_wconf 77' lang='lat' dir='ltr'><strong>actione</strong></span> <span class='ocrx_word' id='word_1_102' title='bbox 1377 1400 1509 1467; x_wconf 82' lang='lat' dir='ltr'><strong>agit.</strong></span> <span class='ocrx_word' id='word_1_103' title='bbox 1534 1398 1607 1450; x_wconf 75' lang='lat' dir='ltr'><strong>Ex</strong></span> <span class='ocrx_word' id='word_1_104' title='bbox 1673 1400 1868 1467; x_wconf 83' lang='lat' dir='ltr'><strong>quibus</strong></span> <span class='ocrx_word' id='word_1_105' title='bbox 1895 1399 2084 1450; x_wconf 79' lang='lat' dir='ltr'><strong>ﬁttna-</strong></span> 
     </span>
    </p>
   </div>
   <div class='ocr_carea' id='block_1_15' title="bbox 510 1488 2119 1557">
    <p class='ocr_par' dir='ltr' id='par_1_15' title="bbox 510 1488 2119 1557">
     <span class='ocr_line' id='line_1_15' title="bbox 510 1488 2119 1557; baseline -0.002 -13"><span class='ocrx_word' id='word_1_106' title='bbox 510 1490 790 1551; x_wconf 85' lang='lat' dir='ltr'><strong>nifestum,</strong></span> <span class='ocrx_word' id='word_1_107' title='bbox 840 1489 984 1556; x_wconf 82' lang='lat' dir='ltr'><strong>quod</strong></span> <span class='ocrx_word' id='word_1_108' title='bbox 1028 1502 1134 1540; x_wconf 89' lang='lat' dir='ltr'><strong>non</strong></span> <span class='ocrx_word' id='word_1_109' title='bbox 1190 1488 1293 1540; x_wconf 85' lang='lat' dir='ltr'><strong>alia</strong></span> <span class='ocrx_word' id='word_1_110' title='bbox 1341 1488 1653 1557; x_wconf 81' lang='lat' dir='ltr'><strong>cognitione</strong></span> <span class='ocrx_word' id='word_1_111' title='bbox 1712 1488 1889 1555; x_wconf 84' lang='lat' dir='ltr'><strong>seipse</strong></span> <span class='ocrx_word' id='word_1_112' title='bbox 1941 1489 2119 1541; x_wconf 77' lang='lat' dir='ltr'><strong>Deus.</strong></span> 
     </span>
    </p>
   </div>
   <div class='ocr_carea' id='block_1_16' title="bbox 509 1579 2081 1652">
    <p class='ocr_par' dir='ltr' id='par_1_16' title="bbox 509 1579 2081 1652">
     <span class='ocr_line' id='line_1_16' title="bbox 509 1579 2081 1652; baseline -0.006 -14"><span class='ocrx_word' id='word_1_113' title='bbox 509 1581 792 1652; x_wconf 76' lang='lat' dir='ltr'><strong>cognoscit</strong></span> <span class='ocrx_word' id='word_1_114' title='bbox 832 1623 845 1645; x_wconf 95' lang='lat'><strong>,</strong></span> <span class='ocrx_word' id='word_1_115' title='bbox 874 1580 978 1632; x_wconf 89' lang='lat' dir='ltr'><strong>alia</strong></span> <span class='ocrx_word' id='word_1_116' title='bbox 1007 1590 1188 1633; x_wconf 89' lang='lat' dir='ltr'><strong>autem</strong></span> <span class='ocrx_word' id='word_1_117' title='bbox 1223 1595 1284 1632; x_wconf 83' lang='lat' dir='ltr'><strong>ca</strong></span> <span class='ocrx_word' id='word_1_118' title='bbox 1343 1595 1461 1648; x_wconf 63' lang='lat' dir='ltr'><strong>quae</strong></span> <span class='ocrx_word' id='word_1_119' title='bbox 1508 1596 1536 1633; x_wconf 90' lang='lat' dir='ltr'><strong>a</strong></span> <span class='ocrx_word' id='word_1_120' title='bbox 1586 1594 1646 1633; x_wconf 86' lang='lat' dir='ltr'><strong>se</strong></span> <span class='ocrx_word' id='word_1_121' title='bbox 1692 1579 1878 1633; x_wconf 81' lang='lat' dir='ltr'><strong>ellecta</strong></span> <span class='ocrx_word' id='word_1_122' title='bbox 1936 1590 2081 1643; x_wconf 88' lang='lat' dir='ltr'><strong>sunt,</strong></span> 
     </span>
    </p>
   </div>
   <div class='ocr_carea' id='block_1_17' title="bbox 503 1671 2082 1746">
    <p class='ocr_par' dir='ltr' id='par_1_17' title="bbox 503 1671 2082 1746">
     <span class='ocr_line' id='line_1_17' title="bbox 503 1671 2082 1746; baseline 0.001 -22"><span class='ocrx_word' id='word_1_123' title='bbox 503 1676 753 1746; x_wconf 79' lang='lat' dir='ltr'><strong>quinimo</strong></span> <span class='ocrx_word' id='word_1_124' title='bbox 794 1675 970 1739; x_wconf 82' lang='lat' dir='ltr'><strong>seipse</strong></span> <span class='ocrx_word' id='word_1_125' title='bbox 991 1687 1346 1739; x_wconf 79' lang='lat' dir='ltr'><strong>cognoscens,</strong></span> <span class='ocrx_word' id='word_1_126' title='bbox 1379 1686 1503 1725; x_wconf 85' lang='lat' dir='ltr'><strong>suos</strong></span> <span class='ocrx_word' id='word_1_127' title='bbox 1521 1672 1683 1725; x_wconf 87' lang='lat' dir='ltr'><strong>etiam</strong></span> <span class='ocrx_word' id='word_1_128' title='bbox 1718 1671 1942 1724; x_wconf 76' lang='lat' dir='ltr'><strong>cliectus</strong></span> <span class='ocrx_word' id='word_1_129' title='bbox 1975 1686 2082 1726; x_wconf 84' lang='lat' dir='ltr'><strong>una</strong></span> 
     </span>
    </p>
   </div>
   <div class='ocr_carea' id='block_1_18' title="bbox 508 1764 2077 1833">
    <p class='ocr_par' dir='ltr' id='par_1_18' title="bbox 508 1764 2077 1833">
     <span class='ocr_line' id='line_1_18' title="bbox 508 1764 2077 1833; baseline -0.003 -12"><span class='ocrx_word' id='word_1_130' title='bbox 508 1777 563 1821; x_wconf 85' lang='lat' dir='ltr'><strong>et</strong></span> <span class='ocrx_word' id='word_1_131' title='bbox 588 1766 791 1820; x_wconf 81' lang='lat' dir='ltr'><strong>inﬁnita</strong></span> <span class='ocrx_word' id='word_1_132' title='bbox 821 1764 1131 1832; x_wconf 78' lang='lat' dir='ltr'><strong>cognitione</strong></span> <span class='ocrx_word' id='word_1_133' title='bbox 1168 1764 1480 1833; x_wconf 72' lang='lat' dir='ltr'><strong>cognoscit;</strong></span> <span class='ocrx_word' id='word_1_134' title='bbox 1514 1780 1687 1832; x_wconf 72' lang='lat' dir='ltr'><strong>neque</strong></span> <span class='ocrx_word' id='word_1_135' title='bbox 1719 1765 1948 1819; x_wconf 74' lang='lat' dir='ltr'><strong>diversis</strong></span> <span class='ocrx_word' id='word_1_136' title='bbox 1980 1779 2077 1832; x_wconf 84' lang='lat' dir='ltr'><strong>po-</strong></span> 
     </span>
    </p>
   </div>
   <div class='ocr_carea' id='block_1_19' title="bbox 2191 567 3764 644">
    <p class='ocr_par' dir='ltr' id='par_1_19' title="bbox 2191 567 3764 644">
     <span class='ocr_line' id='line_1_19' title="bbox 2191 567 3764 644; baseline 0.008 -25"><span class='ocrx_word' id='word_1_137' title='bbox 2191 568 2291 637; x_wconf 92' lang='lat' dir='ltr'><strong>piis</strong></span> <span class='ocrx_word' id='word_1_138' title='bbox 2319 567 2371 620; x_wconf 92' lang='lat' dir='ltr'><strong>in</strong></span> <span class='ocrx_word' id='word_1_139' title='bbox 2404 568 2561 644; x_wconf 82' lang='lat' dir='ltr'><strong>rebus</strong></span> <span class='ocrx_word' id='word_1_140' title='bbox 2593 569 2846 623; x_wconf 89' lang='lat' dir='ltr'><strong>omnibus</strong></span> <span class='ocrx_word' id='word_1_141' title='bbox 2875 568 3061 624; x_wconf 73' lang='lat' dir='ltr'><strong>eﬂecla</strong></span> <span class='ocrx_word' id='word_1_142' title='bbox 3096 581 3149 623; x_wconf 90' lang='lat' dir='ltr'><strong>et</strong></span> <span class='ocrx_word' id='word_1_143' title='bbox 3175 571 3431 625; x_wconf 88' lang='lat' dir='ltr'><strong>conclusa</strong></span> <span class='ocrx_word' id='word_1_144' title='bbox 3460 575 3764 644; x_wconf 82' lang='lat' dir='ltr'><strong>anticipans</strong></span> 
     </span>
    </p>
   </div>
   <div class='ocr_carea' id='block_1_20' title="bbox 2190 642 3764 730">
    <p class='ocr_par' dir='ltr' id='par_1_20' title="bbox 2190 642 3764 730">
     <span class='ocr_line' id='line_1_20' title="bbox 2190 642 3764 730; baseline 0.003 -17"><span class='ocrx_word' id='word_1_145' title='bbox 2190 668 2246 713; x_wconf 84' lang='lat' dir='ltr'><strong>et</strong></span> <span class='ocrx_word' id='word_1_146' title='bbox 2271 642 2576 725; x_wconf 66' lang='lat' dir='ltr'><strong>continens,</strong></span> <span class='ocrx_word' id='word_1_147' title='bbox 2601 672 2655 714; x_wconf 88' lang='lat' dir='ltr'><strong>et</strong></span> <span class='ocrx_word' id='word_1_148' title='bbox 2685 674 2848 729; x_wconf 86' lang='lat' dir='ltr'><strong>supra</strong></span> <span class='ocrx_word' id='word_1_149' title='bbox 2882 661 3061 715; x_wconf 85' lang='lat' dir='ltr'><strong>omnia</strong></span> <span class='ocrx_word' id='word_1_150' title='bbox 3089 670 3194 729; x_wconf 74' lang='lat' dir='ltr'><strong>est,</strong></span> <span class='ocrx_word' id='word_1_151' title='bbox 3225 673 3411 730; x_wconf 82' lang='lat' dir='ltr'><strong>utpote</strong></span> <span class='ocrx_word' id='word_1_152' title='bbox 3432 674 3560 718; x_wconf 81' lang='lat' dir='ltr'><strong>ante</strong></span> <span class='ocrx_word' id='word_1_153' title='bbox 3584 642 3764 720; x_wconf 83' lang='lat' dir='ltr'><strong>omnia</strong></span> 
     </span>
    </p>
   </div>
   <div class='ocr_carea' id='block_1_21' title="bbox 2190 750 3766 822">
    <p class='ocr_par' dir='ltr' id='par_1_21' title="bbox 2190 750 3766 822">
     <span class='ocr_line' id='line_1_21' title="bbox 2190 750 3766 822; baseline 0.004 -16"><span class='ocrx_word' id='word_1_154' title='bbox 2190 765 2355 818; x_wconf 87' lang='lat' dir='ltr'><strong>supra</strong></span> <span class='ocrx_word' id='word_1_155' title='bbox 2416 750 2780 806; x_wconf 88' lang='lat' dir='ltr'><strong>substantiam</strong></span> <span class='ocrx_word' id='word_1_156' title='bbox 2834 767 3166 822; x_wconf 85' lang='lat' dir='ltr'><strong>supraquam</strong></span> <span class='ocrx_word' id='word_1_157' title='bbox 3211 757 3498 811; x_wconf 76' lang='lat' dir='ltr'><strong>exsiSIens.</strong></span> <span class='ocrx_word' id='word_1_158' title='bbox 3541 756 3656 822; x_wconf 88' lang='lat' dir='ltr'><strong>Quo</strong></span> <span class='ocrx_word' id='word_1_159' title='bbox 3713 760 3766 813; x_wconf 92' lang='lat' dir='ltr'><strong>in</strong></span> 
     </span>
    </p>
   </div>
   <div class='ocr_carea' id='block_1_22' title="bbox 2190 841 3768 917">
    <p class='ocr_par' dir='ltr' id='par_1_22' title="bbox 2190 841 3768 917">
     <span class='ocr_line' id='line_1_22' title="bbox 2190 841 3768 917; baseline 0.006 -22"><span class='ocrx_word' id='word_1_160' title='bbox 2190 841 2306 897; x_wconf 90' lang='lat' dir='ltr'><strong>loco</strong></span> <span class='ocrx_word' id='word_1_161' title='bbox 2333 854 2554 899; x_wconf 87' lang='lat' dir='ltr'><strong>sanctus</strong></span> <span class='ocrx_word' id='word_1_162' title='bbox 2584 843 2849 899; x_wconf 77' lang='lat' dir='ltr'><strong>Maximus</strong></span> <span class='ocrx_word' id='word_1_163' title='bbox 2880 861 2893 896; x_wconf 90' lang='lat'>:</span> <span class='ocrx_word' id='word_1_164' title='bbox 2928 845 3231 914; x_wconf 86' lang='lat' dir='ltr'><strong>Quomodo,</strong></span> <span class='ocrx_word' id='word_1_165' title='bbox 3274 849 3471 917; x_wconf 87' lang='lat' dir='ltr'><strong>inquit,</strong></span> <span class='ocrx_word' id='word_1_166' title='bbox 3517 866 3637 904; x_wconf 86' lang='lat' dir='ltr'><strong>cum</strong></span> <span class='ocrx_word' id='word_1_167' title='bbox 3680 851 3768 905; x_wconf 77' lang='lat' dir='ltr'><strong>di-</strong></span> 
     </span>
    </p>
   </div>
   <div class='ocr_carea' id='block_1_23' title="bbox 2189 933 3764 1004">
    <p class='ocr_par' dir='ltr' id='par_1_23' title="bbox 2189 933 3764 1004">
     <span class='ocr_line' id='line_1_23' title="bbox 2189 933 3764 1004; baseline 0.004 -18"><span class='ocrx_word' id='word_1_168' title='bbox 2189 935 2359 989; x_wconf 83' lang='lat' dir='ltr'><strong>xisset</strong></span> <span class='ocrx_word' id='word_1_169' title='bbox 2383 935 2638 1002; x_wconf 82' lang='lat' dir='ltr'><strong>superius</strong></span> <span class='ocrx_word' id='word_1_170' title='bbox 2674 952 2689 991; x_wconf 89' lang='lat'><strong>:</strong></span> <span class='ocrx_word' id='word_1_171' title='bbox 2727 933 2780 989; x_wconf 90' lang='lat' dir='ltr'><strong>In</strong></span> <span class='ocrx_word' id='word_1_172' title='bbox 2815 937 2930 1002; x_wconf 90' lang='lat' dir='ltr'><strong>ipso</strong></span> <span class='ocrx_word' id='word_1_173' title='bbox 2971 950 3071 990; x_wconf 85' lang='lat' dir='ltr'><strong>nec</strong></span> <span class='ocrx_word' id='word_1_174' title='bbox 3099 946 3204 1001; x_wconf 89' lang='lat' dir='ltr'><strong>est,</strong></span> <span class='ocrx_word' id='word_1_175' title='bbox 3236 952 3333 991; x_wconf 92' lang='lat' dir='ltr'><strong>nec</strong></span> <span class='ocrx_word' id='word_1_176' title='bbox 3360 949 3499 1004; x_wconf 87' lang='lat' dir='ltr'><strong>erat,</strong></span> <span class='ocrx_word' id='word_1_177' title='bbox 3533 954 3631 993; x_wconf 90' lang='lat' dir='ltr'><strong>nec</strong></span> <span class='ocrx_word' id='word_1_178' title='bbox 3656 951 3764 1002; x_wconf 75' lang='lat' dir='ltr'><strong>est,</strong></span> 
     </span>
    </p>
   </div>
   <div class='ocr_carea' id='block_1_24' title="bbox 2188 1026 3765 1098">
    <p class='ocr_par' dir='ltr' id='par_1_24' title="bbox 2188 1026 3765 1098">
     <span class='ocr_line' id='line_1_24' title="bbox 2188 1026 3765 1098; baseline 0.004 -19"><span class='ocrx_word' id='word_1_179' title='bbox 2188 1041 2290 1080; x_wconf 87' lang='lat' dir='ltr'><strong>nec</strong></span> <span class='ocrx_word' id='word_1_180' title='bbox 2331 1028 2467 1090; x_wconf 84' lang='lat' dir='ltr'><strong>erit,</strong></span> <span class='ocrx_word' id='word_1_181' title='bbox 2505 1041 2679 1094; x_wconf 86' lang='lat' dir='ltr'><strong>neque</strong></span> <span class='ocrx_word' id='word_1_182' title='bbox 2713 1026 2913 1081; x_wconf 78' lang='lat' dir='ltr'><strong>factum</strong></span> <span class='ocrx_word' id='word_1_183' title='bbox 2945 1038 3029 1081; x_wconf 84' lang='lat' dir='ltr'><strong>est</strong></span> <span class='ocrx_word' id='word_1_184' title='bbox 3056 1068 3070 1088; x_wconf 84' lang='lat'><strong>,</strong></span> <span class='ocrx_word' id='word_1_185' title='bbox 3107 1044 3281 1098; x_wconf 85' lang='lat' dir='ltr'><strong>neque</strong></span> <span class='ocrx_word' id='word_1_186' title='bbox 3316 1029 3412 1092; x_wconf 82' lang='lat' dir='ltr'><strong>ﬁt,</strong></span> <span class='ocrx_word' id='word_1_187' title='bbox 3446 1044 3619 1098; x_wconf 80' lang='lat' dir='ltr'><strong>neque</strong></span> <span class='ocrx_word' id='word_1_188' title='bbox 3652 1032 3765 1093; x_wconf 85' lang='lat' dir='ltr'><strong>ﬁet,</strong></span> 
     </span>
    </p>
   </div>
   <div class='ocr_carea' id='block_1_25' title="bbox 2190 1114 3763 1189">
    <p class='ocr_par' dir='ltr' id='par_1_25' title="bbox 2190 1114 3763 1189">
     <span class='ocr_line' id='line_1_25' title="bbox 2190 1114 3763 1189; baseline 0.001 -20"><span class='ocrx_word' id='word_1_189' title='bbox 2190 1117 2278 1169; x_wconf 91' lang='lat' dir='ltr'><strong>hic</strong></span> <span class='ocrx_word' id='word_1_190' title='bbox 2303 1115 2433 1170; x_wconf 80' lang='lat' dir='ltr'><strong>dicit</strong></span> <span class='ocrx_word' id='word_1_191' title='bbox 2465 1134 2477 1170; x_wconf 91' lang='lat'><strong>:</strong></span> <span class='ocrx_word' id='word_1_192' title='bbox 2506 1114 2562 1170; x_wconf 85' lang='lat' dir='ltr'><strong>In</strong></span> <span class='ocrx_word' id='word_1_193' title='bbox 2597 1118 2714 1186; x_wconf 90' lang='lat' dir='ltr'><strong>ipso</strong></span> <span class='ocrx_word' id='word_1_194' title='bbox 2741 1128 2794 1170; x_wconf 88' lang='lat' dir='ltr'><strong>et</strong></span> <span class='ocrx_word' id='word_1_195' title='bbox 2820 1126 2939 1180; x_wconf 89' lang='lat' dir='ltr'><strong>est,</strong></span> <span class='ocrx_word' id='word_1_196' title='bbox 2978 1130 3030 1170; x_wconf 84' lang='lat' dir='ltr'><strong>ct</strong></span> <span class='ocrx_word' id='word_1_197' title='bbox 3055 1120 3180 1179; x_wconf 83' lang='lat' dir='ltr'><strong>erit,</strong></span> <span class='ocrx_word' id='word_1_198' title='bbox 3213 1129 3267 1173; x_wconf 87' lang='lat' dir='ltr'><strong>et</strong></span> <span class='ocrx_word' id='word_1_199' title='bbox 3299 1120 3427 1174; x_wconf 87' lang='lat' dir='ltr'><strong>ill‘ud</strong></span> <span class='ocrx_word' id='word_1_200' title='bbox 3460 1120 3538 1184; x_wconf 81' lang='lat' dir='ltr'><strong>lit,</strong></span> <span class='ocrx_word' id='word_1_201' title='bbox 3567 1130 3620 1174; x_wconf 90' lang='lat' dir='ltr'><strong>et</strong></span> <span class='ocrx_word' id='word_1_202' title='bbox 3648 1123 3763 1189; x_wconf 81' lang='lat' dir='ltr'><strong>liet,</strong></span> 
     </span>
    </p>
   </div>
   <div class='ocr_carea' id='block_1_26' title="bbox 2189 1209 3767 1284">
    <p class='ocr_par' dir='ltr' id='par_1_26' title="bbox 2189 1209 3767 1284">
     <span class='ocr_line' id='line_1_26' title="bbox 2189 1209 3767 1284; baseline 0.004 -23"><span class='ocrx_word' id='word_1_203' title='bbox 2189 1210 2401 1278; x_wconf 88' lang='lat' dir='ltr'><strong>proprie</strong></span> <span class='ocrx_word' id='word_1_204' title='bbox 2452 1209 2743 1265; x_wconf 81' lang='lat' dir='ltr'><strong>laudatur?</strong></span> <span class='ocrx_word' id='word_1_205' title='bbox 2794 1211 2875 1264; x_wconf 79' lang='lat' dir='ltr'><strong>An</strong></span> <span class='ocrx_word' id='word_1_206' title='bbox 2928 1211 3028 1277; x_wconf 81' lang='lat' dir='ltr'><strong>sibi</strong></span> <span class='ocrx_word' id='word_1_207' title='bbox 3066 1211 3395 1266; x_wconf 84' lang='lat' dir='ltr'><strong>contradicit</strong></span> <span class='ocrx_word' id='word_1_208' title='bbox 3437 1214 3767 1284; x_wconf 82' lang='lat' dir='ltr'><strong>Dionysius?</strong></span> 
     </span>
    </p>
   </div>
   <div class='ocr_carea' id='block_1_27' title="bbox 2187 1299 3767 1371">
    <p class='ocr_par' dir='ltr' id='par_1_27' title="bbox 2187 1299 3767 1371">
     <span class='ocr_line' id='line_1_27' title="bbox 2187 1299 3767 1371; baseline 0.004 -19"><span class='ocrx_word' id='word_1_209' title='bbox 2187 1301 2388 1369; x_wconf 77' lang='lat' dir='ltr'><strong>Apage.</strong></span> <span class='ocrx_word' id='word_1_210' title='bbox 2417 1299 2587 1370; x_wconf 84' lang='lat' dir='ltr'><strong>Supra</strong></span> <span class='ocrx_word' id='word_1_211' title='bbox 2613 1302 2756 1357; x_wconf 90' lang='lat' dir='ltr'><strong>enim</strong></span> <span class='ocrx_word' id='word_1_212' title='bbox 2789 1303 2964 1371; x_wconf 88' lang='lat' dir='ltr'><strong>ipsum</strong></span> <span class='ocrx_word' id='word_1_213' title='bbox 2996 1303 3133 1357; x_wconf 79' lang='lat' dir='ltr'><strong>dixit</strong></span> <span class='ocrx_word' id='word_1_214' title='bbox 3173 1318 3296 1358; x_wconf 88' lang='lat' dir='ltr'><strong>esse</strong></span> <span class='ocrx_word' id='word_1_215' title='bbox 3335 1304 3641 1361; x_wconf 79' lang='lat' dir='ltr'><strong>etl‘ectorem</strong></span> <span class='ocrx_word' id='word_1_216' title='bbox 3670 1321 3767 1361; x_wconf 41' lang='lat' dir='ltr'><strong>exe</strong></span> 
     </span>
    </p>
   </div>
   <div class='ocr_carea' id='block_1_28' title="bbox 2186 1382 3766 1466">
    <p class='ocr_par' dir='ltr' id='par_1_28' title="bbox 2186 1382 3766 1466">
     <span class='ocr_line' id='line_1_28' title="bbox 2186 1382 3766 1466; baseline 0.003 -20"><span class='ocrx_word' id='word_1_217' title='bbox 2186 1392 2470 1457; x_wconf 65' lang='lat' dir='ltr'><strong>sns=entia&#39;.,</strong></span> <span class='ocrx_word' id='word_1_218' title='bbox 2498 1382 2823 1463; x_wconf 80' lang='lat' dir='ltr'><strong>bypostasis,</strong></span> <span class='ocrx_word' id='word_1_219' title='bbox 2852 1393 3192 1459; x_wconf 78' lang='lat' dir='ltr'><strong>substantiae,</strong></span> <span class='ocrx_word' id='word_1_220' title='bbox 3230 1404 3458 1460; x_wconf 80' lang='lat' dir='ltr'><strong>naturae,</strong></span> <span class='ocrx_word' id='word_1_221' title='bbox 3481 1405 3531 1449; x_wconf 89' lang='lat' dir='ltr'><strong>et</strong></span> <span class='ocrx_word' id='word_1_222' title='bbox 3559 1406 3766 1466; x_wconf 83' lang='lat' dir='ltr'><strong>tempo-</strong></span> 
     </span>
    </p>
   </div>
   <div class='ocr_carea' id='block_1_29' title="bbox 2188 1475 3762 1558">
    <p class='ocr_par' dir='ltr' id='par_1_29' title="bbox 2188 1475 3762 1558">
     <span class='ocr_line' id='line_1_29' title="bbox 2188 1475 3762 1558; baseline 0.004 -22"><span class='ocrx_word' id='word_1_223' title='bbox 2188 1486 2283 1548; x_wconf 86' lang='lat' dir='ltr'><strong>ris;</strong></span> <span class='ocrx_word' id='word_1_224' title='bbox 2313 1497 2681 1541; x_wconf 87' lang='lat' dir='ltr'><strong>consentauee</strong></span> <span class='ocrx_word' id='word_1_225' title='bbox 2711 1475 2957 1557; x_wconf 43' lang='lat' dir='ltr'><strong>igittttfin</strong></span> <span class='ocrx_word' id='word_1_226' title='bbox 2987 1489 3104 1558; x_wconf 90' lang='lat' dir='ltr'><strong>ipso</strong></span> <span class='ocrx_word' id='word_1_227' title='bbox 3129 1487 3418 1543; x_wconf 82' lang='lat' dir='ltr'><strong>collocavit</strong></span> <span class='ocrx_word' id='word_1_228' title='bbox 3452 1489 3580 1543; x_wconf 92' lang='lat' dir='ltr'><strong>illud</strong></span> <span class='ocrx_word' id='word_1_229' title='bbox 3622 1500 3762 1552; x_wconf 84' lang='lat' dir='ltr'><strong>erat,</strong></span> 
     </span>
    </p>
   </div>
   <div class='ocr_carea' id='block_1_30' title="bbox 2185 1574 3767 1653">
    <p class='ocr_par' dir='ltr' id='par_1_30' title="bbox 2185 1574 3767 1653">
     <span class='ocr_line' id='line_1_30' title="bbox 2185 1574 3767 1653; baseline 0.003 -25"><span class='ocrx_word' id='word_1_230' title='bbox 2185 1588 2240 1628; x_wconf 87' lang='lat' dir='ltr'><strong>et</strong></span> <span class='ocrx_word' id='word_1_231' title='bbox 2266 1577 2397 1653; x_wconf 80' lang='lat' dir='ltr'><strong>alia,</strong></span> <span class='ocrx_word' id='word_1_232' title='bbox 2426 1587 2486 1631; x_wconf 91' lang='lat' dir='ltr'><strong>ut</strong></span> <span class='ocrx_word' id='word_1_233' title='bbox 2516 1574 2785 1647; x_wconf 79' lang='lat' dir='ltr'><strong>intelligas</strong></span> <span class='ocrx_word' id='word_1_234' title='bbox 2812 1594 2908 1632; x_wconf 90' lang='lat' dir='ltr'><strong>nec</strong></span> <span class='ocrx_word' id='word_1_235' title='bbox 2941 1596 2967 1630; x_wconf 91' lang='lat' dir='ltr'><strong>a</strong></span> <span class='ocrx_word' id='word_1_236' title='bbox 3001 1590 3263 1647; x_wconf 89' lang='lat' dir='ltr'><strong>tempore,</strong></span> <span class='ocrx_word' id='word_1_237' title='bbox 3289 1594 3462 1648; x_wconf 87' lang='lat' dir='ltr'><strong>neque</strong></span> <span class='ocrx_word' id='word_1_238' title='bbox 3489 1591 3611 1649; x_wconf 85' lang='lat' dir='ltr'><strong>post</strong></span> <span class='ocrx_word' id='word_1_239' title='bbox 3632 1590 3767 1635; x_wconf 87' lang='lat' dir='ltr'><strong>tem-</strong></span> 
     </span>
    </p>
   </div>
   <div class='ocr_carea' id='block_1_31' title="bbox 2189 1668 3767 1739">
    <p class='ocr_par' dir='ltr' id='par_1_31' title="bbox 2189 1668 3767 1739">
     <span class='ocr_line' id='line_1_31' title="bbox 2189 1668 3767 1739; baseline 0.006 -21"><span class='ocrx_word' id='word_1_240' title='bbox 2189 1685 2285 1737; x_wconf 86' lang='lat' dir='ltr'><strong>pus</strong></span> <span class='ocrx_word' id='word_1_241' title='bbox 2331 1668 2494 1722; x_wconf 77' lang='lat' dir='ltr'><strong>Drum</strong></span> <span class='ocrx_word' id='word_1_242' title='bbox 2523 1671 2795 1738; x_wconf 83' lang='lat' dir='ltr'><strong>ccepisse;</strong></span> <span class='ocrx_word' id='word_1_243' title='bbox 2848 1671 2980 1739; x_wconf 92' lang='lat' dir='ltr'><strong>quin</strong></span> <span class='ocrx_word' id='word_1_244' title='bbox 3034 1673 3216 1738; x_wconf 91' lang='lat' dir='ltr'><strong>potius</strong></span> <span class='ocrx_word' id='word_1_245' title='bbox 3267 1673 3598 1738; x_wconf 83' lang='lat' dir='ltr'><strong>superiorem</strong></span> <span class='ocrx_word' id='word_1_246' title='bbox 3646 1686 3767 1727; x_wconf 83' lang='lat' dir='ltr'><strong>esse</strong></span> 
     </span>
    </p>
   </div>
   <div class='ocr_carea' id='block_1_32' title="bbox 2185 1761 3767 1830">
    <p class='ocr_par' dir='ltr' id='par_1_32' title="bbox 2185 1761 3767 1830">
     <span class='ocr_line' id='line_1_32' title="bbox 2185 1761 3767 1830; baseline 0.005 -21"><span class='ocrx_word' id='word_1_247' title='bbox 2185 1776 2343 1828; x_wconf 88' lang='lat' dir='ltr'><strong>quam</strong></span> <span class='ocrx_word' id='word_1_248' title='bbox 2378 1763 2550 1827; x_wconf 85' lang='lat' dir='ltr'><strong>ipsum</strong></span> <span class='ocrx_word' id='word_1_249' title='bbox 2581 1775 2726 1823; x_wconf 90' lang='lat' dir='ltr'><strong>esse,</strong></span> <span class='ocrx_word' id='word_1_250' title='bbox 2771 1762 3039 1829; x_wconf 82' lang='lat' dir='ltr'><strong>siquidem</strong></span> <span class='ocrx_word' id='word_1_251' title='bbox 3074 1761 3127 1814; x_wconf 88' lang='lat' dir='ltr'><strong>in</strong></span> <span class='ocrx_word' id='word_1_252' title='bbox 3167 1762 3283 1830; x_wconf 91' lang='lat' dir='ltr'><strong>ipso</strong></span> <span class='ocrx_word' id='word_1_253' title='bbox 3311 1761 3445 1815; x_wconf 75' lang='lat' dir='ltr'><strong>dixit</strong></span> <span class='ocrx_word' id='word_1_254' title='bbox 3477 1777 3599 1816; x_wconf 88' lang='lat' dir='ltr'><strong>esse</strong></span> <span class='ocrx_word' id='word_1_255' title='bbox 3625 1765 3767 1818; x_wconf 81' lang='lat' dir='ltr'><strong>exsi-</strong></span> 
     </span>
    </p>
   </div>
   <div class='ocr_carea' id='block_1_33' title="bbox 503 1852 3768 1929">
    <p class='ocr_par' dir='ltr' id='par_1_33' title="bbox 503 1852 3768 1929">
     <span class='ocr_line' id='line_1_33' title="bbox 503 1852 3768 1929; baseline -0.001 -18"><span class='ocrx_word' id='word_1_256' title='bbox 503 1855 796 1911; x_wconf 79' lang='lat' dir='ltr'><strong>testatibus</strong></span> <span class='ocrx_word' id='word_1_257' title='bbox 850 1862 902 1905; x_wconf 84' lang='lat' dir='ltr'><strong>et</strong></span> <span class='ocrx_word' id='word_1_258' title='bbox 933 1853 1244 1907; x_wconf 80' lang='lat' dir='ltr'><strong>aelio&#39;nihus</strong></span> <span class='ocrx_word' id='word_1_259' title='bbox 1294 1854 1543 1920; x_wconf 75' lang='lat' dir='ltr'><strong>producit</strong></span> <span class='ocrx_word' id='word_1_260' title='bbox 1605 1864 1932 1918; x_wconf 80' lang='lat' dir='ltr'><strong>creaturam,</strong></span> <span class='ocrx_word' id='word_1_261' title='bbox 1987 1855 2078 1908; x_wconf 89' lang='lat' dir='ltr'><strong>sed</strong></span> <span class='ocrx_word' id='word_1_262' title='bbox 2116 1869 2160 1929; x_wconf 70' lang='grc' dir='ltr'>Β</span> <span class='ocrx_word' id='word_1_263' title='bbox 2189 1855 2443 1906; x_wconf 83' lang='lat' dir='ltr'><strong>stentiam</strong></span> <span class='ocrx_word' id='word_1_264' title='bbox 2493 1852 2592 1921; x_wconf 66' lang='grc'><strong>(4),</strong></span> <span class='ocrx_word' id='word_1_265' title='bbox 2635 1862 2692 1907; x_wconf 90' lang='lat' dir='ltr'><strong>et</strong></span> <span class='ocrx_word' id='word_1_266' title='bbox 2743 1870 2848 1906; x_wconf 89' lang='lat' dir='ltr'><strong>non</strong></span> <span class='ocrx_word' id='word_1_267' title='bbox 2899 1868 3015 1907; x_wconf 70' lang='lat' dir='ltr'><strong>esse</strong></span> <span class='ocrx_word' id='word_1_268' title='bbox 3061 1854 3237 1920; x_wconf 89' lang='lat' dir='ltr'><strong>ipsum</strong></span> <span class='ocrx_word' id='word_1_269' title='bbox 3268 1856 3636 1919; x_wconf 65' lang='lat' dir='ltr'><strong>exsistentiai;</strong></span> <span class='ocrx_word' id='word_1_270' title='bbox 3681 1855 3768 1910; x_wconf 90' lang='lat' dir='ltr'><strong>hic</strong></span> 
     </span>
    </p>
   </div>
   <div class='ocr_carea' id='block_1_34' title="bbox 510 1944 2080 2015">
    <p class='ocr_par' dir='ltr' id='par_1_34' title="bbox 510 1944 2080 2015">
     <span class='ocr_line' id='line_1_34' title="bbox 510 1944 2080 2015; baseline -0.002 -15"><span class='ocrx_word' id='word_1_271' title='bbox 510 1950 609 2000; x_wconf 90' lang='lat' dir='ltr'><strong>hac</strong></span> <span class='ocrx_word' id='word_1_272' title='bbox 638 1946 967 2015; x_wconf 81' lang='lat' dir='ltr'><strong>cognitione,</strong></span> <span class='ocrx_word' id='word_1_273' title='bbox 992 1955 1044 1997; x_wconf 88' lang='lat' dir='ltr'><strong>et</strong></span> <span class='ocrx_word' id='word_1_274' title='bbox 1071 1959 1174 1995; x_wconf 91' lang='lat' dir='ltr'><strong>una</strong></span> <span class='ocrx_word' id='word_1_275' title='bbox 1200 1954 1360 2010; x_wconf 83' lang='lat' dir='ltr'><strong>atque</strong></span> <span class='ocrx_word' id='word_1_276' title='bbox 1393 1944 1600 1995; x_wconf 85' lang='lat' dir='ltr'><strong>intinita</strong></span> <span class='ocrx_word' id='word_1_277' title='bbox 1647 1952 1921 2011; x_wconf 76' lang='lat' dir='ltr'><strong>potestate</strong></span> <span class='ocrx_word' id='word_1_278' title='bbox 1948 1960 2080 1997; x_wconf 86' lang='lat' dir='ltr'><strong>con-</strong></span> 
     </span>
    </p>
   </div>
   <div class='ocr_carea' id='block_1_35' title="bbox 494 2034 2084 2102">
    <p class='ocr_par' dir='ltr' id='par_1_35' title="bbox 494 2034 2084 2102">
     <span class='ocr_line' id='line_1_35' title="bbox 494 2034 2084 2102; baseline -0.003 -10"><span class='ocrx_word' id='word_1_279' title='bbox 494 2039 733 2102; x_wconf 63' lang='lat' dir='ltr'><strong>’iillt&#39;bal,</strong></span> <span class='ocrx_word' id='word_1_280' title='bbox 759 2047 810 2089; x_wconf 91' lang='lat' dir='ltr'><strong>et</strong></span> <span class='ocrx_word' id='word_1_281' title='bbox 842 2035 1136 2101; x_wconf 83' lang='lat' dir='ltr'><strong>anticipata</strong></span> <span class='ocrx_word' id='word_1_282' title='bbox 1177 2034 1406 2088; x_wconf 87' lang='lat' dir='ltr'><strong>habebat</strong></span> <span class='ocrx_word' id='word_1_283' title='bbox 1437 2035 1488 2086; x_wconf 91' lang='lat' dir='ltr'><strong>iu</strong></span> <span class='ocrx_word' id='word_1_284' title='bbox 1520 2034 1702 2101; x_wconf 84' lang='lat' dir='ltr'><strong>seipse</strong></span> <span class='ocrx_word' id='word_1_285' title='bbox 1765 2035 1970 2101; x_wconf 87' lang='lat' dir='ltr'><strong>omnia,</strong></span> <span class='ocrx_word' id='word_1_286' title='bbox 2030 2044 2084 2088; x_wconf 90' lang='lat' dir='ltr'><strong>et</strong></span> 
     </span>
    </p>
   </div>
   <div class='ocr_carea' id='block_1_36' title="bbox 508 2126 2081 2199">
    <p class='ocr_par' dir='ltr' id='par_1_36' title="bbox 508 2126 2081 2199">
     <span class='ocr_line' id='line_1_36' title="bbox 508 2126 2081 2199; baseline 0.001 -20"><span class='ocrx_word' id='word_1_287' title='bbox 508 2143 693 2199; x_wconf 78' lang='lat' dir='ltr'><strong>poStca</strong></span> <span class='ocrx_word' id='word_1_288' title='bbox 712 2143 774 2183; x_wconf 79' lang='lat' dir='ltr'><strong>cx</strong></span> <span class='ocrx_word' id='word_1_289' title='bbox 810 2144 867 2182; x_wconf 89' lang='lat' dir='ltr'><strong>se</strong></span> <span class='ocrx_word' id='word_1_290' title='bbox 887 2130 1077 2181; x_wconf 85' lang='lat' dir='ltr'><strong>exiens</strong></span> <span class='ocrx_word' id='word_1_291' title='bbox 1103 2127 1391 2195; x_wconf 85' lang='lat' dir='ltr'><strong>produxit;</strong></span> <span class='ocrx_word' id='word_1_292' title='bbox 1421 2137 1474 2178; x_wconf 90' lang='lat' dir='ltr'><strong>et</strong></span> <span class='ocrx_word' id='word_1_293' title='bbox 1506 2126 1557 2178; x_wconf 94' lang='lat' dir='ltr'><strong>in</strong></span> <span class='ocrx_word' id='word_1_294' title='bbox 1590 2126 1779 2188; x_wconf 84' lang='lat' dir='ltr'><strong>nihilo,</strong></span> <span class='ocrx_word' id='word_1_295' title='bbox 1807 2136 1862 2180; x_wconf 90' lang='lat' dir='ltr'><strong>et</strong></span> <span class='ocrx_word' id='word_1_296' title='bbox 1883 2141 2081 2181; x_wconf 87' lang='lat' dir='ltr'><strong>secun-</strong></span> 
     </span>
    </p>
   </div>
   <div class='ocr_carea' id='block_1_37' title="bbox 506 2217 2083 2287">
    <p class='ocr_par' dir='ltr' id='par_1_37' title="bbox 506 2217 2083 2287">
     <span class='ocr_line' id='line_1_37' title="bbox 506 2217 2083 2287; baseline -0.003 -11"><span class='ocrx_word' id='word_1_297' title='bbox 506 2224 632 2276; x_wconf 91' lang='lat' dir='ltr'><strong>dum</strong></span> <span class='ocrx_word' id='word_1_298' title='bbox 662 2221 792 2275; x_wconf 86' lang='lat' dir='ltr'><strong>nihil</strong></span> <span class='ocrx_word' id='word_1_299' title='bbox 817 2239 842 2272; x_wconf 89' lang='lat' dir='ltr'><strong>a</strong></span> <span class='ocrx_word' id='word_1_300' title='bbox 869 2222 1049 2287; x_wconf 87' lang='lat' dir='ltr'><strong>seipso</strong></span> <span class='ocrx_word' id='word_1_301' title='bbox 1073 2218 1276 2272; x_wconf 88' lang='lat' dir='ltr'><strong>divisus</strong></span> <span class='ocrx_word' id='word_1_302' title='bbox 1297 2226 1381 2272; x_wconf 89' lang='lat' dir='ltr'><strong>est</strong></span> <span class='ocrx_word' id='word_1_303' title='bbox 1404 2217 1478 2286; x_wconf 85' lang='lat' dir='ltr'><strong>(l)</strong></span> <span class='ocrx_word' id='word_1_304' title='bbox 1500 2217 1705 2272; x_wconf 87' lang='lat' dir='ltr'><strong>habens</strong></span> <span class='ocrx_word' id='word_1_305' title='bbox 1725 2218 1837 2271; x_wconf 73' lang='lat' dir='ltr'><strong>lucc</strong></span> <span class='ocrx_word' id='word_1_306' title='bbox 1857 2219 2004 2287; x_wconf 90' lang='lat' dir='ltr'><strong>prius</strong></span> <span class='ocrx_word' id='word_1_307' title='bbox 2026 2218 2083 2271; x_wconf 91' lang='lat' dir='ltr'><strong>in</strong></span> 
     </span>
    </p>
   </div>
   <div class='ocr_carea' id='block_1_38' title="bbox 506 2291 2080 2383">
    <p class='ocr_par' dir='ltr' id='par_1_38' title="bbox 506 2291 2080 2383">
     <span class='ocr_line' id='line_1_38' title="bbox 506 2291 2080 2383; baseline -0.004 -14"><span class='ocrx_word' id='word_1_308' title='bbox 506 2291 707 2383; x_wconf 63' lang='lat' dir='ltr'><strong>seipse,</strong></span> <span class='ocrx_word' id='word_1_309' title='bbox 737 2324 790 2368; x_wconf 89' lang='lat' dir='ltr'><strong>et</strong></span> <span class='ocrx_word' id='word_1_310' title='bbox 811 2313 1342 2382; x_wconf 44' lang='lat' dir='ltr'><strong>produceiistostea,</strong></span> <span class='ocrx_word' id='word_1_311' title='bbox 1372 2319 1425 2363; x_wconf 88' lang='lat' dir='ltr'><strong>et</strong></span> <span class='ocrx_word' id='word_1_312' title='bbox 1465 2324 1656 2363; x_wconf 81' lang='lat' dir='ltr'><strong>rursus</strong></span> <span class='ocrx_word' id='word_1_313' title='bbox 1677 2310 1742 2361; x_wconf 92' lang='lat' dir='ltr'><strong>ad</strong></span> <span class='ocrx_word' id='word_1_314' title='bbox 1762 2324 1822 2364; x_wconf 89' lang='lat' dir='ltr'><strong>se</strong></span> <span class='ocrx_word' id='word_1_315' title='bbox 1847 2310 2080 2365; x_wconf 90' lang='lat' dir='ltr'><strong>rediens.</strong></span> 
     </span>
    </p>
   </div>
   <div class='ocr_carea' id='block_1_39' title="bbox 1116 2399 1479 2458">
    <p class='ocr_par' dir='ltr' id='par_1_39' title="bbox 1116 2399 1479 2458">
     <span class='ocr_line' id='line_1_39' title="bbox 1116 2399 1479 2458; baseline -0.003 0"><span class='ocrx_word' id='word_1_316' title='bbox 1116 2401 1346 2458; x_wconf 69' lang='lat' dir='ltr'><strong>CADUT</strong></span> <span class='ocrx_word' id='word_1_317' title='bbox 1389 2399 1479 2457; x_wconf 85' lang='lat' dir='ltr'><strong>Vl.</strong></span> 
     </span>
    </p>
   </div>
   <div class='ocr_carea' id='block_1_40' title="bbox 505 2516 2081 2587">
    <p class='ocr_par' dir='ltr' id='par_1_40' title="bbox 505 2516 2081 2587">
     <span class='ocr_line' id='line_1_40' title="bbox 505 2516 2081 2587; baseline -0.004 -13"><span class='ocrx_word' id='word_1_318' title='bbox 505 2521 658 2587; x_wconf 82' lang='lat' dir='ltr'><strong>Quod</strong></span> <span class='ocrx_word' id='word_1_319' title='bbox 690 2522 977 2573; x_wconf 74' lang='lat' dir='ltr'><strong>scentulum</strong></span> <span class='ocrx_word' id='word_1_320' title='bbox 1013 2535 1171 2571; x_wconf 85' lang='lat' dir='ltr'><strong>uuam</strong></span> <span class='ocrx_word' id='word_1_321' title='bbox 1206 2518 1530 2585; x_wconf 72' lang='lat' dir='ltr'><strong>singularem</strong></span> <span class='ocrx_word' id='word_1_322' title='bbox 1569 2531 1785 2587; x_wconf 73' lang='lat' dir='ltr'><strong>causam</strong></span> <span class='ocrx_word' id='word_1_323' title='bbox 1818 2516 1993 2568; x_wconf 83' lang='lat' dir='ltr'><strong>omnia</strong></span> <span class='ocrx_word' id='word_1_324' title='bbox 2021 2517 2081 2583; x_wconf 79' lang='lat' dir='ltr'><strong>ﬁt</strong></span> 
     </span>
    </p>
   </div>
   <div class='ocr_carea' id='block_1_41' title="bbox 578 2586 2078 2655">
    <p class='ocr_par' dir='ltr' id='par_1_41' title="bbox 578 2586 2078 2655">
     <span class='ocr_line' id='line_1_41' title="bbox 578 2586 2078 2655; baseline -0.005 -10"><span class='ocrx_word' id='word_1_325' title='bbox 578 2593 713 2645; x_wconf 69' lang='lat' dir='ltr'><strong>Deus</strong></span> <span class='ocrx_word' id='word_1_326' title='bbox 745 2607 763 2644; x_wconf 94' lang='lat'><em>:</em></span> <span class='ocrx_word' id='word_1_327' title='bbox 795 2591 924 2643; x_wconf 70' lang='lat' dir='ltr'><strong>nihil</strong></span> <span class='ocrx_word' id='word_1_328' title='bbox 955 2600 1125 2641; x_wconf 79' lang='lat' dir='ltr'><strong>autem</strong></span> <span class='ocrx_word' id='word_1_329' title='bbox 1154 2603 1335 2641; x_wconf 85' lang='lat' dir='ltr'><strong>eorum</strong></span> <span class='ocrx_word' id='word_1_330' title='bbox 1360 2602 1477 2655; x_wconf 68' lang='lat' dir='ltr'><strong>qua:</strong></span> <span class='ocrx_word' id='word_1_331' title='bbox 1506 2591 1567 2637; x_wconf 84' lang='lat' dir='ltr'><strong>ab</strong></span> <span class='ocrx_word' id='word_1_332' title='bbox 1607 2589 1718 2654; x_wconf 80' lang='lat' dir='ltr'><strong>ipso</strong></span> <span class='ocrx_word' id='word_1_333' title='bbox 1752 2586 1899 2653; x_wconf 76' lang='lat' dir='ltr'><strong>facta</strong></span> <span class='ocrx_word' id='word_1_334' title='bbox 1935 2595 2078 2651; x_wconf 77' lang='lat' dir='ltr'><strong>sunt,</strong></span> 
     </span>
    </p>
   </div>
   <div class='ocr_carea' id='block_1_42' title="bbox 571 2668 1087 2729">
    <p class='ocr_par' dir='ltr' id='par_1_42' title="bbox 571 2668 1087 2729">
     <span class='ocr_line' id='line_1_42' title="bbox 571 2668 1087 2729; baseline -0.01 -13"><span class='ocrx_word' id='word_1_335' title='bbox 571 2673 648 2717; x_wconf 75' lang='lat' dir='ltr'><strong>cst</strong></span> <span class='ocrx_word' id='word_1_336' title='bbox 690 2677 791 2713; x_wconf 83' lang='lat' dir='ltr'><strong>non</strong></span> <span class='ocrx_word' id='word_1_337' title='bbox 832 2668 1062 2729; x_wconf 75' lang='lat' dir='ltr'><strong>creatum</strong></span> <span class='ocrx_word' id='word_1_338' title='bbox 1074 2696 1087 2711; x_wconf 92' lang='lat'><strong>.</strong></span> 
     </span>
    </p>
   </div>
   <div class='ocr_carea' id='block_1_43' title="bbox 574 2761 2081 2845">
    <p class='ocr_par' dir='ltr' id='par_1_43' title="bbox 574 2761 2081 2845">
     <span class='ocr_line' id='line_1_43' title="bbox 574 2761 2081 2845; baseline -0.005 -15"><span class='ocrx_word' id='word_1_339' title='bbox 574 2777 798 2845; x_wconf 79' lang='lat' dir='ltr'><strong>Magnus</strong></span> <span class='ocrx_word' id='word_1_340' title='bbox 826 2774 1133 2845; x_wconf 75' lang='lat' dir='ltr'><strong>Dionysius,</strong></span> <span class='ocrx_word' id='word_1_341' title='bbox 1160 2788 1293 2840; x_wconf 78' lang='lat' dir='ltr'><strong>cap.-</strong></span> <span class='ocrx_word' id='word_1_342' title='bbox 1315 2772 1371 2834; x_wconf 86' lang='lat'><strong>9,</strong></span> <span class='ocrx_word' id='word_1_343' title='bbox 1416 2770 1487 2825; x_wconf 88' lang='lat' dir='ltr'><strong>De</strong></span> <span class='ocrx_word' id='word_1_344' title='bbox 1513 2761 1705 2825; x_wconf 67' lang='lat' dir='ltr'><strong>diuinis</strong></span> <span class='ocrx_word' id='word_1_345' title='bbox 1740 2770 2037 2824; x_wconf 75' lang='lat' dir='ltr'><strong>nominibus</strong></span> <span class='ocrx_word' id='word_1_346' title='bbox 2063 2785 2081 2823; x_wconf 89' lang='lat'><strong><em>:</em></strong></span> 
     </span>
    </p>
   </div>
   <div class='ocr_carea' id='block_1_44' title="bbox 503 2846 2073 2935">
    <p class='ocr_par' dir='ltr' id='par_1_44' title="bbox 503 2846 2073 2935">
     <span class='ocr_line' id='line_1_44' title="bbox 503 2846 2073 2935; baseline -0.006 -11"><span class='ocrx_word' id='word_1_347' title='bbox 503 2869 789 2928; x_wconf 86' lang='lat' dir='ltr'><strong>Omnibus,</strong></span> <span class='ocrx_word' id='word_1_348' title='bbox 833 2866 1025 2935; x_wconf 86' lang='lat' dir='ltr'><strong>inquit,</strong></span> <span class='ocrx_word' id='word_1_349' title='bbox 1073 2867 1224 2919; x_wconf 82' lang='lat' dir='ltr'><strong>adest</strong></span> <span class='ocrx_word' id='word_1_350' title='bbox 1251 2846 1489 2933; x_wconf 73' lang='lat' dir='ltr'><strong>praesens</strong></span> <span class='ocrx_word' id='word_1_351' title='bbox 1524 2862 1663 2918; x_wconf 89' lang='lat' dir='ltr'><strong>Deus</strong></span> <span class='ocrx_word' id='word_1_352' title='bbox 1706 2863 2073 2931; x_wconf 83' lang='lat' dir='ltr'><strong>providenter,</strong></span> 
     </span>
    </p>
   </div>
   <div class='ocr_carea' id='block_1_45' title="bbox 502 2955 2077 3024">
    <p class='ocr_par' dir='ltr' id='par_1_45' title="bbox 502 2955 2077 3024">
     <span class='ocr_line' id='line_1_45' title="bbox 502 2955 2077 3024; baseline -0.005 -8"><span class='ocrx_word' id='word_1_353' title='bbox 502 2972 557 3016; x_wconf 87' lang='lat' dir='ltr'><strong>et</strong></span> <span class='ocrx_word' id='word_1_354' title='bbox 595 2960 777 3014; x_wconf 87' lang='lat' dir='ltr'><strong>omnia</strong></span> <span class='ocrx_word' id='word_1_355' title='bbox 814 2960 865 3012; x_wconf 92' lang='lat' dir='ltr'><strong>in</strong></span> <span class='ocrx_word' id='word_1_356' title='bbox 907 2959 1161 3012; x_wconf 89' lang='lat' dir='ltr'><strong>onmibus</strong></span> <span class='ocrx_word' id='word_1_357' title='bbox 1223 2957 1280 3011; x_wconf 84' lang='lat' dir='ltr'><strong>lit</strong></span> <span class='ocrx_word' id='word_1_358' title='bbox 1331 2968 1552 3024; x_wconf 77' lang='lat' dir='ltr'><strong>prepzer</strong></span> <span class='ocrx_word' id='word_1_359' title='bbox 1602 2955 2077 3010; x_wconf 80' lang='lat' dir='ltr'><strong>conservationem</strong></span> 
     </span>
    </p>
   </div>
   <div class='ocr_carea' id='block_1_46' title="bbox 503 3050 2079 3117">
    <p class='ocr_par' dir='ltr' id='par_1_46' title="bbox 503 3050 2079 3117">
     <span class='ocr_line' id='line_1_46' title="bbox 503 3050 2079 3117; baseline -0.005 -9"><span class='ocrx_word' id='word_1_360' title='bbox 503 3056 769 3117; x_wconf 85' lang='lat' dir='ltr'><strong>omnium,</strong></span> <span class='ocrx_word' id='word_1_361' title='bbox 804 3065 1027 3105; x_wconf 81' lang='lat' dir='ltr'><strong>manens</strong></span> <span class='ocrx_word' id='word_1_362' title='bbox 1055 3050 1108 3103; x_wconf 90' lang='lat' dir='ltr'><strong>in</strong></span> <span class='ocrx_word' id='word_1_363' title='bbox 1140 3065 1220 3116; x_wconf 91' lang='lat' dir='ltr'><strong>se,</strong></span> <span class='ocrx_word' id='word_1_364' title='bbox 1249 3058 1303 3104; x_wconf 92' lang='lat' dir='ltr'><strong>et</strong></span> <span class='ocrx_word' id='word_1_365' title='bbox 1335 3053 1403 3103; x_wconf 89' lang='lat' dir='ltr'><strong>ab</strong></span> <span class='ocrx_word' id='word_1_366' title='bbox 1436 3050 1624 3104; x_wconf 82' lang='lat' dir='ltr'><strong>eodem</strong></span> <span class='ocrx_word' id='word_1_367' title='bbox 1665 3063 1765 3103; x_wconf 90' lang='lat' dir='ltr'><strong>suo</strong></span> <span class='ocrx_word' id='word_1_368' title='bbox 1797 3058 1943 3103; x_wconf 85' lang='lat' dir='ltr'><strong>statu</strong></span> <span class='ocrx_word' id='word_1_369' title='bbox 1974 3062 2079 3102; x_wconf 92' lang='lat' dir='ltr'><strong>non</strong></span> 
     </span>
    </p>
   </div>
   <div class='ocr_carea' id='block_1_47' title="bbox 502 3140 2079 3213">
    <p class='ocr_par' dir='ltr' id='par_1_47' title="bbox 502 3140 2079 3213">
     <span class='ocr_line' id='line_1_47' title="bbox 502 3140 2079 3213; baseline -0.001 -18"><span class='ocrx_word' id='word_1_370' title='bbox 502 3142 811 3212; x_wconf 77' lang='lat' dir='ltr'><strong>egrediens,</strong></span> <span class='ocrx_word' id='word_1_371' title='bbox 844 3143 896 3192; x_wconf 90' lang='lat' dir='ltr'><strong>in</strong></span> <span class='ocrx_word' id='word_1_372' title='bbox 930 3140 1145 3193; x_wconf 88' lang='lat' dir='ltr'><strong>actione</strong></span> <span class='ocrx_word' id='word_1_373' title='bbox 1178 3153 1306 3203; x_wconf 90' lang='lat' dir='ltr'><strong>una,</strong></span> <span class='ocrx_word' id='word_1_374' title='bbox 1335 3149 1389 3213; x_wconf 79' lang='lat' dir='ltr'><strong>et</strong></span> <span class='ocrx_word' id='word_1_375' title='bbox 1429 3153 1705 3208; x_wconf 88' lang='lat' dir='ltr'><strong>nunquam</strong></span> <span class='ocrx_word' id='word_1_376' title='bbox 1736 3149 1983 3193; x_wconf 83' lang='lat' dir='ltr'><strong>cessante</strong></span> <span class='ocrx_word' id='word_1_377' title='bbox 2014 3140 2079 3193; x_wconf 81' lang='lat' dir='ltr'><strong>li-</strong></span> 
     </span>
    </p>
   </div>
   <div class='ocr_carea' id='block_1_48' title="bbox 2187 1944 3762 2012">
    <p class='ocr_par' dir='ltr' id='par_1_48' title="bbox 2187 1944 3762 2012">
     <span class='ocr_line' id='line_1_48' title="bbox 2187 1944 3762 2012; baseline 0.002 -17"><span class='ocrx_word' id='word_1_378' title='bbox 2187 1953 2370 1995; x_wconf 86' lang='lat' dir='ltr'><strong>autem</strong></span> <span class='ocrx_word' id='word_1_379' title='bbox 2394 1944 2517 2009; x_wconf 88' lang='lat' dir='ltr'><strong>quia</strong></span> <span class='ocrx_word' id='word_1_380' title='bbox 2544 1945 2680 1997; x_wconf 82' lang='lat' dir='ltr'><strong>dixit</strong></span> <span class='ocrx_word' id='word_1_381' title='bbox 2705 1946 3051 2012; x_wconf 82' lang='lat' dir='ltr'><strong>multiplicari</strong></span> <span class='ocrx_word' id='word_1_382' title='bbox 3079 1962 3201 2000; x_wconf 85' lang='lat' dir='ltr'><strong>eum</strong></span> <span class='ocrx_word' id='word_1_383' title='bbox 3229 1944 3524 2002; x_wconf 87' lang='lat' dir='ltr'><strong>secundum</strong></span> <span class='ocrx_word' id='word_1_384' title='bbox 3546 1962 3762 2001; x_wconf 86' lang='lat' dir='ltr'><strong>onmem</strong></span> 
     </span>
    </p>
   </div>
   <div class='ocr_carea' id='block_1_49' title="bbox 2184 2034 3769 2108">
    <p class='ocr_par' dir='ltr' id='par_1_49' title="bbox 2184 2034 3769 2108">
     <span class='ocr_line' id='line_1_49' title="bbox 2184 2034 3769 2108; baseline 0.004 -20"><span class='ocrx_word' id='word_1_385' title='bbox 2184 2034 2606 2104; x_wconf 78' lang='lat' dir='ltr'><strong>cogitationem,</strong></span> <span class='ocrx_word' id='word_1_386' title='bbox 2646 2035 2839 2090; x_wconf 79' lang='lat' dir='ltr'><strong>merito</strong></span> <span class='ocrx_word' id='word_1_387' title='bbox 2892 2038 3069 2090; x_wconf 83' lang='lat' dir='ltr'><strong>dixit:</strong></span> <span class='ocrx_word' id='word_1_388' title='bbox 3107 2037 3162 2091; x_wconf 91' lang='lat' dir='ltr'><strong>ln</strong></span> <span class='ocrx_word' id='word_1_389' title='bbox 3216 2038 3335 2108; x_wconf 90' lang='lat' dir='ltr'><strong>ipso</strong></span> <span class='ocrx_word' id='word_1_390' title='bbox 3381 2039 3510 2092; x_wconf 90' lang='lat' dir='ltr'><strong>illud</strong></span> <span class='ocrx_word' id='word_1_391' title='bbox 3560 2047 3666 2102; x_wconf 90' lang='lat' dir='ltr'><strong>est,</strong></span> <span class='ocrx_word' id='word_1_392' title='bbox 3716 2050 3769 2094; x_wconf 91' lang='lat' dir='ltr'><strong>et</strong></span> 
     </span>
    </p>
   </div>
   <div class='ocr_carea' id='block_1_50' title="bbox 2184 2128 3764 2202">
    <p class='ocr_par' dir='ltr' id='par_1_50' title="bbox 2184 2128 3764 2202">
     <span class='ocr_line' id='line_1_50' title="bbox 2184 2128 3764 2202; baseline 0.004 -22"><span class='ocrx_word' id='word_1_393' title='bbox 2184 2128 2309 2191; x_wconf 89' lang='lat' dir='ltr'><strong>erit,</strong></span> <span class='ocrx_word' id='word_1_394' title='bbox 2335 2139 2387 2181; x_wconf 90' lang='lat' dir='ltr'><strong>et</strong></span> <span class='ocrx_word' id='word_1_395' title='bbox 2412 2143 2535 2198; x_wconf 61' lang='lat' dir='ltr'><strong>quae</strong></span> <span class='ocrx_word' id='word_1_396' title='bbox 2563 2139 2887 2197; x_wconf 84' lang='lat' dir='ltr'><strong>sequuntur,</strong></span> <span class='ocrx_word' id='word_1_397' title='bbox 2919 2131 3044 2199; x_wconf 89' lang='lat' dir='ltr'><strong>quia</strong></span> <span class='ocrx_word' id='word_1_398' title='bbox 3087 2132 3174 2183; x_wconf 91' lang='lat' dir='ltr'><strong>ubi</strong></span> <span class='ocrx_word' id='word_1_399' title='bbox 3221 2140 3460 2202; x_wconf 86' lang='lat' dir='ltr'><strong>tempus,</strong></span> <span class='ocrx_word' id='word_1_400' title='bbox 3505 2143 3597 2187; x_wconf 89' lang='lat' dir='ltr'><strong>aut</strong></span> <span class='ocrx_word' id='word_1_401' title='bbox 3627 2143 3764 2188; x_wconf 84' lang='lat' dir='ltr'><strong>tem-</strong></span> 
     </span>
    </p>
   </div>
   <div class='ocr_carea' id='block_1_51' title="bbox 2185 2220 3759 2294">
    <p class='ocr_par' dir='ltr' id='par_1_51' title="bbox 2185 2220 3759 2294">
     <span class='ocr_line' id='line_1_51' title="bbox 2185 2220 3759 2294; baseline 0.004 -22"><span class='ocrx_word' id='word_1_402' title='bbox 2185 2220 2528 2288; x_wconf 80' lang='lat' dir='ltr'><strong>pestivitates</strong></span> <span class='ocrx_word' id='word_1_403' title='bbox 2559 2221 2841 2290; x_wconf 81' lang='lat' dir='ltr'><strong>cogitabis,</strong></span> <span class='ocrx_word' id='word_1_404' title='bbox 2876 2223 2984 2277; x_wconf 91' lang='lat' dir='ltr'><strong>illic</strong></span> <span class='ocrx_word' id='word_1_405' title='bbox 3021 2222 3185 2276; x_wconf 89' lang='lat' dir='ltr'><strong>Deum</strong></span> <span class='ocrx_word' id='word_1_406' title='bbox 3220 2224 3482 2291; x_wconf 87' lang='lat' dir='ltr'><strong>reperies,</strong></span> <span class='ocrx_word' id='word_1_407' title='bbox 3511 2233 3565 2279; x_wconf 88' lang='lat' dir='ltr'><strong>et</strong></span> <span class='ocrx_word' id='word_1_408' title='bbox 3595 2240 3759 2294; x_wconf 87' lang='lat' dir='ltr'><strong>supra</strong></span> 
     </span>
    </p>
   </div>
   <div class='ocr_carea' id='block_1_52' title="bbox 2184 2312 3753 2386">
    <p class='ocr_par' dir='ltr' id='par_1_52' title="bbox 2184 2312 3753 2386">
     <span class='ocr_line' id='line_1_52' title="bbox 2184 2312 3753 2386; baseline 0.004 -21"><span class='ocrx_word' id='word_1_409' title='bbox 2184 2312 2390 2375; x_wconf 89' lang='lat' dir='ltr'><strong>omnia,</strong></span> <span class='ocrx_word' id='word_1_410' title='bbox 2426 2322 2483 2368; x_wconf 88' lang='lat' dir='ltr'><strong>et</strong></span> <span class='ocrx_word' id='word_1_411' title='bbox 2527 2326 2655 2369; x_wconf 87' lang='lat' dir='ltr'><strong>ante</strong></span> <span class='ocrx_word' id='word_1_412' title='bbox 2699 2315 2882 2369; x_wconf 88' lang='lat' dir='ltr'><strong>omnia</strong></span> <span class='ocrx_word' id='word_1_413' title='bbox 2928 2331 3071 2379; x_wconf 88' lang='lat' dir='ltr'><strong>esse,</strong></span> <span class='ocrx_word' id='word_1_414' title='bbox 3107 2326 3162 2371; x_wconf 89' lang='lat' dir='ltr'><strong>et</strong></span> <span class='ocrx_word' id='word_1_415' title='bbox 3197 2330 3386 2371; x_wconf 92' lang='lat' dir='ltr'><strong>eorum</strong></span> <span class='ocrx_word' id='word_1_416' title='bbox 3428 2333 3548 2386; x_wconf 67' lang='lat' dir='ltr'><strong>quae</strong></span> <span class='ocrx_word' id='word_1_417' title='bbox 3586 2330 3709 2373; x_wconf 88' lang='lat' dir='ltr'><strong>sunt</strong></span> <span class='ocrx_word' id='word_1_418' title='bbox 3737 2358 3753 2378; x_wconf 90' lang='lat'><strong>,</strong></span> 
     </span>
    </p>
   </div>
   <div class='ocr_carea' id='block_1_53' title="bbox 2183 2405 3751 2480">
    <p class='ocr_par' dir='ltr' id='par_1_53' title="bbox 2183 2405 3751 2480">
     <span class='ocr_line' id='line_1_53' title="bbox 2183 2405 3751 2480; baseline 0.001 -22"><span class='ocrx_word' id='word_1_419' title='bbox 2183 2417 2408 2458; x_wconf 76' lang='lat' dir='ltr'><strong>causam</strong></span> <span class='ocrx_word' id='word_1_420' title='bbox 2441 2412 2495 2458; x_wconf 90' lang='lat' dir='ltr'><strong>et</strong></span> <span class='ocrx_word' id='word_1_421' title='bbox 2525 2405 2840 2460; x_wconf 70' lang='lat' dir='ltr'><strong>effectorem</strong></span> <span class='ocrx_word' id='word_1_422' title='bbox 2886 2422 3026 2472; x_wconf 87' lang='lat' dir='ltr'><strong>esse,</strong></span> <span class='ocrx_word' id='word_1_423' title='bbox 3059 2417 3114 2462; x_wconf 90' lang='lat' dir='ltr'><strong>et</strong></span> <span class='ocrx_word' id='word_1_424' title='bbox 3155 2408 3291 2462; x_wconf 90' lang='lat' dir='ltr'><strong>nihil</strong></span> <span class='ocrx_word' id='word_1_425' title='bbox 3324 2409 3557 2480; x_wconf 88' lang='lat' dir='ltr'><strong>ipsorum</strong></span> <span class='ocrx_word' id='word_1_426' title='bbox 3579 2423 3696 2463; x_wconf 88' lang='lat' dir='ltr'><strong>esse</strong></span> <span class='ocrx_word' id='word_1_427' title='bbox 3734 2426 3751 2459; x_wconf 86' lang='lat'><strong>:</strong></span> 
     </span>
    </p>
   </div>
   <div class='ocr_carea' id='block_1_54' title="bbox 2185 2495 3757 2571">
    <p class='ocr_par' dir='ltr' id='par_1_54' title="bbox 2185 2495 3757 2571">
     <span class='ocr_line' id='line_1_54' title="bbox 2185 2495 3757 2571; baseline 0.003 -22"><span class='ocrx_word' id='word_1_428' title='bbox 2185 2495 2329 2549; x_wconf 86' lang='lat' dir='ltr'><strong>sicut</strong></span> <span class='ocrx_word' id='word_1_429' title='bbox 2361 2495 2698 2562; x_wconf 86' lang='lat' dir='ltr'><strong>dicebamus,</strong></span> <span class='ocrx_word' id='word_1_430' title='bbox 2728 2496 2873 2553; x_wconf 83' lang='lat' dir='ltr'><strong>Nihil</strong></span> <span class='ocrx_word' id='word_1_431' title='bbox 2904 2511 2987 2553; x_wconf 91' lang='lat' dir='ltr'><strong>est</strong></span> <span class='ocrx_word' id='word_1_432' title='bbox 3012 2516 3200 2556; x_wconf 83' lang='lat' dir='ltr'><strong>eorum</strong></span> <span class='ocrx_word' id='word_1_433' title='bbox 3234 2518 3356 2571; x_wconf 55' lang='lat' dir='ltr'><strong>quae</strong></span> <span class='ocrx_word' id='word_1_434' title='bbox 3402 2511 3545 2565; x_wconf 92' lang='lat' dir='ltr'><strong>sunt,</strong></span> <span class='ocrx_word' id='word_1_435' title='bbox 3569 2511 3619 2555; x_wconf 87' lang='lat' dir='ltr'><strong>et</strong></span> <span class='ocrx_word' id='word_1_436' title='bbox 3643 2502 3757 2569; x_wconf 70' lang='lat' dir='ltr'><strong>ipse</strong></span> 
     </span>
    </p>
   </div>
   <div class='ocr_carea' id='block_1_55' title="bbox 2184 2585 3754 2662">
    <p class='ocr_par' dir='ltr' id='par_1_55' title="bbox 2184 2585 3754 2662">
     <span class='ocr_line' id='line_1_55' title="bbox 2184 2585 3754 2662; baseline 0.004 -25"><span class='ocrx_word' id='word_1_437' title='bbox 2184 2592 2267 2639; x_wconf 90' lang='lat' dir='ltr'><strong>est</strong></span> <span class='ocrx_word' id='word_1_438' title='bbox 2308 2585 2360 2638; x_wconf 92' lang='lat' dir='ltr'><strong>in</strong></span> <span class='ocrx_word' id='word_1_439' title='bbox 2394 2587 2671 2641; x_wconf 88' lang='lat' dir='ltr'><strong>omnibus.</strong></span> <span class='ocrx_word' id='word_1_440' title='bbox 2723 2586 2957 2643; x_wconf 87' lang='lat' dir='ltr'><strong>Sanctus</strong></span> <span class='ocrx_word' id='word_1_441' title='bbox 2987 2589 3283 2660; x_wconf 79' lang='lat' dir='ltr'><strong>Gregorius</strong></span> <span class='ocrx_word' id='word_1_442' title='bbox 3324 2591 3618 2662; x_wconf 83' lang='lat' dir='ltr'><strong>Nyssenos,</strong></span> <span class='ocrx_word' id='word_1_443' title='bbox 3646 2591 3754 2644; x_wconf 57' lang='lat' dir='ltr'><strong>Ade</strong></span> 
     </span>
    </p>
   </div>
   <div class='ocr_carea' id='block_1_56' title="bbox 2185 2678 3760 2753">
    <p class='ocr_par' dir='ltr' id='par_1_56' title="bbox 2185 2678 3760 2753">
     <span class='ocr_line' id='line_1_56' title="bbox 2185 2678 3760 2753; baseline 0.006 -24"><span class='ocrx_word' id='word_1_444' title='bbox 2185 2692 2362 2731; x_wconf 76' lang='lat' dir='ltr'><strong>versus</strong></span> <span class='ocrx_word' id='word_1_445' title='bbox 2399 2678 2723 2734; x_wconf 81' lang='lat' dir='ltr'><strong>Eunomium</strong></span> <span class='ocrx_word' id='word_1_446' title='bbox 2753 2696 2771 2733; x_wconf 88' lang='lat'><strong><em>:</em></strong></span> <span class='ocrx_word' id='word_1_447' title='bbox 2810 2680 3087 2744; x_wconf 84' lang='lat' dir='ltr'><strong>Bifariam,</strong></span> <span class='ocrx_word' id='word_1_448' title='bbox 3121 2682 3316 2751; x_wconf 87' lang='lat' dir='ltr'><strong>inquit,</strong></span> <span class='ocrx_word' id='word_1_449' title='bbox 3358 2685 3518 2739; x_wconf 83' lang='lat' dir='ltr'><strong>rebus</strong></span> <span class='ocrx_word' id='word_1_450' title='bbox 3546 2684 3760 2753; x_wconf 85' lang='lat' dir='ltr'><strong>partitis</strong></span> 
     </span>
    </p>
   </div>
   <div class='ocr_carea' id='block_1_57' title="bbox 2186 2767 3765 2845">
    <p class='ocr_par' dir='ltr' id='par_1_57' title="bbox 2186 2767 3765 2845">
     <span class='ocr_line' id='line_1_57' title="bbox 2186 2767 3765 2845; baseline 0.007 -25"><span class='ocrx_word' id='word_1_451' title='bbox 2186 2767 2241 2821; x_wconf 91' lang='lat' dir='ltr'><strong>in</strong></span> <span class='ocrx_word' id='word_1_452' title='bbox 2291 2769 2532 2835; x_wconf 81' lang='lat' dir='ltr'><strong>faciens,</strong></span> <span class='ocrx_word' id='word_1_453' title='bbox 2566 2781 2622 2825; x_wconf 86' lang='lat' dir='ltr'><strong>et</strong></span> <span class='ocrx_word' id='word_1_454' title='bbox 2651 2771 2884 2838; x_wconf 81' lang='lat' dir='ltr'><strong>factum,</strong></span> <span class='ocrx_word' id='word_1_455' title='bbox 2921 2782 3211 2845; x_wconf 87' lang='lat' dir='ltr'><strong>utrumque</strong></span> <span class='ocrx_word' id='word_1_456' title='bbox 3258 2777 3327 2831; x_wconf 90' lang='lat' dir='ltr'><strong>ab</strong></span> <span class='ocrx_word' id='word_1_457' title='bbox 3372 2777 3542 2832; x_wconf 83' lang='lat' dir='ltr'><strong>altero</strong></span> <span class='ocrx_word' id='word_1_458' title='bbox 3573 2788 3765 2832; x_wconf 84' lang='lat' dir='ltr'><strong>natura</strong></span> 
     </span>
    </p>
   </div>
   <div class='ocr_carea' id='block_1_58' title="bbox 2137 2857 3761 2933">
    <p class='ocr_par' dir='ltr' id='par_1_58' title="bbox 2137 2857 3761 2933">
     <span class='ocr_line' id='line_1_58' title="bbox 2137 2857 3761 2933; baseline 0.007 -21"><span class='ocrx_word' id='word_1_459' title='bbox 2137 2863 2141 2868; x_wconf 86' lang='lat'><strong><em>&#39;</em></strong></span> <span class='ocrx_word' id='word_1_460' title='bbox 2185 2857 2388 2926; x_wconf 81' lang='lat' dir='ltr'><strong>ditlert,</strong></span> <span class='ocrx_word' id='word_1_461' title='bbox 2419 2868 2479 2913; x_wconf 87' lang='lat' dir='ltr'><strong>ut</strong></span> <span class='ocrx_word' id='word_1_462' title='bbox 2512 2874 2687 2930; x_wconf 88' lang='lat' dir='ltr'><strong>neque</strong></span> <span class='ocrx_word' id='word_1_463' title='bbox 2727 2864 2871 2931; x_wconf 84' lang='lat' dir='ltr'><strong>quod</strong></span> <span class='ocrx_word' id='word_1_464' title='bbox 2919 2862 3123 2919; x_wconf 81' lang='lat' dir='ltr'><strong>factum</strong></span> <span class='ocrx_word' id='word_1_465' title='bbox 3151 2876 3234 2921; x_wconf 82' lang='lat' dir='ltr'><strong>est</strong></span> <span class='ocrx_word' id='word_1_466' title='bbox 3260 2882 3367 2922; x_wconf 90' lang='lat' dir='ltr'><strong>non</strong></span> <span class='ocrx_word' id='word_1_467' title='bbox 3396 2877 3637 2923; x_wconf 87' lang='lat' dir='ltr'><strong>creatum</strong></span> <span class='ocrx_word' id='word_1_468' title='bbox 3667 2870 3761 2933; x_wconf 88' lang='lat' dir='ltr'><strong>sit,</strong></span> 
     </span>
    </p>
   </div>
   <div class='ocr_carea' id='block_1_59' title="bbox 2184 2956 3769 3029">
    <p class='ocr_par' dir='ltr' id='par_1_59' title="bbox 2184 2956 3769 3029">
     <span class='ocr_line' id='line_1_59' title="bbox 2184 2956 3769 3029; baseline 0.008 -26"><span class='ocrx_word' id='word_1_469' title='bbox 2184 2963 2362 3020; x_wconf 88' lang='lat' dir='ltr'><strong>neque</strong></span> <span class='ocrx_word' id='word_1_470' title='bbox 2388 2962 2633 3007; x_wconf 88' lang='lat' dir='ltr'><strong>creatum</strong></span> <span class='ocrx_word' id='word_1_471' title='bbox 2661 2956 2803 3024; x_wconf 91' lang='lat' dir='ltr'><strong>quod</strong></span> <span class='ocrx_word' id='word_1_472' title='bbox 2836 2964 3082 3010; x_wconf 87' lang='lat' dir='ltr'><strong>naturam</strong></span> <span class='ocrx_word' id='word_1_473' title='bbox 3111 2971 3297 3013; x_wconf 88' lang='lat' dir='ltr'><strong>eorum</strong></span> <span class='ocrx_word' id='word_1_474' title='bbox 3322 2972 3443 3029; x_wconf 62' lang='lat' dir='ltr'><strong>qua:</strong></span> <span class='ocrx_word' id='word_1_475' title='bbox 3474 2960 3630 3028; x_wconf 88' lang='lat' dir='ltr'><strong>liunt,</strong></span> <span class='ocrx_word' id='word_1_476' title='bbox 3657 2960 3769 3016; x_wconf 40' lang='lat' dir='ltr'><strong>ollis</strong></span> 
     </span>
    </p>
   </div>
   <div class='ocr_carea' id='block_1_60' title="bbox 2185 3042 3767 3122">
    <p class='ocr_par' dir='ltr' id='par_1_60' title="bbox 2185 3042 3767 3122">
     <span class='ocr_line' id='line_1_60' title="bbox 2185 3042 3767 3122; baseline 0.009 -26"><span class='ocrx_word' id='word_1_477' title='bbox 2185 3043 2278 3097; x_wconf 87' lang='lat' dir='ltr'><strong>cit.</strong></span> <span class='ocrx_word' id='word_1_478' title='bbox 2323 3042 2470 3098; x_wconf 85' lang='lat' dir='ltr'><strong>Idem</strong></span> <span class='ocrx_word' id='word_1_479' title='bbox 2507 3047 2558 3098; x_wconf 90' lang='lat' dir='ltr'><strong>in</strong></span> <span class='ocrx_word' id='word_1_480' title='bbox 2585 3047 2785 3102; x_wconf 88' lang='lat' dir='ltr'><strong>eisdem</strong></span> <span class='ocrx_word' id='word_1_481' title='bbox 2818 3048 2973 3104; x_wconf 87' lang='lat' dir='ltr'><strong>libris</strong></span> <span class='ocrx_word' id='word_1_482' title='bbox 3004 3066 3019 3105; x_wconf 90' lang='lat'>:</span> <span class='ocrx_word' id='word_1_483' title='bbox 3048 3049 3181 3122; x_wconf 84' lang='lat' dir='ltr'><strong>Ego,</strong></span> <span class='ocrx_word' id='word_1_484' title='bbox 3222 3053 3417 3121; x_wconf 84' lang='lat' dir='ltr'><strong>inquit,</strong></span> <span class='ocrx_word' id='word_1_485' title='bbox 3461 3057 3560 3109; x_wconf 92' lang='lat' dir='ltr'><strong>etsi</strong></span> <span class='ocrx_word' id='word_1_486' title='bbox 3588 3056 3767 3111; x_wconf 83' lang='lat' dir='ltr'><strong>sermo</strong></span> 
     </span>
    </p>
   </div>
   <div class='ocr_carea' id='block_1_61' title="bbox 2185 3137 3767 3217">
    <p class='ocr_par' dir='ltr' id='par_1_61' title="bbox 2185 3137 3767 3217">
     <span class='ocr_line' id='line_1_61' title="bbox 2185 3137 3767 3217; baseline 0.009 -28"><span class='ocrx_word' id='word_1_487' title='bbox 2185 3145 2334 3191; x_wconf 82' lang='lat' dir='ltr'><strong>esset</strong></span> <span class='ocrx_word' id='word_1_488' title='bbox 2392 3138 2536 3194; x_wconf 90' lang='lat' dir='ltr'><strong>illius</strong></span> <span class='ocrx_word' id='word_1_489' title='bbox 2586 3137 2807 3211; x_wconf 77' lang='lat' dir='ltr'><strong>Moysis,</strong></span> <span class='ocrx_word' id='word_1_490' title='bbox 2855 3142 2949 3211; x_wconf 89' lang='lat' dir='ltr'><strong>qui</strong></span> <span class='ocrx_word' id='word_1_491' title='bbox 3005 3144 3058 3197; x_wconf 90' lang='lat' dir='ltr'><strong>in</strong></span> <span class='ocrx_word' id='word_1_492' title='bbox 3113 3145 3583 3217; x_wconf 87' lang='lat' dir='ltr'><strong>administratione</strong></span> <span class='ocrx_word' id='word_1_493' title='bbox 3633 3148 3767 3216; x_wconf 81' lang='lat' dir='ltr'><strong>legis</strong></span> 
     </span>
    </p>
   </div>
   <div class='ocr_carea' id='block_1_62' title="bbox 502 3226 3767 3305">
    <p class='ocr_par' dir='ltr' id='par_1_62' title="bbox 502 3226 3767 3305">
     <span class='ocr_line' id='line_1_62' title="bbox 502 3226 3767 3305; baseline 0.001 -13"><span class='ocrx_word' id='word_1_494' title='bbox 502 3254 625 3292; x_wconf 75' lang='lat' dir='ltr'><strong>xus.</strong></span> <span class='ocrx_word' id='word_1_495' title='bbox 662 3238 724 3289; x_wconf 87' lang='lat' dir='ltr'><strong>Et</strong></span> <span class='ocrx_word' id='word_1_496' title='bbox 755 3251 944 3290; x_wconf 83' lang='lat' dir='ltr'><strong>rursus</strong></span> <span class='ocrx_word' id='word_1_497' title='bbox 983 3235 1123 3290; x_wconf 88' lang='lat' dir='ltr'><strong>idem</strong></span> <span class='ocrx_word' id='word_1_498' title='bbox 1161 3236 1211 3288; x_wconf 94' lang='lat' dir='ltr'><strong>in</strong></span> <span class='ocrx_word' id='word_1_499' title='bbox 1256 3234 1489 3303; x_wconf 81' lang='lat' dir='ltr'><strong>quinto:</strong></span> <span class='ocrx_word' id='word_1_500' title='bbox 1522 3234 1623 3300; x_wconf 85' lang='lat' dir='ltr'><strong>Qui</strong></span> <span class='ocrx_word' id='word_1_501' title='bbox 1649 3250 1778 3289; x_wconf 86' lang='lat' dir='ltr'><strong>vere</strong></span> <span class='ocrx_word' id='word_1_502' title='bbox 1820 3234 2075 3303; x_wconf 75' lang='lat' dir='ltr'><strong>przcexsi-</strong></span> <span class='ocrx_word' id='word_1_503' title='bbox 2108 3230 2156 3293; x_wconf 75' lang='grc' dir='ltr'>Ο</span> <span class='ocrx_word' id='word_1_504' title='bbox 2185 3226 2493 3295; x_wconf 67' lang='lat' dir='ltr'><strong>splenduit,-</strong></span> <span class='ocrx_word' id='word_1_505' title='bbox 2510 3245 2681 3299; x_wconf 87' lang='lat' dir='ltr'><strong>neque</strong></span> <span class='ocrx_word' id='word_1_506' title='bbox 2716 3232 3131 3304; x_wconf 83' lang='lat' dir='ltr'><strong>sichujusmodi</strong></span> <span class='ocrx_word' id='word_1_507' title='bbox 3155 3251 3456 3291; x_wconf 87' lang='lat' dir='ltr'><strong>sermonem</strong></span> <span class='ocrx_word' id='word_1_508' title='bbox 3494 3242 3767 3305; x_wconf 71' lang='lat' dir='ltr'><strong>tulissem,</strong></span> 
     </span>
    </p>
   </div>
   <div class='ocr_carea' id='block_1_63' title="bbox 503 3330 2089 3399">
    <p class='ocr_par' dir='ltr' id='par_1_63' title="bbox 503 3330 2089 3399">
     <span class='ocr_line' id='line_1_63' title="bbox 503 3330 2089 3399; baseline -0.001 -16"><span class='ocrx_word' id='word_1_509' title='bbox 503 3331 598 3383; x_wconf 84' lang='lat' dir='ltr'><strong>stit</strong></span> <span class='ocrx_word' id='word_1_510' title='bbox 635 3330 734 3398; x_wconf 75' lang='lat'><strong>(‘2),</strong></span> <span class='ocrx_word' id='word_1_511' title='bbox 763 3331 1059 3383; x_wconf 84' lang='lat' dir='ltr'><strong>sceumlum</strong></span> <span class='ocrx_word' id='word_1_512' title='bbox 1093 3343 1307 3382; x_wconf 72' lang='lat' dir='ltr'><strong>onlnem</strong></span> <span class='ocrx_word' id='word_1_513' title='bbox 1343 3342 1532 3382; x_wconf 90' lang='lat' dir='ltr'><strong>eorum</strong></span> <span class='ocrx_word' id='word_1_514' title='bbox 1561 3344 1685 3398; x_wconf 69' lang='lat' dir='ltr'><strong>quin</strong></span> <span class='ocrx_word' id='word_1_515' title='bbox 1710 3340 1839 3382; x_wconf 88' lang='lat' dir='ltr'><strong>sunt</strong></span> <span class='ocrx_word' id='word_1_516' title='bbox 1875 3330 2089 3399; x_wconf 69' lang='lat' dir='ltr'><strong>cogita-</strong></span> 
     </span>
    </p>
   </div>
   <div class='ocr_carea' id='block_1_64' title="bbox 506 3421 2079 3493">
    <p class='ocr_par' dir='ltr' id='par_1_64' title="bbox 506 3421 2079 3493">
     <span class='ocr_line' id='line_1_64' title="bbox 506 3421 2079 3493; baseline -0.001 -18"><span class='ocrx_word' id='word_1_517' title='bbox 506 3424 704 3476; x_wconf 89' lang='lat' dir='ltr'><strong>tionem</strong></span> <span class='ocrx_word' id='word_1_518' title='bbox 741 3421 1220 3489; x_wconf 86' lang='lat' dir='ltr'><strong>multiplicatur,et</strong></span> <span class='ocrx_word' id='word_1_519' title='bbox 1242 3421 1294 3473; x_wconf 90' lang='lat' dir='ltr'><strong>in</strong></span> <span class='ocrx_word' id='word_1_520' title='bbox 1317 3434 1383 3475; x_wconf 86' lang='lat' dir='ltr'><strong>eo</strong></span> <span class='ocrx_word' id='word_1_521' title='bbox 1406 3423 1620 3490; x_wconf 77' lang='lat' dir='ltr'><strong>proprie</strong></span> <span class='ocrx_word' id='word_1_522' title='bbox 1644 3422 1953 3476; x_wconf 77' lang='lat' dir='ltr'><strong>celebratur</strong></span> <span class='ocrx_word' id='word_1_523' title='bbox 1976 3422 2079 3493; x_wconf 81' lang='grc'><strong>(5),</strong></span> 
     </span>
    </p>
   </div>
   <div class='ocr_carea' id='block_1_65' title="bbox 503 3515 2084 3582">
    <p class='ocr_par' dir='ltr' id='par_1_65' title="bbox 503 3515 2084 3582">
     <span class='ocr_line' id='line_1_65' title="bbox 503 3515 2084 3582; baseline 0.002 -15"><span class='ocrx_word' id='word_1_524' title='bbox 503 3527 639 3573; x_wconf 85' lang='lat' dir='ltr'><strong>erat.</strong></span> <span class='ocrx_word' id='word_1_525' title='bbox 674 3523 853 3578; x_wconf 86' lang='lat' dir='ltr'><strong>etest,</strong></span> <span class='ocrx_word' id='word_1_526' title='bbox 882 3526 937 3569; x_wconf 90' lang='lat' dir='ltr'><strong>et</strong></span> <span class='ocrx_word' id='word_1_527' title='bbox 966 3516 1070 3568; x_wconf 91' lang='lat' dir='ltr'><strong>erit</strong></span> <span class='ocrx_word' id='word_1_528' title='bbox 1106 3532 1120 3568; x_wconf 95' lang='lat'>:</span> <span class='ocrx_word' id='word_1_529' title='bbox 1153 3516 1275 3569; x_wconf 81' lang='lat' dir='ltr'><strong>item</strong></span> <span class='ocrx_word' id='word_1_530' title='bbox 1305 3515 1508 3570; x_wconf 81' lang='lat' dir='ltr'><strong>factum</strong></span> <span class='ocrx_word' id='word_1_531' title='bbox 1542 3526 1649 3581; x_wconf 88' lang='lat' dir='ltr'><strong>est,</strong></span> <span class='ocrx_word' id='word_1_532' title='bbox 1683 3526 1737 3570; x_wconf 88' lang='lat' dir='ltr'><strong>et</strong></span> <span class='ocrx_word' id='word_1_533' title='bbox 1766 3518 1842 3581; x_wconf 83' lang='lat' dir='ltr'><strong>lit,</strong></span> <span class='ocrx_word' id='word_1_534' title='bbox 1873 3526 1927 3570; x_wconf 91' lang='lat' dir='ltr'><strong>et</strong></span> <span class='ocrx_word' id='word_1_535' title='bbox 1961 3518 2084 3582; x_wconf 91' lang='lat' dir='ltr'><strong>liet;</strong></span> 
     </span>
    </p>
   </div>
   <div class='ocr_carea' id='block_1_66' title="bbox 505 3605 2084 3676">
    <p class='ocr_par' dir='ltr' id='par_1_66' title="bbox 505 3605 2084 3676">
     <span class='ocr_line' id='line_1_66' title="bbox 505 3605 2084 3676; baseline -0.001 -15"><span class='ocrx_word' id='word_1_536' title='bbox 505 3607 631 3661; x_wconf 75' lang='lat' dir='ltr'><strong>Huc</strong></span> <span class='ocrx_word' id='word_1_537' title='bbox 661 3607 801 3659; x_wconf 86' lang='lat' dir='ltr'><strong>enim</strong></span> <span class='ocrx_word' id='word_1_538' title='bbox 839 3607 1016 3659; x_wconf 86' lang='lat' dir='ltr'><strong>onmia</strong></span> <span class='ocrx_word' id='word_1_539' title='bbox 1046 3606 1355 3676; x_wconf 81' lang='lat' dir='ltr'><strong>signiﬁcant</strong></span> <span class='ocrx_word' id='word_1_540' title='bbox 1386 3606 1450 3659; x_wconf 92' lang='lat' dir='ltr'><strong>iis</strong></span> <span class='ocrx_word' id='word_1_541' title='bbox 1490 3607 1582 3675; x_wconf 87' lang='lat' dir='ltr'><strong>qui</strong></span> <span class='ocrx_word' id='word_1_542' title='bbox 1617 3618 1672 3658; x_wconf 87' lang='grc' dir='ltr'><strong>ιιι</strong></span> <span class='ocrx_word' id='word_1_543' title='bbox 1707 3605 1872 3660; x_wconf 87' lang='lat' dir='ltr'><strong>Detnn</strong></span> <span class='ocrx_word' id='word_1_544' title='bbox 1908 3610 2084 3671; x_wconf 87' lang='lat' dir='ltr'><strong>decet,</strong></span> 
     </span>
    </p>
   </div>
   <div class='ocr_carea' id='block_1_67' title="bbox 504 3698 2083 3768">
    <p class='ocr_par' dir='ltr' id='par_1_67' title="bbox 504 3698 2083 3768">
     <span class='ocr_line' id='line_1_67' title="bbox 504 3698 2083 3768; baseline 0.001 -16"><span class='ocrx_word' id='word_1_545' title='bbox 504 3698 832 3768; x_wconf 73' lang='lat' dir='ltr'><strong>intelligunt,</strong></span> <span class='ocrx_word' id='word_1_546' title='bbox 856 3715 972 3753; x_wconf 72' lang='lat' dir='ltr'><strong>esse</strong></span> <span class='ocrx_word' id='word_1_547' title='bbox 992 3715 1113 3753; x_wconf 88' lang='lat' dir='ltr'><strong>eum</strong></span> <span class='ocrx_word' id='word_1_548' title='bbox 1140 3698 1429 3751; x_wconf 87' lang='lat' dir='ltr'><strong>sectmdum</strong></span> <span class='ocrx_word' id='word_1_549' title='bbox 1460 3714 1673 3751; x_wconf 88' lang='lat' dir='ltr'><strong>onmem</strong></span> <span class='ocrx_word' id='word_1_550' title='bbox 1704 3699 2083 3767; x_wconf 80' lang='lat' dir='ltr'><strong>cogitationem</strong></span> 
     </span>
    </p>
   </div>
   <div class='ocr_carea' id='block_1_68' title="bbox 503 3789 2085 3860">
    <p class='ocr_par' dir='ltr' id='par_1_68' title="bbox 503 3789 2085 3860">
     <span class='ocr_line' id='line_1_68' title="bbox 503 3789 2085 3860; baseline -0.001 -16"><span class='ocrx_word' id='word_1_551' title='bbox 503 3804 666 3860; x_wconf 79' lang='lat' dir='ltr'><strong>Supra</strong></span> <span class='ocrx_word' id='word_1_552' title='bbox 697 3789 1061 3843; x_wconf 85' lang='lat' dir='ltr'><strong>substantiam</strong></span> <span class='ocrx_word' id='word_1_553' title='bbox 1090 3806 1103 3842; x_wconf 93' lang='lat'><strong>:</strong></span> <span class='ocrx_word' id='word_1_554' title='bbox 1128 3800 1329 3844; x_wconf 89' lang='lat' dir='ltr'><strong>etesse</strong></span> <span class='ocrx_word' id='word_1_555' title='bbox 1360 3805 1578 3844; x_wconf 87' lang='lat' dir='ltr'><strong>causam</strong></span> <span class='ocrx_word' id='word_1_556' title='bbox 1608 3805 1795 3844; x_wconf 87' lang='lat' dir='ltr'><strong>eorum</strong></span> <span class='ocrx_word' id='word_1_557' title='bbox 1825 3806 1945 3859; x_wconf 71' lang='lat' dir='ltr'><strong>qua:</strong></span> <span class='ocrx_word' id='word_1_558' title='bbox 1970 3807 2085 3843; x_wconf 84' lang='lat' dir='ltr'><strong>mo-</strong></span> 
     </span>
    </p>
   </div>
   <div class='ocr_carea' id='block_1_69' title="bbox 501 3883 2080 3953">
    <p class='ocr_par' dir='ltr' id='par_1_69' title="bbox 501 3883 2080 3953">
     <span class='ocr_line' id='line_1_69' title="bbox 501 3883 2080 3953; baseline 0.001 -17"><span class='ocrx_word' id='word_1_559' title='bbox 501 3885 586 3936; x_wconf 88' lang='lat' dir='ltr'><strong>dis</strong></span> <span class='ocrx_word' id='word_1_560' title='bbox 621 3884 871 3937; x_wconf 89' lang='lat' dir='ltr'><strong>omnibus</strong></span> <span class='ocrx_word' id='word_1_561' title='bbox 900 3896 1055 3948; x_wconf 88' lang='lat' dir='ltr'><strong>sunt;</strong></span> <span class='ocrx_word' id='word_1_562' title='bbox 1090 3884 1419 3953; x_wconf 51' lang='lat' dir='ltr'><strong>eteninrnon</strong></span> <span class='ocrx_word' id='word_1_563' title='bbox 1447 3883 1548 3937; x_wconf 90' lang='lat' dir='ltr'><strong>hoc</strong></span> <span class='ocrx_word' id='word_1_564' title='bbox 1572 3883 1785 3950; x_wconf 87' lang='lat' dir='ltr'><strong>quidem</strong></span> <span class='ocrx_word' id='word_1_565' title='bbox 1815 3893 1918 3949; x_wconf 88' lang='lat' dir='ltr'><strong>est,</strong></span> <span class='ocrx_word' id='word_1_566' title='bbox 1950 3883 2080 3938; x_wconf 76' lang='lat' dir='ltr'><strong>illud</strong></span> 
     </span>
    </p>
   </div>
   <div class='ocr_carea' id='block_1_70' title="bbox 502 3974 2081 4047">
    <p class='ocr_par' dir='ltr' id='par_1_70' title="bbox 502 3974 2081 4047">
     <span class='ocr_line' id='line_1_70' title="bbox 502 3974 2081 4047; baseline 0.003 -19"><span class='ocrx_word' id='word_1_567' title='bbox 502 3990 633 4030; x_wconf 74' lang='lat' dir='ltr'><strong>vero</strong></span> <span class='ocrx_word' id='word_1_568' title='bbox 668 3990 772 4029; x_wconf 91' lang='lat' dir='ltr'><strong>non</strong></span> <span class='ocrx_word' id='word_1_569' title='bbox 805 3986 917 4041; x_wconf 87' lang='lat' dir='ltr'><strong>est;</strong></span> <span class='ocrx_word' id='word_1_570' title='bbox 953 3991 1053 4030; x_wconf 74' lang='lat' dir='ltr'><strong>nee</strong></span> <span class='ocrx_word' id='word_1_571' title='bbox 1084 3974 1266 4043; x_wconf 90' lang='lat' dir='ltr'><strong>aliquo</strong></span> <span class='ocrx_word' id='word_1_572' title='bbox 1299 3974 1516 4043; x_wconf 85' lang='lat' dir='ltr'><strong>quidem</strong></span> <span class='ocrx_word' id='word_1_573' title='bbox 1561 3977 1721 4031; x_wconf 91' lang='lat' dir='ltr'><strong>modo</strong></span> <span class='ocrx_word' id='word_1_574' title='bbox 1762 3986 1865 4041; x_wconf 89' lang='lat' dir='ltr'><strong>est,</strong></span> <span class='ocrx_word' id='word_1_575' title='bbox 1900 3977 2081 4047; x_wconf 90' lang='lat' dir='ltr'><strong>aliquo</strong></span> 
     </span>
    </p>
   </div>
   <div class='ocr_carea' id='block_1_71' title="bbox 503 4065 2077 4135">
    <p class='ocr_par' dir='ltr' id='par_1_71' title="bbox 503 4065 2077 4135">
     <span class='ocr_line' id='line_1_71' title="bbox 503 4065 2077 4135; baseline 0.001 -17"><span class='ocrx_word' id='word_1_576' title='bbox 503 4079 633 4120; x_wconf 81' lang='lat' dir='ltr'><strong>vero</strong></span> <span class='ocrx_word' id='word_1_577' title='bbox 670 4080 775 4120; x_wconf 90' lang='lat' dir='ltr'><strong>non</strong></span> <span class='ocrx_word' id='word_1_578' title='bbox 808 4076 924 4131; x_wconf 89' lang='lat' dir='ltr'><strong>cst;</strong></span> <span class='ocrx_word' id='word_1_579' title='bbox 953 4066 1045 4120; x_wconf 90' lang='lat' dir='ltr'><strong>sed</strong></span> <span class='ocrx_word' id='word_1_580' title='bbox 1078 4065 1255 4135; x_wconf 87' lang='lat' dir='ltr'><strong>potius</strong></span> <span class='ocrx_word' id='word_1_581' title='bbox 1279 4066 1459 4119; x_wconf 87' lang='lat' dir='ltr'><strong>omnia</strong></span> <span class='ocrx_word' id='word_1_582' title='bbox 1487 4076 1591 4130; x_wconf 79' lang='lat' dir='ltr'><strong>est,</strong></span> <span class='ocrx_word' id='word_1_583' title='bbox 1622 4077 1677 4119; x_wconf 90' lang='grc' dir='ltr'><strong>ιιι</strong></span> <span class='ocrx_word' id='word_1_584' title='bbox 1705 4067 1943 4120; x_wconf 87' lang='lat' dir='ltr'><strong>onmium</strong></span> <span class='ocrx_word' id='word_1_585' title='bbox 1978 4082 2077 4120; x_wconf 86' lang='lat' dir='ltr'><strong>au-</strong></span> 
     </span>
    </p>
   </div>
   <div class='ocr_carea' id='block_1_72' title="bbox 573 4243 997 4309">
    <p class='ocr_par' dir='ltr' id='par_1_72' title="bbox 573 4243 997 4309">
     <span class='ocr_line' id='line_1_72' title="bbox 573 4243 997 4309; baseline -0.005 -9"><span class='ocrx_word' id='word_1_586' title='bbox 573 4248 620 4279; x_wconf 79' lang='lat'><strong>&quot;</strong></span> <span class='ocrx_word' id='word_1_587' title='bbox 677 4243 835 4300; x_wconf 84' lang='lat' dir='ltr'><strong>Joau.</strong></span> <span class='ocrx_word' id='word_1_588' title='bbox 867 4260 907 4309; x_wconf 84' lang='grc' dir='ltr'><strong>ι,</strong></span> <span class='ocrx_word' id='word_1_589' title='bbox 947 4244 997 4299; x_wconf 84' lang='lat' dir='ltr'><strong>l.</strong></span> 
     </span>
    </p>
   </div>
   <div class='ocr_carea' id='block_1_73' title="bbox 2196 3320 3767 3395">
    <p class='ocr_par' dir='ltr' id='par_1_73' title="bbox 2196 3320 3767 3395">
     <span class='ocr_line' id='line_1_73' title="bbox 2196 3320 3767 3395; baseline 0.008 -22"><span class='ocrx_word' id='word_1_590' title='bbox 2196 3320 2294 3389; x_wconf 83' lang='lat'><strong>(5),</strong></span> <span class='ocrx_word' id='word_1_591' title='bbox 2329 3322 2428 3374; x_wconf 90' lang='lat' dir='ltr'><strong>etsi</strong></span> <span class='ocrx_word' id='word_1_592' title='bbox 2478 3338 2600 3376; x_wconf 91' lang='lat' dir='ltr'><strong>eum</strong></span> <span class='ocrx_word' id='word_1_593' title='bbox 2647 3323 2851 3378; x_wconf 88' lang='lat' dir='ltr'><strong>nullum</strong></span> <span class='ocrx_word' id='word_1_594' title='bbox 2885 3327 3084 3395; x_wconf 82' lang='lat' dir='ltr'><strong>alioqui</strong></span> <span class='ocrx_word' id='word_1_595' title='bbox 3121 3342 3150 3379; x_wconf 90' lang='lat' dir='ltr'><strong>e</strong></span> <span class='ocrx_word' id='word_1_596' title='bbox 3197 3342 3257 3382; x_wconf 88' lang='lat' dir='ltr'><strong>se</strong></span> <span class='ocrx_word' id='word_1_597' title='bbox 3305 3329 3646 3395; x_wconf 79' lang='lat' dir='ltr'><strong>Splendorem</strong></span> <span class='ocrx_word' id='word_1_598' title='bbox 3681 3334 3767 3387; x_wconf 91' lang='lat' dir='ltr'><strong>ille</strong></span> 
     </span>
    </p>
   </div>
   <div class='ocr_carea' id='block_1_74' title="bbox 2197 3414 3767 3488">
    <p class='ocr_par' dir='ltr' id='par_1_74' title="bbox 2197 3414 3767 3488">
     <span class='ocr_line' id='line_1_74' title="bbox 2197 3414 3767 3488; baseline 0.01 -22"><span class='ocrx_word' id='word_1_599' title='bbox 2197 3414 2441 3479; x_wconf 86' lang='lat' dir='ltr'><strong>haberet,</strong></span> <span class='ocrx_word' id='word_1_600' title='bbox 2490 3432 2711 3471; x_wconf 89' lang='lat' dir='ltr'><strong>munere</strong></span> <span class='ocrx_word' id='word_1_601' title='bbox 2741 3418 2927 3471; x_wconf 87' lang='lat' dir='ltr'><strong>divino</strong></span> <span class='ocrx_word' id='word_1_602' title='bbox 2955 3418 3272 3488; x_wconf 89' lang='lat' dir='ltr'><strong>splendidus</strong></span> <span class='ocrx_word' id='word_1_603' title='bbox 3305 3431 3517 3487; x_wconf 88' lang='lat' dir='ltr'><strong>repente</strong></span> <span class='ocrx_word' id='word_1_604' title='bbox 3546 3421 3767 3481; x_wconf 58' lang='lat' dir='ltr'><strong>lsraelie</strong></span> 
     </span>
    </p>
   </div>
   <div class='ocr_carea' id='block_1_75' title="bbox 2196 3507 3756 3581">
    <p class='ocr_par' dir='ltr' id='par_1_75' title="bbox 2196 3507 3756 3581">
     <span class='ocr_line' id='line_1_75' title="bbox 2196 3507 3756 3581; baseline 0.006 -21"><span class='ocrx_word' id='word_1_605' title='bbox 2196 3507 2263 3561; x_wconf 91' lang='lat' dir='ltr'><strong>tis</strong></span> <span class='ocrx_word' id='word_1_606' title='bbox 2292 3511 2584 3576; x_wconf 84' lang='lat' dir='ltr'><strong>apparuit;</strong></span> <span class='ocrx_word' id='word_1_607' title='bbox 2621 3509 2667 3563; x_wconf 87' lang='lat' dir='ltr'><strong>is</strong></span> <span class='ocrx_word' id='word_1_608' title='bbox 2698 3511 2841 3563; x_wconf 89' lang='lat' dir='ltr'><strong>enim</strong></span> <span class='ocrx_word' id='word_1_609' title='bbox 2882 3510 3138 3577; x_wconf 86' lang='lat' dir='ltr'><strong>splendor</strong></span> <span class='ocrx_word' id='word_1_610' title='bbox 3168 3512 3217 3564; x_wconf 91' lang='lat' dir='ltr'><strong>in</strong></span> <span class='ocrx_word' id='word_1_611' title='bbox 3251 3511 3548 3581; x_wconf 76' lang='lat' dir='ltr'><strong>legislature</strong></span> <span class='ocrx_word' id='word_1_612' title='bbox 3580 3524 3756 3575; x_wconf 85' lang='lat' dir='ltr'><strong>ortus,</strong></span> 
     </span>
    </p>
   </div>
   <div class='ocr_carea' id='block_1_76' title="bbox 2195 3600 3762 3674">
    <p class='ocr_par' dir='ltr' id='par_1_76' title="bbox 2195 3600 3762 3674">
     <span class='ocr_line' id='line_1_76' title="bbox 2195 3600 3762 3674; baseline 0.005 -24"><span class='ocrx_word' id='word_1_613' title='bbox 2195 3613 2301 3651; x_wconf 90' lang='lat' dir='ltr'><strong>non</strong></span> <span class='ocrx_word' id='word_1_614' title='bbox 2341 3600 2438 3651; x_wconf 78' lang='lat' dir='ltr'><strong>fuit</strong></span> <span class='ocrx_word' id='word_1_615' title='bbox 2472 3600 2748 3666; x_wconf 77' lang='lat' dir='ltr'><strong>cujusdam</strong></span> <span class='ocrx_word' id='word_1_616' title='bbox 2781 3603 3025 3668; x_wconf 81' lang='lat' dir='ltr'><strong>alterius,</strong></span> <span class='ocrx_word' id='word_1_617' title='bbox 3065 3608 3155 3658; x_wconf 90' lang='lat' dir='ltr'><strong>sed</strong></span> <span class='ocrx_word' id='word_1_618' title='bbox 3203 3607 3368 3674; x_wconf 86' lang='lat' dir='ltr'><strong>ipsius</strong></span> <span class='ocrx_word' id='word_1_619' title='bbox 3403 3605 3513 3659; x_wconf 89' lang='lat' dir='ltr'><strong>Dei.</strong></span> <span class='ocrx_word' id='word_1_620' title='bbox 3541 3607 3603 3659; x_wconf 86' lang='lat' dir='ltr'><strong>Et</strong></span> <span class='ocrx_word' id='word_1_621' title='bbox 3633 3608 3762 3660; x_wconf 79' lang='lat' dir='ltr'><strong>bea-</strong></span> 
     </span>
    </p>
   </div>
   <div class='ocr_carea' id='block_1_77' title="bbox 2194 3691 3764 3761">
    <p class='ocr_par' dir='ltr' id='par_1_77' title="bbox 2194 3691 3764 3761">
     <span class='ocr_line' id='line_1_77' title="bbox 2194 3691 3764 3761; baseline 0.006 -19"><span class='ocrx_word' id='word_1_622' title='bbox 2194 3699 2283 3745; x_wconf 89' lang='lat' dir='ltr'><strong>tus</strong></span> <span class='ocrx_word' id='word_1_623' title='bbox 2318 3691 2745 3761; x_wconf 85' lang='lat' dir='ltr'><strong>Chrysostomus</strong></span> <span class='ocrx_word' id='word_1_624' title='bbox 2772 3733 2787 3757; x_wconf 89' lang='lat'><strong>,</strong></span> <span class='ocrx_word' id='word_1_625' title='bbox 2838 3697 2891 3748; x_wconf 92' lang='lat' dir='ltr'><strong>in</strong></span> <span class='ocrx_word' id='word_1_626' title='bbox 2944 3698 3190 3751; x_wconf 83' lang='lat' dir='ltr'><strong>oratione</strong></span> <span class='ocrx_word' id='word_1_627' title='bbox 3236 3700 3287 3751; x_wconf 91' lang='lat' dir='ltr'><strong>iu</strong></span> <span class='ocrx_word' id='word_1_628' title='bbox 3341 3697 3549 3752; x_wconf 84' lang='lat' dir='ltr'><strong>laudem</strong></span> <span class='ocrx_word' id='word_1_629' title='bbox 3592 3700 3764 3753; x_wconf 84' lang='lat' dir='ltr'><strong>sancti</strong></span> 
     </span>
    </p>
   </div>
   <div class='ocr_carea' id='block_1_78' title="bbox 2190 3780 3771 3858">
    <p class='ocr_par' dir='ltr' id='par_1_78' title="bbox 2190 3780 3771 3858">
     <span class='ocr_line' id='line_1_78' title="bbox 2190 3780 3771 3858; baseline 0.005 -22"><span class='ocrx_word' id='word_1_630' title='bbox 2190 3780 2416 3837; x_wconf 79' lang='lat' dir='ltr'><strong>Joannis</strong></span> <span class='ocrx_word' id='word_1_631' title='bbox 2444 3784 2723 3855; x_wconf 77' lang='lat' dir='ltr'><strong>Theologi,</strong></span> <span class='ocrx_word' id='word_1_632' title='bbox 2748 3785 2905 3855; x_wconf 84' lang='lat' dir='ltr'><strong>cujus</strong></span> <span class='ocrx_word' id='word_1_633' title='bbox 2934 3789 3254 3857; x_wconf 80' lang='lat' dir='ltr'><strong>principium</strong></span> <span class='ocrx_word' id='word_1_634' title='bbox 3290 3797 3372 3843; x_wconf 87' lang='lat' dir='ltr'><strong>est</strong></span> <span class='ocrx_word' id='word_1_635' title='bbox 3397 3806 3408 3839; x_wconf 92' lang='lat'><strong>:</strong></span> <span class='ocrx_word' id='word_1_636' title='bbox 3443 3788 3771 3858; x_wconf 72' lang='lat' dir='ltr'><strong>Principium</strong></span> 
     </span>
    </p>
   </div>
   <div class='ocr_carea' id='block_1_79' title="bbox 2192 3877 3769 3952">
    <p class='ocr_par' dir='ltr' id='par_1_79' title="bbox 2192 3877 3769 3952">
     <span class='ocr_line' id='line_1_79' title="bbox 2192 3877 3769 3952; baseline 0.004 -23"><span class='ocrx_word' id='word_1_637' title='bbox 2192 3877 2339 3929; x_wconf 76' lang='lat' dir='ltr'><strong>nobis</strong></span> <span class='ocrx_word' id='word_1_638' title='bbox 2375 3893 2560 3930; x_wconf 73' lang='lat' dir='ltr'><strong>rursus</strong></span> <span class='ocrx_word' id='word_1_639' title='bbox 2593 3895 2620 3929; x_wconf 86' lang='lat' dir='ltr'><strong>e</strong></span> <span class='ocrx_word' id='word_1_640' title='bbox 2650 3879 2777 3930; x_wconf 71' lang='lat' dir='ltr'><strong>caelo</strong></span> <span class='ocrx_word' id='word_1_641' title='bbox 2816 3880 3046 3952; x_wconf 59' lang='lat' dir='ltr'><strong>advenit,</strong></span> <span class='ocrx_word' id='word_1_642' title='bbox 3080 3881 3160 3933; x_wconf 87' lang='lat' dir='ltr'><strong>sic</strong></span> <span class='ocrx_word' id='word_1_643' title='bbox 3206 3882 3283 3932; x_wconf 89' lang='lat' dir='ltr'><strong>ait</strong></span> <span class='ocrx_word' id='word_1_644' title='bbox 3332 3897 3345 3932; x_wconf 89' lang='lat'>:</span> <span class='ocrx_word' id='word_1_645' title='bbox 3400 3878 3466 3934; x_wconf 81' lang='lat' dir='ltr'><strong>In</strong></span> <span class='ocrx_word' id='word_1_646' title='bbox 3508 3882 3769 3951; x_wconf 80' lang='lat' dir='ltr'><strong>principio</strong></span> 
     </span>
    </p>
   </div>
   <div class='ocr_carea' id='block_1_80' title="bbox 2188 3968 3769 4037">
    <p class='ocr_par' dir='ltr' id='par_1_80' title="bbox 2188 3968 3769 4037">
     <span class='ocr_line' id='line_1_80' title="bbox 2188 3968 3769 4037; baseline 0.003 -14"><span class='ocrx_word' id='word_1_647' title='bbox 2188 3982 2298 4024; x_wconf 84' lang='lat' dir='ltr'><strong>erat</strong></span> <span class='ocrx_word' id='word_1_648' title='bbox 2343 3968 2587 4032; x_wconf 77' lang='lat' dir='ltr'><strong>Verbum,</strong></span> <span class='ocrx_word' id='word_1_649' title='bbox 2623 3979 2669 4021; x_wconf 85' lang='lat' dir='ltr'><strong>et</strong></span> <span class='ocrx_word' id='word_1_650' title='bbox 2704 3968 2921 4022; x_wconf 62' lang='lat' dir='ltr'><strong>Veritum</strong></span> <span class='ocrx_word' id='word_1_651' title='bbox 2963 3980 3076 4023; x_wconf 84' lang='lat' dir='ltr'><strong>erat</strong></span> <span class='ocrx_word' id='word_1_652' title='bbox 3124 3974 3266 4037; x_wconf 84' lang='lat' dir='ltr'><strong>apud</strong></span> <span class='ocrx_word' id='word_1_653' title='bbox 3314 3970 3505 4035; x_wconf 77' lang='lat' dir='ltr'><strong>Deum,</strong></span> <span class='ocrx_word' id='word_1_654' title='bbox 3528 3981 3590 4026; x_wconf 29' lang='lat' dir='ltr'><strong>set</strong></span> <span class='ocrx_word' id='word_1_655' title='bbox 3634 3973 3769 4027; x_wconf 76' lang='lat' dir='ltr'><strong>Deus</strong></span> 
     </span>
    </p>
   </div>
   <div class='ocr_carea' id='block_1_81' title="bbox 2186 4060 3770 4136">
    <p class='ocr_par' dir='ltr' id='par_1_81' title="bbox 2186 4060 3770 4136">
     <span class='ocr_line' id='line_1_81' title="bbox 2186 4060 3770 4136; baseline 0.003 -19"><span class='ocrx_word' id='word_1_656' title='bbox 2186 4073 2302 4118; x_wconf 81' lang='lat' dir='ltr'><strong>erat</strong></span> <span class='ocrx_word' id='word_1_657' title='bbox 2338 4063 2556 4117; x_wconf 80' lang='lat' dir='ltr'><strong>Verbum</strong></span> <span class='ocrx_word' id='word_1_658' title='bbox 2590 4060 2651 4116; x_wconf 78' lang='grc'><strong>³¹.</strong></span> <span class='ocrx_word' id='word_1_659' title='bbox 2692 4061 2967 4132; x_wconf 87' lang='lat' dir='ltr'><strong>Nusquam</strong></span> <span class='ocrx_word' id='word_1_660' title='bbox 2995 4073 3095 4131; x_wconf 86' lang='lat' dir='ltr'><strong>est,</strong></span> <span class='ocrx_word' id='word_1_661' title='bbox 3129 4078 3234 4117; x_wconf 92' lang='lat' dir='ltr'><strong>non</strong></span> <span class='ocrx_word' id='word_1_662' title='bbox 3268 4075 3409 4129; x_wconf 87' lang='lat' dir='ltr'><strong>erat,</strong></span> <span class='ocrx_word' id='word_1_663' title='bbox 3438 4067 3532 4121; x_wconf 83' lang='lat' dir='ltr'><strong>sed</strong></span> <span class='ocrx_word' id='word_1_664' title='bbox 3569 4060 3770 4136; x_wconf 76' lang='lat' dir='ltr'><strong>ubique</strong></span> 
     </span>
    </p>
   </div>
   <div class='ocr_carea' id='block_1_82' title="bbox 3199 4215 3223 4229">
    <p class='ocr_par' dir='ltr' id='par_1_82' title="bbox 3199 4215 3223 4229">
     <span class='ocr_line' id='line_1_82' title="bbox 3199 4215 3223 4229; baseline 0 0"><span class='ocrx_word' id='word_1_665' title='bbox 3199 4215 3223 4229; x_wconf 46' lang='grc' dir='ltr'><strong>κ</strong></span> 
     </span>
    </p>
   </div>
   <div class='ocr_carea' id='block_1_83' title="bbox 2454 4224 2477 4249">
    <p class='ocr_par' dir='ltr' id='par_1_83' title="bbox 2454 4224 2477 4249">
     <span class='ocr_line' id='line_1_83' title="bbox 2454 4224 2477 4249; baseline 0 0"><span class='ocrx_word' id='word_1_666' title='bbox 2454 4224 2477 4249; x_wconf 53' lang='lat' dir='ltr'><strong><em>ﬁ</em></strong></span> 
     </span>
    </p>
   </div>
   <div class='ocr_carea' id='block_1_84' title="bbox 1983 4362 2260 4425">
    <p class='ocr_par' dir='ltr' id='par_1_84' title="bbox 1983 4362 2260 4425">
     <span class='ocr_line' id='line_1_84' title="bbox 1983 4362 2260 4425; baseline -0.004 -2"><span class='ocrx_word' id='word_1_667' title='bbox 1983 4362 2260 4425; x_wconf 86' lang='lat' dir='ltr'><strong>Scholia.</strong></span> 
     </span>
    </p>
   </div>
   <div class='ocr_carea' id='block_1_85' title="bbox 577 4480 3763 4566">
    <p class='ocr_par' dir='ltr' id='par_1_85' title="bbox 577 4480 3763 4566">
     <span class='ocr_line' id='line_1_85' title="bbox 577 4480 3763 4566; baseline -0.001 -20"><span class='ocrx_word' id='word_1_668' title='bbox 577 4494 654 4566; x_wconf 75' lang='grc' dir='ltr'><strong>(ι)</strong></span> <span class='ocrx_word' id='word_1_669' title='bbox 683 4490 846 4566; x_wconf 78' lang='lat' dir='ltr'><strong>Exire</strong></span> <span class='ocrx_word' id='word_1_670' title='bbox 891 4505 916 4542; x_wconf 92' lang='lat' dir='ltr'><strong>a</strong></span> <span class='ocrx_word' id='word_1_671' title='bbox 966 4504 1046 4566; x_wconf 86' lang='lat' dir='ltr'><strong>se,</strong></span> <span class='ocrx_word' id='word_1_672' title='bbox 1090 4495 1165 4566; x_wconf 54' lang='lat' dir='ltr'><strong>etf</strong></span> <span class='ocrx_word' id='word_1_673' title='bbox 1198 4507 1303 4546; x_wconf 89' lang='lat' dir='ltr'><strong>non</strong></span> <span class='ocrx_word' id='word_1_674' title='bbox 1346 4489 1536 4566; x_wconf 80' lang='lat' dir='ltr'><strong>dividi,</strong></span> <span class='ocrx_word' id='word_1_675' title='bbox 1582 4488 1685 4540; x_wconf 91' lang='lat' dir='ltr'><strong>hoc</strong></span> <span class='ocrx_word' id='word_1_676' title='bbox 1728 4496 1810 4541; x_wconf 86' lang='lat' dir='ltr'><strong>est</strong></span> <span class='ocrx_word' id='word_1_677' title='bbox 1861 4486 2080 4566; x_wconf 75' lang='lat' dir='ltr'><strong>inﬁniti,</strong></span> <span class='ocrx_word' id='word_1_678' title='bbox 2113 4490 2166 4555; x_wconf 88' lang='lat' dir='ltr'><strong>D</strong></span> <span class='ocrx_word' id='word_1_679' title='bbox 2192 4492 2533 4566; x_wconf 71' lang='lat' dir='ltr'><strong>exsistentit&#39;e.</strong></span> <span class='ocrx_word' id='word_1_680' title='bbox 2569 4490 2812 4566; x_wconf 81' lang='lat' dir='ltr'><strong>Sicdicit</strong></span> <span class='ocrx_word' id='word_1_681' title='bbox 2835 4490 2973 4549; x_wconf 90' lang='lat' dir='ltr'><strong>idem</strong></span> <span class='ocrx_word' id='word_1_682' title='bbox 3009 4490 3298 4566; x_wconf 87' lang='lat' dir='ltr'><strong>Dionysius</strong></span> <span class='ocrx_word' id='word_1_683' title='bbox 3325 4500 3446 4566; x_wconf 75' lang='lat' dir='ltr'><strong>cap.</strong></span> <span class='ocrx_word' id='word_1_684' title='bbox 3471 4489 3505 4544; x_wconf 85' lang='lat'><strong><em>5</em></strong></span> <span class='ocrx_word' id='word_1_685' title='bbox 3538 4507 3552 4566; x_wconf 87' lang='lat'><strong>_:</strong></span> <span class='ocrx_word' id='word_1_686' title='bbox 3584 4480 3763 4566; x_wconf 61' lang='lat' dir='ltr'><strong>ipsum</strong></span> 
     </span>
    </p>
   </div>
   <div class='ocr_carea' id='block_1_86' title="bbox 505 4560 2081 4636">
    <p class='ocr_par' dir='ltr' id='par_1_86' title="bbox 505 4560 2081 4636">
     <span class='ocr_line' id='line_1_86' title="bbox 505 4560 2081 4636; baseline -0.003 -18"><span class='ocrx_word' id='word_1_687' title='bbox 505 4560 649 4636; x_wconf 81' lang='lat' dir='ltr'><strong>quod</strong></span> <span class='ocrx_word' id='word_1_688' title='bbox 684 4563 861 4617; x_wconf 78' lang='lat' dir='ltr'><strong>ornnia</strong></span> <span class='ocrx_word' id='word_1_689' title='bbox 900 4562 1201 4616; x_wconf 71' lang='lat' dir='ltr'><strong>substantia</strong></span> <span class='ocrx_word' id='word_1_690' title='bbox 1238 4578 1331 4616; x_wconf 90' lang='lat' dir='ltr'><strong>sua</strong></span> <span class='ocrx_word' id='word_1_691' title='bbox 1370 4571 1425 4614; x_wconf 87' lang='lat' dir='ltr'><strong>et</strong></span> <span class='ocrx_word' id='word_1_692' title='bbox 1462 4561 1660 4613; x_wconf 88' lang='lat' dir='ltr'><strong>virtute</strong></span> <span class='ocrx_word' id='word_1_693' title='bbox 1690 4574 1754 4613; x_wconf 88' lang='lat' dir='ltr'><strong>ac</strong></span> <span class='ocrx_word' id='word_1_694' title='bbox 1795 4560 2081 4627; x_wconf 65' lang='lat' dir='ltr'><strong>praesentia</strong></span> 
     </span>
    </p>
   </div>
   <div class='ocr_carea' id='block_1_87' title="bbox 504 4637 709 4691">
    <p class='ocr_par' dir='ltr' id='par_1_87' title="bbox 504 4637 709 4691">
     <span class='ocr_line' id='line_1_87' title="bbox 504 4637 709 4691; baseline -0.01 0"><span class='ocrx_word' id='word_1_695' title='bbox 504 4637 709 4691; x_wconf 79' lang='lat' dir='ltr'><strong>implet.</strong></span> 
     </span>
    </p>
   </div>
   <div class='ocr_carea' id='block_1_88' title="bbox 576 4653 2079 4778">
    <p class='ocr_par' dir='ltr' id='par_1_88' title="bbox 576 4653 2079 4778">
     <span class='ocr_line' id='line_1_88' title="bbox 601 4653 709 4689; baseline 0.019 -2"><span class='ocrx_word' id='word_1_696' title='bbox 601 4653 709 4689; x_wconf 84' lang='lat' dir='ltr'><strong>net.</strong></span> 
     </span>
     <span class='ocr_line' id='line_1_89' title="bbox 576 4653 2079 4778; baseline -0.004 -18"><span class='ocrx_word' id='word_1_697' title='bbox 576 4653 650 4778; x_wconf 55' lang='lat'><strong>(&#39;2)</strong></span> <span class='ocrx_word' id='word_1_698' title='bbox 692 4708 798 4772; x_wconf 84' lang='lat' dir='ltr'><strong>Qui</strong></span> <span class='ocrx_word' id='word_1_699' title='bbox 837 4722 949 4759; x_wconf 79' lang='lat' dir='ltr'><strong>vere</strong></span> <span class='ocrx_word' id='word_1_700' title='bbox 973 4702 1309 4775; x_wconf 73' lang='lat' dir='ltr'><strong>pra’exsislit,</strong></span> <span class='ocrx_word' id='word_1_701' title='bbox 1340 4700 1622 4778; x_wconf 49' lang='lat' dir='ltr'><strong>seruiit/um</strong></span> <span class='ocrx_word' id='word_1_702' title='bbox 1653 4713 1857 4778; x_wconf 69' lang='lat' dir='ltr'><strong>omnem</strong></span> <span class='ocrx_word' id='word_1_703' title='bbox 1900 4715 2079 4778; x_wconf 62' lang='lat' dir='ltr'><strong>eorum</strong></span> 
     </span>
    </p>
   </div>
   <div class='ocr_carea' id='block_1_89' title="bbox 505 4769 2079 4848">
    <p class='ocr_par' dir='ltr' id='par_1_89' title="bbox 505 4769 2079 4848">
     <span class='ocr_line' id='line_1_90' title="bbox 505 4769 2079 4848; baseline -0.003 -18"><span class='ocrx_word' id='word_1_704' title='bbox 505 4769 623 4848; x_wconf 72' lang='lat' dir='ltr'><strong>qua:</strong></span> <span class='ocrx_word' id='word_1_705' title='bbox 661 4769 804 4839; x_wconf 75' lang='lat' dir='ltr'><strong>sunt,</strong></span> <span class='ocrx_word' id='word_1_706' title='bbox 837 4769 1213 4848; x_wconf 69' lang='lat' dir='ltr'><strong>cogitationem</strong></span> <span class='ocrx_word' id='word_1_707' title='bbox 1261 4770 1666 4836; x_wconf 74' lang='lat' dir='ltr'><strong>nmltiplicutur.</strong></span> <span class='ocrx_word' id='word_1_708' title='bbox 1702 4769 1753 4823; x_wconf 92' lang='lat' dir='ltr'><strong>ld</strong></span> <span class='ocrx_word' id='word_1_709' title='bbox 1782 4780 1884 4848; x_wconf 84' lang='lat' dir='ltr'><strong>est,</strong></span> <span class='ocrx_word' id='word_1_710' title='bbox 1921 4774 2079 4839; x_wconf 72' lang='lat' dir='ltr'><strong>quid-</strong></span> 
     </span>
    </p>
   </div>
   <div class='ocr_carea' id='block_1_90' title="bbox 504 4843 2074 4917">
    <p class='ocr_par' dir='ltr' id='par_1_90' title="bbox 504 4843 2074 4917">
     <span class='ocr_line' id='line_1_91' title="bbox 504 4843 2074 4917; baseline -0.007 -16"><span class='ocrx_word' id='word_1_711' title='bbox 504 4843 632 4917; x_wconf 56' lang='grc' dir='ltr'>(ξιιἱά</span> <span class='ocrx_word' id='word_1_712' title='bbox 668 4843 958 4916; x_wconf 69' lang='lat' dir='ltr'><strong>cogitetur,</strong></span> <span class='ocrx_word' id='word_1_713' title='bbox 993 4852 1046 4898; x_wconf 76' lang='lat' dir='ltr'><strong>et</strong></span> <span class='ocrx_word' id='word_1_714' title='bbox 1096 4844 1160 4917; x_wconf 79' lang='lat' dir='ltr'><strong>ad</strong></span> <span class='ocrx_word' id='word_1_715' title='bbox 1211 4856 1588 4917; x_wconf 74' lang='lat' dir='ltr'><strong>quamcunque</strong></span> <span class='ocrx_word' id='word_1_716' title='bbox 1622 4854 1732 4893; x_wconf 89' lang='lat' dir='ltr'><strong>rem</strong></span> <span class='ocrx_word' id='word_1_717' title='bbox 1768 4843 1888 4908; x_wconf 86' lang='lat' dir='ltr'><strong>quis</strong></span> <span class='ocrx_word' id='word_1_718' title='bbox 1922 4857 2074 4917; x_wconf 36' lang='lat' dir='ltr'><strong>mens</strong></span> 
     </span>
    </p>
   </div>
   <div class='ocr_carea' id='block_1_91' title="bbox 480 4913 2075 4979">
    <p class='ocr_par' dir='ltr' id='par_1_91' title="bbox 480 4913 2075 4979">
     <span class='ocr_line' id='line_1_92' title="bbox 480 4913 2075 4979; baseline -0.006 -6"><span class='ocrx_word' id='word_1_719' title='bbox 480 4913 610 4973; x_wconf 65' lang='lat' dir='ltr'><strong>tem</strong></span> <span class='ocrx_word' id='word_1_720' title='bbox 666 4913 929 4979; x_wconf 85' lang='lat' dir='ltr'><strong>intendat,</strong></span> <span class='ocrx_word' id='word_1_721' title='bbox 967 4913 1204 4967; x_wconf 85' lang='lat' dir='ltr'><strong>inveniet</strong></span> <span class='ocrx_word' id='word_1_722' title='bbox 1244 4913 1294 4961; x_wconf 92' lang='lat' dir='ltr'><strong>in</strong></span> <span class='ocrx_word' id='word_1_723' title='bbox 1346 4927 1405 4964; x_wconf 87' lang='lat' dir='ltr'><strong>ea</strong></span> <span class='ocrx_word' id='word_1_724' title='bbox 1464 4913 1736 4965; x_wconf 85' lang='lat' dir='ltr'><strong>notionem</strong></span> <span class='ocrx_word' id='word_1_725' title='bbox 1787 4915 2075 4978; x_wconf 64' lang='lat'><strong>0311533,“</strong></span> 
     </span>
    </p>
   </div>
   <div class='ocr_carea' id='block_1_92' title="bbox 501 4980 2076 5053">
    <p class='ocr_par' dir='ltr' id='par_1_92' title="bbox 501 4980 2076 5053">
     <span class='ocr_line' id='line_1_93' title="bbox 501 4980 2076 5053; baseline -0.002 -11"><span class='ocrx_word' id='word_1_726' title='bbox 501 5000 606 5053; x_wconf 90' lang='lat' dir='ltr'><strong>est,</strong></span> <span class='ocrx_word' id='word_1_727' title='bbox 642 4990 879 5042; x_wconf 86' lang='lat' dir='ltr'><strong>auctoris</strong></span> <span class='ocrx_word' id='word_1_728' title='bbox 915 4984 1007 5039; x_wconf 89' lang='lat' dir='ltr'><strong>Dei</strong></span> <span class='ocrx_word' id='word_1_729' title='bbox 1035 5000 1053 5050; x_wconf 85' lang='lat'><strong>;</strong></span> <span class='ocrx_word' id='word_1_730' title='bbox 1080 4985 1179 5035; x_wconf 89' lang='lat' dir='ltr'><strong>hoc</strong></span> <span class='ocrx_word' id='word_1_731' title='bbox 1210 4981 1370 5053; x_wconf 58' lang='lat' dir='ltr'><strong>igitur</strong></span> <span class='ocrx_word' id='word_1_732' title='bbox 1401 4991 1481 5053; x_wconf 83' lang='lat' dir='ltr'><strong>est</strong></span> <span class='ocrx_word' id='word_1_733' title='bbox 1513 4980 1883 5053; x_wconf 65' lang='lat' dir='ltr'><strong>inultiplicari,</strong></span> <span class='ocrx_word' id='word_1_734' title='bbox 1929 4986 2076 5039; x_wconf 89' lang='lat' dir='ltr'><strong>cerni</strong></span> 
     </span>
    </p>
   </div>
   <div class='ocr_carea' id='block_1_93' title="bbox 501 5048 2004 5123">
    <p class='ocr_par' dir='ltr' id='par_1_93' title="bbox 501 5048 2004 5123">
     <span class='ocr_line' id='line_1_94' title="bbox 501 5048 2004 5123; baseline -0.004 -11"><span class='ocrx_word' id='word_1_735' title='bbox 501 5048 625 5112; x_wconf 80' lang='lat' dir='ltr'><strong>eum</strong></span> <span class='ocrx_word' id='word_1_736' title='bbox 662 5060 714 5111; x_wconf 90' lang='lat' dir='ltr'><strong>in</strong></span> <span class='ocrx_word' id='word_1_737' title='bbox 751 5061 934 5111; x_wconf 86' lang='lat' dir='ltr'><strong>multis</strong></span> <span class='ocrx_word' id='word_1_738' title='bbox 955 5048 1198 5113; x_wconf 86' lang='lat' dir='ltr'><strong>causam,</strong></span> <span class='ocrx_word' id='word_1_739' title='bbox 1233 5069 1296 5103; x_wconf 79' lang='lat' dir='ltr'><strong>ex</strong></span> <span class='ocrx_word' id='word_1_740' title='bbox 1321 5051 1380 5104; x_wconf 87' lang='lat' dir='ltr'><strong>S.</strong></span> <span class='ocrx_word' id='word_1_741' title='bbox 1414 5051 1627 5103; x_wconf 80' lang='lat' dir='ltr'><strong>Maxim.</strong></span> <span class='ocrx_word' id='word_1_742' title='bbox 1658 5059 1712 5102; x_wconf 85' lang='lat' dir='ltr'><strong>et.</strong></span> <span class='ocrx_word' id='word_1_743' title='bbox 1747 5048 2004 5123; x_wconf 76' lang='lat' dir='ltr'><strong>Pachym.</strong></span> 
     </span>
    </p>
   </div>
   <div class='ocr_carea' id='block_1_94' title="bbox 575 5123 2075 5201">
    <p class='ocr_par' dir='ltr' id='par_1_94' title="bbox 575 5123 2075 5201">
     <span class='ocr_line' id='line_1_95' title="bbox 575 5123 2075 5201; baseline -0.005 -20"><span class='ocrx_word' id='word_1_744' title='bbox 575 5129 651 5201; x_wconf 79' lang='lat'><strong>(3)</strong></span> <span class='ocrx_word' id='word_1_745' title='bbox 702 5127 768 5181; x_wconf 82' lang='lat' dir='ltr'><strong>In</strong></span> <span class='ocrx_word' id='word_1_746' title='bbox 812 5144 870 5201; x_wconf 81' lang='lat' dir='ltr'><strong>eo</strong></span> <span class='ocrx_word' id='word_1_747' title='bbox 919 5125 1127 5195; x_wconf 78' lang='lat' dir='ltr'><strong>proprie</strong></span> <span class='ocrx_word' id='word_1_748' title='bbox 1172 5123 1487 5201; x_wconf 65' lang='lat' dir='ltr'><strong>celebratur,</strong></span> <span class='ocrx_word' id='word_1_749' title='bbox 1538 5131 1672 5182; x_wconf 84' lang='lat' dir='ltr'><strong>erat,</strong></span> <span class='ocrx_word' id='word_1_750' title='bbox 1708 5129 1757 5199; x_wconf 75' lang='lat' dir='ltr'><strong>et</strong></span> <span class='ocrx_word' id='word_1_751' title='bbox 1799 5134 1895 5201; x_wconf 77' lang='lat' dir='ltr'><strong>est.</strong></span> <span class='ocrx_word' id='word_1_752' title='bbox 1929 5123 2075 5177; x_wconf 84' lang='lat' dir='ltr'><strong>Idem</strong></span> 
     </span>
    </p>
   </div>
   <div class='ocr_carea' id='block_1_95' title="bbox 498 5191 2078 5270">
    <p class='ocr_par' dir='ltr' id='par_1_95' title="bbox 498 5191 2078 5270">
     <span class='ocr_line' id='line_1_96' title="bbox 498 5191 2078 5270; baseline -0.002 -20"><span class='ocrx_word' id='word_1_753' title='bbox 498 5191 788 5270; x_wconf 79' lang='lat' dir='ltr'><strong>Dionysius</strong></span> <span class='ocrx_word' id='word_1_754' title='bbox 824 5191 1226 5270; x_wconf 76' lang='lat' dir='ltr'><strong>interpretatur,</strong></span> <span class='ocrx_word' id='word_1_755' title='bbox 1250 5192 1518 5270; x_wconf 70' lang='lat' dir='ltr'><strong>quomodo</strong></span> <span class='ocrx_word' id='word_1_756' title='bbox 1550 5191 1764 5270; x_wconf 79' lang='lat' dir='ltr'><strong>proprie</strong></span> <span class='ocrx_word' id='word_1_757' title='bbox 1794 5196 2078 5270; x_wconf 63' lang='lat' dir='ltr'><strong>cele_:_.r,en-</strong></span> 
     </span>
    </p>
   </div>
   <div class='ocr_carea' id='block_1_96' title="bbox 502 5260 2075 5331">
    <p class='ocr_par' dir='ltr' id='par_1_96' title="bbox 502 5260 2075 5331">
     <span class='ocr_line' id='line_1_97' title="bbox 502 5260 2075 5331; baseline -0.005 -7"><span class='ocrx_word' id='word_1_758' title='bbox 502 5281 589 5324; x_wconf 83' lang='lat' dir='ltr'><strong>tur</strong></span> <span class='ocrx_word' id='word_1_759' title='bbox 624 5260 759 5330; x_wconf 63' lang='lat' dir='ltr'><strong>lianc,</strong></span> <span class='ocrx_word' id='word_1_760' title='bbox 801 5260 1006 5321; x_wconf 87' lang='lat' dir='ltr'><strong>scilicet</strong></span> <span class='ocrx_word' id='word_1_761' title='bbox 1032 5270 1301 5331; x_wconf 76' lang='lat' dir='ltr'><strong>quatenus</strong></span> <span class='ocrx_word' id='word_1_762' title='bbox 1352 5260 1743 5331; x_wconf 74' lang='lat' dir='ltr'><strong>intelliguntur,</strong></span> <span class='ocrx_word' id='word_1_763' title='bbox 1800 5272 1875 5313; x_wconf 92' lang='lat' dir='ltr'><strong>ut.</strong></span> <span class='ocrx_word' id='word_1_764' title='bbox 1910 5263 2075 5317; x_wconf 81' lang='lat' dir='ltr'><strong>Deum</strong></span> 
     </span>
    </p>
   </div>
   <div class='ocr_carea' id='block_1_97' title="bbox 500 5329 2077 5411">
    <p class='ocr_par' dir='ltr' id='par_1_97' title="bbox 500 5329 2077 5411">
     <span class='ocr_line' id='line_1_98' title="bbox 500 5329 2077 5411; baseline -0.003 -20"><span class='ocrx_word' id='word_1_765' title='bbox 500 5344 672 5403; x_wconf 85' lang='lat' dir='ltr'><strong>decet,</strong></span> <span class='ocrx_word' id='word_1_766' title='bbox 704 5336 919 5405; x_wconf 86' lang='lat' dir='ltr'><strong>proprie</strong></span> <span class='ocrx_word' id='word_1_767' title='bbox 950 5329 1203 5387; x_wconf 81' lang='lat' dir='ltr'><strong>dicuntur</strong></span> <span class='ocrx_word' id='word_1_768' title='bbox 1240 5334 1291 5384; x_wconf 89' lang='lat' dir='ltr'><strong>in</strong></span> <span class='ocrx_word' id='word_1_769' title='bbox 1318 5331 1472 5411; x_wconf 71' lang='lat' dir='ltr'><strong>Deo;</strong></span> <span class='ocrx_word' id='word_1_770' title='bbox 1501 5340 1555 5411; x_wconf 67' lang='lat' dir='ltr'><strong>et</strong></span> <span class='ocrx_word' id='word_1_771' title='bbox 1597 5331 1649 5411; x_wconf 78' lang='lat' dir='ltr'><strong>in</strong></span> <span class='ocrx_word' id='word_1_772' title='bbox 1694 5329 1800 5383; x_wconf 85' lang='lat' dir='ltr'><strong>Deo</strong></span> <span class='ocrx_word' id='word_1_773' title='bbox 1833 5349 1980 5397; x_wconf 82' lang='lat' dir='ltr'><strong>sunt,</strong></span> <span class='ocrx_word' id='word_1_774' title='bbox 2026 5336 2077 5387; x_wconf 90' lang='lat' dir='ltr'><strong>id</strong></span> 
     </span>
    </p>
   </div>
   <div class='ocr_carea' id='block_1_98' title="bbox 502 5402 2076 5478">
    <p class='ocr_par' dir='ltr' id='par_1_98' title="bbox 502 5402 2076 5478">
     <span class='ocr_line' id='line_1_99' title="bbox 502 5402 2076 5478; baseline -0.005 -15"><span class='ocrx_word' id='word_1_775' title='bbox 502 5424 608 5478; x_wconf 84' lang='lat' dir='ltr'><strong>est,</strong></span> <span class='ocrx_word' id='word_1_776' title='bbox 641 5402 913 5477; x_wconf 78' lang='lat' dir='ltr'><strong>quatenus</strong></span> <span class='ocrx_word' id='word_1_777' title='bbox 942 5412 1216 5478; x_wconf 74' lang='lat' dir='ltr'><strong>est,&#39;erat,</strong></span> <span class='ocrx_word' id='word_1_778' title='bbox 1251 5402 1744 5478; x_wconf 37' lang='grc' dir='ltr'>θιίιηριιιιίρίριιιιι</span> <span class='ocrx_word' id='word_1_779' title='bbox 1769 5419 1921 5478; x_wconf 73' lang='lat' dir='ltr'><strong>esse;</strong></span> <span class='ocrx_word' id='word_1_780' title='bbox 1955 5423 2076 5456; x_wconf 83' lang='grc' dir='ltr'>ιιιιι-</span> 
     </span>
    </p>
   </div>
   <div class='ocr_carea' id='block_1_99' title="bbox 502 5471 2076 5536">
    <p class='ocr_par' dir='ltr' id='par_1_99' title="bbox 502 5471 2076 5536">
     <span class='ocr_line' id='line_1_100' title="bbox 502 5471 2076 5536; baseline -0.003 -5"><span class='ocrx_word' id='word_1_781' title='bbox 502 5471 761 5532; x_wconf 63' lang='grc' dir='ltr'>ιιιιίθιιὶιιι</span> <span class='ocrx_word' id='word_1_782' title='bbox 793 5476 1087 5530; x_wconf 90' lang='lat' dir='ltr'><strong>secundum</strong></span> <span class='ocrx_word' id='word_1_783' title='bbox 1118 5487 1336 5526; x_wconf 86' lang='lat' dir='ltr'><strong>causam</strong></span> <span class='ocrx_word' id='word_1_784' title='bbox 1366 5472 1623 5525; x_wconf 78' lang='lat' dir='ltr'><strong>dicuntur</strong></span> <span class='ocrx_word' id='word_1_785' title='bbox 1664 5474 1735 5524; x_wconf 85' lang='lat' dir='ltr'><strong>de</strong></span> <span class='ocrx_word' id='word_1_786' title='bbox 1777 5471 1903 5536; x_wconf 78' lang='lat' dir='ltr'><strong>Deo,</strong></span> <span class='ocrx_word' id='word_1_787' title='bbox 1939 5486 1992 5526; x_wconf 78' lang='lat' dir='ltr'><strong>et</strong></span> <span class='ocrx_word' id='word_1_788' title='bbox 2026 5477 2076 5527; x_wconf 90' lang='lat' dir='ltr'><strong>in</strong></span> 
     </span>
    </p>
   </div>
   <div class='ocr_carea' id='block_1_100' title="bbox 504 5542 2076 5613">
    <p class='ocr_par' dir='ltr' id='par_1_100' title="bbox 504 5542 2076 5613">
     <span class='ocr_line' id='line_1_101' title="bbox 504 5542 2076 5613; baseline -0.001 -14"><span class='ocrx_word' id='word_1_789' title='bbox 504 5566 568 5602; x_wconf 84' lang='lat' dir='ltr'><strong>eo</strong></span> <span class='ocrx_word' id='word_1_790' title='bbox 596 5559 744 5608; x_wconf 77' lang='lat' dir='ltr'><strong>sunt,</strong></span> <span class='ocrx_word' id='word_1_791' title='bbox 775 5557 827 5599; x_wconf 80' lang='lat' dir='ltr'><strong>ct</strong></span> <span class='ocrx_word' id='word_1_792' title='bbox 860 5546 1235 5613; x_wconf 83' lang='lat' dir='ltr'><strong>intelliguntur</strong></span> <span class='ocrx_word' id='word_1_793' title='bbox 1273 5542 1891 5613; x_wconf 76' lang='lat' dir='ltr'><strong>suprasubstautiabter,</strong></span> <span class='ocrx_word' id='word_1_794' title='bbox 1941 5561 2076 5613; x_wconf 75' lang='lat' dir='ltr'><strong>qua-</strong></span> 
     </span>
    </p>
   </div>
   <div class='ocr_carea' id='block_1_101' title="bbox 503 5612 2074 5681">
    <p class='ocr_par' dir='ltr' id='par_1_101' title="bbox 503 5612 2074 5681">
     <span class='ocr_line' id='line_1_102' title="bbox 503 5612 2074 5681; baseline -0.003 -10"><span class='ocrx_word' id='word_1_795' title='bbox 503 5632 659 5671; x_wconf 70' lang='lat' dir='ltr'><strong>trtius</strong></span> <span class='ocrx_word' id='word_1_796' title='bbox 713 5632 840 5672; x_wconf 74' lang='lat' dir='ltr'><strong>vero</strong></span> <span class='ocrx_word' id='word_1_797' title='bbox 893 5616 972 5669; x_wconf 82' lang='lat' dir='ltr'><strong>sic</strong></span> <span class='ocrx_word' id='word_1_798' title='bbox 1002 5612 1361 5681; x_wconf 57' lang='lat' dir='ltr'><strong>decipiuntur,</strong></span> <span class='ocrx_word' id='word_1_799' title='bbox 1400 5623 1457 5665; x_wconf 86' lang='grc' dir='ltr'><strong>ιιι</strong></span> <span class='ocrx_word' id='word_1_800' title='bbox 1485 5621 1605 5666; x_wconf 84' lang='lat' dir='ltr'><strong>cnm</strong></span> <span class='ocrx_word' id='word_1_801' title='bbox 1642 5612 1843 5667; x_wconf 81' lang='lat' dir='ltr'><strong>dicitur</strong></span> <span class='ocrx_word' id='word_1_802' title='bbox 1880 5632 1892 5666; x_wconf 90' lang='lat'>:</span> <span class='ocrx_word' id='word_1_803' title='bbox 1934 5612 2074 5668; x_wconf 74' lang='lat' dir='ltr'><strong>Deus</strong></span> 
     </span>
    </p>
   </div>
   <div class='ocr_carea' id='block_1_102' title="bbox 500 5682 2072 5753">
    <p class='ocr_par' dir='ltr' id='par_1_102' title="bbox 500 5682 2072 5753">
     <span class='ocr_line' id='line_1_103' title="bbox 500 5682 2072 5753; baseline -0.001 -13"><span class='ocrx_word' id='word_1_804' title='bbox 500 5697 603 5743; x_wconf 79' lang='lat' dir='ltr'><strong>est.</strong></span> <span class='ocrx_word' id='word_1_805' title='bbox 635 5697 771 5749; x_wconf 87' lang='lat' dir='ltr'><strong>erat,</strong></span> <span class='ocrx_word' id='word_1_806' title='bbox 819 5688 924 5741; x_wconf 87' lang='lat' dir='ltr'><strong>erit</strong></span> <span class='ocrx_word' id='word_1_807' title='bbox 954 5725 968 5747; x_wconf 91' lang='lat'><strong>,</strong></span> <span class='ocrx_word' id='word_1_808' title='bbox 999 5685 1333 5752; x_wconf 72' lang='lat' dir='ltr'><strong>signiﬁcetur</strong></span> <span class='ocrx_word' id='word_1_809' title='bbox 1363 5682 1530 5737; x_wconf 90' lang='lat' dir='ltr'><strong>Deum</strong></span> <span class='ocrx_word' id='word_1_810' title='bbox 1567 5684 1897 5753; x_wconf 82' lang='lat' dir='ltr'><strong>participare</strong></span> <span class='ocrx_word' id='word_1_811' title='bbox 1928 5701 2072 5747; x_wconf 57' lang='lat' dir='ltr'><strong>esse,</strong></span> 
     </span>
    </p>
   </div>
   <div class='ocr_carea' id='block_1_103' title="bbox 499 5754 1442 5821">
    <p class='ocr_par' dir='ltr' id='par_1_103' title="bbox 499 5754 1442 5821">
     <span class='ocr_line' id='line_1_104' title="bbox 499 5754 1442 5821; baseline -0.004 -10"><span class='ocrx_word' id='word_1_812' title='bbox 499 5759 688 5811; x_wconf 70' lang='lat' dir='ltr'><strong>alscnze</strong></span> <span class='ocrx_word' id='word_1_813' title='bbox 716 5768 838 5810; x_wconf 85' lang='lat' dir='ltr'><strong>sunt</strong></span> <span class='ocrx_word' id='word_1_814' title='bbox 866 5776 891 5810; x_wconf 82' lang='grc' dir='ltr'><strong>ιι</strong></span> <span class='ocrx_word' id='word_1_815' title='bbox 928 5758 1056 5818; x_wconf 70' lang='lat' dir='ltr'><strong>lico,</strong></span> <span class='ocrx_word' id='word_1_816' title='bbox 1084 5771 1148 5808; x_wconf 80' lang='lat' dir='ltr'><strong>ex</strong></span> <span class='ocrx_word' id='word_1_817' title='bbox 1185 5754 1442 5821; x_wconf 71' lang='lat' dir='ltr'><strong>PdCitinl.</strong></span> 
     </span>
    </p>
   </div>
   <div class='ocr_carea' id='block_1_104' title="bbox 571 5825 2074 5899">
    <p class='ocr_par' dir='ltr' id='par_1_104' title="bbox 571 5825 2074 5899">
     <span class='ocr_line' id='line_1_105' title="bbox 571 5825 2074 5899; baseline -0.001 -19"><span class='ocrx_word' id='word_1_818' title='bbox 571 5825 647 5892; x_wconf 68' lang='lat' dir='ltr'><strong>ti)</strong></span> <span class='ocrx_word' id='word_1_819' title='bbox 681 5827 744 5880; x_wconf 84' lang='lat' dir='ltr'><strong>lu</strong></span> <span class='ocrx_word' id='word_1_820' title='bbox 780 5831 888 5899; x_wconf 68' lang='lat' dir='ltr'><strong>ipso</strong></span> <span class='ocrx_word' id='word_1_821' title='bbox 920 5844 1029 5882; x_wconf 75' lang='lat' dir='ltr'><strong>csse</strong></span> <span class='ocrx_word' id='word_1_822' title='bbox 1058 5828 1442 5891; x_wconf 67' lang='lat' dir='ltr'><strong>txsisteutiam,</strong></span> <span class='ocrx_word' id='word_1_823' title='bbox 1492 5835 1540 5881; x_wconf 85' lang='lat' dir='ltr'><strong>et</strong></span> <span class='ocrx_word' id='word_1_824' title='bbox 1590 5841 1692 5880; x_wconf 81' lang='lat' dir='ltr'><strong>non</strong></span> <span class='ocrx_word' id='word_1_825' title='bbox 1744 5841 1855 5881; x_wconf 74' lang='lat' dir='ltr'><strong>esse</strong></span> <span class='ocrx_word' id='word_1_826' title='bbox 1905 5826 2074 5895; x_wconf 75' lang='lat' dir='ltr'><strong>ipsum</strong></span> 
     </span>
    </p>
   </div>
   <div class='ocr_carea' id='block_1_105' title="bbox 2199 4558 3771 4632">
    <p class='ocr_par' dir='ltr' id='par_1_105' title="bbox 2199 4558 3771 4632">
     <span class='ocr_line' id='line_1_106' title="bbox 2199 4558 3771 4632; baseline -0.001 -18"><span class='ocrx_word' id='word_1_827' title='bbox 2199 4563 2369 4615; x_wconf 80' lang='lat' dir='ltr'><strong>habet</strong></span> <span class='ocrx_word' id='word_1_828' title='bbox 2398 4564 2745 4626; x_wconf 83' lang='lat' dir='ltr'><strong>exsistentia,</strong></span> <span class='ocrx_word' id='word_1_829' title='bbox 2776 4575 2829 4618; x_wconf 85' lang='lat' dir='ltr'><strong>et</strong></span> <span class='ocrx_word' id='word_1_830' title='bbox 2854 4580 2962 4617; x_wconf 88' lang='lat' dir='ltr'><strong>non</strong></span> <span class='ocrx_word' id='word_1_831' title='bbox 2998 4572 3083 4616; x_wconf 81' lang='lat' dir='ltr'><strong>est</strong></span> <span class='ocrx_word' id='word_1_832' title='bbox 3117 4558 3233 4632; x_wconf 82' lang='lat' dir='ltr'><strong>ipse</strong></span> <span class='ocrx_word' id='word_1_833' title='bbox 3271 4558 3618 4616; x_wconf 63' lang='lat' dir='ltr'><strong>exsisteutiaz.</strong></span> <span class='ocrx_word' id='word_1_834' title='bbox 3660 4558 3771 4613; x_wconf 79' lang='lat' dir='ltr'><strong>Ex-</strong></span> 
     </span>
    </p>
   </div>
   <div class='ocr_carea' id='block_1_106' title="bbox 2194 4632 3769 4701">
    <p class='ocr_par' dir='ltr' id='par_1_106' title="bbox 2194 4632 3769 4701">
     <span class='ocr_line' id='line_1_107' title="bbox 2194 4632 3769 4701; baseline -0.001 -18"><span class='ocrx_word' id='word_1_835' title='bbox 2194 4634 2439 4686; x_wconf 90' lang='lat' dir='ltr'><strong>sisteutia</strong></span> <span class='ocrx_word' id='word_1_836' title='bbox 2479 4634 2637 4687; x_wconf 83' lang='lat' dir='ltr'><strong>habet</strong></span> <span class='ocrx_word' id='word_1_837' title='bbox 2671 4632 2861 4701; x_wconf 90' lang='lat' dir='ltr'><strong>Deum,</strong></span> <span class='ocrx_word' id='word_1_838' title='bbox 2888 4645 2948 4687; x_wconf 93' lang='lat' dir='ltr'><strong>ut</strong></span> <span class='ocrx_word' id='word_1_839' title='bbox 2980 4635 3242 4689; x_wconf 86' lang='lat' dir='ltr'><strong>consistat</strong></span> <span class='ocrx_word' id='word_1_840' title='bbox 3272 4634 3386 4697; x_wconf 60' lang='lat' dir='ltr'><strong>mss</strong></span> <span class='ocrx_word' id='word_1_841' title='bbox 3426 4632 3769 4694; x_wconf 75' lang='lat' dir='ltr'><strong>exsistentia,</strong></span> 
     </span>
    </p>
   </div>
   <div class='ocr_carea' id='block_1_107' title="bbox 2194 4703 3768 4772">
    <p class='ocr_par' dir='ltr' id='par_1_107' title="bbox 2194 4703 3768 4772">
     <span class='ocr_line' id='line_1_108' title="bbox 2194 4703 3768 4772; baseline -0.001 -17"><span class='ocrx_word' id='word_1_842' title='bbox 2194 4704 2339 4755; x_wconf 87' lang='lat' dir='ltr'><strong>sicut</strong></span> <span class='ocrx_word' id='word_1_843' title='bbox 2376 4704 2501 4772; x_wconf 91' lang='lat' dir='ltr'><strong>quis</strong></span> <span class='ocrx_word' id='word_1_844' title='bbox 2542 4703 2703 4757; x_wconf 88' lang='lat' dir='ltr'><strong>habet</strong></span> <span class='ocrx_word' id='word_1_845' title='bbox 2750 4705 2914 4757; x_wconf 89' lang='lat' dir='ltr'><strong>vitam</strong></span> <span class='ocrx_word' id='word_1_846' title='bbox 2953 4707 3019 4759; x_wconf 86' lang='lat' dir='ltr'><strong>ad</strong></span> <span class='ocrx_word' id='word_1_847' title='bbox 3062 4704 3143 4756; x_wconf 91' lang='lat' dir='ltr'><strong>sui</strong></span> <span class='ocrx_word' id='word_1_848' title='bbox 3200 4703 3619 4765; x_wconf 80' lang='lat' dir='ltr'><strong>exsistentiam;</strong></span> <span class='ocrx_word' id='word_1_849' title='bbox 3660 4716 3768 4753; x_wconf 89' lang='lat' dir='ltr'><strong>non</strong></span> 
     </span>
    </p>
   </div>
   <div class='ocr_carea' id='block_1_108' title="bbox 2194 4773 3757 4840">
    <p class='ocr_par' dir='ltr' id='par_1_108' title="bbox 2194 4773 3757 4840">
     <span class='ocr_line' id='line_1_109' title="bbox 2194 4773 3757 4840; baseline -0.002 -15"><span class='ocrx_word' id='word_1_850' title='bbox 2194 4783 2372 4826; x_wconf 88' lang='lat' dir='ltr'><strong>autem</strong></span> <span class='ocrx_word' id='word_1_851' title='bbox 2411 4778 2490 4826; x_wconf 87' lang='lat' dir='ltr'><strong>sic</strong></span> <span class='ocrx_word' id='word_1_852' title='bbox 2530 4776 2691 4827; x_wconf 87' lang='lat' dir='ltr'><strong>habet</strong></span> <span class='ocrx_word' id='word_1_853' title='bbox 2727 4775 2864 4828; x_wconf 90' lang='lat' dir='ltr'><strong>Deus</strong></span> <span class='ocrx_word' id='word_1_854' title='bbox 2891 4773 3266 4829; x_wconf 83' lang='lat' dir='ltr'><strong>exsistentiam</strong></span> <span class='ocrx_word' id='word_1_855' title='bbox 3298 4812 3313 4831; x_wconf 94' lang='lat'><strong>,</strong></span> <span class='ocrx_word' id='word_1_856' title='bbox 3363 4784 3421 4825; x_wconf 91' lang='lat' dir='ltr'><strong>ut</strong></span> <span class='ocrx_word' id='word_1_857' title='bbox 3473 4786 3570 4840; x_wconf 85' lang='lat' dir='ltr'><strong>per</strong></span> <span class='ocrx_word' id='word_1_858' title='bbox 3615 4773 3757 4823; x_wconf 80' lang='lat' dir='ltr'><strong>exsi-</strong></span> 
     </span>
    </p>
   </div>
   <div class='ocr_carea' id='block_1_109' title="bbox 2192 4841 3760 4914">
    <p class='ocr_par' dir='ltr' id='par_1_109' title="bbox 2192 4841 3760 4914">
     <span class='ocr_line' id='line_1_110' title="bbox 2192 4841 3760 4914; baseline -0.004 -18"><span class='ocrx_word' id='word_1_859' title='bbox 2192 4844 2444 4896; x_wconf 77' lang='lat' dir='ltr'><strong>stentiam</strong></span> <span class='ocrx_word' id='word_1_860' title='bbox 2492 4845 2579 4897; x_wconf 72' lang='lat' dir='ltr'><strong>sit.</strong></span> <span class='ocrx_word' id='word_1_861' title='bbox 2634 4844 2786 4898; x_wconf 90' lang='lat' dir='ltr'><strong>Sient</strong></span> <span class='ocrx_word' id='word_1_862' title='bbox 2820 4845 2984 4914; x_wconf 80' lang='lat' dir='ltr'><strong>igitur</strong></span> <span class='ocrx_word' id='word_1_863' title='bbox 3015 4843 3329 4914; x_wconf 76' lang='lat' dir='ltr'><strong>exsisteutia</strong></span> <span class='ocrx_word' id='word_1_864' title='bbox 3380 4844 3539 4896; x_wconf 86' lang='lat' dir='ltr'><strong>habet</strong></span> <span class='ocrx_word' id='word_1_865' title='bbox 3573 4841 3760 4903; x_wconf 80' lang='lat' dir='ltr'><strong>Deum,</strong></span> 
     </span>
    </p>
   </div>
   <div class='ocr_carea' id='block_1_110' title="bbox 2193 4913 3772 4989">
    <p class='ocr_par' dir='ltr' id='par_1_110' title="bbox 2193 4913 3772 4989">
     <span class='ocr_line' id='line_1_111' title="bbox 2193 4913 3772 4989; baseline -0.001 -24"><span class='ocrx_word' id='word_1_866' title='bbox 2193 4915 2275 4989; x_wconf 66' lang='lat' dir='ltr'><strong>sic</strong></span> <span class='ocrx_word' id='word_1_867' title='bbox 2311 4915 2623 4989; x_wconf 74' lang='lat' dir='ltr'><strong>exsistentia</strong></span> <span class='ocrx_word' id='word_1_868' title='bbox 2676 4928 2757 4989; x_wconf 82' lang='lat' dir='ltr'><strong>est</strong></span> <span class='ocrx_word' id='word_1_869' title='bbox 2798 4913 2912 4989; x_wconf 80' lang='lat' dir='ltr'><strong>Dei,</strong></span> <span class='ocrx_word' id='word_1_870' title='bbox 2947 4916 3069 4989; x_wconf 82' lang='lat' dir='ltr'><strong>quia</strong></span> <span class='ocrx_word' id='word_1_871' title='bbox 3107 4918 3174 4965; x_wconf 85' lang='lat' dir='ltr'><strong>ab</strong></span> <span class='ocrx_word' id='word_1_872' title='bbox 3208 4913 3323 4982; x_wconf 88' lang='lat' dir='ltr'><strong>ipso</strong></span> <span class='ocrx_word' id='word_1_873' title='bbox 3369 4922 3590 4989; x_wconf 71' lang='lat' dir='ltr'><strong>manat;</strong></span> <span class='ocrx_word' id='word_1_874' title='bbox 3628 4920 3680 4989; x_wconf 74' lang='lat' dir='ltr'><strong>et</strong></span> <span class='ocrx_word' id='word_1_875' title='bbox 3711 4922 3772 4963; x_wconf 84' lang='lat' dir='ltr'><strong>ut</strong></span> 
     </span>
    </p>
   </div>
   <div class='ocr_carea' id='block_1_111' title="bbox 2193 4981 3765 5050">
    <p class='ocr_par' dir='ltr' id='par_1_111' title="bbox 2193 4981 3765 5050">
     <span class='ocr_line' id='line_1_112' title="bbox 2193 4981 3765 5050; baseline -0.003 -15"><span class='ocrx_word' id='word_1_876' title='bbox 2193 4981 2335 5035; x_wconf 80' lang='lat' dir='ltr'><strong>Deus</strong></span> <span class='ocrx_word' id='word_1_877' title='bbox 2361 4997 2468 5035; x_wconf 90' lang='lat' dir='ltr'><strong>nou</strong></span> <span class='ocrx_word' id='word_1_878' title='bbox 2492 4984 2651 5038; x_wconf 72' lang='lat' dir='ltr'><strong>habet</strong></span> <span class='ocrx_word' id='word_1_879' title='bbox 2675 4988 2754 5037; x_wconf 89' lang='lat' dir='ltr'><strong>sic</strong></span> <span class='ocrx_word' id='word_1_880' title='bbox 2780 4981 3173 5047; x_wconf 79' lang='lat' dir='ltr'><strong>exsistentiam,</strong></span> <span class='ocrx_word' id='word_1_881' title='bbox 3193 4981 3250 5034; x_wconf 85' lang='lat' dir='ltr'><strong>ut</strong></span> <span class='ocrx_word' id='word_1_882' title='bbox 3276 4998 3369 5050; x_wconf 86' lang='lat' dir='ltr'><strong>per</strong></span> <span class='ocrx_word' id='word_1_883' title='bbox 3392 4981 3765 5036; x_wconf 77' lang='lat' dir='ltr'><strong>exsistentiam</strong></span> 
     </span>
    </p>
   </div>
   <div class='ocr_carea' id='block_1_112' title="bbox 2193 5054 3769 5123">
    <p class='ocr_par' dir='ltr' id='par_1_112' title="bbox 2193 5054 3769 5123">
     <span class='ocr_line' id='line_1_113' title="bbox 2193 5054 3769 5123; baseline -0.003 -18"><span class='ocrx_word' id='word_1_884' title='bbox 2193 5057 2297 5117; x_wconf 87' lang='lat' dir='ltr'><strong>sit;</strong></span> <span class='ocrx_word' id='word_1_885' title='bbox 2334 5056 2413 5107; x_wconf 87' lang='lat' dir='ltr'><strong>sic</strong></span> <span class='ocrx_word' id='word_1_886' title='bbox 2456 5069 2631 5121; x_wconf 78' lang='lat' dir='ltr'><strong>neque</strong></span> <span class='ocrx_word' id='word_1_887' title='bbox 2666 5056 2805 5109; x_wconf 89' lang='lat' dir='ltr'><strong>Deus</strong></span> <span class='ocrx_word' id='word_1_888' title='bbox 2838 5064 2921 5109; x_wconf 84' lang='lat' dir='ltr'><strong>est</strong></span> <span class='ocrx_word' id='word_1_889' title='bbox 2954 5054 3121 5123; x_wconf 84' lang='lat' dir='ltr'><strong>ipsius</strong></span> <span class='ocrx_word' id='word_1_890' title='bbox 3164 5055 3497 5108; x_wconf 77' lang='lat' dir='ltr'><strong>exsisteutiu:</strong></span> <span class='ocrx_word' id='word_1_891' title='bbox 3520 5090 3537 5118; x_wconf 92' lang='lat'><strong>,</strong></span> <span class='ocrx_word' id='word_1_892' title='bbox 3569 5059 3626 5104; x_wconf 87' lang='lat' dir='ltr'><strong>ut</strong></span> <span class='ocrx_word' id='word_1_893' title='bbox 3652 5064 3769 5118; x_wconf 83' lang='lat' dir='ltr'><strong>per</strong></span> 
     </span>
    </p>
   </div>
   <div class='ocr_carea' id='block_1_113' title="bbox 2189 5136 2435 5177">
    <p class='ocr_par' dir='ltr' id='par_1_113' title="bbox 2189 5136 2435 5177">
     <span class='ocr_line' id='line_1_114' title="bbox 2189 5136 2435 5177; baseline 0.004 -1"><span class='ocrx_word' id='word_1_894' title='bbox 2189 5137 2309 5176; x_wconf 86' lang='lat' dir='ltr'><strong>eam</strong></span> <span class='ocrx_word' id='word_1_895' title='bbox 2346 5136 2435 5177; x_wconf 74' lang='lat' dir='ltr'><strong>sit.</strong></span> 
     </span>
    </p>
   </div>
   <div class='ocr_carea' id='block_1_114' title="bbox 2265 5192 3763 5267">
    <p class='ocr_par' dir='ltr' id='par_1_114' title="bbox 2265 5192 3763 5267">
     <span class='ocr_line' id='line_1_115' title="bbox 2265 5192 3763 5267; baseline -0.005 -20"><span class='ocrx_word' id='word_1_896' title='bbox 2265 5194 2339 5262; x_wconf 75' lang='grc'><strong>(5)</strong></span> <span class='ocrx_word' id='word_1_897' title='bbox 2374 5194 2679 5267; x_wconf 77' lang='lat' dir='ltr'><strong>Sermonem</strong></span> <span class='ocrx_word' id='word_1_898' title='bbox 2724 5195 2984 5248; x_wconf 80' lang='lat' dir='ltr'><strong>tulissem.</strong></span> <span class='ocrx_word' id='word_1_899' title='bbox 3027 5192 3250 5267; x_wconf 75' lang='lat' dir='ltr'><strong>Volebat</strong></span> <span class='ocrx_word' id='word_1_900' title='bbox 3298 5192 3595 5267; x_wconf 61' lang='lat' dir='ltr'><strong>Ennomius</strong></span> <span class='ocrx_word' id='word_1_901' title='bbox 3641 5203 3763 5243; x_wconf 89' lang='lat' dir='ltr'><strong>cum</strong></span> 
     </span>
    </p>
   </div>
   <div class='ocr_carea' id='block_1_115' title="bbox 2190 5260 3766 5333">
    <p class='ocr_par' dir='ltr' id='par_1_115' title="bbox 2190 5260 3766 5333">
     <span class='ocr_line' id='line_1_116' title="bbox 2190 5260 3766 5333; baseline -0.001 -18"><span class='ocrx_word' id='word_1_902' title='bbox 2190 5260 2407 5319; x_wconf 75' lang='lat' dir='ltr'><strong>Ariaius</strong></span> <span class='ocrx_word' id='word_1_903' title='bbox 2441 5264 2779 5331; x_wconf 55' lang='lat' dir='ltr'><strong>splendorem</strong></span> <span class='ocrx_word' id='word_1_904' title='bbox 2816 5268 2905 5333; x_wconf 86' lang='lat' dir='ltr'><strong>qui</strong></span> <span class='ocrx_word' id='word_1_905' title='bbox 2940 5265 3190 5332; x_wconf 84' lang='lat' dir='ltr'><strong>apparuit</strong></span> <span class='ocrx_word' id='word_1_906' title='bbox 3221 5265 3271 5317; x_wconf 89' lang='lat' dir='ltr'><strong>iu</strong></span> <span class='ocrx_word' id='word_1_907' title='bbox 3304 5263 3442 5317; x_wconf 81' lang='lat' dir='ltr'><strong>facie</strong></span> <span class='ocrx_word' id='word_1_908' title='bbox 3468 5260 3683 5332; x_wconf 64' lang='lat' dir='ltr'><strong>MoySis;</strong></span> <span class='ocrx_word' id='word_1_909' title='bbox 3710 5269 3766 5313; x_wconf 83' lang='lat' dir='ltr'><strong>et</strong></span> 
     </span>
    </p>
   </div>
   <div class='ocr_carea' id='block_1_116' title="bbox 2189 5334 3767 5401">
    <p class='ocr_par' dir='ltr' id='par_1_116' title="bbox 2189 5334 3767 5401">
     <span class='ocr_line' id='line_1_117' title="bbox 2189 5334 3767 5401; baseline -0.004 -12"><span class='ocrx_word' id='word_1_910' title='bbox 2189 5338 2363 5389; x_wconf 69' lang='lat' dir='ltr'><strong>oeulis</strong></span> <span class='ocrx_word' id='word_1_911' title='bbox 2400 5338 2677 5401; x_wconf 85' lang='lat' dir='ltr'><strong>eorporcis</strong></span> <span class='ocrx_word' id='word_1_912' title='bbox 2726 5336 2873 5388; x_wconf 83' lang='lat' dir='ltr'><strong>visus</strong></span> <span class='ocrx_word' id='word_1_913' title='bbox 2905 5348 3009 5397; x_wconf 86' lang='lat' dir='ltr'><strong>est,</strong></span> <span class='ocrx_word' id='word_1_914' title='bbox 3040 5335 3206 5388; x_wconf 75' lang='lat' dir='ltr'><strong>fuisse</strong></span> <span class='ocrx_word' id='word_1_915' title='bbox 3238 5334 3470 5387; x_wconf 79' lang='lat' dir='ltr'><strong>divinam</strong></span> <span class='ocrx_word' id='word_1_916' title='bbox 3511 5335 3767 5387; x_wconf 47' lang='lat' dir='ltr'><strong>subsunt.</strong></span> 
     </span>
    </p>
   </div>
   <div class='ocr_carea' id='block_1_117' title="bbox 2190 5401 3763 5480">
    <p class='ocr_par' dir='ltr' id='par_1_117' title="bbox 2190 5401 3763 5480">
     <span class='ocr_line' id='line_1_118' title="bbox 2190 5401 3763 5480; baseline -0.001 -24"><span class='ocrx_word' id='word_1_917' title='bbox 2190 5409 2319 5480; x_wconf 79' lang='lat' dir='ltr'><strong>tiam</strong></span> <span class='ocrx_word' id='word_1_918' title='bbox 2369 5406 2488 5460; x_wconf 78' lang='lat' dir='ltr'><strong>Filii</strong></span> <span class='ocrx_word' id='word_1_919' title='bbox 2523 5408 2654 5480; x_wconf 55' lang='grc' dir='ltr'><strong>υθιὲ</strong></span> <span class='ocrx_word' id='word_1_920' title='bbox 2676 5421 2758 5480; x_wconf 79' lang='lat' dir='ltr'><strong>ex</strong></span> <span class='ocrx_word' id='word_1_921' title='bbox 2794 5421 2903 5475; x_wconf 90' lang='lat' dir='ltr'><strong>quo</strong></span> <span class='ocrx_word' id='word_1_922' title='bbox 2934 5415 3246 5480; x_wconf 78' lang='lat' dir='ltr'><strong>creaturam</strong></span> <span class='ocrx_word' id='word_1_923' title='bbox 3281 5418 3402 5457; x_wconf 88' lang='lat' dir='ltr'><strong>esse</strong></span> <span class='ocrx_word' id='word_1_924' title='bbox 3430 5401 3639 5480; x_wconf 57' lang='lat' dir='ltr'><strong>egit-ere</strong></span> <span class='ocrx_word' id='word_1_925' title='bbox 3669 5416 3763 5480; x_wconf 70' lang='lat' dir='ltr'><strong>vu-</strong></span> 
     </span>
    </p>
   </div>
   <div class='ocr_carea' id='block_1_118' title="bbox 2190 5473 3759 5542">
    <p class='ocr_par' dir='ltr' id='par_1_118' title="bbox 2190 5473 3759 5542">
     <span class='ocr_line' id='line_1_119' title="bbox 2190 5473 3759 5542; baseline -0.005 -13"><span class='ocrx_word' id='word_1_926' title='bbox 2190 5478 2406 5542; x_wconf 85' lang='lat' dir='ltr'><strong>lebant;</strong></span> <span class='ocrx_word' id='word_1_927' title='bbox 2445 5479 2585 5541; x_wconf 87' lang='lat' dir='ltr'><strong>quod</strong></span> <span class='ocrx_word' id='word_1_928' title='bbox 2615 5473 2826 5530; x_wconf 78' lang='lat' dir='ltr'><strong>falsum</strong></span> <span class='ocrx_word' id='word_1_929' title='bbox 2864 5486 2919 5528; x_wconf 92' lang='lat' dir='ltr'><strong>et</strong></span> <span class='ocrx_word' id='word_1_930' title='bbox 2949 5476 3262 5530; x_wconf 75' lang='lat' dir='ltr'><strong>bzereticum</strong></span> <span class='ocrx_word' id='word_1_931' title='bbox 3290 5481 3428 5526; x_wconf 87' lang='lat' dir='ltr'><strong>erat.</strong></span> <span class='ocrx_word' id='word_1_932' title='bbox 3462 5473 3588 5526; x_wconf 85' lang='lat' dir='ltr'><strong>Erat</strong></span> <span class='ocrx_word' id='word_1_933' title='bbox 3615 5473 3759 5525; x_wconf 89' lang='lat' dir='ltr'><strong>enim</strong></span> 
     </span>
    </p>
   </div>
   <div class='ocr_carea' id='block_1_119' title="bbox 2192 5543 3801 5616">
    <p class='ocr_par' dir='ltr' id='par_1_119' title="bbox 2192 5543 3801 5616">
     <span class='ocr_line' id='line_1_120' title="bbox 2192 5543 3801 5616; baseline -0.004 -17"><span class='ocrx_word' id='word_1_934' title='bbox 2192 5549 2281 5599; x_wconf 91' lang='lat' dir='ltr'><strong>ide</strong></span> <span class='ocrx_word' id='word_1_935' title='bbox 2305 5550 2559 5616; x_wconf 73' lang='lat' dir='ltr'><strong>splendor</strong></span> <span class='ocrx_word' id='word_1_936' title='bbox 2589 5560 2694 5599; x_wconf 92' lang='lat' dir='ltr'><strong>non</strong></span> <span class='ocrx_word' id='word_1_937' title='bbox 2722 5547 2946 5600; x_wconf 85' lang='lat' dir='ltr'><strong>alterius</strong></span> <span class='ocrx_word' id='word_1_938' title='bbox 2973 5560 3139 5613; x_wconf 74' lang='lat' dir='ltr'><strong>Quam</strong></span> <span class='ocrx_word' id='word_1_939' title='bbox 3176 5543 3266 5616; x_wconf 84' lang='lat' dir='ltr'><strong>Dei</strong></span> <span class='ocrx_word' id='word_1_940' title='bbox 3300 5552 3570 5616; x_wconf 81' lang='lat' dir='ltr'><strong>creatura,</strong></span> <span class='ocrx_word' id='word_1_941' title='bbox 3594 5557 3622 5593; x_wconf 88' lang='lat' dir='ltr'><strong>a</strong></span> <span class='ocrx_word' id='word_1_942' title='bbox 3657 5555 3764 5616; x_wconf 87' lang='lat' dir='ltr'><strong>quo</strong></span> <span class='ocrx_word' id='word_1_943' title='bbox 3786 5552 3801 5563; x_wconf 81' lang='grc'><em>’</em></span> 
     </span>
    </p>
   </div>
   <div class='ocr_carea' id='block_1_120' title="bbox 2193 5613 3768 5685">
    <p class='ocr_par' dir='ltr' id='par_1_120' title="bbox 2193 5613 3768 5685">
     <span class='ocr_line' id='line_1_121' title="bbox 2193 5613 3768 5685; baseline -0.004 -16"><span class='ocrx_word' id='word_1_944' title='bbox 2193 5618 2244 5669; x_wconf 90' lang='lat' dir='ltr'><strong>iu</strong></span> <span class='ocrx_word' id='word_1_945' title='bbox 2287 5613 2424 5671; x_wconf 80' lang='lat' dir='ltr'><strong>faeie</strong></span> <span class='ocrx_word' id='word_1_946' title='bbox 2453 5616 2663 5685; x_wconf 85' lang='lat' dir='ltr'><strong>Moysis</strong></span> <span class='ocrx_word' id='word_1_947' title='bbox 2713 5627 2931 5671; x_wconf 89' lang='lat' dir='ltr'><strong>creatus</strong></span> <span class='ocrx_word' id='word_1_948' title='bbox 2971 5616 3091 5681; x_wconf 77' lang='lat' dir='ltr'><strong>fuit,</strong></span> <span class='ocrx_word' id='word_1_949' title='bbox 3125 5625 3187 5669; x_wconf 91' lang='lat' dir='ltr'><strong>ut</strong></span> <span class='ocrx_word' id='word_1_950' title='bbox 3230 5614 3283 5666; x_wconf 90' lang='lat' dir='ltr'><strong>in</strong></span> <span class='ocrx_word' id='word_1_951' title='bbox 3312 5629 3378 5667; x_wconf 91' lang='lat' dir='ltr'><strong>eo</strong></span> <span class='ocrx_word' id='word_1_952' title='bbox 3406 5613 3647 5668; x_wconf 70' lang='lat' dir='ltr'><strong>divinum</strong></span> <span class='ocrx_word' id='word_1_953' title='bbox 3679 5613 3768 5685; x_wconf 85' lang='lat' dir='ltr'><strong>lu-</strong></span> 
     </span>
    </p>
   </div>
   <div class='ocr_carea' id='block_1_121' title="bbox 2193 5682 3771 5755">
    <p class='ocr_par' dir='ltr' id='par_1_121' title="bbox 2193 5682 3771 5755">
     <span class='ocr_line' id='line_1_122' title="bbox 2193 5682 3771 5755; baseline -0.003 -15"><span class='ocrx_word' id='word_1_954' title='bbox 2193 5701 2314 5740; x_wconf 89' lang='lat' dir='ltr'><strong>men</strong></span> <span class='ocrx_word' id='word_1_955' title='bbox 2348 5682 2642 5740; x_wconf 77' lang='lat' dir='ltr'><strong>secundimt</strong></span> <span class='ocrx_word' id='word_1_956' title='bbox 2682 5700 2742 5741; x_wconf 87' lang='lat' dir='ltr'><strong>se</strong></span> <span class='ocrx_word' id='word_1_957' title='bbox 2770 5685 3158 5755; x_wconf 76' lang='lat' dir='ltr'><strong>inaspectabtle</strong></span> <span class='ocrx_word' id='word_1_958' title='bbox 3186 5693 3446 5755; x_wconf 80' lang='lat' dir='ltr'><strong>tanquam</strong></span> <span class='ocrx_word' id='word_1_959' title='bbox 3470 5685 3521 5737; x_wconf 90' lang='lat' dir='ltr'><strong>in</strong></span> <span class='ocrx_word' id='word_1_960' title='bbox 3550 5682 3771 5751; x_wconf 87' lang='lat' dir='ltr'><strong>speculo</strong></span> 
     </span>
    </p>
   </div>
   <div class='ocr_carea' id='block_1_122' title="bbox 2192 5756 3205 5814">
    <p class='ocr_par' dir='ltr' id='par_1_122' title="bbox 2192 5756 3205 5814">
     <span class='ocr_line' id='line_1_123' title="bbox 2192 5756 3205 5814; baseline 0.003 -5"><span class='ocrx_word' id='word_1_961' title='bbox 2192 5759 2257 5812; x_wconf 86' lang='lat' dir='ltr'><strong>ad</strong></span> <span class='ocrx_word' id='word_1_962' title='bbox 2288 5761 2386 5814; x_wconf 85' lang='lat' dir='ltr'><strong>hoc</strong></span> <span class='ocrx_word' id='word_1_963' title='bbox 2417 5758 2558 5812; x_wconf 78' lang='lat' dir='ltr'><strong>facto</strong></span> <span class='ocrx_word' id='word_1_964' title='bbox 2583 5756 2843 5812; x_wconf 81' lang='lat' dir='ltr'><strong>lsraelitis</strong></span> <span class='ocrx_word' id='word_1_965' title='bbox 2875 5757 3205 5812; x_wconf 85' lang='lat' dir='ltr'><strong>ostenderet.</strong></span> 
     </span>
    </p>
   </div>
  </div>
