4048 6432
336 396 448 476 Μ

1012 387 1253 464 παις
1290 376 1456 463 vm.
1484 424 1555 438 -—
1588 370 1692 461 D'E
1732 396 2179 459 INFINITATE
2216 397 2347 458 DEI
2385 396 2468 457 IN
2510 372 2973 457 anATUais.

3388 407 3407 423 κ
3501 380 3612 450 910

338 527 463 575 erat
492 528 767 584 nusquam
795 520 917 578 est;
955 509 1103 571 fecit.
1131 512 1224 565 sed
1247 512 1447 580 ubique
1471 512 1601 579 quin
1631 518 1768 572 erat,
1790 515 1915 577 post
1942 512 1988 567 Α
2016 504 2234 573 quident
2272 507 2472 572 agitur,
2509 504 2634 573 quia
2667 501 2867 571 praebet
2908 500 2960 553 ei
3019 492 3270 552 ﬁduciam
3321 506 3447 565 erga
3491 509 3643 573 eum)

339 608 483 671 erat,
523 604 671 668 fecit,
704 617 821 657 non
849 602 917 661 de
946 587 1194 661 auctoie,
1230 600 1324 653 sed
1355 599 1422 652 de
1455 595 1746 661 creaturis,
1783 604 1836 647 et
1867 601 1925 645 ut

342 699 485 754 sciat
507 696 782 764 quomodo
809 704 966 756 erat;
995 702 1050 745 et
1076 689 1350 760 quomodo
1374 689 1503 744 iecit
1531 703 1632 759 ego
1662 678 1803 749 dico,
1829 698 1926 739 vos

344 796 676 842 numerate:
720 781 787 835 In
835 782 1096 849 principio
1139 788 1258 833 erat
1299 774 1553 842 Verbum,
1594 784 1642 829 et
1704 772 1927 827 Verbum

343 882 461 934 erat
493 878 636 947 apud
669 877 855 940 Deum,
888 885 937 930 et
968 875 1107 928 Deus
1132 880 1246 926 erat
1269 862 1547 945 .Verbum,‘
1581 871 1676 922 Itoc
1720 873 1833 920 erat
1874 867 1929 918 in

347 971 606 1041 principio
638 968 779 1037 apud
822 968 1013 1022 Deum.
1041 965 1180 1020 Ecce
1210 973 1404 1033 quarto
1438 960 1704 1021 meminit,
1739 969 1792 1012 ct
1837 972 1931 1011 ne-

347 1078 455 1131 que
484 1062 650 1117 semel
683 1060 842 1124 dixit,
872 1055 1103 1111 Factum
1134 1064 1228 1110 est.
1261 1054 1397 1122 Quid
1433 1054 1600 1122 igitur
1633 1063 1752 1120 post
1779 1047 1932 1103 haec?

348 1153 544 1211 Daunia
581 1170 677 1222 per
705 1155 875 1221 ipsum
916 1152 1064 1219 facta
1093 1160 1238 1214 sunt;
1281 1162 1387 1200 non
1421 1144 1557 1199 dixit
1607 1144 1715 1208 hic,
1775 1139 1931 1207 Erat,

346 1249 478 1318 quia
505 1249 573 1302 de
602 1245 874 1300 creaturis
901 1254 1021 1298 erat
1050 1257 1254 1296 sermo.
1300 1233 1490 1293 Omnia
1517 1254 1608 1306 per
1632 1237 1806 1299 ipsum
1840 1240 1929 1303 1a-

268 1370 271 1377 ›
348 1350 437 1393 cta
459 1346 613 1401 sunt;
642 1353 745 1392 nou
779 1336 939 1400 dixit,
972 1322 1169 1396 'Erant,
1216 1332 1313 1387 sed
1364 1329 1539 1383 Facta
1580 1337 1703 1381 sunt
1754 1327 1932 1380 omnia

348 1446 445 1499 per
481 1431 654 1497 ipsum
685 1443 704 1482 :
730 1439 781 1481 et
826 1428 940 1480 sine
985 1426 1096 1492 ipso
1144 1425 1345 1491 factum
1388 1430 1467 1477 est
1500 1420 1632 1473 nihil
1664 1416 1807 1489 quod
1843 1416 1935 1486 fa-

348 1530 497 1575 ctum
521 1529 634 1585 est;
672 1533 859 1573 rursus
880 1515 1107 1570 Factum
1128 1525 1248 1569 est:
1276 1515 1369 1569 ubi
1401 1514 1466 1568 de
1495 1512 1624 1575 Deo,
1658 1520 1807 1570 erat,
1844 1509 1934 1562 ubi

353 1615 422 1667 de
445 1613 716 1667 creaturis
747 1596 974 1664 Factum
1002 1618 1102 1662 est.
1136 1609 1193 1661 In
1224 1606 1490 1676 principio
1507 1603 1765 1659 Verbum.
1798 1600 1936 1655 Hinc

352 1706 518 1761 etiam
569 1704 707 1757 Deus
744 1702 917 1755 'Pater
962 1697 1260 1755 secundum
1312 1694 1479 1753 Vetus
1525 1695 1932 1749 Testamentum

356 1795 646 1866 pateﬁebat
673 1810 690 1860 ;
723 1810 846 1848 cum
875 1795 1022 1871 enim
1067 1792 1208 1847 dixit
1237 1789 1532 1859 eiM‘oyses
1566 1807 1578 1841 :
1609 1785 1671 1842 Si
1701 1786 1933 1839 dixerint

2032 595 2130 665 qui
2166 588 2343 665 potest
2390 594 2573 664 largiri
2612 608 2733 663 qua:
2768 592 2896 659 justi
2935 584 3156 657 petunt;
3199 588 3268 641 ab
3313 600 3378 641 eo
3434 597 3618 640 autem

2037 690 2128 757 qui
2153 680 2452 743 orationem
2475 703 2505 741 a
2522 687 2670 753 justo
2700 686 2853 754 petit,
2877 685 3056 754 agitur
3078 698 3145 737 cu
3157 698 3203 734 ιιι
3230 695 3356 735 eum
3382 695 3410 732 a
3436 680 3620 749 priore

2037 769 2278 849 nequitia
2311 778 2572 843 abducit,
2608 787 2662 832 et
2700 779 2768 831 ad
2800 778 3057 830 virtutem
3103 773 3448 828 nfectionem
3498 771 3620 838 ejus

2039 870 2320 924 transfert.
2359 868 2583 939 Magnus
2635 867 2947 938 Dionysius,
2990 881 3109 934 cap.
3147 865 3179 919 6
3232 853 3622 918 Eectesiasticte

2032 943 2373 1018 'iiierarcltia:
2418 979 2436 1015 :
2480 959 2832 1015 “enuntiatio
2867 974 2973 1013 non
3022 956 3199 1012 solum
3246 955 3369 1008 vita!
3407 954 3623 1013 divise,

2038 1059 2134 1108 sed
2173 1055 2338 1109 etiam
2390 1052 2804 1121 cogitationum,
2840 1049 2893 1102 in
2926 1046 3192 1102 mandatis
3247 1042 3363 1112 Dei,
3417 1060 3539 1114 quae
3571 1044 3626 1096 in

2039 1161 2206 1200 unum
2262 1136 2595 1207 Conciliaut,
2660 1142 2896 1195 scienter
2957 1152 3110 1199 acta,
3161 1132 3621 1193 absolutissituam

2048 1239 2438 1293 monachorum
2482 1238 2734 1290 virtutem
2761 1246 2815 1288 et
2850 1232 3195 1313 disciplinam
3230 1232 3507 1291 declarat;
3543 1234 3629 1283 est

2042 1331 2214 1395 enim,
2251 1340 2310 1383 ut
2341 1329 2475 1389 dixi,
2504 1344 2609 1382 non
2645 1325 2805 1381 medii
2833 1326 3041 1380 ordinis
3078 1325 3155 1396 (l)
3184 1339 3370 1379 eorum
3404 1324 3495 1391 qui
3521 1321 3626 1375 ini-

2047 1422 2167 1477 tiati
2202 1434 2334 1479 sunt
2368 1423 2636 1492 baptismo
2666 1461 2680 1486 ,
2711 1421 2805 1476 sed
2838 1408 3088 1503 celsioris
3121 1418 3372 1472 unmihus
3417 1414 3630 1473 ordini-

2000 1508 2009 1518 ’
2047 1514 2186 1577 bus;
2216 1516 2571 1583 quamobrem
2607 1514 2774 1567 multa
2809 1529 2876 1569 ex
2909 1514 2972 1567 iis
3011 1526 3130 1581 qua:
3160 1526 3192 1565 ε
3226 1511 3400 1565 medio
3442 1510 3634 1563 ordine

2044 1608 2168 1662 sine
2194 1605 2619 1681 reprehensione
2651 1606 2807 1669 ﬁunt,
2843 1590 3122 1658 monachis
3159 1603 3301 1668 unis,
3330 1612 3384 1657 et
3427 1620 3454 1655 a
3499 1603 3638 1655 divi-

2043 1697 2206 1751 sione
2240 1695 2434 1749 alienis
2470 1696 2696 1750 omnino
2727 1693 3019 1749 interdicta
3052 1704 3197 1748 sunt.
3230 1691 3295 1745 Et
3326 1694 3379 1746 in
3409 1691 3635 1761 cpis‘toia

2045 1787 2112 1841 ad
2144 1786 2502 1842 Colossenses
2535 1782 2840 1841 Pattlus‘ait
2874 1804 2888 1839 :
2928 1786 3179 1840 Docentes
3230 1792 3440 1839 οριιηειιι
3468 1784 3641 1838 hami.

353 1887 485 1941 ini/ti
513 1887 617 1956 ﬁlii
645 1885 818 1939 Israel
840 1902 860 1939 :
883 1883 1013 1950 Quis
1039 1896 1117 1937 est
1164 1884 1256 1952 qui
1302 1890 1352 1934 te
1394 1881 1540 1934 misit
1576 1881 1645 1932 ad
1671 1894 1787 1939 nos,
1816 1876 1944 1946 quid
1979 1877 2022 1932 Β
2051 1895 2164 1932 nem
2193 1879 2249 1931 in
2275 1880 2417 1932 omni
2450 1879 2735 1943 sapientia,
2768 1891 2821 1930 ut
2848 1879 3189 1932 exhibeamus
3235 1895 3437 1933 onmem
3466 1880 3640 1933 homi-

363 1979 685 2048 respondebo
710 1976 825 2032 eis?
868 1978 934 2031 Et
966 1976 1097 2029 dixit
1143 1976 1320 2028 Deus:
1356 1972 1464 2042 Ego
1491 1988 1626 2033 sunt,
1675 1972 1762 2039 qui
1790 1986 1945 2033 sum;

349 2073 446 2142 qui
466 2081 547 2126 est
569 2072 713 2125 misit
740 2087 818 2124 me
847 2071 916 2122 ad
957 2084 1044 2123 vos
1074 2068 1161 2132 ⁸³;
1191 2067 1373 2122 Pater.
1403 2065 1493 2132 qui
1527 2074 1650 2127 est;
1686 2062 1852 2116 Filius
1891 2062 1943 2114 iu

356 2164 631 2236 principio
660 2169 803 2217 erat.
839 2161 894 2214 Si
938 2159 1061 2227 quis
1090 2155 1379 2211 contendit
1408 2156 1593 2210 dicens
1616 2195 1630 2216 ,
1664 2169 1769 2207 non
1807 2154 1946 2205 idem

354 2256 463 2311 dici
504 2255 556 2308 in
608 2252 769 2306 Patre
803 2260 857 2304 et
890 2248 1063 2313 Filio;
1095 2248 1147 2301 in
1174 2246 1336 2300 Patre
1368 2247 1536 2309 enim,
1571 2244 1680 2316 Ego
1709 2261 1824 2297 sum
1857 2245 1949 2312 qui

354 2360 512 2410 sum;
542 2343 594 2396 itt
627 2340 766 2395 Filio
793 2349 997 2403 autem,
1034 2338 1097 2392 In
1127 2337 1390 2407 principio
1412 2345 1528 2389 erat
1558 2352 1579 2390 :
1616 2352 1718 2390 non
1746 2346 1829 2389 est
1852 2351 1948 2388 au-

356 2444 470 2491 tem
500 2434 663 2498 idem,
689 2441 791 2497 est,
828 2443 881 2485 et
907 2441 1043 2493 erat,
1082 2432 1398 2485 demonstro
1431 2427 1848 2498 appellationem
1895 2427 1945 2479 in

359 2521 539 2593 Filio;
571 2526 757 2579 audiat
805 2508 1199 2595 Evangelistam
1243 2523 1515 2576 dicentem
1566 2539 1581 2574 :
1638 2521 1950 2591 Uniyenitus

365 2618 564 2684 Filius,
592 2620 685 2689 qui
707 2631 785 2673 est
822 2618 876 2671 in
905 2619 1025 2672 sinu
1058 2617 1236 2671 Patris
1261 2617 1348 2682 ";
1391 2632 1516 2671 ecce
1542 2631 1707 2669 unam
1756 2629 1938 2667 vocem

368 2712 534 2766 babes
579 2710 924 2780 evangelista:
974 2711 1029 2764 in
1066 2711 1198 2778 estj;
1241 2718 1306 2763 .et
1354 2709 1549 2762 iterum
1603 2706 1895 2775 Apostolus
1932 2723 1948 2759 :

363 2794 609 2869 Quorum
640 2811 814 2871 patres
837 2841 853 2866 ,
885 2816 953 2855 ea:
984 2803 1172 2871 quibus
1223 2800 1466 2854 Christus
1517 2802 1801 2854 secundum
1834 2812 1953 2850 cur:

360 2908 504 2955 rtem,
526 2894 618 2962 qui
658 2904 733 2946 est
763 2908 926 2961 supra
955 2892 1137 2944 omnia
1175 2889 1314 2945 Deus
1341 2889 1642 2944 benedictus
1666 2890 1734 2941 “.
1759 2886 1950 2942 Vidisti

362 2987 641 3053 quatnodo
673 2994 724 3037 te
756 2985 931 3039 munit
955 2982 1214 3049 Joattnes,
1237 2984 1329 3051 qui
1362 2985 1413 3036 in
1435 2983 1543 3036 Deo
1575 2982 1775 3050 posuit,
1797 2979 1953 3043 Erat;

360 3085 422 3130 et
445 3077 496 3129 iu
533 3075 828 3138 creaturis,
868 3072 1042 3128 Facta
1074 3083 1216 3128 sunt.
1253 3072 1366 3153 Nec
1397 3075 1544 3128 enim
1581 3074 1746 3127 Deum
1774 3075 1948 3138 decet,

366 3167 590 3221 Factum
624 3175 723 3233 est,
759 3180 935 3235 neque
955 3175 1266 3227 creaturas,
1302 3164 1455 3219 Erat.
1495 3195 1564 3206 -
1598 3165 1661 3219 In
1693 3165 1952 3233 principio

2050 1984 2166 2021 nem
2188 1969 2477 2038 perfectum
2508 1970 2563 2022 in
2604 1968 2812 2024 Christo
2839 1968 2991 2035 Jesu;
3016 1969 3066 2024 in
3103 1984 3204 2038 quo
3240 1979 3288 2025 et
3317 1958 3504 2024 laboro
3530 1987 3642 2024 cer-
3712 1995 3719 2000 -

2047 2063 2227 2114 tando.
2259 2062 2544 2115 secundum
2589 2062 2948 2129 operationem
2994 2062 3136 2129 ejus,
3183 2076 3342 2126 quam
3393 2070 3639 2129 operatur

2050 2154 2105 2204 in
2136 2168 2214 2205 me
2242 2153 2296 2205 in
2323 2154 2515 2206 virtute
2541 2152 2611 2208 ".
2655 2153 2734 2206 Ex
2773 2154 2855 2206 his
2903 2153 3014 2221 jam
3072 2153 3274 2222 liquet,
3309 2157 3450 2222 quod
3497 2153 3639 2215 Deus

2048 2244 2347 2299 secundum
2382 2260 2564 2307 suam,
2601 2261 2722 2312 qua:
2762 2260 2864 2297 una
2889 2236 3004 2309 est,
3037 2260 3282 2308 causam,
3318 2243 3499 2299 omnia
3526 2240 3641 2297 eiii-

2050 2339 2195 2392 citur
2240 2346 2344 2389 non
2397 2336 2653 2391 recedens
2697 2352 2725 2388 a
2778 2352 2868 2400 se;
2901 2334 3330 2392 demonstratum
3364 2324 3511 2392 enim
3556 2350 3640 2392 est

2052 2443 2159 2482 non
2196 2427 2473 2498 migrando
2495 2428 2664 2492 exi-rc,
2694 2437 2748 2482 et
2776 2427 2965 2482 eodem
2997 2432 3217 2496 reverti,
3245 2444 3349 2485 non
3379 2446 3407 2484 ε
3431 2449 3490 2486 se
3520 2434 3634 2489 dis-

2060 2530 2293 2574 tractum
2339 2520 2391 2574 in
2455 2521 2799 2590 producenda
2849 2531 3143 2587 creatura,
3194 2525 3286 2577 sed
3338 2527 3641 2580 secundum

2052 2628 2277 2668 causam
2310 2626 2471 2666 unam
2512 2613 2867 2682 singularem,
2905 2630 3022 2684 quae
3048 2626 3131 2669 est
3168 2615 3302 2685 ipse,
3326 2617 3505 2671 omnia
3544 2618 3641 2673 lit:

2050 2719 2107 2762 et
2139 2706 2275 2760 nihil
2308 2705 2451 2774 quod
2494 2705 2562 2760 ab
2606 2706 2725 2774 ipso
2753 2707 2810 2760 lit
2847 2717 2902 2760 et
2951 2708 3150 2776 agitur,
3183 2717 3265 2762 est
3313 2712 3431 2763 sine
3481 2726 3640 2764 crea-

2054 2799 2220 2857 tione.
2254 2797 2443 2853 Dicere
2479 2798 2625 2854 enim
2674 2814 2784 2853 non
2818 2813 2939 2852 esse
2978 2807 3226 2853 creatmn
3255 2801 3401 2869 quod
3442 2803 3645 2872 agitur,

2055 2889 2280 2960 perinde
2309 2888 2467 2959 plane
2502 2898 2591 2944 est
2620 2898 2681 2945 ut
2710 2889 2755 2943 si
2788 2891 3034 2948 dicamus
3062 2901 3366 2946 creaturam
3397 2909 3503 2949 non
3526 2910 3650 2949 esse

2054 2990 2399 3048 creaturam;
2426 2983 2569 3051 quod
2592 2983 2737 3036 enim
2767 2982 2966 3052 agitur,
2992 2983 3131 3036 idem
3166 2994 3247 3037 est
3270 3000 3391 3040 cum
3414 3002 3481 3041 eo
3505 2993 3646 3055 quod

2054 3069 2133 3135 iit,
2171 3072 2295 3141 quia
2330 3074 2473 3141 quod
2502 3073 2680 3143 agitur
2704 3072 2783 3139 ﬁt,
2812 3086 2864 3127 et
2897 3072 3036 3142 quod
3064 3072 3121 3127 lit
3152 3073 3363 3146 agitur;
3389 3076 3433 3130 si
3466 3084 3646 3131 autem

2055 3164 2199 3229 quod
2238 3164 2294 3216 lit
2322 3178 2427 3218 non
2465 3174 2548 3218 est
2579 3164 2696 3218 sine
2724 3164 3024 3226 creatione,
3061 3172 3116 3218 et
3147 3168 3287 3234 quod
3317 3166 3499 3234 agitur
3528 3186 3637 3223 nou

364 3268 480 3311 erat
515 3255 761 3323 Verbum,
798 3266 848 3310 et
886 3254 1113 3309 Verbum
1141 3265 1256 3311 erat
1298 3257 1439 3325 apud
1476 3255 1684 3321 Deum;
1718 3265 1771 3311 et
1816 3256 1951 3310 Deus
1976 3236 2023 3302 Ω
2055 3253 2179 3306 sine
2215 3254 2517 3306 creatione.
2547 3253 2735 3318 Quare
2783 3255 2876 3321 qui
2920 3254 3054 3309 dicit
3088 3256 3230 3324 quod
3261 3256 3471 3324 agitur,
3512 3274 3650 3326 quo-

362 3350 482 3401 erat
518 3344 783 3409 Verbum;
809 3345 906 3398 Itoe
929 3355 1041 3399 erat
1069 3346 1123 3398 in
1154 3345 1410 3412 principio
1431 3347 1571 3413 apart
1611 3344 1814 3409 Deum;
1848 3362 1956 3398 ont-

306 3482 309 3483 ν
366 3438 462 3492 nia
495 3453 588 3506 per
612 3439 781 3505 ipsum
815 3435 961 3505 facta
988 3443 1133 3499 sunt,
1159 3445 1209 3488 et
1237 3436 1348 3488 siue
1375 3435 1492 3503 ipso
1525 3435 1729 3503 factum
1752 3445 1843 3487 est.
1862 3435 1949 3487 ni-

366 3528 468 3593 hil,
497 3529 636 3596 quod
680 3527 882 3594 factum
914 3535 1013 3580 est.
1062 3525 1290 3591 Quando
1317 3523 1540 3579 Factum
1577 3535 1679 3589 est,
1716 3527 1953 3593 ponitur,

368 3620 438 3670 ad
471 3612 753 3672 creaturas
778 3618 1085 3681 descendit;
1120 3617 1338 3686 quando
1374 3616 1533 3682 Erat,
1566 3618 1633 3671 ad
1667 3628 1950 3671 auctorem

338 3707 653 3773 ascendit;
691 3718 746 3761 et
777 3716 969 3763 rursus
1014 3706 1138 3761 Vita
1180 3718 1323 3773 erat,
1374 3725 1561 3762 rursus
1610 3708 1851 3762 ascendit
1888 3708 1954 3760 ad

370 3797 679 3853 etl'ectorem
704 3814 719 3863 ;
757 3799 959 3852 scalam
990 3800 1151 3854 hodie
1179 3798 1335 3853 adert
1368 3799 1550 3853 multis
1581 3798 1851 3869 mysteriis
1879 3812 1961 3853 re-

370 3888 604 3944 fertam:
637 3891 854 3959 quando
884 3890 1127 3944 ascendit
1157 3891 1222 3944 ad
1260 3890 1450 3955 Deum,
1484 3889 1641 3952 Erat,
1675 3889 1958 3957 przedicat;

371 3981 591 4049 quando
621 3979 904 4035 descendit
930 3978 994 4033 ad
1031 3990 1310 4036 creaturas
1340 3980 1825 4046 assumitJ‘actam
1858 3989 1961 4044 est;

369 4074 589 4142 quando
617 4073 860 4127 ascendit
893 4075 958 4127 ad
986 4073 1176 4139 Deum,
1205 4074 1423 4144 deponit
1454 4073 1606 4156 illudz
1640 4073 1813 4153 Facta
1838 4080 1963 4129 sunt

370 4175 427 4219 et
457 4161 686 4218 Factum
709 4176 809 4228 est,
847 4175 902 4218 et
941 4166 1105 4220 sumit
1140 4166 1297 4220 Erat.
1338 4167 1569 4221 Sanctus
1600 4166 1872 4222 Maximus
1899 4168 1954 4221 iu

370 4257 616 4310 centuria
652 4264 827 4322 sexta,
855 4269 977 4324 cap.
1003 4255 1074 4309 84
1098 4272 1112 4308 :
1139 4256 1366 4310 Multum
1391 4256 1523 4311 valet
1551 4258 1952 4328 oraliojusti",

368 4364 495 4417 qua:
526 4350 704 4418 agitur
743 4350 859 4404 sive
888 4364 917 4402 a
946 4344 1112 4415 justo,
1149 4351 1242 4418 qui
1294 4365 1414 4404 eam
1447 4352 1703 4416 adhibet,
1739 4352 1852 4407 sive
1885 4354 1955 4407 ab

2063 3345 2437 3413 modocnnque
2481 3356 2699 3414 agatur,
2737 3361 2842 3400 non
2876 3354 3118 3400 creatum
3142 3360 3284 3410 esse,
3312 3363 3377 3401 eo
3411 3351 3557 3404 venit
3588 3360 3649 3402 ut

2060 3437 2206 3491 dit-at
2242 3437 2387 3506 quod
2420 3447 2665 3491 creatum
2685 3446 2768 3491 est
2797 3449 3043 3492 creatum
3079 3455 3182 3492 non
3219 3453 3360 3501 esse,
3383 3450 3475 3493 aut
3499 3441 3645 3510 quod

2059 3536 2146 3580 est
2180 3542 2284 3579 non
2311 3541 2470 3593 esse;
2501 3537 2557 3581 et
2587 3542 2930 3598 quaecunque
2975 3528 3083 3583 alia
3115 3543 3178 3583 ex
3214 3530 3649 3587 contradictione

2061 3628 2386 3691 sequuntur.

2650 3735 2882 3793 CAPUT
2936 3735 3050 3792 Vll.

2062 3844 2215 3910 Quod
2242 3846 2419 3900 nullus
2460 3862 2714 3919 numerus
2761 3850 3008 3913 duarum,
3034 3859 3144 3913 ,απτ
3191 3852 3472 3905 multitudo
3522 3862 3643 3919 post

2132 3931 2408 3989 numerum
2430 3918 2676 3989 quorum,
2718 3930 2808 3973 aut
2839 3921 2988 3972 aliud
3016 3922 3140 3989 quid
3175 3926 3454 3976 secundum
3495 3940 3644 3989 supe-

2136 3987 2247 4061 rius
2286 3996 2337 4039 et
2372 3987 2598 4054 inferius
2632 3991 2940 4057 procedens,
2968 3987 3236 4058 inﬁnitum
3262 4003 3309 4044 et
3344 3993 3457 4047 sine
3487 3987 3643 4061 prin-

2136 4057 2272 4124 cipio
2299 4073 2410 4110 esse
2429 4066 2617 4125 potest.

2136 4169 2364 4241 Magnus
2404 4171 2721 4242 Dionysius,
2756 4150 2928 4242 capite
2953 4174 2986 4228 4
3018 4174 3091 4228 De
3118 4149 3311 4229 divinis
3341 4178 3640 4232 nominibus

2063 4261 2140 4314 ait
2170 4277 2185 4314 :
2213 4262 2402 4331 Utnnis
2435 4278 2698 4318 numerus
2732 4266 2963 4317 duorum
3008 4279 3114 4318 non
3155 4280 3239 4318 est
3270 4266 3593 4334 principium
3622 4282 3637 4329 ς

2064 4345 2242 4408 unitas
2273 4365 2449 4409 autem
2477 4357 2582 4410 erit
2617 4357 2939 4425 principium
2968 4360 3208 4413 omnium
3243 4360 3492 4414 duorum.
3525 4362 3644 4428 Qun

371 4434 502 4500 alio,
530 4435 625 4504 qui
661 4451 779 4490 eam
830 4450 860 4490 a
901 4436 1055 4506 justo
1107 4438 1352 4494 adhiberi
1408 4440 1667 4509 postulat.
1718 4442 1765 4494 A
1808 4442 1958 4512 justo
1993 4430 2116 4516 Din
2148 4445 2266 4500 loco
2298 4454 2521 4501 Sanctus
2551 4445 2821 4503 Maximus
2856 4467 2870 4502 :
2909 4432 2977 4512 ln_
3003 4450 3266 4517 numeris,
3301 4452 3494 4521 inquit,
3536 4453 3643 4505 duo

443 4616 684 4671 "Exod.
716 4630 797 4679 ιιι,
828 4615 933 4676 44.
1002 4598 1434 4682 “learnt-.18.
1510 4618 1945 4699 “Romzlx,5.

2051 4622 2069 4655 '
2120 4616 2237 4678 Jac.
2274 4625 2418 4692 ν,16.
2497 4626 2543 4657 ⁸⁸
2575 4627 2780 4682 Coloss.
2814 4642 2851 4693 ι,
2899 4627 2988 4691 “Ξ8,
3018 4628 3110 4682 “£9.

1893 4741 2174 4804 Scholia.

444 4833 523 4912 (l)
576 4833 702 4892 Non
755 4835 911 4912 medii
950 4833 1201 4912 ordinis._
1236 4835 1465 4890 Medium
1518 4839 1958 4912 ortlinequicit

372 4906 633 4969 [aii-orum
662 4948 676 4969 ,
734 4910 824 4975 qui
878 4917 1002 4959 sum
1058 4906 1328 4971 baptismo
1368 4915 1572 4960 tantum
1614 4908 1847 4970 initiati;
1898 4911 1954 4964 hi

373 4984 518 5039 enim
554 4986 680 5034 sunt
709 4975 867 5030 medii
901 4976 1040 5028 inter
1070 4975 1510 5047 catechumenos,
1534 4977 1623 5043 qbi
1655 4993 1955 5047 purgantur

374 5057 441 5108 ad
493 5049 838 5117 baptismum,
873 5056 927 5098 et
967 5049 1106 5098 inter
1136 5045 1621 5117 cuntmunicantes,
1651 5045 1743 5115 qui
1773 5045 1955 5117 iper“-

372 5116 782 5179 ciuntur.-Suut
826 5127 1005 5168 autem
1044 5116 1317 5175 monachi,
1353 5126 1622 5181 quatenus
1658 5116 1951 5184 monachi,

376 5208 485 5248 nou
515 5188 675 5255 hujus
705 5186 865 5238 medii
901 5187 1108 5238 ordinis
1137 5184 1435 5255 laicorum;
1480 5183 1771 5251 perfectior
1800 5193 1947 5242 enim

373 5273 460 5317 est
483 5254 670 5312 eorum
706 5266 902 5318 status,
927 5271 1089 5323 quam
1122 5254 1403 5309 laicorum.
1440 5257 1492 5308 Id
1521 5257 1664 5321 quod
1702 5256 1850 5311 locus
1873 5261 1954 5313 eis

376 5334 432 5386 itt
470 5328 707 5389 Ecclesia
740 5328 1066 5394 assignatus,
1105 5337 1358 5394 tanquam
1407 5325 1458 5377 in
1495 5328 1742 5392 syntholo
1782 5330 1952 5393 signi-

377 5405 653 5464 ticat;est
699 5399 847 5448 enim
897 5410 1066 5464 prope
1108 5398 1305 5460 jattuas
1358 5396 1546 5462 templi
1601 5395 1955 5463 propinqmor

374 5468 731 5541 populopost
775 5467 1001 5541 eos_qu_i
1050 5464 1841 5541 suntprdiuisecclesiastici,
1893 5479 1954 5521 ut

380 5534 662 5607 Dionysius
703 5536 757 5607 iu
790 5536 1030 5607 cpistola
1082 5539 1146 5588 ad
1199 5534 1574 5601 Demophilqu
1622 5546 1947 5607 monachum

375 5604 598 5678 scripsit
639 5621 655 5658 :
693 5604 957 5678 Ordinem
995 5621 1132 5678 vero
1189 5607 1591 5678 monachorum
1626 5606 1758 5678 dicit
1809 5607 1946 5661 idem

378 5672 669 5748 Dionysius
715 5690 837 5748 esse
880 5674 1159 5728 celsioreut
1193 5674 1448 5734 Oumibus
1479 5672 1788 5748 ordinibus,
1837 5694 1943 5733 non

376 5745 593 5818 quidem
639 5745 928 5800 conferens
965 5761 1087 5798 cum
1138 5759 1259 5797 cum
1301 5748 1588 5818 diaconus,
1637 5747 1728 5812 qui
1783 5750 1939 5814 primi

376 5815 643 5889 purgant;
702 5833 877 5885 neque
919 5831 1039 5868 cum
1088 5816 1433 5883 presbyteris,
1482 5815 1572 5882 qui
1614 5822 1833 5870 secundi
1886 5832 1939 5874 ct

2068 4842 2231 4925 medii
2264 4841 2608 4925 illuminant;
2654 4854 2708 4925 et
2760 4844 2931 4925 multo
2966 4845 3308 4925 minuscum
3369 4851 3660 4925 epismpis'

2066 4912 2159 4978 qui
2188 4912 2333 4964 tertii
2383 4921 2437 4964 et
2489 4913 2684 4966 summi
2723 4916 3044 4982 perﬁciunt;
3076 4918 3168 4969 sed
3205 4932 3324 4970 cum
3359 4912 3644 4980 ordinibus

2062 4995 2247 5057 eorum
2279 4982 2372 5048 qui
2408 4982 2935 5057 a_dlmc_purgantur,
2967 5000 3036 5038 ex.
3065 4985 3260 5052 quibus
3304 4992 3464 5057 primi
3516 5009 3645 5051 sum,

2061 5052 2464 5128 catechumeni,
2511 5051 2616 5128 qui
2648 5066 2949 5128 purgantur
2975 5057 3042 5108 ad
3074 5051 3395 5119 baptismum
3427 5076 3526 5128 per
3550 5084 3645 5119 υς...

2064 5122 2357 5201 techesim;
2391 5124 2616 5200 secundi
2638 5128 2751 5201 qui
2777 5137 2902 5195 sunt
2933 5125 2984 5176 iu
3017 5137 3259 5193 puer-ato,
3283 5130 3372 5196 qui
3406 5122 3642 5201 purga...

2062 5201 2150 5244 tur
2178 5206 2272 5258 per
2301 5192 2604 5245 doctrinam
2635 5192 2931 5264 Scriptut'ie
2959 5192 3186 5258 sancta,
3224 5210 3280 5249 ut
3301 5192 3569 5258 recedant
3611 5227 3642 5262 ει

2060 5264 2513 5342 pecc.tto;_tertii
2544 5274 2669 5342 sunt
2726 5266 3127 5342 cuergumeni,
3175 5269 3277 5342 qui
3340 5285 3628 5341 purgant".

2056 5334 2395 5393 esttrcis‘tttis,
2420 5341 2476 5383 ut
2492 5334 2740 5386 resistant
2766 5334 2980 5386 l'ot'tlter
3009 5335 3243 5395 diabolo,
3264 5348 3318 5390 et
3340 5334 3640 5399 temptabit,-

2056 5400 2214 5473 ejus;
2250 5402 2430 5468 quarti
2479 5413 2603 5455 sunt
2632 5407 2719 5469 qui
2748 5414 2874 5455 sunt
2907 5406 2957 5479 in
3007 5411 3351 5471 ptbuitcnttu,
3383 5413 3472 5475 qui
3512 5429 3642 5479 pur-

2056 5484 2272 5537 gantur,
2302 5484 2357 5523 ut
2390 5488 2494 5525 non
2524 5484 2868 5542 revertantur
2895 5475 2961 5527 ad
2994 5488 3312 5542 peccatum;
3341 5479 3425 5529 his
3460 5475 3644 5533 enim.

2056 5544 2158 5620 ltus
2207 5542 2502 5624 ordinibus
2536 5541 2861 5622 pcrl‘cctton
2893 5555 2975 5595 est
2996 5541 3155 5624 ’prdo
3209 5550 3592 5624 monachorum
3620 5595 3639 5624 δ

2054 5611 2268 5691 quiaut
2296 5614 2544 5664 monachi
2581 5624 2727 5691 sunt,
2763 5614 2975 5667 ratione
3023 5615 3251 5667 instituti
3301 5621 3586 5691 inultastici

2056 5682 2252 5733 mortui
2288 5694 2418 5734 sunt
2448 5685 2666 5745 mundo,
2704 5693 2759 5735 ct
2807 5698 3026 5737 carnem
3059 5700 3213 5740 suam
3249 5701 3369 5738 cum
3398 5687 3554 5744 vitiis
3583 5682 3645 5751 ei

2050 5753 2509 5820 concupiscentiis
2535 5764 2945 5808 ct'utttttcruut.
3111 5801 3125 5811 .
3558 5765 3581 5784 ‘
