  <div class='ocr_page' id='page_1' title='image "/cluster/home/n/w/nwhite01/storage/ocr_20150623/152/coo.31924054870575/463.png"; bbox 0 0 4048 6428; ppageno 0'>
   <div class='ocr_carea' id='block_1_1' title="bbox 495 393 598 466">
    <p class='ocr_par' dir='ltr' id='par_1_1' title="bbox 495 393 598 466">
     <span class='ocr_line' id='line_1_1' title="bbox 495 393 598 466; baseline 0 0"><span class='ocrx_word' id='word_1_1' title='bbox 495 393 598 466; x_wconf 68' lang='lat' dir='ltr'><strong>illi</strong></span> 
     </span>
    </p>
   </div>
   <div class='ocr_carea' id='block_1_2' title="bbox 1689 388 2618 466">
    <p class='ocr_par' dir='ltr' id='par_1_2' title="bbox 1689 388 2618 466">
     <span class='ocr_line' id='line_1_2' title="bbox 1689 388 2618 466; baseline 0.002 -3"><span class='ocrx_word' id='word_1_2' title='bbox 1689 392 2011 463; x_wconf 77' lang='lat' dir='ltr'><strong>JOANNIs</strong></span> <span class='ocrx_word' id='word_1_3' title='bbox 2045 388 2618 466; x_wconf 63' lang='lat' dir='ltr'><strong>cvpant‘ssm&#39;rzti</strong></span> 
     </span>
    </p>
   </div>
   <div class='ocr_carea' id='block_1_3' title="bbox 3647 392 3757 472">
    <p class='ocr_par' dir='ltr' id='par_1_3' title="bbox 3647 392 3757 472">
     <span class='ocr_line' id='line_1_3' title="bbox 3647 392 3757 472; baseline 0 -1"><span class='ocrx_word' id='word_1_4' title='bbox 3647 392 3757 472; x_wconf 64' lang='lat' dir='ltr'><strong>illi</strong></span> 
     </span>
    </p>
   </div>
   <div class='ocr_carea' id='block_1_4' title="bbox 495 517 3756 593">
    <p class='ocr_par' dir='ltr' id='par_1_4' title="bbox 495 517 3756 593">
     <span class='ocr_line' id='line_1_4' title="bbox 495 517 3756 593; baseline 0.002 -21"><span class='ocrx_word' id='word_1_5' title='bbox 495 518 913 584; x_wconf 73' lang='lat' dir='ltr'><strong>multitudinem,</strong></span> <span class='ocrx_word' id='word_1_6' title='bbox 944 532 1059 588; x_wconf 83' lang='lat' dir='ltr'><strong>quae</strong></span> <span class='ocrx_word' id='word_1_7' title='bbox 1085 519 1137 573; x_wconf 92' lang='lat' dir='ltr'><strong>in</strong></span> <span class='ocrx_word' id='word_1_8' title='bbox 1169 518 1410 575; x_wconf 87' lang='lat' dir='ltr'><strong>numeris</strong></span> <span class='ocrx_word' id='word_1_9' title='bbox 1441 518 1764 574; x_wconf 82' lang='lat' dir='ltr'><strong>divisionem</strong></span> <span class='ocrx_word' id='word_1_10' title='bbox 1790 518 1973 580; x_wconf 88' lang='lat' dir='ltr'><strong>habet,</strong></span> <span class='ocrx_word' id='word_1_11' title='bbox 2005 518 2071 572; x_wconf 89' lang='lat' dir='ltr'><strong>ad</strong></span> <span class='ocrx_word' id='word_1_12' title='bbox 2102 525 2148 581; x_wconf 80' lang='grc' dir='ltr'><strong>Α</strong></span> <span class='ocrx_word' id='word_1_13' title='bbox 2177 519 2427 590; x_wconf 87' lang='lat' dir='ltr'><strong>cogitari,</strong></span> <span class='ocrx_word' id='word_1_14' title='bbox 2471 519 2563 574; x_wconf 88' lang='lat' dir='ltr'><strong>sed</strong></span> <span class='ocrx_word' id='word_1_15' title='bbox 2599 517 2778 590; x_wconf 92' lang='lat' dir='ltr'><strong>potius</strong></span> <span class='ocrx_word' id='word_1_16' title='bbox 2825 527 3066 589; x_wconf 79' lang='lat' dir='ltr'><strong>potestas</strong></span> <span class='ocrx_word' id='word_1_17' title='bbox 3114 521 3357 590; x_wconf 56' lang='lat' dir='ltr'><strong>quaedam</strong></span> <span class='ocrx_word' id='word_1_18' title='bbox 3403 537 3598 593; x_wconf 79' lang='lat' dir='ltr'><strong>expers</strong></span> <span class='ocrx_word' id='word_1_19' title='bbox 3629 541 3756 593; x_wconf 83' lang='lat' dir='ltr'><strong>par-</strong></span> 
     </span>
    </p>
   </div>
   <div class='ocr_carea' id='block_1_5' title="bbox 496 611 2074 682">
    <p class='ocr_par' dir='ltr' id='par_1_5' title="bbox 496 611 2074 682">
     <span class='ocr_line' id='line_1_5' title="bbox 496 611 2074 682; baseline -0.001 -18"><span class='ocrx_word' id='word_1_20' title='bbox 496 612 656 666; x_wconf 82' lang='lat' dir='ltr'><strong>ﬁnem</strong></span> <span class='ocrx_word' id='word_1_21' title='bbox 691 613 913 674; x_wconf 90' lang='lat' dir='ltr'><strong>ducunt,</strong></span> <span class='ocrx_word' id='word_1_22' title='bbox 948 612 1121 680; x_wconf 87' lang='lat' dir='ltr'><strong>posita</strong></span> <span class='ocrx_word' id='word_1_23' title='bbox 1157 611 1374 680; x_wconf 89' lang='lat' dir='ltr'><strong>quidem</strong></span> <span class='ocrx_word' id='word_1_24' title='bbox 1408 612 1615 666; x_wconf 90' lang='lat' dir='ltr'><strong>unitate</strong></span> <span class='ocrx_word' id='word_1_25' title='bbox 1655 612 1925 682; x_wconf 91' lang='lat' dir='ltr'><strong>principio</strong></span> <span class='ocrx_word' id='word_1_26' title='bbox 1955 626 2074 666; x_wconf 90' lang='lat' dir='ltr'><strong>om-</strong></span> 
     </span>
    </p>
   </div>
   <div class='ocr_carea' id='block_1_6' title="bbox 495 703 2072 774">
    <p class='ocr_par' dir='ltr' id='par_1_6' title="bbox 495 703 2072 774">
     <span class='ocr_line' id='line_1_6' title="bbox 495 703 2072 774; baseline 0 -17"><span class='ocrx_word' id='word_1_27' title='bbox 495 705 578 758; x_wconf 89' lang='lat' dir='ltr'><strong>nis</strong></span> <span class='ocrx_word' id='word_1_28' title='bbox 612 706 855 768; x_wconf 86' lang='lat' dir='ltr'><strong>numeri;</strong></span> <span class='ocrx_word' id='word_1_29' title='bbox 888 704 1099 759; x_wconf 90' lang='lat' dir='ltr'><strong>duobus</strong></span> <span class='ocrx_word' id='word_1_30' title='bbox 1137 716 1264 757; x_wconf 87' lang='lat' dir='ltr'><strong>vero</strong></span> <span class='ocrx_word' id='word_1_31' title='bbox 1313 705 1506 772; x_wconf 77' lang='lat' dir='ltr'><strong>positis</strong></span> <span class='ocrx_word' id='word_1_32' title='bbox 1547 703 1815 774; x_wconf 89' lang='lat' dir='ltr'><strong>principio</strong></span> <span class='ocrx_word' id='word_1_33' title='bbox 1863 703 2072 758; x_wconf 92' lang='lat' dir='ltr'><strong>numeri</strong></span> 
     </span>
    </p>
   </div>
   <div class='ocr_carea' id='block_1_7' title="bbox 495 796 2070 866">
    <p class='ocr_par' dir='ltr' id='par_1_7' title="bbox 495 796 2070 866">
     <span class='ocr_line' id='line_1_7' title="bbox 495 796 2070 866; baseline 0 -17"><span class='ocrx_word' id='word_1_34' title='bbox 495 797 663 866; x_wconf 85' lang='lat' dir='ltr'><strong>paris.</strong></span> <span class='ocrx_word' id='word_1_35' title='bbox 698 797 753 850; x_wconf 89' lang='lat' dir='ltr'><strong>Si</strong></span> <span class='ocrx_word' id='word_1_36' title='bbox 809 797 972 865; x_wconf 89' lang='lat' dir='ltr'><strong>igitur</strong></span> <span class='ocrx_word' id='word_1_37' title='bbox 1005 797 1332 865; x_wconf 86' lang='lat' dir='ltr'><strong>principium</strong></span> <span class='ocrx_word' id='word_1_38' title='bbox 1383 796 1654 866; x_wconf 90' lang='lat' dir='ltr'><strong>signiﬁcat</strong></span> <span class='ocrx_word' id='word_1_39' title='bbox 1700 797 1844 866; x_wconf 89' lang='lat' dir='ltr'><strong>quod</strong></span> <span class='ocrx_word' id='word_1_40' title='bbox 1889 806 1971 852; x_wconf 89' lang='lat' dir='ltr'><strong>est</strong></span> <span class='ocrx_word' id='word_1_41' title='bbox 2019 797 2070 850; x_wconf 93' lang='lat' dir='ltr'><strong>in</strong></span> 
     </span>
    </p>
   </div>
   <div class='ocr_carea' id='block_1_8' title="bbox 500 887 2075 958">
    <p class='ocr_par' dir='ltr' id='par_1_8' title="bbox 500 887 2075 958">
     <span class='ocr_line' id='line_1_8' title="bbox 500 887 2075 958; baseline 0 -18"><span class='ocrx_word' id='word_1_42' title='bbox 500 903 827 958; x_wconf 88' lang='lat' dir='ltr'><strong>unoquoque</strong></span> <span class='ocrx_word' id='word_1_43' title='bbox 854 901 1051 955; x_wconf 80' lang='lat' dir='ltr'><strong>genere</strong></span> <span class='ocrx_word' id='word_1_44' title='bbox 1079 887 1568 958; x_wconf 88' lang='lat' dir='ltr'><strong>simplicissimum,</strong></span> <span class='ocrx_word' id='word_1_45' title='bbox 1591 890 1860 957; x_wconf 90' lang='lat' dir='ltr'><strong>quomodo</strong></span> <span class='ocrx_word' id='word_1_46' title='bbox 1885 903 2075 941; x_wconf 71' lang='lat' dir='ltr'><strong>nume-</strong></span> 
     </span>
    </p>
   </div>
   <div class='ocr_carea' id='block_1_9' title="bbox 500 977 2072 1048">
    <p class='ocr_par' dir='ltr' id='par_1_9' title="bbox 500 977 2072 1048">
     <span class='ocr_line' id='line_1_9' title="bbox 500 977 2072 1048; baseline -0.002 -16"><span class='ocrx_word' id='word_1_47' title='bbox 500 995 593 1034; x_wconf 91' lang='lat' dir='ltr'><strong>rus</strong></span> <span class='ocrx_word' id='word_1_48' title='bbox 644 981 870 1033; x_wconf 91' lang='lat' dir='ltr'><strong>duorum</strong></span> <span class='ocrx_word' id='word_1_49' title='bbox 919 983 1025 1034; x_wconf 91' lang='lat' dir='ltr'><strong>erit</strong></span> <span class='ocrx_word' id='word_1_50' title='bbox 1069 977 1393 1048; x_wconf 85' lang='lat' dir='ltr'><strong>principium</strong></span> <span class='ocrx_word' id='word_1_51' title='bbox 1429 978 1718 1034; x_wconf 86' lang='lat' dir='ltr'><strong>omnium?</strong></span> <span class='ocrx_word' id='word_1_52' title='bbox 1764 977 1882 1032; x_wconf 85' lang='lat' dir='ltr'><strong>Non</strong></span> <span class='ocrx_word' id='word_1_53' title='bbox 1927 979 2072 1031; x_wconf 90' lang='lat' dir='ltr'><strong>enim</strong></span> 
     </span>
    </p>
   </div>
   <div class='ocr_carea' id='block_1_10' title="bbox 498 1069 2073 1151">
    <p class='ocr_par' dir='ltr' id='par_1_10' title="bbox 498 1069 2073 1151">
     <span class='ocr_line' id='line_1_10' title="bbox 498 1069 2073 1151; baseline -0.001 -28"><span class='ocrx_word' id='word_1_54' title='bbox 498 1086 759 1125; x_wconf 89' lang='lat' dir='ltr'><strong>numerus</strong></span> <span class='ocrx_word' id='word_1_55' title='bbox 786 1072 1015 1124; x_wconf 90' lang='lat' dir='ltr'><strong>duorum</strong></span> <span class='ocrx_word' id='word_1_56' title='bbox 1045 1071 1370 1151; x_wconf 71' lang='lat' dir='ltr'><strong>principium</strong></span> <span class='ocrx_word' id='word_1_57' title='bbox 1401 1069 1624 1137; x_wconf 75' lang='lat' dir='ltr'><strong>simplex</strong></span> <span class='ocrx_word' id='word_1_58' title='bbox 1659 1079 1761 1135; x_wconf 88' lang='lat' dir='ltr'><strong>est,</strong></span> <span class='ocrx_word' id='word_1_59' title='bbox 1796 1071 1890 1124; x_wconf 88' lang='lat' dir='ltr'><strong>sed</strong></span> <span class='ocrx_word' id='word_1_60' title='bbox 1925 1086 2073 1124; x_wconf 86' lang='lat' dir='ltr'><strong>com-</strong></span> 
     </span>
    </p>
   </div>
   <div class='ocr_carea' id='block_1_11' title="bbox 498 1161 2076 1232">
    <p class='ocr_par' dir='ltr' id='par_1_11' title="bbox 498 1161 2076 1232">
     <span class='ocr_line' id='line_1_11' title="bbox 498 1161 2076 1232; baseline -0.001 -16"><span class='ocrx_word' id='word_1_61' title='bbox 498 1164 757 1232; x_wconf 88' lang='lat' dir='ltr'><strong>positum,</strong></span> <span class='ocrx_word' id='word_1_62' title='bbox 803 1163 1130 1232; x_wconf 87' lang='lat' dir='ltr'><strong>principium</strong></span> <span class='ocrx_word' id='word_1_63' title='bbox 1179 1161 1343 1232; x_wconf 79' lang='lat' dir='ltr'><strong>igitur</strong></span> <span class='ocrx_word' id='word_1_64' title='bbox 1392 1176 1458 1215; x_wconf 80' lang='lat' dir='ltr'><strong>ex</strong></span> <span class='ocrx_word' id='word_1_65' title='bbox 1509 1161 1903 1228; x_wconf 84' lang='lat' dir='ltr'><strong>compositione</strong></span> <span class='ocrx_word' id='word_1_66' title='bbox 1947 1176 2076 1215; x_wconf 87' lang='lat' dir='ltr'><strong>con-</strong></span> 
     </span>
    </p>
   </div>
   <div class='ocr_carea' id='block_1_12' title="bbox 495 1251 2076 1322">
    <p class='ocr_par' dir='ltr' id='par_1_12' title="bbox 495 1251 2076 1322">
     <span class='ocr_line' id='line_1_12' title="bbox 495 1251 2076 1322; baseline -0.003 -14"><span class='ocrx_word' id='word_1_67' title='bbox 495 1264 666 1318; x_wconf 85' lang='lat' dir='ltr'><strong>stans,</strong></span> <span class='ocrx_word' id='word_1_68' title='bbox 701 1269 807 1307; x_wconf 91' lang='lat' dir='ltr'><strong>non</strong></span> <span class='ocrx_word' id='word_1_69' title='bbox 839 1267 920 1308; x_wconf 86' lang='lat' dir='ltr'><strong>est</strong></span> <span class='ocrx_word' id='word_1_70' title='bbox 951 1253 1206 1322; x_wconf 83' lang='lat' dir='ltr'><strong>simplex,</strong></span> <span class='ocrx_word' id='word_1_71' title='bbox 1232 1267 1286 1308; x_wconf 91' lang='lat' dir='ltr'><strong>et</strong></span> <span class='ocrx_word' id='word_1_72' title='bbox 1312 1251 1584 1322; x_wconf 91' lang='lat' dir='ltr'><strong>quomodo</strong></span> <span class='ocrx_word' id='word_1_73' title='bbox 1614 1252 1891 1306; x_wconf 82' lang='lat' dir='ltr'><strong>vocabitur</strong></span> <span class='ocrx_word' id='word_1_74' title='bbox 1927 1251 2076 1321; x_wconf 91' lang='lat' dir='ltr'><strong>priu-</strong></span> 
     </span>
    </p>
   </div>
   <div class='ocr_carea' id='block_1_13' title="bbox 492 1343 2076 1417">
    <p class='ocr_par' dir='ltr' id='par_1_13' title="bbox 492 1343 2076 1417">
     <span class='ocr_line' id='line_1_13' title="bbox 492 1343 2076 1417; baseline -0.003 -16"><span class='ocrx_word' id='word_1_75' title='bbox 492 1348 732 1416; x_wconf 86' lang='lat' dir='ltr'><strong>cipium?</strong></span> <span class='ocrx_word' id='word_1_76' title='bbox 761 1347 915 1417; x_wconf 57' lang='lat' dir='ltr'><strong>;Aute</strong></span> <span class='ocrx_word' id='word_1_77' title='bbox 960 1346 1287 1416; x_wconf 88' lang='lat' dir='ltr'><strong>principium</strong></span> <span class='ocrx_word' id='word_1_78' title='bbox 1335 1347 1481 1414; x_wconf 81' lang='lat' dir='ltr'><strong>enim</strong></span> <span class='ocrx_word' id='word_1_79' title='bbox 1527 1345 1918 1414; x_wconf 89' lang='lat' dir='ltr'><strong>compositum,</strong></span> <span class='ocrx_word' id='word_1_80' title='bbox 1973 1343 2076 1397; x_wconf 87' lang='lat' dir='ltr'><strong>erit</strong></span> 
     </span>
    </p>
   </div>
   <div class='ocr_carea' id='block_1_14' title="bbox 488 1437 2077 1510">
    <p class='ocr_par' dir='ltr' id='par_1_14' title="bbox 488 1437 2077 1510">
     <span class='ocr_line' id='line_1_14' title="bbox 488 1437 2077 1510; baseline -0.004 -17"><span class='ocrx_word' id='word_1_81' title='bbox 488 1441 710 1510; x_wconf 86' lang='lat' dir='ltr'><strong>proprie</strong></span> <span class='ocrx_word' id='word_1_82' title='bbox 741 1438 1069 1509; x_wconf 88' lang='lat' dir='ltr'><strong>principium</strong></span> <span class='ocrx_word' id='word_1_83' title='bbox 1116 1439 1319 1503; x_wconf 90' lang='lat' dir='ltr'><strong>unitas,</strong></span> <span class='ocrx_word' id='word_1_84' title='bbox 1347 1453 1410 1493; x_wconf 80' lang='lat' dir='ltr'><strong>ex</strong></span> <span class='ocrx_word' id='word_1_85' title='bbox 1441 1454 1568 1508; x_wconf 77' lang='lat' dir='ltr'><strong>qua,</strong></span> <span class='ocrx_word' id='word_1_86' title='bbox 1601 1437 1902 1492; x_wconf 88' lang='lat' dir='ltr'><strong>unitatihus</strong></span> <span class='ocrx_word' id='word_1_87' title='bbox 1929 1450 2077 1489; x_wconf 89' lang='lat' dir='ltr'><strong>com-</strong></span> 
     </span>
    </p>
   </div>
   <div class='ocr_carea' id='block_1_15' title="bbox 491 1513 2076 1599">
    <p class='ocr_par' dir='ltr' id='par_1_15' title="bbox 491 1513 2076 1599">
     <span class='ocr_line' id='line_1_15' title="bbox 491 1513 2076 1599; baseline -0.003 -17"><span class='ocrx_word' id='word_1_88' title='bbox 491 1531 709 1599; x_wconf 89' lang='lat' dir='ltr'><strong>positis,</strong></span> <span class='ocrx_word' id='word_1_89' title='bbox 742 1529 992 1584; x_wconf 80' lang='lat' dir='ltr'><strong>confecta</strong></span> <span class='ocrx_word' id='word_1_90' title='bbox 1024 1513 1152 1585; x_wconf 63' lang='lat' dir='ltr'><strong>sunt</strong></span> <span class='ocrx_word' id='word_1_91' title='bbox 1199 1529 1336 1593; x_wconf 90' lang='lat' dir='ltr'><strong>duo;</strong></span> <span class='ocrx_word' id='word_1_92' title='bbox 1371 1530 1609 1597; x_wconf 84' lang='lat' dir='ltr'><strong>undique</strong></span> <span class='ocrx_word' id='word_1_93' title='bbox 1657 1528 1818 1597; x_wconf 79' lang='lat' dir='ltr'><strong>igitur</strong></span> <span class='ocrx_word' id='word_1_94' title='bbox 1849 1524 2076 1579; x_wconf 84' lang='lat' dir='ltr'><strong>manife-</strong></span> 
     </span>
    </p>
   </div>
   <div class='ocr_carea' id='block_1_16' title="bbox 492 1617 2076 1690">
    <p class='ocr_par' dir='ltr' id='par_1_16' title="bbox 492 1617 2076 1690">
     <span class='ocr_line' id='line_1_16' title="bbox 492 1617 2076 1690; baseline -0.003 -14"><span class='ocrx_word' id='word_1_95' title='bbox 492 1633 635 1676; x_wconf 84' lang='lat' dir='ltr'><strong>stum</strong></span> <span class='ocrx_word' id='word_1_96' title='bbox 667 1631 748 1675; x_wconf 89' lang='lat' dir='ltr'><strong>est</strong></span> <span class='ocrx_word' id='word_1_97' title='bbox 785 1636 888 1675; x_wconf 89' lang='lat' dir='ltr'><strong>non</strong></span> <span class='ocrx_word' id='word_1_98' title='bbox 918 1636 1038 1675; x_wconf 90' lang='lat' dir='ltr'><strong>esse</strong></span> <span class='ocrx_word' id='word_1_99' title='bbox 1067 1621 1390 1690; x_wconf 84' lang='lat' dir='ltr'><strong>principium</strong></span> <span class='ocrx_word' id='word_1_100' title='bbox 1427 1634 1708 1674; x_wconf 88' lang='lat' dir='ltr'><strong>numerum</strong></span> <span class='ocrx_word' id='word_1_101' title='bbox 1739 1621 1984 1686; x_wconf 81' lang='lat' dir='ltr'><strong>duorum.</strong></span> <span class='ocrx_word' id='word_1_102' title='bbox 2009 1617 2076 1671; x_wconf 88' lang='lat' dir='ltr'><strong>Et</strong></span> 
     </span>
    </p>
   </div>
   <div class='ocr_carea' id='block_1_17' title="bbox 492 1699 2076 1785">
    <p class='ocr_par' dir='ltr' id='par_1_17' title="bbox 492 1699 2076 1785">
     <span class='ocr_line' id='line_1_17' title="bbox 492 1699 2076 1785; baseline -0.003 -17"><span class='ocrx_word' id='word_1_103' title='bbox 492 1721 682 1769; x_wconf 74' lang='lat' dir='ltr'><strong>rursus</strong></span> <span class='ocrx_word' id='word_1_104' title='bbox 712 1715 853 1768; x_wconf 91' lang='lat' dir='ltr'><strong>idem</strong></span> <span class='ocrx_word' id='word_1_105' title='bbox 890 1715 941 1768; x_wconf 91' lang='lat' dir='ltr'><strong>in</strong></span> <span class='ocrx_word' id='word_1_106' title='bbox 984 1714 1104 1767; x_wconf 88' lang='lat' dir='ltr'><strong>aliis</strong></span> <span class='ocrx_word' id='word_1_107' title='bbox 1133 1728 1150 1769; x_wconf 86' lang='lat'><strong>:</strong></span> <span class='ocrx_word' id='word_1_108' title='bbox 1181 1714 1294 1768; x_wconf 87' lang='lat' dir='ltr'><strong>Non</strong></span> <span class='ocrx_word' id='word_1_109' title='bbox 1327 1724 1537 1785; x_wconf 84' lang='lat' dir='ltr'><strong>pptest,</strong></span> <span class='ocrx_word' id='word_1_110' title='bbox 1577 1713 1782 1781; x_wconf 88' lang='lat' dir='ltr'><strong>inquit,</strong></span> <span class='ocrx_word' id='word_1_111' title='bbox 1815 1699 2076 1765; x_wconf 79' lang='lat' dir='ltr'><strong>nunterns</strong></span> 
     </span>
    </p>
   </div>
   <div class='ocr_carea' id='block_1_18' title="bbox 493 1806 2075 1874">
    <p class='ocr_par' dir='ltr' id='par_1_18' title="bbox 493 1806 2075 1874">
     <span class='ocr_line' id='line_1_18' title="bbox 493 1806 2075 1874; baseline -0.003 -14"><span class='ocrx_word' id='word_1_112' title='bbox 493 1809 720 1862; x_wconf 86' lang='lat' dir='ltr'><strong>duorum</strong></span> <span class='ocrx_word' id='word_1_113' title='bbox 754 1825 874 1863; x_wconf 87' lang='lat' dir='ltr'><strong>esse</strong></span> <span class='ocrx_word' id='word_1_114' title='bbox 907 1808 1183 1874; x_wconf 87' lang='lat' dir='ltr'><strong>inﬁnitus;</strong></span> <span class='ocrx_word' id='word_1_115' title='bbox 1221 1816 1454 1863; x_wconf 86' lang='lat' dir='ltr'><strong>unltates</strong></span> <span class='ocrx_word' id='word_1_116' title='bbox 1484 1808 1626 1862; x_wconf 89' lang='lat' dir='ltr'><strong>enim</strong></span> <span class='ocrx_word' id='word_1_117' title='bbox 1679 1807 1799 1874; x_wconf 82' lang='lat' dir='ltr'><strong>ejus</strong></span> <span class='ocrx_word' id='word_1_118' title='bbox 1846 1806 1986 1858; x_wconf 84' lang='lat' dir='ltr'><strong>inter</strong></span> <span class='ocrx_word' id='word_1_119' title='bbox 2016 1817 2075 1857; x_wconf 88' lang='lat' dir='ltr'><strong>se</strong></span> 
     </span>
    </p>
   </div>
   <div class='ocr_carea' id='block_1_19' title="bbox 2187 611 3756 686">
    <p class='ocr_par' dir='ltr' id='par_1_19' title="bbox 2187 611 3756 686">
     <span class='ocr_line' id='line_1_19' title="bbox 2187 611 3756 686; baseline 0.006 -22"><span class='ocrx_word' id='word_1_120' title='bbox 2187 613 2320 666; x_wconf 91' lang='lat' dir='ltr'><strong>tium</strong></span> <span class='ocrx_word' id='word_1_121' title='bbox 2368 623 2421 666; x_wconf 89' lang='lat' dir='ltr'><strong>et</strong></span> <span class='ocrx_word' id='word_1_122' title='bbox 2460 611 2869 682; x_wconf 83' lang='lat' dir='ltr'><strong>compositiOnis</strong></span> <span class='ocrx_word' id='word_1_123' title='bbox 2901 614 3227 684; x_wconf 79' lang='lat' dir='ltr'><strong>cogitatione</strong></span> <span class='ocrx_word' id='word_1_124' title='bbox 3257 618 3756 686; x_wconf 76' lang='lat' dir='ltr'><strong>cmnprehenditur,</strong></span> 
     </span>
    </p>
   </div>
   <div class='ocr_carea' id='block_1_20' title="bbox 2179 705 3757 776">
    <p class='ocr_par' dir='ltr' id='par_1_20' title="bbox 2179 705 3757 776">
     <span class='ocr_line' id='line_1_20' title="bbox 2179 705 3757 776; baseline 0.007 -20"><span class='ocrx_word' id='word_1_125' title='bbox 2179 706 2450 773; x_wconf 84' lang='lat' dir='ltr'><strong>quomodo</strong></span> <span class='ocrx_word' id='word_1_126' title='bbox 2466 705 2661 773; x_wconf 82' lang='lat' dir='ltr'><strong>aliquis</strong></span> <span class='ocrx_word' id='word_1_127' title='bbox 2683 705 2811 760; x_wconf 88' lang='lat' dir='ltr'><strong>etin</strong></span> <span class='ocrx_word' id='word_1_128' title='bbox 2842 705 3113 776; x_wconf 82' lang='lat' dir='ltr'><strong>aliquibus</strong></span> <span class='ocrx_word' id='word_1_129' title='bbox 3139 707 3260 761; x_wconf 90' lang='lat' dir='ltr'><strong>aliis</strong></span> <span class='ocrx_word' id='word_1_130' title='bbox 3290 708 3648 764; x_wconf 80' lang='lat' dir='ltr'><strong>diﬁ&#39;erentiam</strong></span> <span class='ocrx_word' id='word_1_131' title='bbox 3669 728 3757 766; x_wconf 88' lang='lat' dir='ltr'><strong>se-</strong></span> 
     </span>
    </p>
   </div>
   <div class='ocr_carea' id='block_1_21' title="bbox 2182 796 3758 869">
    <p class='ocr_par' dir='ltr' id='par_1_21' title="bbox 2182 796 3758 869">
     <span class='ocr_line' id='line_1_21' title="bbox 2182 796 3758 869; baseline 0.008 -20"><span class='ocrx_word' id='word_1_132' title='bbox 2182 797 2414 850; x_wconf 91' lang='lat' dir='ltr'><strong>cundum</strong></span> <span class='ocrx_word' id='word_1_133' title='bbox 2460 796 2578 866; x_wconf 92' lang='lat' dir='ltr'><strong>plus</strong></span> <span class='ocrx_word' id='word_1_134' title='bbox 2609 807 2664 850; x_wconf 89' lang='lat' dir='ltr'><strong>et</strong></span> <span class='ocrx_word' id='word_1_135' title='bbox 2701 799 2880 852; x_wconf 83' lang='lat' dir='ltr'><strong>minus</strong></span> <span class='ocrx_word' id='word_1_136' title='bbox 2912 799 3205 868; x_wconf 74' lang='lat' dir='ltr'><strong>intelligere</strong></span> <span class='ocrx_word' id='word_1_137' title='bbox 3241 802 3476 869; x_wconf 69' lang='lat' dir='ltr'><strong>poterit!</strong></span> <span class='ocrx_word' id='word_1_138' title='bbox 3521 802 3758 861; x_wconf 89' lang='lat' dir='ltr'><strong>Omnino</strong></span> 
     </span>
    </p>
   </div>
   <div class='ocr_carea' id='block_1_22' title="bbox 2185 890 3757 966">
    <p class='ocr_par' dir='ltr' id='par_1_22' title="bbox 2185 890 3757 966">
     <span class='ocr_line' id='line_1_22' title="bbox 2185 890 3757 966; baseline 0.006 -26"><span class='ocrx_word' id='word_1_139' title='bbox 2185 903 2410 944; x_wconf 88' lang='lat' dir='ltr'><strong>necesse</strong></span> <span class='ocrx_word' id='word_1_140' title='bbox 2439 897 2542 954; x_wconf 89' lang='lat' dir='ltr'><strong>est,</strong></span> <span class='ocrx_word' id='word_1_141' title='bbox 2572 899 2630 942; x_wconf 87' lang='lat' dir='ltr'><strong>ut</strong></span> <span class='ocrx_word' id='word_1_142' title='bbox 2655 890 2746 958; x_wconf 89' lang='lat' dir='ltr'><strong>qui</strong></span> <span class='ocrx_word' id='word_1_143' title='bbox 2780 891 2892 945; x_wconf 67' lang='lat' dir='ltr'><strong>haec</strong></span> <span class='ocrx_word' id='word_1_144' title='bbox 2922 891 3123 944; x_wconf 89' lang='lat' dir='ltr'><strong>variata</strong></span> <span class='ocrx_word' id='word_1_145' title='bbox 3165 908 3288 948; x_wconf 89' lang='lat' dir='ltr'><strong>esse</strong></span> <span class='ocrx_word' id='word_1_146' title='bbox 3317 893 3596 963; x_wconf 86' lang='lat' dir='ltr'><strong>dijudicat,</strong></span> <span class='ocrx_word' id='word_1_147' title='bbox 3624 913 3757 966; x_wconf 83' lang='lat' dir='ltr'><strong>qua-</strong></span> 
     </span>
    </p>
   </div>
   <div class='ocr_carea' id='block_1_23' title="bbox 2185 975 3758 1055">
    <p class='ocr_par' dir='ltr' id='par_1_23' title="bbox 2185 975 3758 1055">
     <span class='ocr_line' id='line_1_23' title="bbox 2185 975 3758 1055; baseline 0.006 -24"><span class='ocrx_word' id='word_1_148' title='bbox 2185 979 2366 1035; x_wconf 90' lang='lat' dir='ltr'><strong>litates</strong></span> <span class='ocrx_word' id='word_1_149' title='bbox 2405 981 2666 1049; x_wconf 88' lang='lat' dir='ltr'><strong>quasdam</strong></span> <span class='ocrx_word' id='word_1_150' title='bbox 2703 982 2754 1033; x_wconf 91' lang='lat' dir='ltr'><strong>in</strong></span> <span class='ocrx_word' id='word_1_151' title='bbox 2795 981 3100 1052; x_wconf 80' lang='lat' dir='ltr'><strong>subjectum</strong></span> <span class='ocrx_word' id='word_1_152' title='bbox 3131 975 3372 1039; x_wconf 83' lang='lat' dir='ltr'><strong>incidere</strong></span> <span class='ocrx_word' id='word_1_153' title='bbox 3396 986 3613 1055; x_wconf 82' lang='lat' dir='ltr'><strong>cogitet.</strong></span> <span class='ocrx_word' id='word_1_154' title='bbox 3646 987 3758 1042; x_wconf 76' lang='lat' dir='ltr'><strong>Ant</strong></span> 
     </span>
    </p>
   </div>
   <div class='ocr_carea' id='block_1_24' title="bbox 2181 1071 3749 1147">
    <p class='ocr_par' dir='ltr' id='par_1_24' title="bbox 2181 1071 3749 1147">
     <span class='ocr_line' id='line_1_24' title="bbox 2181 1071 3749 1147; baseline 0.004 -22"><span class='ocrx_word' id='word_1_155' title='bbox 2181 1071 2328 1125; x_wconf 88' lang='lat' dir='ltr'><strong>enim</strong></span> <span class='ocrx_word' id='word_1_156' title='bbox 2361 1073 2562 1140; x_wconf 88' lang='lat' dir='ltr'><strong>cogitat</strong></span> <span class='ocrx_word' id='word_1_157' title='bbox 2588 1071 2803 1126; x_wconf 79' lang='lat' dir='ltr'><strong>dichrrc</strong></span> <span class='ocrx_word' id='word_1_158' title='bbox 2839 1074 2952 1128; x_wconf 74' lang='lat' dir='ltr'><strong>lucc</strong></span> <span class='ocrx_word' id='word_1_159' title='bbox 3002 1077 3297 1129; x_wconf 87' lang='lat' dir='ltr'><strong>secundum</strong></span> <span class='ocrx_word' id='word_1_160' title='bbox 3341 1078 3749 1147; x_wconf 83' lang='lat' dir='ltr'><strong>ampliationem</strong></span> 
     </span>
    </p>
   </div>
   <div class='ocr_carea' id='block_1_25' title="bbox 2182 1163 3754 1238">
    <p class='ocr_par' dir='ltr' id='par_1_25' title="bbox 2182 1163 3754 1238">
     <span class='ocr_line' id='line_1_25' title="bbox 2182 1163 3754 1238; baseline 0.004 -22"><span class='ocrx_word' id='word_1_161' title='bbox 2182 1173 2236 1216; x_wconf 89' lang='lat' dir='ltr'><strong>ct</strong></span> <span class='ocrx_word' id='word_1_162' title='bbox 2263 1163 2699 1228; x_wconf 85' lang='lat' dir='ltr'><strong>diminutionem,</strong></span> <span class='ocrx_word' id='word_1_163' title='bbox 2741 1174 2794 1218; x_wconf 90' lang='lat' dir='ltr'><strong>et</strong></span> <span class='ocrx_word' id='word_1_164' title='bbox 2841 1167 2910 1219; x_wconf 87' lang='lat' dir='ltr'><strong>ob</strong></span> <span class='ocrx_word' id='word_1_165' title='bbox 2945 1164 3083 1220; x_wconf 87' lang='lat' dir='ltr'><strong>hanc</strong></span> <span class='ocrx_word' id='word_1_166' title='bbox 3109 1181 3328 1221; x_wconf 89' lang='lat' dir='ltr'><strong>causam</strong></span> <span class='ocrx_word' id='word_1_167' title='bbox 3370 1171 3754 1238; x_wconf 87' lang='lat' dir='ltr'><strong>cogitationem</strong></span> 
     </span>
    </p>
   </div>
   <div class='ocr_carea' id='block_1_26' title="bbox 2184 1253 3760 1325">
    <p class='ocr_par' dir='ltr' id='par_1_26' title="bbox 2184 1253 3760 1325">
     <span class='ocr_line' id='line_1_26' title="bbox 2184 1253 3760 1325; baseline 0.003 -21"><span class='ocrx_word' id='word_1_168' title='bbox 2184 1253 2578 1320; x_wconf 80' lang='lat' dir='ltr'><strong>magnitudinis</strong></span> <span class='ocrx_word' id='word_1_169' title='bbox 2615 1253 2910 1307; x_wconf 87' lang='lat' dir='ltr'><strong>introducit</strong></span> <span class='ocrx_word' id='word_1_170' title='bbox 2940 1257 2990 1307; x_wconf 90' lang='lat' dir='ltr'><strong>in</strong></span> <span class='ocrx_word' id='word_1_171' title='bbox 3023 1269 3089 1308; x_wconf 89' lang='lat' dir='ltr'><strong>eo</strong></span> <span class='ocrx_word' id='word_1_172' title='bbox 3135 1256 3278 1324; x_wconf 88' lang='lat' dir='ltr'><strong>quod</strong></span> <span class='ocrx_word' id='word_1_173' title='bbox 3317 1257 3578 1325; x_wconf 83' lang='lat' dir='ltr'><strong>quaeritur</strong></span> <span class='ocrx_word' id='word_1_174' title='bbox 3612 1275 3627 1311; x_wconf 88' lang='lat'><strong>:</strong></span> <span class='ocrx_word' id='word_1_175' title='bbox 3663 1265 3760 1309; x_wconf 88' lang='lat' dir='ltr'><strong>aut</strong></span> 
     </span>
    </p>
   </div>
   <div class='ocr_carea' id='block_1_27' title="bbox 2183 1346 3751 1417">
    <p class='ocr_par' dir='ltr' id='par_1_27' title="bbox 2183 1346 3751 1417">
     <span class='ocr_line' id='line_1_27' title="bbox 2183 1346 3751 1417; baseline 0.004 -20"><span class='ocrx_word' id='word_1_176' title='bbox 2183 1349 2480 1398; x_wconf 85' lang='lat' dir='ltr'><strong>secundum</strong></span> <span class='ocrx_word' id='word_1_177' title='bbox 2512 1346 2804 1400; x_wconf 79' lang='lat' dir='ltr'><strong>bonitatem</strong></span> <span class='ocrx_word' id='word_1_178' title='bbox 2833 1355 2887 1399; x_wconf 93' lang='lat' dir='ltr'><strong>et</strong></span> <span class='ocrx_word' id='word_1_179' title='bbox 2916 1347 3208 1414; x_wconf 89' lang='lat' dir='ltr'><strong>potentiam</strong></span> <span class='ocrx_word' id='word_1_180' title='bbox 3237 1357 3291 1401; x_wconf 92' lang='lat' dir='ltr'><strong>et</strong></span> <span class='ocrx_word' id='word_1_181' title='bbox 3321 1350 3659 1417; x_wconf 89' lang='lat' dir='ltr'><strong>sapientiam,</strong></span> <span class='ocrx_word' id='word_1_182' title='bbox 3695 1361 3751 1404; x_wconf 87' lang='lat' dir='ltr'><strong>et</strong></span> 
     </span>
    </p>
   </div>
   <div class='ocr_carea' id='block_1_28' title="bbox 2182 1435 3753 1509">
    <p class='ocr_par' dir='ltr' id='par_1_28' title="bbox 2182 1435 3753 1509">
     <span class='ocr_line' id='line_1_28' title="bbox 2182 1435 3753 1509; baseline 0.002 -19"><span class='ocrx_word' id='word_1_183' title='bbox 2182 1437 2224 1490; x_wconf 88' lang='lat' dir='ltr'><strong>si</strong></span> <span class='ocrx_word' id='word_1_184' title='bbox 2257 1436 2385 1505; x_wconf 88' lang='lat' dir='ltr'><strong>quid</strong></span> <span class='ocrx_word' id='word_1_185' title='bbox 2419 1437 2561 1490; x_wconf 83' lang='lat' dir='ltr'><strong>aliud</strong></span> <span class='ocrx_word' id='word_1_186' title='bbox 2591 1437 2732 1490; x_wconf 84' lang='lat' dir='ltr'><strong>circa</strong></span> <span class='ocrx_word' id='word_1_187' title='bbox 2775 1435 2943 1490; x_wconf 85' lang='lat' dir='ltr'><strong>Deum</strong></span> <span class='ocrx_word' id='word_1_188' title='bbox 2977 1439 3062 1506; x_wconf 88' lang='lat' dir='ltr'><strong>pie</strong></span> <span class='ocrx_word' id='word_1_189' title='bbox 3099 1438 3438 1509; x_wconf 84' lang='lat' dir='ltr'><strong>intelligitur,</strong></span> <span class='ocrx_word' id='word_1_190' title='bbox 3465 1449 3516 1492; x_wconf 87' lang='grc' dir='ltr'><strong>ιιι</strong></span> <span class='ocrx_word' id='word_1_191' title='bbox 3554 1441 3753 1494; x_wconf 86' lang='lat' dir='ltr'><strong>redun-</strong></span> 
     </span>
    </p>
   </div>
   <div class='ocr_carea' id='block_1_29' title="bbox 2183 1527 3755 1599">
    <p class='ocr_par' dir='ltr' id='par_1_29' title="bbox 2183 1527 3755 1599">
     <span class='ocr_line' id='line_1_29' title="bbox 2183 1527 3755 1599; baseline 0.002 -17"><span class='ocrx_word' id='word_1_192' title='bbox 2183 1529 2294 1594; x_wconf 88' lang='lat' dir='ltr'><strong>det,</strong></span> <span class='ocrx_word' id='word_1_193' title='bbox 2332 1527 2415 1580; x_wconf 88' lang='lat' dir='ltr'><strong>vel</strong></span> <span class='ocrx_word' id='word_1_194' title='bbox 2446 1529 2745 1590; x_wconf 68' lang='lat' dir='ltr'><strong>decresmtt,</strong></span> <span class='ocrx_word' id='word_1_195' title='bbox 2787 1527 2998 1583; x_wconf 82' lang='lat' dir='ltr'><strong>eﬁicere</strong></span> <span class='ocrx_word' id='word_1_196' title='bbox 3035 1530 3254 1584; x_wconf 90' lang='lat' dir='ltr'><strong>molitur</strong></span> <span class='ocrx_word' id='word_1_197' title='bbox 3290 1546 3305 1584; x_wconf 89' lang='lat'><strong>:</strong></span> <span class='ocrx_word' id='word_1_198' title='bbox 3341 1537 3502 1599; x_wconf 88' lang='lat' dir='ltr'><strong>atque</strong></span> <span class='ocrx_word' id='word_1_199' title='bbox 3551 1530 3622 1584; x_wconf 89' lang='lat' dir='ltr'><strong>ita</strong></span> <span class='ocrx_word' id='word_1_200' title='bbox 3663 1543 3755 1584; x_wconf 77' lang='lat' dir='ltr'><strong>ra-</strong></span> 
     </span>
    </p>
   </div>
   <div class='ocr_carea' id='block_1_30' title="bbox 2186 1619 3752 1692">
    <p class='ocr_par' dir='ltr' id='par_1_30' title="bbox 2186 1619 3752 1692">
     <span class='ocr_line' id='line_1_30' title="bbox 2186 1619 3752 1692; baseline 0.004 -23"><span class='ocrx_word' id='word_1_201' title='bbox 2186 1619 2387 1672; x_wconf 88' lang='lat' dir='ltr'><strong>tionem</strong></span> <span class='ocrx_word' id='word_1_202' title='bbox 2421 1619 2832 1690; x_wconf 85' lang='lat' dir='ltr'><strong>compositionis</strong></span> <span class='ocrx_word' id='word_1_203' title='bbox 2863 1636 2970 1674; x_wconf 91' lang='lat' dir='ltr'><strong>non</strong></span> <span class='ocrx_word' id='word_1_204' title='bbox 3006 1619 3244 1690; x_wconf 77' lang='lat' dir='ltr'><strong>effugiet.</strong></span> <span class='ocrx_word' id='word_1_205' title='bbox 3298 1621 3523 1692; x_wconf 82' lang='lat' dir='ltr'><strong>Magnus</strong></span> <span class='ocrx_word' id='word_1_206' title='bbox 3551 1621 3752 1692; x_wconf 81' lang='lat' dir='ltr'><strong>Diony-</strong></span> 
     </span>
    </p>
   </div>
   <div class='ocr_carea' id='block_1_31' title="bbox 2185 1709 3754 1777">
    <p class='ocr_par' dir='ltr' id='par_1_31' title="bbox 2185 1709 3754 1777">
     <span class='ocr_line' id='line_1_31' title="bbox 2185 1709 3754 1777; baseline 0.004 -15"><span class='ocrx_word' id='word_1_207' title='bbox 2185 1709 2320 1773; x_wconf 84' lang='lat' dir='ltr'><strong>sius,</strong></span> <span class='ocrx_word' id='word_1_208' title='bbox 2356 1709 2531 1777; x_wconf 82' lang='lat' dir='ltr'><strong>Capite</strong></span> <span class='ocrx_word' id='word_1_209' title='bbox 2562 1709 2752 1777; x_wconf 86' lang='lat' dir='ltr'><strong>quinto</strong></span> <span class='ocrx_word' id='word_1_210' title='bbox 2788 1711 2859 1765; x_wconf 79' lang='lat' dir='ltr'><strong>De</strong></span> <span class='ocrx_word' id='word_1_211' title='bbox 2883 1712 3073 1766; x_wconf 77' lang='lat' dir='ltr'><strong>divinis</strong></span> <span class='ocrx_word' id='word_1_212' title='bbox 3107 1713 3438 1772; x_wconf 79' lang='lat' dir='ltr'><strong>nominibus,</strong></span> <span class='ocrx_word' id='word_1_213' title='bbox 3472 1728 3574 1767; x_wconf 91' lang='lat' dir='ltr'><strong>non</strong></span> <span class='ocrx_word' id='word_1_214' title='bbox 3609 1714 3754 1770; x_wconf 91' lang='lat' dir='ltr'><strong>aliud</strong></span> 
     </span>
    </p>
   </div>
   <div class='ocr_carea' id='block_1_32' title="bbox 2185 1802 3752 1872">
    <p class='ocr_par' dir='ltr' id='par_1_32' title="bbox 2185 1802 3752 1872">
     <span class='ocr_line' id='line_1_32' title="bbox 2185 1802 3752 1872; baseline 0.004 -20"><span class='ocrx_word' id='word_1_215' title='bbox 2185 1802 2312 1854; x_wconf 82' lang='lat' dir='ltr'><strong>dicit</strong></span> <span class='ocrx_word' id='word_1_216' title='bbox 2340 1816 2462 1856; x_wconf 88' lang='lat' dir='ltr'><strong>esse</strong></span> <span class='ocrx_word' id='word_1_217' title='bbox 2495 1804 2716 1865; x_wconf 89' lang='lat' dir='ltr'><strong>bonum,</strong></span> <span class='ocrx_word' id='word_1_218' title='bbox 2751 1812 2802 1856; x_wconf 88' lang='lat' dir='ltr'><strong>et</strong></span> <span class='ocrx_word' id='word_1_219' title='bbox 2825 1803 2970 1858; x_wconf 89' lang='lat' dir='ltr'><strong>aliud</strong></span> <span class='ocrx_word' id='word_1_220' title='bbox 3002 1804 3144 1872; x_wconf 89' lang='lat' dir='ltr'><strong>quod</strong></span> <span class='ocrx_word' id='word_1_221' title='bbox 3178 1814 3282 1864; x_wconf 86' lang='lat' dir='ltr'><strong>est.</strong></span> <span class='ocrx_word' id='word_1_222' title='bbox 3319 1814 3372 1858; x_wconf 89' lang='lat' dir='ltr'><strong>et</strong></span> <span class='ocrx_word' id='word_1_223' title='bbox 3393 1804 3537 1858; x_wconf 89' lang='lat' dir='ltr'><strong>aliud</strong></span> <span class='ocrx_word' id='word_1_224' title='bbox 3567 1805 3752 1868; x_wconf 86' lang='lat' dir='ltr'><strong>vitam,</strong></span> 
     </span>
    </p>
   </div>
   <div class='ocr_carea' id='block_1_33' title="bbox 492 1881 3755 1970">
    <p class='ocr_par' dir='ltr' id='par_1_33' title="bbox 492 1881 3755 1970">
     <span class='ocr_line' id='line_1_33' title="bbox 492 1881 3755 1970; baseline -0.002 -15"><span class='ocrx_word' id='word_1_225' title='bbox 492 1913 589 1970; x_wconf 89' lang='lat' dir='ltr'><strong>per</strong></span> <span class='ocrx_word' id='word_1_226' title='bbox 618 1901 1009 1970; x_wconf 84' lang='lat' dir='ltr'><strong>appositionem</strong></span> <span class='ocrx_word' id='word_1_227' title='bbox 1038 1902 1369 1969; x_wconf 53' lang='lat' dir='ltr'><strong>composita,</strong></span> <span class='ocrx_word' id='word_1_228' title='bbox 1405 1914 1465 1954; x_wconf 92' lang='lat' dir='ltr'><strong>se</strong></span> <span class='ocrx_word' id='word_1_229' title='bbox 1495 1911 1684 1952; x_wconf 92' lang='lat' dir='ltr'><strong>mutuo</strong></span> <span class='ocrx_word' id='word_1_230' title='bbox 1733 1898 2066 1960; x_wconf 86' lang='lat' dir='ltr'><strong>terminant;</strong></span> <span class='ocrx_word' id='word_1_231' title='bbox 2103 1881 2144 1942; x_wconf 82' lang='grc' dir='ltr'><strong><em>Β</em></strong></span> <span class='ocrx_word' id='word_1_232' title='bbox 2175 1891 2256 1945; x_wconf 85' lang='lat' dir='ltr'><strong>vel</strong></span> <span class='ocrx_word' id='word_1_233' title='bbox 2286 1890 2641 1958; x_wconf 87' lang='lat' dir='ltr'><strong>sapientiam;</strong></span> <span class='ocrx_word' id='word_1_234' title='bbox 2675 1907 2853 1960; x_wconf 89' lang='lat' dir='ltr'><strong>neque</strong></span> <span class='ocrx_word' id='word_1_235' title='bbox 2891 1893 3188 1948; x_wconf 88' lang='lat' dir='ltr'><strong>introducit</strong></span> <span class='ocrx_word' id='word_1_236' title='bbox 3233 1894 3429 1949; x_wconf 86' lang='lat' dir='ltr'><strong>multas</strong></span> <span class='ocrx_word' id='word_1_237' title='bbox 3457 1909 3670 1960; x_wconf 82' lang='lat' dir='ltr'><strong>causas,</strong></span> <span class='ocrx_word' id='word_1_238' title='bbox 3700 1906 3755 1950; x_wconf 84' lang='lat' dir='ltr'><strong>et</strong></span> 
     </span>
    </p>
   </div>
   <div class='ocr_carea' id='block_1_34' title="bbox 491 1990 2067 2062">
    <p class='ocr_par' dir='ltr' id='par_1_34' title="bbox 491 1990 2067 2062">
     <span class='ocr_line' id='line_1_34' title="bbox 491 1990 2067 2062; baseline 0 -20"><span class='ocrx_word' id='word_1_239' title='bbox 491 1998 636 2062; x_wconf 85' lang='lat' dir='ltr'><strong>quod</strong></span> <span class='ocrx_word' id='word_1_240' title='bbox 666 1995 709 2047; x_wconf 88' lang='lat' dir='ltr'><strong>si</strong></span> <span class='ocrx_word' id='word_1_241' title='bbox 745 2007 1003 2047; x_wconf 86' lang='lat' dir='ltr'><strong>numerus</strong></span> <span class='ocrx_word' id='word_1_242' title='bbox 1032 1994 1260 2046; x_wconf 84' lang='lat' dir='ltr'><strong>duorum</strong></span> <span class='ocrx_word' id='word_1_243' title='bbox 1293 2009 1396 2046; x_wconf 91' lang='lat' dir='ltr'><strong>non</strong></span> <span class='ocrx_word' id='word_1_244' title='bbox 1431 2000 1611 2060; x_wconf 85' lang='lat' dir='ltr'><strong>potest</strong></span> <span class='ocrx_word' id='word_1_245' title='bbox 1648 2005 1768 2044; x_wconf 88' lang='lat' dir='ltr'><strong>esse</strong></span> <span class='ocrx_word' id='word_1_246' title='bbox 1799 1990 2067 2052; x_wconf 86' lang='lat' dir='ltr'><strong>inﬁnitus,</strong></span> 
     </span>
    </p>
   </div>
   <div class='ocr_carea' id='block_1_35' title="bbox 489 2082 2068 2153">
    <p class='ocr_par' dir='ltr' id='par_1_35' title="bbox 489 2082 2068 2153">
     <span class='ocr_line' id='line_1_35' title="bbox 489 2082 2068 2153; baseline -0.003 -16"><span class='ocrx_word' id='word_1_247' title='bbox 489 2095 546 2138; x_wconf 91' lang='grc' dir='ltr'><strong>ιιι</strong></span> <span class='ocrx_word' id='word_1_248' title='bbox 581 2087 1008 2138; x_wconf 85' lang='lat' dir='ltr'><strong>demonstratum</strong></span> <span class='ocrx_word' id='word_1_249' title='bbox 1053 2091 1158 2148; x_wconf 85' lang='lat' dir='ltr'><strong>est,</strong></span> <span class='ocrx_word' id='word_1_250' title='bbox 1219 2098 1394 2153; x_wconf 86' lang='lat' dir='ltr'><strong>neque</strong></span> <span class='ocrx_word' id='word_1_251' title='bbox 1433 2083 1698 2153; x_wconf 84' lang='lat' dir='ltr'><strong>principio</strong></span> <span class='ocrx_word' id='word_1_252' title='bbox 1729 2082 1934 2137; x_wconf 80' lang='lat' dir='ltr'><strong>scilicet</strong></span> <span class='ocrx_word' id='word_1_253' title='bbox 1977 2097 2068 2135; x_wconf 64' lang='grc' dir='ltr'><strong>ρει-ί</strong></span> 
     </span>
    </p>
   </div>
   <div class='ocr_carea' id='block_1_36' title="bbox 486 2173 2066 2246">
    <p class='ocr_par' dir='ltr' id='par_1_36' title="bbox 486 2173 2066 2246">
     <span class='ocr_line' id='line_1_36' title="bbox 486 2173 2066 2246; baseline -0.003 -16"><span class='ocrx_word' id='word_1_254' title='bbox 486 2191 606 2232; x_wconf 79' lang='lat' dir='ltr'><strong>rere</strong></span> <span class='ocrx_word' id='word_1_255' title='bbox 642 2186 842 2245; x_wconf 88' lang='lat' dir='ltr'><strong>potest,</strong></span> <span class='ocrx_word' id='word_1_256' title='bbox 871 2177 993 2246; x_wconf 85' lang='lat' dir='ltr'><strong>quia</strong></span> <span class='ocrx_word' id='word_1_257' title='bbox 1019 2176 1199 2231; x_wconf 87' lang='lat' dir='ltr'><strong>omnis</strong></span> <span class='ocrx_word' id='word_1_258' title='bbox 1235 2176 1444 2229; x_wconf 90' lang='lat' dir='ltr'><strong>numeri</strong></span> <span class='ocrx_word' id='word_1_259' title='bbox 1474 2176 1704 2229; x_wconf 88' lang='lat' dir='ltr'><strong>duorum</strong></span> <span class='ocrx_word' id='word_1_260' title='bbox 1739 2173 2066 2242; x_wconf 91' lang='lat' dir='ltr'><strong>principium</strong></span> 
     </span>
    </p>
   </div>
   <div class='ocr_carea' id='block_1_37' title="bbox 487 2266 2068 2337">
    <p class='ocr_par' dir='ltr' id='par_1_37' title="bbox 487 2266 2068 2337">
     <span class='ocr_line' id='line_1_37' title="bbox 487 2266 2068 2337; baseline -0.003 -14"><span class='ocrx_word' id='word_1_261' title='bbox 487 2281 569 2325; x_wconf 89' lang='lat' dir='ltr'><strong>est</strong></span> <span class='ocrx_word' id='word_1_262' title='bbox 595 2270 816 2333; x_wconf 88' lang='lat' dir='ltr'><strong>unitas;</strong></span> <span class='ocrx_word' id='word_1_263' title='bbox 850 2268 997 2337; x_wconf 86' lang='lat' dir='ltr'><strong>quod</strong></span> <span class='ocrx_word' id='word_1_264' title='bbox 1030 2270 1073 2323; x_wconf 89' lang='lat' dir='ltr'><strong>si</strong></span> <span class='ocrx_word' id='word_1_265' title='bbox 1107 2284 1213 2323; x_wconf 92' lang='lat' dir='ltr'><strong>non</strong></span> <span class='ocrx_word' id='word_1_266' title='bbox 1242 2277 1390 2322; x_wconf 85' lang='lat' dir='ltr'><strong>caret</strong></span> <span class='ocrx_word' id='word_1_267' title='bbox 1425 2266 1710 2335; x_wconf 87' lang='lat' dir='ltr'><strong>principio,</strong></span> <span class='ocrx_word' id='word_1_268' title='bbox 1761 2266 1923 2335; x_wconf 87' lang='lat' dir='ltr'><strong>igitur</strong></span> <span class='ocrx_word' id='word_1_269' title='bbox 1971 2279 2068 2319; x_wconf 88' lang='lat' dir='ltr'><strong>nec</strong></span> 
     </span>
    </p>
   </div>
   <div class='ocr_carea' id='block_1_38' title="bbox 488 2357 2068 2430">
    <p class='ocr_par' dir='ltr' id='par_1_38' title="bbox 488 2357 2068 2430">
     <span class='ocr_line' id='line_1_38' title="bbox 488 2357 2068 2430; baseline -0.005 -11"><span class='ocrx_word' id='word_1_270' title='bbox 488 2372 574 2419; x_wconf 87' lang='lat' dir='ltr'><strong>est</strong></span> <span class='ocrx_word' id='word_1_271' title='bbox 605 2362 899 2416; x_wconf 88' lang='lat' dir='ltr'><strong>immobilis</strong></span> <span class='ocrx_word' id='word_1_272' title='bbox 931 2361 1206 2430; x_wconf 81' lang='lat' dir='ltr'><strong>(movetur</strong></span> <span class='ocrx_word' id='word_1_273' title='bbox 1237 2361 1381 2414; x_wconf 92' lang='lat' dir='ltr'><strong>enim</strong></span> <span class='ocrx_word' id='word_1_274' title='bbox 1414 2375 1643 2413; x_wconf 89' lang='lat' dir='ltr'><strong>numero</strong></span> <span class='ocrx_word' id='word_1_275' title='bbox 1669 2374 1732 2412; x_wconf 85' lang='lat' dir='ltr'><strong>ex</strong></span> <span class='ocrx_word' id='word_1_276' title='bbox 1767 2357 2068 2411; x_wconf 84' lang='lat' dir='ltr'><strong>unitatibus</strong></span> 
     </span>
    </p>
   </div>
   <div class='ocr_carea' id='block_1_39' title="bbox 410 2437 2066 2517">
    <p class='ocr_par' dir='ltr' id='par_1_39' title="bbox 410 2437 2066 2517">
     <span class='ocr_line' id='line_1_39' title="bbox 410 2437 2066 2517; baseline -0.004 -11"><span class='ocrx_word' id='word_1_277' title='bbox 410 2437 424 2447; x_wconf 73' lang='grc'><strong>’</strong></span> <span class='ocrx_word' id='word_1_278' title='bbox 485 2452 784 2505; x_wconf 88' lang='lat' dir='ltr'><strong>secundum</strong></span> <span class='ocrx_word' id='word_1_279' title='bbox 822 2451 1255 2517; x_wconf 88' lang='lat' dir='ltr'><strong>conjunctionem</strong></span> <span class='ocrx_word' id='word_1_280' title='bbox 1289 2447 1652 2516; x_wconf 86' lang='lat' dir='ltr'><strong>composito);</strong></span> <span class='ocrx_word' id='word_1_281' title='bbox 1693 2445 1837 2514; x_wconf 88' lang='lat' dir='ltr'><strong>quod</strong></span> <span class='ocrx_word' id='word_1_282' title='bbox 1885 2456 2066 2501; x_wconf 89' lang='lat' dir='ltr'><strong>autem</strong></span> 
     </span>
    </p>
   </div>
   <div class='ocr_carea' id='block_1_40' title="bbox 488 2540 2065 2612">
    <p class='ocr_par' dir='ltr' id='par_1_40' title="bbox 488 2540 2065 2612">
     <span class='ocr_line' id='line_1_40' title="bbox 488 2540 2065 2612; baseline -0.003 -15"><span class='ocrx_word' id='word_1_283' title='bbox 488 2553 759 2608; x_wconf 85' lang='lat' dir='ltr'><strong>movetur,</strong></span> <span class='ocrx_word' id='word_1_284' title='bbox 797 2558 902 2598; x_wconf 92' lang='lat' dir='ltr'><strong>non</strong></span> <span class='ocrx_word' id='word_1_285' title='bbox 947 2551 1030 2597; x_wconf 88' lang='lat' dir='ltr'><strong>est</strong></span> <span class='ocrx_word' id='word_1_286' title='bbox 1061 2543 1408 2612; x_wconf 90' lang='lat' dir='ltr'><strong>principium,</strong></span> <span class='ocrx_word' id='word_1_287' title='bbox 1438 2542 1531 2596; x_wconf 90' lang='lat' dir='ltr'><strong>sed</strong></span> <span class='ocrx_word' id='word_1_288' title='bbox 1566 2555 1629 2593; x_wconf 78' lang='lat' dir='ltr'><strong>ex</strong></span> <span class='ocrx_word' id='word_1_289' title='bbox 1670 2540 1937 2610; x_wconf 89' lang='lat' dir='ltr'><strong>principio</strong></span> <span class='ocrx_word' id='word_1_290' title='bbox 1963 2541 2065 2593; x_wconf 85' lang='lat' dir='ltr'><strong>sci-</strong></span> 
     </span>
    </p>
   </div>
   <div class='ocr_carea' id='block_1_41' title="bbox 485 2633 2068 2701">
    <p class='ocr_par' dir='ltr' id='par_1_41' title="bbox 485 2633 2068 2701">
     <span class='ocr_line' id='line_1_41' title="bbox 485 2633 2068 2701; baseline -0.004 -11"><span class='ocrx_word' id='word_1_291' title='bbox 485 2637 613 2690; x_wconf 80' lang='lat' dir='ltr'><strong>licet</strong></span> <span class='ocrx_word' id='word_1_292' title='bbox 639 2637 932 2694; x_wconf 79' lang='lat' dir='ltr'><strong>moventis.</strong></span> <span class='ocrx_word' id='word_1_293' title='bbox 960 2635 1073 2690; x_wconf 89' lang='lat' dir='ltr'><strong>sola</strong></span> <span class='ocrx_word' id='word_1_294' title='bbox 1098 2643 1276 2688; x_wconf 87' lang='lat' dir='ltr'><strong>autem</strong></span> <span class='ocrx_word' id='word_1_295' title='bbox 1304 2634 1484 2687; x_wconf 89' lang='lat' dir='ltr'><strong>unitas</strong></span> <span class='ocrx_word' id='word_1_296' title='bbox 1518 2633 1737 2701; x_wconf 88' lang='lat' dir='ltr'><strong>proprie</strong></span> <span class='ocrx_word' id='word_1_297' title='bbox 1761 2641 1844 2687; x_wconf 91' lang='lat' dir='ltr'><strong>est</strong></span> <span class='ocrx_word' id='word_1_298' title='bbox 1876 2634 2068 2686; x_wconf 92' lang='lat' dir='ltr'><strong>immo-</strong></span> 
     </span>
    </p>
   </div>
   <div class='ocr_carea' id='block_1_42' title="bbox 487 2724 2066 2795">
    <p class='ocr_par' dir='ltr' id='par_1_42' title="bbox 487 2724 2066 2795">
     <span class='ocr_line' id='line_1_42' title="bbox 487 2724 2066 2795; baseline -0.003 -12"><span class='ocrx_word' id='word_1_299' title='bbox 487 2730 636 2784; x_wconf 86' lang='lat' dir='ltr'><strong>bilis.</strong></span> <span class='ocrx_word' id='word_1_300' title='bbox 672 2729 736 2782; x_wconf 88' lang='lat' dir='ltr'><strong>Et</strong></span> <span class='ocrx_word' id='word_1_301' title='bbox 765 2743 957 2782; x_wconf 81' lang='lat' dir='ltr'><strong>rursus</strong></span> <span class='ocrx_word' id='word_1_302' title='bbox 987 2729 1128 2781; x_wconf 90' lang='lat' dir='ltr'><strong>idem</strong></span> <span class='ocrx_word' id='word_1_303' title='bbox 1157 2744 1170 2779; x_wconf 89' lang='lat'><strong>:</strong></span> <span class='ocrx_word' id='word_1_304' title='bbox 1197 2724 1393 2787; x_wconf 91' lang='lat' dir='ltr'><strong>Omne,</strong></span> <span class='ocrx_word' id='word_1_305' title='bbox 1434 2725 1628 2795; x_wconf 79' lang='lat' dir='ltr'><strong>inquit,</strong></span> <span class='ocrx_word' id='word_1_306' title='bbox 1662 2727 1805 2794; x_wconf 91' lang='lat' dir='ltr'><strong>quod</strong></span> <span class='ocrx_word' id='word_1_307' title='bbox 1836 2726 1891 2779; x_wconf 78' lang='lat' dir='ltr'><strong>in</strong></span> <span class='ocrx_word' id='word_1_308' title='bbox 1927 2725 2066 2780; x_wconf 53' lang='lat' dir='ltr'><strong>mula</strong></span> 
     </span>
    </p>
   </div>
   <div class='ocr_carea' id='block_1_43' title="bbox 484 2812 2067 2887">
    <p class='ocr_par' dir='ltr' id='par_1_43' title="bbox 484 2812 2067 2887">
     <span class='ocr_line' id='line_1_43' title="bbox 484 2812 2067 2887; baseline -0.004 -15"><span class='ocrx_word' id='word_1_309' title='bbox 484 2819 720 2874; x_wconf 86' lang='lat' dir='ltr'><strong>titudine</strong></span> <span class='ocrx_word' id='word_1_310' title='bbox 750 2819 1110 2887; x_wconf 78' lang='lat' dir='ltr'><strong>quantitatem</strong></span> <span class='ocrx_word' id='word_1_311' title='bbox 1147 2815 1328 2880; x_wconf 88' lang='lat' dir='ltr'><strong>habet,</strong></span> <span class='ocrx_word' id='word_1_312' title='bbox 1361 2829 1465 2868; x_wconf 92' lang='lat' dir='ltr'><strong>non</strong></span> <span class='ocrx_word' id='word_1_313' title='bbox 1495 2821 1671 2881; x_wconf 85' lang='lat' dir='ltr'><strong>potest</strong></span> <span class='ocrx_word' id='word_1_314' title='bbox 1716 2826 1838 2867; x_wconf 89' lang='lat' dir='ltr'><strong>esse</strong></span> <span class='ocrx_word' id='word_1_315' title='bbox 1881 2812 2067 2866; x_wconf 91' lang='lat' dir='ltr'><strong>inﬁni-</strong></span> 
     </span>
    </p>
   </div>
   <div class='ocr_carea' id='block_1_44' title="bbox 490 2903 2068 2977">
    <p class='ocr_par' dir='ltr' id='par_1_44' title="bbox 490 2903 2068 2977">
     <span class='ocr_line' id='line_1_44' title="bbox 490 2903 2068 2977; baseline -0.004 -13"><span class='ocrx_word' id='word_1_316' title='bbox 490 2919 626 2973; x_wconf 87' lang='lat' dir='ltr'><strong>tum,</strong></span> <span class='ocrx_word' id='word_1_317' title='bbox 661 2923 838 2977; x_wconf 85' lang='lat' dir='ltr'><strong>neque</strong></span> <span class='ocrx_word' id='word_1_318' title='bbox 873 2907 988 2961; x_wconf 88' lang='lat' dir='ltr'><strong>sine</strong></span> <span class='ocrx_word' id='word_1_319' title='bbox 1017 2905 1282 2975; x_wconf 88' lang='lat' dir='ltr'><strong>principio</strong></span> <span class='ocrx_word' id='word_1_320' title='bbox 1319 2905 1408 2970; x_wconf 92' lang='lat' dir='ltr'><strong>id,</strong></span> <span class='ocrx_word' id='word_1_321' title='bbox 1441 2920 1560 2960; x_wconf 91' lang='lat' dir='ltr'><strong>cum</strong></span> <span class='ocrx_word' id='word_1_322' title='bbox 1593 2916 1702 2973; x_wconf 89' lang='lat' dir='ltr'><strong>quo</strong></span> <span class='ocrx_word' id='word_1_323' title='bbox 1731 2903 1961 2958; x_wconf 91' lang='lat' dir='ltr'><strong>alterum</strong></span> <span class='ocrx_word' id='word_1_324' title='bbox 1993 2904 2068 2958; x_wconf 89' lang='lat' dir='ltr'><strong>si-</strong></span> 
     </span>
    </p>
   </div>
   <div class='ocr_carea' id='block_1_45' title="bbox 498 2993 2066 3069">
    <p class='ocr_par' dir='ltr' id='par_1_45' title="bbox 498 2993 2066 3069">
     <span class='ocr_line' id='line_1_45' title="bbox 498 2993 2066 3069; baseline -0.003 -16"><span class='ocrx_word' id='word_1_325' title='bbox 498 3000 609 3053; x_wconf 88' lang='lat' dir='ltr'><strong>tnnl</strong></span> <span class='ocrx_word' id='word_1_326' title='bbox 641 3000 927 3069; x_wconf 80' lang='lat' dir='ltr'><strong>cogitatur.</strong></span> <span class='ocrx_word' id='word_1_327' title='bbox 967 2997 1034 3052; x_wconf 87' lang='lat' dir='ltr'><strong>Et</strong></span> <span class='ocrx_word' id='word_1_328' title='bbox 1067 3012 1252 3052; x_wconf 87' lang='lat' dir='ltr'><strong>rursus</strong></span> <span class='ocrx_word' id='word_1_329' title='bbox 1288 2997 1426 3052; x_wconf 87' lang='lat' dir='ltr'><strong>idem</strong></span> <span class='ocrx_word' id='word_1_330' title='bbox 1455 3014 1468 3048; x_wconf 89' lang='lat'><strong><em>:</em></strong></span> <span class='ocrx_word' id='word_1_331' title='bbox 1503 2993 1693 3060; x_wconf 82' lang='lat' dir='ltr'><strong>Nemo,</strong></span> <span class='ocrx_word' id='word_1_332' title='bbox 1733 2995 1930 3064; x_wconf 90' lang='lat' dir='ltr'><strong>inquit,</strong></span> <span class='ocrx_word' id='word_1_333' title='bbox 1975 2994 2066 3063; x_wconf 90' lang='lat' dir='ltr'><strong>qui</strong></span> 
     </span>
    </p>
   </div>
   <div class='ocr_carea' id='block_1_46' title="bbox 489 3088 2068 3161">
    <p class='ocr_par' dir='ltr' id='par_1_46' title="bbox 489 3088 2068 3161">
     <span class='ocr_line' id='line_1_46' title="bbox 489 3088 2068 3161; baseline -0.004 -12"><span class='ocrx_word' id='word_1_334' title='bbox 489 3094 620 3159; x_wconf 85' lang='lat' dir='ltr'><strong>duo,</strong></span> <span class='ocrx_word' id='word_1_335' title='bbox 649 3102 744 3148; x_wconf 85' lang='lat' dir='ltr'><strong>aut</strong></span> <span class='ocrx_word' id='word_1_336' title='bbox 779 3094 942 3146; x_wconf 88' lang='lat' dir='ltr'><strong>multa</strong></span> <span class='ocrx_word' id='word_1_337' title='bbox 976 3093 1096 3147; x_wconf 88' lang='lat' dir='ltr'><strong>sine</strong></span> <span class='ocrx_word' id='word_1_338' title='bbox 1136 3092 1403 3161; x_wconf 84' lang='lat' dir='ltr'><strong>principio</strong></span> <span class='ocrx_word' id='word_1_339' title='bbox 1434 3105 1556 3144; x_wconf 84' lang='lat' dir='ltr'><strong>esse</strong></span> <span class='ocrx_word' id='word_1_340' title='bbox 1588 3090 1740 3152; x_wconf 88' lang='lat' dir='ltr'><strong>dicit,</strong></span> <span class='ocrx_word' id='word_1_341' title='bbox 1773 3090 1858 3158; x_wconf 89' lang='lat' dir='ltr'><strong>pie</strong></span> <span class='ocrx_word' id='word_1_342' title='bbox 1886 3088 2068 3142; x_wconf 85' lang='lat' dir='ltr'><strong>vivere</strong></span> 
     </span>
    </p>
   </div>
   <div class='ocr_carea' id='block_1_47' title="bbox 490 3177 2146 3282">
    <p class='ocr_par' dir='ltr' id='par_1_47' title="bbox 490 3177 2146 3282">
     <span class='ocr_line' id='line_1_47' title="bbox 490 3177 2146 3282; baseline -0.004 -44"><span class='ocrx_word' id='word_1_343' title='bbox 490 3187 709 3255; x_wconf 87' lang='lat' dir='ltr'><strong>poterit.</strong></span> <span class='ocrx_word' id='word_1_344' title='bbox 733 3183 878 3238; x_wconf 82' lang='lat' dir='ltr'><strong>idem</strong></span> <span class='ocrx_word' id='word_1_345' title='bbox 908 3185 958 3236; x_wconf 88' lang='lat' dir='ltr'><strong>in</strong></span> <span class='ocrx_word' id='word_1_346' title='bbox 983 3184 1227 3238; x_wconf 84' lang='lat' dir='ltr'><strong>centuria</strong></span> <span class='ocrx_word' id='word_1_347' title='bbox 1257 3181 1410 3235; x_wconf 87' lang='lat' dir='ltr'><strong>tertia</strong></span> <span class='ocrx_word' id='word_1_348' title='bbox 1430 3183 1496 3236; x_wconf 90' lang='lat' dir='ltr'><strong>de</strong></span> <span class='ocrx_word' id='word_1_349' title='bbox 1517 3181 1808 3245; x_wconf 81' lang='lat' dir='ltr'><strong>charitate,</strong></span> <span class='ocrx_word' id='word_1_350' title='bbox 1828 3194 1949 3250; x_wconf 91' lang='lat' dir='ltr'><strong>cap.</strong></span> <span class='ocrx_word' id='word_1_351' title='bbox 1972 3177 2065 3232; x_wconf 72' lang='lat'><strong>27:</strong></span> <span class='ocrx_word' id='word_1_352' title='bbox 2096 3213 2146 3282; x_wconf 61' lang='grc' dir='ltr'>α</span> 
     </span>
    </p>
   </div>
   <div class='ocr_carea' id='block_1_48' title="bbox 487 3265 2065 3350">
    <p class='ocr_par' dir='ltr' id='par_1_48' title="bbox 487 3265 2065 3350">
     <span class='ocr_line' id='line_1_48' title="bbox 487 3265 2065 3350; baseline -0.004 -18"><span class='ocrx_word' id='word_1_353' title='bbox 487 3279 629 3332; x_wconf 87' lang='lat' dir='ltr'><strong>Deus</strong></span> <span class='ocrx_word' id='word_1_354' title='bbox 663 3279 878 3346; x_wconf 76' lang='lat' dir='ltr'><strong>quidem</strong></span> <span class='ocrx_word' id='word_1_355' title='bbox 903 3315 920 3342; x_wconf 89' lang='lat'><strong>,</strong></span> <span class='ocrx_word' id='word_1_356' title='bbox 950 3265 1123 3344; x_wconf 88' lang='lat' dir='ltr'><strong>inquit</strong></span> <span class='ocrx_word' id='word_1_357' title='bbox 1147 3313 1160 3338; x_wconf 84' lang='lat'><strong>,</strong></span> <span class='ocrx_word' id='word_1_358' title='bbox 1206 3275 1296 3344; x_wconf 86' lang='lat' dir='ltr'><strong>qui</strong></span> <span class='ocrx_word' id='word_1_359' title='bbox 1333 3284 1416 3328; x_wconf 90' lang='lat' dir='ltr'><strong>est</strong></span> <span class='ocrx_word' id='word_1_360' title='bbox 1449 3274 1560 3350; x_wconf 84' lang='lat' dir='ltr'><strong>ipsa</strong></span> <span class='ocrx_word' id='word_1_361' title='bbox 1588 3290 1681 3343; x_wconf 89' lang='lat' dir='ltr'><strong>per</strong></span> <span class='ocrx_word' id='word_1_362' title='bbox 1704 3289 1763 3330; x_wconf 92' lang='lat' dir='ltr'><strong>se</strong></span> <span class='ocrx_word' id='word_1_363' title='bbox 1797 3273 2065 3328; x_wconf 83' lang='lat' dir='ltr'><strong>exsisten-</strong></span> 
     </span>
    </p>
   </div>
   <div class='ocr_carea' id='block_1_49' title="bbox 488 3365 2064 3437">
    <p class='ocr_par' dir='ltr' id='par_1_49' title="bbox 488 3365 2064 3437">
     <span class='ocr_line' id='line_1_49' title="bbox 488 3365 2064 3437; baseline -0.004 -14"><span class='ocrx_word' id='word_1_364' title='bbox 488 3371 584 3434; x_wconf 89' lang='lat' dir='ltr'><strong>tia,</strong></span> <span class='ocrx_word' id='word_1_365' title='bbox 617 3369 732 3437; x_wconf 91' lang='lat' dir='ltr'><strong>ipsa</strong></span> <span class='ocrx_word' id='word_1_366' title='bbox 771 3384 863 3435; x_wconf 84' lang='lat' dir='ltr'><strong>pcr</strong></span> <span class='ocrx_word' id='word_1_367' title='bbox 897 3383 955 3421; x_wconf 91' lang='lat' dir='ltr'><strong>se</strong></span> <span class='ocrx_word' id='word_1_368' title='bbox 989 3369 1203 3422; x_wconf 83' lang='lat' dir='ltr'><strong>bonitas</strong></span> <span class='ocrx_word' id='word_1_369' title='bbox 1233 3379 1284 3420; x_wconf 89' lang='lat' dir='ltr'><strong>et</strong></span> <span class='ocrx_word' id='word_1_370' title='bbox 1313 3367 1598 3436; x_wconf 85' lang='lat' dir='ltr'><strong>sapientia,</strong></span> <span class='ocrx_word' id='word_1_371' title='bbox 1632 3366 1763 3431; x_wconf 89' lang='lat' dir='ltr'><strong>imo,</strong></span> <span class='ocrx_word' id='word_1_372' title='bbox 1795 3377 1853 3419; x_wconf 90' lang='lat' dir='ltr'><strong>ut</strong></span> <span class='ocrx_word' id='word_1_373' title='bbox 1883 3365 2064 3419; x_wconf 90' lang='lat' dir='ltr'><strong>verius</strong></span> 
     </span>
    </p>
   </div>
   <div class='ocr_carea' id='block_1_50' title="bbox 485 3459 2063 3528">
    <p class='ocr_par' dir='ltr' id='par_1_50' title="bbox 485 3459 2063 3528">
     <span class='ocr_line' id='line_1_50' title="bbox 485 3459 2063 3528; baseline -0.003 -15"><span class='ocrx_word' id='word_1_374' title='bbox 485 3462 685 3523; x_wconf 90' lang='lat' dir='ltr'><strong>dicam,</strong></span> <span class='ocrx_word' id='word_1_375' title='bbox 723 3476 882 3528; x_wconf 83' lang='lat' dir='ltr'><strong>supra</strong></span> <span class='ocrx_word' id='word_1_376' title='bbox 923 3461 1106 3515; x_wconf 84' lang='lat' dir='ltr'><strong>omnia</strong></span> <span class='ocrx_word' id='word_1_377' title='bbox 1148 3461 1282 3524; x_wconf 68' lang='lat' dir='ltr'><strong>hcce,</strong></span> <span class='ocrx_word' id='word_1_378' title='bbox 1316 3459 1450 3513; x_wconf 85' lang='lat' dir='ltr'><strong>nihil</strong></span> <span class='ocrx_word' id='word_1_379' title='bbox 1480 3461 1693 3527; x_wconf 92' lang='lat' dir='ltr'><strong>penitus</strong></span> <span class='ocrx_word' id='word_1_380' title='bbox 1735 3460 1897 3510; x_wconf 80' lang='lat' dir='ltr'><strong>habet</strong></span> <span class='ocrx_word' id='word_1_381' title='bbox 1926 3471 2063 3511; x_wconf 85' lang='lat' dir='ltr'><strong>con-</strong></span> 
     </span>
    </p>
   </div>
   <div class='ocr_carea' id='block_1_51' title="bbox 489 3547 2064 3620">
    <p class='ocr_par' dir='ltr' id='par_1_51' title="bbox 489 3547 2064 3620">
     <span class='ocr_line' id='line_1_51' title="bbox 489 3547 2064 3620; baseline -0.003 -16"><span class='ocrx_word' id='word_1_382' title='bbox 489 3554 719 3606; x_wconf 88' lang='lat' dir='ltr'><strong>trarium</strong></span> <span class='ocrx_word' id='word_1_383' title='bbox 760 3570 774 3608; x_wconf 90' lang='lat'><strong>:</strong></span> <span class='ocrx_word' id='word_1_384' title='bbox 799 3565 1062 3606; x_wconf 69' lang='lat' dir='ltr'><strong>eruatur-az</strong></span> <span class='ocrx_word' id='word_1_385' title='bbox 1097 3566 1226 3606; x_wconf 91' lang='lat' dir='ltr'><strong>vero</strong></span> <span class='ocrx_word' id='word_1_386' title='bbox 1247 3587 1262 3614; x_wconf 88' lang='lat'><strong>,</strong></span> <span class='ocrx_word' id='word_1_387' title='bbox 1289 3566 1409 3620; x_wconf 70' lang='lat' dir='ltr'><strong>qum</strong></span> <span class='ocrx_word' id='word_1_388' title='bbox 1439 3564 1626 3603; x_wconf 84' lang='lat' dir='ltr'><strong>omnes</strong></span> <span class='ocrx_word' id='word_1_389' title='bbox 1653 3549 1866 3618; x_wconf 89' lang='lat' dir='ltr'><strong>quidem</strong></span> <span class='ocrx_word' id='word_1_390' title='bbox 1897 3547 2064 3617; x_wconf 85' lang='lat' dir='ltr'><strong>parti-</strong></span> 
     </span>
    </p>
   </div>
   <div class='ocr_carea' id='block_1_52' title="bbox 487 3639 2064 3713">
    <p class='ocr_par' dir='ltr' id='par_1_52' title="bbox 487 3639 2064 3713">
     <span class='ocr_line' id='line_1_52' title="bbox 487 3639 2064 3713; baseline -0.004 -15"><span class='ocrx_word' id='word_1_391' title='bbox 487 3645 755 3712; x_wconf 88' lang='lat' dir='ltr'><strong>cipatione</strong></span> <span class='ocrx_word' id='word_1_392' title='bbox 779 3654 830 3696; x_wconf 86' lang='lat' dir='ltr'><strong>cl</strong></span> <span class='ocrx_word' id='word_1_393' title='bbox 859 3645 1035 3713; x_wconf 82' lang='lat' dir='ltr'><strong>gratia</strong></span> <span class='ocrx_word' id='word_1_394' title='bbox 1062 3642 1353 3704; x_wconf 85' lang='lat' dir='ltr'><strong>exsistunt,</strong></span> <span class='ocrx_word' id='word_1_395' title='bbox 1385 3639 1502 3694; x_wconf 59' lang='lat' dir='ltr'><strong>alia</strong></span> <span class='ocrx_word' id='word_1_396' title='bbox 1526 3653 1652 3692; x_wconf 92' lang='lat' dir='ltr'><strong>vero</strong></span> <span class='ocrx_word' id='word_1_397' title='bbox 1686 3639 1892 3692; x_wconf 89' lang='lat' dir='ltr'><strong>ratione</strong></span> <span class='ocrx_word' id='word_1_398' title='bbox 1923 3651 2064 3708; x_wconf 69' lang='lat' dir='ltr'><strong>prat-</strong></span> 
     </span>
    </p>
   </div>
   <div class='ocr_carea' id='block_1_53' title="bbox 485 3729 2064 3804">
    <p class='ocr_par' dir='ltr' id='par_1_53' title="bbox 485 3729 2064 3804">
     <span class='ocr_line' id='line_1_53' title="bbox 485 3729 2064 3804; baseline -0.006 -14"><span class='ocrx_word' id='word_1_399' title='bbox 485 3737 613 3790; x_wconf 73' lang='lat' dir='ltr'><strong>dita:</strong></span> <span class='ocrx_word' id='word_1_400' title='bbox 650 3745 794 3798; x_wconf 91' lang='lat' dir='ltr'><strong>sunt,</strong></span> <span class='ocrx_word' id='word_1_401' title='bbox 837 3746 890 3787; x_wconf 82' lang='lat' dir='ltr'><strong>et</strong></span> <span class='ocrx_word' id='word_1_402' title='bbox 940 3735 1326 3804; x_wconf 87' lang='lat' dir='ltr'><strong>iutclligeutes,</strong></span> <span class='ocrx_word' id='word_1_403' title='bbox 1365 3741 1422 3787; x_wconf 90' lang='lat' dir='ltr'><strong>et</strong></span> <span class='ocrx_word' id='word_1_404' title='bbox 1455 3732 1521 3785; x_wconf 78' lang='lat' dir='ltr'><strong>ad</strong></span> <span class='ocrx_word' id='word_1_405' title='bbox 1557 3729 1874 3800; x_wconf 84' lang='lat' dir='ltr'><strong>capiendam</strong></span> <span class='ocrx_word' id='word_1_406' title='bbox 1907 3731 2064 3784; x_wconf 89' lang='lat' dir='ltr'><strong>boni-</strong></span> 
     </span>
    </p>
   </div>
   <div class='ocr_carea' id='block_1_54' title="bbox 485 3823 2061 3896">
    <p class='ocr_par' dir='ltr' id='par_1_54' title="bbox 485 3823 2061 3896">
     <span class='ocr_line' id='line_1_54' title="bbox 485 3823 2061 3896; baseline -0.004 -14"><span class='ocrx_word' id='word_1_407' title='bbox 485 3838 656 3882; x_wconf 87' lang='lat' dir='ltr'><strong>tatem</strong></span> <span class='ocrx_word' id='word_1_408' title='bbox 693 3839 745 3881; x_wconf 88' lang='lat' dir='ltr'><strong>et</strong></span> <span class='ocrx_word' id='word_1_409' title='bbox 777 3828 1096 3896; x_wconf 84' lang='lat' dir='ltr'><strong>sapientiam</strong></span> <span class='ocrx_word' id='word_1_410' title='bbox 1148 3839 1286 3891; x_wconf 67' lang='lat' dir='ltr'><strong>apta!</strong></span> <span class='ocrx_word' id='word_1_411' title='bbox 1313 3865 1330 3891; x_wconf 93' lang='lat'><strong>,</strong></span> <span class='ocrx_word' id='word_1_412' title='bbox 1376 3824 1705 3879; x_wconf 89' lang='lat' dir='ltr'><strong>contrarium</strong></span> <span class='ocrx_word' id='word_1_413' title='bbox 1740 3825 1966 3887; x_wconf 88' lang='lat' dir='ltr'><strong>habent,</strong></span> <span class='ocrx_word' id='word_1_414' title='bbox 2009 3823 2061 3876; x_wconf 91' lang='lat' dir='ltr'><strong>in</strong></span> 
     </span>
    </p>
   </div>
   <div class='ocr_carea' id='block_1_55' title="bbox 484 3918 2060 3988">
    <p class='ocr_par' dir='ltr' id='par_1_55' title="bbox 484 3918 2060 3988">
     <span class='ocr_line' id='line_1_55' title="bbox 484 3918 2060 3988; baseline -0.004 -14"><span class='ocrx_word' id='word_1_415' title='bbox 484 3920 590 3974; x_wconf 83' lang='lat' dir='ltr'><strong>illis</strong></span> <span class='ocrx_word' id='word_1_416' title='bbox 642 3919 860 3988; x_wconf 88' lang='lat' dir='ltr'><strong>quidem</strong></span> <span class='ocrx_word' id='word_1_417' title='bbox 898 3921 1180 3980; x_wconf 78' lang='lat' dir='ltr'><strong>exsistere,</strong></span> <span class='ocrx_word' id='word_1_418' title='bbox 1214 3928 1268 3970; x_wconf 89' lang='lat' dir='ltr'><strong>et</strong></span> <span class='ocrx_word' id='word_1_419' title='bbox 1317 3931 1424 3970; x_wconf 93' lang='lat' dir='ltr'><strong>non</strong></span> <span class='ocrx_word' id='word_1_420' title='bbox 1481 3927 1748 3970; x_wconf 76' lang='lat' dir='ltr'><strong>exststere</strong></span> <span class='ocrx_word' id='word_1_421' title='bbox 1787 3918 2060 3969; x_wconf 89' lang='lat' dir='ltr'><strong>contraria</strong></span> 
     </span>
    </p>
   </div>
   <div class='ocr_carea' id='block_1_56' title="bbox 482 4005 2063 4075">
    <p class='ocr_par' dir='ltr' id='par_1_56' title="bbox 482 4005 2063 4075">
     <span class='ocr_line' id='line_1_56' title="bbox 482 4005 2063 4075; baseline -0.004 -10"><span class='ocrx_word' id='word_1_422' title='bbox 482 4022 611 4066; x_wconf 90' lang='lat' dir='ltr'><strong>sunt</strong></span> <span class='ocrx_word' id='word_1_423' title='bbox 645 4028 661 4064; x_wconf 89' lang='lat'><strong>:</strong></span> <span class='ocrx_word' id='word_1_424' title='bbox 696 4011 748 4062; x_wconf 90' lang='lat' dir='ltr'><strong>iu</strong></span> <span class='ocrx_word' id='word_1_425' title='bbox 788 4011 870 4062; x_wconf 85' lang='lat' dir='ltr'><strong>his</strong></span> <span class='ocrx_word' id='word_1_426' title='bbox 899 4025 1026 4063; x_wconf 76' lang='lat' dir='ltr'><strong>Vt‘I&#39;O</strong></span> <span class='ocrx_word' id='word_1_427' title='bbox 1077 4007 1340 4060; x_wconf 84' lang='lat' dir='ltr'><strong>habilitati</strong></span> <span class='ocrx_word' id='word_1_428' title='bbox 1392 4006 1646 4060; x_wconf 86' lang='lat' dir='ltr'><strong>bonitatis</strong></span> <span class='ocrx_word' id='word_1_429' title='bbox 1691 4014 1745 4059; x_wconf 90' lang='lat' dir='ltr'><strong>et</strong></span> <span class='ocrx_word' id='word_1_430' title='bbox 1781 4005 2063 4075; x_wconf 71' lang='lat' dir='ltr'><strong>sapientiae</strong></span> 
     </span>
    </p>
   </div>
   <div class='ocr_carea' id='block_1_57' title="bbox 482 4099 2065 4168">
    <p class='ocr_par' dir='ltr' id='par_1_57' title="bbox 482 4099 2065 4168">
     <span class='ocr_line' id='line_1_57' title="bbox 482 4099 2065 4168; baseline -0.004 -8"><span class='ocrx_word' id='word_1_431' title='bbox 482 4104 759 4160; x_wconf 89' lang='lat' dir='ltr'><strong>contraria</strong></span> <span class='ocrx_word' id='word_1_432' title='bbox 814 4113 943 4157; x_wconf 89' lang='lat' dir='ltr'><strong>sunt</strong></span> <span class='ocrx_word' id='word_1_433' title='bbox 997 4101 1185 4154; x_wconf 82' lang='lat' dir='ltr'><strong>vitium</strong></span> <span class='ocrx_word' id='word_1_434' title='bbox 1227 4110 1279 4154; x_wconf 90' lang='lat' dir='ltr'><strong>et</strong></span> <span class='ocrx_word' id='word_1_435' title='bbox 1333 4099 1666 4168; x_wconf 85' lang='lat' dir='ltr'><strong>ignorantia,</strong></span> <span class='ocrx_word' id='word_1_436' title='bbox 1701 4107 1755 4154; x_wconf 91' lang='lat' dir='ltr'><strong>et</strong></span> <span class='ocrx_word' id='word_1_437' title='bbox 1799 4100 2065 4154; x_wconf 77' lang='lat' dir='ltr'><strong>exsistere</strong></span> 
     </span>
    </p>
   </div>
   <div class='ocr_carea' id='block_1_58' title="bbox 481 4193 2065 4268">
    <p class='ocr_par' dir='ltr' id='par_1_58' title="bbox 481 4193 2065 4268">
     <span class='ocr_line' id='line_1_58' title="bbox 481 4193 2065 4268; baseline -0.004 -17"><span class='ocrx_word' id='word_1_438' title='bbox 481 4201 698 4268; x_wconf 87' lang='lat' dir='ltr'><strong>quidem</strong></span> <span class='ocrx_word' id='word_1_439' title='bbox 732 4211 964 4265; x_wconf 84' lang='lat' dir='ltr'><strong>semper,</strong></span> <span class='ocrx_word' id='word_1_440' title='bbox 992 4203 1085 4248; x_wconf 86' lang='lat' dir='ltr'><strong>aut</strong></span> <span class='ocrx_word' id='word_1_441' title='bbox 1109 4210 1211 4248; x_wconf 93' lang='lat' dir='ltr'><strong>non</strong></span> <span class='ocrx_word' id='word_1_442' title='bbox 1248 4195 1531 4257; x_wconf 75' lang='lat' dir='ltr'><strong>exsistere,</strong></span> <span class='ocrx_word' id='word_1_443' title='bbox 1562 4193 1676 4246; x_wconf 68' lang='lat' dir='ltr'><strong>haec</strong></span> <span class='ocrx_word' id='word_1_444' title='bbox 1703 4196 1754 4245; x_wconf 90' lang='lat' dir='ltr'><strong>ln</strong></span> <span class='ocrx_word' id='word_1_445' title='bbox 1791 4200 2065 4260; x_wconf 89' lang='lat' dir='ltr'><strong>potestate</strong></span> 
     </span>
    </p>
   </div>
   <div class='ocr_carea' id='block_1_59' title="bbox 482 4283 2065 4362">
    <p class='ocr_par' dir='ltr' id='par_1_59' title="bbox 482 4283 2065 4362">
     <span class='ocr_line' id='line_1_59' title="bbox 482 4283 2065 4362; baseline -0.007 -16"><span class='ocrx_word' id='word_1_446' title='bbox 482 4293 601 4362; x_wconf 89' lang='lat' dir='ltr'><strong>ejus</strong></span> <span class='ocrx_word' id='word_1_447' title='bbox 635 4300 763 4344; x_wconf 90' lang='lat' dir='ltr'><strong>sunt</strong></span> <span class='ocrx_word' id='word_1_448' title='bbox 799 4290 887 4357; x_wconf 89' lang='lat' dir='ltr'><strong>qui</strong></span> <span class='ocrx_word' id='word_1_449' title='bbox 921 4302 982 4341; x_wconf 88' lang='lat' dir='ltr'><strong>ea</strong></span> <span class='ocrx_word' id='word_1_450' title='bbox 1012 4287 1228 4352; x_wconf 82' lang='lat' dir='ltr'><strong>cﬁecit;</strong></span> <span class='ocrx_word' id='word_1_451' title='bbox 1260 4286 1588 4356; x_wconf 86' lang='lat' dir='ltr'><strong>participare</strong></span> <span class='ocrx_word' id='word_1_452' title='bbox 1621 4293 1800 4338; x_wconf 88' lang='lat' dir='ltr'><strong>autem</strong></span> <span class='ocrx_word' id='word_1_453' title='bbox 1851 4283 2065 4339; x_wconf 72' lang='lat' dir='ltr'><strong>bonita—</strong></span> 
     </span>
    </p>
   </div>
   <div class='ocr_carea' id='block_1_60' title="bbox 482 4375 2064 4449">
    <p class='ocr_par' dir='ltr' id='par_1_60' title="bbox 482 4375 2064 4449">
     <span class='ocr_line' id='line_1_60' title="bbox 482 4375 2064 4449; baseline -0.004 -12"><span class='ocrx_word' id='word_1_454' title='bbox 482 4394 593 4437; x_wconf 93' lang='lat' dir='ltr'><strong>tem</strong></span> <span class='ocrx_word' id='word_1_455' title='bbox 619 4392 673 4436; x_wconf 91' lang='lat' dir='ltr'><strong>et</strong></span> <span class='ocrx_word' id='word_1_456' title='bbox 703 4381 1154 4449; x_wconf 86' lang='lat' dir='ltr'><strong>sapientiam,aut</strong></span> <span class='ocrx_word' id='word_1_457' title='bbox 1187 4396 1288 4432; x_wconf 85' lang='lat' dir='ltr'><strong>non</strong></span> <span class='ocrx_word' id='word_1_458' title='bbox 1322 4377 1671 4446; x_wconf 86' lang='lat' dir='ltr'><strong>participare,</strong></span> <span class='ocrx_word' id='word_1_459' title='bbox 1707 4377 1760 4428; x_wconf 91' lang='lat' dir='ltr'><strong>in</strong></span> <span class='ocrx_word' id='word_1_460' title='bbox 1785 4375 2064 4430; x_wconf 84' lang='lat' dir='ltr'><strong>voluntate</strong></span> 
     </span>
    </p>
   </div>
   <div class='ocr_carea' id='block_1_61' title="bbox 482 4468 2061 4542">
    <p class='ocr_par' dir='ltr' id='par_1_61' title="bbox 482 4468 2061 4542">
     <span class='ocr_line' id='line_1_61' title="bbox 482 4468 2061 4542; baseline -0.004 -12"><span class='ocrx_word' id='word_1_461' title='bbox 482 4491 667 4531; x_wconf 65' lang='lat' dir='ltr'><strong>eorum</strong></span> <span class='ocrx_word' id='word_1_462' title='bbox 702 4485 782 4528; x_wconf 90' lang='lat' dir='ltr'><strong>est</strong></span> <span class='ocrx_word' id='word_1_463' title='bbox 818 4473 908 4542; x_wconf 91' lang='lat' dir='ltr'><strong>qui</strong></span> <span class='ocrx_word' id='word_1_464' title='bbox 941 4472 1231 4542; x_wconf 89' lang='lat' dir='ltr'><strong>participes</strong></span> <span class='ocrx_word' id='word_1_465' title='bbox 1268 4470 1492 4524; x_wconf 87' lang='lat' dir='ltr'><strong>rationis</strong></span> <span class='ocrx_word' id='word_1_466' title='bbox 1522 4476 1668 4523; x_wconf 90' lang='lat' dir='ltr'><strong>sunt.</strong></span> <span class='ocrx_word' id='word_1_467' title='bbox 1710 4468 1873 4538; x_wconf 85' lang='lat' dir='ltr'><strong>Greg.</strong></span> <span class='ocrx_word' id='word_1_468' title='bbox 1901 4469 2061 4539; x_wconf 84' lang='lat' dir='ltr'><strong>Nyss.</strong></span> 
     </span>
    </p>
   </div>
   <div class='ocr_carea' id='block_1_62' title="bbox 2173 1982 3754 2054">
    <p class='ocr_par' dir='ltr' id='par_1_62' title="bbox 2173 1982 3754 2054">
     <span class='ocr_line' id='line_1_62' title="bbox 2173 1982 3754 2054; baseline 0.004 -19"><span class='ocrx_word' id='word_1_469' title='bbox 2173 1982 2510 2048; x_wconf 85' lang='lat' dir='ltr'><strong>divinitates,</strong></span> <span class='ocrx_word' id='word_1_470' title='bbox 2546 1982 2684 2039; x_wconf 88' lang='lat' dir='ltr'><strong>alias</strong></span> <span class='ocrx_word' id='word_1_471' title='bbox 2712 1983 2818 2038; x_wconf 91' lang='lat' dir='ltr'><strong>alia</strong></span> <span class='ocrx_word' id='word_1_472' title='bbox 2850 1986 3240 2052; x_wconf 90' lang='lat' dir='ltr'><strong>producentes,</strong></span> <span class='ocrx_word' id='word_1_473' title='bbox 3261 1987 3569 2054; x_wconf 87' lang='lat' dir='ltr'><strong>superiores</strong></span> <span class='ocrx_word' id='word_1_474' title='bbox 3593 1997 3650 2042; x_wconf 91' lang='lat' dir='ltr'><strong>et</strong></span> <span class='ocrx_word' id='word_1_475' title='bbox 3673 1989 3754 2041; x_wconf 88' lang='lat' dir='ltr'><strong>in-</strong></span> 
     </span>
    </p>
   </div>
   <div class='ocr_carea' id='block_1_63' title="bbox 2170 2073 3755 2148">
    <p class='ocr_par' dir='ltr' id='par_1_63' title="bbox 2170 2073 3755 2148">
     <span class='ocr_line' id='line_1_63' title="bbox 2170 2073 3755 2148; baseline 0.003 -19"><span class='ocrx_word' id='word_1_476' title='bbox 2170 2073 2419 2130; x_wconf 79' lang='lat' dir='ltr'><strong>feriores.</strong></span> <span class='ocrx_word' id='word_1_477' title='bbox 2443 2073 2635 2135; x_wconf 74' lang='lat' dir='ltr'><strong>Exhis</strong></span> <span class='ocrx_word' id='word_1_478' title='bbox 2666 2077 2870 2146; x_wconf 77' lang='lat' dir='ltr'><strong>patefit,</strong></span> <span class='ocrx_word' id='word_1_479' title='bbox 2902 2077 3048 2146; x_wconf 90' lang='lat' dir='ltr'><strong>quod</strong></span> <span class='ocrx_word' id='word_1_480' title='bbox 3079 2077 3219 2132; x_wconf 89' lang='lat' dir='ltr'><strong>sicut</strong></span> <span class='ocrx_word' id='word_1_481' title='bbox 3251 2077 3382 2130; x_wconf 91' lang='lat' dir='ltr'><strong>nihil</strong></span> <span class='ocrx_word' id='word_1_482' title='bbox 3409 2077 3550 2146; x_wconf 89' lang='lat' dir='ltr'><strong>quod</strong></span> <span class='ocrx_word' id='word_1_483' title='bbox 3576 2079 3755 2148; x_wconf 81' lang='lat' dir='ltr'><strong>agitur</strong></span> 
     </span>
    </p>
   </div>
   <div class='ocr_carea' id='block_1_64' title="bbox 2169 2157 3754 2236">
    <p class='ocr_par' dir='ltr' id='par_1_64' title="bbox 2169 2157 3754 2236">
     <span class='ocr_line' id='line_1_64' title="bbox 2169 2157 3754 2236; baseline 0.004 -16"><span class='ocrx_word' id='word_1_484' title='bbox 2169 2175 2262 2220; x_wconf 88' lang='lat' dir='ltr'><strong>aut</strong></span> <span class='ocrx_word' id='word_1_485' title='bbox 2301 2177 2614 2236; x_wconf 83' lang='lat' dir='ltr'><strong>generatur,</strong></span> <span class='ocrx_word' id='word_1_486' title='bbox 2649 2176 2732 2222; x_wconf 90' lang='lat' dir='ltr'><strong>est</strong></span> <span class='ocrx_word' id='word_1_487' title='bbox 2765 2183 2871 2221; x_wconf 91' lang='lat' dir='ltr'><strong>non</strong></span> <span class='ocrx_word' id='word_1_488' title='bbox 2907 2178 3172 2233; x_wconf 90' lang='lat' dir='ltr'><strong>creatum,</strong></span> <span class='ocrx_word' id='word_1_489' title='bbox 3201 2157 3276 2224; x_wconf 85' lang='lat' dir='ltr'><strong>sic</strong></span> <span class='ocrx_word' id='word_1_490' title='bbox 3301 2174 3480 2224; x_wconf 91' lang='lat' dir='ltr'><strong>omnia</strong></span> <span class='ocrx_word' id='word_1_491' title='bbox 3513 2169 3638 2234; x_wconf 80' lang='lat' dir='ltr'><strong>duo,</strong></span> <span class='ocrx_word' id='word_1_492' title='bbox 3671 2170 3754 2226; x_wconf 81' lang='lat' dir='ltr'><strong>vel</strong></span> 
     </span>
    </p>
   </div>
   <div class='ocr_carea' id='block_1_65' title="bbox 2170 2258 3751 2332">
    <p class='ocr_par' dir='ltr' id='par_1_65' title="bbox 2170 2258 3751 2332">
     <span class='ocr_line' id='line_1_65' title="bbox 2170 2258 3751 2332; baseline 0.004 -21"><span class='ocrx_word' id='word_1_493' title='bbox 2170 2258 2426 2328; x_wconf 86' lang='lat' dir='ltr'><strong>deinceps</strong></span> <span class='ocrx_word' id='word_1_494' title='bbox 2469 2259 2776 2324; x_wconf 91' lang='lat' dir='ltr'><strong>multitudo,</strong></span> <span class='ocrx_word' id='word_1_495' title='bbox 2806 2259 2892 2314; x_wconf 86' lang='lat' dir='ltr'><strong>vel</strong></span> <span class='ocrx_word' id='word_1_496' title='bbox 2925 2259 3070 2314; x_wconf 89' lang='lat' dir='ltr'><strong>aliud</strong></span> <span class='ocrx_word' id='word_1_497' title='bbox 3099 2260 3228 2330; x_wconf 90' lang='lat' dir='ltr'><strong>quid</strong></span> <span class='ocrx_word' id='word_1_498' title='bbox 3257 2263 3550 2316; x_wconf 85' lang='lat' dir='ltr'><strong>secundum</strong></span> <span class='ocrx_word' id='word_1_499' title='bbox 3589 2279 3751 2332; x_wconf 83' lang='lat' dir='ltr'><strong>supe-</strong></span> 
     </span>
    </p>
   </div>
   <div class='ocr_carea' id='block_1_66' title="bbox 2171 2350 3738 2422">
    <p class='ocr_par' dir='ltr' id='par_1_66' title="bbox 2171 2350 3738 2422">
     <span class='ocr_line' id='line_1_66' title="bbox 2171 2350 3738 2422; baseline 0.001 -16"><span class='ocrx_word' id='word_1_500' title='bbox 2171 2352 2290 2406; x_wconf 82' lang='lat' dir='ltr'><strong>rius</strong></span> <span class='ocrx_word' id='word_1_501' title='bbox 2318 2360 2373 2406; x_wconf 90' lang='lat' dir='ltr'><strong>et</strong></span> <span class='ocrx_word' id='word_1_502' title='bbox 2409 2350 2636 2406; x_wconf 80' lang='lat' dir='ltr'><strong>inferius</strong></span> <span class='ocrx_word' id='word_1_503' title='bbox 2668 2353 3020 2422; x_wconf 86' lang='lat' dir='ltr'><strong>progrediens</strong></span> <span class='ocrx_word' id='word_1_504' title='bbox 3045 2395 3060 2418; x_wconf 93' lang='lat'><strong>,</strong></span> <span class='ocrx_word' id='word_1_505' title='bbox 3097 2362 3150 2408; x_wconf 90' lang='lat' dir='ltr'><strong>et</strong></span> <span class='ocrx_word' id='word_1_506' title='bbox 3177 2365 3236 2407; x_wconf 94' lang='lat' dir='ltr'><strong>ut</strong></span> <span class='ocrx_word' id='word_1_507' title='bbox 3261 2353 3426 2409; x_wconf 89' lang='lat' dir='ltr'><strong>semel</strong></span> <span class='ocrx_word' id='word_1_508' title='bbox 3461 2355 3642 2418; x_wconf 84' lang='lat' dir='ltr'><strong>dicam,</strong></span> <span class='ocrx_word' id='word_1_509' title='bbox 3665 2356 3738 2408; x_wconf 82' lang='lat' dir='ltr'><strong>ita</strong></span> 
     </span>
    </p>
   </div>
   <div class='ocr_carea' id='block_1_67' title="bbox 2171 2443 3735 2511">
    <p class='ocr_par' dir='ltr' id='par_1_67' title="bbox 2171 2443 3735 2511">
     <span class='ocr_line' id='line_1_67' title="bbox 2171 2443 3735 2511; baseline 0.001 -14"><span class='ocrx_word' id='word_1_510' title='bbox 2171 2443 2550 2506; x_wconf 91' lang='lat' dir='ltr'><strong>constitutum,</strong></span> <span class='ocrx_word' id='word_1_511' title='bbox 2592 2453 2649 2497; x_wconf 90' lang='lat' dir='ltr'><strong>ut</strong></span> <span class='ocrx_word' id='word_1_512' title='bbox 2681 2443 2881 2511; x_wconf 81' lang='lat' dir='ltr'><strong>aliquid</strong></span> <span class='ocrx_word' id='word_1_513' title='bbox 2919 2445 2966 2498; x_wconf 89' lang='lat' dir='ltr'><strong>ei</strong></span> <span class='ocrx_word' id='word_1_514' title='bbox 2997 2445 3066 2500; x_wconf 90' lang='lat' dir='ltr'><strong>sit</strong></span> <span class='ocrx_word' id='word_1_515' title='bbox 3099 2445 3451 2511; x_wconf 91' lang='lat' dir='ltr'><strong>contrarium,</strong></span> <span class='ocrx_word' id='word_1_516' title='bbox 3482 2445 3735 2499; x_wconf 87' lang='lat' dir='ltr'><strong>inﬁnitum</strong></span> 
     </span>
    </p>
   </div>
   <div class='ocr_carea' id='block_1_68' title="bbox 2170 2535 3741 2606">
    <p class='ocr_par' dir='ltr' id='par_1_68' title="bbox 2170 2535 3741 2606">
     <span class='ocr_line' id='line_1_68' title="bbox 2170 2535 3741 2606; baseline 0.001 -18"><span class='ocrx_word' id='word_1_517' title='bbox 2170 2549 2315 2601; x_wconf 88' lang='lat' dir='ltr'><strong>esse,</strong></span> <span class='ocrx_word' id='word_1_518' title='bbox 2348 2544 2399 2589; x_wconf 91' lang='lat' dir='ltr'><strong>et</strong></span> <span class='ocrx_word' id='word_1_519' title='bbox 2423 2535 2690 2604; x_wconf 91' lang='lat' dir='ltr'><strong>principio</strong></span> <span class='ocrx_word' id='word_1_520' title='bbox 2714 2549 2901 2589; x_wconf 83' lang='lat' dir='ltr'><strong>carere</strong></span> <span class='ocrx_word' id='word_1_521' title='bbox 2937 2550 3042 2589; x_wconf 93' lang='lat' dir='ltr'><strong>non</strong></span> <span class='ocrx_word' id='word_1_522' title='bbox 3077 2543 3296 2606; x_wconf 78' lang='lat' dir='ltr'><strong>petest;</strong></span> <span class='ocrx_word' id='word_1_523' title='bbox 3347 2537 3400 2590; x_wconf 92' lang='lat' dir='ltr'><strong>in</strong></span> <span class='ocrx_word' id='word_1_524' title='bbox 3433 2537 3568 2592; x_wconf 89' lang='lat' dir='ltr'><strong>idem</strong></span> <span class='ocrx_word' id='word_1_525' title='bbox 3597 2538 3741 2590; x_wconf 89' lang='lat' dir='ltr'><strong>enim</strong></span> 
     </span>
    </p>
   </div>
   <div class='ocr_carea' id='block_1_69' title="bbox 2171 2625 3745 2696">
    <p class='ocr_par' dir='ltr' id='par_1_69' title="bbox 2171 2625 3745 2696">
     <span class='ocr_line' id='line_1_69' title="bbox 2171 2625 3745 2696; baseline 0.001 -16"><span class='ocrx_word' id='word_1_526' title='bbox 2171 2625 2366 2680; x_wconf 90' lang='lat' dir='ltr'><strong>recidit</strong></span> <span class='ocrx_word' id='word_1_527' title='bbox 2398 2626 2515 2680; x_wconf 89' lang='lat' dir='ltr'><strong>sine</strong></span> <span class='ocrx_word' id='word_1_528' title='bbox 2543 2625 2812 2696; x_wconf 86' lang='lat' dir='ltr'><strong>principio</strong></span> <span class='ocrx_word' id='word_1_529' title='bbox 2843 2639 2986 2690; x_wconf 90' lang='lat' dir='ltr'><strong>esse,</strong></span> <span class='ocrx_word' id='word_1_530' title='bbox 3016 2636 3072 2681; x_wconf 90' lang='lat' dir='ltr'><strong>et</strong></span> <span class='ocrx_word' id='word_1_531' title='bbox 3103 2640 3222 2681; x_wconf 89' lang='lat' dir='ltr'><strong>esse</strong></span> <span class='ocrx_word' id='word_1_532' title='bbox 3251 2642 3356 2682; x_wconf 89' lang='lat' dir='ltr'><strong>non</strong></span> <span class='ocrx_word' id='word_1_533' title='bbox 3396 2636 3666 2693; x_wconf 84' lang='lat' dir='ltr'><strong>creatum;</strong></span> <span class='ocrx_word' id='word_1_534' title='bbox 3698 2629 3745 2682; x_wconf 90' lang='lat' dir='ltr'><strong>si</strong></span> 
     </span>
    </p>
   </div>
   <div class='ocr_carea' id='block_1_70' title="bbox 2169 2717 3747 2789">
    <p class='ocr_par' dir='ltr' id='par_1_70' title="bbox 2169 2717 3747 2789">
     <span class='ocr_line' id='line_1_70' title="bbox 2169 2717 3747 2789; baseline 0.002 -17"><span class='ocrx_word' id='word_1_535' title='bbox 2169 2728 2350 2772; x_wconf 89' lang='lat' dir='ltr'><strong>autem</strong></span> <span class='ocrx_word' id='word_1_536' title='bbox 2403 2717 2524 2772; x_wconf 86' lang='lat' dir='ltr'><strong>sine</strong></span> <span class='ocrx_word' id='word_1_537' title='bbox 2577 2720 2847 2788; x_wconf 90' lang='lat' dir='ltr'><strong>principio</strong></span> <span class='ocrx_word' id='word_1_538' title='bbox 2900 2727 3016 2786; x_wconf 91' lang='lat' dir='ltr'><strong>est,</strong></span> <span class='ocrx_word' id='word_1_539' title='bbox 3062 2719 3222 2789; x_wconf 75' lang='lat' dir='ltr'><strong>plane</strong></span> <span class='ocrx_word' id='word_1_540' title='bbox 3264 2719 3425 2774; x_wconf 83' lang='lat' dir='ltr'><strong>etiam</strong></span> <span class='ocrx_word' id='word_1_541' title='bbox 3478 2719 3747 2775; x_wconf 86' lang='lat' dir='ltr'><strong>inﬁnitum</strong></span> 
     </span>
    </p>
   </div>
   <div class='ocr_carea' id='block_1_71' title="bbox 2168 2820 2296 2865">
    <p class='ocr_par' dir='ltr' id='par_1_71' title="bbox 2168 2820 2296 2865">
     <span class='ocr_line' id='line_1_71' title="bbox 2168 2820 2296 2865; baseline -0.008 0"><span class='ocrx_word' id='word_1_542' title='bbox 2168 2820 2296 2865; x_wconf 82' lang='lat' dir='ltr'><strong>eSl.|</strong></span> 
     </span>
    </p>
   </div>
   <div class='ocr_carea' id='block_1_72' title="bbox 2735 2923 3143 2984">
    <p class='ocr_par' dir='ltr' id='par_1_72' title="bbox 2735 2923 3143 2984">
     <span class='ocr_line' id='line_1_72' title="bbox 2735 2923 3143 2984; baseline 0 -2"><span class='ocrx_word' id='word_1_543' title='bbox 2735 2924 2965 2982; x_wconf 78' lang='lat' dir='ltr'><strong>CAPUT</strong></span> <span class='ocrx_word' id='word_1_544' title='bbox 3003 2923 3143 2984; x_wconf 76' lang='lat' dir='ltr'><strong>Vill.</strong></span> 
     </span>
    </p>
   </div>
   <div class='ocr_carea' id='block_1_73' title="bbox 2181 3061 3741 3130">
    <p class='ocr_par' dir='ltr' id='par_1_73' title="bbox 2181 3061 3741 3130">
     <span class='ocr_line' id='line_1_73' title="bbox 2181 3061 3741 3130; baseline 0.001 -15"><span class='ocrx_word' id='word_1_545' title='bbox 2181 3061 2336 3128; x_wconf 82' lang='lat' dir='ltr'><strong>Quod</strong></span> <span class='ocrx_word' id='word_1_546' title='bbox 2376 3063 2444 3116; x_wconf 79' lang='lat' dir='ltr'><strong>sit</strong></span> <span class='ocrx_word' id='word_1_547' title='bbox 2468 3063 2627 3116; x_wconf 79' lang='lat' dir='ltr'><strong>etiam</strong></span> <span class='ocrx_word' id='word_1_548' title='bbox 2656 3065 2852 3130; x_wconf 83' lang='lat' dir='ltr'><strong>species</strong></span> <span class='ocrx_word' id='word_1_549' title='bbox 2881 3062 3384 3127; x_wconf 74' lang='lat' dir='ltr'><strong>circmnscriptionis</strong></span> <span class='ocrx_word' id='word_1_550' title='bbox 3432 3071 3482 3116; x_wconf 79' lang='lat' dir='ltr'><strong>et</strong></span> <span class='ocrx_word' id='word_1_551' title='bbox 3511 3064 3741 3129; x_wconf 73' lang='lat' dir='ltr'><strong>termini,</strong></span> 
     </span>
    </p>
   </div>
   <div class='ocr_carea' id='block_1_74' title="bbox 2243 3133 3748 3202">
    <p class='ocr_par' dir='ltr' id='par_1_74' title="bbox 2243 3133 3748 3202">
     <span class='ocr_line' id='line_1_74' title="bbox 2243 3133 3748 3202; baseline 0.001 -16"><span class='ocrx_word' id='word_1_552' title='bbox 2243 3134 2629 3199; x_wconf 77' lang='lat' dir='ltr'><strong>comprehensio</strong></span> <span class='ocrx_word' id='word_1_553' title='bbox 2670 3143 2824 3202; x_wconf 79' lang='lat' dir='ltr'><strong>atque</strong></span> <span class='ocrx_word' id='word_1_554' title='bbox 2849 3134 2999 3198; x_wconf 81' lang='lat' dir='ltr'><strong>visio,</strong></span> <span class='ocrx_word' id='word_1_555' title='bbox 3033 3133 3192 3202; x_wconf 9' lang='lat' dir='ltr'><strong>Deus,</strong></span> <span class='ocrx_word' id='word_1_556' title='bbox 3230 3143 3403 3186; x_wconf 80' lang='lat' dir='ltr'><strong>autem</strong></span> <span class='ocrx_word' id='word_1_557' title='bbox 3457 3149 3560 3187; x_wconf 86' lang='lat' dir='ltr'><strong>uno</strong></span> <span class='ocrx_word' id='word_1_558' title='bbox 3591 3138 3748 3188; x_wconf 81' lang='lat' dir='ltr'><strong>modo</strong></span> 
     </span>
    </p>
   </div>
   <div class='ocr_carea' id='block_1_75' title="bbox 2249 3200 3745 3274">
    <p class='ocr_par' dir='ltr' id='par_1_75' title="bbox 2249 3200 3745 3274">
     <span class='ocr_line' id='line_1_75' title="bbox 2249 3200 3745 3274; baseline 0.002 -20"><span class='ocrx_word' id='word_1_559' title='bbox 2249 3202 2490 3274; x_wconf 74' lang='lat' dir='ltr'><strong>omnibus</strong></span> <span class='ocrx_word' id='word_1_560' title='bbox 2517 3211 2594 3256; x_wconf 72' lang='lat' dir='ltr'><strong>est</strong></span> <span class='ocrx_word' id='word_1_561' title='bbox 2619 3200 3109 3274; x_wconf 73' lang='lat' dir='ltr'><strong>incircumscriptus</strong></span> <span class='ocrx_word' id='word_1_562' title='bbox 3129 3200 3228 3274; x_wconf 84' lang='lat' dir='ltr'><strong>(tt),</strong></span> <span class='ocrx_word' id='word_1_563' title='bbox 3259 3211 3307 3254; x_wconf 82' lang='lat' dir='ltr'><strong>et</strong></span> <span class='ocrx_word' id='word_1_564' title='bbox 3330 3205 3745 3271; x_wconf 65' lang='lat' dir='ltr'><strong>inexputabilis,</strong></span> 
     </span>
    </p>
   </div>
   <div class='ocr_carea' id='block_1_76' title="bbox 2253 3272 3746 3342">
    <p class='ocr_par' dir='ltr' id='par_1_76' title="bbox 2253 3272 3746 3342">
     <span class='ocr_line' id='line_1_76' title="bbox 2253 3272 3746 3342; baseline 0 -16"><span class='ocrx_word' id='word_1_565' title='bbox 2253 3272 2532 3340; x_wconf 83' lang='lat' dir='ltr'><strong>sigillatim</strong></span> <span class='ocrx_word' id='word_1_566' title='bbox 2580 3288 2697 3326; x_wconf 84' lang='lat' dir='ltr'><strong>vero</strong></span> <span class='ocrx_word' id='word_1_567' title='bbox 2732 3274 2877 3327; x_wconf 81' lang='lat' dir='ltr'><strong>nobis</strong></span> <span class='ocrx_word' id='word_1_568' title='bbox 2904 3273 3077 3342; x_wconf 80' lang='lat' dir='ltr'><strong>angeli</strong></span> <span class='ocrx_word' id='word_1_569' title='bbox 3122 3272 3171 3326; x_wconf 79' lang='lat' dir='ltr'><strong>et</strong></span> <span class='ocrx_word' id='word_1_570' title='bbox 3222 3273 3413 3325; x_wconf 75' lang='lat' dir='ltr'><strong>animo:</strong></span> <span class='ocrx_word' id='word_1_571' title='bbox 3457 3281 3577 3326; x_wconf 76' lang='lat' dir='ltr'><strong>sunt</strong></span> <span class='ocrx_word' id='word_1_572' title='bbox 3622 3275 3746 3326; x_wconf 86' lang='lat' dir='ltr'><strong>ina-</strong></span> 
     </span>
    </p>
   </div>
   <div class='ocr_carea' id='block_1_77' title="bbox 2250 3345 2590 3410">
    <p class='ocr_par' dir='ltr' id='par_1_77' title="bbox 2250 3345 2590 3410">
     <span class='ocr_line' id='line_1_77' title="bbox 2250 3345 2590 3410; baseline -0.006 -14"><span class='ocrx_word' id='word_1_573' title='bbox 2250 3345 2590 3410; x_wconf 76' lang='lat' dir='ltr'><strong>spectabiles.</strong></span> 
     </span>
    </p>
   </div>
   <div class='ocr_carea' id='block_1_78' title="bbox 2243 3453 3738 3525">
    <p class='ocr_par' dir='ltr' id='par_1_78' title="bbox 2243 3453 3738 3525">
     <span class='ocr_line' id='line_1_78' title="bbox 2243 3453 3738 3525; baseline -0.001 -14"><span class='ocrx_word' id='word_1_574' title='bbox 2243 3455 2538 3525; x_wconf 87' lang='lat' dir='ltr'><strong>Gregorius</strong></span> <span class='ocrx_word' id='word_1_575' title='bbox 2565 3454 2871 3524; x_wconf 87' lang='lat' dir='ltr'><strong>Theologus</strong></span> <span class='ocrx_word' id='word_1_576' title='bbox 2921 3455 3061 3509; x_wconf 89' lang='lat' dir='ltr'><strong>libro</strong></span> <span class='ocrx_word' id='word_1_577' title='bbox 3133 3455 3373 3509; x_wconf 88' lang='lat' dir='ltr'><strong>secundo</strong></span> <span class='ocrx_word' id='word_1_578' title='bbox 3425 3456 3488 3507; x_wconf 92' lang='lat' dir='ltr'><strong>de</strong></span> <span class='ocrx_word' id='word_1_579' title='bbox 3530 3453 3738 3509; x_wconf 86' lang='lat' dir='ltr'><strong>theolo-</strong></span> 
     </span>
    </p>
   </div>
   <div class='ocr_carea' id='block_1_79' title="bbox 2172 3528 3733 3618">
    <p class='ocr_par' dir='ltr' id='par_1_79' title="bbox 2172 3528 3733 3618">
     <span class='ocr_line' id='line_1_79' title="bbox 2172 3528 3733 3618; baseline 0 -18"><span class='ocrx_word' id='word_1_580' title='bbox 2172 3549 2256 3616; x_wconf 83' lang='lat' dir='ltr'><strong>gia</strong></span> <span class='ocrx_word' id='word_1_581' title='bbox 2296 3565 2309 3599; x_wconf 92' lang='lat'><strong>:</strong></span> <span class='ocrx_word' id='word_1_582' title='bbox 2339 3549 2404 3602; x_wconf 82' lang='lat' dir='ltr'><strong>Et</strong></span> <span class='ocrx_word' id='word_1_583' title='bbox 2459 3547 2722 3612; x_wconf 90' lang='lat' dir='ltr'><strong>nondum,</strong></span> <span class='ocrx_word' id='word_1_584' title='bbox 2755 3549 2948 3618; x_wconf 88' lang='lat' dir='ltr'><strong>inquit,</strong></span> <span class='ocrx_word' id='word_1_585' title='bbox 2979 3528 3100 3603; x_wconf 86' lang='lat' dir='ltr'><strong>dico</strong></span> <span class='ocrx_word' id='word_1_586' title='bbox 3128 3547 3339 3602; x_wconf 77' lang='lat' dir='ltr'><strong>finitum</strong></span> <span class='ocrx_word' id='word_1_587' title='bbox 3367 3562 3578 3602; x_wconf 82' lang='lat' dir='ltr'><strong>omnttto</strong></span> <span class='ocrx_word' id='word_1_588' title='bbox 3612 3561 3733 3601; x_wconf 89' lang='lat' dir='ltr'><strong>esse</strong></span> 
     </span>
    </p>
   </div>
   <div class='ocr_carea' id='block_1_80' title="bbox 2173 3641 3736 3710">
    <p class='ocr_par' dir='ltr' id='par_1_80' title="bbox 2173 3641 3736 3710">
     <span class='ocr_line' id='line_1_80' title="bbox 2173 3641 3736 3710; baseline -0.001 -15"><span class='ocrx_word' id='word_1_589' title='bbox 2173 3641 2366 3704; x_wconf 82' lang='lat' dir='ltr'><strong>D.-um,</strong></span> <span class='ocrx_word' id='word_1_590' title='bbox 2399 3641 2442 3696; x_wconf 94' lang='lat' dir='ltr'><strong>si</strong></span> <span class='ocrx_word' id='word_1_591' title='bbox 2478 3649 2657 3694; x_wconf 90' lang='lat' dir='ltr'><strong>mente</strong></span> <span class='ocrx_word' id='word_1_592' title='bbox 2687 3641 3071 3710; x_wconf 86' lang='lat' dir='ltr'><strong>comprehendi</strong></span> <span class='ocrx_word' id='word_1_593' title='bbox 3095 3651 3292 3710; x_wconf 89' lang='lat' dir='ltr'><strong>potest,</strong></span> <span class='ocrx_word' id='word_1_594' title='bbox 3323 3657 3426 3694; x_wconf 85' lang='lat' dir='ltr'><strong>una</strong></span> <span class='ocrx_word' id='word_1_595' title='bbox 3452 3642 3590 3694; x_wconf 91' lang='lat' dir='ltr'><strong>enim</strong></span> <span class='ocrx_word' id='word_1_596' title='bbox 3615 3655 3736 3710; x_wconf 52' lang='lat' dir='ltr'><strong>spes</strong></span> 
     </span>
    </p>
   </div>
   <div class='ocr_carea' id='block_1_81' title="bbox 2172 3713 3738 3805">
    <p class='ocr_par' dir='ltr' id='par_1_81' title="bbox 2172 3733 3738 3805">
     <span class='ocr_line' id='line_1_81' title="bbox 2172 3733 3738 3805; baseline -0.001 -17"><span class='ocrx_word' id='word_1_597' title='bbox 2172 3734 2286 3788; x_wconf 78' lang='lat' dir='ltr'><strong>cies</strong></span> <span class='ocrx_word' id='word_1_598' title='bbox 2314 3733 2834 3802; x_wconf 86' lang='lat' dir='ltr'><strong>circumscriptionis</strong></span> <span class='ocrx_word' id='word_1_599' title='bbox 2883 3743 2968 3788; x_wconf 91' lang='lat' dir='ltr'><strong>est</strong></span> <span class='ocrx_word' id='word_1_600' title='bbox 3000 3733 3114 3804; x_wconf 90' lang='lat' dir='ltr'><strong>ipsa</strong></span> <span class='ocrx_word' id='word_1_601' title='bbox 3139 3737 3566 3805; x_wconf 82' lang='lat' dir='ltr'><strong>comprehensio.</strong></span> <span class='ocrx_word' id='word_1_602' title='bbox 3594 3735 3738 3788; x_wconf 87' lang='lat' dir='ltr'><strong>Idem</strong></span> 
     </span>
    </p>
   </div>
   <div class='ocr_carea' id='block_1_82' title="bbox 2173 3823 3740 3890">
    <p class='ocr_par' dir='ltr' id='par_1_82' title="bbox 2173 3823 3740 3890">
     <span class='ocr_line' id='line_1_82' title="bbox 2173 3823 3740 3890; baseline 0.001 -14"><span class='ocrx_word' id='word_1_603' title='bbox 2173 3823 2225 3876; x_wconf 92' lang='lat' dir='ltr'><strong>in</strong></span> <span class='ocrx_word' id='word_1_604' title='bbox 2264 3823 2456 3877; x_wconf 87' lang='lat' dir='ltr'><strong>eodem</strong></span> <span class='ocrx_word' id='word_1_605' title='bbox 2490 3839 2503 3873; x_wconf 89' lang='lat'>:</span> <span class='ocrx_word' id='word_1_606' title='bbox 2541 3823 2678 3890; x_wconf 88' lang='lat' dir='ltr'><strong>Quid</strong></span> <span class='ocrx_word' id='word_1_607' title='bbox 2729 3823 2941 3878; x_wconf 86' lang='lat' dir='ltr'><strong>tandem</strong></span> <span class='ocrx_word' id='word_1_608' title='bbox 3007 3825 3146 3880; x_wconf 90' lang='lat' dir='ltr'><strong>Deus</strong></span> <span class='ocrx_word' id='word_1_609' title='bbox 3217 3827 3288 3880; x_wconf 89' lang='lat' dir='ltr'><strong>sit</strong></span> <span class='ocrx_word' id='word_1_610' title='bbox 3343 3828 3639 3882; x_wconf 87' lang='lat' dir='ltr'><strong>substantia</strong></span> <span class='ocrx_word' id='word_1_611' title='bbox 3688 3836 3740 3878; x_wconf 78' lang='lat' dir='ltr'><strong>ct</strong></span> 
     </span>
    </p>
   </div>
   <div class='ocr_carea' id='block_1_83' title="bbox 2174 3915 3740 3988">
    <p class='ocr_par' dir='ltr' id='par_1_83' title="bbox 2174 3915 3740 3988">
     <span class='ocr_line' id='line_1_83' title="bbox 2174 3915 3740 3988; baseline 0.003 -19"><span class='ocrx_word' id='word_1_612' title='bbox 2174 3929 2391 3978; x_wconf 87' lang='lat' dir='ltr'><strong>natura,</strong></span> <span class='ocrx_word' id='word_1_613' title='bbox 2426 3931 2582 3969; x_wconf 89' lang='lat' dir='ltr'><strong>nemo</strong></span> <span class='ocrx_word' id='word_1_614' title='bbox 2613 3915 2890 3969; x_wconf 89' lang='lat' dir='ltr'><strong>hominum</strong></span> <span class='ocrx_word' id='word_1_615' title='bbox 2923 3933 3156 3986; x_wconf 89' lang='lat' dir='ltr'><strong>unquam</strong></span> <span class='ocrx_word' id='word_1_616' title='bbox 3180 3919 3412 3986; x_wconf 69' lang='lat' dir='ltr'><strong>‘reperit,</strong></span> <span class='ocrx_word' id='word_1_617' title='bbox 3444 3933 3614 3988; x_wconf 84' lang='lat' dir='ltr'><strong>neque</strong></span> <span class='ocrx_word' id='word_1_618' title='bbox 3652 3935 3740 3972; x_wconf 82' lang='lat' dir='ltr'><strong>re-</strong></span> 
     </span>
    </p>
   </div>
   <div class='ocr_carea' id='block_1_84' title="bbox 2173 4005 3739 4079">
    <p class='ocr_par' dir='ltr' id='par_1_84' title="bbox 2173 4005 3739 4079">
     <span class='ocr_line' id='line_1_84' title="bbox 2173 4005 3739 4079; baseline 0.002 -20"><span class='ocrx_word' id='word_1_619' title='bbox 2173 4007 2352 4074; x_wconf 89' lang='lat' dir='ltr'><strong>perire</strong></span> <span class='ocrx_word' id='word_1_620' title='bbox 2380 4016 2562 4073; x_wconf 87' lang='lat' dir='ltr'><strong>queat.</strong></span> <span class='ocrx_word' id='word_1_621' title='bbox 2596 4005 2660 4059; x_wconf 87' lang='lat' dir='ltr'><strong>Et</strong></span> <span class='ocrx_word' id='word_1_622' title='bbox 2691 4021 2882 4061; x_wconf 86' lang='lat' dir='ltr'><strong>rursus</strong></span> <span class='ocrx_word' id='word_1_623' title='bbox 2907 4007 3106 4060; x_wconf 88' lang='lat' dir='ltr'><strong>ibidem</strong></span> <span class='ocrx_word' id='word_1_624' title='bbox 3147 4025 3161 4060; x_wconf 87' lang='lat'><strong>:</strong></span> <span class='ocrx_word' id='word_1_625' title='bbox 3200 4007 3479 4072; x_wconf 87' lang='lat' dir='ltr'><strong>Salomon,</strong></span> <span class='ocrx_word' id='word_1_626' title='bbox 3514 4009 3739 4079; x_wconf 32' lang='lat' dir='ltr'><strong>,inqnit,</strong></span> 
     </span>
    </p>
   </div>
   <div class='ocr_carea' id='block_1_85' title="bbox 2173 4097 3738 4169">
    <p class='ocr_par' dir='ltr' id='par_1_85' title="bbox 2173 4097 3738 4169">
     <span class='ocr_line' id='line_1_85' title="bbox 2173 4097 3738 4169; baseline 0.001 -21"><span class='ocrx_word' id='word_1_627' title='bbox 2173 4100 2266 4163; x_wconf 90' lang='lat' dir='ltr'><strong>qui</strong></span> <span class='ocrx_word' id='word_1_628' title='bbox 2303 4097 2408 4150; x_wconf 80' lang='lat' dir='ltr'><strong>fuit</strong></span> <span class='ocrx_word' id='word_1_629' title='bbox 2443 4097 2744 4167; x_wconf 90' lang='lat' dir='ltr'><strong>sapientior</strong></span> <span class='ocrx_word' id='word_1_630' title='bbox 2774 4100 2987 4152; x_wconf 90' lang='lat' dir='ltr'><strong>cunctis</strong></span> <span class='ocrx_word' id='word_1_631' title='bbox 3017 4099 3327 4154; x_wconf 90' lang='lat' dir='ltr'><strong>hominibus</strong></span> <span class='ocrx_word' id='word_1_632' title='bbox 3351 4101 3439 4169; x_wconf 85' lang='lat' dir='ltr'><strong>qui</strong></span> <span class='ocrx_word' id='word_1_633' title='bbox 3470 4114 3593 4155; x_wconf 90' lang='lat' dir='ltr'><strong>ante</strong></span> <span class='ocrx_word' id='word_1_634' title='bbox 3617 4116 3682 4155; x_wconf 86' lang='lat' dir='ltr'><strong>eu</strong></span> <span class='ocrx_word' id='word_1_635' title='bbox 3711 4126 3738 4151; x_wconf 79' lang='grc' dir='ltr'><strong>ιι</strong></span> 
     </span>
    </p>
   </div>
   <div class='ocr_carea' id='block_1_86' title="bbox 2170 4189 3738 4258">
    <p class='ocr_par' dir='ltr' id='par_1_86' title="bbox 2170 4189 3738 4258">
     <span class='ocr_line' id='line_1_86' title="bbox 2170 4189 3738 4258; baseline -0.001 -13"><span class='ocrx_word' id='word_1_636' title='bbox 2170 4199 2224 4245; x_wconf 91' lang='lat' dir='ltr'><strong>et</strong></span> <span class='ocrx_word' id='word_1_637' title='bbox 2260 4201 2380 4258; x_wconf 83' lang='lat' dir='ltr'><strong>post</strong></span> <span class='ocrx_word' id='word_1_638' title='bbox 2401 4204 2524 4244; x_wconf 87' lang='lat' dir='ltr'><strong>eum</strong></span> <span class='ocrx_word' id='word_1_639' title='bbox 2551 4189 2810 4245; x_wconf 79' lang='lat' dir='ltr'><strong>fuerunt:</strong></span> <span class='ocrx_word' id='word_1_640' title='bbox 2841 4192 2930 4245; x_wconf 88' lang='lat' dir='ltr'><strong>cui</strong></span> <span class='ocrx_word' id='word_1_641' title='bbox 2951 4190 3052 4246; x_wconf 79' lang='lat' dir='ltr'><strong>fuit</strong></span> <span class='ocrx_word' id='word_1_642' title='bbox 3086 4193 3314 4246; x_wconf 91' lang='lat' dir='ltr'><strong>latitudo</strong></span> <span class='ocrx_word' id='word_1_643' title='bbox 3336 4193 3518 4248; x_wconf 90' lang='lat' dir='ltr'><strong>cordis</strong></span> <span class='ocrx_word' id='word_1_644' title='bbox 3547 4195 3738 4248; x_wconf 87' lang='lat' dir='ltr'><strong>donum</strong></span> 
     </span>
    </p>
   </div>
   <div class='ocr_carea' id='block_1_87' title="bbox 2176 4274 3745 4351">
    <p class='ocr_par' dir='ltr' id='par_1_87' title="bbox 2176 4274 3745 4351">
     <span class='ocr_line' id='line_1_87' title="bbox 2176 4274 3745 4351; baseline 0.005 -25"><span class='ocrx_word' id='word_1_645' title='bbox 2176 4274 2296 4340; x_wconf 84' lang='lat' dir='ltr'><strong>Dei,</strong></span> <span class='ocrx_word' id='word_1_646' title='bbox 2354 4285 2406 4330; x_wconf 90' lang='lat' dir='ltr'><strong>et</strong></span> <span class='ocrx_word' id='word_1_647' title='bbox 2447 4275 2725 4331; x_wconf 82' lang='lat' dir='ltr'><strong>aﬁluentia</strong></span> <span class='ocrx_word' id='word_1_648' title='bbox 2758 4280 3236 4348; x_wconf 90' lang='lat' dir='ltr'><strong>contemplationis</strong></span> <span class='ocrx_word' id='word_1_649' title='bbox 3282 4282 3554 4351; x_wconf 86' lang='lat' dir='ltr'><strong>copiosior</strong></span> <span class='ocrx_word' id='word_1_650' title='bbox 3584 4298 3745 4336; x_wconf 74' lang='lat' dir='ltr'><strong>arena</strong></span> 
     </span>
    </p>
   </div>
   <div class='ocr_carea' id='block_1_88' title="bbox 2174 4367 3741 4440">
    <p class='ocr_par' dir='ltr' id='par_1_88' title="bbox 2174 4367 3741 4440">
     <span class='ocr_line' id='line_1_88' title="bbox 2174 4367 3741 4440; baseline 0.005 -22"><span class='ocrx_word' id='word_1_651' title='bbox 2174 4367 2366 4432; x_wconf 87' lang='lat' dir='ltr'><strong>maris;</strong></span> <span class='ocrx_word' id='word_1_652' title='bbox 2399 4377 2602 4436; x_wconf 88' lang='lat' dir='ltr'><strong>quanto</strong></span> <span class='ocrx_word' id='word_1_653' title='bbox 2635 4369 2751 4438; x_wconf 89' lang='lat' dir='ltr'><strong>plus</strong></span> <span class='ocrx_word' id='word_1_654' title='bbox 2780 4380 3054 4425; x_wconf 75' lang='lat' dir='ltr'><strong>scrutatur</strong></span> <span class='ocrx_word' id='word_1_655' title='bbox 3071 4372 3415 4440; x_wconf 76' lang='lat' dir='ltr'><strong>profundum,</strong></span> <span class='ocrx_word' id='word_1_656' title='bbox 3462 4381 3608 4426; x_wconf 90' lang='lat' dir='ltr'><strong>tanto</strong></span> <span class='ocrx_word' id='word_1_657' title='bbox 3628 4389 3741 4426; x_wconf 72' lang='grc' dir='ltr'>ωει-</span> 
     </span>
    </p>
   </div>
   <div class='ocr_carea' id='block_1_89' title="bbox 2174 4456 3744 4529">
    <p class='ocr_par' dir='ltr' id='par_1_89' title="bbox 2174 4456 3744 4529">
     <span class='ocr_line' id='line_1_89' title="bbox 2174 4456 3744 4529; baseline 0.006 -22"><span class='ocrx_word' id='word_1_658' title='bbox 2174 4456 2257 4523; x_wconf 84' lang='lat' dir='ltr'><strong>gis</strong></span> <span class='ocrx_word' id='word_1_659' title='bbox 2282 4466 2517 4510; x_wconf 67' lang='lat' dir='ltr'><strong>atstuat:</strong></span> <span class='ocrx_word' id='word_1_660' title='bbox 2553 4465 2606 4512; x_wconf 90' lang='lat' dir='ltr'><strong>et</strong></span> <span class='ocrx_word' id='word_1_661' title='bbox 2630 4461 2788 4511; x_wconf 89' lang='lat' dir='ltr'><strong>tinem</strong></span> <span class='ocrx_word' id='word_1_662' title='bbox 2814 4460 3101 4528; x_wconf 87' lang='lat' dir='ltr'><strong>quemdam</strong></span> <span class='ocrx_word' id='word_1_663' title='bbox 3137 4460 3266 4514; x_wconf 73' lang='lat' dir='ltr'><strong>facit</strong></span> <span class='ocrx_word' id='word_1_664' title='bbox 3296 4462 3574 4529; x_wconf 68' lang='lat' dir='ltr'><strong>sapientiae</strong></span> <span class='ocrx_word' id='word_1_665' title='bbox 3598 4462 3744 4516; x_wconf 78' lang='lat' dir='ltr'><strong>inve-</strong></span> 
     </span>
    </p>
   </div>
   <div class='ocr_carea' id='block_1_90' title="bbox 484 4551 3746 4633">
    <p class='ocr_par' dir='ltr' id='par_1_90' title="bbox 484 4551 3746 4633">
     <span class='ocr_line' id='line_1_90' title="bbox 484 4551 3746 4633; baseline -0.003 -15"><span class='ocrx_word' id='word_1_666' title='bbox 484 4568 621 4624; x_wconf 81' lang='lat' dir='ltr'><strong>tibro</strong></span> <span class='ocrx_word' id='word_1_667' title='bbox 652 4566 825 4633; x_wconf 89' lang='lat' dir='ltr'><strong>primo</strong></span> <span class='ocrx_word' id='word_1_668' title='bbox 854 4563 1051 4618; x_wconf 81' lang='lat' dir='ltr'><strong>Contra</strong></span> <span class='ocrx_word' id='word_1_669' title='bbox 1086 4560 1430 4623; x_wconf 83' lang='lat' dir='ltr'><strong>Eunomium,</strong></span> <span class='ocrx_word' id='word_1_670' title='bbox 1463 4573 1583 4627; x_wconf 88' lang='lat' dir='ltr'><strong>cap.</strong></span> <span class='ocrx_word' id='word_1_671' title='bbox 1612 4556 1675 4611; x_wconf 80' lang='lat' dir='ltr'><strong>l9</strong></span> <span class='ocrx_word' id='word_1_672' title='bbox 1703 4576 1716 4611; x_wconf 86' lang='lat'><strong>:</strong></span> <span class='ocrx_word' id='word_1_673' title='bbox 1749 4557 1865 4613; x_wconf 73' lang='lat' dir='ltr'><strong>Non</strong></span> <span class='ocrx_word' id='word_1_674' title='bbox 1893 4563 2074 4616; x_wconf 71' lang='lat' dir='ltr'><strong>tenui.</strong></span> <span class='ocrx_word' id='word_1_675' title='bbox 2110 4567 2152 4623; x_wconf 81' lang='grc' dir='ltr'>ι)</span> <span class='ocrx_word' id='word_1_676' title='bbox 2180 4552 2297 4604; x_wconf 89' lang='lat' dir='ltr'><strong>nire</strong></span> <span class='ocrx_word' id='word_1_677' title='bbox 2330 4562 2591 4619; x_wconf 84' lang='lat' dir='ltr'><strong>quantum</strong></span> <span class='ocrx_word' id='word_1_678' title='bbox 2628 4551 2889 4624; x_wconf 70' lang='lat' dir='ltr'><strong>eﬁ‘ugerat</strong></span> <span class='ocrx_word' id='word_1_679' title='bbox 2917 4554 2986 4606; x_wconf 85' lang='grc'><strong>⁸⁷.</strong></span> <span class='ocrx_word' id='word_1_680' title='bbox 3035 4553 3233 4609; x_wconf 89' lang='lat' dir='ltr'><strong>Paulus</strong></span> <span class='ocrx_word' id='word_1_681' title='bbox 3295 4566 3474 4610; x_wconf 90' lang='lat' dir='ltr'><strong>autem</strong></span> <span class='ocrx_word' id='word_1_682' title='bbox 3523 4554 3746 4610; x_wconf 79' lang='lat' dir='ltr'><strong>conatur</strong></span> 
     </span>
    </p>
   </div>
   <div class='ocr_carea' id='block_1_91' title="bbox 483 4641 2075 4723">
    <p class='ocr_par' dir='ltr' id='par_1_91' title="bbox 483 4641 2075 4723">
     <span class='ocr_line' id='line_1_91' title="bbox 483 4641 2075 4723; baseline -0.003 -14"><span class='ocrx_word' id='word_1_683' title='bbox 483 4671 670 4711; x_wconf 89' lang='lat' dir='ltr'><strong>natum</strong></span> <span class='ocrx_word' id='word_1_684' title='bbox 707 4657 847 4710; x_wconf 88' lang='lat' dir='ltr'><strong>idem</strong></span> <span class='ocrx_word' id='word_1_685' title='bbox 875 4667 977 4722; x_wconf 78' lang='lat' dir='ltr'><strong>t-st,</strong></span> <span class='ocrx_word' id='word_1_686' title='bbox 1005 4656 1148 4723; x_wconf 90' lang='lat' dir='ltr'><strong>quod</strong></span> <span class='ocrx_word' id='word_1_687' title='bbox 1185 4641 1482 4715; x_wconf 84' lang='lat' dir='ltr'><strong>inﬁnitum,</strong></span> <span class='ocrx_word' id='word_1_688' title='bbox 1511 4650 1722 4705; x_wconf 87' lang='lat' dir='ltr'><strong>inﬁnito</strong></span> <span class='ocrx_word' id='word_1_689' title='bbox 1746 4663 1925 4705; x_wconf 85' lang='lat' dir='ltr'><strong>autem</strong></span> <span class='ocrx_word' id='word_1_690' title='bbox 1956 4653 2075 4720; x_wconf 88' lang='lat' dir='ltr'><strong>plus</strong></span> 
     </span>
    </p>
   </div>
   <div class='ocr_carea' id='block_1_92' title="bbox 455 4743 2071 4814">
    <p class='ocr_par' dir='ltr' id='par_1_92' title="bbox 455 4743 2071 4814">
     <span class='ocr_line' id='line_1_92' title="bbox 455 4743 2071 4814; baseline -0.002 -11"><span class='ocrx_word' id='word_1_691' title='bbox 455 4755 576 4803; x_wconf 81' lang='lat' dir='ltr'><strong>&#39;ant</strong></span> <span class='ocrx_word' id='word_1_692' title='bbox 612 4750 792 4802; x_wconf 90' lang='lat' dir='ltr'><strong>minus</strong></span> <span class='ocrx_word' id='word_1_693' title='bbox 811 4747 1050 4814; x_wconf 86' lang='lat' dir='ltr'><strong>cogitare</strong></span> <span class='ocrx_word' id='word_1_694' title='bbox 1072 4755 1331 4799; x_wconf 64' lang='lat' dir='ltr'><strong>extremm</strong></span> <span class='ocrx_word' id='word_1_695' title='bbox 1351 4743 1637 4796; x_wconf 70' lang='lat' dir='ltr'><strong>dementiae</strong></span> <span class='ocrx_word' id='word_1_696' title='bbox 1659 4751 1738 4798; x_wconf 91' lang='lat' dir='ltr'><strong>est</strong></span> <span class='ocrx_word' id='word_1_697' title='bbox 1758 4762 1778 4810; x_wconf 63' lang='lat'><strong><em>;~</em></strong></span> <span class='ocrx_word' id='word_1_698' title='bbox 1799 4744 2071 4812; x_wconf 89' lang='lat' dir='ltr'><strong>quomodo</strong></span> 
     </span>
    </p>
   </div>
   <div class='ocr_carea' id='block_1_93' title="bbox 481 4834 2070 4904">
    <p class='ocr_par' dir='ltr' id='par_1_93' title="bbox 481 4834 2070 4904">
     <span class='ocr_line' id='line_1_93' title="bbox 481 4834 2070 4904; baseline -0.003 -8"><span class='ocrx_word' id='word_1_699' title='bbox 481 4843 624 4896; x_wconf 86' lang='lat' dir='ltr'><strong>enim</strong></span> <span class='ocrx_word' id='word_1_700' title='bbox 663 4843 798 4894; x_wconf 86' lang='lat' dir='ltr'><strong>ratio</strong></span> <span class='ocrx_word' id='word_1_701' title='bbox 829 4837 1027 4893; x_wconf 88' lang='lat' dir='ltr'><strong>inlinlti</strong></span> <span class='ocrx_word' id='word_1_702' title='bbox 1061 4835 1267 4891; x_wconf 88' lang='lat' dir='ltr'><strong>servari</strong></span> <span class='ocrx_word' id='word_1_703' title='bbox 1297 4844 1486 4904; x_wconf 89' lang='lat' dir='ltr'><strong>queat,</strong></span> <span class='ocrx_word' id='word_1_704' title='bbox 1521 4834 1565 4889; x_wconf 92' lang='lat' dir='ltr'><strong>si</strong></span> <span class='ocrx_word' id='word_1_705' title='bbox 1613 4834 1734 4903; x_wconf 89' lang='lat' dir='ltr'><strong>plus</strong></span> <span class='ocrx_word' id='word_1_706' title='bbox 1764 4846 1860 4890; x_wconf 86' lang='lat' dir='ltr'><strong>aut</strong></span> <span class='ocrx_word' id='word_1_707' title='bbox 1888 4838 2070 4892; x_wconf 86' lang='lat' dir='ltr'><strong>minus</strong></span> 
     </span>
    </p>
   </div>
   <div class='ocr_carea' id='block_1_94' title="bbox 483 4928 2063 5004">
    <p class='ocr_par' dir='ltr' id='par_1_94' title="bbox 483 4928 2063 5004">
     <span class='ocr_line' id='line_1_94' title="bbox 483 4928 2063 5004; baseline -0.003 -17"><span class='ocrx_word' id='word_1_708' title='bbox 483 4937 534 4987; x_wconf 86' lang='lat' dir='ltr'><strong>in</strong></span> <span class='ocrx_word' id='word_1_709' title='bbox 589 4935 705 5004; x_wconf 91' lang='lat' dir='ltr'><strong>ipso</strong></span> <span class='ocrx_word' id='word_1_710' title='bbox 733 4929 1136 4987; x_wconf 85' lang='lat' dir='ltr'><strong>decernuntur?</strong></span> <span class='ocrx_word' id='word_1_711' title='bbox 1173 4944 1235 4983; x_wconf 79' lang='lat' dir='ltr'><strong>ex</strong></span> <span class='ocrx_word' id='word_1_712' title='bbox 1284 4928 1641 4997; x_wconf 88' lang='lat' dir='ltr'><strong>dispositione</strong></span> <span class='ocrx_word' id='word_1_713' title='bbox 1679 4928 1822 4981; x_wconf 92' lang='lat' dir='ltr'><strong>enim</strong></span> <span class='ocrx_word' id='word_1_714' title='bbox 1877 4931 2063 4983; x_wconf 90' lang='lat' dir='ltr'><strong>ﬁnium</strong></span> 
     </span>
    </p>
   </div>
   <div class='ocr_carea' id='block_1_95' title="bbox 486 5019 2062 5094">
    <p class='ocr_par' dir='ltr' id='par_1_95' title="bbox 486 5019 2062 5094">
     <span class='ocr_line' id='line_1_95' title="bbox 486 5019 2062 5094; baseline -0.005 -14"><span class='ocrx_word' id='word_1_715' title='bbox 486 5030 630 5082; x_wconf 87' lang='lat' dir='ltr'><strong>inter</strong></span> <span class='ocrx_word' id='word_1_716' title='bbox 657 5043 749 5092; x_wconf 88' lang='lat' dir='ltr'><strong>se;</strong></span> <span class='ocrx_word' id='word_1_717' title='bbox 783 5025 923 5094; x_wconf 84' lang='lat' dir='ltr'><strong>quod</strong></span> <span class='ocrx_word' id='word_1_718' title='bbox 957 5025 1078 5091; x_wconf 83' lang='lat' dir='ltr'><strong>plus</strong></span> <span class='ocrx_word' id='word_1_719' title='bbox 1111 5031 1214 5086; x_wconf 84' lang='lat' dir='ltr'><strong>est,</strong></span> <span class='ocrx_word' id='word_1_720' title='bbox 1249 5022 1626 5088; x_wconf 75' lang='lat' dir='ltr'><strong>dijudicamus,</strong></span> <span class='ocrx_word' id='word_1_721' title='bbox 1667 5019 1718 5070; x_wconf 93' lang='lat' dir='ltr'><strong>in</strong></span> <span class='ocrx_word' id='word_1_722' title='bbox 1745 5021 1940 5086; x_wconf 87' lang='lat' dir='ltr'><strong>quibus</strong></span> <span class='ocrx_word' id='word_1_723' title='bbox 1968 5036 2062 5073; x_wconf 86' lang='lat' dir='ltr'><strong>au-</strong></span> 
     </span>
    </p>
   </div>
   <div class='ocr_carea' id='block_1_96' title="bbox 487 5113 2064 5182">
    <p class='ocr_par' dir='ltr' id='par_1_96' title="bbox 487 5113 2064 5182">
     <span class='ocr_line' id='line_1_96' title="bbox 487 5113 2064 5182; baseline -0.006 -9"><span class='ocrx_word' id='word_1_724' title='bbox 487 5131 591 5174; x_wconf 90' lang='lat' dir='ltr'><strong>tem</strong></span> <span class='ocrx_word' id='word_1_725' title='bbox 626 5136 728 5172; x_wconf 90' lang='lat' dir='ltr'><strong>non</strong></span> <span class='ocrx_word' id='word_1_726' title='bbox 761 5128 846 5169; x_wconf 81' lang='lat' dir='ltr'><strong>est</strong></span> <span class='ocrx_word' id='word_1_727' title='bbox 882 5116 1023 5177; x_wconf 89' lang='lat' dir='ltr'><strong>ﬁnis,</strong></span> <span class='ocrx_word' id='word_1_728' title='bbox 1055 5115 1326 5182; x_wconf 91' lang='lat' dir='ltr'><strong>quomodo</strong></span> <span class='ocrx_word' id='word_1_729' title='bbox 1356 5121 1533 5180; x_wconf 86' lang='lat' dir='ltr'><strong>potest</strong></span> <span class='ocrx_word' id='word_1_730' title='bbox 1559 5113 1682 5180; x_wconf 83' lang='lat' dir='ltr'><strong>quis</strong></span> <span class='ocrx_word' id='word_1_731' title='bbox 1709 5113 1947 5180; x_wconf 85' lang='lat' dir='ltr'><strong>cogitare</strong></span> <span class='ocrx_word' id='word_1_732' title='bbox 1971 5128 2064 5166; x_wconf 83' lang='lat' dir='ltr'><strong>su-</strong></span> 
     </span>
    </p>
   </div>
   <div class='ocr_carea' id='block_1_97' title="bbox 483 5198 2064 5279">
    <p class='ocr_par' dir='ltr' id='par_1_97' title="bbox 483 5198 2064 5279">
     <span class='ocr_line' id='line_1_97' title="bbox 483 5198 2064 5279; baseline -0.007 -18"><span class='ocrx_word' id='word_1_733' title='bbox 483 5205 791 5279; x_wconf 81' lang='lat' dir='ltr'><strong>prﬁnens?</strong></span> <span class='ocrx_word' id='word_1_734' title='bbox 842 5203 984 5256; x_wconf 86' lang='lat' dir='ltr'><strong>Idem</strong></span> <span class='ocrx_word' id='word_1_735' title='bbox 1037 5204 1088 5256; x_wconf 90' lang='lat' dir='ltr'><strong>in</strong></span> <span class='ocrx_word' id='word_1_736' title='bbox 1127 5205 1315 5255; x_wconf 74' lang='lat' dir='ltr'><strong>eodem</strong></span> <span class='ocrx_word' id='word_1_737' title='bbox 1350 5219 1363 5255; x_wconf 92' lang='lat'><strong>:</strong></span> <span class='ocrx_word' id='word_1_738' title='bbox 1396 5198 1530 5263; x_wconf 86' lang='lat' dir='ltr'><strong>Quis</strong></span> <span class='ocrx_word' id='word_1_739' title='bbox 1578 5198 1770 5262; x_wconf 91' lang='lat' dir='ltr'><strong>nescit,</strong></span> <span class='ocrx_word' id='word_1_740' title='bbox 1803 5198 1944 5265; x_wconf 80' lang='lat' dir='ltr'><strong>quod</strong></span> <span class='ocrx_word' id='word_1_741' title='bbox 1979 5213 2064 5251; x_wconf 88' lang='lat' dir='ltr'><strong>se-</strong></span> 
     </span>
    </p>
   </div>
   <div class='ocr_carea' id='block_1_98' title="bbox 481 5289 2062 5364">
    <p class='ocr_par' dir='ltr' id='par_1_98' title="bbox 481 5289 2062 5364">
     <span class='ocr_line' id='line_1_98' title="bbox 481 5289 2062 5364; baseline -0.006 -11"><span class='ocrx_word' id='word_1_742' title='bbox 481 5301 719 5354; x_wconf 82' lang='lat' dir='ltr'><strong>cundum</strong></span> <span class='ocrx_word' id='word_1_743' title='bbox 759 5296 1032 5364; x_wconf 86' lang='lat' dir='ltr'><strong>propriam</strong></span> <span class='ocrx_word' id='word_1_744' title='bbox 1067 5296 1328 5347; x_wconf 85' lang='lat' dir='ltr'><strong>rationem</strong></span> <span class='ocrx_word' id='word_1_745' title='bbox 1361 5290 1682 5359; x_wconf 87' lang='lat' dir='ltr'><strong>simplicitas</strong></span> <span class='ocrx_word' id='word_1_746' title='bbox 1712 5307 1816 5343; x_wconf 89' lang='lat' dir='ltr'><strong>non</strong></span> <span class='ocrx_word' id='word_1_747' title='bbox 1864 5289 2062 5358; x_wconf 82' lang='lat' dir='ltr'><strong>recipit</strong></span> 
     </span>
    </p>
   </div>
   <div class='ocr_carea' id='block_1_99' title="bbox 479 5383 2056 5452">
    <p class='ocr_par' dir='ltr' id='par_1_99' title="bbox 479 5383 2056 5452">
     <span class='ocr_line' id='line_1_99' title="bbox 479 5383 2056 5452; baseline -0.006 -8"><span class='ocrx_word' id='word_1_748' title='bbox 479 5392 536 5446; x_wconf 86' lang='lat' dir='ltr'><strong>in</strong></span> <span class='ocrx_word' id='word_1_749' title='bbox 574 5403 762 5446; x_wconf 83' lang='lat' dir='ltr'><strong>sanCta</strong></span> <span class='ocrx_word' id='word_1_750' title='bbox 793 5386 1059 5439; x_wconf 87' lang='lat' dir='ltr'><strong>&#39;l‘rinitatc</strong></span> <span class='ocrx_word' id='word_1_751' title='bbox 1098 5385 1217 5452; x_wconf 81' lang='lat' dir='ltr'><strong>plus</strong></span> <span class='ocrx_word' id='word_1_752' title='bbox 1265 5393 1357 5435; x_wconf 90' lang='lat' dir='ltr'><strong>aut</strong></span> <span class='ocrx_word' id='word_1_753' title='bbox 1406 5383 1620 5435; x_wconf 82' lang='lat' dir='ltr'><strong>minus?</strong></span> <span class='ocrx_word' id='word_1_754' title='bbox 1652 5383 1704 5434; x_wconf 92' lang='lat' dir='ltr'><strong>in</strong></span> <span class='ocrx_word' id='word_1_755' title='bbox 1756 5398 1863 5451; x_wconf 89' lang='lat' dir='ltr'><strong>qua</strong></span> <span class='ocrx_word' id='word_1_756' title='bbox 1914 5383 2056 5434; x_wconf 86' lang='lat' dir='ltr'><strong>enim</strong></span> 
     </span>
    </p>
   </div>
   <div class='ocr_carea' id='block_1_100' title="bbox 481 5475 2053 5551">
    <p class='ocr_par' dir='ltr' id='par_1_100' title="bbox 481 5475 2053 5551">
     <span class='ocr_line' id='line_1_100' title="bbox 481 5475 2053 5551; baseline -0.004 -18"><span class='ocrx_word' id='word_1_757' title='bbox 481 5497 590 5536; x_wconf 86' lang='lat' dir='ltr'><strong>non</strong></span> <span class='ocrx_word' id='word_1_758' title='bbox 624 5489 800 5551; x_wconf 86' lang='lat' dir='ltr'><strong>potest</strong></span> <span class='ocrx_word' id='word_1_759' title='bbox 824 5479 1006 5532; x_wconf 87' lang='lat' dir='ltr'><strong>mistio</strong></span> <span class='ocrx_word' id='word_1_760' title='bbox 1034 5480 1298 5547; x_wconf 63' lang='lat' dir='ltr'><strong>quwpiam</strong></span> <span class='ocrx_word' id='word_1_761' title='bbox 1328 5477 1652 5546; x_wconf 84' lang='lat' dir='ltr'><strong>qualitatum</strong></span> <span class='ocrx_word' id='word_1_762' title='bbox 1679 5485 1731 5530; x_wconf 84' lang='lat' dir='ltr'><strong>et</strong></span> <span class='ocrx_word' id='word_1_763' title='bbox 1763 5475 2053 5530; x_wconf 84' lang='lat' dir='ltr'><strong>concursio</strong></span> 
     </span>
    </p>
   </div>
   <div class='ocr_carea' id='block_1_101' title="bbox 2181 4643 3744 4717">
    <p class='ocr_par' dir='ltr' id='par_1_101' title="bbox 2181 4643 3744 4717">
     <span class='ocr_line' id='line_1_101' title="bbox 2181 4643 3744 4717; baseline 0.004 -25"><span class='ocrx_word' id='word_1_764' title='bbox 2181 4643 2398 4709; x_wconf 88' lang='lat' dir='ltr'><strong>quidem</strong></span> <span class='ocrx_word' id='word_1_765' title='bbox 2429 4645 2641 4711; x_wconf 87' lang='lat' dir='ltr'><strong>assequi</strong></span> <span class='ocrx_word' id='word_1_766' title='bbox 2675 4659 2778 4698; x_wconf 91' lang='lat' dir='ltr'><strong>non</strong></span> <span class='ocrx_word' id='word_1_767' title='bbox 2826 4644 2951 4699; x_wconf 90' lang='lat' dir='ltr'><strong>dico</strong></span> <span class='ocrx_word' id='word_1_768' title='bbox 2987 4657 3236 4699; x_wconf 78' lang='lat' dir='ltr'><strong>naturam</strong></span> <span class='ocrx_word' id='word_1_769' title='bbox 3297 4645 3389 4700; x_wconf 87' lang='lat' dir='ltr'><strong>Dei</strong></span> <span class='ocrx_word' id='word_1_770' title='bbox 3429 4647 3553 4717; x_wconf 89' lang='lat' dir='ltr'><strong>(hoc</strong></span> <span class='ocrx_word' id='word_1_771' title='bbox 3600 4647 3744 4700; x_wconf 84' lang='lat' dir='ltr'><strong>enim</strong></span> 
     </span>
    </p>
   </div>
   <div class='ocr_carea' id='block_1_102' title="bbox 2175 4733 3749 4806">
    <p class='ocr_par' dir='ltr' id='par_1_102' title="bbox 2175 4733 3749 4806">
     <span class='ocr_line' id='line_1_102' title="bbox 2175 4733 3749 4806; baseline 0.002 -19"><span class='ocrx_word' id='word_1_772' title='bbox 2175 4733 2426 4798; x_wconf 81' lang='lat' dir='ltr'><strong>otnnihus</strong></span> <span class='ocrx_word' id='word_1_773' title='bbox 2459 4735 2631 4789; x_wconf 86' lang='lat' dir='ltr'><strong>modis</strong></span> <span class='ocrx_word' id='word_1_774' title='bbox 2664 4734 2776 4790; x_wconf 85' lang='lat' dir='ltr'><strong>ﬁeri</strong></span> <span class='ocrx_word' id='word_1_775' title='bbox 2798 4750 2901 4790; x_wconf 92' lang='lat' dir='ltr'><strong>non</strong></span> <span class='ocrx_word' id='word_1_776' title='bbox 2936 4736 3158 4805; x_wconf 83' lang='lat' dir='ltr'><strong>potest),</strong></span> <span class='ocrx_word' id='word_1_777' title='bbox 3193 4737 3503 4806; x_wconf 86' lang='lat' dir='ltr'><strong>sedjudicia</strong></span> <span class='ocrx_word' id='word_1_778' title='bbox 3535 4747 3749 4791; x_wconf 76' lang='lat' dir='ltr'><strong>tantum</strong></span> 
     </span>
    </p>
   </div>
   <div class='ocr_carea' id='block_1_103' title="bbox 2174 4823 3740 4896">
    <p class='ocr_par' dir='ltr' id='par_1_103' title="bbox 2174 4823 3740 4896">
     <span class='ocr_line' id='line_1_103' title="bbox 2174 4823 3740 4896; baseline 0.002 -20"><span class='ocrx_word' id='word_1_779' title='bbox 2174 4823 2266 4878; x_wconf 89' lang='lat' dir='ltr'><strong>Dei</strong></span> <span class='ocrx_word' id='word_1_780' title='bbox 2293 4841 2308 4892; x_wconf 83' lang='lat'><strong>;</strong></span> <span class='ocrx_word' id='word_1_781' title='bbox 2332 4827 2455 4893; x_wconf 89' lang='lat' dir='ltr'><strong>quia</strong></span> <span class='ocrx_word' id='word_1_782' title='bbox 2485 4842 2615 4881; x_wconf 87' lang='lat' dir='ltr'><strong>vero</strong></span> <span class='ocrx_word' id='word_1_783' title='bbox 2648 4841 2753 4881; x_wconf 92' lang='lat' dir='ltr'><strong>non</strong></span> <span class='ocrx_word' id='word_1_784' title='bbox 2791 4835 2967 4896; x_wconf 84' lang='lat' dir='ltr'><strong>potest</strong></span> <span class='ocrx_word' id='word_1_785' title='bbox 2995 4830 3235 4896; x_wconf 88' lang='lat' dir='ltr'><strong>reperire</strong></span> <span class='ocrx_word' id='word_1_786' title='bbox 3267 4831 3498 4893; x_wconf 76' lang='lat' dir='ltr'><strong>exitum,</strong></span> <span class='ocrx_word' id='word_1_787' title='bbox 3538 4846 3636 4883; x_wconf 89' lang='lat' dir='ltr'><strong>nec</strong></span> <span class='ocrx_word' id='word_1_788' title='bbox 3656 4840 3740 4881; x_wconf 77' lang='lat' dir='ltr'><strong>uin</strong></span> 
     </span>
    </p>
   </div>
   <div class='ocr_carea' id='block_1_104' title="bbox 2169 4917 3745 4986">
    <p class='ocr_par' dir='ltr' id='par_1_104' title="bbox 2169 4917 3745 4986">
     <span class='ocr_line' id='line_1_104' title="bbox 2169 4917 3745 4986; baseline 0.005 -18"><span class='ocrx_word' id='word_1_789' title='bbox 2169 4917 2397 4986; x_wconf 88' lang='lat' dir='ltr'><strong>gradum</strong></span> <span class='ocrx_word' id='word_1_790' title='bbox 2430 4931 2690 4972; x_wconf 86' lang='lat' dir='ltr'><strong>ascensus</strong></span> <span class='ocrx_word' id='word_1_791' title='bbox 2723 4919 2904 4983; x_wconf 91' lang='lat' dir='ltr'><strong>sistat,</strong></span> <span class='ocrx_word' id='word_1_792' title='bbox 2930 4934 3029 4974; x_wconf 89' lang='lat' dir='ltr'><strong>nec</strong></span> <span class='ocrx_word' id='word_1_793' title='bbox 3085 4919 3178 4974; x_wconf 88' lang='lat' dir='ltr'><strong>ubi</strong></span> <span class='ocrx_word' id='word_1_794' title='bbox 3215 4922 3426 4975; x_wconf 88' lang='lat' dir='ltr'><strong>desinat</strong></span> <span class='ocrx_word' id='word_1_795' title='bbox 3461 4922 3745 4976; x_wconf 85' lang='lat' dir='ltr'><strong>curiositas</strong></span> 
     </span>
    </p>
   </div>
   <div class='ocr_carea' id='block_1_105' title="bbox 2175 5001 3744 5084">
    <p class='ocr_par' dir='ltr' id='par_1_105' title="bbox 2175 5001 3744 5084">
     <span class='ocr_line' id='line_1_105' title="bbox 2175 5001 3744 5084; baseline 0.004 -24"><span class='ocrx_word' id='word_1_796' title='bbox 2175 5009 2369 5062; x_wconf 89' lang='lat' dir='ltr'><strong>mentis</strong></span> <span class='ocrx_word' id='word_1_797' title='bbox 2402 5025 2415 5062; x_wconf 89' lang='lat'><strong>:</strong></span> <span class='ocrx_word' id='word_1_798' title='bbox 2446 5011 2572 5062; x_wconf 90' lang='lat' dir='ltr'><strong>dum</strong></span> <span class='ocrx_word' id='word_1_799' title='bbox 2605 5025 2824 5080; x_wconf 69' lang='lat' dir='ltr'><strong>semper</strong></span> <span class='ocrx_word' id='word_1_800' title='bbox 2854 5011 3060 5080; x_wconf 90' lang='lat' dir='ltr'><strong>aliquid</strong></span> <span class='ocrx_word' id='word_1_801' title='bbox 3089 5013 3419 5082; x_wconf 90' lang='lat' dir='ltr'><strong>subapparet</strong></span> <span class='ocrx_word' id='word_1_802' title='bbox 3451 5014 3564 5083; x_wconf 83' lang='lat' dir='ltr'><strong>ejus</strong></span> <span class='ocrx_word' id='word_1_803' title='bbox 3599 5001 3744 5084; x_wconf 82' lang='lat' dir='ltr'><strong>quod</strong></span> 
     </span>
    </p>
   </div>
   <div class='ocr_carea' id='block_1_106' title="bbox 2171 5099 3746 5170">
    <p class='ocr_par' dir='ltr' id='par_1_106' title="bbox 2171 5099 3746 5170">
     <span class='ocr_line' id='line_1_106' title="bbox 2171 5099 3746 5170; baseline 0.004 -19"><span class='ocrx_word' id='word_1_804' title='bbox 2171 5099 2494 5168; x_wconf 86' lang='lat' dir='ltr'><strong>relinquitur</strong></span> <span class='ocrx_word' id='word_1_805' title='bbox 2552 5101 2606 5170; x_wconf 83' lang='grc' dir='ltr'><strong>(ο</strong></span> <span class='ocrx_word' id='word_1_806' title='bbox 2641 5115 2754 5154; x_wconf 84' lang='lat' dir='ltr'><strong>rem</strong></span> <span class='ocrx_word' id='word_1_807' title='bbox 2788 5103 3001 5165; x_wconf 88' lang='lat' dir='ltr'><strong>miram,</strong></span> <span class='ocrx_word' id='word_1_808' title='bbox 3032 5113 3088 5156; x_wconf 89' lang='lat' dir='ltr'><strong>ut</strong></span> <span class='ocrx_word' id='word_1_809' title='bbox 3125 5105 3253 5158; x_wconf 81' lang='lat' dir='ltr'><strong>inihi</strong></span> <span class='ocrx_word' id='word_1_810' title='bbox 3308 5105 3559 5159; x_wconf 86' lang='lat' dir='ltr'><strong>similiter</strong></span> <span class='ocrx_word' id='word_1_811' title='bbox 3618 5121 3746 5158; x_wconf 72' lang='lat' dir='ltr'><strong>eve-</strong></span> 
     </span>
    </p>
   </div>
   <div class='ocr_carea' id='block_1_107' title="bbox 2173 5191 3742 5258">
    <p class='ocr_par' dir='ltr' id='par_1_107' title="bbox 2173 5191 3742 5258">
     <span class='ocr_line' id='line_1_107' title="bbox 2173 5191 3742 5258; baseline 0.005 -18"><span class='ocrx_word' id='word_1_812' title='bbox 2173 5191 2333 5256; x_wconf 89' lang='lat' dir='ltr'><strong>niat),</strong></span> <span class='ocrx_word' id='word_1_813' title='bbox 2365 5198 2586 5257; x_wconf 88' lang='lat' dir='ltr'><strong>stupore</strong></span> <span class='ocrx_word' id='word_1_814' title='bbox 2615 5191 2918 5245; x_wconf 89' lang='lat' dir='ltr'><strong>orationem</strong></span> <span class='ocrx_word' id='word_1_815' title='bbox 2949 5192 3374 5258; x_wconf 87' lang='lat' dir='ltr'><strong>circumscribit;</strong></span> <span class='ocrx_word' id='word_1_816' title='bbox 3408 5205 3462 5247; x_wconf 90' lang='lat' dir='ltr'><strong>et</strong></span> <span class='ocrx_word' id='word_1_817' title='bbox 3487 5196 3742 5248; x_wconf 86' lang='lat' dir='ltr'><strong>divinitas</strong></span> 
     </span>
    </p>
   </div>
   <div class='ocr_carea' id='block_1_108' title="bbox 2173 5280 3742 5356">
    <p class='ocr_par' dir='ltr' id='par_1_108' title="bbox 2173 5280 3742 5356">
     <span class='ocr_line' id='line_1_108' title="bbox 2173 5280 3742 5356; baseline 0.005 -24"><span class='ocrx_word' id='word_1_818' title='bbox 2173 5280 2286 5344; x_wconf 89' lang='lat' dir='ltr'><strong>Dei,</strong></span> <span class='ocrx_word' id='word_1_819' title='bbox 2315 5289 2476 5350; x_wconf 87' lang='lat' dir='ltr'><strong>atque</strong></span> <span class='ocrx_word' id='word_1_820' title='bbox 2496 5280 2816 5348; x_wconf 77' lang='lat' dir='ltr'><strong>profundum</strong></span> <span class='ocrx_word' id='word_1_821' title='bbox 2844 5284 2980 5337; x_wconf 88' lang='lat' dir='ltr'><strong>hanc</strong></span> <span class='ocrx_word' id='word_1_822' title='bbox 3001 5300 3111 5338; x_wconf 91' lang='lat' dir='ltr'><strong>rem</strong></span> <span class='ocrx_word' id='word_1_823' title='bbox 3146 5296 3316 5348; x_wconf 83' lang='lat' dir='ltr'><strong>vocat,</strong></span> <span class='ocrx_word' id='word_1_824' title='bbox 3350 5289 3742 5356; x_wconf 72' lang='lat' dir='ltr'><strong>conﬁteturque</strong></span> 
     </span>
    </p>
   </div>
   <div class='ocr_carea' id='block_1_109' title="bbox 2163 5373 3742 5446">
    <p class='ocr_par' dir='ltr' id='par_1_109' title="bbox 2163 5373 3742 5446">
     <span class='ocr_line' id='line_1_109' title="bbox 2163 5373 3742 5446; baseline 0.004 -20"><span class='ocrx_word' id='word_1_825' title='bbox 2163 5374 2367 5442; x_wconf 88' lang='lat' dir='ltr'><strong>judicia</strong></span> <span class='ocrx_word' id='word_1_826' title='bbox 2405 5373 2501 5427; x_wconf 86' lang='lat' dir='ltr'><strong>Dei</strong></span> <span class='ocrx_word' id='word_1_827' title='bbox 2547 5377 2932 5442; x_wconf 87' lang='lat' dir='ltr'><strong>comprehendi</strong></span> <span class='ocrx_word' id='word_1_828' title='bbox 2989 5392 3098 5430; x_wconf 89' lang='lat' dir='ltr'><strong>non</strong></span> <span class='ocrx_word' id='word_1_829' title='bbox 3131 5396 3290 5446; x_wconf 82' lang='lat' dir='ltr'><strong>posse</strong></span> <span class='ocrx_word' id='word_1_830' title='bbox 3319 5380 3388 5444; x_wconf 58' lang='lat'><strong>&#39;3;</strong></span> <span class='ocrx_word' id='word_1_831' title='bbox 3416 5380 3602 5433; x_wconf 80' lang='lat' dir='ltr'><strong>eadem</strong></span> <span class='ocrx_word' id='word_1_832' title='bbox 3627 5383 3742 5433; x_wconf 69' lang='lat' dir='ltr'><strong>lere</strong></span> 
     </span>
    </p>
   </div>
   <div class='ocr_carea' id='block_1_110' title="bbox 2167 5466 3737 5544">
    <p class='ocr_par' dir='ltr' id='par_1_110' title="bbox 2167 5466 3737 5544">
     <span class='ocr_line' id='line_1_110' title="bbox 2167 5466 3737 5544; baseline 0.004 -26"><span class='ocrx_word' id='word_1_833' title='bbox 2167 5476 2329 5535; x_wconf 84' lang='lat' dir='ltr'><strong>atque</strong></span> <span class='ocrx_word' id='word_1_834' title='bbox 2366 5466 2530 5520; x_wconf 88' lang='lat' dir='ltr'><strong>David</strong></span> <span class='ocrx_word' id='word_1_835' title='bbox 2568 5467 2817 5536; x_wconf 86' lang='lat' dir='ltr'><strong>loquens,</strong></span> <span class='ocrx_word' id='word_1_836' title='bbox 2859 5469 2953 5537; x_wconf 86' lang='lat' dir='ltr'><strong>qui</strong></span> <span class='ocrx_word' id='word_1_837' title='bbox 2993 5487 3134 5527; x_wconf 91' lang='lat' dir='ltr'><strong>nunc</strong></span> <span class='ocrx_word' id='word_1_838' title='bbox 3166 5473 3388 5542; x_wconf 84' lang='lat' dir='ltr'><strong>quidem</strong></span> <span class='ocrx_word' id='word_1_839' title='bbox 3408 5473 3604 5544; x_wconf 77' lang='lat' dir='ltr'><strong>judicia</strong></span> <span class='ocrx_word' id='word_1_840' title='bbox 3644 5473 3737 5526; x_wconf 84' lang='lat' dir='ltr'><strong>Det</strong></span> 
     </span>
    </p>
   </div>
   <div class='ocr_carea' id='block_1_111' title="bbox 549 5649 2799 5734">
    <p class='ocr_par' dir='ltr' id='par_1_111' title="bbox 549 5649 2799 5734">
     <span class='ocr_line' id='line_1_111' title="bbox 549 5649 2799 5734; baseline -0.002 -14"><span class='ocrx_word' id='word_1_841' title='bbox 549 5667 591 5698; x_wconf 82' lang='grc'>³⁷</span> <span class='ocrx_word' id='word_1_842' title='bbox 628 5665 691 5722; x_wconf 80' lang='grc' dir='ltr'><strong>ιιι</strong></span> <span class='ocrx_word' id='word_1_843' title='bbox 723 5664 854 5734; x_wconf 79' lang='lat' dir='ltr'><strong>Reg.</strong></span> <span class='ocrx_word' id='word_1_844' title='bbox 881 5680 955 5728; x_wconf 89' lang='lat' dir='ltr'><strong>tv,</strong></span> <span class='ocrx_word' id='word_1_845' title='bbox 986 5662 1046 5715; x_wconf 80' lang='lat' dir='ltr'><strong>3i</strong></span> <span class='ocrx_word' id='word_1_846' title='bbox 1083 5649 1278 5728; x_wconf 57' lang='lat' dir='ltr'><strong>mm.</strong></span> <span class='ocrx_word' id='word_1_847' title='bbox 1323 5679 1418 5725; x_wconf 75' lang='grc' dir='ltr'>χιι,</span> <span class='ocrx_word' id='word_1_848' title='bbox 1451 5676 1560 5715; x_wconf 87' lang='lat' dir='ltr'><strong>sec.</strong></span> <span class='ocrx_word' id='word_1_849' title='bbox 1590 5658 1773 5724; x_wconf 74' lang='lat' dir='ltr'><strong>LXX;</strong></span> <span class='ocrx_word' id='word_1_850' title='bbox 1828 5657 2032 5714; x_wconf 81' lang='lat' dir='ltr'><strong>Eccles.</strong></span> <span class='ocrx_word' id='word_1_851' title='bbox 2091 5675 2188 5712; x_wconf 83' lang='lat' dir='ltr'><strong>xu.</strong></span> <span class='ocrx_word' id='word_1_852' title='bbox 2253 5657 2296 5688; x_wconf 82' lang='lat'><strong>&quot;</strong></span> <span class='ocrx_word' id='word_1_853' title='bbox 2333 5657 2491 5714; x_wconf 79' lang='lat' dir='ltr'><strong>Rom.</strong></span> <span class='ocrx_word' id='word_1_854' title='bbox 2524 5661 2620 5727; x_wconf 74' lang='lat' dir='ltr'><strong>tt,l</strong></span> <span class='ocrx_word' id='word_1_855' title='bbox 2647 5672 2799 5726; x_wconf 65' lang='lat' dir='ltr'><strong>seqq.</strong></span> 
     </span>
    </p>
   </div>
   <div class='ocr_carea' id='block_1_112' title="bbox 551 5843 1818 5920">
    <p class='ocr_par' dir='ltr' id='par_1_112' title="bbox 551 5843 1818 5920">
     <span class='ocr_line' id='line_1_112' title="bbox 551 5843 1818 5920; baseline -0.008 -16"><span class='ocrx_word' id='word_1_856' title='bbox 551 5849 626 5920; x_wconf 82' lang='lat' dir='ltr'><strong>(a)</strong></span> <span class='ocrx_word' id='word_1_857' title='bbox 659 5849 793 5917; x_wconf 85' lang='lat' dir='ltr'><strong>Quia</strong></span> <span class='ocrx_word' id='word_1_858' title='bbox 832 5863 938 5906; x_wconf 87' lang='lat' dir='ltr'><strong>uno</strong></span> <span class='ocrx_word' id='word_1_859' title='bbox 970 5849 1126 5902; x_wconf 80' lang='lat' dir='ltr'><strong>molo</strong></span> <span class='ocrx_word' id='word_1_860' title='bbox 1161 5855 1237 5902; x_wconf 88' lang='lat' dir='ltr'><strong>est</strong></span> <span class='ocrx_word' id='word_1_861' title='bbox 1270 5845 1512 5900; x_wconf 86' lang='lat' dir='ltr'><strong>inﬁnitus</strong></span> <span class='ocrx_word' id='word_1_862' title='bbox 1544 5843 1818 5899; x_wconf 79' lang='lat' dir='ltr'><strong>omnibus.</strong></span> 
     </span>
    </p>
   </div>
  </div>
