4048 6424
311 381 416 446 913

951 386 1190 446 DECAS
1227 386 1390 450 VIII.
1426 411 1498 422 -
1524 387 1623 448 DE
1663 385 2104 447 lNFINITATE
2143 386 2272 446 DEI
2309 385 2389 446 ΙΝ
2427 386 2889 452 CREATURIS.

3454 384 3558 448 9M

307 509 461 554 vocat
485 503 742 572 abyssum
784 500 1032 565 multam,
1078 503 1236 571 cujus
1307 502 1532 557 idndum
1589 518 1869 564 mensura,
1903 505 1947 561 A
1977 502 2248 565 bulatnus,
2275 503 2415 556 sicut
2441 495 2730 572 ApoStolus
2754 504 2830 556 ait
2862 503 2927 556 ⁶¹.
2958 500 3014 556 Si
3050 503 3135 556 cui
3168 501 3331 570 igitur
3371 519 3558 556 eorum

307 602 395 643 aut
419 607 581 646 sensu
617 607 724 646 non
752 591 878 648 licet
911 594 1394 660 comprehendere;
1428 593 1720 664 aliquando
1743 609 1870 649 vero

308 683 437 736 dicit
474 683 850 736 admirabilem
893 683 1090 737 iactam
1136 699 1258 739 esse
1284 684 1650 754 cognitionem
1693 699 1759 739 ex
1811 700 1869 739 se

307 773 439 836 ipso,
467 783 520 826 et
540 789 605 826 ex
663 774 744 826 sui
782 773 1105 829 formatione
1151 775 1221 828 ⁵⁸.
1276 774 1344 830 Et
1399 776 1574 829 adhuc
1617 776 1758 830 idem
1817 776 1871 830 in

310 863 496 915 eodem
566 863 705 916 libro
757 881 772 917 :
822 863 960 928 Quia
1015 865 1214 933 expetit
1273 866 1490 932 quidem
1550 867 1728 920 omnis
1775 881 1873 919 na-

311 964 425 1005 tura
471 953 698 1018 primam
719 967 964 1019 causam;
992 954 1454 1021 comprehendere
1487 970 1614 1008 vero
1647 970 1750 1008 non
1782 970 1874 1022 po-

313 1055 408 1097 test
437 1056 656 1111 propter
687 1060 902 1109 causas,
931 1060 1064 1114 quas
1090 1046 1227 1110 dixi;
1284 1046 1535 1100 laborans
1576 1047 1872 1111 desiderio,

308 1145 359 1188 et
391 1138 552 1190 veluti
583 1138 769 1200 auxia,
802 1146 856 1191 et
888 1137 1148 1191 damnum
1187 1153 1292 1192 non
1328 1149 1521 1206 potens
1571 1138 1739 1202 ferre,
1787 1152 1872 1191 se-

309 1230 536 1280 cundam
572 1229 969 1296 navigationem
995 1228 1245 1296 suscipit,
1279 1240 1336 1282 ut
1364 1230 1638 1284 intueatur
1668 1231 1875 1284 scilicet

311 1321 360 1376 in
385 1334 447 1370 ea
489 1335 608 1386 qua:
633 1329 952 1382 cernuntur,
972 1327 1025 1372 et
1057 1320 1256 1387 aliquid
1279 1336 1345 1375 ex
1371 1321 1450 1373 eis
1485 1321 1649 1374 faciat
1681 1321 1872 1386 Deum,

310 1412 448 1461 male
476 1415 656 1464 docta.
686 1411 824 1475 Quid
856 1412 998 1464 enim
1053 1413 1194 1477 quod
1227 1415 1325 1464 sub
1375 1424 1650 1478 aspectum
1709 1415 1872 1476 cadit,

271 1549 274 1552 .
309 1516 374 1552 eo
403 1502 494 1566 qui
531 1502 746 1568 aspicit,
794 1502 956 1555 altius
1004 1512 1056 1553 et
1100 1503 1208 1554 lico
1251 1503 1481 1558 similius
1513 1515 1618 1564 est,
1679 1515 1737 1558 ut
1781 1507 1870 1559 hic

311 1591 474 1652 colat,
537 1579 662 1642 illud
689 1591 935 1645 colatur?
974 1591 1206 1646 Sanctus
1231 1593 1524 1660 Gregorius
1579 1595 1873 1666 Nyssenus,

312 1682 363 1734 in
397 1682 515 1736 Vita
553 1681 752 1750 Moysis
795 1701 807 1736 :
840 1683 962 1736 Non
990 1687 1184 1752 poteris
1236 1686 1410 1740 videre
1433 1688 1618 1754 faciem
1653 1705 1822 1740 meant
1856 1703 1876 1742 :

309 1790 410 1828 non
436 1776 568 1828 enim
600 1775 789 1828 videbit
819 1778 971 1830 homo
1003 1778 1193 1846 facient
1213 1795 1401 1840 meam,
1435 1789 1481 1831 et
1505 1781 1636 1833 vivet
1671 1781 1738 1832 ‘°.
1764 1782 1876 1834 Hoc

310 1871 489 1915 autem
517 1878 620 1916 non
642 1863 769 1918 dicit
789 1863 1093 1932 Scriptura,
1119 1867 1270 1934 quasi
1302 1865 1440 1920 Deus
1461 1868 1709 1926 sitcausa
1737 1884 1879 1921 mor-

315 1953 383 2004 tis
413 1951 710 2021 (quomodo
737 1957 881 2009 enim
919 1956 1081 2009 facies
1109 1957 1231 2009 vitae
1257 1956 1370 2010 ﬁeri
1405 1973 1642 2026 unquam
1707 1968 1880 2026 potest

308 2057 467 2096 causa
494 2045 684 2098 mortis
710 2046 791 2100 eis
821 2048 913 2114 qui
945 2049 1514 2116 appropinquaverunt
1536 2049 1605 2118 ?),
1629 2050 1724 2103 sed
1755 2051 1878 2119 quia

309 2131 458 2188 Deus.
476 2143 557 2187 est
593 2144 782 2188 natura
817 2137 943 2190 vitae
992 2147 1204 2202 auctor,
1247 2138 1524 2207 proprium
1576 2150 1758 2192 autem
1801 2141 1879 2192 si-

211 2269 214 2275 .
307 2240 468 2292 gnum
499 2225 694 2280 divina
746 2235 953 2282 natura:
1005 2237 1090 2281 est
1125 2243 1248 2282 esse
1287 2229 1488 2282 celsius
1527 2232 1669 2282 onmi
1699 2230 1876 2297 signo.

310 2316 592 2384 Quiigitur
619 2318 819 2386 aliquid
847 2332 1036 2372 eorum
1084 2334 1206 2388 qua:
1251 2331 1676 2390 cognoscuntur,
1712 2321 1876 2375 Deum

304 2422 429 2464 esse
460 2408 778 2472 arbitratur,
819 2421 1073 2480 tanquam
1105 2413 1172 2465 ab
1196 2427 1259 2466 eo
1281 2413 1372 2481 qui
1408 2429 1537 2468 vere
1594 2423 1701 2480 est,
1734 2415 1878 2470 male

313 2495 558 2553 deilexus
590 2499 656 2552 ad
697 2501 747 2554 id
786 2501 932 2570 quod
980 2503 1469 2570 comprehensione
1489 2503 1626 2558 ﬁctae
1669 2507 1878 2573 cogita-

314 2589 476 2644 tionis
501 2604 621 2645 ease
644 2591 1011 2657 existimatur,
1048 2595 1213 2648 vitam
1247 2610 1352 2650 non
1385 2596 1566 2650 habet.
1597 2597 1696 2664 Qui
1733 2600 1876 2653 enim

309 2685 392 2731 est
424 2687 608 2734 auctor
623 2695 812 2736 eorum
835 2699 954 2752 quae
981 2694 1130 2747 sunt,
1161 2687 1207 2738 is
1233 2695 1316 2740 est
1345 2701 1468 2741 vera
1490 2689 1594 2741 vita
1623 2705 1638 2750 ;
1667 2688 1752 2744 hic
1783 2705 1877 2743 au-

307 2774 415 2823 tem
451 2771 698 2838 cognosci
725 2788 831 2826 non
843 2783 1020 2841 potest
1045 2775 1146 2846 (α).
1176 2777 1311 2842 Quia
1339 2777 1500 2848 igitur
1513 2771 1875 2849 cognitionem

303 2859 473 2922 vincit
504 2870 693 2917 natura
718 2862 962 2919 eiieclrix
989 2865 1132 2929 vitae,
1159 2881 1320 2920 omne
1337 2869 1478 2934 quod
1515 2869 1875 2936 comprehen-

303 2951 472 3017 ditttr,
506 2969 613 3010 non
645 2965 727 3011 est
771 2958 900 3024 vita;
932 2959 1072 3026 quod
1105 2969 1284 3013 autem
1323 2975 1429 3013 non
1472 2967 1557 3012 est
1589 2958 1720 3024 vita,
1771 2975 1874 3014 non

303 3043 471 3097 habet
503 3055 777 3111 naturam,
809 3059 867 3102 ut
894 3048 1162 3104 eiliciatnr
1188 3049 1432 3104 eli‘ectrix
1465 3053 1609 3105 vitaz.
1663 3051 1755 3106 Sic
1781 3066 1878 3106 ex-

1975 593 2064 658 qui
2103 603 2307 650 certant
2334 594 2444 664 (d),
2472 595 2554 648 vel
2585 594 2790 658 lumen,
2822 593 2906 647 vel
2944 594 3113 662 figura
3153 595 3441 662 qumpiam,
3469 593 3554 644 vel

1983 683 2187 750 aliquid
2218 687 2282 738 ad
2311 677 2721 739 similitudinem
2765 685 2903 754 ignis
2930 695 3211 754 appareat,
3244 698 3310 737 ne
3343 686 3548 752 ample-

1975 784 2187 829 ctamur
2220 776 2525 844 hujusmodi
2555 781 2753 840 visum,
2784 787 2866 830 est
2900 777 3046 830 cutim
3085 775 3295 829 fallacia
3339 775 3547 828 inimici

1973 863 2284 926 manifesta,
2304 880 2422 932 qua:
2443 867 2660 933 quidem
2694 881 2780 919 res
2798 867 2996 922 multos
3021 866 3230 928 fefellit,
3280 868 3370 934 qui
3398 881 3558 934 prop-

1977 965 2058 1009 ter
2080 956 2434 1024 ignorantiam
2461 973 2488 1009 a
2509 958 2590 1010 via
2615 958 2854 1010 veritatis
2876 959 3009 1010 male
3029 955 3387 1034 deuerterunt.
3423 958 3558 1008 lica-

1976 1055 2061 1098 tus
2093 1046 2516 1115 Chrysostomus
2566 1048 2618 1099 in
2674 1049 2921 1100 oratione
2970 1048 3032 1100 de
3063 1048 3556 1113 lncoulprclienso:

1988 1135 2140 1200 Quod
2174 1137 2226 1188 in
2250 1135 2356 1190 Deo
2391 1146 2473 1190 est
2510 1137 3044 1204 incompreliensum,
3080 1153 3184 1190 non
3216 1139 3292 1188 sic
3329 1154 3425 1188 nos
3449 1138 3556 1188 sci-

1977 1242 2116 1289 mus,
2149 1227 2288 1281 sicut
2314 1228 2415 1279 illa!
2448 1237 2764 1295 potestates,
2815 1242 2933 1295 quae
2973 1236 3120 1280 tanto
3154 1229 3321 1292 magis
3356 1229 3555 1288 sciunt,
3610 1227 3644 1258 ‘

1976 1328 2179 1384 quanto
2205 1319 2522 1371 mundiores
2549 1329 2602 1369 et
2641 1319 3013 1385 sapientiores
3045 1328 3097 1370 ct
3127 1320 3560 1386 perspicaciores

1977 1423 2139 1477 quam
2172 1409 2408 1460 humana
2454 1418 2650 1460 natura
2687 1418 2814 1461 sunt
2847 1427 2859 1462 :
2896 1410 3135 1460 aecretio
3166 1409 3308 1460 enim
3343 1409 3556 1473 sapien-

1978 1500 2066 1554 tiae
2102 1501 2462 1553 accretionetn
2497 1501 2812 1554 reverentia:
2837 1511 2988 1553 creat
3018 1503 3122 1568 (e);
3156 1501 3298 1551 sicut
3337 1500 3387 1550 i-l
3417 1499 3558 1565 quod

1975 1605 2041 1644 ex
2089 1590 2258 1644 radiis
2289 1590 2422 1644 solis
2453 1605 2558 1642 non
2593 1599 2768 1656 potest
2834 1599 3085 1657 aspectus
3123 1590 3286 1653 ferre,
3344 1605 3446 1641 non
3483 1589 3563 1640 sic

1977 1681 2368 1745 cernitcaacus,
2407 1681 2547 1734 sicut
2583 1681 2676 1749 qui
2712 1681 2858 1734 videt
2897 1695 2910 1731 :
2953 1681 3018 1733 ad
3050 1680 3298 1733 eumdem
3332 1679 3548 1731 modum

1981 1772 2124 1838 quod
2152 1778 2236 1824 est
2267 1770 2320 1822 in
2368 1770 2477 1824 Deo
2505 1771 3038 1838 incomprehensum,
3070 1785 3177 1821 non
3223 1770 3300 1822 sic
3333 1784 3449 1826 nos,
3504 1776 3563 1820 ut

1983 1861 2080 1924 illi,
2123 1861 2500 1930 cognoscimus
2530 1878 2545 1926 ;
2578 1871 2840 1930 quantum
2873 1861 3016 1914 enim
3045 1862 3271 1914 interest
3291 1861 3433 1912 iul-1‘
3462 1876 3562 1910 rtu-

1980 1965 2101 2005 cum
2131 1961 2184 2004 et
2212 1952 2505 2012 videntem,
2536 1960 2744 2004 tantum
2780 1952 3005 2005 interest
3025 1953 3166 2003 inter
3186 1967 3284 2018 nos
3317 1962 3372 2002 et
3401 1951 3542 2001 illos.

1982 2040 2047 2094 Et
2077 2055 2266 2095 rursus
2288 2040 2428 2094 idem
2461 2041 2512 2093 iu
2543 2041 2744 2094 eisdem
2789 2057 2802 2092 :
2842 2040 2923 2093 illi
2955 2039 3119 2108 igitur
3180 2041 3357 2106 angeli
3397 2054 3559 2104 aspe-

1978 2143 2098 2183 ctus
2151 2140 2379 2200 tegunt,
2419 2131 2472 2184 hi
2504 2146 2634 2184 vero
2679 2131 2882 2199 alioqui
2920 2130 3168 2186 homines
3220 2130 3558 2182 t'ontl'ttzlttul.

1981 2221 2260 2274 intendere
2297 2222 2486 2276 oculos
2527 2222 2869 2290 impudenter
2919 2221 2972 2274 in
3045 2221 3269 2289 gloriam
3323 2221 3555 2286 inexpli-

1979 2313 2231 2366 cabilem.
2266 2312 2400 2378 Quis
2423 2329 2517 2368 eos
2553 2329 2659 2368 non
2682 2312 2918 2368 deﬂeat?
2939 2313 3062 2382 quis
3089 2327 3194 2366 non
3221 2313 3393 2380 lugeat
3421 2314 3560 2366 hanc

1987 2406 2321 2468 vecordiam,
2381 2414 2432 2459 et
2488 2414 2793 2458 extremam
2829 2405 3193 2457 dementiam?
3251 2403 3313 2456 Et
3361 2404 3559 2457 iterum

1981 2497 2142 2560 idem,
2165 2511 2289 2550 cum
2317 2496 2567 2564 explanat
2606 2496 2734 2549 illud
2772 2511 2787 2549 :
2851 2494 3090 2548 Vidimus
3138 2496 3365 2565 gloriam
3419 2494 3557 2558 eius,

1987 2588 2212 2658 gloriam
2246 2589 2402 2656 quasi
2444 2586 2716 2657 Unigeniti
2770 2604 2801 2640 a
2838 2586 2998 2640 Patre
3029 2587 3115 2641 ⁶⁸;
3159 2586 3296 2646 Νοιι,
3362 2587 3556 2654 inquit,

1977 2678 2322 2742 vidissemus,
2349 2679 2452 2733 nisi
2483 2694 2577 2747 per
2603 2693 2802 2747 corpus
2838 2678 2995 2733 nobis
3020 2688 3320 2739 assuetum,
3361 2688 3410 2729 et
3454 2693 3553 2728 no-

1979 2769 2183 2824 biscum
2208 2770 2378 2823 altum
2421 2770 2577 2824 nobis
2607 2771 2969 2838 apparuisset.
3004 2768 3067 2823 Et
3100 2769 3301 2830 adhuc,
3368 2770 3417 2822 iu
3455 2769 3556 2822 ho-

1976 2861 2124 2916 milia
2143 2861 2210 2916 15
2244 2863 2296 2915 in
2335 2861 2592 2916 Joannem
2622 2879 2637 2918 :
2662 2862 2722 2916 Si
2749 2864 2910 2915 Deum
2930 2877 3078 2914 nemo
3097 2861 3223 2915 vidit
3242 2877 3470 2928 unquam
3485 2859 3553 2924 “,

1977 2951 2106 3019 quid
2174 2952 2360 3019 igitur,
2426 2951 2620 3018 inquit,
2687 2951 3140 3021 respondebimus
3199 2953 3558 3020 grandiloquo

1977 3045 2151 3110 Isaiae,
2183 3062 2305 3100 cum
2337 3047 2449 3101 ait:
2492 3045 2612 3100 Vidi
2644 3047 2810 3101 Deum
2841 3049 3102 3101 sedentem
3131 3063 3285 3114 super
3307 3048 3554 3100 thronum

301 3135 480 3204 pletur
505 3137 669 3209 Moysi
702 3140 1030 3196 desiderium
1067 3157 1161 3210 per
1189 3143 1242 3197 id
1273 3145 1414 3210 quod
1459 3143 1611 3208 fecit,
1655 3153 1713 3198 ιη
1756 3162 1870 3199 ma.
1898 3151 1944 3216 C
1977 3137 2258 3205 excelsum,
2291 3148 2339 3192 et
2363 3140 2418 3192 in
2448 3140 2668 3193 sublime
2701 3139 2898 3193 elatum
2933 3140 3015 3192 "1'
3043 3147 3095 3192 ct
3126 3138 3344 3202 Joanui,
3371 3140 3459 3206 qui
3495 3139 3543 3193 ei

303 3235 460 3281 neret
483 3229 752 3298 cupiditas
771 3231 1114 3300 inexplebilis
1139 3233 1238 3302 (b).
1259 3233 1402 3288 Idem
1427 3235 1478 3292 in
1501 3235 1877 3305 explanatione

304 3316 448 3372 illius
482 3319 851 3382 beatitudinis.
886 3321 1036 3376 Beati
1071 3323 1265 3376 mundo
1293 3325 1470 3390 corde,
1497 3327 1745 3386 quoniam
1773 3328 1877 3396 ipsi

305 3405 473 3462 Deum
497 3410 740 3465 videbunt
768 3411 812 3442 ⁶¹
859 3427 874 3467 :
929 3413 1162 3478 Quicor
1187 3429 1367 3476 suum,
1407 3417 1607 3483 inquit,
1633 3418 1700 3470 ab
1729 3418 1874 3470 omni

301 3494 588 3554 affectione
611 3502 822 3558 turbida
866 3505 1200 3570 emundavit,
1236 3507 1286 3560 in
1326 3508 1538 3575 propria
1573 3508 1879 3577 pulchritu-

302 3589 746 3659 dineimag'nein
800 3594 1230 3649 divinienalut‘m
1286 3599 1560 3667 pcrsp‘cit.
1627 3600 1875 3654 Mensura

304 3678 450 3730 enim
487 3681 890 3748 perspicientia:
921 3684 1038 3749 Dei,
1069 3701 1187 3751 qua:
1221 3701 1248 3738 a
1287 3696 1335 3738 te
1365 3689 1481 3757 capi
1515 3695 1711 3755 potest,
1750 3690 1801 3742 in
1825 3700 1876 3742 te

302 3778 410 3823 cst.
450 3769 619 3838 Igitur
649 3773 739 3840 qui
791 3789 850 3828 se
879 3775 994 3842 ipse
1043 3776 1208 3841 videt,
1239 3777 1292 3830 in
1326 3792 1383 3831 se
1413 3779 1552 3846 quod
1582 3779 1874 3845 desiderat,

303 3857 474 3923 videt,
513 3868 673 3928 atque
699 3860 772 3914 ita
807 3863 1038 3918 mundtts
1069 3868 1231 3919 corde
1257 3866 1487 3921 eilicitur
1510 3869 1720 3932 beatus,
1753 3886 1876 3923 cum

303 3947 523 4003 intuens
576 3951 630 4004 in
679 3967 829 4006 suam
859 3957 1200 4022 munditiem,
1239 3957 1290 4012 in
1329 3960 1564 4029 imagine
1607 3977 1702 4016 sua
1735 3964 1879 4018 videt

302 4041 602 4109 exemplar.
636 4043 859 4099 Divinos
893 4045 1197 4102 Diadochus
1246 4047 1349 4119 (ε).
1401 4059 1456 4104 et
1505 4052 1704 4105 silentii
1740 4055 1877 4104 ‘ma—

300 4132 492 4202 gister:
517 4132 708 4200 Nemo,
732 4134 928 4203 inquit,
953 4152 1075 4192 cum
1103 4153 1324 4192 sensum
1351 4141 1542 4195 utentis
1565 4143 1732 4202 audit,
1756 4158 1882 4208 ενοι-

304 4231 386 4276 ret
405 4223 582 4278 videre
597 4225 767 4278 oculis
783 4225 1005 4295 gloriam
1029 4229 1281 4290 Dei,senti
1291 4231 1331 4282 ri
1353 4232 1492 4283 enim
1513 4245 1628 4284 eam
1646 4231 1878 4287 dicimus

303 4325 463 4385 gustu
499 4321 755 4385 quodam,
778 4319 868 4388 qui
899 4322 1142 4388 expromi
1171 4337 1274 4380 non
1301 4333 1498 4392 potesr,
1526 4323 1720 4378 divina:
1746 4340 1878 4379 con-

302 4405 606 4468 solationis,
641 4422 766 4461 cum
797 4411 918 4477 quis
941 4413 1173 4465 animam
1206 4414 1536 4481 purgaverit,
1567 4428 1670 4467 non
1695 4424 1874 4468 autent

1981 3226 2350 3281 testimonium
2398 3231 2620 3298 praebet,
2649 3244 2768 3282 cum
2807 3227 2881 3280 ait
2912 3245 2926 3282 :
2980 3227 3106 3281 "(re
3133 3229 3290 3292 dixit,
3324 3231 3540 3298 quando

1978 3317 2107 3370 vidit
2138 3317 2362 3386 gloriam
2409 3319 2525 3386 ejus
2567 3320 2654 3372 “?
2707 3320 2845 3386 Quid
2904 3319 3220 3374 Ezechieli?
3281 3321 3549 3387 siquidem

1978 3408 2094 3475 ipse
2119 3411 2285 3463 etiam
2337 3409 2468 3466 vidit
2500 3425 2620 3465 eum
2651 3412 2929 3466 sedentem
2973 3427 3137 3480 super
3158 3413 3451 3466 Cherubim
3485 3415 3552 3465 ".

1978 3501 2114 3565 Quid
2148 3503 2526 3556 Danicli?cum
2552 3505 2627 3557 ait
2661 3522 2674 3558 :
2712 3503 2976 3573 Antiquus
3010 3506 3216 3558 dierum
3249 3506 3457 3560 sedebat
3486 3506 3552 3558 ⁸⁸.

1978 3593 2117 3658 Quid
2143 3595 2353 3664 Moysi?
2386 3596 2475 3663 qiti
2500 3596 2627 3648 dixit
2663 3612 2680 3650 :
2719 3596 2946 3650 Ostende
2977 3597 3106 3649 mihi
3130 3596 3356 3665 gloriam
3388 3607 3554 3660 tuam,

1981 3694 2034 3737 ut
2077 3685 2354 3752 manifeste
2388 3686 2589 3740 videam
2649 3696 2698 3738 te
2755 3687 2822 3738 ⁵³.
2861 3684 3029 3739 Jacoh
3062 3697 3241 3739 autem
3282 3686 3406 3738 hinc
3456 3702 3556 3738 no-

1979 3791 2102 3828 men
2135 3776 2342 3844 accepit
2373 3779 2786 3846 cognominatus
2828 3778 3014 3840 Israel,
3084 3779 3134 3829 id
3171 3785 3278 3839 est,
3308 3794 3452 3828 mens
3483 3779 3558 3830 vi-

1977 3867 2105 3919 dens
2141 3867 2304 3920 Deum
2345 3869 2412 3921 ⁷⁸.
2465 3869 2603 3933 Quid
2662 3870 2824 3937 igitur
2891 3870 2967 3921 ait
3011 3866 3257 3920 Joannes
3313 3885 3326 3918 :
3387 3867 3556 3919 Deum

1979 3974 2128 4012 nemo
2155 3961 2282 4013 vidit
2313 3961 2580 4030 unquam?
2607 3959 2796 4028 Liquet
2816 3963 2998 4015 omnia
3021 3961 3111 4014 illa
3137 3961 3202 4012 ad
3228 3961 3557 4013 condescen-

1980 4053 2188 4106 sionent
2229 4053 2589 4119 pertinuisse;
2623 4061 2748 4121 quia
2784 4056 2926 4106 enim
2963 4054 3201 4106 futurum
3232 4063 3345 4106 erat
3383 4063 3435 4104 ut
3467 4050 3554 4105 Fi-

1980 4146 2087 4199 lius
2113 4147 2204 4198 Dei
2235 4147 2611 4200 inveracarne
2641 4157 2946 4214 appareret,
2981 4145 3382 4199 assuefaciebat
3406 4158 3498 4195 eos
3523 4160 3550 4194 a

1981 4235 2242 4304 principio
2264 4236 2403 4288 Deus
2431 4235 2482 4287 in
2507 4236 2673 4303 gloria
2701 4236 2791 4288 Dei
2820 4235 3072 4296 videnda,
3096 4244 3353 4302 quantum
3383 4237 3449 4285 ah
3477 4235 3557 4286 eis

1981 4324 2148 4378 videri
2179 4333 2409 4392 poterat.
2438 4323 2577 4390 Quid
2610 4325 2753 4378 enim
2785 4323 2853 4381 sit
2913 4325 3052 4378 Deus
3087 4342 3190 4378 non
3221 4325 3394 4377 solum
3431 4340 3556 4390 pro-

1981 4421 2180 4485 phetae,
2215 4419 2308 4470 sed
2351 4432 2451 4471 nec
2505 4415 2699 4485 angeli,
2747 4432 2846 4470 nec
2891 4417 3199 4484 archangeli
3256 4417 3551 4470 viderunt:

303 4508 566 4561 apparere
590 4497 636 4548 ei
659 4497 860 4566 aliquid
883 4515 1071 4555 eorum
1091 4515 1209 4569 quae
1230 4501 1332 4555 sub
1351 4512 1629 4568 aspectum
1650 4505 1872 4570 cadunt,
1911 4506 1953 4562 ι)
1982 4509 2132 4562 solus
2163 4505 2330 4560 Filius
2374 4517 2426 4559 et
2463 4505 2704 4573 Spiritus
2743 4514 2963 4558 sanctus
2994 4519 3116 4558 eum
3147 4505 3352 4558 vident.
3401 4506 3552 4568 Quo-

303 4586 574 4654 siquidem
611 4602 754 4642 nunc
791 4605 888 4660 per
917 4591 1098 4656 iidem,
1130 4601 1184 4644 et
1213 4607 1316 4645 non
1350 4607 1445 4661 per
1490 4594 1726 4661 speciem
1757 4612 1869 4651 am-

372 4748 417 4780 ”
457 4745 596 4800 Psal.
632 4763 796 4806 xxxv.
850 4762 1107 4807 cxxsvttt.

303 4818 346 4851 ⁸⁸
390 4818 516 4870 ἰιιίιΙ.
551 4816 637 4872 18.
736 4819 778 4849 ⁸⁵
813 4819 911 4871 Isa.
946 4833 1022 4882 Vt,
1081 4818 1128 4872 1.

304 4887 347 4917 ⁷ο
387 4885 523 4943 Gen.
560 4903 734 4949 xxx",
764 4888 851 4940 '28.

1185 4751 1228 4781 ⁶⁰
1279 4753 1444 4805 Exod.
1484 4769 1673 4817 sunt,
1727 4756 1818 4808 20.

1232 4821 1274 4853 ⁸⁵
1327 4822 1482 4876 Joan.
1521 4840 1620 4888 xit,
1650 4826 1739 4879 il.

1893 4755 1933 4786 ⁶¹
1993 4756 2183 4809 Matth.
2236 4775 2289 4820 ν,
2336 4758 2389 4810 8.

1817 4827 1859 4856 ⁸⁷
1887 4827 2078 4880 Ezccli.
2120 4843 2172 4889 χ,
2231 4827 2281 4879 1.

1983 4597 2144 4653 modo
2177 4597 2322 4659 enim
2371 4596 2548 4651 omnis
2581 4608 2773 4649 natura
2815 4607 2998 4652 creata
3035 4595 3216 4648 videre
3244 4596 3439 4664 poterit
3471 4597 3551 4664 (l)

2469 4759 2584 4812 “ll
2635 4758 2763 4812 Cor.
2827 4775 2880 4823 ν,
2949 4760 2998 4811 7.
3077 4758 3312 4812 “Joan.
3363 4775 3401 4820 ι,
3466 4759 3550 4814 Μ.

2359 4827 2403 4857 (⁵⁸⁸
2457 4827 2590 4882 Dan.
2647 4845 2741 4892 th,
2789 4831 2872 4883 15.
2954 4827 3196 4889 "Exod.
3238 4844 3432 4897 xum,
3465 4829 3549 4884 18.

1781 5009 2055 5078 Scholia.

375 5130 449 5198 (l)
512 5125 660 5180 Nulla
726 5135 916 5198 natura
971 5134 1152 5182 creata
1207 5128 1396 5198 videre
1437 5128 1602 5182 Deum
1647 5130 1864 5196 poterit,

303 5195 440 5263 quid
470 5200 542 5250 sit
578 5213 593 5261 ;
658 5212 754 5249 nec
795 5196 937 5250 enim
987 5199 1124 5248 beati
1176 5197 1259 5249 sic
1296 5195 1462 5249 Deum
1496 5195 1775 5260 videbunt,
1809 5211 1867 5254 ut

303 5271 430 5339 quid
464 5269 557 5332 sit,
584 5267 823 5320 videant.
863 5266 936 5320 De
969 5266 1274 5334 huiusmodi
1317 5268 1530 5323 visione
1565 5277 1620 5323 et
1672 5270 1860 5338 cogni-

373 5411 448 5479 (α)
475 5410 738 5486 Cognosci
773 5425 878 5486 non
907 5423 1102 5486 potest,
1136 5411 1263 5481 quid
1292 5415 1362 5468 sit
1383 5414 1589 5469 scilicet
1617 5429 1630 5467 :
1663 5417 1732 5468 de
1762 5413 1864 5467 hac

301 5486 443 5538 enim
485 5481 788 5547 cognitione
816 5481 1068 5549 loquitur.

375 5551 450 5616 (ὁ)
477 5551 670 5620 Doctus
706 5551 848 5602 enim
876 5568 1136 5620 responso
1161 5553 1272 5618 Dei,
1308 5555 1502 5608 desivit
1553 5553 1861 5612 desiderare

303 5623 488 5694 videre
513 5617 696 5694 puum
731 5621 781 5694 in
838 5617 1108 5694 hacfvita,
1137 5635 1189 5677 et
1222 5626 1472 5679 incensus
1506 5633 1588 5681 est
1620 5624 1860 5694 inexple-

304 5693 392 5745 lnili
413 5691 678 5744 deside-riu
699 5689 909 5743 videndi
947 5691 998 5742 in
1029 5694 1218 5746 altera.

375 5763 442 5824 (c)
473 5759 524 5813 lu
557 5760 731 5815 libello
768 5759 840 5814 De
863 5762 1129 5818 suirituuti
1160 5763 1491 5830 verfectioue.

1981 5135 2124 5206 tione
2156 5135 2250 5190 Dei
2281 5138 2581 5201 loquuntur
2612 5152 2824 5206 semper
2850 5137 3074 5203 Patres,
3114 5154 3234 5193 cum
3280 5157 3400 5195 eam
3449 5145 3550 5199 tol-

1974 5203 2090 5258 lunt
2120 5217 2175 5260 et
2196 5218 2412 5283 negant.

2014 5416 2122 5496 .(d)
2158 5415 2441 5471 Certamen
2471 5415 2623 5478 dicit,
2662 5431 2771 5487 quo
2797 5425 3071 5473 certamus
3117 5432 3238 5473 cum
3280 5419 3396 5489 lege
3423 5434 3572 5472 car-~

1973 5502 2081 5540 nis.

2042 5558 2112 5623 (ε)
2145 5555 2523 5610 Rcvereutiam
2569 5556 2712 5609 enim
2743 5557 2852 5610 Deo
2881 5557 3102 5610 adhibet
3145 5559 3234 5626 qui
3277 5557 3378 5612 scit
3419 5573 3540 5610 eum

1967 5642 2070 5696 non
2107 5641 2267 5694 posse
2288 5627 2670 5691 comprehendi
2700 5645 2712 5690 ;
2741 5626 2900 5696 utqui
2939 5630 3111 5696 magis
3141 5630 3241 5682 hoc
3270 5627 3392 5693 scit,
3426 5643 3542 5681 ma-

1955 5694 2128 5762 jorem
2158 5697 2518 5753 reverentiam
2561 5697 2801 5751 adhibet.
2826 5694 2842 5696 “
3035 5694 3053 5696 “
3334 5737 3338 5742 .
