4048 6428
272 401 374 465 947

937 392 1174 457 ΒΕΟΑΞ
1212 389 1370 452 VIII.
1403 411 1473 424 -
1512 385 1610 447 DE
1640 381 2086 445 INFINITATE
2126 380 2255 441 DEI
2293 378 2369 440 IN
2400 372 2857 437 CREATURIS.

3441 356 3548 422 913

277 515 569 577 Maximus,
605 509 904 568 secundum
928 507 1206 560 nationem
1235 516 1420 558 causa;
1450 500 1635 557 omnia
1657 497 1727 552 de
1752 496 1861 552 Deo
1891 499 1937 555 Α
1962 495 2053 563 jus
2086 508 2274 556 causa;
2304 500 2357 544 et
2393 490 2518 545 ﬁnis
2547 487 2812 547 omnium,
2872 489 3037 551 atque
3068 476 3312 533 inﬁnitas
3367 472 3547 576 omnis

271 603 555 682 praedicari
581 603 681 665 ait,
713 603 768 654 ld
794 607 902 661 est,
933 596 1114 651 omnia
1152 592 1202 647 in
1230 592 1353 662 ipso
1392 589 1659 657 intelligi:
1687 601 1860 654 κατη-

272 681 575 771 γορείσθαι
601 693 772 756 enim,
807 689 861 743 id
895 694 1005 751 est,
1034 683 1341 756 praedicari,
1387 682 1513 746 hoc,
1545 681 1739 749 inquit,
1770 692 1861 733 se-

273 770 506 842 cundum
540 780 891 854 philosophos
939 777 1204 840 declarat,
1240 775 1356 838 ipse
1387 782 1568 828 autem
1604 770 1743 826 nihil
1775 776 1861 824 est

281 888 466 928 eorum
513 852 753 942 quorum
811 883 976 923 causa
1039 874 1162 934 est;
1211 864 1337 937 quia
1385 874 1468 920 est
1500 878 1662 932 supra
1717 873 1860 922 esse,

220 1006 229 1026 ι
279 981 446 1036 quare
478 962 794 1032 negationes
829 959 1048 1030 quidem
1073 959 1175 1013 hoc
1198 957 1502 1017 declarant,
1535 965 1592 1008 ut
1617 971 1721 1007 non
1760 955 1860 1007 ba-

281 1056 684 1119 bens'lormam,
713 1055 831 1108 sive
850 1052 968 1107 sine
996 1052 1190 1113 forma,
1217 1050 1334 1104 sine
1360 1042 1786 1117 pulchritudine,
1809 1055 1871 1132 et

279 1149 492 1214 sin‘iilia,
517 1148 647 1201 illud
663 1161 791 1201 vero
806 1160 927 1199 esse
954 1143 1132 1197 omnis
1158 1141 1340 1212 ﬁgurae
1364 1150 1418 1195 et
1440 1139 1621 1195 omnis
1637 1139 1860 1209 speciei,

279 1239 525 1295 declarat
556 1240 730 1309 ipsum
775 1251 896 1291 esse
932 1249 1156 1290 causam
1188 1233 1369 1288 omnis
1404 1231 1627 1301 speciei,
1660 1238 1715 1285 et
1744 1245 1859 1284 om-

282 1330 370 1384 nis
405 1328 611 1397 ﬁgurae,
645 1327 899 1383 similiter
950 1324 1161 1394 reliqua
1201 1323 1472 1391 ejusmodi
1505 1320 1862 1390 intelligenda

282 1433 428 1479 sunt.
465 1420 609 1477 Idem
663 1430 888 1475 sanctus
923 1417 1193 1473 Maximus
1224 1417 1277 1470 in
1307 1417 1496 1471 eodem
1533 1415 1676 1478 loco,
1729 1416 1865 1468 cen-

285 1528 369 1568 tra
405 1514 533 1568 illud
590 1528 713 1568 esse
759 1511 938 1568 omnis
995 1505 1200 1579 ﬁguras,
1251 1509 1513 1579 opposuit
1564 1522 1687 1562 esse
1748 1507 1866 1561 sine

287 1596 482 1669 forma,
509 1607 633 1675 quia
661 1620 837 1675 supra
870 1605 1281 1673 incorporeum,
1307 1598 1389 1657 et'
1408 1617 1572 1672 supra
1622 1601 1867 1656 vacatio-

287 1714 407 1754 nem
451 1698 720 1752 materiae:
776 1712 883 1752 non
920 1694 1191 1750 formatus
1218 1695 1284 1749 ad
1320 1694 1621 1764 quidquam
1672 1708 1864 1747 eorum

274 1789 403 1856 quae
429 1797 575 1852 sunt,
614 1796 802 1842 contra
862 1786 1003 1841 illud‘
1049 1800 1179 1839 vero
1229 1799 1351 1840 esse
1414 1784 1595 1840 omnis
1641 1783 1866 1852 speciei,

285 1879 538 1946 Opposuit
575 1892 696 1932 esse
741 1877 859 1932 sine
893 1876 1334 1946 pulchritudine;
1404 1876 1522 1931 sine
1572 1875 1875 1946 pulchritu-

282 1969 409 2022 dine
439 1968 589 2032 dicit,
626 1970 750 2036 quia
785 1970 851 2024 ah
904 1971 1020 2037 ipso
1054 1968 1197 2024 facta
1220 1981 1303 2025 est
1337 1969 1719 2039 pulchritudo;
1755 1968 1872 2036 ipse

281 2075 411 2115 vero
443 2070 528 2114 est
558 2077 723 2130 supra
787 2061 1290 2130 pulchritudinem;
1349 2063 1708 2117 auctoritates
1740 2073 1872 2114 vero
1920 2108 1925 2113 .

284 2151 578 2218 Scriptum
610 2165 739 2207 sunt
778 2168 791 2204 :
833 2152 1075 2207 Vidimus
1103 2171 1243 2217 eum,
1280 2165 1327 2210 et
1359 2171 1463 2209 non
1494 2154 1718 2209 habebat
1750 2169 1867 2223 spe.-

285 2248 417 2302 ciem
453 2248 551 2319 (l),
587 2265 752 2319 neque
773 2249 1222 2318 puichritudinem
1255 2251 1325 2304 ⁷⁸.
1360 2250 1505 2304 Idem
1538 2254 1589 2304 in
1626 2240 1871 2305 centuria

286 2352 326 2415 lt
378 2337 468 2392 De.
511 2339 772 2394 cltarilale
802 2379 818 2406 ,
869 2341 1047 2408 capite
1101 2340 1172 2395 ‘29
1205 2357 1229 2403 ξ
1269 2340 1442 2404 Sicut,
1496 2341 1693 2409 inquit,
1757 2356 1876 2393 ma-

287 2429 399 2483 lum
459 2430 688 2499 privatio
758 2431 885 2485 boni
961 2440 1084 2498 est,
1148 2442 1203 2486 et
1251 2431 1559 2500 ignorantia
1636 2430 1872 2499 privatio

292 2518 640 2590 cognitionis,
680 2522 758 2575 sic
787 2523 932 2592 quod
985 2538 1091 2579 non
1144 2531 1229 2578 est
1286 2522 1529 2592 privatio
1560 2521 1679 2590 ejus
1730 2521 1873 2590 quod

294 2621 419 2677 est;
474 2629 576 2667 non
613 2621 793 2668 autem
834 2612 952 2683 ejus
994 2615 1135 2683 quod
1170 2614 1386 2683 proprie
1427 2621 1507 2667 est
1543 2614 1673 2681 (non
1726 2612 1870 2666 enim

221 2715 227 2720 ’
298 2700 460 2761 habet
478 2703 855 2772 contrarium),
885 2704 979 2759 sed
1009 2704 1127 2772 ejus
1155 2703 1296 2772 quod
1324 2710 1405 2757 est
1443 2700 1868 2771 participatione

294 2791 414 2860 ejus
447 2794 587 2862 quod
617 2794 837 2864 proprie
860 2806 966 2859 est,
991 2810 1055 2848 ac
1102 2794 1434 2864 privationes
1471 2791 1688 2861 quidem
1747 2790 1872 2845 illo-

294 2897 416 2942 rum
472 2883 716 2952 priorum
777 2884 1000 2940 liberam
1031 2884 1360 2940 voluntatem
1394 2897 1579 2938 eorum
1609 2884 1702 2954 qui
1747 2881 1871 2937 facti

296 2981 446 3035 sunt,
473 2984 814 3042 sequuntur;
870 2976 1104 3042 privatio
1144 2989 1272 3029 vero
1315 2975 1478 3044 hujus
1537 2974 1763 3030 secundi
1816 2975 1871 3028 in

296 3060 577 3127 voluntate
597 3064 715 3134 ejus
752 3065 843 3133 qui
872 3066 1017 3130 fecit,
1035 3074 1140 3133 est;
1171 3065 1261 3135 qui
1289 3078 1507 3134 semper
1532 3072 1755 3135 pr0pter
1778 3064 1875 3118 bo-

298 3152 524 3208 nitatem
557 3170 710 3211 suam
772 3157 888 3211 vult
944 3173 1063 3213 esse
1099 3173 1160 3211 ea
1197 3172 1317 3222 qua:
1351 3164 1500 3223 sunt,
1560 3165 1615 3212 et
1656 3157 1725 3211 ab
1754 3156 1876 3223 ipso

300 3260 516 3314 semper
544 3249 746 3318 juvari.
800 3250 1106 3310 Et.rursus
1169 3248 1464 3320 Dionysius
1502 3249 1557 3301 in
1618 3247 1824 3303 eisdem
1860 3264 1876 3300 :

302 3335 554 3393 Omnium
585 3340 749 3409 igitur
770 3339 1119 3409 principium,
1138 3350 1193 3395 et
1214 3338 1478 3425 ﬁnis,’qui
1499 3346 1581 3393 est
1608 3346 1734 3392 ante
1761 3351 1880 3392 om-

302 3429 414 3496 nia,
457 3432 780 3507 principium
797 3431 1011 3501 quidem
1030 3439 1098 3486 ut
1120 3446 1324 3500 causa;
1362 3429 1485 3486 ﬁnis
1531 3444 1663 3486 vero
1688 3437 1747 3483 ut
1777 3443 1885 3496 cu,-

324 3618 327 3621 I
377 3611 426 3670 i"
454 3639 563 3701 Isa.
592 3653 708 3703 LIII,
764 3639 819 3707 2,.

1965 585 2250 638 inlinitatis
2278 591 2332 637 et
2369 578 2774 636 terminationis
2808 574 3138 630 excellenter
3160 571 3302 624 sicut
3328 565 3549 634 opposi-

1967 687 2143 732 torum
2175 675 2276 747 (2).
2321 674 2385 728 Et
2430 674 2596 736 idem,
2627 672 2678 724 in
2714 668 2954 725 secundo
2984 664 3190 729 capite,
3247 660 3313 714 de
3346 657 3550 713 eisdem

1964 769 2163 824 divinis
2190 766 2502 821 nominibus
2535 750 2575 818 ς’
2612 763 2942 831 Copulatum
2986 757 3206 826 quidem
3270 764 3327 806 et
3394 764 3548 803 com-

1966 833 2130 915 mune
2162 859 2215 912 in
2251 858 2549 911 Trinitate-
2578 871 2686 907 uno
2719 852 2960 907 omnium
2997 846 3289 917 principio,
3325 852 3377 896 et
3413 842 3549 894 sub-

1967 953 2166 1010 stantia
2199 965 2359 1017 supra
2403 946 2792 1009 substantiam,
2825 943 3091 997 divinitas
3143 954 3303 1006 supra
3361 934 3555 990 divini-

1968 1054 2178 1107 tatem;
2240 1038 2466 1095 bonitas.
2518 1051 2695 1104 supra.
2720 1036 3016 1089 bonitatem
3064 1031 3165 1102 (α),
3201 1030 3342 1083 idem
3390 1038 3556 1093 supra

1965 1132 2173 1196 omnia,
2205 1129 2395 1184 eadem
2438 1127 2491 1181 in
2539 1134 2647 1179 tota
2698 1125 3028 1194 proprietate
3087 1122 3163 1188 (5)
3228 1134 3348 1187 qua!
3388 1129 3559 1182 supra

1965 1220 2150 1275 omnia
2179 1227 2263 1272 est
2301 1234 2313 1271 :
2342 1217 2523 1270 unitas
2556 1218 2636 1285 (4)
2679 1229 2843 1284 supra
2875 1215 3134 1267 unitatem
3161 1210 3559 1278 principialcm;

1968 1305 2257 1366 ineﬂubilis
2312 1308 2412 1379 (5),
2454 1307 2746 1361 multarum
2774 1320 2992 1365 vocum;
3055 1301 3322 1369 ignoratio
3361 1297 3436 1367 (ﬁ)
3497 1313 3564 1351 ex

1966 1404 2114 1459 omni
2143 1401 2479 1456 inlellectilis
2506 1400 2607 1470 (7);
2651 1398 2894 1454 omnium
2927 1396 3129 1463 positio
3173 1394 3273 1464 (8),
3319 1391 3564 1447 omnium

1969 1498 2193 1552 ablatio.
2233 1495 2299 1552 Et
2322 1510 2515 1550 rursus
2540 1494 2704 1555 idem,
2740 1490 2915 1557 capite
2951 1489 3005 1553 7,
3038 1491 3103 1541 de
3128 1487 3332 1540 eisdem
3365 1484 3568 1537 divinis

1970 1590 2316 1644 nominibus:
2345 1587 2614 1654 Quocirca
2645 1584 2789 1637 Deus
2818 1582 2870 1636 in
2904 1579 3157 1633 omnibus
3187 1575 3561 1644 cognoscitur,

1971 1691 2026 1736 et
2069 1682 2368 1751 separatim
2400 1683 2466 1734 ab
2501 1677 2794 1741 erunibus;
2823 1682 2876 1729 et
2904 1689 3000 1743 per
3031 1671 3395 1747 cognitionem
3429 1667 3572 1721 Deus

1981 1777 2353 1848 cegnoscitur,
2381 1790 2444 1830 ac
2480 1790 2576 1846 per
2605 1773 3042 1843 ignorationem;
3069 1781 3123 1824 et
3150 1777 3232 1822 est
3259 1769 3322 1821 de
3360 1781 3426 1819 eo
3478 1780 3576 1819 co—

1992 1868 2184 1936 gnitio,
2214 1850 2376 1930 ratio,
2409 1868 2726 1930 etscientia,
2750 1874 2803 1919 et
2835 1873 3030 1927 lactus,
3064 1872 3119 1916 et
3139 1875 3350 1923 sensus,
3378 1869 3435 1911 et
3463 1858 3576 1926 epi-

1993 1961 2103 2025 nio,
2130 1970 2182 2015 et
2210 1960 2488 2029 cogitatio,
2511 1966 2567 2012 et
2595 1972 2811 2021 nomen,
2844 1967 2897 2010 et
2928 1956 3030 2008 alia
3059 1953 3238 2006 omnia
3265 1959 3366 2015 ;et
3396 1962 3574 2014 neque

1992 2051 2335 2120 intelligitur,
2363 2065 2540 2120 neque
2566 2050 2786 2112 dicitur,
2837 2062 3013 2116 neque
3044 2044 3362 2104 nominatur:
3382 2079 3397 2106 ,
3472 2053 3573 2094 nec

1991 2154 2075 2200 est
2108 2145 2313 2214 aliquid
2340 2160 2526 2199 eorum
2563 2158 2682 2213 quae
2724 2151 2886 2208 sunt,
2926 2156 3024 2195 nec
3060 2139 3112 2192 in
3167 2137 3348 2204 aliquo
3379 2148 3567 2188 eorum

1992 2252 2111 2307 quae
2134 2245 2283 2300 sunt,
2307 2236 2694 2305 cognoscitur;
2726 2244 2782 2289 et
2812 2235 2863 2288 in
2889 2232 3143 2286 omnibus
3165 2230 3345 2283 omnia
3382 2235 3491 2292 est,
3522 2233 3577 2280 et

1991 2310 2127 2385 nihil
2155 2327 2210 2384 in
2234 2330 2361 2396 ullo;
2388 2338 2442 2383 et
2468 2343 2529 2383 ex
2555 2327 2808 2384 omnibus
2828 2327 2894 2381 ab
2924 2323 3174 2380 omnibus
3202 2321 3572 2389 cognoscitur,

1993 2434 2047 2480 et
2102 2439 2131 2478 a
2203 2422 2353 2478 nullo
2386 2438 2452 2477 ex
2514 2421 2623 2475 ulla
2689 2435 2769 2474 re.
2836 2418 2895 2471 Et
2962 2416 3158 2471 iterum
3197 2454 3210 2477 ,
3274 2412 3327 2465 in
3384 2411 3567 2478 capite

1990 2518 2168 2586 primo
2198 2532 2212 2570 :
2249 2513 2340 2569 Sic
2368 2513 2557 2583 igitur,
2598 2510 2797 2580 inquit,
2845 2522 3025 2563 causa!
3049 2505 3320 2565 omnium,
3369 2510 3431 2555 et
3454 2514 3579 2569 qua;

1990 2623 2152 2676 supra
2206 2605 2388 2663 omnia
2458 2614 2583 2670 est,
2645 2601 2932 2659 conveniet
3002 2614 3107 2652 non
3179 2594 3472 2660 nominari,
3525 2601 3580 2648 et

1991 2701 2236 2754 omnium
2282 2714 2462 2754 rerum
2499 2697 2817 2753 nominibus
2874 2691 3166 2748 nominari.
3202 2690 3277 2743 Ex
3334 2688 3420 2745 his
3455 2684 3572 2755 etii.

1991 2791 2134 2844 citur
2186 2788 2559 2853 manifestum,
2603 2785 2748 2855 quod
2797 2765 2930 2838 nihil
2955 2796 3144 2837 eorum
3170 2793 3290 2847 quae
3313 2775 3576 2844 sunt,ip-

1991 2898 2112 2938 sum
2151 2881 2288 2936 idem
2319 2860 2523 2933 dicitur
2545 2877 2871 2943 substantia,
2898 2883 2953 2930 et
2977 2887 3141 2942 supra
3165 2872 3526 2928 substantiam
3560 2884 3576 2921 :

1990 2973 2240 3028 similiter
2274 2971 2326 3025 in
2356 2969 2498 3035 aliis,
2530 2970 2709 3036 n'eque
2724 2967 2857 3033 vita,
2882 2975 2935 3021 et
2966 2953 3318 3034 supra'vitam
3352 2978 3368 3026 ;
3405 2972 3582 3029 neque

1990 3061 2329 3126 intellectus,
2361 3070 2414 3115 et
2438 3075 2542 3115 non
2577 3058 2966 3126 intelligentia;
2994 3066 3168 3123 neque
3197 3053 3361 3117 ratio,
3386 3058 3440 3106 et
3483 3066 3576 3103 ra-

1992 3155 2155 3208 tionis
2181 3152 2418 3218 vacatio,
2472 3164 2571 3204 nee
2622 3148 2861 3218 idipsum
2897 3146 3303 3217 participatum,
3373 3149 3428 3197 et
3472 3155 3578 3194 non

1986 3244 2371 3314 participatum
2400 3260 2413 3307 ;
2441 3257 2619 3312 neque
2652 3241 3010 3303 nominatum,
3042 3246 3095 3293 et
3120 3250 3316 3292 carens
3333 3233 3579 3297 nomine,

1990 3348 2045 3392 et
2076 3338 2178 3392 alia
2206 3353 2269 3393 ex
2309 3337 2379 3391 iis
2410 3352 2528 3407 qua:
2550 3337 2725 3406 primo
2752 3342 2877 3390 sunt
2911 3332 3013 3403 (9),
3052 3348 3120 3387 ne
3175 3330 3389 3401 singula
3444 3344 3580 3381 enu-

2003 3447 2205 3502 merent
2248 3448 2264 3488 :
2291 3430 2530 3503 cognitio
2558 3438 2611 3483 et
2643 3424 2910 3498 ignoratio
2938 3424 3193 3501 ;_lumen,
3219 3430 3274 3478 et.
3298 3419 3533 3476 tenebrae
3562 3431 3578 3484 ξ

3562 3512 3587 3521 κ

1796 3769 2077 3833 Scholia.

386 3882 461 3950 (l)
494 3878 609 3954 Hoc
637 3880 702 3954 de
723 3877 938 3933 Christo
967 3865 1265 3954 secundum
1285 3877 1681 3954 humanitatem
1700 3894 1727 3931 a
1747 3875 1878 3954 Pro-

310 3948 473 4022 pheta
490 3950 696 4022 dictum
714 3957 820 4015 est,
839 3950 980 4016 quod
996 3951 1165 4022 magis
1181 3948 1611 4022 adhucdeclarat
1631 3948 1772 4017 quod
1794 3961 1880 4022 se—

310 4015 538 4086 quitur:
573 4020 679 4074 Sed
715 4015 891 4086 potius
915 4015 1122 4086 species
1150 4020 1266 4085 ejus
1303 4015 1662 4084 inhonorata,
1684 4026 1738 4072 et
1777 4015 1879 4071 de-

312 4091 501 4158 ﬁciens
522 4091 639 4159 plus
652 4104 813 4159 quam
830 4091 881 4143 in
898 4088 1147 4144 omnibus
1170 4089 1293 4144 ﬁliis
1312 4087 1590 4142 hominum
1614 4111 1625 4141 -.
1642 4088 1720 4143 sic
1734 4088 1877 4143 enim

313 4168 395 4214 est
427 4157 565 4227 apud
590 4157 750 4214 LXX.
787 4158 1131 4214 Deﬁcientem
1162 4160 1297 4212 dixit
1347 4167 1569 4225 propter
1626 4159 1883 4227 mutatio-

313 4245 439 4284 nem
462 4226 662 4285 coloris
683 4229 945 4284 naturalis
968 4230 1024 4282 in
1047 4229 1305 4296 pallorem
1331 4241 1397 4281 ex
1422 4242 1639 4282 recessu
1655 4226 1877 4292 caloris,

315 4299 383 4353 ad
410 4300 596 4353 intima
624 4300 886 4362 sanguine
920 4314 977 4352 se
1005 4298 1381 4361 contrah‘enle,
1407 4306 1462 4351 et
1489 4297 1778 4364 superlicie
1799 4311 1891 4350 re-r

315 4370 597 4438 l'rigerata,
630 4377 687 4422 ut
731 4368 993 4425 Leontius
1047 4366 1338 4434 Byzantius
1391 4369 1601 4438 notavit
1645 4367 1892 4421 scribens

316 4450 504 4493 centra
520 4438 1043 4508 Ἀφθαρτοδοκήτας,
1064 4438 1153 4505 qui
1171 4451 1389 4492 carnem
1408 4437 1608 4508 Christi
1627 4438 1891 4508 corrupti-

317 4508 477 4562 hilem
511 4506 709 4562 fuisse
738 4510 1023 4574 negabant,
1059 4522 1122 4560 ac
1147 4507 1375 4577 proinde
1405 4523 1511 4561 non
1544 4507 1717 4562 {uisae
1746 4506 1796 4577 in
1827 4520 1893 4560 eo

318 4579 595 4647 passiones
619 4578 894 4637 naturales
943 4576 1249 4639 tradebant.
1285 4577 1391 4629 Sed
1432 4577 1567 4638 nihil
1619 4576 1889 4644 prohibet,

319 4648 445 4712 quin
472 4649 539 4701 de
557 4648 774 4703 Christo
806 4660 1019 4715 quoque
1068 4647 1363 4701 secundum
1382 4647 1720 4700 divinitatem
1742 4647 1896 4698 intel—

317 4717 515 4785 ligatur
531 4733 648 4771 esse
667 4717 783 4773 sine
804 4714 983 4785 specie
999 4724 1052 4769 et
1072 4715 1593 4785 pulehritudinc,qni
1607 4726 1725 4769 erat
1742 4729 1896 4769 crea-

322 4796 404 4837 tor
434 4787 871 4854 pulchritudinis,
901 4800 964 4837 ac
996 4785 1218 4851 proinde
1248 4799 1351 4838 non
1378 4788 1621 4852 pulcher,
1656 4786 1884 4854 quiasu-

318 4872 575 4926 proquam
602 4857 848 4925 pulcher,
876 4855 1019 4926 quod
1038 4864 1129 4926 est
1159 4866 1279 4926 esse
1298 4854 1415 4926 sine
1467 4856 1668 4926 specie.

398 4926 471 5007 (2)
495 4923 883 5007 Qpppst'lorum.
910 4924 1015 5007 (Ab
1036 4924 1206 5007 ipsius
1235 4923 1501 5007 inﬁnitate
1535 4923 1901 4992 proﬁciscitur

320 4994 496 5051 omnis
524 4997 789 5061 inﬁnitas,
814 5006 867 5048 et
908 4994 1215 5048 terminatio
1242 5001 1498 5062 tanquam
1527 5009 1556 5046 a
1608 5009 1772 5048 causa
1798 5009 1895 5046 ex-

321 5077 685 5136 s'uperante,et
702 5065 1055 5134 superlata,et
1074 5062 1721 5136 effectriccoppositorum
1735 5105 1747 5127 ,
1765 5065 1890 5131 quia

323 5139 374 5190 in
392 5134 468 5188 se
486 5136 645 5188 habet
667 5137 847 5189 omnia
874 5141 1012 5188 unde
1033 5137 1215 5187 omnia
1241 5148 1361 5202 qua:
1383 5135 1451 5187 de
1475 5134 1584 5187 Deo
1603 5138 1896 5201 praedicau-

325 5205 940 5271 tur,possuntdeeodem
966 5204 1173 5273 negari,
1196 5206 1445 5272 quianon
1477 5203 1895 5269 conveniuntei,

326 5286 384 5329 ut
422 5277 768 5328 inveniuntur
798 5275 848 5328 in
876 5276 1038 5328 rebus
1067 5275 1287 5338 creatis,
1312 5286 1366 5328 et
1387 5273 1832 5337 utilttclligttntur
1869 5290 1899 5325 a

324 5345 505 5410 nobis,
546 5355 598 5398 et
637 5345 1043 5415 signiﬁcantur;
1086 5344 1367 5398 undeltcet
1387 5347 1457 5398 sit
1493 5343 1818 5411 principium
1843 5351 1898 5397 et

329 5415 474 5480 imis,
509 5414 861 5469 sicutdictum
896 5424 1000 5480 est,
1052 5423 1248 5485 tamen
1280 5430 1455 5485 neque
1496 5416 1659 5467 habet
1697 5414 1901 5485 princi-

327 5488 497 5555 pium,
516 5499 691 5552 neque
710 5486 891 5551 tinem,
915 5500 1089 5551 neque
1115 5483 1527 5549 tnedium,sicut
1558 5484 1610 5536 iu
1638 5484 1904 5555 creaturis

330 5552 700 5621 inteliigimus,
735 5564 787 5609 et
810 5555 937 5607 licet
957 5555 1027 5608 sit
1046 5568 1282 5622 praesens
1300 5556 1576 5619 omnibus,
1607 5552 1901 5622 etubiQue,

332 5639 593 5748 nusguti‘ltt
629 5634 804 5677 tamen
833 5633 935 5690 est,
968 5640 1067 5679 nec
1092 5627 1143 5677 in
1170 5624 1276 5679 ullo
1321 5636 1404 5681 est
1452 5627 1596 5679 sicut
1634 5634 1902 5688 creatura,

332 5713 394 5748 ex
466 5733 478 5745 .
554 5700 701 5748 hout.
922 5724 929 5729 -

330 5713 394 5753 cx
422 5700 478 5748 5.
509 5700 701 5748 'l‘hont.

2051 3876 2127 3944 (5)
2163 3873 2227 3948 In
2273 3883 2384 3948 tota
2422 3877 2762 3948 proprietate.
2799 3874 3191 3948 Proprietatem
3265 3870 3382 3948 Dei
3424 3869 3581 3948 dicit1t

1985 3955 2046 4000 ut
2078 3940 2397 4013 bonitatem,
2422 3940 2475 4001 et
2503 3940 2848 4015 sapientiam,
2881 3940 2935 3999 et
2965 3943 3165 3996 similia
3185 3956 3347 4011 supra
3370 3940 3584 3994 bonita-l

1985 4027 2091 4070 tem
2122 4027 2380 4081 creatam,
2410 4028 2460 4068 et
2497 4017 2841 4084 sapientiam,
2872 4025 2980 4069 etc.

2056 4086 2132 4156 (4)
2157 4084 2369 4141 Πιιὶίαδ.
2396 4088 2530 4152 Quia
2564 4081 2732 4156 unum
2784 4084 2953 4156 habet
2976 4082 3272 4156 _ratior_tem
3307 4081 3580 4156 principii,

1984 4151 2171 4211 etimit
2206 4156 2388 4222 divisi,
2424 4151 2486 4208 ac
2505 4155 2788 4223 simplicis,
2819 4154 3089 4223 signiﬁcat
3130 4151 3442 4220 Dionysius
3500 4151 3585 4202 iu-

1986 4226 2267 4280 dividuum
2308 4241 2371 4279 ac
2396 4225 2622 4291 simplex
2653 4225 2854 4278 divinae
2894 4232 3125 4287 naturae,
3164 4236 3329 4288 supra
3362 4235 3581 4276 onmem

1998 4296 2259 4355 unitatem
2293 4310 2356 4348 ac
2380 4295 2786 4365 simplicitatem
2819 4302 2875 4348 et
2902 4308 3027 4349 esse
3060 4293 3393 4361 principium
3418 4306 3583 4357 supra

1996 4365 2373 4434 principium,
2975 4433 2980 4434 γ
3345 4432 3357 4434 _
3537 4431 3547 4434 ,
3584 4422 3589 4427 .

2067 4434 2145 4504 (5)
2182 4431 2502 4502 Ine/fabilis.
2531 4434 2665 4501 Quia
2699 4450 2804 4490 non
2843 4433 3153 4497 nominatur
3198 4448 3224 4504 a
3275 4431 3584 4487 substantia

1998 4503 2095 4558 sua
2123 4506 2416 4558 multarum
2448 4520 2663 4569 vocum,
2697 4507 2821 4575 quia
2852 4520 2879 4556 a
2913 4503 3289 4575 providentiis,
3324 4512 3373 4555 et
3405 4504 3585 4554 variis

1997 4574 2276 4629 beneﬁciis
2314 4575 2464 4628 varie
2486 4572 2820 4639 nominatur,
2854 4572 2921 4626 uti
2962 4575 3155 4636 bonus,
3217 4572 3416 4636 justus,
3475 4580 3585 4623 etc.

2018 4706 2021 4709 _
2071 4645 2147 4712 (6)
2175 4642 2468 4707 Ignoralio.
2492 4645 2629 4708 Quia
2689 4646 2820 4711 quid
2869 4656 2971 4708 est,
3004 4659 3032 4694 a
3066 4642 3210 4712 nullo
3244 4641 3584 4712 intelligitur.

1926 4755 1970 4811 ι)
2071 4709 2147 4782 (7)
2183 4712 2267 4765 Ex
2300 4716 2443 4766 οηιηὶ
2470 4709 2810 4767 inlellectilis.
2837 4713 2969 4777 Quia
2998 4710 3142 4779 quod
3171 4719 3276 4773 est,
3325 4726 3387 4762 ex
3411 4709 3593 4763 omni-

2001 4782 2102 4835 bus
2132 4786 2402 4835 creaturis
2459 4784 2585 4835 licet
2614 4784 2916 4835 intelligere
2945 4796 3010 4834 ex
3062 4779 3585 4835 omui’iuteltectdis.

2075 4779 2102 4834 s
2132 4786 2402 4835 creaturis
2459 4784 2585 4835 licet
2614 4784 2916 4849 intelligere
2945 4796 3010 4834 ex
3062 4779 3585 4849 omui’iuteltectdis,

1991 4852 2178 4911 Graece
2198 4861 2304 4916 est,
2346 4853 2668 4920 παννόητον,
2700 4848 2803 4919 pro
2825 4867 2933 4920 quo
2997 4852 3265 4917 interpres
3326 4848 3590 4918 Dionysii,

1992 4936 2154 4991 quem
2221 4922 2278 4975 S.
2316 4921 2556 4976 Thomas
2585 4923 2792 4988 habuit,
2822 4929 2879 4976 et
2908 4929 3129 4975 secutus
3151 4929 3257 4985 est,
3300 4920 3441 4974 male
3460 4921 3593 4990 legit

1994 4994 2349 5060 πανανόητον.

2070 5062 2148 5130 (8)
2177 5062 2400 5116 Positio.
2428 5061 2681 5117 Omnium
2706 5062 2924 5130 positio,
2950 5070 3003 5115 et
3032 5060 3257 5127 ablatio,
3298 5063 3420 5132 quia
3481 5061 3597 5131 ipse

2014 5134 2196 5187 omnia
2226 5134 2277 5184 in
2298 5149 2481 5186 rerum
2515 5143 2707 5185 natura
2737 5132 2886 5195 facit,
2942 5141 2997 5186 et
3028 5132 3228 5185 aul'ert.

2074 5202 2151 5272 (9)
2181 5202 2507 5270 (luceprima
2535 5213 2678 5257 sunt.
2717 5203 2773 5256 ld
2803 5213 2907 5266 est,
2964 5217 3086 5271 quae
3148 5210 3277 5256 sunt
3329 5202 3595 5271 principia

2004 5272 2256 5336 aliorum,
2293 5282 2348 5326 ut
2378 5274 2823 5341 participatioues
2852 5272 3180 5342 simpliciter
3213 5283 3344 5327 sunt
3383 5272 3592 5339 princi-

1998 5345 2086 5412 pia
2145 5343 2612 5410 participautium,
2671 5343 2728 5396 ul
2786 5344 2890 5396 vita
2936 5343 3198 5412 absolute
3253 5344 3596 5397 considerata

2001 5411 2085 5472 est
2116 5413 2446 5481 principium
2482 5413 2716 5465 (crinale
2743 5411 3043 5466 viventium
3108 5431 3123 5479 ;
3172 5414 3437 5481 sapientia
3500 5425 3595 5464 sa-
3645 5434 3650 5445 ο

2002 5484 2288 5550 pientium,
2319 5493 2374 5537 et
2402 5482 2654 5537 similiter
2686 5482 2741 5535 in
2774 5482 2896 5536 aliis
2929 5493 3019 5546 ;et
3041 5485 3120 5535 lue
3153 5482 3597 5550 participationes

2001 5563 2128 5607 sunt
2158 5554 2379 5607 etl‘ectus
2411 5552 2527 5617 Dei,
2552 5563 2609 5621 et
2636 5554 2757 5605 ideo
2785 5553 2903 5606 istae
2936 5553 3388 5621 participationes
3404 5559 3455 5603 et
3479 5562 3599 5617 qua:

2003 5633 2127 5677 sont
2150 5638 2314 5690 supra
2347 5624 2510 5691 ipsas,
2544 5619 2647 5677 non
2677 5632 2906 5691 possunt
2940 5619 3253 5677 convenire
3306 5632 3597 5681 creaturae,

2008 5703 2064 5747 ut
2105 5693 2389 5760 sapientia,
2422 5704 2475 5748 et
2508 5707 2675 5762 supra
2703 5694 3045 5763 sapientiam,
3076 5706 3196 5761 quae
3257 5691 3599 5759 negationem

406 5837 481 5909 (a)
514 5838 658 5893 ldcm
713 5852 878 5910 supra
908 5839 1087 5894 omnia
1127 5838 1315 5895 eadem
1349 5849 1552 5896 creata.
1582 5837 1714 5895 Vide
1758 5835 2408 5909 proprietatescjusdem,
2445 5843 2494 5893 et
2515 5835 2717 5893 diversi
2745 5850 2865 5906 cap.
2894 5832 2927 5889 9
2966 5832 3046 5888 De
3080 5831 3245 5887 divin.
3277 5831 3596 5887 nominibus.
3670 5814 3681 5819 ’
