4048 6440
294 417 394 481 991

961 415 1201 476 DECAS
1223 417 1381 478 νιιι.
1423 441 1492 452 --
1524 414 1622 476 DE
1661 414 2114 476 INFINII‘ATE
2145 417 2273 478 DEI
2315 418 2400 481 IN
2434 418 2895 485 CREATURIS.

3473 418 3587 484 922

294 538 447 596 runt,
475 528 618 596 quod
667 543 810 584 unus
832 527 977 584 Deus
997 527 1278 594 estPater,
1305 539 1357 582 et
1375 527 1634 594 Filius,et
1653 527 1890 596 Spiritus
1915 532 1967 584 Δ
1993 536 2087 582 aut
2113 529 2274 583 aliam
2306 532 2601 600 quamlibet
2628 541 2947 598 potestatem
2967 551 2985 601 ;
3005 541 3059 586 al
3078 534 3124 588 si
3153 535 3277 604 quis
3307 535 3475 590 Deum
3495 539 3581 592 ἀί·

293 630 514 674 sanctus
540 639 556 684 ;
583 620 626 672 si
646 629 826 673 autem
857 635 992 672 unus
1017 618 1160 674 Deus
1187 630 1294 685 est,
1313 637 1377 673 ex
1405 635 1514 690 quo
1546 621 1752 686 Omnia,
1781 635 1881 676 nec

270 697 444 766 estin
463 710 852 775 coslnistrum,
871 725 968 764 nec
985 710 1503 777 aliudimmiuutnm,
1526 727 1702 781 neque
1724 712 1883 778 quid-

296 817 456 872 q-tam
468 804 666 870 gradus
684 801 1339 870 iuferioris,prauerqnam
1355 817 1473 871 qum
1487 803 1554 855 ab
1569 804 1684 872 ipso
1700 812 1881 857 creata

299 902 426 947 sunt
447 908 601 962 :quae
617 903 794 946 autem
817 903 945 947 sunt
966 903 1086 959 post
1110 892 1322 947 Patrem
1349 905 1400 949 et
1421 893 1611 948 Filium
1630 905 1683 948 et
1710 893 1886 964 Spiri-

301 993 417 1038 tum
437 995 706 1048 sanctum,
732 994 928 1039 cuncta
960 995 1086 1039 sunt
1121 984 1341 1052 pulchre
1357 975 1562 1050 creata,
1577 996 1629 1038 et
1647 986 1798 1055 large
1813 985 1886 1040 ab

305 1075 420 1140 ipso
451 1082 578 1130 sunt
609 1085 727 1142 post
760 1073 894 1128 bene
923 1068 1161 1143 protecta
1188 1079 1570 1131 etconstituta.
1593 1077 1801 1131 Rursus
1835 1091 1885 1130 t-

304 1163 423 1224 detn
440 1174 630 1219 contra
661 1164 911 1224 haeresim
931 1165 1315 1223 Marcosiorum
1337 1163 1479 1221 :Nos
1499 1166 1669 1230 enim,
1687 1165 1883 1232 inquit,

301 1257 570 1312 credimus
586 1259 823 1326 penitus,
840 1259 981 1313 sicut
999 1259 1196 1312 veritas
1225 1258 1485 1323 ostendit,
1507 1267 1556 1311 et
1583 1256 1884 1325 probabilis

304 1349 714 1419 ratiosuggerit,
733 1363 793 1404 ac
811 1364 934 1405 cum
956 1347 1134 1419 regula
1153 1349 1371 1415 pietatis
1386 1356 1676 1413 consonat,
1689 1356 1739 1400 et
1759 1361 1883 1402 cum

304 1437 423 1507 lege
443 1447 497 1491 et
530 1423 826 1504 prophetis,
849 1446 898 1492 et
933 1453 1054 1492 cum
1096 1437 1229 1507 ipsis
1274 1437 1346 1491 ab
1385 1437 1596 1506 origine
1653 1438 1887 1505 patriar-

309 1531 428 1584 cbis
450 1529 640 1584 ordine
669 1528 998 1591 consecutis,
1037 1537 1104 1580 et.
1129 1543 1250 1582 cum
1292 1527 1406 1596 ipsa
1449 1526 1753 1582 Salvatoris
1791 1529 1890 1581 do-

310 1624 511 1687 ctrina,
540 1633 587 1676 ει
614 1621 982 1688 apostolorum
1020 1619 1110 1688 qui
1143 1633 1246 1672 nos
1274 1628 1460 1686 aperte
1485 1621 1682 1674 docent
1715 1617 1888 1672 conli-

311 1714 411 1767 teri
436 1727 599 1765 unum
619 1711 833 1765 Patrem
850 1713 1224 1767 universorum
1241 1708 1569 1776 dominatum
1591 1717 1886 1773 tenentem,

257 1865 270 1871 _
308 1814 360 1860 ει
401 1804 682 1857 Dominum
708 1801 888 1868 Jesutn
913 1801 1210 1866 Christum,
1230 1812 1293 1876 ,ει
1326 1803 1446 1872 ejus
1471 1806 1734 1864 :sanctutn
1761 1800 1887 1870 Spi-

309 1898 498 1962 ritum,
534 1911 690 1949 unam
722 1908 967 1951 sanctam
991 1893 1319 1954 Trinitatem
1351 1910 1455 1947 non
1489 1899 1910 1960 creatam,'om-'

308 1987 469 2056 nibus
500 2001 565 2040 ex
596 1988 764 2042 nihilo
801 1999 919 2055 post
954 1987 1165 2041 Patrem
1193 1994 1246 2038 et
1273 1982 1465 2038 Filium
1505 1995 1560 2038 et
1622 1983 1883 2054 Spiritum

309 2088 558 2134 sanctum
591 2077 774 2132 factis.
809 2077 999 2144 Quare
1059 2076 1112 2129 in
1173 2075 1243 2130 iis
1288 2090 1409 2142 qua:
1460 2075 1608 2130 clare
1654 2075 1891 2131 confessi

311 2179 463 2236 sunt,
488 2180 543 2224 et
572 2171 920 2224 crediderunt
946 2182 1135 2222 omnes
1163 2167 1340 2221 sancti
1362 2166 1474 2234 iam
1503 2167 1661 2234 dicti,
1687 2176 1740 2220 et
1762 2183 1892 2234 pro-

313 2262 510 2329 pbetzr,
531 2269 586 2315 et
609 2258 972 2330 evangelista),
1004 2271 1166 2330 atque
1208 2258 1461 2329 aposmli,
1535 2274 1644 2314 non
1692 2259 1887 2328 poterit

316 2368 552 2422 unquam
589 2352 694 2406 ulla
724 2352 888 2408 fallax
923 2354 1181 2424 cogitatio
1218 2363 1408 2420 contra
1422 2353 1630 2408 radium
1649 2351 1893 2407 veritatis

315 2446 575 2506 resistere
600 2460 665 2500 ac
697 2459 1018 2516 repugnare.
1059 2444 1125 2500 Et
1153 2456 1376 2501 sanctus
1407 2459 1474 2500 ac
1503 2444 1721 2498 divinus
1745 2441 1886 2496 Ger-

317 2551 510 2592 manus
537 2535 593 2591 in
619 2537 959 2606 expositione
989 2536 1111 2590 ﬁdei
1135 2536 1210 2589 ait
1233 2553 1249 2590 :
1270 2533 1375 2600 Sed
1398 2538 1676 2591 veneratio
1695 2543 1888 2590 nostra

309 2638 375 2698 et
393 2629 571 2684 cultus
595 2629 766 2684 solam
791 2643 898 2683 non
929 2638 1192 2693 creatam,
1217 2639 1274 2684 et
1327 2629 1383 2682 in
1455 2629 1726 2683 inﬁnitum
1792 2641 1892 2696 po-

335 2730 536 2776 tcntem
557 2735 718 2791 supra
739 2734 900 2790 quam
923 2719 1292 2789 principialem
1324 2737 1340 2785 ;
1365 2730 1418 2774 et
1435 2734 1598 2789 supra
1615 2733 1775 2789 quam
1794 2719 1896 2774 bo-

319 2829 470 2880 nam,
501 2815 626 2869 vitae
647 2813 968 2883 principem,
988 2820 1044 2867 et
1071 2827 1233 2880 supra
1251 2812 1610 2867 substantiam
1646 2819 1892 2866 sanctam

318 2906 667 2972 Trinitatem,
693 2919 852 2962 unam
874 2903 1208 2958 divinitatem
1267 2914 1321 2957 et
1355 2911 1673 2970 potestatem
1733 2902 1897 2957 corde

319 3015 428 3068 non
449 2997 733 3052 dubitante
763 3007 819 3050 et
849 3011 945 3050 ore
970 2995 1259 3051 conﬁtetur
1281 2994 1443 3059 ;huic
1457 2996 1602 3049 enim
1635 2994 1737 3049 soli
1777 2993 1896 3052 cule

323 3101 437 3145 tum
457 3090 698 3144 tribuere
750 3097 979 3158 oportet.
1042 3088 1107 3142 Et
1169 3096 1388 3142 sanctus
1435 3085 1712 3156 Cyrillus:
1765 3085 1896 3142 Sive

1991 631 2102 683 cat,
2137 624 2417 690 abrogat-it
2447 625 2663 678 divinas
2717 639 2902 690 voces,
2930 641 3051 694 qua-
3078 625 3242 680 clare‘
3272 628 3508 682 clamant
3557 645 3575 682 :

1993 711 2106 780 Ego
2140 712 2279 767 Deus
2307 718 2526 782 primus,
2550 727 2602 770 et
2627 733 2722 786 ego
2747 728 2866 785 post
2893 718 3025 780 hac,
3051 728 3102 773 et
3123 729 3318 785 praeter
3335 737 3418 774 nte
3465 737 3571 774 non

1981 813 2058 857 est
2087 804 2228 858 Deus
2252 808 2317 860 τ’.
2352 807 2447 861 Sin
2475 824 2604 863 vero
2625 826 2730 863 non
2757 811 2909 864 dicat
2931 810 3139 877 Deum,‘
3170 812 3316 866 dicet
3365 814 3580 868 scilicet

1983 897 2220 964 angelos,
2251 898 2333 951 vel
2366 910 2680 966 potestates,
2705 913 2760 954 at
2791 903 2870 956 sic
2885 902 3050 957 etiam
3105 903 3435 970 improbabit
3492 906 3581 958 di-

1982 987 2136 1040 vinas
2167 991 2496 1057 Scripturas,
2526 1008 2646 1062 quae
2677 993 2863 1048 dicunt
2883 1008 2911 1045 a
2947 994 3053 1048 Deo
3083 994 3249 1050 factas
3270 1011 3390 1051 esse
3427 998 3525 1052 has
3558 1013 3576 1052 :

1982 1077 2226 1134 Laudate
2247 1097 2387 1146 eum,
2415 1099 2593 1136 omnes
2619 1084 2790 1153 angeli
2804 1084 2954 1152 ejus;
2989 1084 3205 1138 laudate
3233 1103 3346 1139 eum
3398 1103 3577 1140 omnes

1981 1178 2264 1233 potestates
2279 1169 2393 1236 ejus
2419 1169 2487 1223 ”.
2516 1169 2589 1223 Ex
2627 1172 2710 1226 his
2737 1169 2985 1240 apertum
3044 1176 3124 1239 tit,
3143 1176 3286 1242 quod
3310 1176 3455 1230 inter
3474 1191 3575 1228 ua-

1985 1272 2160 1318 turam
2207 1260 2296 1315 Dei
2347 1259 2400 1313 in
2461 1260 2634 1314 tribus
2677 1262 2943 1328 personis,
3001 1273 3068 1316 et.
3091 1264 3156 1316 ab
3179 1279 3242 1318 eo
3270 1273 3450 1320 creata
3493 1266 3578 1318 ni’

1986 1354 2057 1411 hil
2085 1354 2232 1409 aliud
2261 1353 2554 1423 quidquam
2609 1341 2823 1420 penitus
2882 1354 3194 1422 reperitur;
3242 1357 3422 1410 omnia
3479 1371 3580 1410 au-

1984 1456 2092 1500 tem
2122 1456 2240 1513 post
2260 1444 2498 1499 divinam
2527 1453 2771 1496 naturam
2805 1452 2859 1497 et
2888 1445 3243 1498 substantiam
3262 1455 3388 1499 sunt
3408 1461 3578 1514 gene-

1985 1548 2103 1594 rata
2133 1546 2419 1602 etcreata,
2449 1537 2653 1590 idcirco
2683 1535 2816 1588 nihil
2866 1549 3054 1589 eorum
3103 1551 3223 1604 qua:
3285 1545 3435 1602 sunt,
3489 1547 3580 1592 est

1987 1647 2096 1688 non
2153 1642 2396 1687 creatum
2427 1641 2481 1685 et
2507 1629 2788 1695 inlectum,
2819 1629 2918 1683 nisi
2946 1629 3097 1684 solus
3138 1629 3281 1684 Deus
3317 1631 3431 1684 brec
3483 1645 3581 1684 su-

1985 1741 2082 1794 pra
2117 1723 2476 1778 substantiam
2507 1721 2766 1775 Trinitas.
2792 1719 3074 1774 Manifesta
3122 1721 3289 1774 etiam
3333 1729 3418 1775 est
3479 1721 3578 1774 tibi

1995 1816 2156 1884 hujus
2183 1814 2406 1870 decadis
2418 1813 2688 1882 expositio
2736 1813 3069 1866 materiaria.
3089 1810 3332 1865 Primum
3355 1811 3578 1880 quidem

1994 1906 2169 1978 ponit,
2199 1906 2332 1960 nihil
2358 1920 2545 1960 eorum
2573 1919 2694 1973 qua:
2746 1913 2893 1968 sunt,
2923 1916 3045 1958 esse
3076 1904 3194 1957 sine
3245 1918 3430 1968 causa,
3480 1904 3579 1958 sed

2002 1998 2178 2053 solum
2221 1995 2384 2050 Deum
2421 1995 2550 2061 ;bic
2579 1995 2742 2062 igitur
2797 1994 2886 2062 qui
2943 2008 3163 2047 causam
3227 2007 3333 2046 non
3387 1993 3578 2058 habet,

1991 2105 2159 2144 causa
2186 2090 2424 2143 omnium
2453 2099 2562 2154 est,
2593 2089 2684 2156 qui
2715 2102 2782 2141 ex
2807 2087 2982 2142 nihilo
3013 2094 3320 2140 creaturam
3375 2087 3576 2154 produ-

1993 2181 2067 2235 cit
2104 2179 2349 2245 ;idcirco
2373 2178 2515 2232 nihil
2547 2193 2736 2232 eorum
2771 2192 2890 2246 quae
2916 2185 3066 2241 sunt,
3111 2186 3194 2230 est
3253 2187 3582 2230 coaeternum

1992 2271 2224 2336 auctori,
2252 2271 2383 2339 quin
2408 2269 2589 2335 potius
2622 2269 2709 2324 vel
2752 2285 2815 2322 ex
2845 2269 3114 2337 principio
3169 2269 3450 2334 temporis,
3500 2269 3583 2322 vel

1994 2377 2097 2415 nou
2125 2377 2190 2416 ex
2205 2362 2476 2430 principio
2508 2361 2788 2429 temporis,
2818 2360 2912 2414 sed
2940 2375 3006 2412 ex
3040 2361 3304 2430 principio
3334 2359 3434 2413 τιξνὶ
3460 2368 3541 2412 est
3565 2378 3584 2424 ;

1993 2453 2059 2506 ab
2083 2451 2163 2505 itis
2179 2452 2325 2506 enim
2348 2452 2606 2519 operibus
2629 2465 2752 2519 quae
2772 2460 2899 2504 sunt
2923 2465 2987 2502 ex
3009 2435 3272 2518 principio
3298 2449 3586 2516 temporis,

1993 2543 2283 2611 requiescit
2306 2553 2359 2597 et
2383 2541 2681 2597 Sabbatum
2721 2542 2831 2612 agit
2863 2540 3001 2595 Deus
3033 2559 3047 2605 ;
3079 2543 3146 2594 ab
3167 2540 3418 2608 operibus
3461 2553 3591 2592 vero

1991 2647 2112 2702 qua:
2135 2647 2200 2685 ex
2223 2631 2490 2699 principio
2514 2631 2610 2684 τενί
2647 2639 2796 2696 sunt,
2847 2641 2953 2684 non
2989 2629 3307 2698 requie<cit,
3339 2639 3393 2682 ct
3450 2627 3591 2682 Sabo

1991 2724 2175 2779 butum
2206 2724 2351 2792 agit;
2383 2731 2436 2776 et
2460 2721 2602 2790 quod
2628 2719 2768 2774 Deus
2803 2720 3078 2775 individuo
3123 2735 3188 2773 ex
3208 2735 3267 2773 se
3291 2723 3411 2787 ipso
3434 2733 3594 2788 egre-

1997 2816 2178 2879 diens,
2207 2829 2312 2866 una
2357 2821 2624 2881 potestate
2651 2813 2832 2866 omnia
2856 2812 3134 2880 producit,
3165 2810 3222 2863 in
3258 2811 3404 2862 nullo
3445 2824 3586 2877 quo-

1993 2908 2136 2976 piam
2167 2917 2388 2977 propter
2411 2908 2524 2961 haec
2553 2905 2779 2971 divisus,
2827 2919 3004 2972 neque
3055 2903 3178 2972 quia
3247 2902 3597 2972 producendo

1993 2999 2197 3064 omnia,
2222 3000 2402 3052 omnia
2437 2997 2517 3064 ﬁt,
2539 2997 2763 3063 idcirco]
2791 2995 2994 3064 aliquid
3033 3009 3220 3048 eorum
3276 3008 3394 3060 quae
3415 2993 3484 3046 ab
3513 2993 3601 3062 ip-

1997 3106 2063 3147 so
2086 3092 2222 3146 liunt
2262 3099 2358 3145 aut
2391 3101 2650 3161 aguntur,
2672 3096 2757 3142 est
2789 3103 2896 3140 non
2925 3095 3165 3140 creatum
3200 3101 3215 3138 :
3252 3099 3426 3154 neque
3467 3098 3597 3153 pos-

322 3180 471 3250 qnis,
499 3179 694 3250 inquit,
719 3179 966 3254 angelos,
985 3179 1100 3233 sive
1149 3178 1353 3246 aliquid
1403 3179 1743 3246 superiorum
1807 3191 1902 3232 or-
1927 3178 1974 3241 α
2005 3185 2335 3248 sunt'aliqua
2359 3185 2491 3247 duo,
2523 3188 2616 3234 aut
2645 3174 2934 3233 multitudo
2961 3186 3080 3244 post
3107 3177 3238 3240 duo,
3299 3185 3390 3228 aut
3443 3175 3593 3229 aliud

324 3273 532 3338 tlinum,
570 3281 624 3326 et
657 3273 842 3327 omnia
862 3269 1178 3324 intermedia
1202 3281 1617 3338 praetergressus
1657 3268 1727 3323 ad
1760 3269 1909 3337 Ipsos

325 3364 661 3437 Seraphinos
682 3372 792 3428 eat,
809 3372 861 3416 et
879 3377 1164 3432 supremas
1181 3361 1384 3430 glorias
1401 3361 1767 3430 aggrediatur,
1810 3374 1910 3419 nae

325 3468 501 3512 turam
550 3471 658 3511 non
704 3456 1068 3520 transcendet,
1124 3455 1208 3508 vel
1236 3453 1380 3508 enim
1414 3453 1616 3524 aliquid
1646 3467 1905 3520 superne,

329 3548 432 3602 hoc
461 3556 567 3611 est,
597 3562 660 3602 ev
685 3546 846 3600 Patre
877 3546 1161 3611 luminum,
1183 3555 1238 3600 et
1296 3545 1502 3600 ideirco
1551 3543 1694 3598 Deus
1751 3561 1768 3597 :
1819 3543 1904 3598 vel

328 3634 468 3696 intra
491 3635 696 3704 aliquid
716 3636 1054 3707 intelligitur,
1085 3644 1140 3689 ct
1161 3634 1397 3700 inferne,
1428 3635 1530 3689 hoc
1559 3643 1642 3688 est
1684 3641 1902 3687 creatu-

331 3739 417 3790 ra,
438 3734 494 3778 et
517 3741 583 3779 ex
613 3735 860 3781 creatura
891 3745 912 3798 ς’
943 3725 1294 3795 interiectum
1322 3739 1454 3780 vero
1476 3724 1608 3786 nihil
1659 3723 1912 3777 funditus

331 3825 440 3888 est.
464 3817 528 3869 Et
557 3817 751 3870 iterum
776 3818 918 3870 idem
951 3835 964 3872 :
1001 3817 1152 3882 Quod
1180 3817 1323 3874 enim
1351 3825 1436 3872 est
1477 3816 1732 3884 opinione
1789 3815 1913 3876 illo-2

333 3923 453 3962 rum
476 3921 652 3976 neque
674 3922 804 3974 pure
823 3905 990 3979 Deus,
1017 3921 1191 3976 neque
1213 3915 1398 3974 aperte
1452 3913 1728 3970 creatura,
1747 3919 1908 3973 quem

332 4000 507 4064 locum
537 3999 679 4069 apud
701 3999 846 4068 ipsos
870 4000 1088 4066 recipiet
1111 3999 1164 4053 in
1189 3999 1252 4053 iis
1271 4013 1397 4068 quas
1443 3999 1595 4053 sunt?
1650 3997 1762 4068 ﬁo
1809 4011 1910 4051 ne-

331 4106 441 4166 quo
469 4092 522 4146 in
543 4091 658 4148 sola
681 4091 1030 4160 cogitatione,
1062 4091 1302 4159 recipere
1352 4090 1614 4156 dicerem,
1660 4091 1911 4159 quamvis

331 4186 533 4257 eligere
561 4186 733 4239 solum
773 4199 1011 4260 possem.
1042 4185 1108 4240 ει
1158 4183 1404 4240 Justinus
1459 4182 1815 4252 philosophus
1864 4192 1921 4237 et

307 4287 310 4290 '
335 4287 540 4348 martyr
570 4297 584 4332 :
614 4278 823 4332 Etenim
853 4277 899 4331 si
920 4278 1047 4347 quid
1067 4276 1340 4345 principio
1364 4286 1519 4330 extra
1552 4274 1722 4330 Deum
1771 4283 1913 4341 erat,

334 4368 558 4440 omnino
581 4367 950 4424 necessarium
987 4375 1074 4422 est
1115 4364 1365 4421 conﬁteri
1417 4365 1522 4420 boc
1579 4370 1673 4419 aut
1719 4363 1917 4432 Deum,

409 4547 578 4603 "lsa.
609 4563 756 4614 xuv,
788 4550 841 4604 6.
919 4547 966 4580 ⁸⁸
985 4547 1127 4610 Psal.
1158 4563 1385 4616 curnt,
1406 4546 1464 4604 2.

2013 3275 2142 3346 quid
2173 3273 2472 3330 secundum
2505 3271 2756 3338 superius
2774 3280 2829 3323 et
2860 3266 3088 3322 inferius
3117 3265 3466 3335 progrediens
3507 3280 3600 3320 es-

2011 3381 2073 3421 se
2091 3365 2388 3430 inﬁnitum,
2415 3372 2471 3419 et
2488 3363 2604 3418 sine
2630 3362 2895 3430 principio
2919 3377 2934 3414 :
2955 3361 3046 3414 sed
3067 3375 3230 3413 unum
3251 3359 3449 3422 solum,
3495 3359 3601 3412 hoc

2010 3468 2095 3514 est
2123 3458 2288 3522 Deus,
2307 3455 2794 3524 incomprehensus
2821 3462 2926 3517 est,
2948 3462 3004 3504 et
3027 3450 3460 3518 inaspectabilis,
3489 3459 3591 3502 cta

2010 3551 2306 3606 contrariis
2334 3549 2482 3604 solus
2513 3549 2631 3617 ipse
2653 3545 2964 3600 nominatur
2985 3563 3002 3609 ;
3023 3545 3114 3599 sed
3166 3543 3462 3598 secundum
3505 3557 3597 3597 es-

2009 3643 2242 3697 sentiam
2303 3654 2455 3695 suatn
2485 3651 2705 3706 prorsus
2724 3644 2873 3690 caret
2903 3635 3145 3708 nomine,
3172 3634 3295 3702 quia
3315 3633 3462 3686 solus
3511 3641 3600 3686 est

2015 3748 2122 3787 non
2153 3739 2372 3795 creatus
2396 3736 2452 3784 et
2483 3729 2754 3796 ingenitus
2781 3726 3002 3792 ;omnia
3021 3735 3202 3778 autem
3251 3734 3374 3792 post
3439 3735 3602 3778 natu-

2012 3839 2132 3880 ram
2165 3822 2404 3875 divinam
2435 3830 2561 3875 sunt
2585 3828 2794 3882 creata,
2814 3817 2942 3886 quia
2996 3817 3140 3870 inter
3179 3816 3357 3885 ipsum
3405 3815 3601 3878 Deum,

2011 3922 2067 3964 et
2103 3918 2386 3966 creaturas
2413 3923 2587 3975 neque
2615 3907 2908 3976 quidquam
2937 3913 3044 3970 est,
3111 3919 3284 3972 neque
3323 3905 3604 3973 cogitatur

2011 4016 2267 4070 tanquam
2321 3999 2554 4055 essentia
2601 3997 2889 4068 quaepiam.
2949 3995 3238 4063 Diligenter
3277 3993 3440 4062 igitur
3485 4007 3604 4045 ma-

2023 4095 2164 4151 teria
2188 4091 2347 4162 hujus
2366 4091 2586 4146 decatlis
2612 4104 2638 4140 a
2678 4087 2940 4154 theologis
2976 4086 3250 4153 exposita,
3284 4101 3408 4137 cum
3464 4084 3604 4137 alio—

2023 4187 2115 4257 qui
2153 4185 2326 4256 ipsius
2356 4182 2450 4240 Dei
2492 4181 2815 4237 inﬁnitatem
2874 4192 3210 4249 cognoscere
3263 4191 3370 4231 non
3427 4176 3607 4248 possi-

2024 4293 2148 4344 mus
2177 4277 2279 4349 (ι).

1826 4667 2098 4730 Scholia.

411 4771 492 4842 (ί)
529 4771 608 4826 Ad
637 4785 702 4827 ea
729 4772 930 4842 quatin
961 4773 1060 4826 hoc
1095 4781 1344 4826 extremo
1392 4773 1570 4838 capite
1622 4788 1688 4826 ex
1743 4773 1913 4842 variis
1954 4777 1996 4830 ι)
2026 4771 2085 4842 si
2114 4778 2274 4822 natus
2319 4769 2663 4842 maluisset
2700 4771 2861 4821 homo
2915 4768 3004 4842 ille
3038 4765 3254 4831 (Matth.
3287 4779 3436 4842 x_xvt,
3487 4762 3608 4842 2}):

336 4841 597 4904 Patrtbus
623 4844 690 4896 de
709 4841 946 4911 ingenito
965 4853 1148 4895 notata
1171 4852 1318 4906 sunt,
1338 4842 1554 4911 adjungi
1579 4853 1757 4908 potest
1777 4841 1921 4910 quod

340 4924 562 4967 sanctus
599 4913 1022 4982 (htrysostomus
1051 4912 1290 4979 scripSit,
1315 4911 1586 4982 disserens
1610 4913 1679 4982 de
1720 4912 1928 4982 ingeni-

345 4996 400 5038 to
425 4991 611 5036 contra
648 4981 936 5039 luereticos
964 4983 1015 5034 in
1041 4982 1258 5035 homilia
1293 4983 1346 5032 in
1381 4981 1507 5033 illud
1541 4999 1555 5034 :
1604 4981 1661 5034 In
1724 4981 1927 5046 princi-

344 5053 434 5118 pio
456 5062 572 5106 erat
592 5049 826 5105 Verbum
859 5049 1037 5114 (loan.
1084 5067 1124 5116 I,
1159 5052 1235 5116 l),
1269 5060 1366 5104 et:
1394 5049 1630 5119 Spiritus
1650 5059 1927 5105 scrutatur

349 5119 618 5190 proluntla
656 5121 748 5187 Dei
783 5121 823 5189 (Ι
853 5123 982 5176 (Jor.
1023 5137 1083 5187 ιι,
1113 5122 1240 5186 l0):
1276 5120 1354 5174 Ne
1379 5121 1682 5185 existimes,
1715 5120 1916 5188 inquit,

349 5189 627 5254 hazretice,
653 5207 903 5260 magnum
937 5193 1066 5260 quid
1103 5202 1154 5245 te
1187 5192 1427 5260 tribuere
1458 5190 1628 5255 Patri,
1654 5205 1779 5243 cum
1830 5189 1915 5242 tli-

349 5262 431 5316 cis
461 5276 583 5314 esse
611 5259 908 5330 ingenitum
937 5259 1105 5328 {quia
1147 5259 1434 5330 multaalia
1461 5274 1584 5328 quas
1614 5275 1718 5312 non
1773 5270 1904 5330 sunt

351 5339 630 5400 generata,
661 5329 914 5383 dicuntur
949 5335 1186 5393 ingenita
1229 5348 1246 5394 ;
1279 5329 1473 5400 dicitur
1503 5330 1672 5400 Adam
1699 5329 1915 5400 ingeni-

353 5398 464 5466 tus,
486 5399 608 5466 quia
647 5415 751 5453 non
783 5403 883 5453 t'ttit
904 5403 1140 5468 genitus,
1165 5401 1260 5454 sed
1286 5399 1584 5462 formatus;
1611 5398 1812 5468 dicitur
1855 5413 1918 5450 e—

355 5471 483 5524 tiam
517 5467 990 5538 bomoingenitus,
1016 5486 1117 5524 nou
1155 5479 1463 5540 generatus,
1492 5484 1668 5540 neque
1711 5467 1917 5540 fortnas

354 5551 466 5607 tus,
490 5548 546 5594 ut
569 5554 687 5595 cum
724 5537 984 5610 Dominus
1016 5537 1244 5596 dixit'de
1269 5537 1407 5600 Juda
1443 5556 1456 5593 :
1491 5537 1696 5595 Bonum
1719 5547 1836 5592 erat
1863 5539 1914 5594 ei

2047 4840 2109 4892 Et
2137 4839 2412 4906 quomodo
2431 4838 2504 4892 illi
2526 4839 2720 4892 melius
2747 4849 2890 4901 erat,
2917 4838 2960 4889 si
2994 4848 3150 4891 natus
3175 4852 3278 4888 non
3313 4833 3612 4906 fuissetiei

2033 4899 2176 4978 enim
2211 4908 2302 4978 qui
2328 4923 2443 4978 non
2480 4918 2586 4973 est,
2627 4907 2762 4962 nihil
2793 4899 3083 4978 conducit,
3111 4919 3287 4972 neque
3317 4914 3498 4978 nocet.
3535 4899 3606 4956 Et

2031 4975 2292 5032 Salomon
2327 4977 2545 5030 beatum
2575 4977 2828 5044 praedicat
2855 4992 2976 5030 eum
2999 4977 3089 5043 qui
3121 4991 3227 5028 non
3259 4985 3342 5027 est
3367 4975 3609 5041 genitus,

2026 5051 2108 5101 sic
2144 5046 2291 5100 enim
2319 5047 2396 5100 ait
2425 5064 2438 5098 :
2471 5045 2671 5101 Beatus
2703 5047 2793 5110 qui
2833 5058 3082 5100 mortuus
3110 5057 3218 5109 est,
3252 5047 3420 5108 magis
3442 5059 3608 5112 quam

2023 5120 2236 5180 vivens,
2266 5127 2320 5170 et
2347 5131 2510 5184 supra
2534 5117 2670 5170 duos
2689 5119 2779 5184 qtti
2805 5133 2908 5169 non
2933 5127 3016 5168 est
3047 5117 3280 5184 genitus.
3298 5112 3606 5184 (Ecclmv,

2019 5187 2075 5254 2)
2109 5204 2123 5241 :
2155 5187 2222 5240 Et
2252 5187 2299 5240 si
2327 5183 2432 5239 non
2461 5183 2794 5255 estlgenittts,
2821 5187 3093 5247 quomodo
3119 5196 3200 5238 est
3224 5186 3450 5237 beatus?
3485 5183 3618 5234 Vide

2021 5259 2243 5310 nomina
2273 5267 2480 5326 naturte
2517 5257 2795 5326 ingeniun.
2819 5255 2965 5308 Dixit
2997 5256 3270 5326 hominem
3305 5267 3477 5320 neque
3521 5267 3618 5326 ge-

2021 5329 2221 5391 nitum,
2251 5341 2424 5396 neque
2450 5321 2739 5380 fortnatum
2771 5328 2992 5380 beatum
3018 5342 3035 5390 ;
3057 5324 3406 5396 quamobrem
3435 5321 3621 5396 appel—

2020 5398 2150 5449 latio
2184 5393 2408 5463 iugentti
2440 5411 2547 5449 non
2587 5400 2980 5464 interpretatur
3039 5407 3288 5446 naturam
3348 5393 3617 5464 divinam,

2017 5483 2141 5531 nec,
2175 5479 2234 5516 ut
2269 5474 2326 5518 tu
2357 5466 2461 5530 ais,
2495 5463 2851 5520 substantiam
2886 5466 3192 5530 signiﬁcat;
3222 5477 3324 5516 nec
3354 5463 3617 5513 honorem

2016 5534 2364 5592 atlerLPatri.
2389 5534 2658 5592 Hactenus
2692 5535 3136 5605 Cbrysostomus.

2307 5658 2318 5682 |
