4048 6428
1639 378 1959 439 IOANNIS
1991 377 2553 439 CYPARISSIOTA!

3626 367 3749 441 οεἶὲ

1243 638 1492 703 DECAS
1529 641 1774 703 NONA.
1814 678 1886 686 —
1924 643 2039 704 DE
2098 641 2608 721 INFINITATE
2640 639 2740 701 IN
2765 635 2963 700 DEO.

1110 782 1342 855 cacugr
1385 784 1427 838 ι.

484 879 638 948 Quod
676 880 733 933 in
765 877 896 936 Deo.
927 877 1032 948 qui
1073 887 1147 929 est
1196 892 1360 942 supra
1414 875 1771 939 substantiam
1793 893 1949 948 tuon
1982 890 2058 932 ut

548 950 834 1018 quidquam
884 944 1033 1018 aliud
1098 961 1201 997 non
1248 957 1486 997 creatum
1544 956 1763 1018 printer
1810 947 2060 1018 Patrem,

557 1014 777 1077 Filium,
811 1025 858 1070 et
891 1014 1144 1080 Spiritum
1180 1027 1416 1066 sanctum
1464 1016 1621 1066 unius
1666 1023 1715 1068 et
1765 1016 1928 1069 solius
1966 1033 2087 1079 ηιμ,

551 1100 686 1141 tunc
721 1103 822 1139 non
855 1092 1065 1149 στρατω,
1104 1099 1196 1136 nec
1225 1082 1371 1135 aliud
1405 1084 1690 1152 quidquam
1723 1096 1845 1138 ante
1869 1085 2065 1139 scutula

557 1169 745 1224 preter
784 1156 878 1207 has
917 1165 1020 1207 tres
1056 1169 1304 1221 personas
1344 1155 1570 1211 divinas.

552 1245 777 1312 Magnus
811 1241 1119 1311 Dionysius,
1177 1245 1355 1309 capite
1384 1243 1559 1310 primo
1595 1241 1837 1313 Mysticw
1871 1244 2068 1297 theolo-

485 1339 586 1405 gia!
612 1355 628 1391 :
650 1336 892 1396 Trinitas
918 1347 1084 1400 supra
1112 1333 1493 1397 substantiam,
1516 1342 1570 1387 et
1605 1350 1769 1404 supra
1799 1335 2065 1402 divinum,

483 1437 540 1482 et
575 1440 737 1495 supra
769 1426 994 1487 bonum,
1026 1421 1243 1488 pietatis
1268 1422 1704 1475 Christianorum
1737 1435 1863 1490 erga
1902 1421 2067 1473 Deum

487 1530 691 1588 praeses
720 1526 772 1569 et
796 1522 1000 1577 custos,
1035 1512 1207 1580 dirige
1238 1526 1333 1564 nos
1367 1511 1433 1565 ad
1485 1511 1833 1581 mysticorum
1864 1525 2073 1565 sermo-

485 1624 617 1664 num
649 1605 740 1659 Dei
773 1618 1102 1673 supraquam
1139 1603 1378 1672 ignotum
1408 1602 1509 1673 (l),
1543 1613 1595 1655 et
1623 1618 1950 1672 supraquam
1983 1605 2069 1657 lu-

487 1713 618 1754 cens
652 1696 753 1766 (2),
792 1705 954 1764 atque
992 1709 1263 1750 summum
1298 1695 1612 1764 fastigium;
1646 1695 1739 1749 ubi
1775 1696 2071 1775 simplicia,

489 1801 546 1845 et
577 1790 820 1844 absoluta
859 1789 960 1857 (5),
991 1797 1044 1841 et
1086 1788 1441 1842 immutabilia
1477 1788 1761 1857 theologia:
1808 1789 2069 1859 mysteria

489 1883 811 1950 aperiuntur
844 1881 895 1933 in
944 1880 1176 1948 caligine
1222 1894 1551 1948 supraquam
1588 1879 1803 1934 lucente
1853 1881 2056 1935 silentii

489 1986 703 2026 arcanae
727 1971 1009 2025 doctrinm.
1038 1966 1140 2031 Tu,
1173 1982 1292 2036 quae
1327 1969 1378 2022 in
1409 1967 1745 2023 obscuritate
1771 1970 2079 2023 tenebrico-

422 2136 429 2141 1
493 2065 708 2123 sissima
743 2078 1070 2133 supraquam
1098 2061 1407 2116 clarissime
1433 2075 1759 2131 supraquam
1793 2061 2067 2129 splendes,

2090 793 2136 847 A
2163 796 2217 842 et
2247 786 2381 841 nihil
2412 800 2572 855 supra
2619 800 2680 840 ea
2714 799 2833 854 quae
2872 793 2999 838 sunt
3022 822 3040 850 ,
3086 791 3139 837 et
3168 798 3340 852 supra
3371 785 3747 843 substantiam

2163 893 2284 935 esse
2314 879 2575 951 cogitant,
2625 876 2756 946 quin
2810 877 2992 945 potius
3042 876 3382 931 arbitrantur
3415 895 3512 934 sua
3545 884 3743 951 cogni-

2167 971 2314 1026 tione
2370 986 2530 1025 nosse
2579 985 2704 1024 cum
2759 970 2851 1039 qui
2925 972 3106 1038 posuit
3156 972 3409 1026 tenebras
3462 973 3745 1028 latibulum

2167 1077 2342 1118 suum.
2389 1059 2447 1115 Si
2481 1072 2662 1115 autem
2700 1075 2864 1129 supra
2895 1061 2995 1115 hos
3027 1072 3156 1116 sunt
3192 1061 3499 1117 divinorum
3545 1076 3745 1135 myste-

2168 1149 2371 1202 riorum
2406 1148 2768 1215 cognitiones.
2802 1148 2935 1217 quid
2980 1149 3086 1203 dici
3119 1152 3319 1219 poterit
3367 1152 3433 1207 de
3479 1153 3598 1209 aliis
3630 1171 3745 1211 non

2169 1239 2415 1301 initiatis,
2447 1240 2539 1307 qui
2572 1254 2839 1295 summam
2871 1255 3089 1295 causam
3119 1244 3364 1297 omnium
3393 1259 3457 1298 ex
3483 1249 3747 1304 extremis

2174 1327 2246 1398 (b)
2279 1328 2333 1382 in
2361 1336 2551 1384 natura
2584 1344 2763 1384 rerum
2796 1331 3100 1395 designant,
3151 1332 3395 1403 nihilque
3438 1350 3553 1389 eam
3583 1350 3745 1392 ante-

2173 1419 2372 1473 cellere
2398 1419 2552 1473 aiunt
2588 1420 2770 1487 impiis
2802 1421 3152 1489 imaginibus,
3179 1438 3315 1492 quas
3363 1425 3463 1495 ipsi
3495 1428 3700 1494 tingunt
3722 1429 3748 1482 ι

2175 1510 2241 1564 Et
2268 1526 2491 1578 magnus
2524 1510 2857 1566 Athanasius
2889 1529 2902 1566 :
2937 1512 3062 1566 Sola
3102 1514 3245 1567 enim
3281 1525 3467 1570 sancta
3507 1515 3746 1574 Trinitas

2175 1601 2476 1655 divinitatis
2502 1614 2823 1673 non‘creata
2865 1606 3139 1673 apparuit.
3169 1605 3233 1658 Et
3262 1606 3455 1661 beatus
3480 1608 3743 1665 Basilius:

2176 1692 2291 1746 Illic
2318 1692 2469 1746 stetit
2501 1694 2680 1758 beata,
2720 1703 2774 1747 et
2806 1709 2911 1749 non
2941 1703 3122 1749 creata
3165 1692 3422 1760 Trinitas,
3465 1700 3641 1765 Pater,
3690 1713 3747 1755 et

2180 1782 2368 1848 Filius,
2407 1794 2460 1837 et
2487 1783 2720 1853 Spiritus
2756 1794 2998 1839 sanctus.
3035 1786 3097 1839 Et
3120 1784 3415 1858 Gregorius
3436 1788 3748 1860 Nyssenus:

2176 1873 2321 1929 Nihil
2350 1877 2493 1929 aliud
2529 1885 2656 1931 ante
2694 1879 2887 1931 smcula
2920 1888 3116 1945 praeter
3149 1879 3386 1946 Patrem,
3430 1894 3485 1936 et
3513 1884 3707 1938 Filium
3735 1927 3750 1949 ,

2179 1976 2234 2021 et
2260 1967 2516 2034 Spiritum
2540 1979 2805 2021 sanetum.
2829 1966 2894 2021 Et
2920 1968 3137 2024 divinus
3158 1970 3556 2027 Damascenus:
3590 1974 3754 2032 Solus

2181 2074 2287 2113 non
2329 2069 2567 2121 creatus,
2606 2059 2696 2128 qui
2733 2060 2784 2112 in
2820 2058 3004 2123 Patre,
3033 2071 3087 2116 et
3122 2061 3283 2128 Filio,
3311 2074 3364 2117 et
3393 2063 3596 2135 Spiritu
3622 2082 3752 2121 san-

490 2167 545 2213 et
574 2159 625 2212 in
659 2157 763 2212 illis
790 2155 1170 2225 Splendoribus
1226 2168 1555 2222 supraquam
1603 2153 1862 2223 pulchris,
1906 2162 1960 2208 et
1993 2163 2069 2206 ta-
2103 2166 2144 2220 Β
2176 2158 2266 2204 cto
2299 2148 2518 2204 colitur.
2542 2148 2622 2203 Ex
2645 2150 2846 2218 quibus
2878 2151 2935 2203 iit
2967 2152 3340 2218 manifestum,
3367 2157 3588 2230 quodin
3622 2157 3754 2224 Deo,

490 2260 659 2313 ctum,
691 2258 743 2301 et
774 2257 1051 2315 aspectum
1077 2247 1155 2317 (a)
1180 2262 1245 2301 ex
1274 2255 1386 2302 toto
1412 2245 1738 2314 fugientibus
1760 2254 1964 2298 mentes
1992 2245 2069 2314 (4)

412 2332 415 2341 ’
490 2340 664 2395 oculis
714 2348 906 2408 captas
953 2353 1281 2408 supraquam
1334 2338 1543 2403 imples.
1578 2336 1707 2391 Mihi
1752 2336 1912 2404 igitur
1955 2334 2072 2389 haec

490 2444 764 2501 optentur,
793 2441 846 2484 tu
897 2445 1045 2494 vero,
1074 2429 1240 2484 chara
1293 2428 1597 2491 Timothee,
1646 2429 1700 2482 in
1754 2428 2068 2481 vehementi

474 2523 844 2592 ,mysticarum
883 2520 1397 2588 contemplationum
1434 2521 1823 2575 exercitatione
1863 2529 1916 2573 et
1949 2534 2076 2573 sen-

490 2628 608 2678 sus,
635 2623 689 2668 et
735 2627 867 2667 usus
909 2611 1113 2666 mentis
1150 2611 1416 2677 relinque,
1467 2620 1521 2663 et
1564 2610 1744 2665 omnia
1793 2624 1914 2678 quae
1971 2610 2073 2663 sub

491 2719 710 2760 sensum
736 2713 789 2757 et
818 2702 1231 2771 intelligentiam
1278 2702 1511 2762 cadunt,
1561 2711 1617 2755 et
1664 2701 1916 2754 universa
1952 2715 2074 2770 quae

489 2806 641 2859 sunt,
669 2804 724 2847 et
773 2809 881 2848 non
916 2801 1049 2847 sunt
1079 2792 1156 2861 t5)
1192 2809 1206 2845 :
1240 2802 1293 2846 et
1326 2794 1392 2848 ad
1435 2793 1858 2861 copulationem,
1894 2808 2072 2861 quan-

494 2894 607 2938 tum
636 2884 896 2952 consequi
926 2893 1100 2953 potes,
1131 2898 1253 2938 cum
1282 2897 1345 2937 eo
1378 2883 1469 2951 qui
1498 2897 1661 2950 supra
1696 2896 1915 2936 omnem
1941 2882 2078 2934 sub-

490 2977 747 3032 stantiam
784 2985 838 3031 et
872 2976 1237 3045 cognitionem
1277 2985 1395 3040 est,
1432 2976 1614 3046 ignoto
1646 2974 1724 3045 (6)
1762 2975 2027 3029 centende
2063 2994 2076 3029 :

494 3072 552 3122 et
581 3078 732 3121 extra
764 3076 815 3122 te
853 3068 1065 3137 positus
1095 3082 1246 3135 pure.
1295 3076 1349 3121 et
1378 3067 1448 3120 ab
1492 3066 1748 3121 omnibus
1786 3066 1996 3120 solutus
2025 3074 2081 3120 et

490 3156 634 3213 liber
651 3157 717 3212 ad
756 3157 960 3213 radium
983 3159 1223 3212 divinum
1250 3158 1442 3212 divina:
1457 3157 2081 3222 obscuritatis,omnibus

490 3250 712 3316 ablatis,
747 3258 805 3305 et
851 3250 920 3304 ab
950 3252 1211 3306 omnibus
1260 3251 1549 3320 expeditus
1595 3248 1910 3304 adduceris.
1949 3248 2081 3306 Vide

494 3350 700 3405 autem,
735 3352 794 3395 ut
822 3357 983 3397 nemo
1008 3343 1123 3398 hmc
1155 3343 1339 3396 audiat
1373 3357 1438 3395 ex
1467 3342 1532 3396 iis
1571 3343 1661 3409 qui
1694 3358 1797 3396 non
1838 3356 1961 3396 sum
1996 3344 2081 3397 in-

493 3435 724 3505 structi;
769 3435 869 3490 hos
898 3434 1045 3503 dico,
1076 3433 1167 3503 qui
1200 3434 1362 3489 rebus
1401 3434 1637 3489 terrenis
1674 3434 2075 3499 adhaerescunt,
2108 3451 2155 3513 C
2186 3444 2432 3489 sanctum
2458 3442 2564 3513 ;‘et
2598 3447 2717 3487 cum
2751 3448 2942 3486 rursus
2989 3434 3222 3488 dicimus

2170 2247 2261 2312 qui
2314 2253 2391 2297 est
2433 2259 2594 2313 supra
2630 2245 3012 2310 substantiam,
3039 2261 3137 2301 nec
3174 2247 3319 2303 aliud
3344 2251 3632 2318 quidquam
3668 2265 3757 2309 est

2174 2350 2279 2388 non
2299 2346 2542 2389 creatum
2566 2345 2764 2405 praeter
2789 2335 3264 2402 Trinitatem,’nec
3289 2340 3435 2395 aliud
3454 2344 3741 2412 quidquam
3796 2354 3815 2379 ι’

2174 2435 2298 2480 ante
2337 2442 2511 2480 aevum
2549 2437 2746 2495 praeter
2791 2429 3030 2492 Patrem,
3061 2437 3109 2484 et
3156 2430 3375 2497 Filium,
3409 2443 3460 2487 et
3490 2433 3738 2501 Spiritum

2173 2525 2440 2582 sanctum,
2468 2518 2792 2573 Trinitatem
2819 2534 2980 2588 supra
3009 2530 3276 2587 naturam,
3338 2536 3389 2587 ct
3420 2526 3470 2578 in
3499 2539 3592 2592 qua
3615 2525 3749 2579 sim—

2175 2609 2357 2677 plicia,
2407 2618 2461 2663 et
2520 2611 2808 2678 absoluta,
2874 2621 3037 2680 atque
3090 2614 3450 2669 immutabiiia
3503 2615 3760 2685 mysteria‘

2177 2702 2459 2769 theologia:
2516 2704 2862 2774 detegantur,
2900 2717 2955 2760 et
3001 2708 3101 2776 ipsi
3132 2710 3328 2763 occulti
3366 2726 3642 2764 sermones
3675 2711 3749 2765 si.

2178 2790 2326 2846 ientii
2355 2792 2679 2858 iueii‘abilis;
2710 2811 2878 2863 quare
2908 2796 2953 2849 si
2984 2810 3102 2864 quae
3136 2806 3219 2851 est
3246 2809 3432 2853 natura
3457 2814 3561 2852 non
3601 2816 3762 2854 crea-

2182 2894 2272 2947 ta,
2311 2901 2374 2939 ea
2415 2897 2498 2939 eat
2529 2886 2691 2941 Pater
2721 2898 2776 2941 et
2821 2888 2989 2943 Fiiius
3034 2898 3089 2944 et
3137 2890 3374 2956 Spiritus
3407 2901 3646 2945 sanctus.
3692 2891 3763 2947 Et

2182 2990 2372 3028 rursus
2403 2990 2416 3025 :
2447 2974 2501 3028 Si
2548 2976 2676 3042 quid
2722 2985 2803 3030 est
2853 2975 3034 3040 Pater,
3083 2986 3138 3030 et
3176 2976 3363 3041 Filius,
3412 2987 3466 3030 et
3521 2976 3761 3045 Spiritus

2181 3076 2422 3129 sanctus,
2460 3066 2577 3119 sola
2608 3082 2714 3119 non
2756 3076 2937 3120 creata
2973 3077 3160 3122 natura
3206 3076 3287 3122 est
3313 3109 3327 3133 ,
3372 3077 3427 3122 et
3473 3084 3591 3122 cum
3624 3069 3769 3122 dici-

2183 3171 2306 3209 mus
2353 3173 2367 3209 :
2419 3155 2483 3212 0.
2512 3167 2703 3211 natura
2747 3173 2852 3211 non
2885 3166 3068 3211 creata
3096 3198 3110 3220 ,
3145 3168 3339 3212 auctor
3367 3160 3635 3221 omnium,
3673 3161 3761 3215 vel

2185 3257 2383 3316 praeter
2421 3249 2660 3303 divinam
2711 3259 2962 3303 naturam
3023 3249 3158 3303 nihil
3208 3259 3289 3305 est
3336 3266 3441 3305 non
3477 3264 3717 3305 creatum
3746 3294 3766 3317 ,

2188 3342 2459 3408 implicate
2490 3342 2721 3397 dicimus
2759 3342 2999 3406 Patrem,
3037 3351 3092 3394 et
3140 3342 3362 3406 Filium,
3409 3354 3459 3397 et
3498 3343 3765 3413 Spiritum

3262 3449 3279 3488 :
3323 3433 3482 3489 Pater
3516 3437 3771 3506 oumipo-

1962 3574 2240 3643 ScboHa.

561 3727 638 3797 (1)
666 3725 997 3798 Supraquam
1036 3729 1290 3795 ignotum.
1317 3726 1467 3798 Quia
1510 3726 1634 3794 quid
1668 3726 1738 3780 sit
1773 3726 1931 3791 Deus,
1977 3726 2069 3793 qui

491 3809 578 3852 est
604 3808 789 3851 sancta
822 3798 1081 3861 Trinitas,
1115 3812 1218 3850 non
1250 3797 1421 3848 solum
1466 3808 1547 3850 est
1578 3797 1816 3865 ignotum
1838 3836 1851 3855 .
1884 3808 1942 3851 ut
1973 3812 2072 3848 nos

493 3868 796 3936 intelligere
829 3882 1117 3934 possumus
1148 3866 1199 3919 in
1229 3867 1495 3921 creaturis
1535 3867 1737 3935 aliquid
1768 3882 1888 3921 esse
1914 3870 2069 3936 igno-

494 3946 631 3995 tum,
667 3939 756 3989 sed
786 3946 867 3988 est
894 3950 1220 4004 supraquam
1258 3937 1519 3997 ignotum.

565 4006 642 4073 (‘2)
682 4005 1015 4077 Supraquam
1049 4006 1243 4077 lucens.
1274 4006 1413 4077 Quid
1442 4008 1676 4077 cognitio
1706 4015 1788 4061 est
1821 4006 2067 4077 quasdam

494 4075 585 4146 tux,
620 4076 835 4146 tuentis,
864 4076 1128 4146 signiﬁcat
1166 4073 1466 4146 Dionysius.
1501 4073 1606 4130 non
1638 4093 1758 4131 esse
1791 4076 2066 4146 proprium

497 4143 589 4197 Dci
630 4144 709 4197 sic
744 4145 996 4209 cognosci
1044 4143 1185 4212 quod
1221 4143 1315 4207 sit,
1344 4154 1398 4199 et
1432 4148 1604 4199 bonus
1649 4149 1741 4209 sit,
1774 4155 1826 4198 et
1860 4145 2067 4211 reliqua

495 4213 765 4280 ejusmodi
802 4213 891 4265 Dei
929 4214 1162 4282 propria.
1193 4216 1330 4269 sicut
1369 4232 1469 4270 nos
1498 4215 1870 4281 intelligimus.
1900 4223 1953 4265 et
1983 4232 2074 4268 r0-

495 4283 804 4350 gnoscimus
842 4284 894 4335 in
936 4285 1217 4349 creaturis,
1244 4300 1385 4349 essc,
1426 4296 1478 4338 et
1522 4287 1655 4338 tales
1681 4300 1834 4344 esse,
1861 4284 1955 4334 sed
1990 4294 2073 4338 est

495 4352 739 4418 cognitio
784 4352 900 4419 ejus
965 4355 1178 4423 propria
1228 4370 1388 4424 supra
1439 4370 1650 4407 onmem
1706 4353 2071 4424 cognitionem

495 4430 732 4475 ereatam
807 4437 833 4475 a
864 4438 924 4476 se
973 4425 1118 4477 enim
1154 4423 1350 4487 solum,
1386 4434 1444 4477 ut
1469 4424 1621 4478 decet
1667 4424 1717 4476 id
1758 4431 1862 4487 est,
1894 4423 2072 4490 peric-

494 4498 602 4557 ctc,
641 4498 982 4553 cognosc'tttt‘
1017 4508 1157 4549 esse.

570 4563 644 4628 (5)
676 4560 948 4629 Simplicia
985 4573 1032 4617 et
1065 4563 1325 4617 absoluta.
1353 4561 1446 4615 Illa
1484 4562 1632 4621 dicit,
1668 4577 1785 4629 (ιιιτο
1816 4563 1955 4615 mnlc
1986 4578 2074 4617 se-

495 4633 601 4686 cuti
635 4640 782 4693 sIInt,
817 4632 931 4686 sine
967 4636 1355 4698 integumentis
1394 4631 1728 4699 symbolicis,
1753 4645 1806 4686 et
1830 4635 1946 4685 sine
1978 4650 2071 4700 pa—

493 4702 713 4763 rabolis,
747 4717 809 4754 ac
837 4703 953 4757 sine
979 4703 1160 4756 verbis
1186 4742 1199 4761 .
1232 4718 1350 4771 quae
1380 4702 1737 4768 etplicatiom
1790 4704 2027 4771 indigent
2053 4745 2069 4769 ,

496 4772 867 4839 intelliguntur
907 4783 961 4826 et
990 4769 1263 4829 videntur,
1308 4769 1419 4825 Deo
1455 4772 1730 4839 aperiente
1769 4769 2065 4841 mysteria;

2175 3734 2355 3791 potest
2386 3725 2585 3791 caligo,
2615 3739 2789 3789 neque
2818 3741 2940 3792 qua;
2968 3724 3194 3792 caligine
3218 3725 3429 3777 obtecta
3454 3723 3596 3787 sunt)
3626 3724 3766 3779 vidit

2174 3795 2399 3852 Paulus.
2433 3808 2483 3846 ct
2520 3795 2772 3856 «(ignovit
2807 3795 2858 3849 in
2913 3796 3032 3850 luce
3073 3796 3386 3849 clarissima:
3417 3794 3765 3848 revelationis

2172 3867 2289 3919 sine
2336 3866 2457 3917 ullis
2494 3865 2771 3933 symbolis.
2819 3863 2950 3918 Illud
3001 3878 3179 3917 autem
3210 3864 3605 3917 observandum
3642 3878 3744 3926 εει,

2176 3952 2242 3988 ne
2295 3937 2415 4001 quis
2449 3936 2800 3999 interpretem
2828 3944 3032 3987 temere
3065 3934 3444 3999 reprehendat,
3470 3933 3609 4001 quod
3644 3949 3765 3987 ver-

2176 4006 2337 4057 timus
2370 4020 2386 4057 :
2417 4005 2746 4066 Aperiantur
2780 4005 2831 4057 in
2865 4005 3136 4073 caligine),
3180 4005 3321 4056 male
3360 4003 3461 4068 Ιοκί
3498 4004 3547 4055 itt
3574 4018 3759 4055 exem-

2179 4074 2419 4141 plaribus
2455 4074 2660 4132 Grsecis
2690 4075 2743 4128 in
2779 4073 2928 4128 Italia
2967 4085 3020 4128 et
3055 4077 3107 4128 in
3142 4074 3317 4128 Gallia
3353 4074 3610 4126 hactenus
3642 4074 3760 4123 edi-

2182 4145 2271 4209 tis,
2313 4144 2743 4210 ἐγκαλύπτεται,
2791 4145 2842 4198 id
2887 4154 2992 4202 est.
3040 4154 3314 4212 teguntur;
3355 4143 3558 4197 ,tnelins
3589 4142 3760 4212 reperi

2180 4213 2232 4265 in
2293 4213 2589 4279 exeinplari
2641 4216 3034 4281 manuscripto,
3098 4210 3633 4282 quodCyparissiota
3668 4210 3768 4264 ba-

2179 4284 2315 4346 bttit,
2352 4283 2773 4342 ὲκκαλύπτεται,
2805 4285 2855 4335 id
2895 4295 2996 4342 est,
3027 4286 3369 4349 deteguntur.

2253 4356 2329 4423 (4)
2375 4352 2574 4405 Mente:
2615 4354 2893 4420 angelicas
2936 4353 3107 4423 oculis
3153 4361 3338 4423 captas
3371 4351 3503 4404 dicit
3539 4366 3644 4423 pra!
3680 4355 3763 4408 in-

2184 4422 2330 4476 ﬁnita
2389 4423 2709 4475 excellentia
2764 4423 2932 4477 divini
2986 4422 3336 4489 splendoris;
3378 4433 3503 4474 sont
3566 4422 3763 4491 alioqui

2186 4495 2370 4546 multis
2399 4493 2571 4546 oculis
2612 4493 2850 4559 prteditm
2878 4504 3098 4562 propter
3142 4493 3363 4562 [inritant
3400 4492 3759 4557 cognitionem

2185 4565 2414 4631 propriae
2451 4556 2739 4615 facultatis.
2774 4556 2925 4615 Sicut
2959 4556 3103 4615 cnim
3142 4556 3283 4613 Deits
3333 4556 3529 4614 dicitur
3578 4562 3765 4616 invisi-

2184 4632 2333 4697 bilis,
2365 4634 2442 4702 sic.
2474 4631 2726 4685 dicuntur
2759 4634 3014 4702 ange'ica:
3052 4642 3257 4683 mentes
3288 4633 3456 4702 oeulis
3488 4642 3685 4698 captae.

2251 4704 2327 4773 (5)
2370 4701 2621 4773 Uuiversa
2655 4718 2769 4769 quis
2805 4700 2948 4763 sunt,
2980 4711 3026 4755 et
3072 4717 3175 4773 non
3210 4711 3355 4773 sunt.
3396 4700 3449 4752 LI
3482 4715 3561 4753 est
3589 4741 3603 4763 ,
3645 4719 3766 4756 om-

2178 4771 2268 4826 nia
2309 4772 2643 4826 intellectilia
2679 4782 2731 4824 et
2781 4772 3036 4835 sensilia;
3076 4772 3188 4823 haec
3217 4771 3359 4823 enim
3395 4779 3608 4838 prepter
3637 4788 3769 4829 con-

495 4857 613 4908 qnm
652 4844 734 4894 sic
762 4854 974 4895 ostensa
1019 4850 1073 4911 et
1134 4841 1367 4911 revelata
1394 4881 1408 4905 ,
1456 4858 1561 4896 non
1602 4840 1837 4911 possunt,
1879 4854 2063 4911 postea
2098 4842 2143 4900 ο
2171 4844 2391 4896 tinuam’
2418 4843 2772 4895 mutationem
2827 4843 3151 4897 dicebantur
3204 4854 3235 4892 a
3277 4840 3611 4909 philosophis
3658 4860 3765 4897 non

496 4925 750 4966 sermone
800 4910 1044 4978 expromi
1070 4948 1086 4971 ,
1139 4909 1279 4963 sicut
1313 4910 1510 4967 Paulus
1541 4909 1614 4966 de
1641 4909 1948 4979 huiusmodi
1985 4918 2067 4964 vi-

495 4981 647 5036 sione
688 4989 739 5031 ct
777 4982 1105 5033 revelatione
1137 4981 1517 5048 mysteriorum
1554 4982 1780 5048 simplici
1813 4992 1866 5034 et
1910 4981 2072 5037 abso-

493 5050 628 5114 luta,
662 5052 712 5103 id
755 5062 860 5113 est,
892 5050 1030 5119 nuda
1080 5059 1131 5101 et
1181 5060 1366 5117 aperta
1418 5052 1640 5103 remotis
1690 5052 1967 5119 symbolis,
2018 5063 2073 5106 et

494 5122 674 5173 verbis
721 5118 1081 5189 explicatione
1116 5120 1503 5182 indigentibus,
1556 5121 1607 5172 in
1655 5118 1807 5189 raptu
1844 5123 1931 5172 Illo
1972 5138 2070 5176 suo

496 5190 714 5261 scripsit
740 5204 754 5240 :
937 5204 1039 5239 non
1069 5190 1212 5261 licet,
1239 5189 1433 5254 inquit,
1458 5191 1659 5261 homini
1685 5187 1827 5259 loqui
1854 5188 1934 5261 (II
1950 5192 2070 5245 Cor.

498 5275 595 5318 xu,
629 5259 724 5329 4);
763 5258 980 5329 ad__lioc
1019 5260 1174 5329 enim
1226 5262 1440 5313 videtur
1492 5258 1779 5329 Dionysius
1827 5258 2076 5316 retulisse

498 5331 639 5397 quod
668 5324 778 5379 'bic
826 5324 982 5397 dixit.
1018 5325 1081 5397 In;
1108 5329 1336 5393 caligine:
1369 5324 1696 5397 supraqnam
1745 5332 1957 5385 lucente
1996 5333 2075 5387 si-

499 5396 645 5465 lentii
682 5409 893 5449 arcanae
915 5395 1195 5460 doctrinm,
1224 5395 1504 5458 caliginem
1529 5395 1761 5465 vocavit,
1791 5398 2070 5463 (ιιιειξῬλιιι-

499 5464 584 5517 lus
614 5466 928 5535 ᾶρῤηταηξίι
958 5474 1062 5529 est,
1091 5481 1313 5532 arcana;
1347 5471 1460 5522 hau:
1490 5472 1632 5521 enim
1662 5464 2078 5534 «,iliscurissima,

498 5544 556 5584 et
599 5531 715 5600 quae
753 5531 1009 5597 explicari
1048 5552 1153 5590 non
1197 5550 1422 5607 possunt
1454 5542 1622 5611 (sicut
1675 5558 1871 5610 ncquc'
1906 5531 2073 5595 videri

570 5688 647 5767 id)
677 5689 943 5769 Τλιοιξιξη,
992 5707 1046 5751 et
1093 5708 1366 5766 aspectum
1416 5703 1751 5760 intellectilcs
1785 5704 1950 5768 dicit;
1985 5715 2074 5757 est

501 5774 644 5811 enim
673 5770 912 5829 coguttto
953 5772 1197 5838 quaedam
1240 5772 1404 5828 tactio
1463 5786 1516 5830 ct
1570 5775 1704 5831 visio
1739 5775 2063 5845 intellectus.

2173 4928 2319 4967 esse.

2166 5010 2171 5011 ί
2248 4982 2324 5053 (6)
2360 4980 2568 5051 Ignota.
2607 4981 2892 5039 Sianilicat
2928 4997 3033 5035 non
3081 4995 3201 5035 esse
3233 4982 3448 5035 curiose
3483 4981 3767 5049 inquiren-

2178 5052 2327 5118 dum,
2374 5055 2645 5119 ipiomodo
2671 5053 2762 5105 iiat
2795 5052 3166 5123 istaucognitio
3195 5054 3440 5123 mystica:
3486 5054 3771 5123 theologia:

2180 5138 2274 5190 per
2306 5123 2699 5188 copulationem
2736 5137 2859 5175 cum
2890 5121 3019 5184 Deo,
3056 5121 3425 5175 relicta'omni
3452 5122 3552 5173 alia
3582 5125 3768 5190 cogni-

2181 5194 2327 5246 tione
2363 5208 2578 5255 rernm;
2614 5193 2664 5245 id
2697 5198 2840 5261 quod
2869 5192 3066 5245 Paulus
3096 5192 3371 5260 apostolus
3408 5191 3758 5260 signiﬁcavit,

2182 5278 2308 5315 cum
2338 5264 2475 5315 dixit
2500 5260 2582 5316 ’de
2616 5260 2833 5315 illa’sua
2883 5278 3004 5315 cum
3041 5261 3150 5315 Deo
3177 5262 3539 5328 copulatione,
3579 5264 3628 5315 in
3664 5280 3771 5330 qua

2186 5344 2441 5401 mysteria
2479 5333 2564 5385 illa
2600 5347 2797 5385 arcana
2829 5333 2967 5401 vidit
3005 5347 3018 5381 :
3060 5331 3186 5386 Sive
3222 5333 3300 5383 -in
3356 5348 3600 5397 corpore.
3656 5338 3777 5387 sive

2185 5400 2338 5455 extra
2391 5418 2611 5469 corpus,
2645 5402 2852 5465 nescio,
2892 5400 3031 5454 llous
3064 5404 3167 5455 scit
3204 5402 3407 5471 (ibid.).
3438 5403 3653 5465 Nescio,
3686 5404 3779 5456 in-

2187 5475 2323 5538 quit,
2358 5473 2408 5526 id
2443 5484 2523 5525 est
2546 5516 2558 5537 ,
2595 5489 2698 5525 nou
2733 5488 2946 5523 curiose
2979 5471 3213 5540 inquiro,
3254 5474 3387 5526 Salis
3416 5474 3546 5525 mihi
3579 5489 3657 5526 νει
3692 5474 3777 5527 νὶο

2185 5544 2331 5596 disse
2364 5554 2415 5595 et
2457 5545 2674 5597 audisse
2707 5558 2906 5595 arcana
2934 5542 3045 5606 illa,
3087 5552 3192 5595 etc.

2247 5704 2320 5774 (b)
2360 5707 2613 5762 Extrema
2649 5706 2702 5760 in
2738 5708 2901 5764 rebus
2948 5721 3105 5763 Vocat
3161 5711 3442 5766 materiam
3496 5710 3772 5767 inaniina-

2177 5792 2307 5837 tam.
