4048 6428
449 377 606 441 ’θὲτ

1653 381 1785 444 10A
1799 383 1904 442 NN
1913 384 1984 443 IS
2023 383 2590 446 CYPARISSIOTA!

3647 389 3759 453 928

499 492 643 556 qttml
671 500 750 543 cst
792 503 1005 553 natura,
1042 493 1143 547 hoc
1174 491 1446 555 Trinitas;
1476 495 1617 562 quod
1657 495 1936 559 divinitas,
1971 497 2072 551 hoc
2103 502 2145 557 Α
2178 498 2524 568 prehensum,
2557 507 2612 554 et
2640 497 2834 565 majus,
2871 512 3033 565 quam
3068 507 3126 552 ut
3150 499 3374 566 cogitari
3415 509 3596 569 queat,
3622 517 3764 569 quo-

502 589 760 646 potrstas,
791 591 845 633 ct
874 584 1156 648 operatio;
1199 599 1366 651 quare
1405 584 1547 651 quod
1581 594 1821 654 potestas
1854 595 1909 640 et
1942 600 2076 654 ope-

501 672 663 735 ratio,
711 672 811 725 hoc
854 681 1043 726 natura
1086 689 1248 740 supra
1292 675 1688 729 substantiam:
1725 685 1781 730 et
1811 677 1938 745 quia
1981 692 2078 730 nao

502 771 645 824 tura,
691 772 747 818 et
792 764 1117 829 substantia,
1149 777 1203 819 et
1238 776 1502 834 potestas,
1534 777 1588 821 et
1617 769 1860 836 operatio
1893 769 2031 822 idem
2059 807 2078 831 ,

502 849 706 901 idcirco
745 865 883 904 tinus
921 853 1080 905 nobis
1135 851 1275 910 Deus
1315 856 1427 921 ipsa
1463 858 1644 910 unitas
1680 857 1845 911 trium
1895 873 2082 926 perso-

501 954 719 995 narum.
750 941 918 996 Simul
951 955 1129 998 tamen
1165 953 1220 1000 et
1254 948 1354 1000 hoc
1385 948 1590 1014 patefit,
1623 963 1838 1003 onmem
1873 948 2083 1004 theolo-

502 1030 648 1097 giam
686 1031 735 1082 in
791 1032 968 1087 tribus
1014 1033 1215 1089 divinis
1262 1039 1511 1105 personis
1548 1038 1856 1094 conclusam
1905 1054 2026 1094 esse
2064 1056 2078 1094 :

502 1121 596 1187 qui
649 1133 827 1176 autem
862 1124 1014 1191 plura
1049 1127 1134 1182 his
1179 1129 1392 1183 curiose
1443 1129 1703 1200 indagare
1756 1133 1888 1186 vult.
1924 1131 1992 1186 ab
2018 1148 2081 1187 ea

501 1228 620 1282 quae
653 1229 778 1270 vere
808 1218 1007 1272 veritas
1032 1230 1136 1284 est,
1171 1222 1393 1276 excidit.

1117 1355 1342 1413 CAPUT
1393 1362 1483 1417 lli.

507 1465 667 1538 Quod
688 1466 741 1520 in
775 1466 882 1521 Deo
913 1471 1004 1538 qui
1030 1480 1107 1523 est
1141 1489 1300 1534 supra
1327 1476 1700 1538 substantiam.
1739 1496 1838 1533 non
1869 1491 1943 1535 est
1971 1483 2083 1536 a't'a

576 1537 777 1614 unitas,
809 1547 863 1614 et_
893 1541 1002 1593 alia
1047 1541 1283 1614 Trinitas
1313 1559 1331 1596 :
1362 1562 1453 1598 nec
1503 1561 1576 1600 est
1610 1551 1662 1601 iu
1690 1537 1930 1614 superna
1964 1551 2082 1605 Tri-

578 1607 1059 1680 nitatis-quidquam
1092 1613 1353 1676 ina'qttale
1378 1655 1392 1678 ,
1427 1625 1475 1668 et
1514 1619 1686 1679 maius
1711 1659 1726 1680 ,
1765 1607 1825 1672 ac
1858 1623 2030 1675 minus
2063 1639 2082 1676 :

575 1690 667 1757 nec
696 1676 844 1757 aiiud
887 1676 1014 1746 quid
1049 1682 1102 1734 in
1150 1697 1212 1735 ea
1244 1676 1480 1751 privam,
1510 1676 1797 1742 secundum
1845 1707 1901 1745 se
1949 1692 2074 1746 sub-

579 1756 787 1798 stantia:
813 1762 1016 1816 expers,
1047 1759 1096 1804 et
1131 1769 1232 1807 non
1272 1771 1363 1821 per
1389 1771 1442 1809 se
1468 1759 1742 1814 exsistens.

579 1858 806 1930 Magnus
827 1861 1181 1929 Athanasius,
1217 1868 1270 1922 in
1305 1871 1643 1937 expositione
1679 1875 1800 1928 iidei
1831 1875 1883 1929 in
1909 1877 2082 1945 prima

509 1951 715 2018 synodo
749 1951 826 2006 ait
850 1971 874 2020 ,ε
908 1952 1185 2022 Principio
1218 1958 1331 2012 haec
1360 1970 1445 2014 est
1478 1960 1613 2016 iides
1640 1963 1949 2020 orthodoxa
1974 2005 1989 2028 ,
2026 1976 2086 2020 ut

510 2058 673 2094 unum
713 2045 883 2099 Deum
917 2047 972 2100 in
1003 2047 1294 2115 Trinitate,
1322 2059 1376 2106 et
1402 2050 1727 2109 Trinitatem
1777 2055 1828 2110 in
1881 2058 2088 2114 unitate

510 2149 866 2206 veneremur;
920 2155 1099 2210 neque
1141 2143 1538 2200 confundentes
1583 2163 1866 2216 personas,
1913 2165 2088 2220 neque

510 2227 872 2283 substantiam
915 2244 1259 2302 separantes.
1297 2237 1355 2290 Et
1393 2238 1552 2306 paulo
1589 2249 1711 2307 post
1746 2259 1760 2296 :
1804 2229 2088 2297 increatus

512 2320 696 2382 Pater,
735 2321 1007 2378 increatus
1036 2323 1227 2388 Filius.
1264 2327 1538 2384 increatus
1572 2329 1812 2399 Spiritus
1835 2343 2084 2400 sanctus;

511 2421 564 2463 et
597 2426 700 2464 non
735 2422 843 2466 tres
883 2413 1134 2476 increati.
1163 2418 1258 2472 sed
1300 2434 1444 2474 unus
1477 2420 1752 2477 increatus
1791 2439 1806 2474 :
1835 2425 2089 2492 omnipo-

514 2511 632 2558 tens
663 2503 845 2568 Pater,
875 2508 1221 2577 omnipotens
1253 2508 1444 2579 Filius,
1471 2514 1816 2581 omnipotens
1851 2514 2089 2584 Spiritus

506 2607 764 2661 sanctus;
796 2607 850 2652 et
884 2615 991 2654 non
1033 2612 1141 2655 tres
1172 2604 1591 2672 omnipotentes.
1623 2606 1884 2662 Etcruus
1904 2608 2088 2676 Pater,

509 2695 746 2740 aeternus
778 2686 946 2742 Filius
969 2730 984 2754 ,
1030 2701 1268 2746 aeternus
1301 2693 1540 2762 Spiritus
1588 2706 1849 2762 sanctus;
1894 2707 1950 2752 et
1982 2714 2087 2752 non

511 2787 624 2832 tres
657 2780 862 2834 aeterni.
897 2781 963 2834 Et
1014 2799 1118 2836 non
1169 2785 1344 2839 multo
1381 2796 1501 2854 post
1532 2802 1548 2840 :
1589 2786 1652 2842 Et
1685 2788 1739 2843 in
1773 2790 1873 2844 hac
1905 2789 2091 2845 Trini-

511 2874 621 2920 tate
644 2868 828 2923 nullus
877 2872 1106 2938 primus,
1139 2881 1194 2928 ct
1243 2875 1424 2931 nullus
1460 2877 1719 2944 ultimus;
1769 2897 1929 2936 nemo
1974 2899 2092 2936 ma-

511 2972 671 3025 gnus.
699 2967 754 3012 et
780 2976 938 3014 nemo
965 2977 1182 3028 parvus,
1215 2970 1309 3020 sed
1345 2967 1427 3022 has
1463 2976 1573 3024 tres
1604 2986 1849 3038 personae
1871 2983 2089 3029 :eternte

2179 590 2342 643 modo
2381 591 2469 644 hic
2498 591 2644 660 quod
2676 590 2945 654 excellat,
2989 592 3067 645 vel
3095 591 3434 661 intelligitur,
3462 594 3548 648 vel
3579 596 3760 649 trade-

2182 681 2303 746 turi;
2338 681 2608 748 quomodo
2633 696 2764 736 vero
2790 682 2935 752 quod
2969 682 3242 738 inﬁnitum
3272 692 3378 746 est,
3408 683 3587 738 metiri
3631 699 3761 754 pos-

2180 781 2370 821 sumus
2407 786 2422 822 :
2456 779 2512 822 ut
2541 772 2686 836 quod
2719 781 3019 826 esteorum
3065 787 3185 842 qua:
3219 775 3602 840 terminantur,
3631 788 3763 829 eve—

2181 864 2298 918 niat
2341 864 2632 932 divinitati,
2658 883 2820 936 quam
2846 869 3106 936 gradibus
3147 870 3517 936 superioribus
3575 879 3630 926 et
3673 872 3762 926 in-

2182 955 2474 1013 ferioribus
2513 959 2842 1013 metiamur?
2902 961 2964 1015 Et
3015 976 3206 1016 rursus
3245 961 3388 1016 idem
3437 977 3452 1016 :
3500 963 3616 1019 Non
3671 973 3760 1018 est

2177 1049 2418 1106 Trinitas
2469 1051 2848 1105 adnumeratio
2900 1053 3285 1121 inaequalium,
3351 1053 3547 1120 alioqui
3623 1055 3754 1123 quid

2183 1143 2434 1211 prohibet
2465 1143 2595 1212 quin
2624 1144 2696 1197 sit
2729 1144 2842 1196 haec
2869 1144 3052 1205 decas,
3091 1153 3146 1196 et
3179 1145 3522 1206 hecatontas,
3555 1153 3609 1196 et
3643 1159 3761 1213 my-

2185 1232 2333 1286 rias?
2366 1233 2425 1285 Et
2463 1247 2654 1289 rursus
2685 1249 2699 1286 :
2734 1233 2908 1288 Unam
2940 1233 3300 1296 divinitatem,
3323 1243 3377 1287 et
3404 1243 3756 1302 potestatem,

2183 1338 2304 1390 qua:
2351 1323 2404 1375 in
2458 1323 2635 1377 tribus
2684 1324 2974 1388 reperitur,
3011 1324 3189 1377 ettria
3239 1322 3616 1388 complectitur
3647 1325 3761 1377 dis-

2182 1423 2350 1478 crete,
2411 1429 2586 1484 neque
2615 1414 2869 1470 diderens
2898 1415 3244 1478 substantiis,
3267 1415 3379 1468 sive
3406 1415 3634 1479 naturis,
3659 1430 3758 1471 nec

2183 1515 2344 1559 aucta
2404 1507 2846 1572 exsuperantiis,
2913 1515 2968 1560 et
3024 1505 3464 1568 remissionibus,
3523 1507 3758 1576 undique

2183 1597 2430 1666 aequalis,
2464 1598 2703 1665 undique
2733 1599 2945 1652 eadem.
2979 1595 3042 1649 Et
3074 1598 3269 1651 iterum
3313 1596 3452 1650 idem
3501 1597 3552 1650 in
3585 1599 3759 1664 prima

2184 1689 2433 1742 oratione
2463 1689 2530 1742 de
2560 1703 2694 1754 pace
2722 1707 2735 1742 :
2775 1689 2993 1752 Unitas,
3025 1689 3222 1758 inquit,
3255 1703 3376 1758 qua:
3411 1690 3464 1741 in
3495 1688 3760 1743 Trinitate

2188 1781 2405 1842 colitur.
2436 1790 2490 1835 et
2522 1779 2765 1836 Trinitas
2793 1797 2912 1851 quae
2949 1782 3000 1836 in
3029 1782 3288 1836 unitatem
3314 1782 3591 1854 redigitur,
3621 1783 3762 1851 ejus-

2186 1869 2307 1922 dem
2347 1869 2549 1931 throni,
2591 1870 2831 1939 ejusdem
2863 1871 3067 1941 gioriae,
3096 1888 3201 1926 non
3232 1882 3436 1934 creala,
3467 1875 3764 1941 inaspecta-

2187 1961 2336 2028 bilis,
2376 1977 2485 2016 non
2523 1963 2725 2017 cadcns
2751 1965 2852 2018 sub
2882 1973 3108 2027 tactum,
3142 1965 3616 2032 incomprehcnsa,
3645 1983 3763 2036 qua

2186 2053 2300 2108 sola
2335 2055 2613 2124 cognoscit
2635 2070 2796 2124 quem
2825 2056 2967 2123 apud
3009 2070 3068 2108 se
3095 2041 3339 2110 ordinem
3377 2055 3573 2111 habeat
3594 2099 3610 2122 ,
3641 2074 3762 2125 qua:

2187 2162 2403 2201 omnem
2431 2157 2742 2202 creaturam
2769 2156 2924 2201 extra
2953 2147 3086 2202 sinit
3109 2149 3304 2214 partim
3339 2148 3533 2215 primo,
3561 2151 3759 2215 partim

2188 2239 2432 2294 secundo
2457 2240 2578 2294 velo
2619 2239 2943 2309 diremptam
2973 2241 3185 2308 :primo
3218 2239 3433 2307 quidem
3462 2251 3760 2294 creaturam

2189 2330 2467 2384 cmiestem
2503 2340 2557 2386 et
2594 2331 2894 2398 angelicam
2925 2347 2953 2384 a
2981 2332 3262 2386 divinitate
3289 2331 3635 2397 diremptam,
3664 2347 3756 2384 se-

2190 2422 2368 2476 cundo
2399 2436 2529 2476 vero
2579 2432 2820 2475 nostram
2866 2435 2896 2474 a
2944 2430 3199 2475 creatura
3231 2421 3490 2490 angelica.
3524 2419 3747 2473 Sanctus

2189 2511 2486 2582 Gregorius
2512 2509 2807 2582 Nyssenus,
2842 2511 2982 2566 libro
3011 2495 3185 2580 primo
3203 2510 3402 2566 Contra
3426 2510 3751 2564 Eunomium:

2191 2604 2345 2672 Quod
2373 2615 2577 2669 autem,
2604 2605 2735 2676 inqu
2763 2613 2805 2669 t,
2851 2621 2958 2659 non
2992 2605 3242 2676 congruit
3269 2621 3391 2660 cum
3418 2606 3656 2675 dogmate
3692 2603 3761 2656 ab

2191 2698 2324 2767 ipsis
2354 2697 2638 2762 fabricato,
2660 2698 2874 2766 opinari
2906 2696 3210 2765 simplicem
3236 2712 3357 2753 esse
3386 2696 3762 2761 substantiam,

2189 2807 2313 2861 quae
2339 2805 2501 2860 supra
2530 2791 2710 2844 omnia
2739 2800 2842 2854 est,
2875 2791 3128 2858 quamvis
3155 2790 3208 2845 id
3239 2791 3401 2844 verbo
3439 2788 3603 2856 gratis
3652 2789 3766 2842 lat-

2190 2883 2426 2950 giantur,
2483 2882 2831 2936 maniiestum
2891 2880 2952 2934 iit
3003 2881 3164 2936 etiam
3198 2894 3386 2948 parum
3438 2880 3764 2938 adverteuti.

2191 2973 2326 3040 Quis
2353 2973 2497 3029 enim
2529 2975 2740 3043 ignorat
2773 2973 2918 3044 quod
2943 2973 3242 3027 secundum
3291 2973 3559 3042 propriam
3600 2970 3769 3023 ratio-
3827 2957 3834 2964 ’

513 3059 643 3104 sunt
668 3091 685 3117 ,
718 3061 775 3106 et
805 3056 1043 3121 thualcs
1086 3057 1139 3110 in
1175 3059 1446 3115 omnibus.
1497 3061 1768 3118 Unitatem
1820 3065 1988 3134 igitur
2032 3066 2088 3120 in
2115 3071 2159 3132 α
2190 3081 2318 3121 nem
2345 3065 2662 3134 simplicitas
2691 3065 2746 3120 in
2799 3073 2993 3121 sancta
3034 3064 3306 3118 Trinitate
3339 3062 3458 3131 plus
3500 3071 3554 3117 et
3588 3061 3771 3117 minus

513 3137 802 3205 Trinitate,
833 3151 888 3196 et
915 3141 1238 3201 Trinitatem
1265 3148 1318 3201 in
1349 3149 1556 3206 unitate
1594 3153 1773 3207 omnis
1811 3154 2082 3210 Christia-

515 3245 617 3284 nus
662 3232 840 3287 colat.
874 3235 938 3288 Et
990 3245 1210 3292 sanctus
1260 3239 1541 3306 Maximus,
1594 3244 1646 3297 in
1705 3245 2086 3313 explanatione

514 3323 697 3376 subtili
734 3327 1080 3395 precationis,
1107 3328 1267 3385 Pater
1294 3344 1469 3388 noster
1493 3351 1510 3390 :
1532 3334 1673 3400 Non,
1705 3339 1898 3406 inquit,
1921 3340 2084 3392 aliam

515 3415 776 3471 unitatem
803 3457 815 3480 ,
849 3429 904 3474 et
929 3422 1088 3477 aliam
1121 3423 1442 3481 Trinitatem
1475 3443 1599 3483 esse
1644 3430 1930 3485 didicimus
1956 3432 2084 3500 (non

516 3508 657 3562 enim
692 3511 892 3575 unitas,
927 3529 1044 3580 quae
1074 3517 1298 3584 simplex
1331 3529 1386 3573 et
1421 3536 1526 3574 una
1555 3531 1748 3575 natura
1777 3530 1886 3587 est,
1919 3524 2086 3578 dissi-

519 3601 818 3656 militudine
863 3613 1069 3662 natura:
1104 3623 1132 3660 a
1169 3607 1439 3666 Trinitate
1489 3611 1715 3682 differt),
1770 3630 1872 3668 nec
1921 3616 2084 3669 aliam

511 3691 664 3760 juxta
712 3694 872 3748 aliam
921 3706 1051 3765 (non
1105 3698 1248 3752 enim
1300 3701 1618 3756 remissione
1670 3708 2088 3769 potesmtisdis-

517 3799 662 3841 creta
693 3797 775 3841 est
801 3791 866 3842 ab
897 3792 1100 3846 unitate
1122 3791 1382 3860 Trinitas,
1409 3796 1491 3849 vel
1517 3811 1545 3848 a
1571 3795 1840 3854 Triuitate
1858 3800 2086 3870 unitas),

519 3891 691 3946 neque
723 3879 863 3932 sicut
889 3881 1093 3950 aliquid
1126 3897 1415 3938 commune
1438 3892 1492 3938 et
1517 3887 1786 3952 generale,
1829 3890 1971 3957 quod
1995 3906 2088 3945 co-

516 3970 778 4038 gitatione
807 3973 978 4026 solum
1011 3976 1244 4042 spectari
1277 3986 1473 4046 potest,
1507 3995 1534 4032 a
1561 3981 1810 4048 partibus
1847 3983 1964 4036 suis
1991 3997 2088 4036 va-

519 4063 715 4127 riatur,
766 4062 846 4117 sic
881 4079 910 4117 a
957 4063 1222 4121 Trinitate
1251 4071 1456 4124 variata
1493 4082 1578 4126 est
1613 4076 1818 4137 unitas,
1849 4089 1972 4144 qua:
2000 4086 2086 4129 est

519 4155 820 4209 substantia
855 4159 1066 4225 proprie
1094 4174 1188 4228 per
1215 4176 1273 4214 se
1296 4163 1584 4230 exsistens,
1613 4175 1666 4218 et
1692 4176 1932 4233 potestas
1960 4181 2088 4221 vere

522 4263 618 4312 per
642 4261 701 4301 se
725 4250 946 4310 valens;
982 4267 1078 4306 nec
1112 4262 1364 4322 tanquam
1399 4257 1500 4309 alia
1543 4273 1608 4310 ex
1639 4258 1741 4310 alia
1778 4259 1910 4326 (non
1937 4257 2084 4312 enim

523 4340 763 4395 Trinitas
789 4358 854 4398 ex
890 4345 1092 4398 unitate
1127 4349 1362 4412 exsistit,
1396 4365 1494 4404 nec
1525 4349 1705 4403 unitas
1732 4365 1798 4404 ex
1821 4349 2088 4404 Trinitate

524 4436 824 4488 secundum
866 4437 1298 4506 productionem,
1334 4441 1414 4495 vel
1441 4442 1961 4510 antegressionem),
1997 4444 2092 4498 sed

523 4529 767 4583 eamdem
801 4545 924 4584 vere
954 4535 1241 4600 unitatem,
1276 4544 1330 4588 et
1350 4533 1674 4606 Trinitatem
1711 4535 1815 4588 dici
1843 4536 2096 4590 dicimus:

523 4621 785 4675 unitatem
845 4626 1060 4692 quidem
1121 4629 1332 4681 ratione
1378 4627 1720 4691 substantiae,
1771 4625 2099 4683 Trinitatem

521 4726 652 4765 vero
703 4713 863 4767 modo
912 4717 1250 4780 exsistentii;
1310 4724 1478 4768 totam
1532 4717 1798 4773 unitatem
1850 4718 2099 4774 eamdem

523 4802 692 4869 ipsam
724 4820 827 4859 non
873 4807 1101 4861 divisam
1151 4809 1427 4875 personis;
1475 4819 1528 4864 ct
1575 4818 1744 4863 totam
1781 4811 2104 4864 Trinitatem

520 4895 762 4949 eamdem
797 4898 970 4964 ipsam
1001 4914 1104 4952 non
1144 4899 1420 4954 confusam
1468 4903 1678 4956 unitate
1729 4919 1743 4955 :
1789 4918 1856 4957 ne
1893 4903 2095 4958 divisio

525 4988 930 5043 multitudinem
961 4990 1187 5044 deorum
1235 4992 1573 5058 introducat,
1629 5010 1807 5063 neque
1855 4996 2109 5052 confusio

523 5081 615 5134 Dei
654 5067 1019 5150 negationem.
1050 5082 1346 5152 Gregorius
1378 5085 1686 5154 Theologus
1715 5089 1767 5141 in
1805 5089 1962 5142 tertia
1992 5103 2111 5148 ora,

525 5177 671 5229 tione
711 5175 779 5228 de
829 5189 958 5243 pace
991 5191 1003 5228 :
1035 5173 1150 5228 Non
1185 5191 1350 5228 unum
1394 5179 1612 5244 pietatis
1659 5180 1950 5234 terminum
1994 5180 2112 5234 exi-

525 5269 826 5331 stimemus,
855 5267 1108 5322 venerari
1137 5268 1381 5333 Patrem,
1412 5280 1467 5324 et
1497 5269 1694 5323 Filium
1717 5315 1730 5332 ,
1757 5281 1808 5325 et
1846 5271 2111 5340 Spiritum

523 5367 792 5421 sanctum,
827 5345 992 5410 unam
1043 5359 1096 5412 in
1149 5361 1322 5414 tribus
1365 5364 1612 5429 personis
1643 5364 1980 5418 divinitatem
2013 5415 2027 5437 ,
2059 5373 2114 5417 et

525 5456 876 5514 potestatem,
910 5449 1045 5503 nihil
1073 5467 1257 5520 supra,
1302 5468 1400 5508 nec
1441 5455 1580 5508 inira
1627 5456 1912 5522 colentes;
1971 5455 2108 5510 illttd

522 5538 666 5588 enim
697 5523 827 5590 ﬁeri.
865 5555 968 5594 non
1009 5553 1209 5611 potcSI,
1257 5547 1359 5601 hoc
1397 5557 1580 5602 autem
1629 5549 1853 5624 impium
1895 5556 2000 5601 cst.
2045 5549 2112 5602 Et

467 5705 478 5709 Α
525 5626 706 5680 adhuc
734 5628 876 5684 idem
921 5651 934 5687 :
977 5633 1073 5690 Ubi
1108 5637 1254 5692 enim
1303 5647 1388 5694 est
1434 5641 1856 5710 unumquodque
1905 5641 2112 5696 incont-

587 5778 820 5844 "Joan.
858 5809 910 5863 χ,
947 5797 1034 5853 50.

2189 3173 2297 3214 non
2333 3157 2567 3227 recipit?
2596 3156 2663 3212 Et
2695 3157 2872 3212 adhuc
2909 3156 3208 3223 Gregorius
3239 3154 3536 3225 Theologus
3564 3153 3614 3208 in
3645 3169 3772 3208 ora-

2191 3248 2334 3304 tione
2365 3248 2430 3302 de
2457 3247 2783 3318 baptismate
2811 3263 2824 3299 :
2853 3245 2988 3301 Volo
3022 3247 3234 3300 Patrem
3268 3246 3527 3315 majorem
3558 3245 3766 3309 dicere;

2188 3358 2256 3398 ex
2293 3358 2402 3410 quo
2439 3340 2706 3410 provenit,
2742 3341 2912 3410 utqui
2939 3349 3064 3393 sunt
3092 3338 3346 3407 aequales,
3372 3337 3604 3406 aequales
3635 3338 3770 3403 sint,

2188 3446 2242 3490 et
2277 3437 2564 3500 exsistant;
2588 3435 2691 3487 hoc
2714 3433 2862 3486 enim
2905 3432 2975 3486 ab
3003 3431 3264 3485 omnibus
3295 3445 3612 3484 concessum
3641 3438 3725 3481 est
3752 3447 3768 3492 ;

2187 3535 2244 3579 et
2270 3534 2452 3578 metuo
2487 3538 2555 3578 ne
2600 3522 2926 3591 principium
2979 3519 3173 3574 faciam
3216 3520 3542 3588 principium
3595 3518 3770 3572 miuo-

2192 3633 2308 3670 rum
2337 3635 2350 3681 ;
2383 3625 2436 3669 et
2471 3613 2801 3670 contumelia
2833 3613 3058 3666 aiiiciasn
3097 3604 3454 3680 pratierendo;
3492 3625 3598 3692 non
3622 3611 3766 3662 enim

2188 3707 2260 3771 ei,
2301 3722 2367 3761 ex
2399 3703 2716 3775 quorgloria
2745 3713 2828 3757 est
2856 3702 3150 3757 submissio
3193 3715 3379 3754 eorum
3409 3700 3495 3765 qui
3529 3715 3594 3752 ex
3623 3700 3767 3766 ipso.

2191 3799 2256 3853 Et
2292 3814 2477 3852 rursus
2501 3796 2797 3865 Gregorius
2819 3793 3116 3864 Nyssenus,
3141 3793 3196 3846 in
3227 3792 3365 3847 libro
3390 3791 3462 3845 De
3486 3792 3773 3844 Abraham:

2191 3894 2250 3945 in
2279 3903 2512 3958 utroque
2538 3890 2703 3960 igitur
2729 3903 2913 3943 verum
2939 3887 3070 3941 dicit
3096 3872 3402 3955 Scriptura,
3430 3901 3548 3954 quze
3570 3883 3773 3951 mquaie

2189 3984 2501 4046 conﬁtetur,
2537 3991 2590 4035 et
2645 3979 2820 4048 majus
2861 3995 2968 4034 non
3016 3987 3202 4047 negat.
3253 3977 3389 4031 Cum
3428 3977 3570 4030 enim
3619 3973 3769 4026 Scri-

2191 4087 2347 4144 ptura
2403 4074 2470 4127 ad
2503 4072 2896 4126 humanitatem
2945 4071 3212 4139 respicit,
3264 4068 3440 4139 majus
3488 4070 3773 4122 conﬁtetur

2188 4166 2334 4237 quod
2369 4181 2473 4219 non
2507 4165 2740 4228 videtur,
2774 4177 2935 4231 quam
2976 4161 3027 4214 id
3061 4162 3205 4228 quod
3244 4174 3340 4228 per
3367 4175 3582 4212 carnem
3628 4156 3776 4210 vidc-

2192 4273 2314 4326 tur;
2357 4259 2576 4326 quando
2607 4273 2738 4311 vero
2771 4265 3009 4310 mentem
3044 4251 3266 4306 deducit
3299 4251 3364 4306 ad
3396 4249 3732 4303 divinitatem
3756 4268 3777 4299 ›

2196 4362 2356 4407 vacat
2399 4353 2513 4406 haec
2557 4349 2898 4420 comparatio
2935 4345 3158 4415 majoris
3188 4354 3242 4400 et
3289 4343 3536 4406 minoris,
3569 4351 3621 4395 et
3650 4339 3770 4393 vice

2203 4448 2397 4500 horum
2433 4443 2614 4496 unitas
2652 4441 2975 4511 praedicatur
3004 4455 3017 4492 :
3054 4437 3166 4507 Ego
3201 4449 3246 4490 et
3280 4435 3445 4489 Pater
3478 4449 3637 4487 unum
3681 4447 3777 4485 stt-

2202 4552 2319 4590 mus
2345 4534 2415 4601 ⁸¹;
2448 4550 2567 4604 qua:
2606 4534 2750 4588 enim
2781 4533 2989 4587 variata
3017 4539 3146 4584 sunt
3174 4529 3468 4582 secundum
3501 4524 3778 4593 inaequali—

2208 4637 2396 4690 tatem,
2427 4641 2593 4679 unum
2628 4639 2746 4679 esse
2770 4639 2876 4678 non
2907 4631 3154 4691 possunt.
3187 4619 3252 4673 Et
3283 4634 3511 4688 magnus
3541 4617 3778 4672 Athana-

2207 4718 2345 4781 sius,
2380 4718 2434 4772 in
2472 4717 2611 4771 libro
2641 4717 2718 4770 De
2748 4715 3116 4770 incarnatione
3147 4713 3345 4768 Christi
3374 4730 3391 4768 :
3423 4711 3560 4775 Ubi,
3588 4709 3776 4777 inquit,

2209 4811 2441 4878 dignitas
2478 4822 2558 4866 est
2585 4810 2827 4880 ejusdem
2863 4809 3111 4872 honoris,
3139 4805 3384 4874 ejusdem
3426 4818 3641 4873 quoque
3678 4803 3777 4854 ho-

2171 4945 2176 4948 .
2211 4903 2362 4958 noris
2391 4914 2474 4957 est
2506 4901 2808 4965 veneratio;
2841 4901 2891 4952 iu
2919 4899 3182 4967 dignitate
3211 4896 3402 4966 arquali
3435 4911 3540 4949 non
3573 4903 3652 4947 est
3684 4908 3780 4961 pu-

2213 5007 2337 5060 gna,
2371 4990 2636 5059 inaequale
2668 4989 2894 5043 suscitat
2930 5003 3164 5057 pugnam
3190 5005 3212 5058 ;_
3247 4987 3526 5056 aequalitas
3557 4986 3782 5039 honorat

2217 5099 2421 5152 pacem.
2451 5081 2513 5135 Et
2543 5083 2683 5136 idem
2717 5097 2906 5136 rursus
2935 5101 2948 5135 :
2983 5080 3185 5134 Contra
3237 5077 3630 5150 Apollinarium
3668 5091 3685 5128 :
3727 5073 3782 5127 Si

2217 5185 2406 5228 natura
2456 5187 2562 5226 non
2593 5181 2676 5226 est
2708 5169 2870 5223 Pater
2897 5170 3068 5240 major
3117 5167 3278 5232 Filio,
3315 5183 3489 5237 neque
3516 5164 3787 5234 magnitu-

2215 5267 2340 5320 dine
2367 5245 2776 5336 (magnitudinis
2801 5262 2944 5315 cnim
2973 5277 3166 5330 expers
3181 5265 3305 5330 est),
3331 5273 3501 5329 neque
3529 5269 3784 5324 tempore,

2217 5363 2340 5430 quia
2383 5359 2501 5414 sine
2530 5369 2769 5426 tempore
2797 5367 2900 5421 est,
2939 5370 3111 5422 neque
3141 5354 3424 5422 qualitate,
3453 5352 3574 5421 quia
3611 5349 3792 5419 quali-

2219 5461 2328 5506 tate
2354 5459 2504 5504 caret
2537 5466 2552 5503 :
2587 5449 2731 5503 nulla
2769 5449 2934 5518 igitur
2963 5446 3066 5500 alia
3100 5461 3158 5500 re
3196 5445 3456 5515 majorem
3491 5459 3549 5500 se
3574 5441 3791 5495 Patrem

2219 5544 2372 5607 dicit,
2417 5541 2519 5598 nisi
2552 5550 2819 5608 quatenus
2845 5537 3033 5602 Filius,
3069 5547 3122 5591 et
3169 5535 3381 5590 Patrem
3419 5551 3576 5590 suum
3614 5535 3792 5586 hono-

2223 5650 2370 5694 rans.
2400 5633 2464 5689 Et
2495 5646 2718 5708 magnus
2747 5628 2998 5695 Basilius,
3025 5627 3162 5683 libro
3185 5637 3379 5699 quarto
3409 5641 3625 5684 suannn
3651 5625 3797 5678 Con-
