4048 6442
272 403 377 484 iisti

1121 411 1354 482 DECAS
1378 411 1476 482 1x.
1509 446 1577 456 —
1620 373 1717 478 ne
1757 411 2206 477 INFINITATE
2245 414 2330 475 IN
2369 404 2537 476 ΒΕΘ.

3423 418 3535 486 9‘30

270 535 594 606 Ῑειιιιιὶοηυηι
625 546 641 585 :
683 529 873 601 Majas,
933 530 1148 599 inquit,
1195 533 1278 585 vel
1327 531 1718 599 magnitudine.
1769 529 1852 582 vel
1885 533 1929 588 Α
1961 524 2155 579 licente
2183 539 2437 592 persona,
2470 526 2527 578 et
2562 522 2707 577 aliud
2749 523 3079 589 substantia,
3114 508 3258 581 sicut
3303 545 3531 598 granum

270 626 656 687 crassitudine,
697 624 782 676 vel
831 632 1096 691 tempore,
1127 625 1214 683 vel
1266 625 1549 694 dignitate,
1591 632 1684 675 aut
1738 633 1860 674 tan-

270 732 432 788 quam
486 731 670 780 causa,
714 714 890 784 majus
940 724 1058 780 est;
1106 724 1159 769 at
1205 715 1578 784 magnitudine
1623 730 1729 769 non
1777 720 1860 766 est

275 810 447 878 major
470 807 627 861 Pater
646 806 809 873 Filio;
836 820 1030 874 expers
1047 809 1190 861 enim
1217 815 1299 861 est
1331 805 1741 874 magnitudinis,
1769 817 1864 857 ue-

275 916 383 968 qite
405 897 796 955 crassitudine.
824 898 950 965 quia
979 897 1367 964 incorporeus;
1396 897 1488 950 sed
1519 909 1694 962 neque
1725 903 1862 946 tem-

275 1006 428 1061 pore,
463 989 630 1043 Filius
677 990 822 1042 enim
870 999 954 1042 est
987 989 1251 1056 temporis
1296 995 1520 1051 auctor;
1554 1001 1731 1055 neque
1779 987 1862 1038 di-

277 1084 496 1151 gnitate.
535 1097 639 1136 nec
663 1088 806 1135 enim
841 1082 1020 1135 factus
1046 1091 1132 1148 est
1177 1080 1371 1146 Filius,
1412 1081 1503 1148 qui
1556 1079 1852 1146 aliquando

205 1232 220 1237 ,
278 1185 384 1228 non
418 1185 579 1238 esset;
604 1190 700 1226 nec
731 1183 786 1225 ut
813 1181 1027 1238 auctor,
1052 1173 1307 1240 quoniam
1335 1177 1488 1239 asque
1514 1172 1619 1224 erit
1645 1181 1696 1223 et
1719 1171 1860 1239 ipso,

275 1276 332 1320 et
366 1267 521 1319 nobis
561 1266 753 1334 major,
789 1265 834 1318 si
885 1265 1055 1332 ipsius
1099 1274 1153 1317 et
1211 1266 1382 1320 nostri
1419 1273 1611 1317 auctor
1639 1271 1744 1316 est.
1799 1263 1863 1316 Et

278 1357 473 1413 iterum
503 1359 797 1424 Gregorius
826 1356 1161 1426 Theologus,
1188 1358 1325 1412 libro
1359 1361 1597 1412 secundo
1624 1357 1697 1411 De
1721 1358 1863 1410 theo-

278 1453 422 1520 logia
456 1454 531 1503 ait
575 1467 587 1500 :
627 1449 732 1503 Sed
765 1451 809 1504 si
858 1448 1000 1505 Dens
1035 1457 1121 1504 est
1161 1451 1514 1518 incorporeus
1541 1493 1554 1514 ,
1611 1465 1708 1504 nec
1758 1451 1863 1504 hoc

282 1544 622 1598 demonstrat
654 1542 1011 1595 substantiam
1039 1580 1055 1604 ,
1105 1541 1246 1595 sicut
1291 1555 1394 1594 nec
1429 1540 1726 1610 ingenitum
1755 1581 1770 1604 ,
1804 1551 1860 1595 et

280 1634 550 1703 principio
584 1613 793 1696 carens,
840 1641 895 1685 et
943 1629 1299 1695 immutabile,
1345 1643 1402 1686 et‘
1448 1633 1774 1696 immortale,
1805 1641 1862 1687 et

280 1739 618 1792 quaecunque
650 1721 716 1777 de
748 1724 876 1788 Deo,
910 1723 993 1777 vel
1029 1723 1174 1778 circa
1229 1724 1395 1778 Deum
1448 1724 1702 1777 dicuntur
1756 1724 1856 1794 (a).

1960 617 2220 671 irumenti
2255 618 2451 672 dicitur
2495 615 2548 671 ei
2600 628 2682 671 est
2711 632 2916 678 semen,
2948 628 3002 671 et
3037 619 3286 677 fruetus:
3333 634 3436 676 nun
3473 635 3534 678 ut

1964 723 2055 764 res
2104 709 2230 772 alia,
2283 719 2337 758 et
2361 709 2508 774 alia;
2557 709 2652 762 sed
2683 710 2823 763 aliud
2852 710 2982 778 quid
3020 710 3287 780 signiﬁcat
3321 729 3531 779 semen,

1965 799 2108 852 aliud
2140 799 2374 853 fructus.
2416 798 2480 852 Et
2525 814 2756 867 magnus
2804 799 3057 864 Basilius,
3095 803 3146 856 in
3187 805 3416 870 epistola
3466 811 3533 861 ad

1967 887 2277 942 Terentium
2307 890 2559 942 comitem
2586 907 2600 942 :
2636 889 2690 943 Si
2723 903 2930 953 autem,
2958 892 3156 962 inquit,
3187 901 3400 960 oportet
3435 913 3534 954 nos

1965 980 2150 1048 paucis
2196 981 2378 1034 dicere
2429 983 2570 1048 quod
2618 984 2852 1050 videtur,
2893 985 3020 1038 illttd
3077 987 3337 1053 dicemus,
3387 989 3534 1057 quod

1966 1085 2126 1136 quam
2159 1073 2423 1124 rationem
2458 1073 2618 1125 habet
2650 1087 2936 1129 commune
2966 1077 3031 1129 ad
3059 1079 3361 1144 proprium,
3395 1079 3537 1133 hanc

1967 1159 2132 1212 habet
2167 1159 2466 1213 substantia
2499 1162 2563 1212 ad
2597 1174 2909 1228 personam.
2954 1163 3343 1236 Unusquisque
3380 1167 3529 1220 enim

1964 1261 2212 1305 nostrum
2268 1251 2548 1306 communi
2611 1253 2822 1307 ratione
2869 1254 3190 1310 substantia:
3245 1258 3536 1326 participat

1965 1359 2124 1408 esse;
2155 1353 2211 1396 et
2252 1345 2674 1412 proprietatibus
2700 1360 2820 1414 qua:
2854 1345 2998 1399 circa
3028 1361 3085 1401 se
3117 1357 3265 1414 sunt,-
3305 1358 3387 1402 est
3424 1350 3538 1413 illo,

1964 1447 2066 1486 aut
2100 1432 2211 1496 ille,
2266 1435 2332 1487 ad
2373 1435 2624 1487 eumdem
2677 1436 2894 1496 modum
2931 1435 3063 1501 illic,
3096 1437 3260 1490 ratio
3311 1439 3533 1507 quidem

1964 1527 2283 1579 substantiae
2310 1528 2614 1580 communis
2644 1537 2747 1594 est,
2777 1537 2833 1580 ut
2864 1529 3096 1592 bonitas,
3133 1539 3226 1584 aut
3260 1529 3540 1597 dit-initas,

1964 1624 2059 1670 aut
2088 1618 2130 1670 si
2165 1617 2291 1683 quid
2319 1619 2462 1671 aliud
2496 1611 2830 1688 intelligatur
2857 1636 2871 1671 :
2907 1635 3140 1685 persona
3168 1635 3298 1674 vero
3329 1622 3383 1674 in
3413 1637 3539 1687 pro-

1963 1709 2197 1777 prietate
2245 1724 2351 1777 qua
2404 1705 2566 1763 Pater
2607 1719 2713 1771 est,
2765 1719 2858 1764 aut
2905 1727 3006 1778 qua
3033 1709 3223 1778 Filius,-
3273 1713 3540 1767 cernitur.

281 1809 358 1871 Ex
392 1816 593 1886 quibus
627 1813 856 1870 ρωείιω.
899 1817 1274 1881 manifestum.
1306 1818 1449 1885 quod
1499 1819 1551 1871 in
1601 1818 1730 1885 Deo,
1766 1819 1862 1887 qui
1892 1820 1934 1875 Β
1970 1798 2202 1854 Sanctus
2247 1799 2484 1856 Jo:innes
2523 1803 2905 1865 Damascenus,
2944 1819 3067 1871 cap.
3115 1803 3206 1866 55,
3248 1804 3406 1869 cujus
3451 1803 3540 1857 in-

279 1914 366 1964 e‘st
412 1923 578 1976 supra
631 1907 1020 1971 substantiam,
1053 1923 1160 1964 non
1191 1919 1276 1963 est
1309 1909 1415 1962 alia
1463 1909 1642 1964 unitas
1693 1926 1858 1980 supra

279 2000 543 2064 divinam,
575 2008 628 2054 et
671 2000 774 2054 alia
805 1991 1046 2055 Trinitas
1098 2016 1263 2070 supra
1315 2002 1677 2056 substantiam
1706 2043 1718 2064 ,
1765 2002 1860 2056 sed

279 2092 524 2144 eamdem
572 2105 701 2144 vere
750 2092 1009 2145 unitatem
1057 2097 1111 2146 et
1155 2092 1473 2146 Trinitatem
1533 2092 1858 2147 credimus:

279 2187 378 2233 nec
424 2190 510 2235 est
559 2181 612 2232 in
660 2177 933 2234 Trinitate
972 2195 1303 2250 supraquam
1340 2181 1521 2235 divina
1562 2183 1858 2250 quidquam

281 2270 568 2340 inaequale,
603 2279 656 2323 et
684 2270 876 2338 partim
909 2269 1026 2340 ejus
1058 2271 1254 2339 majus,
1280 2271 1474 2340 partim
1504 2287 1634 2325 vero
1659 2272 1860 2337 minus,

278 2363 372 2419 sed
415 2363 593 2432 potius
626 2379 728 2416 una
756 2361 1038 2431 aequalitas
1075 2365 1246 2416 tritius
1282 2377 1438 2430 pura,
1473 2374 1525 2418 et
1552 2362 1864 2419 immutabi-

278 2451 382 2521 lis;
409 2470 508 2508 uec
547 2455 753 2521 aliquid
785 2467 973 2508 eorum
999 2453 1163 2506 trium
1197 2453 1303 2506 ulla
1336 2469 1399 2507 ex
1434 2465 1586 2522 parte
1623 2455 1741 2522 plus
1772 2469 1864 2509 co-

282 2544 464 2606 limus,
496 2552 552 2597 et
583 2544 790 2612 aliquid
836 2543 1052 2609 minus;
1095 2558 1196 2598 uec
1243 2553 1323 2598 est
1375 2543 1429 2597 in
1465 2559 1530 2598 eo
1564 2544 1860 2614 quidquam

286 2634 524 2702 privans,
556 2644 612 2689 et
641 2617 944 2689 secundum
976 2650 1035 2690 se
1065 2649 1260 2705 expers
1297 2636 1638 2701 substantiis,
1666 2645 1720 2690 et
1754 2652 1860 2690 non

285 2738 386 2793 per
413 2740 470 2780 se
497 2729 763 2782 essistens
792 2742 806 2779 :
840 2727 1151 2797 imperfecta
1197 2728 1341 2782 enim
1388 2717 1711 2785 introductio
1753 2731 1864 2800 pri-

279 2818 461 2872 vantis
505 2819 898 2874 contumeliosa
946 2830 1028 2876 est
1085 2821 1139 2875 in
1191 2821 1243 2874 id
1291 2821 1434 2889 quod
1472 2821 1864 2888 perfectissime

278 2908 518 2971 exsistit;
551 2911 749 2962 etenim
777 2925 882 2964 non
911 2926 1033 2965 esse
1058 2912 1435 2975 substantiam,
1464 2923 1519 2966 et
1549 2928 1644 2980 per
1669 2928 1729 2967 se
1753 2929 1862 2968 non

246 3040 248 3043 τ
278 2999 560 3061 exsistere,
591 2999 950 3054 defectionem
995 3004 1408 3072 perfectissimae
1438 3006 1779 3071 substantiae,
1809 3015 1864 3060 et

278 3092 374 3158 per
401 3105 462 3145 se
487 3091 803 3146 exsistentis
831 3095 1187 3148 demonstrat.

875 3224 1108 3284 CAPUT
1161 3223 1250 3285 IV.

281 3337 434 3404 Quod
481 3341 531 3392 in
568 3337 846 3404 Trinitate,
880 3357 998 3407 quae
1033 3358 1198 3410 supra
1239 3342 1590 3398 substantiam
1625 3348 1725 3408 est,
1758 3365 1852 3401 ne-

344 3425 444 3478 que
501 3411 776 3484 personale
836 3411 1183 3479 distinguitur
1228 3429 1263 3484 ra
1308 3415 1631 3484 substantia,
1689 3434 1852 3484 neque

347 3485 452 3553 tres
483 3480 675 3532 (Ιιυίιιίιι
701 3489 938 3544 personae
967 3483 1270 3553 substantia
1303 3482 1728 3553 distinguuntur,
1761 3480 1853 3542 nec

348 3551 457 3622 alia
487 3553 734 3622 quapiam
779 3552 1103 3615 oppositione
1133 3551 1556 3622 distinguuntur,
1599 3558 1702 3608 nisi
1753 3557 1854 3611 hac

341 3619 461 3694 sola
494 3620 781 3671 secundum
816 3623 1146 3674 relationem.

349 3726 576 3796 Magnus
601 3731 958 3796 Athanasius,
977 3717 1045 3787 in
1070 3735 1283 3804 dialogo
1305 3737 1592 3792 orthodoxi
1629 3749 1682 3792 et
1712 3743 1856 3794 Ano—

279 3819 395 3881 mii,
433 3820 545 3874 ait:
591 3822 747 3874 Aliud
792 3833 875 3876 est
908 3825 1240 3891 substantia,
1294 3837 1348 3881 et
1403 3828 1548 3882 aliud
1598 3846 1852 3898 persona,

277 3912 423 3962 aliud
459 3922 514 3966 et
542 3913 686 3965 aliud
719 3912 818 3982 (1),
850 3918 1174 3981 compositio
1203 3919 1394 3982 igitur.
1433 3921 1590 3974 Aliud
1625 3933 1678 3974 et
1703 3924 1852 3977 aliud

277 4003 410 4064 dixi,
438 4019 546 4057 non
577 4014 632 4057 ut
665 4019 776 4059 rem
805 4006 968 4059 aliam
999 4017 1053 4061 et
1079 4007 1265 4073 aliam,
1295 4009 1390 4064 sed
1423 4020 1481 4063 ut
1508 4011 1655 4066 aliud
1687 4014 1859 4083 signi-

1961 1892 2186 1961 scriptio
2215 1903 2333 1947 est:
2389 1892 2540 1958 Quod
2585 1893 2756 1948 omnis
2797 1905 2995 1956 natura
3027 1896 3209 1949 divina
3252 1897 3308 1949 in
3335 1914 3443 1952 una
3477 1913 3540 1954 ea

1961 1983 2196 2050 personis
2235 1984 2348 2052 ejus
2396 1986 2548 2038 unita
2604 1995 2681 2040 est
2729 2002 2850 2059 eum
2884 1993 2996 2039 tota
3026 1989 3262 2042 humana
3316 1999 3537 2054 natura,

1961 2085 2012 2131 et
2042 2094 2148 2131 non
2175 2094 2298 2148 pars
2332 2094 2450 2131 cum
2471 2086 2620 2148 parte
2640 2094 2660 2132 :
2691 2079 3036 2144 Communia,
3097 2081 3376 2148 inquit,.et
3411 2085 3539 2135 uni-

1965 2184 2116 2224 versa
2147 2170 2513 2238 praedicantur
2541 2172 2605 2223 de
2635 2172 2749 2225 suis
2790 2171 3049 2239 subjectis
3081 2171 3160 2241 (2)
3196 2173 3541 2240 particular-i-

1963 2262 2064 2316 bus
2093 2279 2107 2316 :
2149 2276 2440 2316 commune
2490 2263 2657 2328 igitur
2688 2273 2769 2316 est
2818 2264 3145 2330 substantia,
3194 2275 3253 2318 ut
3285 2267 3538 2336 species;

1964 2353 2289 2422 particulare
2332 2362 2512 2409 autem
2559 2356 2872 2424 hypostasis
2902 2371 2917 2418 ;
2952 2357 3283 2426 particulare
3331 2367 3537 2424 autem,

1965 2461 2070 2500 non
2107 2447 2231 2516 quia
2263 2457 2468 2515 partem
2504 2458 2712 2502 naturae
2741 2449 2922 2514 habet,
2954 2461 3163 2518 partem
3207 2466 3316 2504 non
3350 2451 3538 2516 habet,

1963 2539 2058 2594 sed
2109 2541 2434 2608 particulare
2487 2555 2732 2603 numero,
2785 2549 2843 2594 ut
2899 2542 3275 2607 individuum;
3311 2557 3538 2598 numero

1963 2629 2131 2695 enim,
2179 2639 2233 2683 et
2267 2646 2370 2684 non
2405 2642 2600 2690 natura
2649 2630 2970 2700 hypostases
2998 2632 3250 2686 dicuntur
3276 2629 3536 2698 diﬂerre;

1963 2722 2290 2790 praedicatur
2316 2723 2494 2775 autem
2529 2723 2836 2776 substantia
2876 2724 2941 2777 de
2974 2725 3277 2794 liypostasi,
3315 2722 3443 2792 quia
3479 2725 3534 2777 in

1965 2812 2191 2881 singulis
2218 2827 2338 2882 quae
2367 2823 2488 2868 sunt
2527 2813 2850 2884 hypostases
2887 2816 3128 2884 ejusdem
3157 2816 3386 2886 speciei,
3415 2829 3541 2883 per-

1968 2903 2105 2958 lecta
2143 2905 2444 2959 substantia
2475 2915 2581 2969 est;
2611 2908 2868 2974 quocirca
2899 2922 3073 2976 neque
3102 2908 3421 2979 hypostases
3444 2906 3561 2960 dif-

1964 2994 2143 3050 ferunt
2172 2997 2312 3051 inter
2339 3014 2396 3051 se
2416 2999 2743 3061 subsmntia,
2774 3002 2863 3053 sed
2889 3001 3183 3056 secundum
3211 3001 3536 3066 accidentia,

1965 3103 2087 3158 qum
2126 3098 2251 3142 sunt
2297 3092 2658 3158 proprietates
2690 3092 3041 3160 designantes
3081 3093 3443 3163 hypostasiin,
3481 3101 3539 3145 et

1882 3178 1927 3233 C
1961 3195 2072 3233 non
2103 3189 2350 3233 naturam
2382 3200 2396 3234 :
2429 3181 2696 3249 siquidem
2732 3184 3064 3251 hypostasim
3101 3185 3361 3237 deliniant
3403 3182 3537 3236 sub-

1959 3273 2217 3326 stantiam
2245 3289 2366 3326 cum
2388 3276 2698 3350 accidente,
2722 3276 3078 3342 quamobrem
3107 3277 3411 3346 hypostasis
3439 3277 3536 3330 ha-
3565 3347 3568 3350 .

1958 3365 2051 3420 bet
2075 3379 2363 3420 commune
2384 3378 2506 3419 cum
2533 3347 2786 3435 propdio;
2812 3369 3116 3422 substantia
3143 3379 3322 3424 autem
3346 3385 3538 3424 secun-

1955 3458 2083 3511 dum
2113 3474 2173 3513 se
2203 3473 2307 3512 non
2337 3459 2574 3522 etsistit,
2610 3460 2704 3512 sed
2731 3460 2782 3513 in
2821 3460 3205 3530 hypostasibus
3239 3471 3534 3529 spectatur.

1955 3550 2100 3605 Idem
2145 3551 2210 3604 de
2243 3562 2428 3605 sancta
2475 3550 2777 3606 Trinitaie:
2821 3551 3072 3622 Oportet,
3123 3555 3322 3623 inquit,
3359 3553 3529 3618 scire,

1959 3641 2105 3709 quod
2149 3641 2290 3694 aliud
2337 3650 2422 3694 est
2452 3642 2785 3696 considerari
2822 3658 2898 3706 re,
2948 3653 3000 3696 et
3036 3642 3182 3696 aliud
3233 3644 3444 3697 ratione
3483 3655 3538 3697 et

1961 3732 2310 3798 cogitatione.
2350 3731 2404 3785 Ιιι
2446 3735 2697 3787 omnibus
2729 3735 2894 3802 igitur
2938 3736 3206 3789 creaturis
3258 3738 3538 3790 distinctio

1965 3823 2326 3892 hypostaseon
2409 3839 2465 3877 re
2516 3827 2918 3891 consideratur,
2971 3841 3027 3880 re
3069 3828 3212 3880 enim
3266 3827 3457 3880 Petrus
3504 3845 3533 3881 a

1959 3913 2129 3967 Paulo
2163 3917 2428 3969 discretus
2454 3917 2853 3984 consideratur,
2888 3921 3258 3974 communitas
3295 3936 3443 3985 vero,
3475 3935 3529 3974 et

1967 4007 2272 4074 copulatio,
2305 4021 2358 4062 et
2394 4023 2583 4072 unum,
2613 4018 2666 4062 et
2695 4012 2930 4077 ratione,
2960 4018 3014 4064 et
3043 4013 3376 4081 cogitatione
3408 4029 3532 4081 spe-

1751 4124 2021 4186 Schoﬁa.

305 4277 308 4280 η
347 4243 426 4308 (Ι)
459 4243 616 4294 Aliud
643 4244 842 4296 dicitur
873 4245 1182 4309 signiﬁcare
1212 4247 1263 4299 in
1297 4247 1496 4302 divinis
1527 4248 1852 4310 substantia,

277 4323 332 4368 et
353 4314 890 4380 alitiilpe‘rsona.qiii-.i
919 4317 1044 4368 licet
1069 4333 1228 4368 unam
1246 4329 1298 4370 et
1323 4322 1563 4370 eamdem
1595 4335 1706 4372 rettt
1726 4321 1854 4372 sube

277 4382 476 4438 stantia
496 4391 549 4454 et
569 4399 797 4450 persona
819 4385 1142 4451 signiﬁcent,
1171 4387 1330 4440 aliter
1345 4398 1526 4440 tamen
1544 4405 1661 4442 eam
1682 4389 1854 4454 signi-

279 4455 396 4506 ticat
426 4453 750 4514 substantia,
781 4465 834 4506 et
868 4457 1028 4506 aliter
1067 4471 1294 4520 persona
1323 4472 1339 4512 :
1377 4469 1434 4510 et
1467 4469 1611 4511 recte
1651 4460 1850 4510 dicitur

1955 4247 2051 4304 Hic
2090 4250 2251 4317 igitur
2291 4251 2480 4303 modus
2525 4251 2770 4305 diversus
2805 4253 3152 4321 significandi
3200 4269 3363 4308 unam
3400 4255 3533 4308 alio—

1950 4324 2039 4387 qui
2071 4332 2123 4374 et
2151 4323 2394 4373 eamdem
2431 4336 2565 4378 rem,
2615 4333 2837 4375 vocatur
2866 4326 2934 4377 ab
2967 4325 3266 4378 Athanasio
3287 4327 3433 4379 aliud
3476 4338 3531 4379 et

1952 4390 2132 4455 aliud;
2193 4405 2295 4443 non
2329 4393 2455 4458 quia
2495 4391 2602 4442 alia
2630 4399 2685 4462 et
2719 4393 2818 4446 alia
2859 4408 2943 4447 res
2993 4397 3099 4453 sit,
3137 4395 3228 4449 sed
3265 4399 3390 4462 quia
3429 4413 3530 4447 una

1948 4471 2001 4510 et
2027 4463 2219 4532 eadem
2245 4475 2331 4514 res
2367 4462 2476 4532 alio
2501 4469 2556 4532 et
2579 4461 2688 4515 alio
2715 4465 2876 4517 modo
2889 4461 3532 4532 signiﬁcaturvapossunt

276 4521 460 4600 Gre-ce
488 4522 614 4600 ἆλξερ
645 4527 735 4572 καὶ
762 4522 909 4600 ἄλλο,
950 4524 1000 4575 id
1033 4535 1135 4600 est.
1169 4525 1311 4600 aliud
1329 4537 1401 4600 Aet
1433 4529 1606 4600 aliud,
1639 4527 1724 4581 ubi
1764 4542 1851 4580 so-
1885 4539 1930 4594 υ
1959 4529 2101 4600 enim
2141 4544 2260 4582 esse
2293 4531 2452 4584 unius
2479 4531 2552 4584 rei
2584 4533 2737 4600 plura
2767 4521 3011 4598 nomina,
3052 4543 3111 4586 ut
3139 4521 3312 4587 unum
3335 4551 3528 4588 nomen

279 4593 385 4646 lunt
415 4603 497 4642 est
529 4592 667 4642 alius
691 4602 744 4644 et
775 4594 915 4645 alius
949 4596 1140 4646 modus
1173 4596 1515 4656 signiﬁcandi
1543 4613 1557 4649 :
1589 4601 1731 4649 sicut
1762 4612 1849 4650 se-

280 4677 399 4714 men
434 4670 489 4732 et
517 4661 726 4712 lrticttts
757 4677 917 4732 unum
954 4678 1066 4716 rent
1113 4662 1445 4730 signiﬁcant,
1479 4683 1704 4732 granum
1740 4667 1849 4720 sci-

275 4733 402 4782 licet
439 4730 698 4783 truiuenti
745 4730 860 4800 (b):
901 4732 1049 4785 aliud
1087 4743 1262 4784 tamen
1303 4746 1355 4788 et
1396 4730 1542 4788 aliud
1595 4737 1850 4789 dicuntur

273 4801 614 4867 signiﬁcare,
649 4817 755 4854 non
799 4810 1055 4869 tanquam
1093 4802 1255 4854 aliam
1298 4811 1354 4857 et
1380 4807 1540 4858 aliain
1591 4821 1729 4868 ri-m,
1755 4803 1848 4858 sed

274 4873 403 4931 quia
438 4871 596 4921 aliter
646 4872 915 4936 signiﬁciit
958 4872 1104 4924 illam
1158 4887 1318 4925 unam
1373 4890 1482 4926 rem
1532 4891 1738 4936 semen,
1794 4883 1848 4926 et

275 4939 435 5010 aliter
483 4940 731 4992 fructus:
771 4957 956 4994 semen
1003 4942 1147 4993 enim
1192 4941 1263 4993 ita
1317 4944 1586 5010 signiﬁCat
1619 4958 1845 5010 granum

274 5007 555 5067 frumenti,
586 5019 644 5060 ut
667 5010 1026 5078 intelligamus
1054 5010 1319 5064 contineri
1348 5007 1400 5064 iii
1432 5007 1852 5066 eoseuimalimr

273 5080 421 5130 aliud
453 5079 651 5132 simile.
692 5079 892 5134 Semen
926 5083 1205 5140 eniniest,
1240 5084 1288 5132 in
1320 5096 1425 5149 quo
1455 5091 1537 5137 est
1571 5085 1740 5134 virtus
1769 5096 1854 5136 se-

274 5149 494 5202 minatis
530 5151 594 5200 ad
629 5153 1032 5217 producendmn
1069 5150 1212 5203 aliud
1258 5153 1476 5204 simile:
1514 5152 1723 5204 fruetus
1754 5168 1852 5204 au-

275 5228 381 5269 tem
411 5236 513 5271 non
549 5220 628 5270 sic
668 5220 938 5287 signiﬁcat
978 5236 1209 5288 granum
1262 5220 1543 5282 frumenti,
1600 5223 1691 5274 sed
1724 5237 1850 5276 esse

274 5288 512 5354 fluctum
539 5289 783 5350 alterius,
811 5290 924 5342 sive
956 5291 1273 5358 productum
1309 5294 1376 5343 ab
1405 5292 1510 5343 alio
1537 5309 1551 5356 ;
1578 5291 1658 5344 sic
1683 5296 1846 5344 etiam

274 5358 580 5412 substantia
628 5367 680 5409 t-t
717 5375 946 5425 persona
977 5377 1078 5412 una
1132 5376 1218 5413 res
1255 5373 1402 5422 sunt,
1447 5371 1502 5414 et
1535 5375 1693 5412 unam
1730 5375 1844 5414 rem

275 5429 620 5498 signiﬁcant;
656 5434 748 5481 Sed
781 5431 942 5481 aliter
975 5444 1091 5482 eam
1131 5430 1400 5496 signilitat
1434 5445 1687 5498 persona,
1735 5433 1845 5483 sci-

273 5497 405 5549 licet
465 5496 837 5562 singulariter,
909 5500 1208 5552 substantaa
1269 5515 1395 5552 vero
1424 5496 1841 5554 communiter:

273 5580 436 5636 quant
471 5567 611 5617 enim
645 5571 907 5621 rationem
942 5569 1101 5621 habet
1127 5582 1414 5622 cinnmune
1447 5572 1510 5622 ad
1538 5570 1838 5636 pi'Oprium,

273 5637 351 5688 ait
386 5633 640 5697 Basilius,
689 5637 825 5690 hanc
875 5641 1035 5692 habet
1065 5640 1373 5693 substantia
1412 5642 1476 5691 ad
1525 5633 1834 5708 perennant.

1961 4600 2046 4666 plu
2057 4599 2192 4651 rittm
2239 4615 2441 4656 rerum.

2027 4669 2105 4738 (2)
2155 4667 2476 4738 Communia
2519 4678 2568 4723 et
2617 4676 2864 4723 universa
2912 4671 3274 4735 praedicantur
3325 4672 3390 4732 de
3415 4675 3527 4726 suis

1955 4739 2224 4810 subjectis.
2261 4737 2564 4810 Couunune
2606 4740 2779 4810 igitur
2810 4749 2892 4794 est
2917 4743 3270 4807 ‘substantia,
3321 4754 3375 4793 ιιι
3411 4759 3534 4810 sne-

1955 4812 2090 4862 cics.
2127 4809 2246 4860 Non
2283 4809 2383 4860 hoc
2424 4811 2553 4862 dicit
2604 4807 2968 4862 Dainascenus
3013 4814 3079 4862 de
3127 4807 3451 4864 substantia
3479 4817 3530 4866 in

1959 4879 2157 4948 divinis
2205 4879 2466 4940 personis,
2516 4877 2663 4946 quod
2716 4882 3011 4932 secundum
3061 4893 3172 4932 rem
3223 4886 3531 4948 get-intimis

1957 4949 2048 5009 sit,
2075 4947 2215 5000 sicut
2245 4948 2295 5020 in
2327 4952 2587 5020 creaturis
2615 4949 2826 5014 species
2853 4963 2974 5016 qua:
3001 4947 3257 5003 dividitur
3285 4967 3380 5018 per
3411 4969 3530 5020 pro-

1957 5020 2216 5082 prietates
2238 5018 2735 5081 eharaeteristicas,
2763 5034 2900 5085 quas
2933 5029 3122 5072 vocant
3149 5018 3527 5085 individuales,

1955 5099 2024 5157 t_ia
2069 5097 2146 5150 ut,
2176 5091 2318 5140 sicut
2350 5087 2509 5154 paulo
2536 5097 2659 5156 post
2690 5089 2776 5141 hic
2807 5089 2934 5142 dicit
2967 5089 3103 5142 idem
3135 5089 3528 5157 Daniascenus,

1951 5154 2146 5210 Petrus
2176 5173 2227 5226 a7
2257 5158 2424 5209 Paulo
2459 5175 2516 5226 re
2536 5154 2932 5226 distinguatur,
2970 5159 3096 5226 quia
3152 5175 3258 5213 non
3303 5175 3386 5216 est
3425 5162 3512 5216 Pe-

1959 5235 2078 5279 trus
2117 5229 2168 5279 in
2220 5225 2428 5291 Paulo;
2466 5225 2656 5282 Petrus
2684 5225 2826 5281 enim
2868 5241 2920 5282 et
2957 5225 3156 5284 Paulus
3194 5247 3361 5284 unum
3399 5243 3530 5285 sunt

1959 5301 2310 5368 nonﬂre,sed
2353 5299 2585 5360 ratione,
2630 5309 2684 5351 et
2730 5297 3108 5368 intelligentia.
3148 5301 3348 5354 Contra
3401 5318 3531 5353 vero

1957 5365 2008 5417 in
2041 5366 2240 5419 divinis
2272 5373 2518 5435 personis
2551 5383 2661 5421 non
2692 5365 2994 5422 secundum
3027 5387 3162 5434 rem,
3198 5377 3291 5423 sed
3332 5387 3532 5424 secun-

1953 5435 2079 5508 duin
2111 5438 2326 5508 modum
2355 5438 2700 5504 signiﬁcandi
2733 5438 3008 5493 invenitur
3034 5441 3214 5508 aliqua
3261 5440 3526 5492 similitu-

1952 5506 2020 5558 do
2051 5507 2358 5561 eommunis
2391 5519 2446 5561 et
2470 5507 2818 5574 particularis
2843 5523 2965 5561 cum
2995 5506 3281 5564 creaturis.
3315 5513 3518 5566 Obser-

1950 5578 2096 5629 vavit
2130 5577 2233 5630 hoc
2258 5592 2313 5630 tu
2343 5576 2680 5632 Datnasceno
2711 5575 2769 5632 S.
2809 5575 3068 5634 Thomas.

345 5751 423 5832 tu)
462 5752 535 5832 [te
565 5754 626 5832 iis
661 5753 897 5832 loquitur
923 5773 1042 5832 quae
1081 5759 1333 5832 similiter
1361 5761 1426 5813 de
1457 5760 1563 5814 Deo
1587 5762 1866 5829 dicuntur,
1900 5770 1957 5817 ut
1989 5759 2305 5830 ingenitum,
2331 5760 2733 5832 incorporeum,
2759 5769 2813 5818 et
2841 5761 3064 5817 similia.

345 5821 421 5891 (ὁ)
461 5823 683 5878 Basilius
701 5827 923 5893 epistula
942 5821 1004 5896 ἰιι
1023 5831 1124 5881 iniu
1155 5835 1219 5882 ad
1245 5831 1582 5884 Liuiltittittiii.
