4048 6424
1738 236 1804 257 α.

497 375 631 443 931‘

1665 366 1989 434 JOANNIS
2019 328 2582 432 CYPARISSiO‘I‘Ai

3603 409 3609 415 .
3642 352 3756 424 93!

501 504 711 560 ctatur,
761 490 1138 564 intelligentia.
1170 488 1318 545 enim
1360 487 1699 557 percipimus
1750 488 1971 542 Petrum
2019 496 2080 541 et
2114 498 2151 550 Α
2181 504 2312 558 erga
2343 489 2528 550 aliain,
2563 503 2670 542 non
2703 486 2880 541 minus
2904 498 3063 554 quam
3090 484 3214 565 erga
3237 498 3298 538 se
3325 484 3496 553 ipsam
3525 523 3539 544 ,
3565 483 3618 537 id
3639 492 3754 545 est,

506 582 733 637 l‘aulum
782 581 1027 650 ejusdem
1081 588 1292 633 naturae
1328 591 1478 640 esse,
1518 587 1575 630 et
1618 586 1869 632 naturam
1920 591 2083 630 unam

509 674 714 728 habere
756 684 1122 736 communem,
1170 666 1549 737 unusquisque
1588 669 1737 720 enim
1766 681 1955 737 eorum
2003 674 2090 721 est

507 764 713 817 animai
766 760 997 816 rationis
1034 760 1329 829 particeps,
1370 760 1646 824 mortale;
1684 767 1738 813 ct
1791 758 2090 825 unusquis-

505 868 613 922 que
638 867 770 906 caro
794 862 881 907 est
906 852 1146 906 animata
1178 850 1357 903 anima
1397 849 1608 903 ratione
1634 848 1882 917 pmilita,
1918 858 1976 902 et
2002 847 2089 900 in-

508 947 804 1015 telligente.
856 944 983 999 Haec
1037 945 1202 1012 igitur
1249 934 1566 1004 communis
1628 951 1823 994 natura
1879 942 2090 995 ratione

456 1104 459 1107 Α
502 1040 903 1100 consideratur,
947 1048 1049 1090 nec
1076 1036 1222 1089 enim
1251 1021 1497 1102 person'ae
1530 1035 1652 1088 aliae
1687 1035 1739 1087 in
1788 1033 1910 1088 aliis
1943 1035 2087 1087 inter

508 1148 572 1187 se
618 1140 767 1194 sunt,
820 1130 917 1185 sed
962 1129 1149 1195 potius
1198 1141 1556 1195 imaqnaique,
1604 1125 1885 1193 sigillatim
1920 1131 1985 1177 -et
2033 1125 2087 1177 in

509 1234 686 1293 parte,
732 1224 922 1281 idest,
949 1236 1045 1287 per
1092 1234 1154 1274 se
1189 1227 1441 1286 separata
1469 1227 1578 1278 est,
1606 1217 1839 1285 plurima
1882 1216 2091 1271 habens

509 1331 635 1383 qua:
681 1316 856 1383 ipsam
887 1314 955 1367 ab
981 1313 1149 1367 altera
1183 1311 1546 1379 distinguant,
1578 1309 1843 1377 siquidem
1877 1318 1935 1362 et
1966 1308 2089 1363 loco

507 1408 739 1471 distant,
777 1413 831 1458 et
853 1412 1099 1471 tempore
1126 1402 1402 1465 diﬁ‘erunt,
1433 1410 1488 1454 et
1517 1401 1797 1454 voluntate
1824 1400 2090 1453 dividun-

513 1511 627 1562 tur,
656 1508 712 1552 et
746 1498 974 1561 viribus,
1012 1505 1069 1550 et
1107 1496 1301 1555 forma,
1338 1494 1389 1546 id
1426 1501 1531 1557 est,
1565 1493 1756 1560 ﬁgura,
1791 1502 1845 1546 et
1879 1493 2089 1554 habitu,

513 1599 572 1640 et
617 1588 895 1650 inistioiic,
936 1579 1013 1638 ac'
1031 1585 1318 1653 dignitate,
1368 1592 1424 1635 et
1476 1583 1680 1647 studio,
1725 1583 2091 1650 omnibusque

517 1676 944 1745 proprietatibus
968 1673 1402 1742 dcsignantilius,
1426 1671 1547 1738 plus
1578 1687 1707 1725 vero
1727 1671 1942 1725 caeteris
1975 1686 2091 1724 oni-

517 1768 678 1819 nibus
703 1780 769 1819 eo
797 1766 941 1831 quod
986 1779 1092 1817 non
1140 1772 1268 1816 sunt
1303 1762 1421 1816 alia:
1468 1763 1523 1815 in
1566 1763 1687 1816 aliis
1738 1774 1943 1825 mnino,
1992 1762 2087 1815 sed

2190 583 2244 636 in
2268 581 2527 636 omnibus
2552 595 2717 633 unum
2744 587 2873 633 sunt
2901 576 3081 635 Pater.
3110 580 3171 631 ‘et
3206 574 3401 638 Filius,
3441 587 3495 629 et
3522 575 3761 645 Spiritus

2186 681 2437 734 sanctus,
2478 674 2683 737 praeter
2731 669 3030 738 ingenitum
3063 665 3171 737 (ι),
3215 674 3271 719 et
3305 664 3668 729 nativitatem,
3699 673 3763 718 et

2188 762 2591 830 processionem
2619 775 2637 825 ;
2670 772 2863 822 unum,
2916 758 3161 826 inquam,
3194 746 3376 820 habet,
3428 754 3525 809 sed
3550 756 3762 824 cogita—

2190 852 2341 905 tione
2383 850 2701 906 diatinctttm
2735 849 2837 919 (2).
2882 849 3104 919 Magnus
3134 836 3367 906 Basilius
3415 855 3468 904 in
3506 864 3764 905 sermone

2188 945 2256 997 dc
2282 942 2425 996 ﬁde:
2460 941 2656 996 Filium
2688 942 2801 996 dixi
2823 951 2879 997 et
2905 941 3143 1006 Patrem,
3174 958 3327 997 serva
3358 942 3487 996 mihi
3517 942 3613 996 has
3632 956 3766 1012 pro-

2189 1035 2488 1103 prietates;
2523 1049 2853 1104 permanens
2897 1036 3062 1106 igitur
3106 1035 3277 1090 Filius
3307 1036 3360 1089 in
3395 1049 3464 1089 eo
3504 1037 3644 1103 quod
3673 1043 3765 1088 est

2190 1126 2382 1190 Filius,
2415 1126 2600 1180 omnia
2641 1136 2750 1190 est,
2783 1140 3119 1195 quaecunque
3142 1124 3307 1180 Pater
3335 1135 3441 1183 est.
3479 1126 3614 1179 sicut
3643 1124 3764 1191 ipse

2192 1216 2606 1271 Dominnsdixit
2629 1234 2643 1270 :
2673 1215 2995 1287 Omnia'qtia:
3020 1217 3171 1270 liabet
3202 1215 3385 1280 Pater,
3410 1233 3523 1271 utea
3548 1228 3667 1270 sunt
3684 1218 3759 1269 ⁸⁸.

2191 1309 2258 1363 Et
2277 1308 2573 1377 Gregoi-ius
2617 1306 2943 1378 Nyssenus:
2997 1310 3329 1363 Conﬁtentes
3358 1350 3376 1374 ,
3426 1309 3603 1379 inquit
3654 1310 3759 1378 (ὃ).

2188 1400 2436 1454 eamdem
2475 1407 2727 1455 naturam
2759 1399 2878 1453 sine
2903 1399 3010 1452 ulla
3043 1399 3365 1462 variatione,
3400 1398 3755 1455 diﬁ‘erentiani

2191 1506 2391 1554 causic,
2418 1500 2474 1545 et
2501 1505 2569 1543 ex
2605 1504 2768 1543 causa
2803 1489 3203 1557 proﬁciscentis
3234 1505 3341 1544 non
3380 1505 3653 1558 negamus,
3701 1492 3755 1544 iii

2193 1598 2303 1653 quo
2341 1581 2459 1636 solo
2491 1581 2720 1636 alterunt
2755 1582 3034 1655 ab.alte.ro
3076 1582 3313 1635 discerni
3344 1581 3758 1651 comprehendi.

2194 1689 2338 1729 mus.
2373 1675 2436 1728 Et
2467 1673 2681 1728 divinus
2701 1674 3046 1737 Anastasius,
3073 1674 3126 1726 in
3152 1673 3290 1728 libro
3338 1673 3415 1726 De
3442 1675 3653 1727 veritate
3678 1690 3758 1727 re-

2191 1765 2771 1832 ctorumdogmatum:
2823 1764 3270 1835 Reciprocantur,
3328 1765 3521 1832 inquit,
3572 1765 3762 1834 liuius-

520 1860 705 1926 potius
732 1865 1002 1925 separatae
1030 1866 1178 1915 sunt,
1210 1856 1351 1908 unde
1379 1863 1433 1907 et
1458 1853 1571 1908 duo
1623 1863 1677 1907 et
1707 1863 1814 1907 tres
1843 1853 2093 1907 homines
2126 1843 2166 1897 Β
2199 1855 2339 1907 modi
2393 1854 2807 1923 appellationes,
2863 1855 3027 1917 Deus,
3062 1855 3373 1920 Dominus,
3423 1865 3478 1908 et
3529 1854 3761 1924 Spiritus

513 1951 794 2011 dicuntur,
820 1958 876 2001 et
914 1948 1096 2010 inulti;
1132 1947 1233 1999 lioe
1263 1955 1444 1998 autem
1484 1947 1536 1997 in
1571 1946 1717 1999 omni
1749 1954 1943 1999 natura
1972 1946 2099 2000 lii-et

516 2040 893 2096 considerare.
929 2039 1129 2092 Contra
1182 2052 1310 2092 veio
1340 2037 1391 2090 in
1434 2047 1643 2099 sancta,
1687 2045 1742 2090 et
1778 2051 1940 2103 supra
1966 2036 2096 2091 sub-

512 2133 798 2211 stantiam,
840 2146 906 2185 ac
939 2131 1076 2182 ultra
1108 2130 1315 2191 omnia,
1343 2137 1394 2181 et
1431 2129 1884 2196 incompreliensa
1913 2126 2102 2182 Trini-

517 2235 653 2286 taie,
686 2224 797 2277 illic
824 2223 971 2275 enim
1017 2222 1457 2288 contemplamnr
1486 2234 1801 2283 commune,
1833 2228 1889 2271 et
1932 2234 2100 2273 unum

518 2330 578 2379 re
603 2324 822 2382 propter
850 2322 1206 2376 coaeternum,
1238 2321 1292 2365 et
1317 2311 1444 2378 quia
1487 2309 1539 2363 id
1590 2310 1767 2377 ipsum
1799 2318 1930 2362 sunt
1964 2310 2094 2363 soli-

512 2405 739 2469 stantia,
773 2408 1115 2472 operatioue.
1145 2403 1441 2465 voluntate,
1472 2412 1528 2455 et
1559 2401 1848 2455 voluntatis
1874 2402 2094 2468 conspi-

515 2497 750 2563 ratione,
802 2504 1096 2564 poiestate,
1137 2494 1338 2547 virtute
1392 2500 1447 2547 et
1498 2490 1763 2547 bonitate.
1818 2491 1933 2545 Non
1983 2492 2095 2545 dixi

513 2586 717 2651 simile,
750 2586 842 2640 sed
879 2586 926 2638 id
951 2587 1147 2653 ipsum,
1178 2594 1233 2638 et
1259 2592 1479 2651 propter
1504 2598 1665 2637 unum
1693 2584 1955 2650 impetum
1982 2598 2096 2635 mo-

513 2684 634 2740 tus;
670 2691 771 2728 una
808 2676 951 2728 enim
982 2676 1310 2738 substantia,
1338 2688 1445 2726 una
1478 2673 1731 2735 bonitas;
1766 2688 1871 2726 una
1900 2673 2091 2735 virtus,

513 2782 628 2822 una
655 2767 930 2831 voluntas,
954 2783 1057 2818 una
1082 2767 1245 2827 actio,
1275 2783 1385 2819 una
1405 2777 1460 2819 ei
1480 2767 1666 2819 cadem
1695 2772 1955 2833 potestas,
1989 2781 2094 2820 non

513 2867 629 2913 tres
651 2857 922 2911 sibitinter
939 2873 998 2910 se
1019 2857 1246 2921 similes,
1264 2858 1357 2910 sed
1381 2872 1484 2909 una
1501 2866 1555 2910 et
1577 2858 1763 2911 eadem
1783 2858 1946 2910 trium
1972 2872 2096 2923 per-'-

513 2959 779 3001 sonarum
803 2947 993 3012 motio,
1021 2963 1187 3000 unum
1204 2946 1352 3001 enim
1370 2962 1703 3025 unaquaeque
1724 2962 1910 3001 earum
1937 2949 2100 3002 habet

587 3059 637 3094 "
663 3058 823 3115 Joan.
853 3076 963 3125 ni,
994 3059 1082 3116 15.

2197 1952 2418 2013 propter
2465 1945 2843 2014 incorporeum
2889 1954 2944 2000 et
2989 1954 3264 2007 sanctum,
3315 1947 3438 2012 quia
3475 1945 3761 2016 unicuique

2196 2050 2444 2103 personae
2491 2036 2826 2089 conveniunt
2878 2024 3183 2105 hujusmodi
3219 2019 3640 2098 nominationes,
3674 2054 3763 2098 re:

2196 2137 2413 2184 servato
2462 2129 2609 2183 Patri
2647 2133 2748 2184 hoc
2780 2131 2919 2194 solo,
2946 2130 3155 2183 scilicet
3198 2130 3417 2184 Patrem
3463 2145 3603 2194 esse,
3632 2133 3763 2198 quia

2197 2220 2349 2273 solus
2380 2230 2466 2274 est
2512 2217 2671 2273 Pater
2696 2202 2953 2291 tanquam
3006 2237 3169 2276 causa
3198 2241 3213 2287 ;
3266 2232 3321 2276 et
3353 2234 3624 2277 reservato
3658 2226 3760 2293 ipsi

2196 2307 2336 2364 Filio
2370 2310 2472 2364 hoc
2508 2321 2743 2373 tantum,
2792 2312 3005 2367 scilicet
3051 2311 3246 2367 Filium
3279 2328 3421 2379 esse,
3460 2316 3580 2383 quia
3609 2315 3757 2367 soliis

2195 2404 2409 2472 genitus
2446 2413 2566 2467 est;
2604 2413 2884 2459 reservato
2915 2405 3044 2459 item
3075 2406 3377 2469 Paracleio,
3411 2421 3522 2461 esse
3547 2407 3747 2459 scilicet

2199 2494 2462 2564 Spiritum
2494 2504 2771 2547 sanctum.
2808 2495 3029 2548 Diviuus
3071 2482 3377 2562 Dionysius,
3415 2510 3529 2565 cap.
3559 2510 3747 2549 secun-

2199 2585 2266 2638 do
2306 2584 2381 2637 De
2412 2583 2612 2636 divinis
2653 2583 2975 2645 nominibus,
3009 2584 3083 2637 ait
3109 2601 3123 2638 :
3153 2584 3414 2649 Copuiata
3442 2583 3493 2637 in
3518 2599 3675 2635 unum
3698 2583 3757 2635 in

2202 2686 2313 2730 tota
2361 2677 2669 2740 divinitate,
2718 2685 2779 2730 ut
2827 2676 2881 2728 iii
2910 2664 3247 2745 .thcolt'tgicis
3296 2676 3763 2731 inl'oi'matiouibtis

2203 2766 2411 2835 prolixe
2441 2780 2507 2819 ex
2538 2765 2838 2834 Scripturis
2864 2767 3070 2821 sanctis
3095 2766 3608 2829 demonstravimus,
3638 2778 3767 2820 sunt

2204 2872 2530 2925 siipraqiiaiii
2584 2858 2780 2916 bonus.
2830 2872 3167 2927 supraquam
3220 2856 3383 2922 Deus,
3434 2870 3765 2926 supraquant

2205 2950 2532 3014 substantia,
2575 2964 2909 3019 supraquam
2939 2951 3147 3016 vivens,
3175 2964 3496 3019 supraqtiam
3520 2950 3766 3020 sapiens,

1981 3156 2258 3225 Scholia.

594 3262 674 3334 (1)
706 3260 949 3343 ipni'eter.
974 3261 1281 3343 inge-nituit}:
1327 3270 1374 3313 et
1405 3260 1755 3323 nativitatem,
1798 3269 2096 3343 caprocea-
2123 3270 2165 3326 C
2200 3268 2360 3327 tione.
2391 3269 2744 3336 differentiam
2784 3288 2960 3326 cauam
2996 3284 3046 3326 et
3086 3290 3150 3326 ea:
3190 3286 3349 3325 causa
3394 3273 3768 3341 proﬁciscentis

519 3330 745 3394 sionem.
787 3330 900 3383 Non
936 3331 1035 3384 hoc
1067 3332 1197 3384 dicit
1239 3330 1624 3392 Damasceniis,
1654 3332 1808 3397 quasi
1857 3330 2093 3385 innasci-

525 3408 735 3464 huius,
767 3415 890 3469 qua:
918 3401 1116 3469 dicitur
1141 3399 1458 3467 ἀγεννησία,
1493 3402 1785 3453 constituat
1812 3410 1866 3454 ct
1896 3401 2090 3455 distin—

521 3486 655 3544 guat
680 3466 985 3544 personant
1033 3466 1248 3544 Patris;
1286 3466 1388 3521 liOc
1413 3473 1555 3544 enim
1601 3470 1713 3522 ﬁcri
1753 3482 2088 3544 iionipotest,

524 3538 651 3600 cum
678 3541 972 3609 ingenitum
995 3538 1131 3590 nihil
1157 3551 1342 3606 ponat.
1365 3539 1455 3589 sed
1485 3550 1745 3605 neganter
1769 3541 2089 3606 accipiatur,

531 3629 634 3669 nec
666 3610 961 3679 ingenitum
1008 3610 1207 3676 accipit
1245 3623 1343 3674 pro
1373 3622 1439 3660 eo
1485 3609 1627 3679 quod
1676 3618 1760 3661 cst
1792 3611 2088 3664 increatiim

524 3686 631 3755 (sic
650 3683 793 3755 enini
827 3679 1123 3755 secundum
1152 3679 1507 3755 subs_iaii_tiaiii
1532 3678 1755 3755 dicitur,
1777 3688 1833 3732 et
1866 3678 1930 3732 ad
1963 3683 2092 3732 snti-

524 3747 785 3808 éiantiam
841 3747 1146 3816 pertinet),
1194 3749 1286 3801 scil
1338 3749 1417 3801 sic
1475 3748 1673 3813 accipit
1723 3747 2092 3803 Damasccnus

523 3825 615 3878 hic
646 3819 973 3886 ingenitum,
1017 3827 1073 3869 iit
1105 3816 1372 3885 signiﬁcet
1405 3818 1455 3870 id
1504 3819 1646 3883 quod
1680 3832 1785 3871 non
1817 3830 1900 3871 est
1935 3822 2090 3885 geni-

522 3905 664 3955 tum,
692 3902 750 3943 ut
788 3887 855 3941 ad
886 3887 1527 3956 relationein_pertineat,
1581 3899 1854 3956 quatenus
1896 3891 2091 3941 relatio

524 3962 716 4028 geniti,
754 3972 873 4025 quae
905 3956 1156 4028 convenit
1200 3954 1358 4016 Filio,
1410 3954 1637 4028 negatur
1685 3957 1875 4020 Patri;
1921 3970 1976 4010 iit
2011 3959 2093 4013 sic

531 4025 695 4084 l’ater
721 4030 998 4095 ingenitus
1031 4025 1393 4093 distinguatur
1426 4041 1453 4077 a
1482 4027 1620 4080 Filio
1653 4042 1754 4079 non
1786 4030 2086 4080 secundum

527 4100 920 4156 substantiam,
952 4096 1054 4147 scd’
1084 4096 1377 4147 secundum
1408 4097 1746 4149 relationem.
1775 4096 2095 4150 Observavit

528 4172 636 4224 hoc
677 4178 729 4218 et
765 4164 1053 4233 explicavit
1106 4164 1158 4215 in
1206 4162 1539 4219 Damasceuu
1579 4166 1722 4218 idem
1750 4164 1809 4217 S.
1836 4164 2043 4218 Thom.
2078 4182 2093 4218 i

529 4255 586 4309 p.
633 4252 689 4302 η.
719 4233 1051 4309 ’ὤνκαὶ-4,
1118 4238 1203 4309 ait.
1243 4234 1278 4309 i5
1332 4234 1467 4309 item
1518 4236 1803 4309 nativiias,
1850 4250 1969 4302 qua!
2011 4243 2098 4288 est

533 4304 689 4359 actus
731 4304 1039 4366 nntioiialis,
1091 4305 1156 4355 ad
1189 4305 1501 4357 relationem
1544 4306 1798 4368 pertinet,
1828 4314 2093 4371 quatenus

531 4375 914 4442 signiﬁcatur,
951 4374 1093 4427 sicut
1130 4375 1205 4427 ait
1253 4376 1392 4425 idem
1445 4374 1501 4427 S.
1539 4372 1757 4437 Tlioin.,
1803 4385 1862 4426 ut
1896 4375 1977 4423 via
2027 4375 2095 4426 ad

529 4459 817 4515 personant
856 4443 971 4496 Filii
1001 4443 1331 4511 proprietate
1357 4443 1650 4511 personati,
1685 4442 1734 4495 id
1769 4453 1853 4497 est
1882 4443 2097 4498 liliatio-

526 4532 597 4568 ne
623 4524 990 4567 Citiislllttiam.

2196 3355 2299 3392 non
2332 3354 2603 3411 negamus.
2634 3343 2863 3396 Causam
2902 3345 3051 3402 dicit,
3091 3357 3210 3411 quae
3262 3345 3488 3396 iinivoce
3516 3344 3712 3399 dicitur
3746 3361 3766 3409 ;

2195 3423 2303 3460 non
2353 3411 2496 3461 enini
2534 3410 2587 3463 in
2630 3412 2826 3465 divinis
2874 3414 3168 3480 perfectius
3222 3425 3305 3465 est
3357 3428 3474 3465 esse
3520 3428 3765 3476 causam.

2194 3491 2355 3538 quain
2392 3493 2513 3531 esse
2562 3494 2627 3533 ex
2673 3495 2857 3543 causa,
2908 3484 3046 3536 sicut
3077 3485 3126 3536 iii
3165 3486 3447 3540 creaturis.
3475 3484 3527 3536 in
3570 3485 3767 3550 quibus

2194 3550 2576 3617 homonymum
2625 3560 2728 3611 est,
2783 3551 2833 3602 id
2870 3562 2949 3604 est
2985 3553 3590 3618 ietpiivoctiin,‘liaberc
3636 3568 3768 3607 can-

2193 3633 2331 3679 sam,
2361 3619 2501 3689 quod
2536 3621 2791 3689 conticuit
2819 3621 3065 3686 etii-cini;
3106 3632 3160 3673 et
3198 3635 3319 3673 esse
3349 3637 3586 3685 causam,
3621 3623 3765 3689 quod

2193 3687 2450 3741 convenit
2494 3686 2751 3759 efﬁcient}
2805 3699 3063 3759 tanquam
3099 3689 3434 3757 perfectiori.
3468 3694 3519 3743 In
3569 3686 3767 3745 divinis

2195 3770 2358 3810 causa
2394 3765 2476 3830 est
2514 3757 2673 3830 [later
2711 3750 2854 3820 Filii,
2895 3750 2987 3813 sed
3027 3750 3130 3814 non
3167 3775 3328 3813 causa
3358 3761 3622 3824 cﬁ'ectrix,
3646 3777 3767 3830 qua

2196 3842 2224 3880 a
2261 3826 2476 3899 sanctis
2512 3823 2761 3899 Patribns
2800 3830 3001 3882 dicitur
3028 3831 3434 3899 γενεσιουργὸς.
3473 3833 3563 3886 sed
3600 3823 3763 3888 causa

2195 3896 2370 3969 solum
2403 3911 2533 3969 qua:
2563 3898 2761 3951 dicitur
2788 3898 2983 3962 αἴτιος,
3026 3908 3120 3953 aut
3148 3896 3432 3967 dipxijmnt
3468 3902 3632 3964 αἴτιος
3667 3904 3765 3969 ἀρα

2193 3965 2367 4036 χικὸς.
2403 3965 2614 4039 Dictum
2646 3976 2725 4020 est
2745 3969 2809 4039 de
2837 3969 2918 4039 liis
2938 3970 3129 4023 dccad.
3164 3965 3229 4029 7,
3243 3965 3364 4039 cap:
3394 3972 3446 4026 6.
3479 3965 3767 4038 Dupliciter

2196 4035 2375 4103 itaque
2426 4035 2621 4108 dicitur
2670 4038 2811 4104 apud
2864 4037 3082 4093 Graecos
3112 4035 3325 4101 alter,
3351 4041 3400 4094 id
3434 4052 3536 4100 est,
3562 4035 3655 4108 qui
3683 4052 3768 4095 est

2198 4121 2363 4178 causa
2392 4121 2407 4158 :
2443 4107 2615 4178 αἴτιος
2650 4113 3053 4178 γενεσιουργὸς,
3094 4110 3261 4168 idest.
3294 4127 3456 4166 causa
3490 4107 3764 4174 cﬁ’ectrix,

2195 4186 2248 4230 et
2304 4175 2476 4249 αῐῖιος
2531 4176 2781 4249 ἀρχικὸς,
2819 4179 2868 4249 id
2908 4175 3024 4243 eat,
3055 4193 3220 4233 causa
3279 4197 3398 4246 tunc
3447 4181 3763 4249 principium

2195 4256 2311 4307 est;
2348 4245 2491 4298 sicut
2522 4246 2795 4312 accipiunt
2827 4248 3079 4302 dOi'tOrcs
3121 4245 3305 4305 Graeci
3347 4245 3538 4304 nomen
3590 4245 3769 4304 causa!

2197 4318 2250 4368 in
2302 4314 2521 4375 divinis,
2559 4317 2700 4380 quod
2757 4318 2813 4371 S.
2864 4316 3060 4370 Thom.
3103 4332 3251 4374 recte
3287 4319 3571 4377 intellexit.
3608 4328 3662 4372 ct
3713 4321 3767 4373 in

2197 4382 2672 4457 Griecisi’atrilnis
2697 4387 2977 4457 probavit;
3010 4390 3086 4440 sic
3115 4391 3257 4443 enim
3281 4391 3497 4452 scripsit
3531 4391 3581 4441 in
3626 4402 3767 4457 opu—

2198 4452 2575 4528 sculoContra
2599 4469 2799 4508 errores
2818 4456 3142 4517 Grmcorum.
3162 4475 3280 4528 cap.
3308 4463 3327 4514 i
3350 4476 3364 4512 :
3385 4458 3563 4525 Neque
3592 4452 3767 4513 tamen

2200 4524 2603 4597 intelligendum
2636 4533 2742 4588 eat,
2774 4528 2916 4593 quod
2947 4532 3144 4597 sani-ti,
3173 4524 3263 4597 qui
3324 4524 3540 4583 nomine
3596 4543 3773 4582 causa:

602 4584 681 4654 (‘2)
705 4583 805 4663 Sed
834 4582 1502 4666 cogitationedistinctum.
1529 4579 1747 4666 Scilicet
1776 4597 1803 4634 ει
1833 4597 2087 4650 persona.
2121 4609 2168 4664 ι)
2194 4602 2249 4666 et
2281 4579 2491 4646 causati
2547 4579 2771 4647 utuntur
2793 4579 2862 4649 'in
2910 4579 3775 4666 divinis'personis,intendant

529 4652 621 4708 ne
638 4652 762 4721 quis
795 4656 954 4707 aliter
988 4655 1222 4719 accipiat
1247 4655 1389 4717 qitud
1423 4653 1512 4704 hic
1541 4652 1671 4705 dicit
1703 4654 2088 4719 Daiiiascenus,

531 4728 638 4779 hoc
670 4726 842 4789 ipsum
875 4725 1005 4777 dicit
1032 4728 1091 4776 δ.
1129 4721 1325 4774 Tlioin.
1361 4736 1374 4773 ι
1407 4736 1459 4788 p.
1492 4736 1549 4789 (ι.
1581 4722 1671 4785 39,
1705 4734 1809 4779 art.
1842 4724 1862 4775 Ι
1898 4742 1911 4777 :
1943 4725 2100 4776 ιιθιειι

529 4800 610 4847 tio
641 4796 805 4856 enini,
854 4794 1046 4860 inquit,
1081 4795 1144 4845 ad
1177 4801 1465 4845 essentiam
1497 4808 1815 4859 comparata
1855 4810 1958 4847 non
1993 4794 2099 4847 dif-

534 4864 641 4918 l‘ert
676 4879 754 4926 re,
795 4866 885 4916 sed
938 4867 1147 4914 ratione
1188 4872 1422 4926 tantum,
1463 4874 1733 4932 quatenus
1762 4863 1969 4917 scilicet
2011 4879 2102 4917 es-

541 4936 715 4986 sentia
746 4947 1005 4999 quantum
1032 4933 1097 4983 ad
1129 4934 1341 4983 modum
1374 4933 1733 5000 signiﬁcandi,
1766 4945 1823 4984 ut
1853 4934 1928 4986 ait
1954 4936 2094 4987 ideni

535 5003 598 5057 S.
629 5001 846 5064 Tboni.,
867 5001 1203 5067 signiﬁcatur
1235 5012 1293 5053 tit
1328 5000 1497 5055 forma
1528 5005 1688 5054 triuin
1723 5017 2099 5069 personarum,

532 5083 590 5125 et
642 5088 894 5140 persona,
945 5081 1002 5123 ιιι
1037 5072 1403 5137 particulare;
1458 5087 1769 5140 comparata
1812 5083 1992 5125 autent
2031 5081 2097 5126 ad

534 5143 836 5209 oppositam
885 5142 1223 5202 relationem,
1273 5144 1432 5193 habet
1486 5143 1688 5193 virtute
1737 5143 2098 5208 appositionis

537 5214 737 5264 t‘ealeni
779 5212 1206 5270 diminutionem,
1250 5221 1304 5263 et
1336 5212 1435 5273 sic,
1479 5212 1671 5277 inquit,
1721 5222 1964 5263 renniiict
1993 5228 2097 5265 una

533 5280 799 5339 eSsciitia,
828 5292 886 5331 et
915 5288 1026 5331 n-es
1050 5294 1316 5346 persona).
1354 5279 1539 5347 Itaque
1563 5281 1842 5333 distineiio
1876 5284 2100 5334 rationis

535 5351 733 5402 suliicit
762 5361 821 5402 ut
851 5350 1195 5415 multiplicari
1239 5353 1448 5417 possint
1493 5365 1757 5408 pcrsome,
1810 5367 1930 5418 qua:
1974 5364 2100 5404 sunt

540 5420 737 5489 alioqui
774 5434 884 5489 una
910 5420 1174 5480 essentia,
1201 5432 1256 5471 et
1286 5436 1391 5471 tioii
1425 5422 1806 5489 multiplicetur
1837 5426 2096 5474 esseniia.

537 5486 631 5541 Sic
653 5489 820 5541 etiam
871 5487 1234 5541 Dainascciins
1284 5490 1336 5541 in
1384 5492 1483 5543 hoc
1531 5486 1650 5544 loco
1694 5492 2095 5544 distinctionem

539 5559 906 5624 cogitationis,
957 5560 1071 5609 sive
1111 5559 1339 5612 rationis
1393 5566 1570 5628 posuit
1618 5563 1759 5614 inter
1804 5564 2095 5614 essentiam

540 5629 851 5679 divitiainet
884 5644 1166 5694 personas,
1208 5631 1390 5683 relicui
1422 5635 1765 5685 distinctione
1787 5634 1917 5685 l'call
1945 5636 1994 5683 in
2016 5639 2097 5685 ttt‘

543 5696 835 5768 relationes
867 5699 1195 5765 persoiialcs,
1225 5716 1361 5768 quas
1396 5704 1787 5756 noininaverat.

613 5766 687 5834 (5)
721 5766 1035 5835 (Loci/itemst
1069 5766 1303 5825 eamdim
1340 5786 1582 5826 naturain
1635 5778 1743 5826 sine
1772 5771 1882 5825 ulla
1921 5771 2098 5826 varia-

2196 4665 2568 4717 diversitatem
2619 4675 2825 4717 natura
2875 4665 3177 4728 iiiducere,’
3208 4681 3302 4723 aut
3377 4668 3570 4721 Filium
3647 4680 3770 4721 esse

2198 4742 2530 4796 creaturam,
2568 4736 2661 4785 sed
2712 4749 2809 4799 per
2869 4738 2966 4787 huc
3021 4738 3203 4792 volunt
3257 4740 3547 4792 ostendere
3596 4738 3765 4789 solani

2198 4803 2463 4868 originem
2514 4816 2891 4871 personarum.
2941 4803 3211 4861 Hactenus
3271 4808 3332 4862 S.
3372 4807 3563 4860 Thom.
3619 4808 3768 4871 Quod

2200 4886 2328 4940 ergo
2380 4872 2453 4923 ait
2501 4872 2799 4938 Gregorius
2842 4874 3137 4944 Nysseiius,
3185 4896 3251 4933 ex
3302 4877 3414 4931 sola
3473 4875 3768 4929 iliﬂereiitia

2202 4956 2379 4995 causze
2405 4950 2460 4994 et
2487 4945 2692 4995 causali
2724 4945 2778 4996 in
2817 4945 3011 4996 divinis
3056 4949 3324 5003 exsis'iere
3366 4947 3767 5001 distinctionem

2201 5024 2577 5085 personarum,
2619 5014 2909 5080 signiﬁcat,
2946 5014 3073 5085 quia
3126 5016 3285 5072 Pater
3329 5027 3411 5070 (δεῖ
3451 5017 3768 5085 Principium

2199 5080 2341 5146 Filii,
2380 5097 2473 5147 per
2507 5086 2906 5149 generaiionem
2960 5080 3197 5150 scilicet,
3222 5101 3275 5140 et
3306 5080 3465 5141 Pater
3510 5099 3575 5138 ac
3607 5080 3773 5138 Filius

2198 5152 2519 5227 principium
2560 5152 2800 5227 §piriius
2835 5160 3007 5227 sancti
3043 5173 3139 5226 per
3168 5160 3541 5227 spirationcm,
3575 5155 3772 5227 idcirco

2198 5222 2442 5284 Ρειιτθιιιν
2474 5232 2527 5274 ει
2559 5223 2779 5282 Filium.
2822 5235 2876 5276 et
2911 5222 3171 5291 Spiritum
3200 5222 3479 5283 'saiictum
3510 5225 3622 5275 suis
3651 5240 3770 5290 pro-

2198 5292 2515 5362 prietatibus
2550 5295 2922 5362 pcrsoiialibns
2957 5302 3098 5352 inter
3126 5313 3185 5351 se
3227 5298 3447 5350 realiter
3491 5295 3772 5361 distingui.

2198 5361 2439 5429 thtioil
2496 5361 2813 5416 AnaSIasius
2863 5366 3235 5422 Aiitioclienns
3290 5370 3384 5428 ait,
3448 5366 3551 5417 hoc
3598 5364 3775 5417 solum

2200 5430 2467 5503 reservari
2528 5432 2693 5494 Patri,
2726 5434 2935 5485 scilicet
2983 5437 3195 5491 Patrem
3250 5451 3392 5498 esse,
3447 5448 3572 5503 quia
3629 5434 3778 5486 soliis

2205 5500 2361 5576 Pater
2394 5502 2463 5576 sit
2497 5513 2751 5576 tamquam
2783 5518 2977 5570 causa;
3016 5509 3238 5576 perinde
3269 5520 3353 5560 eSt
3387 5500 3524 5576 ut;si_
3552 5502 3778 5576 diceret,

2204 5572 2332 5645 quia
2361 5572 2509 5625 solus
2539 5571 2789 5645 Patersu
2818 5571 3073 5642 litliqutlll
3104 5579 3426 5645 principium
3453 5572 3590 5625 Filii.
3624 5575 3782 5645 Apud

2206 5640 2430 5713 Latinos
2479 5658 2606 5695 vero
2639 5644 2899 5698 usitatum
2930 5640 3028 5701 est
3057 5640 3153 5713 pro
3188 5640 3445 5701 vocabulo
3481 5658 3657 5695 causa:
3700 5643 3784 5695 titi

2208 5712 2427 5783 iiuii_iine
2457 5712 2723 5780 principii.
2757 5714 3011 5770 Rationes
3056 5712 3186 5771 usus
3232 5719 3390 5783 llleIlS
3440 5715 3584 5768 verbi
3636 5713 3786 5767 idem

2208 5785 2267 5832 ὃ.
2290 5777 2485 5834 Τιιυιιι.
2517 5777 2719 5847 attulit;
2753 5786 2890 5855 legat
2914 5788 3003 5855 qui
3034 5777 3322 5857 ilcSiilei'at.
3763 5808 3777 5818 '
