4048 6426
288 380 400 441 9Ὗῆ

1143 368 1384 443 nscas
1418 385 1518 446 Ix.
1554 410 1616 423 —-
1645 370 1744 446 DE
1776 384 2216 450 INFINITATE
2256 392 2339 453 IN
2374 382 2541 455 nso.

3435 392 3547 460 934

291 505 341 547 ei
393 506 730 562 quaecunque
772 499 899 546 sunt
944 489 1239 548 ablationis
1290 498 1588 555 secundum
1624 508 1862 565 exsope-
1886 496 1933 558 Δ
1963 514 2094 554 sona
2120 511 2173 554 et
2205 501 2510 557 subStantia
2552 516 2657 557 non
2685 512 2811 558 sunt
2839 504 2979 559 idem
3014 504 3225 561 ratione
3250 513 3306 562 et
3333 510 3541 579 cogita-

290 587 525 639 rantiam
560 587 660 654 (I),
688 600 809 640 cum
840 586 1041 654 quibus
1071 595 1423 640 numerantur
1446 588 1624 641 omnia
1650 603 1769 657 quae
1797 589 1862 643 ad

286 678 553 732 rationem
586 692 762 732 causa:
794 678 1092 746 pertinent,
1131 680 1335 735 bonum
1393 680 1685 747 pulchrum
1719 682 1863 735 exsi-

220 818 223 823 i
287 779 463 830 stens,
492 768 788 831 viviﬁcum,
812 769 1054 836 sapiens,
1086 778 1139 823 et
1164 784 1499 838 quaecunque
1522 781 1647 824 sunt
1673 785 1736 825 ex
1764 771 1862 825 do-

286 862 375 915 nis
404 860 541 929 ejus,
566 874 688 928 qua:
723 858 1016 912 bonitatem
1045 860 1165 927 ejus
1201 861 1413 924 decent,
1444 877 1473 915 a
1510 862 1708 930 quibus
1738 877 1859 916 om-

289 953 435 1007 nium
468 953 737 1006 bonorum
777 964 940 1005 causa
966 952 1299 1015 nominatur,
1325 952 1556 1005 discreta
1584 968 1712 1015 vero
1738 961 1862 1005 sunt

288 1030 464 1097 Patris
492 1056 689 1096 nomen
725 1039 911 1107 (2),‘et
942 1054 1049 1104 res,
1087 1049 1138 1093 et
1167 1040 1288 1094 Filii
1314 1053 1363 1095 et
1396 1040 1630 1111 Spiritus
1660 1043 1860 1104 sancti,

286 1134 431 1188 nulla
472 1134 525 1187 in
558 1133 642 1188 his
676 1134 815 1186 facta
848 1132 1297 1201 reciprocatione,
1332 1144 1424 1186 aut
1465 1149 1689 1201 prorsus
1715 1148 1864 1187 com-

284 1224 555 1278 munitate
586 1224 929 1287 introducta;
967 1232 1049 1278 est
1080 1233 1339 1292 praeterea
1377 1226 1611 1278 discreta
1657 1239 1722 1279 ac
1748 1224 1863 1279 dis-

282 1318 477 1381 tincta,
505 1314 742 1382 perfecta
790 1316 932 1370 sicut
990 1316 1044 1367 in
1092 1316 1248 1370 nobis
1280 1316 1380 1385 (5).
1408 1325 1462 1369 et
1506 1315 1859 1371 immutabilis

282 1404 412 1461 Iesu
440 1406 697 1466 essentia,
728 1414 782 1461 et
803 1420 1140 1476 quaecunque
1166 1414 1293 1459 sunt
1322 1405 1573 1473 mysteria
1600 1405 1857 1460 substan-

284 1497 434 1551 tialia
465 1498 821 1553 humanitatis
855 1498 970 1567 ejus
1003 1498 1105 1567 (4).
1142 1498 1216 1551 Ex
1260 1498 1343 1553 liis
1380 1496 1722 1551 manifestum
1769 1498 1849 1560 tit,

280 1590 430 1659 quod
465 1592 519 1646 in
550 1590 838 1655 Trinitate,
862 1607 983 1662 qua:
1003 1601 1084 1646 est
1113 1605 1276 1660 supra
1309 1591 1691 1654 substantiam,
1721 1605 1846 1660 per-

1970 591 2118 645 tioue
2142 608 2158 656 ;
2192 603 2317 648 sunt
2344 603 2521 648 tamen
2545 609 2603 648 re
2624 605 2680 649 et
2705 595 3028 662 substantia,
3057 598 3313 653 similiter
3336 610 3447 654 tres
3469 600 3546 653 ili-

1962 684 2102 738 vinae
2130 672 2375 752 personae
2417 689 2559 743 inter
2589 703 2647 743 se
2681 676 3203 744 non/discernuntur
3231 708 3287 746 re
3321 704 3376 744 et
3411 695 3545 746 suli-

1960 777 2180 841 stantia,
2214 779 2307 831 sed
2341 778 2797 833 ratione'tantum
2828 789 2884 833 et
2910 782 3240 845 cogitatione
3274 782 3352 852 (ὅ)
3385 797 3401 847 ;
3448 798 3537 835 es-

1960 866 2135 919 sentia
2159 872 2303 921 enim
2333 884 2520 922 earum
2558 885 2661 922 una
2692 879 2797 934 est,
2832 872 2925 926 sed
2972 888 3079 926 non
3115 884 3197 928 est
3228 888 3414 928 earum
3450 875 3537 928 in-

1963 964 2047 1007 ter
2076 970 2134 1009 se
2185 957 2584 1024 reciprocatio;
2638 959 2842 1014 idcirco
2877 975 2982 1015 non
3032 946 3211 1029 pOtest
3254 965 3450 1016 cadere
3485 966 3538 1017 in

1964 1036 2058 1100 eas
2090 1046 2192 1100 alia
2220 1049 2509 1116 oppositio,
2545 1043 2646 1104 nis!
2673 1066 2862 1105 eorum
2891 1067 3012 1121 quae
3041 1063 3165 1108 sunt
3190 1056 3255 1109 ad
3289 1038 3539 1124 aliquid:

1962 1138 2081 1192 alia!
2113 1140 2255 1193 enim
2289 1142 2655 1208 oppositiones
2690 1158 2796 1197 non
2830 1157 3185 1200 assumuntur
3222 1149 3340 1201 sine
3370 1159 3545 1203 male-

1964 1226 2082 1293 ria,
2119 1231 2490 1299 oppositiones
2529 1246 2659 1285 vero
2706 1233 2758 1286 in
2798 1232 2862 1288 iis
2892 1249 3012 1305 quae
3044 1246 3170 1290 sunt
3201 1237 3266 1290 ad
3314 1237 3538 1305 aliquid,

1967 1322 2201 1386 quodam
2246 1322 2404 1375 modo
2443 1322 2754 1376 consistunt
2782 1337 2943 1391 supra
2977 1327 3286 1392 materiam,
3318 1328 3446 1395 quia
3486 1330 3539 1380 in

1968 1416 2071 1470 hac
2096 1414 2442 1484 appositioue
2470 1428 2574 1467 non
2619 1413 2895 1467 dirimitur
2928 1415 3224 1484 copulatio,
3254 1418 3381 1485 quia
3421 1433 3543 1475 esse

1966 1523 2155 1564 eorum
2189 1517 2274 1562 est
2307 1506 2539 1575 quodam
2579 1507 2736 1559 modo
2781 1521 2840 1561 se
2877 1508 3075 1562 habere
3106 1508 3173 1562 ad
3205 1508 3429 1577 aliquid.

1743 1732 2021 1796 Scholia.

344 1862 423 1930 (1)
461 1863 816 1935 Qiia'cunque‘
852 1869 972 1935 sunt
1018 1862 1303 1935 oblationis
1354 1867 1641 1918 secundum
1691 1881 1851 1920 exsu-
1887 1862 1929 1922 Β
1962 1871 2215 1935 tanquam
2272 1873 2424 1918 actus
2466 1861 2781 1935 “notioniilis
2824 1864 3410 1935 ⁸ειηιιῑιτιιὶιιιιγΡιιίιιί,
3480 1866 3538 1930 ιε

269 1935 589 1999 perontiom.
633 1933 769 1986 Sunt
805 1932 1116 2002 huiusmodi
1166 1936 1380 1986 nomina
1434 1950 1592 2002 supra
1628 1938 1847 1997 bonum,

271 2018 433 2067 supra
490 2002 798 2068 pulchrum,
854 2017 972 2061 quae
1027 2000 1219 2055 tollunt
1272 2003 1325 2056 in
1381 2000 1510 2056 Deo
1555 2005 1847 2057 bonitatem

273 2082 538 2129 ereatani.
574 2081 629 2122 et
675 2070 1127 2133 pulchritudinem
1185 2082 1448 2134 creatam,
1498 2081 1552 2127 et
1605 2074 1847 2126 tribuunt

274 2148 710 2207 exsuperantem,
763 2149 817 2192 et
873 2138 1197 2204 superlatam
1262 2142 1581 2203 bonitatem,
1637 2144 1849 2196 scilicet

276 2211 608 2280 incri-atani,
641 2224 762 2278 qua:
800 2209 1226 2267 vincitoriinem
1282 2211 1644 2280 cognitionem
1676 2223 1729 2265 et
1766 2212 1849 2265 in-

274 2278 649 2349 telligentiam.
1232 2340 1247 2349 ,
1356 2278 1371 2280 ⁷
1694 2280 1701 2286 '

351 2348 428 2420 (2)
486 2347 726 2400 Discreta
758 2356 881 2420 sunt
928 2363 1113 2401 nomen
1166 2347 1347 2403 Potris
1396 2364 1553 2418 supra
1592 2351 1845 2407 substan-

280 2418 419 2472 tiam
478 2425 533 2471 et
585 2431 693 2471 res.
756 2418 964 2472 Nomen
1007 2420 1186 2473 Patris
1247 2434 1407 2483 supra
1483 2422 1842 2475 substantiam

282 2488 435 2558 dicit,
469 2487 594 2555 quia
755 2488 951 2540 divinis
990 2505 1095 2543 non
1126 2488 1392 2558 signiﬁcat
1437 2490 1593 2543 nobis
1649 2506 1844 2544 nomen

286 2550 610 2619 Patris,'aut
654 2550 799 2627 Filii.
850 2559 989 2624 qsod
1045 2561 1094 2611 in
1149 2550 1416 2612 creaturis
1468 2559 1838 2627 intelligimus,

287 2641 546 2694 personas
602 2624 810 2679 scilicet
852 2641 909 2679 re
937 2636 990 2679 et
1029 2628 1332 2682 substantia
1383 2624 1684 2694 separatas.
1710 2628 1841 2682 Rem

288 2708 421 2749 vero
459 2694 633 2749 Patris
660 2704 814 2749 vocat
846 2709 950 2748 non
981 2695 1148 2760 ipsam
1182 2696 1565 2760 substantiam,
1596 2713 1716 2765 qittB
1736 2706 1848 2753 'nna

288 2773 343 2818 et
375 2765 560 2818 eadem
591 2764 645 2817 in
676 2765 873 2825 tribus.
907 2767 1000 2817 sed
1029 2781 1140 2819 rem
1169 2767 1374 2826 Patris,
1401 2777 1454 2822 et
1488 2782 1599 2819 rem
1617 2764 1767 2833 Filii,
1796 2777 1852 2822 et

287 2847 401 2904 rem
444 2833 718 2904 Spiritus
750 2834 922 2887 sancti
981 2845 1135 2888 vocat
1190 2836 1569 2903 proprietates,
1623 2851 1743 2904 quae
1797 2839 1847 2891 in

285 2902 485 2957 divinis
508 2903 754 2970 personis
773 2904 1017 2957 ordinem
1045 2902 1268 2971 originis
1297 2905 1407 2959 sive
1428 2902 1679 2972 principii
1708 2907 1851 2961 inter

283 2986 381 3026 eas
420 2972 721 3039 designant,
760 2974 902 3027 unde
951 2974 1251 3027 notionales
1305 2977 1683 3043 proprietates,
1735 2977 1850 3030 sive

284 3050 438 3095 actus
491 3042 781 3107 dicuntur;
822 3043 944 3111 quia
997 3052 1123 3097 sont
1166 3046 1379 3111 proprie
1410 3042 1693 3111 notiones,
1734 3048 1850 3101 sive

285 3111 693 3181 designationes,
728 3106 1076 3177 personarum
1104 3128 1119 3177 ;
1154 3106 1209 3166 ut
1238 3106 1512 3181 proprium
1556 3106 1735 3168 Patris
1766 3123 1849 3169 est

281 3193 543 3301 generare
601 3179 830 3244 Filium;
882 3182 1096 3249 propria
1156 3179 1248 3235 est
1297 3179 1547 3236 nativitas
1604 3182 1724 3237 Filii
1778 3183 1917 3246 exC

328 3260 476 3301 atre:
518 3260 571 3301 et
604 3252 816 3301 nronria
854 3250 1089 3301 Sniritus
1128 3252 1299 3301 sancti
1333 3254 1608 3301 processio
1639 3268 1702 3301 ex
1734 3269 1845 3301 uno

328 3260 476 3315 atre;
518 3260 571 3302 et
604 3252 816 3315 propria
854 3250 1089 3311 Spiritus
1128 3252 1299 3307 sancti
1333 3254 1608 3318 processio
1639 3268 1703 3307 ex
1734 3269 1845 3308 uno

280 3318 570 3387 principio,
597 3318 755 3371 Patre
775 3329 840 3392 _et
862 3319 1036 3392 Filio,
1073 3321 1189 3373 ha-c
1218 3322 1470 3392 dicontur
1498 3321 1685 3375 Graece
1714 3325 1847 3392 χρή·

283 3405 428 3454 ματα
458 3389 821 3457 γνωριστικὰ,
861 3389 912 3441 id
942 3399 1042 3446 est.
1081 3404 1165 3443 res
1192 3390 1303 3442 sive
1329 3401 1481 3444 actus
1511 3389 1842 3455 notionales’;

281 3472 368 3509 res
395 3472 536 3509 enim
582 3468 847 3525 quatenus
882 3459 1116 3525 pertinet
1143 3457 1208 3511 ad
1245 3458 1578 3515 relationem.
1618 3477 1845 3517 numero

281 3527 512 3601 plurium
540 3528 870 3601 praedicatur
899 3528 976 3601 in
1018 3528 1220 3601 divinis
1251 3544 1267 3589 ;
1307 3526 1365 3581 S.
1411 3528 1604 3601 Thom.
1648 3545 1663 3583 i
1701 3549 1751 3598 p.
1786 3548 1841 3601 q.

280 3598 368 3655 39,
404 3607 508 3648 art.
538 3600 590 3658 5,
615 3598 678 3649 ad
709 3597 781 3649 '5:
815 3597 872 3648 lii
899 3597 985 3651 his
1018 3597 1180 3663 igitur
1216 3612 1318 3667 non
1347 3606 1428 3650 est
1465 3597 1841 3667 reciprocatio,

282 3667 1005 3734 nequecominunitas..ncc
1039 3669 1090 3721 in
1140 3666 1270 3734 ipsis
1301 3666 1605 3722 nominibus
1641 3666 1840 3731 Patris,

279 3742 330 3784 et
365 3730 505 3795 Filii,
536 3742 587 3785 cl.
627 3736 858 3803 Spiritus
898 3737 1088 3796 sancti,
1118 3730 1215 3795 nec
1254 3736 1303 3787 in
1334 3749 1521 3788 eorum
1557 3741 1754 3802 rebus,
1791 3740 1841 3795 id

278 3812 380 3863 est,
418 3804 468 3851 in
515 3819 698 3855 eorum
747 3806 980 3861 actibus,
1015 3806 1131 3856 sive
1160 3804 1367 3864 usibus,
1396 3805 1538 3858 unde
1585 3820 1839 3864 manant:

278 3887 377 3923 nec
412 3872 554 3922 enim
587 3872 991 3944 nonien_Pati-is
1019 3875 1265 3944 convenit
1302 3872 1468 3934 Filio;
1500 3890 1675 3944 neque
1721 3878 1840 3933 Filii

278 3954 471 3993 nomen
509 3944 759 3995 convenit
794 3941 981 3996 Patri:
1019 3943 1141 4009 quia
1192 3956 1365 4010 neque
1411 3941 1676 4010 generare
1723 3945 1839 4003 Filii

273 4022 378 4069 esi,
439 4026 611 4085 neque
658 4011 903 4080 generari
960 4010 1155 4073 Patris,
1210 4011 1462 4085 similiter
1512 4014 1563 4065 in
1635 4014 1839 4085 Spiritu

273 4093 463 4135 sancto
511 4081 600 4147 qui
660 4085 727 4133 ali
774 4091 1002 4147 utroque
1033 4082 1294 4146 procedit.
1330 4082 1419 4134 Est
1444 4081 1699 4149 praeterea
1741 4089 1841 4139 ob-

272 4155 580 4205 servatione
610 4152 828 4219 dignum
864 4154 1001 4218 quod
1042 4151 1128 4219 hic
1153 4150 1226 4201 ait
1258 4149 1580 4218 Dionysius,
1608 4156 1841 4211 discreta

269 4235 393 4273 esse
450 4228 500 4274 in
557 4218 754 4274 divinis
774 4234 1005 4290 _iionien
1068 4218 1257 4279 Patris,
1293 4227 1346 4272 et
1396 4221 1701 4290 χρῆμαιίιι
1732 4236 1837 4290 est,

270 4306 424 4355 rem;
455 4301 508 4343 et
538 4304 729 4343 nomen
773 4286 914 4351 Filii,
941 4299 991 4341 et
1026 4303 1172 4352 rem;
1212 4290 1339 4341 item
1380 4286 1571 4342 nomen
1606 4286 1839 4360 Spiritus

268 4363 467 4423 sancti,
524 4370 576 4412 et
624 4374 767 4422 rein;
827 4374 949 4410 t'llln
1005 4360 1147 4410 enini
1204 4360 1352 4424 prius
1409 4362 1589 4426 posuit
1642 4376 1837 4417 nomen

268 4430 468 4492 Patris,
488 4438 546 4482 et
581 4444 771 4481 nomen
798 4426 940 4487 Filii,
976 4439 1029 4480 et
1073 4442 1266 4480 nomen
1299 4428 1533 4495 Spiritus
1559 4433 1751 4495 sancti,
1784 4442 1837 4488 et

1957 1931 2183 2006 spiratio
2202 1950 2325 2006 quae
2353 1932 2662 2006 attribuitur
2693 1931 2836 2006 Patri
2866 1943 2921 2006 ct
2946 1935 3118 2006 Filio;
3162 1934 3276 1989 sive
3298 1940 3533 2006 passive,

1958 2014 2016 2056 ιιι
2045 2004 2299 2057 nativitas
2333 2012 2484 2057 actus
2516 2002 2807 2054 notionalis
2833 2005 2923 2065 qui
2954 2001 3267 2056 attribuitur
3299 2001 3452 2068 Filio,
3480 2001 3537 2065 et

1955 2074 2231 2141 ρτιοερεείο
2267 2072 2490 2137 Spiritui
2524 2079 2749 2131 sancto;
2782 2070 3018 2137 origines
3053 2072 3195 2123 enim
3231 2080 3530 2133 secundum
3561 2122 3570 2133 .

1956 2143 2216 2194 rationem
2274 2141 2605 2209 intelligendi
2662 2151 2815 2194 extra
2855 2154 2915 2193 ea
2955 2152 3099 2210 sunt,
3133 2156 3363 2206 quorum
3402 2161 3533 2204 sum

1953 2212 2225 2282 origines:
2255 2212 2473 2282 cuni'sit
2496 2210 2671 2274 origo,
2702 2210 2927 2263 sicutait
2953 2209 3008 2263 S.
3036 2209 3355 2282 Tliotn.,via
3383 2232 3534 2282 quas-

1954 2279 2076 2332 dam
2109 2296 2136 2330 a
2169 2295 2249 2339 re,
2284 2288 2376 2333 aut
2406 2281 2468 2330 ad
2500 2294 2632 2335 rem,
2675 2289 2733 2331 ut
2778 2282 3056 2346 generatio
3092 2279 3440 2348 signiﬁcatur
3468 2298 3530 2341 ut

1958 2351 2043 2401 via
2098 2352 2341 2415 qtimdain
2388 2350 2453 2400 ad
2498 2349 2732 2417 genitum
2801 2350 3094 2416 procedens
3137 2366 3163 2402 a
3212 2365 3528 2414 generante.

1956 2417 2142 2486 Itaque
2178 2417 2465 2490 res_Pati-is
2491 2428 2866 2490 estgeiierare
2900 2420 3111 2488 (χρῆμα
3129 2420 3297 2482 enim,
3316 2431 3375 2476 ut
3399 2423 3529 2490 dixi,

1956 2503 2062 2562 rem
2116 2487 2430 2562 significat),
2469 2502 2564 2562 res
2586 2486 3084 2562 Filiiiestgeniiuui
3105 2504 3258 2562 esse;
3291 2505 3376 2543 res
3409 2486 3531 2562 Spi;
3588 2554 3595 2561 _

1958 2557 2092 2609 ritus
2142 2558 2314 2610 sancti
2370 2559 2682 2621 procedere.
2721 2556 2811 2609 Sic
2840 2555 3155 2621 'Gregorius
3196 2561 3245 2609 in
3280 2555 3530 2618 oratione

1953 2627 2125 2693 prima
2166 2628 2231 2678 de
2279 2626 2413 2678 Filio
2449 2644 2462 2679 :
2509 2626 2579 2677 Ex
2617 2641 2720 2677 non
2771 2626 3017 2689 habente,
3053 2626 3246 2691 inquit,
3281 2643 3525 2691 causam,

1955 2696 2161 2759 idest,
2190 2711 2252 2748 ex
2313 2694 2470 2750 Patre
2521 2696 2729 2747 accedit
2780 2710 2865 2746 res
2920 2698 3237 2759 nativitatis,
3271 2698 3336 2751 de
3391 2698 3529 2756 Filio

1954 2757 2209 2841 loquitur,
2265 2766 2843 2841 Rpéyttq‘YSV‘tﬁ-O'Ew;
2872 2769 3101 2841 vocavit,
3131 2757 3271 2835 quod
3327 2766 3528 2841 Diony-

1953 2832 2066 2885 sius
2096 2832 2319 2903 χρῆμα(
2340 2832 2619 2901 Signiﬁcat
2641 2833 2803 2903 etiam
2837 2836 3070 2903 πρᾶγμα
3095 2832 3276 2889 actum
3303 2851 3332 2889 a
3366 2832 3529 2892 verbo

1952 2901 2217 2969 apem),
2242 2908 2382 2957 unde
2416 2916 2562 2957 recte
2592 2902 2822 2968 theologi
2862 2901 3038 2956 Latini
3087 2914 3266 2958 actum
3308 2918 3524 2970 vocant,

1951 2973 2094 3039 quod
2116 2972 2293 3027 Graeci
2312 2973 2615 3043 remLidem
2645 2971 2784 3043 enim
2816 2979 3035 3043 verlnim
3056 2976 3290 3043 πρᾶγμα
3320 2985 3530 3030 utrum-

1952 3058 2057 3109 que
2102 3043 2392 3109 signilicat.
2428 3041 2539 3095 Hoc
2594 3040 2808 3102 notavi,
2844 3042 2969 3107 quia
3001 3040 3112 3095 non
3141 3040 3331 3111 parum
3363 3046 3529 3102 refert

1953 3111 2215 3180 vocabula
2251 3112 2463 3180 propria
2495 3111 2724 3177 alicujus
2752 3111 2991 3180 scientiae
3026 3113 3242 3166 callere.

2021 3180 2095 3249 (5)
2130 3178 2369 3249 Perfecto
2422 3182 2559 3235 sicut
2601 3181 2653 3232 in
2702 3178 2871 3239 nobis,
2919 3189 2969 3233 et
3012 3182 3358 3236 immutabilis
3390 3183 3516 3239 lem

1947 3250 2197 3321 essentia.
2244 3251 2545 3305 Perfeclam
2575 3252 2704 3304 dicit
2734 3256 2924 3321 contra
2955 3250 3364 3321 Apollinarium,
3395 3257 3523 3321 quia

1946 3318 2136 3372 habuit
2171 3334 2367 3387 corpus
2412 3322 2695 3388 praeditum
2732 3333 2778 3369 aa
2805 3316 2912 3371 ima
2945 3320 3187 3373 rationali
3232 3334 3285 3377 et
3326 3316 3525 3378 intelli-

1946 3399 2125 3457 gente,
2172 3391 2311 3442 sicut
2359 3405 2457 3443 nos
2527 3390 2822 3451 habemus;
2878 3388 3268 3444 immutabilem
3331 3404 3521 3448 contra

1946 3458 2082 3510 alios
2118 3460 2421 3519 luereticos,
2475 3459 2565 3525 qui
2616 3460 2870 3509 dixerunt
2924 3467 3172 3511 naturain
3222 3462 3518 3515 humanam

1944 3528 2013 3597 ab
2044 3528 2159 3594 ipso
2191 3528 2458 3597 principio
2508 3528 2723 3582 nnionis
2752 3526 2949 3597 vietam
3006 3542 3125 3583 esse
3153 3543 3183 3582 a
3225 3531 3427 3592 divina,
3466 3543 3521 3587 et

1945 3596 2145 3658 factam
2180 3594 2667 3665 incOi-riiptiliileni,
2691 3594 2831 3667 quod
2855 3608 2971 3649 erat
2998 3613 3197 3665 negare
3228 3600 3510 3654 veritatem

1946 3667 2195 3736 humanae
2234 3674 2469 3736 naturas.
2522 3668 2766 3733 negando
2815 3669 3201 3734 proprietatem
3234 3669 3351 3736 ejus
3380 3686 3395 3735 ;
3429 3671 3516 3725 hic

1944 3736 2039 3787 fuit
2072 3733 2314 3788 Julianus
2348 3734 2809 3799 Halicarnasseus.

2017 3806 2093 3873 (4)
2130 3804 2385 3873 Mysterio
2412 3804 2797 3858 substantia/ia
2826 3807 3174 3860 [inmanitatis
3203 3808 3338 3875 ejus.
3375 3808 3519 3860 Sub-

1946 3874 2215 3946 stantial‘ia
2247 3876 2395 3946 dicit,
2423 3876 2753 3946 quiasitire,
2790 3876 3019 3939 esurire,
3058 3874 3377 3946 defatigari,
3401 3877 3519 3930 vul-

1951 3944 2152 4004 nerari,
2185 3954 2243 3995 et-
2287 3944 2488 4012 reliqua
2525 3943 2788 4010 ejusmodi
2826 3960 2948 4001 vere
2997 3960 3187 4012 passus
3222 3943 3305 3998 est
3341 3944 3511 4012 ,Cliri-

1942 4024 2084 4075 Stus,
2137 4024 2190 4065 et
2270 4028 2376 4065 non
2431 4014 2773 4079 phantastiee
2828 4017 3120 4069 secundum
3203 4017 3511 4081 haereticos,

1941 4084 2189 4148 quamvis
2240 4081 2325 4134 ha:
2374 4085 2651 4150 passiones
2683 4092 2929 4137 naturain
2961 4083 3201 4136 divinam
3238 4100 3346 4139 non
3378 4088 3511 4139 atti-

1942 4160 2157 4219 gerunt,
2185 4167 2306 4205 cum
2361 4162 2502 4205 esset
2542 4153 2742 4219 alioqui
2798 4155 2851 4206 in
2907 4154 3095 4207 cadent
3155 4155 3512 4221 hypostasi,a

1940 4234 2044 4287 qua
2094 4237 2199 4273 non
2228 4222 2516 4292 iiliﬂcrebat
2544 4225 2664 4292 nisi
2715 4226 2924 4276 ratione
2982 4232 3190 4274 tantum
3229 4233 3282 4276 et
3313 4227 3518 4292 cogita-

1944 4292 2124 4361 tione;
2150 4291 2454 4361 hnjusniodi
2482 4291 2641 4344 etiam
2669 4303 2791 4347 sunt
2818 4292 3096 4344 ambulare
3118 4308 3283 4361 super
3318 4291 3512 4355 undas,
3594 4311 3604 4320 υ

1941 4359 2149 4427 ingredi
2200 4374 2295 4427 per
2337 4359 2557 4427 januam
2612 4361 2849 4415 clausam
2904 4364 2969 4413 ad
3017 4359 3345 4429 discipulos;
3401 4363 3515 4416 lucc

1940 4443 2084 4481 enim
2140 4435 2395 4483 miracula
2448 4445 2543 4497 per
2592 4446 2808 4485 carnem
2851 4442 3109 4499 operatus
3136 4442 3220 4485 est
3248 4433 3508 4486 Christus

308 4509 454 4552 ostea
507 4506 746 4551 sccunlo
805 4496 924 4549 loco
992 4499 1169 4564 posuit
1214 4498 1421 4566 χρῆμα,
1455 4498 1505 4550 id
1557 4510 1660 4564 est,
1721 4517 1832 4556 rein

267 4514 469 4619 gairis.
515 4584 636 4619 una:
676 4576 757 4619 est
807 4580 1087 4619 aenerare.
1122 4578 1175 4619 et
1228 4582 1339 4617 rem
1397 4565 1540 4619 Filii.
1588 4556 1710 4619 una:
1752 4585 1836 4619 esi

1949 4512 2036 4552 sua
2063 4499 2369 4553 divinitate.

1994 4567 2070 4619 (ὅ)
2112 4568 2364 4619 Similiter

314 4572 469 4632 atris,
515 4584 636 4636 quae
676 4576 757 4619 est
807 4580 1087 4632 generare,
1122 4578 1175 4619 et
1228 4565 1339 4617 rem
1397 4565 1540 4629 Filii,
1588 4565 1710 4636 qua:
1752 4585 1836 4626 est

267 4635 541 4705 generari,
569 4649 625 4690 et
645 4650 758 4688 rem
787 4635 1240 4705 Spiriius_sancti,
1266 4651 1383 4702 qua}
1407 4646 1491 4689 est
1521 4635 1829 4704 precedere,

266 4702 427 4776 plane
465 4710 648 4760 docuit
680 4707 732 4757 id
761 4703 988 4776 quails.
1022 4702 1215 4755 Thom.
1252 4706 1414 4776 etiam
1449 4702 1643 4771 tradit,
1680 4702 1833 4776 prius

264 4774 325 4830 et
350 4778 693 4845 piiuetpaliiis
720 4774 1014 4845 secundum
1041 4779 1261 4826 modum
1293 4775 1618 4845 intelligendi
1638 4774 1833 4832 dismi-

264 4844 363 4918 ειη
412 4850 725 4915 bypostases
777 4844 988 4897 divinas
1042 4858 1138 4911 per
1169 4844 1475 4918 relationes,
1532 4860 1692 4918 quam
1738 4865 1833 4916 per

262 4915 540 4986 origines,
592 4922 706 4970 sive
745 4922 897 4967 actus
955 4915 1287 4986 notionales,
1336 4929 1473 4979 quos
1540 4915 1831 4986 Dionysius

262 4983 593 5054 signiﬁcavit
625 4987 843 5038 nomine
873 4985 1171 5054 χρήματος.
1210 4983 1482 5050 liiterpres
1514 4983 1832 5042 vetus'liio-

263 5053 436 5127 misit,
466 5071 625 5127 quem
674 5060 892 5107 sanctus
921 5053 1164 5127 'l‘tionias.
1193 5055 1397 5127 habuit,
1430 5055 1592 5106 vertit
1626 5058 1831 5127 χρῆμα

262 5115 454 5193 nsunt,-
566 5115 758 5178 Tbout.
779 5139 931 5176 usuin
953 5126 1178 5175 mutavit
1197 5123 1248 5175 in
1285 5131 1459 5175 actum
1478 5135 1528 5176 et
1554 5115 1828 5191 originem,

262 5198 692 5267 diSiinguuntur,
730 5196 971 5262 inquam,
1023 5194 1206 5260 prius,
1239 5203 1296 5267 et
1354 5195 1700 5260 prtiicipaltns
1739 5213 1832 5263 pei-

264 5264 590 5330 relationes,
644 5282 803 5334 quain
859 5279 954 5331 per
1022 5264 1324 5316 notionales
1381 5268 1652 5331 origines;
1704 5281 1829 5325 uina

210 5366 215 5369 -
264 5338 558 5394 relationes
606 5344 934 5389 constituunt
1007 5346 1287 5398 personas,
1339 5347 1459 5386 cuin
1531 5335 1640 5387 sint
1709 5350 1833 5402 ipsa:

266 5410 567 5465 relationes
602 5419 846 5474 persona:
877 5403 1233 5456 subsistentes
1270 5418 1285 5455 :
1321 5417 1476 5456 actus
1508 5418 1635 5457 vero
1660 5419 1834 5458 notio-

267 5481 443 5540 iiales,
477 5478 604 5531 licet
650 5478 758 5530 sint
812 5474 949 5527 idem
984 5486 1042 5525 re
1066 5488 1184 5525 cuiu
1246 5475 1618 5536 relationibus,
1652 5486 1831 5527 tamen

267 5550 567 5608 secundum
626 5546 842 5598 modqu
893 5542 1230 5611 sigmliCandi
1266 5554 1320 5598 et
1356 5543 1692 5611 intelligendi
1727 5560 1832 5597 non

267 5620 604 5678 constituunt
649 5628 949 5685 personas,
985 5628 1120 5685 cuni
1165 5614 1276 5666 sint
1327 5618 1565 5682 origines
1608 5630 1832 5676 earum,

264 5698 383 5749 site
437 5691 589 5758 origo
636 5682 965 5755 signiﬁcetur
1020 5682 1227 5747 active,
1279 5693 1335 5738 ut
1384 5687 1664 5752 generatio
1714 5700 1834 5752 quae

1994 4567 2070 4637 (ὅ)
2112 4568 2364 4623 Similiter
2387 4578 2488 4622 tres
2526 4568 2718 4622 divina?
2748 4585 2980 4637 persona:
2997 4570 3196 4623 interse
3211 4584 3311 4621 non
3327 4569 3513 4622 distiu-

1936 4646 2170 4706 guuntur
2192 4654 2266 4700 re,
2285 4649 2333 4692 et
2361 4641 2679 4704 substantia,
2705 4642 2793 4691 sed
2814 4644 3019 4693 ratione
3040 4647 3264 4699 tantum,
3295 4648 3344 4690 et
3371 4640 3515 4705 cogi-

1937 4710 2150 4760 tatione.
2177 4709 2458 4772 Quatenus
2487 4710 2691 4763 scilicet
2725 4723 2833 4762 tres
2861 4712 3055 4762 divinae
3091 4721 3333 4776 personae
3371 4708 3508 4760 idem

1936 4791 1995 4829 re
2025 4787 2078 4829 et
2115 4777 2417 4830 substantia
2459 4786 2605 4840 sunt,
2653 4780 2733 4831 sic
2767 4781 2908 4831 enim
2959 4793 3062 4829 non
3099 4776 3511 4846 disﬁngnuntnr

1936 4846 2077 4898 inter
2104 4860 2165 4900 se
2196 4847 2297 4898 nisi
2334 4847 2542 4899 ratione
2591 4859 2818 4909 tantum,
2865 4857 2917 4898 et
2950 4847 3309 4913 cogitatione;
3368 4846 3510 4900 idem

1933 4918 2170 4968 al’lirmat
2228 4915 2285 4969 S.
2332 4916 2521 4968 'l'hom.
2579 4931 2618 4979 i,
2668 4931 2798 4985 p.q.
2836 4915 2926 4978 59,
2971 4933 3072 4969 art.
3110 4932 3148 4980 i,
3193 4916 3283 4969 ad.
3323 4930 3360 4978 i,
3390 4930 3511 4967 enni

1934 4988 2069 5038 dicit
2102 5004 2116 5039 :
2144 4985 2451 5039 Relatioues
2482 4986 2612 5054 ipsa:
2635 5002 2737 5037 non
2766 4990 3169 5055 distinguuntur
3193 4985 3511 5039 adinvicem

1935 5060 2235 5110 secundum
2267 5059 2406 5124 quod
2439 5067 2568 5108 sunt
2602 5057 2740 5109 idem
2800 5058 3025 5109 realiter
3083 5070 3204 5108 cum
3253 5056 3511 5119 essentia,

1936 5126 2226 5179 relationes
2261 5139 2439 5178 autem
2481 5127 2619 5179 idem
2647 5136 2767 5180 sunt
2811 5142 2869 5180 re
2920 5142 3042 5178 cum
3075 5127 3342 5193 personis.
3370 5125 3515 5189 Qua-

1938 5205 2093 5247 tenus
2157 5212 2283 5249 vero
2337 5198 2648 5255 relationes,
2681 5211 2802 5263 qua:
2851 5197 2904 5248 in
2950 5198 3147 5249 divinis
3174 5207 3299 5249 sunt
3330 5212 3425 5263 per
3454 5208 3514 5247 se

1935 5266 2328 5330 subsistentes,
2377 5269 2769 5334 appositionem
2836 5265 3035 5320 habent
3107 5268 3171 5317 ad
3242 5269 3513 5327 invicem,

1938 5336 2208 5388 distincta:
2245 5338 2461 5389 realiter
2508 5346 2654 5400 sunt,
2695 5346 2750 5389 et
2782 5351 3040 5404 personas
3072 5337 3288 5389 realiter
3318 5337 3510 5388 distin-

1937 5415 2127 5470 guunt,
2156 5415 2211 5458 et
2256 5422 2360 5458 una
2412 5421 2641 5474 persona
2683 5422 2786 5458 non
2823 5415 2906 5458 est
2943 5406 3082 5467 alia;
3123 5409 3224 5474 lioc
3250 5406 3393 5458 enim
3424 5410 3506 5455 est

1936 5483 2079 5540 quod
2129 5478 2208 5527 ait
2254 5478 2341 5529 tne
2390 5472 2580 5530 auctor
2613 5490 2733 5528 cum
2767 5476 3013 5528 doctrina
3045 5476 3104 5529 S.
3136 5472 3356 5527 Tlioinm
3381 5486 3514 5525 con-

1937 5555 2215 5614 sentiens,
2250 5550 2344 5600 sed
2392 5563 2579 5599 earum
2629 5546 2837 5599 seilicet
2886 5560 3238 5614 personarum
3285 5558 3389 5595 non
3431 5548 3516 5614 est

1937 5613 2081 5668 inter
2115 5632 2176 5669 se
2216 5618 2593 5684 reciprocatio,
2619 5610 2903 5686 quatenus
2920 5617 3131 5671 scilicet
3163 5613 3214 5666 in
3245 5627 3338 5668 cas
3369 5610 3517 5665 cadit

1938 5688 2206 5754 oppositio
2233 5688 2577 5741 relationuin.
3114 5716 3124 5724 -

2496 5835 2521 5853 κ
