4048 6426
508 367 618 450 93‘s

1105 494 1342 552 CAPUT
1394 494 1457 548 V.

506 630 662 696 Quod
704 631 755 684 in
813 628 1072 684 Trinitate
1115 630 1400 699 ingenitum
1450 647 1612 698 neque
1653 616 1951 687 substantia
1981 642 2080 696 est,

577 701 1064 770 neqneprnprietas
1098 700 1332 764 persona:
1367 701 1459 754 Dei
1487 701 1702 764 Patris;
1735 720 1824 755 nec
1878 707 1930 756 in
1967 705 2084 770 ipsa

574 781 652 820 est
710 768 857 821 aliud
909 771 1222 836 principium
1269 770 1386 834 fons
1421 771 1580 824 totius
1634 772 1946 834 divinitatis.
1982 768 2086 827 nisi

577 839 723 912 solas
766 838 925 912 Pater
958 855 976 891 :
1010 856 1101 891 nec
1149 839 1258 912 alia
1287 841 1398 892 alia
1445 842 1728 901 uaturaiis,
1769 853 1819 894 et
1872 847 2086 912 propria

576 909 888 962 substantiis
911 918 1156 966 potestas.
1180 910 1288 962 sive
1318 912 1508 972 virtus,
1529 922 1577 964 et
1609 909 1898 973 divinitas,
1929 909 2086 978 atque

573 977 807 1051 ener’gia,
862 981 972 1051 sive
1006 979 1243 1051 operatio
1279 995 1345 1033 ea:
1386 978 1600 1051 ittﬁrtjta
1637 999 1698 1034 ac
1735 981 1915 1036 divina
1968 977 2091 1037 sab-

574 1049 773 1100 stantia
820 1049 1106 1116 prodictus,
1163 1049 1264 1101 nisi
1318 1048 1460 1103 solus
1493 1048 1700 1118 Filius,
1749 1061 1802 1106 et
1858 1052 2088 1119 Spiritus

574 1127 811 1169 sanctus.

575 1224 802 1295 Magnus
839 1219 1091 1289 Basilius,
1128 1227 1180 1282 in
1206 1230 1453 1284 set-nudo
1475 1228 1681 1286 Contra
1714 1227 2035 1287 Eunomium
2070 1247 2090 1288 :

503 1315 930 1382 lumrmgemUS.
964 1319 1138 1386 inquit
1163 1359 1179 1383 ,
1214 1313 1562 1384 Ennomium,
1603 1335 1804 1394 quanta
1837 1320 2093 1384 mengum

505 1403 806 1472 ingenitum
855 1426 882 1462 a
929 1411 1110 1478 genito
1140 1414 1434 1466 discretum
1476 1424 1583 1477 est,
1615 1416 1878 1486 numquid
1926 1432 2092 1487 parva

507 1500 751 1568 quadam
795 1508 856 1554 'et
913 1510 1083 1561 tanta.
1125 1511 1185 1555 ut
1214 1505 1427 1571 possint
1458 1505 1750 1574 aliquando
1774 1510 1828 1561 in
1859 1509 2093 1578 idipsum

506 1590 652 1642 inter
681 1604 740 1642 se
771 1590 1083 1644 conterere?
1113 1607 1178 1644 an
1205 1591 1311 1646 hoc
1345 1593 1588 1649 funditus
1616 1595 1731 1650 ﬁeri
1761 1612 1868 1651 non
1897 1607 2095 1667 potest,

506 1689 564 1734 et
623 1682 793 1736 multo
850 1685 1056 1747 minus,
1093 1700 1254 1752 quam
1306 1689 1556 1741 eumdem
1611 1689 1772 1742 simul
1801 1690 2004 1755 vivere,
2041 1699 2099 1747 et

508 1779 778 1825 mortuum
826 1788 968 1835 esse,
1002 1785 1054 1826 et
1083 1773 1332 1828 eumdem
1380 1776 1541 1830 simul
1597 1777 1650 1830 in
1709 1781 1900 1832 eadem
1943 1790 2098 1849 parte

507 1879 702 1917 Sanum
735 1877 876 1924 esse,
912 1866 966 1918 et
993 1876 1278 1936 aegrotare,
1309 1876 1366 1921 et
1397 1868 1624 1938 vigilare
1658 1871 1847 1936 simul,
1888 1882 1943 1927 et
1968 1872 2098 1926 dor-

512 1957 686 2010 mire?
717 1945 868 2012 Talia
898 1960 1048 2012 enim
1083 1970 1232 2022 sunt,
1265 1975 1624 2029 quacumque
1677 1977 1889 2017 summa
1922 1979 2096 2034 Oppo-

506 2049 708 2104 sitinue
750 2050 850 2103 sibi
888 2051 1028 2104 inter
1056 2066 1114 2104 se
1147 2052 1393 2122 opposita
1419 2061 1568 2119 sunt,
1602 2063 1659 2108 ut
1691 2054 1922 2108 alterum
1973 2072 2098 2110 cum

508 2140 676 2200 adsit,
714 2154 935 2193 necesse
969 2140 1039 2192 sit
1072 2141 1298 2193 alterum
1339 2143 1553 2208 abesse,
1587 2159 1705 2210 qua:
1737 2154 1928 2198 natura
1972 2159 2102 2208 sunt

506 2233 735 2285 omnino
768 2234 1148 2300 repugnantia,
1173 2237 1228 2288 et
1260 2233 1670 2290 incohati-entia.
1702 2232 1770 2289 Et
1809 2237 1860 2289 in
1905 2247 2102 2307 quarto

510 2325 652 2376 libro
726 2331 915 2378 centra
973 2326 1221 2378 eumdem
1277 2342 1292 2378 :
1355 2325 1684 2395 Ingenitum,
1750 2327 1958 2397 inquit,
2018 2331 2100 2382 vel

507 2417 815 2472 substantia
881 2427 1004 2476 est,
1068 2417 1154 2470 'vel
1206 2419 1500 2483 accidens;
1559 2419 1692 2472 nihil
1750 2425 1896 2473 enim
1955 2421 2099 2475 aliud

464 2527 477 2538 -
509 2515 676 2560 restat
711 2515 909 2576 pra'ter
943 2509 1094 2574 hac;
1132 2509 1221 2575 qui
1257 2509 1418 2578 igitur
1457 2510 1510 2563 in
1541 2521 1776 2579 utroque
1807 2514 2100 2565 absurdum

511 2599 912 2654 demonstravit
944 2601 998 2653 in
1036 2600 1100 2653 iis
1119 2609 1238 2670 qtue
1260 2602 1516 2670 deinceps
1551 2613 1875 2670 sequuntur,
1906 2619 2099 2656 rursus

507 2689 564 2744 in
592 2691 835 2745 secundo
867 2691 1022 2756 dixit,
1055 2703 1278 2759 prorsus
1309 2692 1525 2746 reticeri
1557 2694 1607 2746 in
1643 2689 1916 2746 Trinitate
1947 2698 2102 2763 inge-

507 2781 683 2836 nitum
713 2792 936 2850 propter
959 2765 1285 2838 Arianorum
1315 2784 1666 2850 imperitiam.
1694 2787 1828 2840 Cum
1854 2785 1938 2840 his
1961 2801 2096 2840 con-

508 2881 712 2927 sonant
767 2888 887 2939 qnte
943 2865 1244 2942 Gregorius
1291 2874 1569 2945 Nysscnns
1621 2876 2103 2945 dixit.Gregorius

509 2962 844 3033 Tlteologns,
890 2964 1032 3018 libro
1071 2965 1246 3034 primo
1297 2965 1372 3017 De
1428 2963 1570 3020 Filio
1604 2983 1622 3019 :
1659 2966 1942 3032 Quomodo
1979 2971 2105 3023 sub-

511 3056 769 3109 stantiam
827 3054 920 3107 Dei
971 3054 1108 3108 dteis
1150 3068 1257 3106 non
1303 3054 1628 3122 positionem
1665 3053 1785 3119 eius
1819 3055 1964 3124 quod
1993 3065 2102 3119 est,

513 3147 608 3201 sed
652 3145 986 3212 ablutionem
1039 3145 1156 3213 ejus
1191 3147 1334 3214 quod
1371 3161 1475 3197 non
1518 3144 1642 3199 est?
1676 3143 1915 3199 Verbum
1953 3147 2098 3201 enim
2133 3177 2176 3237 ο

515 3237 757 3292 declarat
782 3252 886 3289 non
911 3251 1034 3290 esse
1057 3237 1103 3289 ei
1133 3238 1579 3302 generationem;
1611 3252 1714 3290 non
1749 3246 1928 3289 autem
1959 3240 2105 3305 quod

515 3327 815 3380 secundum
879 3336 1127 3379 naturam
1177 3334 1284 3388 eSt,
1334 3326 1694 3390 demonstrat,
1731 3344 1907 3398 neque
1959 3331 2104 3400 quod

513 3427 619 3482 est,
647 3433 750 3472 non
778 3419 982 3472 habens
1025 3417 1458 3482 generationem.
1490 3418 1620 3484 Quae
1654 3421 1817 3489 igitur
1849 3422 2105 3476 sanIan-

517 3509 592 3563 tia
639 3508 771 3562 Dei?
809 3509 1074 3563 Amentia';
1116 3521 1221 3563 tuae
1256 3519 1342 3563 est
1393 3509 1496 3563 hoc
1529 3510 1733 3576 dicere,
1766 3513 1857 3580 qui
1888 3515 2104 3568 curiose

514 3600 679 3653 etiam
713 3598 944 3668 inquiris
973 3600 1404 3671 generatimem,
1441 3601 1596 3654 nobis
1653 3618 1785 3657 vt-ro
1845 3616 2100 3671 magnum

514 3700 620 3768 est,
669 3691 714 3745 si
777 3691 996 3761 quando
1053 3692 1272 3746 tandem
1327 3704 1382 3744 et
1426 3693 1477 3746 in
1511 3702 1788 3762 posterum
1831 3698 2102 3752 discamus

517 3781 780 3836 dissoluta
839 3781 1072 3851 caligine
1115 3789 1171 3837 et
1213 3782 1611 3851 crassitudine,
1661 3789 1802 3841 sicut
1853 3789 2104 3858 promisit

515 3874 609 3942 qui
647 3873 865 3928 metttiri
896 3890 1000 3928 non
1054 3882 1254 3943 potest.
1299 3874 1414 3930 Hoc
1453 3876 1620 3946 igitur
1672 3878 2005 3948 intelligatur
2047 3891 2103 3933 et

513 3975 767 4035 speretur
799 3968 867 4020 ab
917 3966 986 4022 iis
1016 3967 1108 4036 qui
1141 3967 1206 4018 ad
1241 3967 1343 4020 hoc
1365 3976 1529 4022 erunt
1565 3970 1773 4037 purgati
1809 3987 1824 4024 :
1851 3985 1948 4025 nos
1973 3985 2101 4026 vero

518 4060 623 4112 hoc
663 4072 851 4125 parum
887 4056 1069 4112 dicere
1097 4059 1416 4122 audeamus,
1453 4062 1597 4126 quod
1627 4058 1674 4114 si
1710 4075 1898 4128 magna
1930 4060 2100 4130 gloria

517 4161 605 4204 est
638 4149 782 4205 Patri
807 4163 873 4202 ex
905 4149 1053 4202 nullo
1086 4149 1323 4216 prodire,
1358 4164 1462 4203 non
1494 4151 1672 4203 minor
1696 4163 1778 4206 est
1807 4151 1942 4206 Filio
1972 4169 2098 4222 pro-

519 4238 689 4292 ticisci
721 4253 787 4292 ex
825 4238 916 4292 tali
951 4236 1152 4302 Patre;
1179 4237 1407 4306 gloriam
1435 4239 1579 4293 enim
1607 4241 1726 4310 ejus
1749 4241 1837 4308 qui
1874 4255 2098 4297 causam

518 4343 629 4394 non
681 4327 870 4387 habet.
923 4327 1356 4396 participaverit,
1407 4329 1533 4395 quia
1587 4343 1654 4383 ex
1706 4343 1815 4383 non
1869 4329 2100 4386 habente

517 4434 742 4475 causam
794 4420 938 4472 inest
982 4419 1030 4472 ei
1084 4419 1197 4486 ipsa
1245 4433 1334 4472 res
1363 4418 1664 4473 nativitatis
1695 4426 1866 4486 tanta,
1897 4429 1954 4475 et
1989 4432 2097 4476 tam

1673 374 2006 448 JOANNIS
2045 367 2615 447 cvmnissturs

2110 499 2156 555 Δ
2185 496 2306 551 dem
2339 497 2480 552 idem
2510 512 2570 549 es
2598 509 2720 549 cum
2767 491 2861 545 illo
2911 490 3208 544 secundum
3259 483 3614 542 substantiam
3661 469 3779 558 (a)?

3662 351 3774 435 9s

2187 587 2267 641 An
2295 587 2474 654 potius
2499 587 2690 655 liquet,
2715 583 2862 653 quod
2895 588 3148 635 manente
3171 579 3499 647 proprietate
3526 578 3776 638 inmota.

2185 693 2492 745 quaeremus
2556 676 2920 733 substantiam
2980 671 3096 738 Dei,
3129 685 3250 740 quin
3308 670 3522 723 tandem
3569 679 3672 734 est,
3717 668 3768 723 si

2189 779 2367 824 tamen
2402 785 2728 839 quaeremus,
2765 766 2908 835 quod
2942 778 3071 817 vero
3101 778 3206 817 non
3244 763 3354 815 sint
3387 763 3528 813 idem
3570 761 3775 829 ingeni-

2188 871 2304 917 tum
2325 872 2380 916 et
2410 861 2570 926 Deus,
2595 863 2670 915 sic
2696 861 2892 914 disces.
2925 857 2981 912 Si
3026 858 3167 911 idem
3191 863 3357 913 esset,
3387 853 3690 922 oportebat,
3719 839 3783 903 ut

2198 954 2328 1020 quia
2381 957 2522 1007 Dens
2559 952 2865 1018 aliquorum
2928 948 3069 1003 Deus
3116 958 3235 1010 est,
3277 946 3573 1008 ingenitum
3607 945 3772 998 etiam

2191 1046 2497 1113 aliquorum
2551 1052 2697 1097 esset
2755 1040 3085 1111 ingenitum;
3125 1045 3219 1090 aut
3274 1037 3398 1106 quia
3458 1035 3654 1090 nullius
3697 1045 3787 1089 est

2193 1137 2518 1204 ingenitum,
2576 1149 2752 1204 neque
2813 1133 2979 1187 Deum
3038 1145 3162 1186 esse
3214 1130 3519 1199 aliquorum
3580 1127 3782 1180 Deum:

2193 1242 2314 1296 quae
2342 1231 2484 1281 enint
2515 1230 2738 1280 Omnino
2768 1233 2892 1278 sunt
2931 1225 3142 1284 eadem,
3177 1223 3368 1276 eodem
3416 1221 3581 1272 etiam
3619 1219 3790 1272 modo

2195 1318 2527 1382 elfcruutur;
2583 1316 2732 1385 atqui
2802 1329 2909 1368 non
2983 1325 3069 1367 est
3130 1312 3435 1379 aliquorum
3485 1310 3785 1381 ingenitum

2199 1410 2454 1479 (quorum
2499 1407 2644 1461 enim
2687 1404 2856 1474 es”),
2887 1403 3030 1458 Deus
3085 1417 3216 1457 vero
3275 1402 3587 1470 aliquorum
3641 1400 3786 1454 Deus

2196 1511 2319 1559 est,
2355 1508 2438 1552 est
2483 1499 2626 1552 enim
2668 1499 2939 1559 omnium,
2973 1494 3246 1563 quomodo
3293 1493 3456 1562 igitur
3491 1492 3592 1546 erit
3641 1490 3786 1545 idem

2201 1591 2364 1657 Deus,
2397 1597 2453 1644 et
2485 1587 2828 1658 ingenitum?
2857 1586 2924 1641 Et
2959 1601 3174 1650 rursus,
3206 1585 3366 1650 Quia,
3401 1584 3599 1652 inquit,
3628 1583 3784 1652 inge-

2200 1687 2395 1748 nitum,
2428 1693 2480 1737 et
2515 1683 2756 1754 genitum
2798 1680 3076 1736 contraria
3105 1686 3233 1734 sunt
3260 1678 3401 1731 inter
3427 1691 3507 1741 se,
3545 1687 3604 1730 ut
3631 1675 3783 1728 habi-

2205 1785 2309 1839 tus,
2341 1786 2398 1828 et
2426 1775 2505 1842 pri
2519 1773 2779 1837 rationes,
2811 1787 3038 1826 necesse
3063 1779 3147 1826 est
3180 1781 3237 1824 ut
3267 1769 3583 1825 substantia:
3614 1769 3782 1823 intro-

2203 1867 2475 1922 ducantur
2525 1865 2668 1919 inter
2718 1880 2780 1920 se
2831 1863 3160 1927 contrariae,
3218 1853 3364 1931 quod
3415 1861 3629 1930 quidem
3675 1872 3780 1915 non

2204 1957 2525 2011 conceditur
2557 1972 2572 2019 ;
2614 1966 2708 2009 aut
2749 1955 2874 2024 quia
2905 1969 3118 2014 rursus,
3143 1953 3351 2021 priores
3384 1961 3504 2005 sunt
3547 1951 3780 2018 habitus;

2204 2064 2368 2118 quam
2419 2047 2781 2117 privationes,
2828 2057 2882 2101 et
2923 2045 3142 2100 habitus
3174 2045 3370 2098 tollunt
3418 2043 3548 2111 ipsa:
3603 2043 3783 2110 priva-

2212 2140 2410 2204 tiones,
2461 2153 2571 2192 non
2634 2136 2807 2191 solum
2872 2135 3236 2202 antiquiorem
3302 2131 3781 2200 esse_'substantia

2207 2231 2386 2287 Patris
2421 2230 2783 2284 substantiam
2831 2227 2998 2294 Filii,
3030 2227 3124 2282 sed
3184 2228 3351 2282 etiam
3400 2239 3429 2278 a
3488 2222 3782 2278 substantia

2208 2325 2389 2382 Patris
2449 2327 2562 2380 tolli
2616 2341 2839 2382 necesse
2879 2335 2982 2390 est,
3009 2332 3272 2395 quantum
3313 2337 3380 2377 ex
3424 2319 3490 2374 iis
3519 2334 3632 2389 quae
3661 2333 3689 2371 a
3728 2327 3782 2371 te

2209 2419 2386 2487 posita
2451 2429 2617 2482 sunt,
2653 2419 2988 2474 concludere
3040 2419 3185 2472 licet.
3213 2417 3278 2470 Et
3322 2416 3511 2470 iterum
3544 2412 3676 2466 idem
3715 2405 3774 2464 iri

2208 2511 2458 2566 oratione
2485 2512 2551 2565 de
2591 2512 2982 2565 constitutione
3017 2511 3397 2579 episcoporum
3425 2523 3442 2562 :
3476 2504 3596 2559 Sine
3629 2501 3782 2570 prin-

2209 2602 2372 2670 cipio,
2410 2602 2607 2670 inquit,
2656 2612 2774 2656 erat
2811 2603 3011 2666 Pater,
3049 2615 3155 2654 non
3191 2599 3336 2653 enim
3368 2597 3580 2650 aliunde
3613 2594 3784 2649 habe-

2211 2693 2304 2746 bat
2351 2702 2409 2745 ttt
2465 2702 2634 2758 esset,
2671 2707 2772 2747 nec
2802 2708 2830 2745 a
2861 2708 2921 2746 se
2955 2693 3092 2762 ipso,
3137 2689 3313 2746 Filius
3337 2705 3463 2742 vero
3493 2686 3783 2758 (siquidem

2213 2780 2430 2835 Patrem
2464 2780 2540 2851 (l)
2573 2790 2630 2835 ιη
2681 2796 2903 2836 causam
2944 2781 3169 2850 accipis)
3223 2797 3325 2834 non
3362 2787 3446 2834 est
3478 2779 3595 2831 sine
3633 2779 3787 2845 prin-'-

2211 2873 2388 2943 cipio;
2422 2873 2749 2942 principium
2780 2873 2980 2942 quippe
3008 2871 3128 2927 Filii
3163 2874 3322 2929 Pater
3368 2881 3454 2926 est
3493 2881 3550 2924 ut
3575 2885 3782 2935 causa;

2213 2965 2300 3017 sin
2334 2972 2517 3016 autem
2553 2963 2884 3032 principium
2926 2964 3203 3033 intelligas
3249 2978 3316 3018 ex
3351 2971 3628 3030 tempore,
3669 2962 3789 3015 sine

2213 3055 2484 3124 principio
2550 3065 2674 3120 est;
2743 3070 2852 3109 non
2937 3056 3085 3110 enim
3141 3055 3330 3124 incipit
3388 3055 3488 3110 sub
3545 3053 3790 3122 tempore

2215 3145 2473 3202 Dominus
2521 3157 2848 3215 tetnporutn.
2898 3148 2961 3202 Et
3018 3149 3194 3203 adhuc
3249 3147 3304 3202 in
3359 3148 3549 3200 eodem
3603 3146 3786 3201 iibt‘o:

2213 3238 2549 3294 Observatur
2595 3251 2816 3305 autem,
2859 3251 2919 3294 ut
2976 3257 3092 3294 mea
3149 3240 3414 3296 sententia
3465 3248 3585 3302 est,
3650 3252 3789 3292 unus

2218 3329 2381 3394 Deus,
2431 3331 2498 3383 ad
2548 3345 2712 3384 unam
2773 3346 2996 3386 causam
3049 3330 3188 3385 Filio
3237 3341 3292 3384 et
3335 3329 3538 3399 Spiritu
3593 3337 3789 3383 sancto

2214 3421 2417 3485 relatis,
2449 3437 2556 3475 non
2587 3422 2929 3489 compositis,
2963 3423 3046 3476 vel
3095 3420 3472 3492 agglutinatis,
3499 3429 3552 3473 et
3581 3433 3786 3474 secun-

2211 3510 2336 3562 dum
2379 3520 2544 3564 unum
2579 3520 2636 3564 et
2663 3512 2952 3577 eumdem,
2991 3521 3046 3566 ut
3097 3512 3169 3566 ita
3224 3513 3414 3571 dicam.
3464 3519 3666 3563 motum
3726 3512 3787 3564 et

2213 3595 2573 3666 voluntatem,
2615 3611 2671 3657 et
2705 3617 2869 3656 unam
2920 3614 2974 3658 et
3024 3604 3274 3658 eamdem
3315 3603 3686 3657 substantiam.
3718 3605 3790 3657 Et

2211 3707 2401 3746 rursus
2432 3693 2482 3746 in
2515 3693 2701 3748 eodem
2733 3711 2748 3748 :
2781 3695 3102 3758 l’ravorum,
3143 3695 3334 3762 inquit,
3363 3702 3417 3748 et
3442 3693 3782 3765 indiguerunt

2210 3799 2366 3842 esset
2394 3789 2718 3857 principium
2757 3789 2939 3850 Pater,
2975 3791 3019 3842 si
3049 3803 3154 3841 non
3176 3798 3323 3843 esset
3356 3803 3516 3844 causa
3554 3798 3610 3842 ut
3642 3789 3781 3843 divi-

2209 3877 2350 3930 nitas
2378 3887 2522 3933 esset
2570 3879 2625 3932 in
2658 3877 2796 3933 Filio
2825 3888 2880 3932 et
2913 3877 3119 3948 Spiritu
3161 3891 3368 3934 sancto.
3411 3879 3634 3948 Magnus
3659 3879 3783 3934 Dio-

2209 3969 2420 4039 nysius,
2455 3969 2505 4022 in
2547 3970 2784 4024 secundo
2819 3969 2891 4023 De
2925 3970 3114 4025 divinis
3167 3969 3500 4024 nominibus:
3537 3968 3632 4025 Est
3685 3985 3781 4022 au-

2211 4070 2342 4124 tem,
2395 4063 2591 4129 inquit,
2645 4063 2928 4118 distinctio
2957 4063 3010 4116 in
3055 4062 3275 4128 divinis,
3307 4077 3426 4128 quae
3455 4070 3581 4115 sunt
3621 4073 3778 4128 supra

2207 4153 2592 4217 substantiam,
2637 4167 2744 4206 non
2794 4151 2883 4205 illa
2927 4152 3100 4207 solum
3142 4166 3303 4222 quam
3351 4151 3483 4213 disi,
3521 4151 3658 4219 quod
3690 4162 3775 4204 se-

2208 4238 2443 4297 cundum
2489 4244 2657 4312 ipsam
2684 4244 3084 4313 copulationem
3127 4257 3479 4312 personarum
3511 4243 3564 4296 in
3590 4256 3774 4300 unum.

2205 4335 2327 4388 sine
2357 4334 2610 4390 tnistione
2635 4344 2690 4389 et
2719 4334 3038 4390 confusione
3065 4346 3397 4404 unaquaeque
3432 4348 3498 4389 ex
3530 4331 3773 4403 personis

2217 4440 2336 4493 quat
2393 4435 2518 4480 sunt
2574 4427 2874 4497 ὲναρχικαὶ,
2925 4427 2976 4480 id
3016 4435 3118 4491 est,
3149 4441 3312 4479 unum
3350 4434 3411 4493 et
3460 4426 3778 4495 principium

519 4512 826 4567 veneranda
877 4511 944 4567 iis
980 4511 1072 4582 qui
1124 4527 1228 4565 non
1270 4513 1468 4566 habent
1501 4519 1735 4566 mentem
1774 4527 2098 4582 magnopere
2125 4517 2466 4586 D-omnium,
2506 4517 2769 4572 collocata
2820 4527 2903 4571 est
2953 4518 3008 4571 itt
3049 4517 3176 4582 alia,
3215 4516 3308 4570 sed
3356 4515 3498 4583 quod
3547 4515 3635 4567 illa
3664 4528 3782 4581 quae

518 4606 672 4661 humi
693 4615 988 4674 tepentem,
1017 4615 1072 4658 et
1102 4606 1334 4660 terrenis
1355 4607 1514 4658 rebus
1535 4603 1871 4658 immersam.
1893 4603 1996 4659 Sed
2033 4606 2100 4668 si,

521 4698 720 4767 inquit,
749 4698 889 4751 idem
924 4695 1232 4752 substantia
1267 4707 1348 4751 est
1385 4694 1551 4750 Filius
1586 4711 1704 4750 cum
1737 4695 1918 4759 l'atre,
1956 4698 2108 4766 inge-

521 4789 668 4842 nitus
725 4802 855 4840 vero
905 4797 986 4839 est
1045 4785 1226 4851 Pater,
1260 4786 1368 4839 erit
1427 4784 1592 4852 igitur
1651 4783 1753 4836 ltoc
1807 4793 1861 4837 et
1911 4783 2102 4836 Filius.

519 4877 780 4944 Recte,‘si
820 4880 1114 4946 ingenitum
1143 4891 1286 4933 esset
1317 4877 1620 4929 substantia
1659 4873 1749 4928 Dei
1774 4893 1788 4939 ;
1813 4876 1894 4928 sin
1923 4888 2104 4929 autem

518 4969 826 5021 tlill‘errntia
875 4981 959 5022 est
999 4969 1144 5022 circa
1200 4969 1597 5027 substantiam,
1635 4951 1764 5032 quid
1821 4968 1923 5018 hoc
1969 4965 2108 5018 dicis

520 5069 774 5128 tanquam
832 5060 1032 5127 aliquid
1067 5058 1285 5112 valeat?
1319 5059 1398 5109 An
1437 5067 1487 5108 tu
1517 5057 1680 5108 etiam
1716 5069 1772 5108 es
1796 5055 1953 5108 l’ater
1997 5055 2100 5108 Pa-

519 5152 639 5216 tris,
672 5165 739 5204 ne
774 5151 902 5219 quid
930 5152 1074 5205 desit
1117 5150 1258 5219 quod
1295 5149 1459 5202 Pater
1495 5145 1713 5210 habent,
1750 5147 2094 5218 quandoqui-

2204 4617 2332 4665 suut
2359 4607 2710 4664 fecunditatis
2745 4609 2863 4673 Dei,
2887 4625 2990 4664 non
3023 4615 3333 4664 commeant
3357 4617 3499 4661 retro
3521 4607 3778 4668 vicissim,

2202 4698 2349 4754 solus
2383 4711 2560 4753 autem
2593 4698 2718 4754 fons
2755 4699 3054 4754 divinitatis
3091 4698 3250 4753 Pater
3289 4707 3395 4764 est,
3428 4698 3500 4752 ita
3536 4707 3591 4750 ut
3623 4694 3781 4749 Pater

2204 4805 2310 4842 non
2359 4789 2431 4842 sit
2480 4787 2669 4854 Filius,
2701 4804 2877 4857 neque
2925 4788 3094 4843 Filius
3126 4787 3310 4856 Pater,
3335 4788 3564 4842 servatis
3607 4787 3694 4856 pie
3727 4786 3778 4839 in

2207 4879 2423 4950 hymnis
2450 4890 2503 4934 et
2535 4882 2788 4935 laudibus
2827 4871 3026 4934 divinis
3058 4881 3122 4933 iis
3160 4893 3280 4948 quae
3306 4880 3503 4947 cuique
3542 4892 3779 4947 persona:

2205 4971 2404 5026 divina:
2462 4974 2679 5041 proprie
2727 4974 3081 5027 conveniunt.
3147 4970 3369 5038 Magnus
3421 4969 3775 5032 Athanasius,

2211 5061 2357 5115 libro
2407 5062 2583 5131 primo
2643 5073 2833 5116 contra
2884 5061 3108 5114 Arianos
3151 5077 3171 5114 :
3214 5060 3272 5113 Si
3321 5075 3424 5113 non
3474 5065 3558 5112 est
3594 5056 3778 5120 Filius,

2207 5152 2406 5223 inquit,
2437 5154 2709 5224 quomodo
2737 5156 2900 5225 igitur
2943 5156 3111 5208 Deum
3143 5154 3325 5209 dicitis
3354 5150 3689 5207 creatorem?
3721 5149 3776 5201 Si

1987 5287 2266 5353 Schona.

588 5418 727 5488 (l)Si
756 5417 970 5484 quidem
1002 5415 1218 5471 Patrem
1249 5426 1313 5488 ut
1341 5429 1556 5488 causam
1594 5411 1953 5488 accipis(Filii
1975 5416 2104 5488 sci-.

516 5483 687 5559 licet),
721 5483 822 5543 nun
847 5487 1066 5559 estsine
1087 5485 1352 5559 principio
1374 5483 1569 5554 (Ftltns
1600 5485 1852 5559 scilicet),
1883 5487 2084 5553 princi-

521 5553 894 5629 pmu't'quqipe
929 5556 1055 5629 lfilti
1081 5558 1240 5610 l'ater
1269 5553 1356 5610 ea
1386 5553 1443 5629 ut
1481 5570 1662 5608 causa.
1706 5553 1957 5629 Notatum
1979 5564 2077 5629 est

519 5625 678 5697 paulo
693 5625 853 5698 supra
879 5647 904 5680 a
935 5626 992 5680 S.
1019 5627 1243 5689 Thema,
1271 5628 1488 5680 nomine
1519 5640 1694 5679 causa:
1718 5625 1887 5680 solam
1911 5627 2074 5695 origi-

587 5794 662 5855 (υἷι
695 5790 1068 5846 Snbstantiatn
1105 5790 1257 5856 dicit,
1292 5792 1343 5846 id
1378 5801 1462 5848 est
1496 5801 1768 5846 naturam.

2198 5435 2318 5473 nem
2350 5437 2702 5489 personarum
2725 5422 3168 5490 sattctosgl’atres
3188 5419 3494 5490 signiﬁcare
3517 5413 3776 5490 vomis“;

2183 5487 2508 5562 i_l_arque‘cum
2538 5495 2610 5547 ait
2630 5493 2923 5562 Gregorius
2941 5488 3167 5560 Naz-ian,
3195 5509 3206 5543 :
3235 5487 3772 5562 Prittctpiumquippe

2186 5555 2308 5630 l_“tlii
2364 5559 2527 5615 Pater
2572 5574 2655 5617 est
2712 5555 2769 5616 ιιῖ
2805 5578 3004 5625 causa,
3046 5555 3272 5630 perinde
3313 5555 3492 5617 estut
3537 5555 3775 5612 dicetct:

2186 5625 2520 5700 Principium
2545 5631 2668 5689 Filii
2703 5645 2786 5689 est
2826 5633 2986 5690 Pater
3008 5625 3063 5687 ut
3091 5633 3264 5704 origo.
