4048 6438
249 359 354 428 9ἰ7

1198 356 1434 417 DECAS
1471 357 1573 416 ΙΧ.
1605 379 1672 390 -·-
1709 355 1806 414 DE
1839 352 2290 433 ΙΧΕΙΝΙΤΑΤΕ
2334 351 2418 412 1N
2470 346 2636 412 ΠΕΟ.

3426 351 3535 414 938

247 475 394 528 enim
451 483 548 538 per
593 465 854 529 Verbum,
896 472 950 518 et
999 461 1050 516 in
1117 460 1394 534 Sapientia
1445 462 1627 517 omnia
1695 461 1836 516 facta
1871 466 1909 522 Α
1937 461 2234 527 .exsistcns,
2271 461 2492 530 apponit
2518 465 2783 514 creatura:
2815 456 3204 524 perfectionem
3236 475 3328 530 per
3358 459 3533 530 iptins

250 565 482 619 snnt,ct
529 556 646 610 sine
696 555 808 608 hoc
866 552 1000 607 nihil
1073 551 1190 606 fieri
1237 562 1439 622 potest,
1499 568 1604 606 tton
1673 553 1835 606 ltabet

253 646 415 704 Pater
462 648 720 715 Opinione
753 655 963 708 vestra,
995 644 1180 714 inquo
1214 653 1269 698 ct
1315 660 1410 712 per
1460 660 1620 712 quem
1653 644 1835 698 omnia

253 740 404 798 facit.
438 738 496 792 Si
544 741 665 793 tunc
717 739 900 792 divina
959 737 1269 793 substantia
1317 747 1544 791 nonest
1583 735 1835 797 fecunda,

255 835 349 889 sed
394 833 599 892 sterilis
656 832 928 899 opinione
1000 831 1262 898 ipsorum,
1310 831 1453 886 sicut
1501 829 1691 886 lumen
1729 844 1834 882 non

258 927 589 989 illuminans,
645 933 702 978 et
751 925 874 979 fons
935 924 1138 985 siccus,
1181 923 1451 990 quomodo
1512 938 1616 974 tton
1675 921 1839 990 pudet

262 1035 355 1074 vos
406 1021 584 1078 dicere
639 1018 840 1071 trahere
901 1029 1023 1068 eum
1080 1017 1185 1066 vim
1245 1013 1612 1068 creandi?Et
1665 1013 1841 1066 adhuc

262 1114 401 1167 idem
434 1128 450 1183 :_
493 1110 915 1184 Pa'rticipantcs,
946 1107 1142 1176 inquit.
1175 1106 1386 1172 Filium,
1428 1107 1640 1160 Patrem
1673 1107 1840 1175 parti-

258 1207 525 1272 cipamus,
565 1204 699 1271 .qaia
739 1203 1016 1270 proprium
1070 1199 1251 1254 Patris
1281 1213 1361 1253 est
1401 1200 1662 1265 Verbum,
1697 1199 1843 1256 unde

259 1299 304 1349 si
341 1307 488 1349 esset
537 1296 662 1364 ipse
713 1293 875 1349 Pater
906 1308 971 1345 ex
1021 1294 1462 1362 participatione,
1513 1300 1566 1344 et
1611 1309 1717 1348 non
1777 1307 1844 1344 ex

160 1440 168 1447 ,
258 1385 380 1453 ipso
432 1383 692 1436 div-initas
745 1380 1042 1434 secundum
1103 1381 1504 1443 substantiam,
1548 1395 1841 1446 nttmquam

259 1481 392 1532 deos
425 1475 647 1530 laceret.
671 1475 892 1530 Divinos
908 1474 1157 1542 Cyrilltts,
1182 1473 1234 1525 itt
1262 1472 1565 1537 Tlicsauris,
1586 1487 1706 1540 cap.
1731 1474 1800 1525 33
1829 1489 1843 1525 :

264 1570 520 1638 lijusdent
561 1569 722 1638 igitur
753 1577 960 1620 natura:
996 1581 1118 1620 cum
1149 1566 1307 1619 Patre
1327 1565 1494 1620 Filius
1520 1582 1581 1618 ex
1607 1567 1846 1633 ingenito

263 1677 371 1713 non
409 1661 603 1724 factus,
644 1669 825 1726 utpote
882 1659 1091 1712 habens
1139 1661 1382 1713 eamdem
1437 1668 1763 1726 potcsmtem
1794 1667 1847 1711 et

264 1749 520 1802 virtutem
551 1764 565 1812 ;
598 1749 706 1806 into
757 1747 944 1816 potius
986 1748 1100 1814 ipse
1133 1758 1215 1800 est
1249 1749 1456 1808 vivens,
1491 1755 1545 1800 et
1588 1746 1846 1800 substan-

1954 552 2466 612 sanctiticationetn,
2519 561 2574 605 et
2625 551 3123 620 participationem.
3183 551 3248 608 Et
3297 554 3533 608 adhuc:

1953 642 2087 696 Cum
2123 644 2285 710 igitur
2333 645 2473 712 quod
2517 642 2659 695 Deus
2698 644 2947 712 promisit
2978 658 3036 698 sc
3075 643 3381 709 facturum,
3407 660 3537 702 cum

1957 745 2224 803 potestate
2305 737 2529 805 impleat
2615 735 2876 804 Spiritus,
2925 745 2977 789 et
3042 745 3292 803 pastores
3333 737 3540 790 excitat

1958 825 2263 880 secundum
2313 829 2734 894 proltllSSitillt‘m
2772 831 2822 881 itt
2876 830 3156 898 prophetis
3187 828 3414 893 factam,
3448 845 3538 883 sc-
3607 847 3614 852 ·

1959 919 2149 987 quitur
2190 935 2292 972 non
2324 936 2444 972 esse
2482 920 2715 974 alienum
2751 934 2778 972 a
2810 920 2989 972 divina
3021 919 3348 986 substantia,
3370 930 3423 974 et
3444 936 3541 988 per

1959 1027 2018 1065 se
2048 1012 2320 1066 exsistens
2354 1028 2417 1065 ex
2450 1012 2561 1080 ipsa
2595 1015 2901 1066 substantia
2937 1014 3216 1080 prodiens,
3257 1024 3309 1066 et
3340 1015 3394 1068 in
3425 1015 3540 1083 ipsa

1959 1116 2204 1165 manens,
2237 1103 2418 1156 omnia
2449 1117 2566 1170 quae
2601 1103 2690 1188 D’ei
2719 1112 2865 1163 sunt,
2898 1113 3172 1166 operatur.
3216 1101 3280 1156 Et
3312 1103 3486 1158 adhuc
3521 1116 3536 1154 :

1962 1195 2251 1262 Oportebat
2283 1208 2378 1247 eos
2409 1193 2592 1247 doceri
2641 1195 2706 1246 de
2750 1194 2986 1260 Spiritus
3032 1195 3204 1248 sancti
3255 1193 3538 1262 mysterio,
3599 1223 3602 1226 ν

1959 1298 2012 1340 et
2065 1284 2367 1354 intelligere
2420 1300 2546 1339 esse
2597 1283 2862 1351 Spiritum
2913 1297 3164 1339 sanctum
3217 1285 3365 1338 velut
3423 1286 3540 1337 fru-

1965 1389 2111 1430 ctum
2142 1379 2220 1444 (5)
2262 1377 2545 1443 quemdam
2589 1377 2783 1431 divina
2830 1377 3166 1442 substantia),
3213 1377 3384 1444 quiin
3424 1377 3541 1445 ipsa

1964 1471 2200 1537 exsistit,
2243 1480 2292 1523 et
2329 1485 2391 1522 ex
2426 1469 2539 1535 ipsa
2573 1467 3011 1537 inseparabiliter
3048 1479 3101 1521 et
3135 1468 3543 1538 impartihiliter
3634 1527 3641 1539 .

1968 1564 2231 1631 procedit.
2266 1573 2318 1616 et
2351 1563 2649 1616 secundum
2692 1563 3226 1614 eantdetnnatnram
3273 1562 3326 1613 in
3374 1578 3540 1614 unum

1966 1657 2253 1723 copulatus
2290 1666 2392 1709 est.
2428 1655 2490 1709 Et
2524 1655 2702 1710 adhuc
2732 1656 2784 1710 itt
2821 1655 3024 1708 eisdem
3055 1672 3067 1707 ι
3100 1653 3153 1708 Si
3179 1669 3209 1709 a
3238 1655 3355 1708 .Deo
3384 1653 3548 1708 Patre

1968 1753 2216 1817 procedit
2278 1750 2515 1818 Spiritus
2567 1759 2810 1812 sanctus,
2871 1759 3065 1817 estque
3126 1749 3289 1803 veluti
3326 1749 3548 1804 .l'rttttux'

266 1839 409 1891 tialis
461 1838 728 1905 operatio,
777 1848 830 1891 et
877 1838 1072 1898 virtus,
1123 1849 1177 1890 et
1235 1837 1502 1906 sapientia
1556 1837 1754 1891 Patris.
1781 1824 1927 1892 Et.B
1960 1843 2204 1909 quidam,
2245 1842 2328 1894 Vel
2359 1843 2592 1910 qualitas
2628 1841 2946 1906 substantiae
2989 1840 3180 1909 ipsius,
3220 1839 3376 1894 Pater
3418 1856 3548 1894 vero

266 1942 453 1982 rursus
478 1929 652 1980 adhuc
694 1929 834 1981 idem
872 1945 884 1981 :
923 1927 1026 1992 Qui
1066 1937 1148 1981 est
1184 1929 1350 1997 igitur
1390 1920 1570 1983 oninis
1599 1930 1848 1995 operatio

263 2032 316 2074 et
349 2022 519 2074 virtus
570 2020 773 2085 Patris,
819 2036 916 2088 per
967 2035 1128 2088 quam
1171 2021 1353 2080 omnia
1404 2032 1689 2087 operatur,
1724 2037 1858 2088 quo-

268 2114 437 2166 modo
464 2121 608 2166 esset
642 2123 850 2168 natura:
881 2111 1086 2168 iactat?
1117 2112 1184 2168 Et
1235 2112 1454 2174 iterum,
1506 2112 1559 2164 in
1594 2112 1860 2178 capitibus

267 2208 344 2261 lle
411 2206 616 2276 Spiritu
666 2216 856 2258 sancto
924 2221 943 2258 :
1010 2204 1126 2259 Non
1190 2216 1307 2268 est,
1368 2207 1566 2273 inquit,
1621 2205 1859 2274 Spiritus

268 2308 493 2353 Sanctus
549 2305 789 2359 creatus,
846 2305 942 2349 aut
999 2296 1214 2358 factus,
1266 2295 1359 2349 sed
1407 2309 1475 2348 ex
1533 2294 1857 2354 substantia,

268 2405 390 2456 quae
440 2387 623 2456 major
669 2396 753 2440 est
784 2403 944 2452 quam
973 2393 1030 2442 ut
1081 2385 1306 2457 cogitari
1345 2387 1537 2455 possit,
1571 2395 1623 2438 et
1654 2385 1858 2450 divina,

276 2488 464 2549 utpote
490 2480 667 2532 virtus
705 2479 899 2548 ipsius,
928 2491 984 2532 et
1009 2478 1274 2540 naturalis
1301 2479 1542 2547 energia.
1576 2479 1638 2532 Et
1675 2493 1862 2532 rursus

275 2572 330 2624 in
377 2573 577 2624 eisdem
630 2588 643 2622 :
684 2568 798 2621 Non
846 2569 990 2620 enim
1047 2569 1256 2622 audebo
1314 2568 1534 2626 dicere,
1575 2585 1696 2638 qua:
1754 2584 1860 2621 tton

280 2675 533 2732 cperattts
579 2673 664 2716 est
707 2661 960 2716 Christus
995 2677 1090 2730 per
1131 2676 1216 2714 me
1245 2662 1296 2714 in
1330 2662 1696 2720 obedientiam
1731 2678 1863 2732 gett-

281 2757 412 2807 tt'utn
455 2768 705 2808 sermone
757 2764 812 2806 et
866 2767 1028 2822 opere
1083 2752 1135 2806 itt
1173 2762 1442 2822 potestate
1485 2754 1762 2822 signorum
1805 2764 1860 2808 et

278 2850 644 2918 prodigiorum
695 2849 748 2902 itt
810 2849 1009 2905 virtute
1067 2849 1302 2918 Spiritus
1356 2851 1556 2904 sancti.
1607 2851 1774 2919 Signa
1811 2860 1864 2905 et

277 2945 523 3014 prodigia
563 2955 820 3014 operatur
873 2944 1126 3000 Christus
1171 2961 1267 3014 per
1321 2944 1550 3002 Paulum
1582 2946 1632 3000 in
1668 2949 1867 3002 virtute

281 3036 522 3104 Spiritus
553 3038 725 3091 sancti
761 3053 776 3102 ;
811 3047 894 3095 est
936 3037 1100 3106 igitur
1164 3039 1405 3108 Spiritus
1453 3050 1676 3100 sanctus
1703 3056 1865 3094 ener-

283 3130 368 3198 gia
399 3129 476 3197 (Α)
504 3131 749 3202 quaedam
779 3131 1063 3192 natural-is,
1083 3137 1137 3191 et
1171 3132 1377 3196 vivens,
1401 3142 1455 3187 et
1483 3142 1540 3193 ut
1567 3132 1641 3188 ita
1664 3133 1864 3200 dicam,

281 3225 518 3288 qualitas
559 3223 638 3293 (2)
687 3223 986 3280 divinitatis
1016 3223 1134 3278 Filii
1176 3225 1288 3280 Dei.
1330 3224 1392 3278 Et
1424 3226 1619 3281 iterum
1654 3227 1716 3281 .itt
1747 3227 1858 3282 eis-

280 3318 403 3372 dem
452 3333 466 3370 :
502 3316 740 3372 Sanctus
781 3315 925 3372 enim
975 3317 1287 3372 nominatur
1332 3318 1567 3386 Spiritus
1596 3330 1858 3386 sanctus;

281 3409 327 3462 si
377 3407 542 3476 igitur
573 3414 657 3462 est
690 3404 881 3459 natura
915 3416 1163 3471 sanctus,
1201 3420 1308 3462 neu
1335 3407 1497 3462 habet
1528 3407 1684 3472 foris,
1718 3411 1860 3465 unde

283 3499 404 3552 talis
452 3498 565 3562 sit‘,
616 3498 864 3563 qttinimo
898 3513 1019 3550 cum
1067 3499 1139 3552 sit
1171 3498 1287 3566 ipse
1317 3497 1512 3554 divina:
1545 3497 1862 3556 substantiae

284 3592 526 3659 cttergia,
572 3591 688 3644 sive
729 3601 882 3646 actus
936 3591 1195 3649 naturalis
1213 3601 1280 3646 let
1310 3592 1514 3657 vivens,
1540 3605 1610 3646 ac
1662 3607 1756 3660 per
1801 3607 1861 3648 se

361 3730 442 3783 ὀι
475 3731 600 3786 Cor.
633 3715 730 3796 xxi,
753 3732 809 3786 3.

1942 1948 2137 1999 neque
2169 1938 2367 1996 tat-tus,
2399 1946 2574 2000 neque
2605 1941 2846 1994 creatus,
2881 1931 3155 1997 quomodo
3183 1944 3326 1986 esset
3371 1932 3548 1987 tactus

1964 2026 2223 2095 Spiritus,
2261 2029 2350 2094 qui
2387 2028 2454 2080 ab
2493 2027 2608 2092 ipso
2661 2025 2950 2092 procedit?
2988 2024 3050 2076 Et
3101 2024 3340 2078 iterum:
3377 2022 3547 2078 Nemo

1961 2131 2125 2186 potest
2158 2120 2358 2180 dicere.
2404 2118 2660 2172 Dominus
2699 2115 2855 2171 Iesus
2888 2117 3156 2181 Christus,
3188 2117 3293 2172 uisi
3325 2120 3378 2170 in
3417 2116 3546 2184 Spri-

1963 2215 2068 2266 ritu
2095 2225 2275 2265 sancto
2299 2212 2344 2243 °°
2381 2211 2479 2282 (α).
2515 2211 2708 2280 Liquet
2749 2211 2937 2281 igitur,
2965 2213 3112 2280 quo'tl
3153 2211 3243 2279 qni
3273 2210 3543 2278 Spiritum

1965 2314 2214 2362 sanctum
2253 2306 2570 2376 participat,
2624 2307 2775 2360 novit
2829 2304 3120 2358 Dominum
3177 2302 3360 2358 Jesnm
3397 2323 3412 2359 :
3453 2307 3546 2373 qtti

1963 2409 2142 2450 autem
2183 2413 2295 2452 non
2329 2398 2640 2466 participat,
2686 2398 2920 2466 ignorat.
2948 2396 3230 2462 Quomodo
3261 2396 3425 2466 igitur
3453 2396 3550 2464 qui

1967 2492 2235 2558 particeps
2267 2490 2502 2560 Spiritus
2549 2495 2724 2546 sancti
2766 2501 2872 2555 est,
2919 2495 3069 2545 novit
3101 2492 3244 2559 quod
3280 2489 3547 2545 Dominus

1963 2581 2157 2638 .Iestts?
2189 2583 2340 2644 Sicut
2367 2583 2460 2653 qui
2489 2583 2595 2640 mel
2626 2584 3002 2653 dcgustarunt,
3027 2597 3092 2636 ex
3130 2582 3394 2652 qualitate
3429 2583 3549 2650 ejus

1967 2685 2336 2744 cognoverunt
2362 2677 2466 2729 mel
2487 2691 2610 2730 esse
2650 2677 2829 2740 dulce,
2870 2675 2950 2736 sic
2977 2676 3068 2742 qui
3101 2676 3377 2745 particeps
3422 2676 3553 2742 Spi-

1969 2767 2104 2819 ritus
2134 2766 2311 2822 sancti
2335 2775 2451 2820 .est.
2493 2764 2664 2836 Igitur
2703 2766 2942 2836 Spiritus
2973 2777 3196 2822 sanctus
3239 2767 3327 2835 qui
3358 2775 3440 2822 est
3485 2781 3552 2820 ex

1969 2861 2270 2914 substantia
2327 2857 2475 2924 Ftlii,
2529 2861 2785 2928 qualitas,
2839 2871 2896 2913 ut
2951 2860 3022 2913 ita
3073 2859 3286 2927 loquar,
3336 2861 3556 2920 exsistit

1971 2951 2066 3004 Dei
2094 2951 2474 3008 universorum
2523 2952 2760 3009 Domini.
2791 2953 2847 3006 Si
2884 2962 3064 3006 autem
3101 2951 3203 3006 hoc
3234 2969 3416 3007 verum
3445 2965 3551 3018 est,

1970 3055 2053 3100 est
2091 3045 2254 3115 igitur
2304 3045 2467 3114 Deus,
2515 3056 2569 3100 et
2612 3060 2719 3099 non
2752 3045 2955 3114 aliquid
2992 3047 3219 3110 factum,
3250 3061 3344 3101 aut
3393 3063 3552 3102 crea-

1975 3146 2108 3200 tum,
2151 3146 2210 3192 ut
2260 3137 2529 3193 haereticis
2575 3138 2806 3191 videtur.
2847 3137 2910 3190 Et
2945 3139 3122 3193 adhuc
3167 3157 3180 3192 :
3233 3137 3353 3194 Non
3393 3143 3556 3209 igitur

1980 3223 2216 3292 Spiritus
2243 3237 2468 3282 sanctus
2501 3243 2567 3284 ex
2613 3229 3055 3298 participatione,
3085 3245 3184 3284 nec
3225 3248 3291 3285 ex
3323 3246 3553 3300 compo-

1975 3316 2173 3370 sitione
2215 3326 2438 3378 sanctus
2483 3327 2594 3381 est,
2640 3319 2734 3374 sed
2770 3330 2854 3372 est
2903 3319 3206 3374 substantia
3256 3328 3310 3375 et
3360 3333 3550 3376 natura

1977 3405 2355 3469 sattrtiticans,
2382 3417 2437 3461 et
2466 3408 2770 3464 divinitatis
2807 3406 2898 3461 Dei
2922 3407 3128 3475 Patris,
3157 3418 3215 3462 ut
3240 3409 3312 3463 ita
3347 3410 3552 3474 dicam,

1981 3481 2254 3564 qualitas;
2293 3507 2350 3551 nt
2381 3498 2816 3561 dulcedomellis
2845 3498 2951 3569 (4),
2988 3500 3069 3552 vel
3117 3499 3254 3556 odor
3287 3515 3353 3555 ex
3396 3501 3551 3556 llore.

1976 3589 2044 3642 Et
2077 3605 2301 3660 magnus
2329 3590 2684 3658 Athanasius,
2709 3591 2769 3646 itt
2792 3590 3024 3658 epistola
3057 3590 3128 3646 ad
3154 3591 3508 3661 Serapionem
3533 3610 3550 3649 :

1779 3825 2058 3889 Schoha.

359 3932 436 3997 (ι)
468 3932 684 4002 Quiain
714 3930 822 3982 Deo
853 3931 1064 3998 energia
1098 3929 1312 4002 propria
1365 3947 1467 3983 non
1499 3931 1868 4002 distinguitur,

288 4021 314 4056 a
342 4013 559 4064 natura,
583 4001 724 4054 sicut
756 4001 806 4052 in
836 4000 1487 4065 creatura—distinguitur,
1513 4000 1716 4055 idcirco
1748 4019 1870 4055 cum

289 4073 526 4143 Cyrilltts
543 4072 675 4123 dicit
694 4071 1024 4143 :e—Spititus
1050 4072 1600 4143 sanetttsestenergia
1627 4075 1871 4140 quaedam

289 4140 571 4204 naturalis,
589 4153 642 4194 et
675 4142 879 4202 vivens,
900 4151 951 4190 et
975 4151 1026 4189 Ill
1051 4140 1122 4191 ita
1144 4140 1592 4207 dicant,vqualitas
1614 4144 1870 4196 divinita-

293 4215 358 4265 tis
375 4212 490 4265 Filii
512 4212 804 4273 Dei,—hoc
821 4209 983 4263 dicit:
1009 4208 1240 4277 Spiritus
1278 4220 1497 4279 sanctus
1525 4212 1612 4279 qui
1647 4223 1730 4265 est
1776 4229 1874 4264 na-

291 4293 408 4335 tura
438 4283 550 4335 sive
598 4282 919 4340 substantia,
949 4281 1194 4347 procedit
1217 4296 1279 4332 ex
1305 4277 1462 4343 Filio,
1482 4277 1570 4348 qui
1616 4293 1700 4334 est
1741 4283 1874 4334 sub-

288 4354 509 4417 Stantia,
547 4351 662 4406 sive
688 4349 1048 4406 essentia.Ad
1090 4350 1232 4403 hunc
1285 4351 1505 4404 modum
1555 4349 1878 4407 S.'l'lt0mas

293 4422 701 4488 interpretatur,
724 4429 781 4474 et
825 4423 981 4472 docet
1032 4420 1466 4487 iuterprctandas
1520 4437 1640 4475 esse
1684 4423 1876 4489 hujus-

293 4493 438 4545 modi
473 4494 796 4550 locutiones,
839 4489 892 4541 in
919 4491 1184 4558 opusculo
1207 4490 1404 4542 Contra
1432 4507 1632 4544 errores
1658 4494 1874 4548 (Ira-co-

292 4578 428 4622 rum,
466 4579 516 4617 c.
550 4561 584 4614 4
629 4578 642 4616 :
687 4560 945 4630 Essentia
989 4571 1072 4630 est
1109 4563 1174 4612 de
1204 4562 1470 4622 essentia,
1501 4564 1624 4630 quia
1677 4561 1869 4626 Fdius,

292 4631 379 4697 qui
405 4645 487 4684 est
515 4633 769 4695 essentia,
804 4639 885 4682 est
917 4629 981 4682 de
1019 4629 1179 4682 Patre
1203 4669 1217 4696 ,
1248 4631 1340 4698 qui
1395 4641 1476 4686 est
1522 4629 1713 4686 eadem
1777 4651 1867 4686 es-

289 4707 462 4756 sentia
507 4703 708 4756 divina.

467 4774 599 4852 Quia
623 4768 856 4852 qualitas
879 4768 1104 4852 [orntum
1139 4769 1428 4852 signiticet,
1457 4787 1576 4852 qua:
1601 4782 1857 4852 tanquam
1893 4771 1934 4824 D

289 4838 541 4896 accidens
575 4842 627 4894 iit
657 4844 762 4894 alto
791 4839 1027 4903 exsistit,
1062 4840 1204 4908 quod
1237 4838 1302 4891 ab
1334 4857 1395 4892 ea
1428 4838 1587 4907 quale
1614 4838 1861 4898 non—tina-

288 4921 399 4977 tnr,
436 4913 635 4966 idcirco
670 4910 986 4965 voeabulum
1049 4910 1284 4964 correxit
1319 4910 1573 4978 Cyrillus.
1627 4929 1748 4966 cum
1782 4917 1864 4968 di-

285 4985 390 5048 -in,
427 4983 496 5037 Ut
525 4983 600 5035 ita
633 4984 810 5036 dicam
835 4997 848 5033 :
877 4990 934 5032 ttt
965 4984 1282 5033 adtttotterct
1311 4978 1571 5038 Spiritum
1611 4996 1862 5037 sanctum

281 5070 397 5107 non
423 5053 764 5120 qualitatem,
795 5050 888 5105 sed
911 5067 1092 5104 verant
1113 5061 1166 5104 ct
1189 5050 1480 5117 perl'cctatti
1502 5052 1864 5108 substantiam

285 5139 429 5176 esse.
463 5125 574 5180 Cur
633 5133 813 5174 autent
849 5124 1162 5190 qualitatem
1217 5120 1513 5188 symbolice
1568 5128 1865 5186 Vocaverit,

290 5194 517 5262 intelligi
542 5204 815 5264 potestea
844 5208 908 5244 eo
934 5194 1076 5259 quod
1097 5191 1255 5258 paulo
1283 5198 1400 5264 post
1436 5192 1513 5244 ait
1535 5193 1744 5264 :Sieut
1773 5198 1866 5264 qui

290 5265 418 5328 tnel,
457 5261 649 5332 inquit,
708 5263 1094 5331 degttstarunt,
1127 5277 1193 5315 ex
1224 5261 1489 5332 qualitate
1527 5263 1645 5331 ejus
1670 5261 1869 5332 COgtiO-

289 5347 484 5406 verunt
533 5331 643 5386 mel
673 5347 793 5406 esse
828 5331 1409 5406 dulce;_sic,_inqui_t,
1459 5335 1551 5398 qui
1598 5331 1868 5406 particeps

289 5405 525 5470 Spiritus
547 5404 718 5456 sancti
744 5414 846 5467 est,
879 5413 1026 5455 novrt
1051 5402 1330 5454 Dominum
1351 5402 1557 5466 Jesum,
1577 5402 1715 5456 sicut
1733 5402 1870 5458 scrt-

289 5485 439 5542 ptutn
475 5486 578 5526 cst:
613 5471 782 5526 Nemo
813 5482 988 5539 potest
1019 5473 1224 5535 dicere,
1262 5473 1521 5525 Dominus
1548 5473 1731 5536 Jestts,
1761 5477 1868 5529 nisi

289 5541 340 5596 ιιι
373 5541 578 5611 Spiritu
623 5555 831 5597 sancto.
868 5542 934 5595 Ut
966 5545 1128 5613 igitur
1156 5557 1223 5596 ex
1277 5543 1564 5597 dulcedine
1607 5547 1870 5612 qualitate

289 5616 631 5668 substantiali
665 5613 835 5668 mellis
864 5616 1209 5681 cognoscitur
1235 5617 1362 5677 mel,
1395 5615 1475 5668 sic
1501 5616 1589 5684 qtti
1616 5625 1872 5686 cognovit

1973 3938 2227 3990 virtutem
2270 3935 2510 4004 Spiritus
2569 3936 2742 3991 sancti
2781 3935 3070 3998 viventem,
3101 3944 3158 3990 et
3190 3952 3285 4005 per
3314 3953 3372 3994 se
3400 3945 3548 3994 exsi-

1975 4017 2230 4071 stenteut,
2293 4021 2413 4072 qua:
2445 4017 2528 4062 est
2560 4009 2673 4075 ipsa
2708 4006 2886 4059 divina
2938 4007 3268 4067 substantia,
3324 4013 3471 4063 novit
3501 4025 3555 4066 ct

1975 4075 2168 4128 Filium
2212 4086 2266 4130 et
2301 4077 2550 4141 Patrem,
2603 4076 2730 4144 quia
2764 4085 2894 4130 sttnt
2945 4092 3135 4128 unum.
3175 4076 3330 4142 Quod
3371 4093 3551 4137 autent

1975 4144 2236 4218 Spiritum
2296 4156 2549 4201 sanctum
2583 4147 2719 4218 dicit
2761 4161 2884 4200 esse
2919 4145 3222 4200 naturalem
3252 4151 3550 4218 encrgiam,

1974 4220 2087 4289 sive
2117 4217 2398 4289 virtutem,
2427 4231 2534 4270 non
2562 4217 2760 4270 dicitur
2785 4217 3048 4289 naturalis
3077 4229 3316 4289 anatttra
3345 4217 3553 4289 creata,

1977 4288 2072 4339 scd
2101 4302 2128 4338 a
2161 4299 2353 4338 natura
2381 4287 2620 4340 increata
2649 4304 2663 4344 :
2700 4295 2782 4338 est
2809 4288 2951 4339 enirn
2977 4287 3216 4355 Spiritus
3250 4303 3471 4346 sanctus
3498 4287 3555 4347 io

1979 4367 2171 4408 natura
2211 4358 2323 4424 ipsa
2378 4357 2583 4410 divina.
2635 4356 2873 4417 Rursus,
2901 4372 3024 4410 cum
3056 4358 3186 4410 dicit
3238 4375 3359 4412 esse
3393 4379 3554 4416 ener-

1976 4427 2262 4492 giatn,sive
2297 4426 2552 4480 virtutem
2581 4427 2869 4490 viventem,
2901 4438 2952 4478 et
2977 4443 3070 4494 per
3086 4442 3144 4480 se
3172 4431 3552 4496 exsistentt-nt,

1975 4497 2136 4548 veluti
2162 4496 2500 4563 qualitatem,
2530 4506 2588 4550 ιιι
2630 4500 2698 4550 ita
2727 4498 2924 4556 theam,
2960 4498 3261 4550 divinitatis
3284 4500 3400 4552 Filii
3437 4501 3550 4562 Det;

1973 4566 2044 4619 ita
2075 4568 2228 4628 dicit,
2249 4569 2375 4633 quia
2402 4577 2459 4620 ut
2481 4566 2988 4636 aitidemCyrillns,
3019 4567 3114 4620 lib.
3149 4583 3237 4620 xw
3272 4565 3552 4636 Thesauri,

1970 4651 2034 4688 ex
2067 4638 2244 4689 divina
2272 4639 2510 4691 essentia
2543 4635 2662 4688 Filii
2697 4638 2810 4705 (qui
2846 4637 3055 4690 scilicet
3089 4637 3260 4704 spirat
3291 4635 3552 4705 Spit'tttttti

1969 4705 2239 4778 Sanctum)
2276 4717 2532 4773 tauquam
2573 4707 2745 4758 virtus
2783 4708 2902 4771 ejus
2937 4707 3255 4778 naturaliter
3286 4717 3552 4778 emanat).

2038 4776 2115 4849 (ξι)
2149 4774 2303 4849 Velut_
2318 4778 2551 4849 fructum
2591 4778 2870 4849 quemdam
2898 4776 3088 4849 diuino;
3108 4774 3554 4849 substantiw,qni

1963 4844 2161 4918 ittipsa
2191 4846 2421 4918 exsistit,
2463 4856 2527 4918 et
2548 4860 2612 4918 ea:
2637 4847 2752 4913 ipsa
2782 4847 3211 4918 inseparabitiler
3231 4857 3278 4899 et
3313 4844 3556 4918 imparti-

1963 4915 2141 4968 biliter
2175 4917 2430 4982 procedit.
2475 4915 2614 4967 Dicit
2649 4917 2910 4985 Spiritum
2954 4926 3203 4968 sanctum
3256 4915 3553 4985 procedere

1964 5003 2028 5038 ex
2061 4987 2371 5058 substantia
2406 4987 2612 5058 divina,
2646 4986 2772 5055 quia
2793 4984 2952 5058 Pater
2984 4997 3039 5039 et
3078 4984 3267 5052 Ftlitts,
3299 5007 3325 5042 ιι
3355 4995 3552 5058 quibus

1966 5057 2231 5122 procedit,
2281 5067 2412 5109 sunt
2448 5057 2630 5110 divina
2669 5056 2994 5119 substantia,
3028 5059 3144 5110 sive
3190 5056 3425 5115 essentia
3470 5064 3555 5115 di—

1964 5129 2112 5179 vina.
2147 5125 2258 5177 Etsi
2282 5128 2425 5201 enim
2454 5127 2927 5201 pf:rsonis_t_livinis
2961 5129 3283 5201 attribuitur
3318 5134 3550 5201 Spirare,

1970 5212 2119 5248 more
2155 5205 2332 5250 tamen
2369 5196 2680 5250 Graecorum
2714 5195 2932 5250 Patrum
2963 5199 3265 5254 substantia
3321 5195 3438 5256 sive
3464 5195 3551 5256 cs-

1971 5273 2141 5320 sentia
2169 5268 2352 5319 divina
2386 5283 2482 5334 pro
2513 5268 2881 5336 personatlici
2907 5269 3064 5329 solet,
3099 5273 3222 5336 quia
3261 5287 3384 5325 sunt
3409 5275 3548 5324 idem

1971 5351 2048 5411 re.
2087 5336 2195 5389 lluc
2223 5339 2386 5411 etiam
2424 5339 2630 5390 nOtavit
2661 5336 2722 5390 S.
2758 5335 2994 5411 Thomas
3021 5340 3070 5391 in
3103 5335 3291 5394 eodem
3327 5343 3550 5411 Cyrillo,

1972 5408 2024 5460 in
2055 5407 2327 5478 opusculo
2344 5406 2549 5478 Contra
2577 5423 2781 5478 errores
2807 5406 3142 5478 Cra'rorttm,
3167 5424 3286 5478 cap.
3318 5413 3351 5465 4
3371 5406 3436 5464 ἐι
3462 5413 3551 5466 Π.

2044 5476 2119 5545 (4)
2159 5473 2226 5529 Ut
2259 5477 2700 5551 dulcedomellis,
2734 5477 2813 5530 vel
2853 5478 2981 5531 odor
3014 5495 3076 5532 ea:
3111 5473 3260 5551 ﬂore.
3295 5481 3389 5533 llis
3411 5496 3524 5548 synt

1973 5547 2110 5600 bolis
2138 5551 2307 5600 utitur
2332 5549 2568 5616 Cyrilltts
2605 5550 2671 5600 ad
2703 5547 3183 5602 demonstrandutn
3209 5566 3270 5602 ex
3301 5547 3557 5604 substan-

1974 5619 2045 5670 tia
2078 5617 2272 5683 Patris,
2308 5618 2359 5671 id
2385 5628 2488 5684 est,
2514 5634 2579 5673 ex
2605 5616 2765 5671 Patre
2795 5620 3223 5673 substantialiter
3257 5626 3557 5689 procedere

362 5803 437 5872 (α)
473 5801 683 5864 Dicere,
706 5799 963 5854 Dominus
993 5797 1262 5863 Iesus,est
1295 5815 1455 5858 nosse
1489 5799 1776 5855 Dominum
1805 5796 2030 5866 Jcsum;
2067 5815 2224 5856 nemo
2263 5800 2408 5856 enim
2453 5799 2586 5856 dicit
2617 5809 2711 5856 aut
2739 5801 2977 5872 appellat
3017 5815 3179 5869 quem
3214 5814 3320 5858 non
3370 5807 3547 5859 novit.
3604 5805 3612 5812 '

610 5903 887 5961 ΡΑτιιοι..
921 5899 1040 5960 Gtt.
1076 5898 1248 5962 CLII.
1303 5907 1312 5918 '

3040 5898 3119 5958 30
