4082 6446
520 371 638 435 939

1692 366 2021 427 JOANNIS
2061 364 2633 427 CYPARISSi-O'I‘XE

3678 354 3785 421 9m

531 479 646 545 Sic.
675 483 870 549 inquit,
912 494 968 537 et
994 481 1228 549 Spiritus
1261 490 1484 537 sanctus
1509 483 1599 550 qui
1633 499 1660 535 a
1693 482 1827 536 Filio
1861 485 2022 538 datur
2047 491 2102 537 et
2134 490 2179 544 Α
2207 484 2415 551 omnia;
2443 482 2627 537 omnia
2659 478 2805 537 enim
2839 477 3038 543 Verbo,
3075 486 3131 532 et
3155 473 3435 545 Sapientia
3459 472 3597 529 facta
3623 472 3781 528 sunt;

534 573 792 637 mittitur,
823 580 879 625 et
916 580 1000 625 est
1034 573 1149 642 ipse
1192 587 1382 638 unum,
1416 579 1472 624 et
1517 588 1623 625 non
1671 573 1857 635 multa,
1900 589 1997 629 nec.
2041 590 2103 627 ex

533 665 717 719 multis
747 679 933 727 unum,
983 665 1075 717 sed
1109 665 1223 733 ipse
1271 664 1445 717 solum
1497 664 1753 732 Spiritus.
1796 665 1931 718 Cum
1960 666 2104 718 enim

533 767 673 806 unus
698 752 767 805 sit
791 750 982 816 Filius,
1015 753 1105 820 qui
1136 760 1220 806 est
1245 748 1481 806 Verbum
1514 756 1719 817 vivens,
1748 764 1960 822 oportet
1988 768 2108 807 esse

532 858 696 898 unam
728 842 891 896 vitam
934 844 1255 912 perfectam,
1292 854 1348 897 et
1392 843 1729 913 impleutcm,
1763 846 2111 898 sanctiﬁcan-

533 948 660 999 tem,
709 945 760 987 et
799 934 1222 998 illuminantem,
1269 950 1390 1003 qua:
1441 943 1524 991 est
1563 937 1782 1006 energia
1839 939 2011 1007 ipsius
2053 950 2108 992 ct

530 1026 756 1090 donum,
785 1026 928 1094 quod
975 1026 1190 1093 quidem
1236 1040 1300 1079 ex
1349 1022 1511 1080 Patre
1541 1026 1743 1080 dicitur
1790 1029 2104 1095 procedere.

531 1118 594 1171 Et
626 1118 801 1171 adhuc
836 1135 848 1171 :
892 1117 1173 1183 Quomodo
1205 1131 1312 1169 non
1344 1117 1485 1169 ultra
1514 1132 1732 1171 onmem
1769 1117 2105 1187 impietatem

528 1206 750 1276 quidam
804 1208 1129 1276 procedunt,
1192 1207 1281 1274 qui
1337 1207 1604 1276 Spiritum
1662 1218 1912 1264 sanctmn
1968 1210 2110 1264 inter

528 1308 816 1353 I‘l'CﬂlllriiS
874 1308 1083 1368 ponunt
1131 1315 1145 1352 :
1189 1309 1243 1353 et
1294 1313 1399 1353 non
1443 1300 1624 1368 potius
1674 1303 2008 1356 confitentur
2042 1319 2105 1356 ex

526 1391 707 1444 divina
755 1402 949 1445 natura
1001 1393 1268 1446 exsistere
1314 1392 1458 1461 quod
1515 1408 1582 1447 ex
1640 1393 1752 1462 ipsa
1808 1395 2106 1449 secundum

529 1485 894 1538 substantiam
929 1485 1194 1551 procedit,
1243 1495 1298 1538 et
1337 1493 1599 1553 tanquam
1652 1486 1820 1539 Deum
1858 1487 1910 1540 in
1950 1487 2110 1543 nobis

528 1575 817 1631 habitare?
840 1574 1137 1643 Gregorius
1167 1574 1445 1647 Nyssenus
1470 1577 1524 1631 in
1553 1575 1881 1631 Catecltetico
1908 1594 1925 1631 :
1957 1578 2106 1645 Esse,

531 1669 730 1735 inquit,
763 1667 998 1722 Verbum
1035 1667 1153 1731 Dei,
1194 1677 1251 1722 et
1296 1668 1388 1723 Dei
1418 1667 1705 1738 Spiritum,
1729 1671 1983 1736 virtutes,
2020 1686 2109 1725 se-

528 1760 764 1813 cundum
800 1760 1160 1814 substantiam
1210 1774 1307 1828 per
1340 1775 1401 1814 se
1439 1761 1772 1816 exsistentes
1805 1760 2111 1817 cll‘ectriees

2212 585 2269 629 et
2296 574 2640 629 ordinatione
2667 572 2784 641 ejus
2802 578 3023 624 manent
3046 571 3328 622 universa.
3357 563 3424 619 Et
3450 565 3503 618 in
3529 564 3688 632 epist.
3719 567 3785 618 ad

2213 667 2595 737 Serapionem:
2632 664 2852 728 Paulus,
2881 663 3074 730 inquit,
3105 660 3298 714 scribit
3322 659 3476 713 Tito:
3517 657 3620 712 Per
3647 675 3787 728 regr-

2212 760 2535 813 nerationem
2569 766 2617 810 et
2665 756 3051 809 renovationem
3110 750 3345 820 Spiritus
3376 751 3568 816 sancti,
3637 767 3786 820 quem

2212 847 2395 915 e/fudit
2434 846 2486 898 in
2529 862 2622 899 nos
2680 844 2887 896 abunde
2938 858 3030 912 per
3102 839 3287 894 Jesum
3339 838 3604 895 Christum
3638 840 3702 893 ”.
3730 832 3784 895 Si

2212 951 2392 993 autem
2453 939 2611 993 Pater
2645 953 2740 1006 per
2772 934 3009 989 Verbum
3040 934 3091 987 in
3138 934 3340 999 Spiritu
3395 943 3584 987 saneto
3639 943 3788 987 creat

2211 1030 2390 1080 omnia
2437 1036 2491 1080 et
2543 1035 2800 1089 renown;
2858 1039 2979 1093 qum
3037 1024 3356 1087 similitudo,
3407 1033 3499 1075 aut
3559 1021 3787 1076 aﬂinitas
3830 1005 3846 1021 ’

2210 1121 2416 1173 creanti
2450 1135 2572 1173 cum
2602 1117 2912 1172 creaturis?
2943 1116 3300 1185 Consequens
3322 1115 3463 1169 enim
3494 1126 3577 1169 est
3607 1125 3665 1168 ut
3691 1115 3788 1167 hu-

2207 1213 2443 1282 j'tillmtii
2496 1211 2830 1280 Maephemia
2863 1211 2913 1264 in
2943 1209 3138 1264 Filium
3175 1210 3341 1263 etiam
3392 1219 3592 1271 tuanet,
3619 1207 3785 1275 utqui

2212 1304 2400 1357 dicunt
2432 1302 2694 1371 Spiritum
2727 1314 2972 1357 sanctum
2998 1317 3123 1357 esse
3144 1311 3479 1364 creaturam,
3510 1301 3685 1355 dicant
3715 1300 3791 1352 si-

2214 1399 2433 1460 militer,
2470 1394 2727 1461 Verbum,
2758 1411 2855 1464 per
2880 1395 3024 1463 quod
3055 1397 3239 1447 omnia
3261 1404 3541 1457 creantur,
3567 1404 3782 1447 creatu-

2214 1504 2328 1543 ram
2365 1505 2507 1544 esse.
2536 1488 2605 1542 Et
2640 1503 2828 1543 rursus
2878 1488 3020 1540 idem
3064 1487 3119 1541 in
3171 1487 3543 1556 disputatione
3596 1494 3785 1539 contra

2211 1568 2439 1635 Arium:
2481 1579 2587 1636 Fac
2619 1581 2748 1634 velis
2780 1580 3096 1648 recolligere
3120 1578 3573 1648 conquisitionem
3605 1578 3670 1632 de
3696 1576 3787 1630 Fi-

2214 1674 2307 1736 lio,
2337 1687 2454 1738 qua:
2485 1686 2583 1726 nos
2614 1673 2872 1727 comitata
2895 1682 2999 1738 est,
3033 1681 3087 1725 et
3119 1670 3360 1738 reperies
3384 1681 3638 1724 aeternam
3664 1668 3785 1737 Spi-

2217 1763 2351 1819 ritus
2375 1764 2550 1818 sancti
2577 1764 2836 1817 virtutem
2866 1762 3107 1830 ejusdem
3129 1760 3446 1823 substantias
3472 1775 3593 1814 cmn
3628 1759 3789 1814 Patre

526 1870 717 1909 corum
742 1868 862 1920 qme
895 1852 1039 1907 facta
1071 1861 1221 1919 sunt,
1247 1864 1302 1906 et
1329 1855 1671 1908 continentes
1704 1870 1767 1907 ea
1797 1870 1917 1923 qua?
1951 1864 2099 1916 sunt.
2135 1845 2176 1898 Β
2208 1858 2554 1910 όίριειιηθεεε
2583 1870 2648 1927 ex
2683 1854 2854 1921 digito
2878 1854 3018 1923 ejus.
3054 1854 3200 1907 Sane
3222 1852 3438 1922 quidem
3458 1866 3578 1906 cum
3612 1852 3788 1905 virtu-

528 1963 591 2000 ex
652 1945 848 1999 d‘vinis
903 1944 1205 2013 Scriptnris
1245 1945 1677 2001 demonstratur.
1742 1945 1910 2000 Verbo
1958 1950 2113 2001 enim-

533 2041 742 2092 Domini
774 2038 890 2092 σα»ιὶ
929 2039 1130 2107 ﬁrmati
1171 2048 1312 2100 sunt,
1360 2055 1406 2091 et
1441 2038 1652 2109 Spiritu
1685 2042 1790 2095 oris
1840 2042 1955 2108 ejus
1995 2058 2104 2094 om-

530 2135 608 2186 nis
642 2134 806 2187 virtus
833 2147 1015 2185 eorum
1039 2132 1107 2183 ".
1144 2129 1221 2183 Ex
1271 2130 1356 2183 his
1386 2141 1553 2197 patet,
1583 2134 1816 2200 primutn
1859 2134 2104 2202 quidem,

530 2227 831 2293 iugi-nilum
867 2224 921 2277 in
951 2221 1242 2284 Trinitate.
1275 2238 1397 2292 quae
1420 2239 1580 2293 supra
1606 2209 1965 2286 substantiam
1997 2238 2102 2294 est,

531 2331 705 2383 neque
737 2315 1099 2370 substantiam
1136 2331 1282 2380 esse,
1311 2332 1486 2385 neque
1512 2316 1899 2386 proprietatem
1932 2319 2105 2389 hypo-

530 2406 780 2460 sintieam
818 2405 909 2458 Dei
942 2402 1159 2470 Patris;
1190 2404 1529 2474 hypostatiea
1561 2404 1709 2459 enim
1747 2404 2104 2475 hypostasim,

529 2499 647 2551 sive
675 2512 962 2565 personam
1003 2497 1281 2560 exhibent,
1321 2511 1607 2563 personam
1636 2504 1815 2551 autem
1841 2496 2108 2551 deliniunt

489 2611 497 2618 -
529 2603 818 2643 counnune
852 2604 982 2642 cum
1024 2590 1262 2657 quadam
1289 2589 1626 2658 proprietate
1657 2605 1672 2642 :
1709 2588 1819 2651 vel,
1852 2595 2109 2644 substan-

532 2684 662 2735 tiam
709 2697 831 2735 cum
879 2679 1178 2735 accidente.
1237 2678 1294 2734 Si
1343 2689 1529 2734 autem
1586 2680 1891 2747 ingenitum
1928 2694 2108 2749 neque

530 2774 834 2827 substantia
879 2781 986 2837 est,
1029 2786 1128 2827 nec
1159 2770 1431 2831 accidens,
1463 2770 1665 2826 nullam
1700 2785 1987 2841 personam
2014 2787 2109 2828 ex-

530 2865 720 2928 hibet,
774 2863 891 2917 sive
926 2861 1185 2928 ostendit,
1232 2871 1289 2917 et
1327 2862 1530 2917 idcirco
1581 2877 1756 2932 neque
1801 2864 2109 2934 proprietas

531 2959 874 3029 hypostatica
903 2962 985 3010 est
1017 2969 1032 3007 :
1063 2957 1215 3010 notio
1247 2964 1428 3009 tamen
1458 2964 1542 3011 est
1561 2955 1744 3010 Patris
1771 2970 1876 3010 non
1902 2956 2110 3011 baben-

535 3048 603 3102 tis
637 3061 879 3112 causam,
913 3045 1058 3115 quod
1093 3044 1209 3114 ipse
1236 3044 1387 3099 solus
1416 3055 1500 3100 est
1534 3043 1696 3101 Pater
1734 3060 1956 3101 causam
1999 3061 2108 3101 non

534 3144 760 3193 habens.
796 3136 1107 3192 Secundum
1138 3146 1225 3192 est
1255 3147 1511 3204 tanquam
1555 3153 1622 3193 ex
1659 3140 1765 3195 hoc
1798 3139 2105 3208 probatum,

533 3233 743 3285 scilicet
772 3245 879 3283 non
920 3244 1041 3285 esse
1078 3229 1133 3284 in
1166 3229 1282 3299 ipsa
1316 3229 1587 3286 Trinitate
1614 3231 1780 3285 alium
1811 3233 2105 3302 quemdam

533 3320 740 3376 (ornem
777 3320 1099 3387 divinitatis,
1124 3321 1227 3377 nisi
1261 3320 1438 3390 ipsum
1472 3322 1670 3389 solum,
1700 3324 1793 3393 qui
1831 3335 1917 3380 est
1948 3322 2111 3378 Pater

534 3415 706 3468 totius
745 3413 1070 3479 divinitatis,
1117 3429 1339 3470 causam
1388 3429 1494 3470 non
1530 3416 1737 3470 habens
1767 3432 1785 3482 ;
1817 3431 1919 3487 nec
1944 3419 2108 3469 aliam

534 3507 830 3576 quamdam
860 3507 1163 3562 naturalem
1192 3517 1249 3563 et
1283 3508 1700 3564 substantialetn
1729 3510 2005 3579 energiam
2041 3524 2107 3563 ex

447 3585 456 3593 ’
534 3599 720 3653 divina
750 3599 1059 3653 substantia
1112 3600 1563 3670 incomprehensa
1600 3601 1976 3670 prodeuntem,
2004 3600 2108 3655 nisi

539 3692 732 3747 Filium
781 3707 946 3761 supra
996 3692 1381 3759 substantiam,
1422 3703 1477 3748 et
1533 3692 1797 3762 Spiritum
1856 3702 2106 3747 sanctum

538 3785 817 3840 naturales
852 3794 907 3841 et
951 3785 1334 3841 substantiales
1364 3787 1636 3858 energias,
1675 3785 1792 3839 sive
1827 3795 1984 3839 actus
2015 3783 2108 3839 Dei

534 3893 756 3932 causam
789 3893 897 3931 non
925 3878 1194 3945 habentis,
1221 3887 1479 3947 tanquam
1509 3876 1798 3946 qualitates
1818 3885 1874 3931 et
1900 3875 2111 3931 fruetus

535 3970 855 4022 substantiae
887 3967 1076 4036 ipsius.
1103 3968 1284 4038 Atque
1318 3967 1385 4022 ad
1421 3967 1564 4022 hunc
1585 3967 1803 4021 modum
1827 3981 1952 4021 vere
1978 3982 2112 4020 con-

536 4059 725 4112 stituta
759 4066 814 4111 et
840 4056 1119 4111 declarata
1170 4057 1328 4111 nobis
1359 4066 1441 4111 est
1472 4057 1678 4122 divina,
1727 4066 1783 4111 et
1816 4069 1978 4125 supra
2015 4071 2112 4109 na-

540 4159 714 4202 turam
744 4147 1028 4202 beatitudo
1063 4147 1228 4201 trium
1280 4161 1635 4215 personarum
1687 4147 1834 4201 nulla
1872 4163 1933 4202 re
1967 4146 2111 4201 indi-

535 4254 691 4307 gens,
734 4246 789 4292 et
819 4253 915 4308 per
940 4250 1001 4293 se
1038 4237 1375 4307 plenissima.

1132 4349 1363 4406 CAPUT
1413 4348 1504 4404 Vl.

534 4443 689 4509 Quod
720 4443 774 4497 in
816 4440 1098 4507 Trinitate,
1135 4459 1239 4496 non
1286 4454 1364 4497 est
1391 4443 1500 4497 alia
1533 4445 1790 4509 operatio,
1819 4454 1868 4497 et
1895 4462 2106 4508 manus,

2206 1958 2313 2004 tem
2339 1949 2574 2019 Spiritus
2592 1949 2763 2003 sancti
2800 1948 3269 2019 inexpugnabilem
3291 1946 3429 2016 magi
3460 1946 3512 1998 in
3556 1944 3789 2016 [Egypto

2205 2040 2551 2111 contemplati
2575 2040 2900 2104 clamabant,
2922 2041 3160 2095 aientes:
3186 2038 3390 2109 Digitus
3413 2036 3511 2091 Dei
3535 2038 3788 2103 esthoc”;

2207 2132 2341 2188 nihil
2390 2133 2536 2187 aliud
2587 2132 2986 2187 conﬁtebantur
3074 2129 3336 2185 vocabulo
3393 2130 3565 2199 digiti,
3627 2144 3785 2198 quam

2206 2224 2484 2290 virtutem,
2516 2224 2630 2278 sive
2653 2232 2974 2293 potestatem
2992 2221 3228 2292 Spiritus
3254 2222 3426 2276 sancti
3463 2223 3787 2282 homousion,

2207 2316 2259 2372 id
2320 2325 2397 2371 est
2459 2316 2701 2385 eiusdem
2749 2316 3087 2378 SltitSiattlit'c,
3143 2329 3306 2383 quam
3341 2314 3642 2368 habetcum
3672 2311 3788 2365 Deo

2206 2408 2402 2475 Pner;
2457 2409 2544 2464 cui
2592 2410 2859 2464 vocabulo
2917 2408 3072 2478 digiti
3101 2422 3205 2461 non
3240 2416 3414 2476 potest
3464 2405 3769 2469 contradici,

2207 2518 2384 2571 neque
2410 2501 2721 2572 repugnari.
2767 2501 2831 2555 Et
2855 2509 3078 2555 sanctus
3110 2499 3365 2572 Cyrillus,
3404 2499 3497 2553 lib.
3522 2512 3579 2551 xv
3636 2494 3770 2549 Thc-

2208 2608 2530 2648 saurorum:
2566 2591 2620 2646 Si
2653 2591 2856 2657 omnia,
2911 2592 3108 2661 inquit,
3151 2592 3204 2643 iu
3237 2589 3522 2658 sapientia,
3547 2598 3597 2640 et
3623 2601 3779 2639 manu

2208 2682 2301 2735 Dei
2328 2682 2468 2737 facta
2492 2692 2643 2746 sunt,
2668 2681 2968 2751 Scriptura:
2995 2697 3122 2736 vero
3149 2681 3342 2736 divina:
3371 2680 3437 2733 de
3477 2678 3585 2732 Deo
3611 2675 3785 2730 Verbo

2208 2773 2486 2827 clamant:
2525 2771 2718 2828 Omnia
2752 2789 2846 2838 per
2882 2772 3054 2841 ipsum
3084 2771 3226 2838 facta
3249 2778 3391 2835 sunt,
3430 2779 3478 2823 et
3530 2768 3641 2823 sine
3672 2768 3787 2835 ipso

2210 2863 2410 2932 factum
2443 2872 2517 2917 est
2565 2864 2699 2917 nihil
2731 2864 2799 2930 ⁸⁸,
2859 2881 2963 2917 non
2997 2874 3172 2934 potest
3201 2879 3321 2918 esse
3345 2878 3480 2932 opus
3514 2862 3789 2931 sapientiae

2211 2954 2304 3010 Dei
2334 2954 2539 3021 Filius;
2567 2957 2660 3010 sed
2691 2957 2872 3023 potius
2900 2955 3014 3023 ipse
3051 2939 3448 3024 estsapientia,
3493 2966 3547 3008 et
3565 2970 3780 3017 manus,

2212 3063 2315 3117 qua
2341 3055 2539 3103 cuncta
2572 3046 2713 3102 Deus
2761 3058 3040 3116 operatur.
3086 3050 3149 3102 lit
3180 3048 3511 3104 adhucidem
3557 3048 3648 3100 lib.
3674 3062 3783 3110 xw,

2210 3140 2523 3194 earumdem
2557 3140 2941 3194 Thesauron
2969 3154 2989 3195 .'
3022 3139 3179 3206 Quia,
3227 3140 3422 3211 inquit,
3453 3140 3679 3208 simplex
3704 3149 3791 3193 est

2212 3232 2377 3297 Deus,
2422 3233 2558 3286 nihil
2584 3231 2730 3285 aliud
2775 3243 2977 3302 praeter
3009 3234 3188 3302 ipsum
3230 3243 3310 3288 est
3338 3232 3617 3297 fortitudo,
3665 3247 3787 3301 qua:

2211 3326 2266 3380 in
2292 3325 2407 3393 ipso
2427 3335 2551 3391 est;
2594 3329 2690 3380 sed
2721 3326 2903 3393 potius
2957 3325 3077 3392 ipse
3108 3326 3317 3381 scilicet
3353 3335 3437 3380 est
3464 3323 3650 3387 Filius,
3692 3324 3785 3394 qui

2214 3433 2376 3471 unam
2407 3433 2528 3471 cum
2566 3418 2730 3473 Patre
2760 3418 3148 3485 substantiam,
3176 3428 3232 3471 et
3251 3419 3498 3472 eamdem
3536 3426 3784 3470 naturam

2214 3508 2413 3574 habet;
2449 3518 2508 3562 ut
2537 3510 2628 3577 qui
2657 3510 2913 3564 situnum
2929 3523 3140 3564 cumeo
3157 3509 3248 3578 qui
3282 3508 3485 3578 genuit,
3511 3507 3554 3562 si
3579 3516 3631 3561 et
3651 3508 3786 3561 Iteus

2212 3614 2278 3654 ex
2326 3599 2457 3665 Deo,
2498 3612 2554 3654 et
2584 3602 2765 3654 lumen
2811 3615 2879 3654 ex
2916 3590 3119 3654 lumine
3175 3600 3470 3670 Splenduit,
3523 3598 3709 3663 Filius,
3732 3608 3788 3652 et

2221 3708 2327 3745 non
2370 3691 2532 3745 Pater
2563 3692 2895 3748 intellectus.
2933 3693 3103 3763 igitur
3137 3694 3312 3747 omnis
3352 3692 3566 3763 cncrgia
3593 3702 3648 3746 et
3677 3692 3787 3743 vir-

2215 3794 2303 3839 tus
2358 3782 2556 3850 Patris,
2599 3801 2694 3854 per
2723 3800 2888 3854 quam
2941 3787 3123 3839 omnia
3188 3796 3464 3853 operatur,
3518 3785 3785 3855 quomodo

2212 3888 2357 3930 esset
2408 3887 2611 3930 natura;
2638 3877 2870 3931 creatae?
2902 3876 3071 3941 Idem,
3107 3879 3158 3930 in
3211 3876 3474 3945 capitibus
3497 3875 3559 3929 de
3586 3873 3787 3941 Spiritu

2214 3979 2397 4023 sancto
2427 4010 2441 4035 ,
2485 3971 2560 4023 ait
2598 3976 2649 4023 in
2686 3971 2921 4038 quodam
2943 3972 3060 4025 loco
3088 3970 3342 4025 Christus
3365 3970 3645 4039 diSputans
3664 3983 3783 4022 cum

2212 4062 2446 4117 Judaeis:
2478 4062 2538 4117 Si
2572 4072 2754 4116 autem
2783 4065 2948 4134 digito
2990 4062 3087 4117 Dei
3115 4064 3274 4133 ejicia
3300 4061 3580 4125 dtemom'a,
3626 4060 3788 4130 igitur

2214 4155 2442 4218 pervenit
2468 4156 2524 4208 in
2557 4171 2645 4209 vos
2683 4172 2895 4224 regnum
2928 4155 3025 4209 Dei
3056 4155 3124 4215 ⁸⁵.
3164 4155 3267 4210 hoc
3297 4155 3416 4209 loco
3445 4155 3667 4224 digitum
3693 4154 3789 4205 dc-

2223 4257 2490 4300 monstrat
2519 4261 2640 4301 esse
2665 4247 2932 4316 Spiritum
2968 4257 3238 4310 sanctum,
3259 4248 3348 4316 qui
3380 4246 3535 4300 modo
3555 4243 3787 4316 quodam

2213 4357 2276 4394 ex
2313 4341 2493 4395 divina
2554 4343 2861 4398 substantia
2916 4343 3244 4397 naturaliter
3283 4343 3576 4411 productus
3604 4348 3707 4412 est,
3732 4346 3821 4389 et.

2217 4434 2540 4488 naturaliter
2561 4452 2626 4490 es
2655 4450 2719 4489 ea
2753 4435 2968 4501 pendet,
3002 4435 3141 4489 sicut
3171 4436 3375 4504 digitus
3411 4450 3474 4489 ex
3509 4446 3662 4485 manu
3685 4429 3791 4482 ho-

604 4529 697 4595 rter
737 4529 905 4595 suam
960 4514 1139 4567 omnia
1190 4512 1336 4568 Deus
1366 4524 1637 4596 queratur.
1670 4515 1772 4596 {tisi
1819 4513 2014 4597 Filius.
2057 4529 2107 4572 et
2142 4525 2183 4576 ι)
2216 4527 2413 4592 tninis;
2468 4525 2661 4580 Filium
2716 4527 2861 4580 enim
2901 4529 3179 4597 appellant
3242 4527 3438 4581 divinae
3496 4512 3794 4590 Scriptura
3845 4564 3867 4593 ι

604 4583 835 4642 Spiritus
888 4595 1145 4642 sanctus;
1202 4600 1297 4639 nec
1323 4586 1432 4638 alia
1462 4594 1724 4642 sapientia
1755 4598 1801 4638 et
1835 4597 2020 4642 virtus.
2055 4599 2104 4642 et
2216 4618 2493 4642 .Αη,,.,ε,,,,.
2528 4628 2573 4642 ,.
2615 4620 2885 4642 -.η-.,,,,,,,,
2918 4620 2957 4642 n
2980 4620 3008 4642 ,ι
3071 4619 3205 4642 ,ι,,-.
3245 4619 3504 4642 ..,,..ι,-.....,
3536 4625 3611 4642 η..
3641 4611 3765 4642 .c..r

644 4599 835 4654 ptrttus
888 4599 1145 4649 sanetus,‘
1202 4600 1297 4639 nec
1323 4599 1432 4638 atra
1462 4599 1724 4654 sapientia
1755 4599 1801 4638 et
1835 4599 2020 4651 virtus,
2055 4599 2104 4642 et

644 4657 778 4689 Ιηνόη
831 4666 876 4689 ιο
909 4657 1083 4689 εηιηιιη
1120 4654 1211 4689 “is;
1267 4656 1371 4689 ηερε
1409 4652 1580 4689 Ε’ὅΙέηε
1607 4666 1654 4689 nl
1690 4652 1923 4689 ,ξῆν-ἱμει-

2216 4618 2495 4673 brachium
2525 4628 2578 4670 et
2610 4620 2887 4673 dexteram
2918 4620 3035 4684 Dei,
3070 4619 3212 4675 sicut
3242 4619 3507 4689 scriptum
3534 4625 3618 4670 est
3641 4611 3793 4670 :Sal-

601 4652 802 4725 gloria,
829 4666 876 4710 et
909 4657 1083 4724 imago
1111 4654 1229 4721 Dei,
1267 4656 1371 4709 nisi
1402 4652 1580 4709 Filius
1605 4666 1655 4709 et
1687 4652 1944 4726 Spiritus.
2217 4652 2495 4723 “"‘f’““""
2525 4652 2578 4670 ‘“
2610 4652 2887 4722 πνοῇ-η·
2918 4652 3035 4684 υυιν
3071 4652 3212 4724 mw.-
3242 4652 3507 4689 διυγιυυι
3534 4652 3760 4717 νοις-σι·-
3838 4666 3861 4725 1,

904 4736 909 4745 ν
1915 4730 1925 4741 “
2209 4719 2346 4766 venit
2368 4727 2486 4764 eum
2511 4712 2729 4764 dextera
2758 4727 2895 4781 ejus,
2937 4721 2986 4764 et
3021 4711 3291 4765 brachium
3327 4722 3565 4765 sanctum
3591 4724 3701 4777 ejus
3717 4708 3793 4769 “;

601 4795 828 4863 Magnus
857 4794 1214 4859 Athanasius,
1247 4795 1593 4866 hbroquiuto
1625 4794 1825 4852 Contra
1855 4800 2106 4857 Arianos:
2209 4816 2264 4860 et
2305 4804 2435 4857 illud
2462 4821 2477 4858 :
2522 4803 2769 4866 Domine,
2801 4804 3071 4858 excelsum
3100 4804 3371 4856 brachium
3395 4815 3562 4863 tuum,
3603 4812 3651 4856 et
3684 4816 3795 4853 non

531 4885 706 4953 Sicut,
737 4885 1094 4957 inquit,Deus
1126 4886 1290 4952 Pater
1318 4897 1599 4941 creaturas
1624 4885 1801 4942 Verbo
1828 4904 2005 4959 creat,
2030 4894 2112 4948 sic

538 4980 833 5032 secundum
870 4992 1119 5033 naturam
1163 4979 1397 5047 propriae
1444 4981 1765 5036 substantia:
1791 4983 1953 5037 habet
1986 5001 2112 5051 ger-

529 5084 650 5125 men
678 5068 937 5137 Verbum,
971 5072 1112 5137 quod
1138 5069 1436 5124 fabricatur
1461 5081 1515 5124 et
1557 5081 1726 5150 creat,
1748 5082 1802 5127 et
1828 5077 2099 5143 gubernat

595 5210 638 5242 οι
673 5209 813 5265 Psal.
850 5210 1090 5275 xxxn,6.
1154 5209 1198 5241 "
1218 5205 1326 5263 Tit.
1349 5223 1427 5273 Ill,
1452 5208 1505 5265 6.
1569 5210 1617 5243 ”
1644 5211 2050 5278 Exod.vut,t9.
2119 5216 2340 5272 “Joan.
2386 5234 2424 5280 ι,
2457 5219 2511 5275 5.
2552 5217 2747 5273 "Luc.
2802 5217 2986 5282 xt,9.0.
3055 5220 3536 5284 “Psal.xcvm,t.

525 5297 672 5337 xxvi.
698 5285 776 5335 11.

2210 4908 2584 4966 cognoverunt,
2634 4908 3001 4967 cognoscentes
3056 4907 3232 4950 autem
3278 4896 3672 4964 confundantur
3714 4893 3793 4950 ”.

2223 4988 2385 5043 Sicut
2425 4991 2587 5056 igitur
2620 4989 2906 5042 brachium
2938 4987 3261 5042 naturaliter
3280 4990 3333 5041 in
3366 4997 3535 5042 totum
3591 5000 3794 5054 corpus

2206 5089 2449 5150 aptatum
2519 5091 2623 5146 est,
2659 5079 2842 5133 omnia
2873 5093 3104 5148 Oper-aus
3149 5095 3482 5150 quaecunque
3516 5080 3678 5135 menti
3710 5080 3797 5132 vi-

3620 5219 3665 5250 ⁹⁷
3683 5216 3793 5273 lsa.

2027 5359 2307 5422 Scholia.

525 5452 792 5520 Spiritum
825 5462 1095 5518 sanctum,
1128 5452 1270 5508 sicut
1299 5453 1532 5524 dulcedo
1559 5471 1622 5510 ex
1659 5457 1841 5524 melle,
1875 5469 1933 5513 et
1959 5461 2098 5514 odor

523 5524 773 5601 tardiore,
810 5532 1060 5601 et_vapor
1092 5536 1359 5601 ett-aqua.
1382 5523 1500 5601 Quo
1530 5530 1804 5601 egetuplog
1827 5534 1966 5583 idem
1994 5529 2103 5601 Cy-

523 5593 677 5645 l‘liitlS
706 5607 821 5660 cap.
859 5592 1214 5668 '7_utitur;dsic
1237 5595 1380 5668 enim
1409 5597 1519 5668 ait:
1558 5592 1905 5667 Relinquitur
1938 5592 2101 5668 igitur

522 5671 577 5740 ut
636 5663 945 5716 necessario
990 5666 1387 5740 conlitentlutn
1418 5666 1510 5732 sit,
1541 5683 1663 5722 esse
1687 5663 1751 5721 ωε
1795 5663 2102 5724 substantia

517 5733 660 5805 ejus,
697 5748 816 5784 eum
839 5748 1053 5787 omnem
1080 5733 1196 5788 Filii
1228 5735 1317 5789 Dei
1342 5738 1600 5791 virtutem
1624 5748 1678 5793 et
1704 5741 2104 5805 operationem,

521 5799 742 5869 habent,
767 5812 820 5857 ul
850 5806 897 5860 si
932 5819 1091 5875 vapor
1111 5821 1178 5861 ex
1208 5820 1347 5877 aqua
1385 5808 1663 5876 ascendat,
1696 5799 1753 5863 et
1778 5824 1873 5877 per
1902 5824 1965 5864 ea
1990 5799 2108 5878 (μιεὲ

2197 5470 2476 5530 operatur,
2513 5474 2609 5517 eos
2636 5461 2778 5530 apud
2807 5477 2946 5530 quos
2970 5472 3071 5524 est,
3110 5458 3414 5530 refrigeret,
3448 5469 3504 5517 et
3530 5470 3790 5513 naturam

2201 5545 2355 5601 aqua;
2385 5531 2528 5585 unde
2578 5532 2866 5601 emittitur,
2902 5532 3194 5600 signiticet.
3231 5530 3502 5586 Hactenus
3532 5530 3794 5601 Cyrillus.

2202 5603 2291 5653 Sic
2335 5600 2521 5667 itaque
2572 5600 2781 5654 vocavit
2815 5603 2901 5654 hic
2943 5602 3208 5670 Spiritum
3245 5615 3517 5664 sanetum,
3551 5600 3794 5668 qualita-

2206 5680 2310 5723 tem
2338 5670 2643 5724 divinitatis
2687 5672 3007 5740 symbolice,
3029 5672 3273 5727 adhibita
3304 5675 3645 5727 correctione
3669 5686 3798 5723 ver-

2206 5740 2282 5801 bi,
2308 5750 2367 5792 ut
2393 5741 2435 5792 si
2471 5750 2723 5794 vocasset
2751 5756 3000 5809 vaporem
3031 5744 3350 5798 substantia:
3382 5743 3597 5807 diviuze,
3619 5742 3794 5798 simili

2206 5810 2457 5879 exemplo
2478 5818 2532 5865 et
2560 5812 2801 5882 symbolo
2832 5823 3006 5868 utens.
