4082 6436
321 427 421 493 liii

1218 418 1452 481 DECAS
1482 415 1677 478 lX.--
1719 417 1819 478 DE
1860 410 2312 474 l-XFlNlTATE
2356 411 2435 472 ΙΝ
2479 411 2642 471 DEO.

3468 405 3574 468 94?.

323 534 585 603 tiraninr;
644 536 785 589 solet
839 547 967 586 vero
1026 543 1229 600 ungere
1276 528 1448 598 digito
1484 528 1622 594 apud
1651 540 1776 579 cum
1804 524 1895 591 qui
1928 529 1970 583 Α
2003 524 2224 591 picntia,
2254 530 2374 577 erat
2433 524 2600 592 igitur
2627 534 2874 590 tempus;
2902 518 2954 572 in
2993 532 3099 589 quo
3126 528 3242 573 erat
3284 519 3425 573 Deus
3457 520 3576 573 sine

323 630 553 684 brachio
589 627 794 681 utitur:
824 622 905 678 sic
937 617 1172 674 Verbum
1215 620 1305 672 Dei
1342 632 1406 671 cx
1449 616 1588 685 ipso,
1616 625 1668 669 et
1697 617 1749 669 in
1782 616 1898 683 ipso

326 720 646 774 naturaliter
672 724 943 786 aptatum,
988 721 1048 767 ut
1074 712 1147 766 ita
1186 711 1386 771 dicam,
1427 718 1482 764 et
1512 710 1734 762 insitum
1769 721 1900 761 cnn-

326 812 637 867 sideramus
662 828 677 863 :
707 811 764 862 in
796 807 936 861 Filio
966 816 1146 859 autem
1178 802 1597 858 cottsideramns
1629 800 1898 869 Spiritum

329 901 652 957 naturaliter
680 899 732 953 ei
759 896 1195 953 snbstantialiter
1242 912 1270 948 a
1299 894 1462 948 Patre
1497 893 1901 962 procedentmn,

333 1010 426 1061 ler
449 1007 605 1059 quem
632 991 814 1044 omnia
844 1002 1058 1057 ungens
1090 986 1414 1040 sanctiﬁcat.
1447 984 1561 1038 Non
1592 983 1755 1053 igitur
1781 980 1907 1048 Spi-

331 1085 462 1138 ritus
489 1093 714 1136 sanctus
749 1096 776 1133 a
807 1080 990 1134 divina
1024 1077 1329 1131 substantia
1361 1076 1571 1129 alienus
1600 1083 1655 1127 et
1687 1072 1906 1143 disjun-

329 1186 447 1228 ctus
481 1174 713 1237 videtur,
747 1171 876 1240 quin
911 1168 1093 1239 potius
1116 1183 1188 1235 ex
1222 1168 1358 1235 ipsa,
1385 1167 1511 1221 etin
1542 1166 1658 1233 ipsa
1688 1175 1908 1217 natura-

328 1269 471 1320 liter.
497 1267 649 1318 Sicut
677 1265 842 1333 igitur
871 1262 1072 1330 digitus
1102 1260 1345 1328 corporis
1374 1259 1427 1311 in
1464 1272 1646 1320 mauu,
1670 1255 1909 1324 ejusdem

330 1364 539 1407 natura:
560 1367 750 1405 manus
774 1359 889 1411 est;
920 1352 1002 1403 sic
1028 1365 1221 1403 rursus
1253 1359 1305 1401 et
1343 1360 1536 1400 manus
1565 1346 1618 1398 in
1655 1358 1904 1410 corpore,

274 1487 285 1498 .
332 1458 439 1496 non
471 1455 554 1495 est
583 1442 809 1496 alterius
842 1450 1068 1501 naturas,
1101 1454 1260 1508 quam
1290 1438 1557 1508 corporis.
1593 1435 1716 1491 Haec
1745 1436 1910 1505 igitur

332 1553 454 1604 curn
479 1536 559 1591 sic
591 1524 723 1598 sint‘,
764 1534 1018 1604 Sequitur
1046 1533 1212 1587 Deum
1243 1547 1365 1586 esse
1393 1532 1655 1601 Spiritum
1678 1548 1691 1584 :
1712 1543 1767 1585 et
1804 1544 1909 1583 non

337 1628 494 1680 aliter
518 1642 656 1682 esse.
712 1627 901 1680 Adhuc
930 1610 1071 1679 idem
1106 1626 1156 1677 in
1183 1625 1423 1679 eisdem;
1465 1624 1549 1675 Ait
1589 1622 1642 1675 iu
1677 1623 1911 1690 quodam

339 1721 453 1773 loco
479 1719 647 1773 Deus:
679 1718 876 1772 Caelum
904 1727 954 1772 et
995 1728 1189 1771 terram
1221 1733 1316 1786 ego
1340 1716 1532 1783 impleo
1561 1715 1630 1779 ’⁸,
1656 1714 1789 1767 dicit
1809 1714 1913 1767 Do—

338 1814 550 1873 minus;
582 1812 761 1880 implut
786 1812 996 1865 scilicet
1023 1812 1221 1879 ubique
1243 1824 1480 1877 praesens
1508 1823 1606 1878 per
1627 1805 1910 1877 Spiritum,

336 1906 477 1971 quod
504 1906 717 1972 quidem
740 1919 858 1958 Cllttt
886 1907 1050 1959 sciret
1073 1904 1162 1971 qui
1184 1903 1432 1958 Psalmos
1454 1901 1670 1966 cecinit,
1706 1901 1905 1957 aiebat:

337 1997 451 2059 ριω
482 1997 565 2049 ibo
593 2014 622 2047 α
653 1997 847 2063 spiritu
878 1995 1008 2048 tuo?
1035 1993 1097 2049 Si
1123 1982 1408 2048 asce'mlero
1446 1994 1502 2046 in
1525 1993 1734 2054 caelum,
1763 2000 1819 2043 tu
1840 1990 1911 2042 il-

338 2090 409 2139 tic
443 2100 497 2139 es
535 2101 552 2137 :
586 2089 630 2139 si
662 2086 976 2140 descendet-0
998 2087 1054 2138 in
1081 2086 1371 2154 infernum,
1403 2084 1531 2136 ades
1554 2083 1625 2136 ’⁸.
1657 2081 1715 2136 Si
1749 2082 1935 2151 igitur

342 2194 439 2245 per
473 2175 732 2243 Spiritum
762 2178 950 2245 itnplrt
979 2178 1158 2231 omnia
1192 2176 1351 2237 Dens,
1382 2176 1538 2229 adest
1567 2185 1744 2227 autem
1792 2173 1915 2226 ubi-

338 2286 481 2335 que:
522 2269 660 2322 Deus
710 2268 874 2338 igitur
896 2276 981 2323 est
1034 2267 1291 2337 Spiritus,
1333 2265 1517 2320 omnia
1564 2264 1792 2334 impletis
1838 2273 1897 2317 ut

348 2362 510 2415 Dens.
545 2362 608 2415 Et
640 2361 694 2415 in
721 2362 922 2416 eisdem
953 2380 966 2415 :
992 2360 1109 2414 Non
1140 2374 1270 2429 ergo
1296 2367 1391 2412 est
1430 2356 1608 2411 factus
1656 2354 1912 2424 Spiritus,

343 2455 396 2507 in
425 2469 537 2525 quo
565 2454 619 2506 D.
643 2469 726 2515 us,
763 2465 815 2508 et
841 2469 938 2522 per
959 2468 1117 2522 quem
1174 2450 1354 2506 omnia
1385 2459 1676 2518 operatur;
1711 2458 1765 2500 et
1793 2460 1916 2516 pro-

343 2553 463 2612 pter
496 2543 596 2596 hoc
659 2546 978 2597 honoratur.
1032 2540 1262 2610 Magnus
1313 2537 1670 2603 Athanasius,
1720 2537 1816 2591 lib.
1872 2550 1911 2588 ll

345 2634 539 2687 Contra
563 2635 793 2690 Arianos
823 2652 841 2691 :
876 2635 1185 2709 Apostolus,
1218 2634 1415 2701 inquit,
1451 2630 1680 2702 gentiles
1730 2630 1794 2681 ad
1825 2642 1912 2679 re-

347 2722 636 2777 verentiam
697 2740 822 2790 erga
857 2722 1022 2775 Deum
1063 2725 1311 2776 excitans
1343 2721 1556 2773 aiebat:
1616 2716 1914 2770 lnrisibilia

340 2818 477 2872 enim
512 2818 675 2884 ipsius
701 2833 733 2869 a
759 2825 1005 2868 creatura
1031 2813 1214 2866 mundi
1241 2828 1332 2881 per
1359 2828 1420 2864 ea
1454 2825 1569 2880 qua'
1597 2808 1740 2875 facta
1766 2814 1907 2868 sunt,

344 2909 609 2963 intellecta
643 2910 1062 2976 conspiciuntur,
1123 2910 1442 2970 sempiterna
1503 2916 1706 2970 quoque
1752 2901 1917 2953 virtus

340 3005 454 3071 ejus
482 3012 530 3056 et
564 3003 812 3056 divinitas
846 3003 861 3033 ¹
891 3018 906 3059 ;
941 3015 1061 3068 quae
1090 3010 1267 3052 autem
1328 2998 1398 3050 sit
1432 2995 1523 3047 Dei
1555 2996 1746 3058 virtus,
1770 2993 1912 3046 idem

344 3095 540 3148 Paulus
599 3093 781 3153 docet,
815 3108 934 3144 cum
961 3095 1071 3146 ait:
1120 3091 1362 3145 Christus
1394 3088 1493 3142 Dei
1531 3090 1719 3149 virtus,
1740 3096 1788 3139 et
1822 3084 1917 3138 Dei

2003 614 2290 682 sapientia,
2312 624 2364 666 et
2382 613 2499 668 sine
2518 613 2734 674 virtute,
2755 627 2876 665 cum
2903 626 3009 664 non
3032 619 3177 665 esset
3211 608 3403 671 Filius,
3420 623 3548 662 crea
3576 642 3581 647 η

2006 713 2127 758 tura
2160 705 2302 757 enim
2324 705 2484 772 plane
2507 721 2571 757 ex
2604 705 2773 759 nihilo
2806 701 2901 768 lit;
2940 713 2994 755 at
3031 702 3247 769 sapiens
3280 709 3398 753 erat
3430 713 3578 754 sem-
3653 738 3666 759 ,

2006 808 2102 864 per
2126 804 2180 849 et
2201 805 2385 864 potens
2410 794 2548 848 Dens
2573 812 2588 861 ;
2615 804 2733 848 erat
2761 794 2924 860 igitur
2947 795 2992 846 ei
3019 792 3202 852 Filius,
3239 792 3329 861 qui
3360 799 3441 845 est
3460 806 3580 843 om-

2011 890 2094 940 nia
2119 886 2254 942 hzcc.
2298 886 2363 940 Et
2390 889 2561 939 adhuc
2584 888 2731 954 ipse:
2768 885 3077 947 Conﬁteris,
3111 885 3304 952 inquit,
3346 884 3468 937 licet
3498 883 3579 935 in-

2010 979 2173 1040 vitus,
2206 979 2479 1041 haeretica,
2514 979 2833 1047 sapientiam
2864 979 2956 1032 Dei
2993 977 3310 1032 naturaliter
3339 975 3578 1039 insitam,

2009 1077 2064 1122 et
2096 1068 2346 1121 virtutum
2378 1069 2641 1122 exsistere
2677 1072 2731 1122 in
2767 1070 2884 1138 ipso
2913 1071 3167 1133 increate.
3222 1066 3361 1123 Cum
3415 1068 3581 1137 igitur

2011 1161 2199 1215 audies
2235 1157 2451 1223 Filium,
2481 1160 2567 1213 dic
2589 1161 2749 1214 ctiam
2776 1177 2962 1215 rursus
2995 1163 3098 1214 duo
3127 1162 3400 1216 increata:
3443 1161 3583 1213 hanc

2015 1266 2140 1305 vero
2192 1252 2361 1320 ipsam
2395 1251 2447 1303 in
2494 1250 2600 1303 Deo
2636 1251 2958 1315 sapientiam
2982 1260 3034 1303 ct
3069 1253 3322 1304 virtutem
3346 1252 3585 1305 increate

2013 1356 2067 1398 et
2090 1345 2207 1398 sine
2257 1354 2496 1411 tempore
2521 1345 2866 1397 cxsistentetn
2913 1344 3185 1399 credimus
3212 1359 3332 1399 esse
3364 1343 3583 1410 Filium,

2014 1436 2104 1501 qui
2137 1436 2317 1489 omnia
2372 1435 2594 1498 creavit,
2632 1445 2685 1487 ct
2714 1444 2931 1503 propter
2961 1449 3062 1489 nos
3097 1434 3272 1488 factus
3325 1445 3406 1490 est
3429 1448 3581 1489 caro.

2017 1525 2081 1578 Et
2106 1526 2280 1580 adhuc
2312 1527 2423 1594 ipse
2467 1526 2518 1577 in
2547 1526 2778 1591 septimo
2813 1526 2878 1578 ad
2910 1522 3189 1579 Hermiam
3240 1526 3376 1579 libro
3398 1527 3585 1595 dispu-

2017 1629 2140 1670 tans
2170 1632 2317 1670 more
2349 1616 2582 1683 dialogi:
2609 1615 2740 1670 Cra.
2784 1614 2839 1669 lu
2875 1630 2980 1684 quo
3015 1625 3142 1670 sunt
3165 1617 3460 1686 sapientes,
3492 1616 3586 1685 qui

2017 1708 2291 1778 sapientes
2326 1707 2504 1760 ﬁunt?
2542 1707 2717 1761 llsnu.
2750 1707 2806 1760 ln
2858 1706 3123 1775 sapientia
3154 1706 3284 1761 Cra.
3340 1706 3510 1776 Igitur
3538 1707 3587 1760 si

2019 1800 2255 1868 Spiritus
2283 1803 2602 1867 sapientiam
2636 1802 2790 1852 docet
2824 1814 2885 1853 ea
2922 1813 3039 1867 quae
3070 1809 3194 1851 sunt
3228 1810 3350 1866 apta
3392 1799 3456 1851 ad
3492 1814 3587 1852 ca-

2014 1885 2266 1954 piendum
2322 1887 2667 1955 sapientiam,
2712 1887 2931 1940 omnino
2964 1887 3226 1955 sapientia
3273 1887 3397 1953 erit,
3424 1895 3479 1942 et
3509 1890 3591 1941 in-

2017 1979 2303 2047 telligetur,
2336 1981 2480 2033 hunc
2522 1993 2702 2035 autem
2745 1981 2981 2036 diximus
3012 1996 3134 2036 csse
3165 1981 3353 2036 Deum.
3391 1983 3454 2036 Et
3489 1986 3589 2037 ad-

2016 2072 2122 2125 huc
2162 2074 2212 2124 iu
2244 2073 2308 2126 iis
2333 2089 2449 2143 qua:
2482 2073 2548 2126 de
2575 2073 2778 2142 Spiritu
2826 2081 2986 2127 aucto
3045 2074 3302 2142 scripsit.:
3348 2073 3590 2131 Libenter

2013 2164 2174 2231 igitur
2202 2166 2364 2233 magis
2403 2165 2673 2235 gloriabor
2699 2166 2751 2219 in
2775 2165 3185 2228 inﬁrmitatibus
3218 2168 3370 2231 meis,
3404 2179 3461 2221 ut
3502 2169 3590 2222 in-

2014 2256 2208 2310 habitet
2244 2257 2299 2308 in
2342 2273 2421 2310 me
2469 2258 2637 2310 virtus
2662 2256 2858 2310 Christi
2879 2258 2901 2288 '
2929 2274 2950 2323 ;
2981 2258 3023 2312 si
3049 2268 3227 2312 autem
3248 2261 3483 2327 Spiritus
3507 2274 3591 2318 est

2014 2346 2102 2414 qui
2141 2345 2347 2398 hahitat
2375 2345 2427 2397 in
2463 2344 2641 2410 nobis,
2670 2356 2726 2399 et
2758 2360 2854 2414 per
2904 2346 3077 2415 ipsum
3109 2347 3378 2416 Christus,
3415 2351 3592 2409 virtus

2016 2437 2179 2504 igitur
2217 2446 2299 2490 est
2319 2436 2439 2504 ejus
2472 2436 2710 2504 Spiritus
2754 2445 3015 2503 sanctus;
3060 2439 3105 2493 si
3156 2451 3334 2495 autem
3379 2444 3479 2497 hoc
3508 2445 3588 2498 sic

2015 2538 2122 2590 est,
2155 2527 2426 2592 quomodo
2441 2531 2545 2581 erit
2576 2538 2847 2593 creatura,
2904 2529 2994 2599 qui
3025 2539 3215 2584 natura
3240 2534 3394 2587 adest
3420 2535 3470 2587 in
3495 2533 3590 2588 Fi-

2018 2620 2126 2674 lio?
2153 2619 2266 2673 Nisi
2300 2629 2511 2689 tempus
2555 2630 2662 2683 est,
2694 2631 2752 2674 ut
2784 2622 2949 2676 Deum
3009 2620 3269 2689 Verbum,
3331 2627 3421 2696 qui
3451 2629 3588 2684 nihil

2017 2712 2210 2779 duplex
2244 2712 2426 2774 habet,
2470 2713 2832 2781 compositum
2872 2728 2993 2769 esse
3028 2716 3180 2771 dicas
3213 2733 3278 2770 ex
3305 2729 3509 2785 creato,
3536 2731 3592 2775 et

2018 2820 2115 2858 sua
2150 2814 2362 2859 natura.
2385 2806 2588 2874 quodsi
2625 2806 2726 2859 hoc
2744 2807 3037 2861 absurdum
3071 2818 3187 2875 est,
3227 2826 3329 2865 non
3358 2810 3442 2867 et:
3467 2814 3592 2884 8ρὶ-

2018 2900 2153 2951 ritus
2183 2908 2418 2960 creatus,
2446 2906 2539 2950 aut
2575 2896 2770 2963 factus,
2804 2899 2899 2953 sed
2955 2915 3019 2954 ex
3052 2901 3238 2957 divina
3263 2914 3318 2960 et
3350 2920 3468 2975 qua:
3508 2909 3592 2963 in—

2021 2989 2309 3058 telligentia
2340 2988 2729 3058 comprehendi
2749 3004 2854 3044 non
2877 3000 3072 3059 potest,
3102 2995 3427 3062 substantia,
3457 3007 3595 3053 tam-

2018 3094 2180 3150 quam
2211 3080 2382 3148 ipsius
2410 3080 2582 3134 virtus
2604 3091 2658 3135 et
2683 3082 2900 3152 energia
2931 3084 3215 3140 naturalis.
3268 3086 3332 3140 Et
3364 3104 3593 3160 magnus

343 3187 603 3254 sapientia
629 3188 669 3240 '.
712 3184 777 3238 Et
810 3186 989 3238 adhuc
1019 3185 1073 3236 in
1126 3183 1312 3237 eodem
1347 3180 1511 3235 libro:
1564 3180 1800 3232 Audiant
1863 3186 1915 3231 et
1944 3153 1989 3216 ο
2023 3173 2373 3237 Athanasius,
2405 3172 2460 3226 in
2496 3173 2723 3242 epistola
2773 3173 2840 3229 ad
2870 3172 3256 3245 Serapionem:
3306 3179 3372 3233 Et
3400 3153 3592 3241 rursus

345 3282 409 3332 de
485 3279 820 3345 Sapientia:
892 3275 1031 3338 Quia
1088 3290 1187 3326 non
1250 3286 1321 3327 est
1381 3281 1440 3324 ut
1501 3273 1655 3325 homo
1710 3268 1914 3335 Deus',

343 3385 412 3424 ne
458 3376 689 3425 humana
744 3369 1006 3437 cogitent.
1063 3366 1130 3419 Et
1177 3366 1230 3420 in
1262 3366 1363 3420 hoc
1410 3367 1569 3429 libro,
1630 3364 1698 3418 de
1749 3363 1912 3433 ipso:

342 3461 560 3519 Etenim
621 3478 742 3517 cum
796 3463 1042 3516 homines
1101 3460 1229 3516 iacti
1284 3459 1395 3514 sint
1457 3458 1566 3528 apti
1614 3456 1680 3511 ad
1737 3456 1917 3525 perci-

343 3553 592 3623 piendam
615 3554 957 3621 sapientiam,
984 3553 1124 3607 Deus
1152 3552 1357 3607 nullius
1378 3550 1577 3619 alioqui
1618 3549 1914 3619 partideps,

343 3646 459 3713 ipse
494 3659 603 3697 sine
638 3642 930 3712 Sapientia:
952 3645 1112 3699 Pater
1141 3653 1243 3710 est,
1279 3642 1436 3711 cujus
1466 3641 1559 3711 qui
1584 3649 1712 3697 sunt
1745 3639 1918 3706 parti-

343 3733 514 3800 cipes,
542 3733 818 3801 sapientes
877 3733 1135 3802 appellari
1166 3740 1587 3787 consueverunt.
1645 3730 1916 3784 Prmterea

343 3833 531 3876 contra
560 3825 776 3877 eosdem
805 3825 1035 3880 Arianos
1062 3841 1074 3876 :
1114 3823 1169 3878 Si
1200 3839 1353 3893 ergo,
1407 3821 1602 3891 inquit,
1634 3820 1687 3875 in
1719 3820 1919 3874 divinis

344 3912 645 3982 Scriptnris
680 3929 786 3970 non
811 3917 1081 3983 reperitur
1116 3913 1216 3966 alia
1249 3914 1513 3982 sapientia
1551 3921 1746 3980 praeter
1777 3911 1920 3965 hunc

344 4002 559 4067 Filium,
592 4019 690 4057 nec
718 4019 782 4059 ex
813 4003 1064 4058 Patrihus
1096 4003 1388 4072 quidquam
1426 4003 1532 4056 tale
1589 4002 1916 4068 audivimus,

342 4106 419 4148 νει
441 4108 619 4152 autem
650 4108 882 4162 certum,
929 4106 977 4148 et
1006 4095 1291 4164 scriptum,
1319 4094 1561 4147 increate
1595 4094 1915 4162 sapientiam

338 4189 496 4242 sinutl
516 4188 782 4244 exsiStere
808 4205 929 4242 cum
948 4187 1130 4251 Patre,
1156 4197 1209 4241 et
1239 4203 1335 4256 per
1365 4202 1424 4241 se
1457 4187 1641 4241 mundi
1668 4188 1915 4254 opificem

340 4294 459 4333 ease
485 4282 506 4311 "
535 4296 552 4343 ;
587 4280 699 4345 ipse
735 4279 898 4332 fuerit
928 4276 1114 4331 Filius.
1138 4275 1203 4330 Et
1228 4277 1406 4330 adhuc
1436 4277 1575 4331 idem
1610 4278 1662 4330 in
1702 4280 1915 4333 eodem:

341 4373 507 4435 Sane,
533 4372 728 4439 inquit,
760 4370 842 4424 his
893 4369 1107 4422 duobus
1134 4368 1293 4423 dictis
1325 4369 1463 4421 inter
1492 4382 1551 4422 se
1608 4369 1916 4436 contrariis,

2022 3263 2148 3330 quia
2200 3260 2373 3317 Filius
2395 3272 2482 3317 est
2512 3262 2799 3329 sapientia,
2831 3270 2887 3317 et
2916 3264 3142 3332 veritas,
3183 3266 3445 3336 scriptum
3469 3279 3588 3324 est:

2023 3354 2251 3425 Spiritus
2280 3355 2579 3424 sapientior,
2631 3337 2688 3408 et.
2708 3355 2948 3409 actitatis
2973 3356 3013 3411 ‘.
3052 3357 3120 3412 Et
3149 3375 3337 3416 rursus
3373 3376 3388 3415 :
3421 3359 3593 3418 Filius

2020 3447 2240 3519 quidem
2281 3457 2365 3501 est
2395 3448 2565 3500 virtus
2592 3444 2710 3511 Dei,
2746 3454 2800 3501 et
2823 3445 3084 3503 Dominus
3100 3450 3316 3519 glorize;
3357 3452 3595 3524 Spiritus

2024 3552 2202 3596 autem
2229 3542 2427 3595 dicitur
2443 3540 2669 3609 spiritus
2700 3543 2939 3608 virtutis,
2966 3552 3019 3595 et
3048 3544 3271 3612 spiritus
3299 3546 3503 3614 glnt'ia'.
3528 3547 3594 3602 Et

2026 3649 2274 3688 rursum:
2299 3633 2503 3687 Deinde
2524 3646 2645 3685 cum
2677 3631 2836 3687 Pater
2851 3633 2943 3698 sit,
2964 3643 3023 3689 ut
3054 3633 3253 3691 Paulus
3274 3638 3409 3691 dixit
3429 3638 3472 3703 ',
3504 3654 3594 3692 so-

2022 3726 2106 3783 lus
2138 3725 2357 3792 sapiens
2382 3723 2543 3790 Deus,
2568 3722 2740 3778 Filius
2769 3730 2853 3778 est
2873 3726 3138 3794 sapientia
3167 3727 3306 3796 ejus,
3342 3729 3593 3785 Christus

2024 3817 2168 3871 enim
2201 3815 2294 3869 Dei
2335 3816 2527 3877 virtus,
2561 3823 2615 3869 et
2641 3813 2736 3868 Dei
2768 3816 3055 3887 sapientia,
3089 3827 3144 3873 et
3171 3834 3292 3873 cum
3342 3817 3520 3875 Filius
3544 3821 3591 3874 si

2023 3907 2117 3963 Dei
2136 3907 2426 3975 sapientia,
2445 3906 2773 3974 accipientes
2790 3923 2891 3965 nos
2914 3905 3172 3977 Spiritum
3197 3909 3593 3981 sapientircj‘i-

2017 3998 2150 4053 lium
2191 3997 2489 4064 habemus;
2553 4007 2607 4053 et
2639 3999 2694 4052 in
2741 3999 2855 4066 ipso
2901 4002 3174 4067 sapientes
3208 4002 3491 4060 cllicimur.
3526 4007 3594 4062 Et

2023 4105 2214 4146 rursus
2251 4091 2413 4155 idem,
2444 4100 2633 4146 contra
2667 4106 2760 4146 eos
2789 4091 2880 4161 qui
2910 4093 3383 4150 servinutverbis:
3405 4097 3589 4153 Gloria

2020 4186 2188 4249 enim,
2223 4184 2419 4254 inquit,
2480 4185 2680 4238 dicitur
2730 4180 3092 4253 Unigenitus:
3127 4183 3191 4236 Et
3224 4185 3447 4240 vidimus
3475 4188 3590 4257 glo—

2023 4276 2158 4329 riam
2186 4275 2322 4344 ejus,
2346 4274 2574 4344 glorian:
2597 4275 2751 4344 quasi
2805 4274 3063 4343 unigeniti
3089 4291 3120 4326 α
3158 4273 3315 4328 Patre
3342 4276 3388 4341 ⁸;
3421 4294 3590 4348 quare

2020 4367 2183 4422 illud:
2213 4366 2355 4419 Deus
2390 4364 2930 4420 Dontininostrilesn
2960 4366 3161 4420 Christi
3181 4370 3201 4399 °
3236 4371 3461 4436 perinde
3482 4380 3591 4434 est,

334 4462 482 4530 jnste
534 4463 654 4529 quis
685 4460 847 4523 dicat,
910 4461 1125 4514 vincere
1183 4461 1564 4529 proprietatem
1622 4458 1915 4530 Uuigeniti,
1950 4490 1992 4544 ο
2025 4460 2150 4511 utsi
2205 4459 2455 4512 dicatur:
2510 4457 2655 4511 Deus
2692 4460 2874 4512 carnis
2908 4456 3132 4522 Christi,
3175 4457 3336 4512 Pater
3381 4461 3588 4526 gloriae,

338 4553 467 4620 quia
502 4568 605 4605 non
650 4552 721 4604 sit
748 4552 890 4604 aliud
923 4552 1179 4617 Verbum,
1215 4552 1294 4605 vcl
1331 4552 1431 4604 alia
1466 4552 1764 4621 Sapientia,
1814 4554 1917 4609 nisi

343 4643 430 4698 hic
469 4645 638 4697 solus.
676 4641 739 4694 Et
766 4644 1023 4695 rnrsusin
1054 4644 1239 4695 eodem
1269 4659 1281 4695 :
1318 4642 1549 4696 Decebat
1571 4644 1735 4709 enim,
1757 4645 1917 4698 unius

339 4732 431 4786 Dei
470 4752 629 4786 unam
676 4746 794 4787 esse
819 4733 1129 4801 imaginem,
1164 4743 1217 4786 ct
1249 4748 1413 4785 unum
1466 4733 1624 4802 hujus
1656 4731 1911 4798 Verbum,

337 4837 391 4876 et
416 4843 574 4877 unam
611 4825 780 4892 ipsius
803 4823 1164 4891 sapientiam;
1224 4839 1392 4889 quare
1427 4825 1614 4890 miror,
1644 4828 1912 4894 quomodo

336 4931 460 4968 tum
478 4918 546 4969 sit
582 4932 721 4969 unus
757 4918 921 4979 Deus,
969 4916 1165 4968 umltas
1195 4914 1281 4967 isti
1315 4914 1579 4984 imagines
1613 4928 1666 4969 et
1693 4918 1912 4984 sapien-

338 5012 442 5062 tias
480 5011 773 5062 secundum
835 5024 960 5061 snas
994 5006 1349 5076 cogitationes
1407 5009 1735 5075 excogitant.
1773 5010 1911 5062 San-

336 5115 456 5154 etus
506 5100 737 5168 Cyrillns
773 5100 824 5152 in
862 5099 1149 5152 Thesauris
1187 5112 1204 5149 :
1241 5097 1295 5149 Si
1345 5098 1518 5151 factus
1568 5110 1671 5159 est,
1713 5100 1909 5167 inquit,

337 5191 529 5255 Filius,
562 5202 784 5245 vocatur
824 5204 1002 5244 autem
1063 5201 1117 5244 ct
1144 5199 1225 5241 est
1263 5187 1356 5240 Dei
1391 5192 1582 5251 virtus,
1612 5199 1665 5241 et
1700 5187 1791 5241 Dei
1825 5205 1913 5242 sa-

408 5290 454 5319 ”
511 5287 711 5341 Jun-tu.
756 5301 914 5345 uttt,
980 5283 1067 5337 Ἦ.
1174 5285 1220 5315 ¹¹⁹
1252 5283 1394 5337 Psal.
1450 5288 1713 5346 cixxvnt,
1751 5280 1804 5341 7,
1869 5281 1923 5335 8.

341 5358 418 5413 19.
517 5357 537 5388 δ
567 5356 728 5409 Prov.
760 5372 876 5413 vttt.
905 5354 995 5414 2‘2,
1026 5353 1117 5408 εὖ.
1212 5354 1232 5383 ⁸
1263 5353 1302 5404 ll
1335 5353 1459 5405 Cor.
1490 5366 1583 5415 xu,
1611 5352 1664 5404 9.

337 5443 376 5495 ι,
401 5427 455 5481 5.
536 5426 580 5458 ³⁸
607 5425 712 5479 lsa.
732 5441 895 5491 xxxv,
918 5429 965 5489 l,
994 5424 1048 5477 2.

1776 5354 1795 5379 ⁸
1834 5351 1937 5405 15η.
1968 5367 2043 5411 xr,
2086 5353 2138 5403 '2.

1154 5424 1191 5454 ”
1216 5423 1321 5476 lsa.
1353 5438 1441 5483 XL,
1471 5420 1533 5484 5;
1569 5420 1698 5473 Luc.
1735 5435 1794 5485 tt,
1832 5419 1886 5484 5,
1910 5421 1963 5475 6.

2021 4550 2182 4606 Pater
2206 4552 2504 4605 divinitatis
2532 4551 2631 4620 ti).
2661 4549 2899 4605 Gloriatu
2924 4541 3066 4603 enim
3098 4564 3250 4604 vocat
3279 4551 3592 4606 lsaias'Sal-

2015 4653 2254 4697 vatorem
2281 4645 2576 4695 secundum
2603 4641 2917 4711 dignitatem
2936 4641 3251 4695 divinitatis.
3278 4640 3415 4696 Cum
3440 4645 3584 4699 enim

2014 4740 2289 4785 narrasset
2325 4730 2605 4794 miracula,
2636 4746 2756 4799 qua:
2810 4729 2863 4782 in
2903 4730 3120 4784 deserto
3172 4732 3312 4786 t'acra
3357 4745 3506 4797 sunt,
3537 4748 3594 4789 et

2011 4819 2433 4888 exangelizasset
2455 4821 2690 4873 deserto:
2715 4818 2978 4885 Exsultet,
2999 4819 3194 4890 inquit,
3211 4822 3438 4877 solitudo
3459 4825 3590 4878 Jor-

2013 4910 2162 4974 dani,
2201 4921 2248 4963 et
2275 4911 2462 4979 ﬂoreat
2491 4919 2745 4978 tanquam
2771 4910 2977 4976 lilium;
3016 4912 3265 4979 quoniam
3299 4916 3469 4985 gloria
3499 4916 3594 4972 Li-

2014 5001 2135 5054 bani
2158 5001 2289 5055 data
2310 5011 2384 5055 est
2405 5003 2473 5063 ei,
2490 5013 2538 5055 et
2566 5003 2733 5055 honor
2751 5001 2982 5058 Carmeli
3006 5003 3072 5069 ";
3102 5014 3179 5072 et,
3202 5005 3434 5073 Populus
3447 5027 3592 5066 meus

2014 5093 2200 5146 ridebit
2232 5094 2459 5164 gloriam
2486 5092 2699 5149 Domini
2732 5105 2780 5148 et
2808 5096 3140 5151 altitudinem
3174 5097 3293 5164 Dei,
3325 5111 3371 5154 et
3399 5102 3588 5157 videbit

2014 5203 2184 5240 omnis
2224 5203 2347 5241 caro
2387 5187 2629 5242 salutare
2658 5188 2753 5243 Dei
2798 5190 2861 5243 “.
2903 5190 3086 5244 Gloria
3124 5192 3289 5263 igitur
3312 5204 3446 5249 esta
3471 5196 3589 5263 glo-

2051 5283 2065 5311 ι
2110 5279 2264 5335 ltotn.
2326 5298 2365 5340 ι.
2420 5282 2508 5335 ‘20.
2611 5285 2630 5314 '
2662 5282 2679 5336 l
2716 5283 2843 5338 Cor.
2901 5301 2940 5348 ι,
2976 5286 3066 5341 24.

3165 5290 3186 5321 ³
3237 5289 3397 5344 Num.
3433 5309 3588 5354 urit.

2230 5352 2249 5382 ⁷
2304 5352 2463 5406 Rom.
2505 5368 2615 5418 xvr,
2660 5354 2750 5408 27.

2828 5355 2848 5385 ⁸
2884 5353 3042 5412 Joan.
3078 5376 3115 5424 ι,
3150 5361 3234 5414 ll.
3341 5364 3360 5393 '
3389 5353 3585 5431 Ephes.

1827 5516 2102 5581 Schslia.

407 5623 486 5691 (l)
540 5620 702 5675 Pater
729 5622 932 5690 glorior,
972 5622 1135 5676 Pater
1185 5623 1500 5675 divinitatis.
1561 5619 1737 5691 Pater
1775 5620 1911 5691 divi:

339 5689 531 5749 uitatis
559 5689 776 5758 dicitur,
805 5694 854 5744 id
888 5704 990 5757 est,
1051 5693 1168 5747 Filii
1199 5709 1212 5755 ;
1269 5693 1605 5745 divinitatem
1654 5689 1822 5748 enim,
1858 5690 1944 5743 id'

335 5776 417 5820 est
444 5763 735 5819 essentiam
792 5763 1031 5815 divinam
1093 5763 1301 5830 accepit
1354 5778 1450 5829 pro
1508 5774 1736 5828 persona
1791 5758 1909 5814 Filii

472 5881 524 5909 υ

2017 5632 2238 5690 propter
2282 5622 2622 5679 identitatem
2650 5627 2750 5691 rei,
2823 5636 2881 5680 ut
2913 5626 3089 5682 (ἓνποί
3144 5626 3333 5682 Patres
3385 5627 3587 5688 solent.

2015 5694 2158 5762 quod
2186 5695 2351 5750 etiam
2381 5703 2607 5751 sanctus
2633 5693 2875 5753 Thomas
2905 5699 3239 5754 observavit.
