4082 6488
372 358 435 421 94
446 360 480 424 5

1281 373 1528 435 DECAS
1574 376 1674 437 IX.
1717 401 1787 412 —
1830 377 1927 439 DE
1968 378 2426 446 INFINITATE
2468 385 2550 445 ΙΝ
2588 382 2775 450 ΒΕΟῙ

2145 236 2173 257 ἐ

3550 388 3663 452 946

367 486 443 539 cit
476 483 623 541 Patri
659 506 672 543 :
720 485 974 557 Gloriﬁca
1008 504 1089 542 me
1113 486 1309 560 gloria,
1335 506 1493 556 quam
1543 490 1707 542 habui
1745 508 1777 542 a
1803 490 1948 557 prin-
1978 495 2018 548 Α
2052 501 2140 545 tur
2161 504 2238 545 est
2266 494 2332 547 iis
2361 496 2451 565 qui
2478 498 2789 562 advertunt,
2819 497 2961 568 quod
2989 497 3231 554 excitato
3270 512 3524 570 corpore,
3564 500 3657 555 lii.

365 579 501 642 cinia
530 579 674 647 apud
694 590 765 647 te,
806 590 1093 653 antequam
1121 589 1349 656 mundus
1371 590 1507 636 esset
1539 582 1604 635 ¹⁹.
1637 581 1778 637 Deus
1806 584 1952 636 enim

371 669 635 741 Verbum,
669 673 763 745 qui
796 683 924 731 ante
940 673 1204 730 mundum
1228 675 1454 744 gloriam
1491 675 1668 731 Patris
1695 677 1953 741 habebat,

367 765 495 835 quia
527 767 791 823 extremis
811 767 1011 823 diebus
1048 766 1230 824 factus
1257 777 1342 823 est
1377 766 1563 835 homo,
1590 768 1876 837 Oportebat
1898 777 1955 823 ut

370 876 505 918 caro
524 870 746 932 propter
769 861 1030 917 unionem
1054 877 1185 917 cum
1214 860 1413 925 Verbo,
1458 862 1590 919 illud
1616 862 1772 917 ﬂeret
1808 862 1953 933 quod

376 955 616 1012 Verbum
649 962 771 1022 est;
802 953 1069 1013 titantem
1096 954 1220 1019 ltoc,
1243 955 1373 1025 quia
1391 954 1521 1010 illud
1551 956 1782 1025 accepit,
1814 957 1958 1025 quod

373 1046 611 1104 habebat
642 1056 772 1102 ante
799 1046 1063 1102 mundum
1097 1064 1113 1112 ;
1171 1047 1275 1102 hoc
1331 1057 1511 1105 autem
1546 1059 1664 1102 erat
1716 1048 1959 1116 Spiritus

373 1151 619 1202 sanctus.
653 1140 790 1198 uiltil
815 1140 963 1195 enim
993 1140 1146 1195 aliud
1174 1147 1262 1197 est
1291 1151 1420 1196 ante
1468 1142 1666 1197 saecula
1732 1154 1964 1211 praeter-

370 1247 536 1299 quam
566 1233 813 1302 Patrem,
844 1242 901 1289 et
955 1231 1157 1289 Filium
1187 1241 1243 1288 et
1275 1232 1541 1301 Spiritum
1571 1244 1851 1302 sanctum,
1878 1238 1964 1291 id-

373 1328 528 1382 circo
558 1327 630 1382 ait
661 1329 750 1382 hic
784 1345 804 1383 :
844 1325 1129 1395 Gloriam,
1175 1343 1336 1397 quam
1386 1327 1582 1382 dedisti
1626 1328 1777 1392 mihi,
1840 1329 1963 1384 dedi

371 1419 527 1489 ipsis,
564 1428 623 1473 ut
644 1436 738 1486 per
759 1435 878 1473 eam
906 1420 960 1473 in
978 1436 1145 1473 unum
1178 1435 1381 1473 mecum
1423 1420 1756 1487 copulentur,
1791 1432 1843 1476 et
1872 1438 1965 1492 per

374 1524 657 1568 metecum
700 1512 784 1567 .“.
824 1511 1041 1567 Rursus
1099 1511 1268 1577 idem,
1331 1512 1473 1566 libro
1535 1514 1710 1584 primo
1773 1525 1961 1570 contra

379 1606 702 1660 Eunomium
733 1623 745 1659 :
785 1605 841 1660 Si
859 1612 1038 1659 autem
1077 1619 1295 1674 semper
1323 1614 1408 1660 est
1448 1606 1727 1677 gloriosus
1775 1607 1963 1678 Pater,

382 1701 476 1770 qui
506 1707 589 1752 est
627 1706 755 1753 ante
789 1696 1021 1764 saecula;
1051 1698 1227 1769 gloria
1266 1714 1398 1753 vero
1429 1697 1609 1754 Patris
1644 1708 1730 1754 est
1766 1699 1960 1767 Filius,

378 1793 473 1852 qui
497 1801 580 1845 est
601 1799 730 1846 ante
759 1806 959 1855 aevum,
994 1791 1251 1846 sitniliter
1278 1803 1460 1847 autem
1499 1792 1671 1860 gloria
1724 1792 1846 1847 Filii
1878 1801 1962 1847 est

375 1883 614 1945 Spiritus
640 1881 871 1947 Christi,
915 1881 1007 1951 qui
1034 1895 1251 1951 semper
1269 1894 1393 1936 cum
1423 1879 1561 1935 Filio
1607 1890 1663 1935 et
1685 1879 1847 1936 Patre
1883 1883 1961 1935 in-

374 1976 678 2046 tclligitur;
714 1974 860 2030 unde
889 1976 1107 2044 sapiens
1142 1975 1270 2040 iste,
1305 1983 1363 2028 et
1414 1987 1483 2030 ex
1516 1989 1627 2044 qua
1670 1975 1959 2044 disciplina

371 2071 693 2137 pronuntiat
756 2070 1032 2138 antiquius
1086 2070 1138 2122 in
1197 2068 1269 2124 iis
1309 2084 1430 2139 qua:
1476 2068 1800 2124 naturaliter
1835 2079 1965 2124 sunt

380 2161 691 2216 honorata?
744 2161 818 2215 Ex
851 2161 938 2217 bis
971 2161 1207 2217 efﬁcitur
1261 2161 1636 2229 manifestum,
1700 2164 1846 2233 quod
1906 2162 1960 2217 iu

375 2253 668 2314 Trinitate,
708 2270 828 2322 qiue
852 2270 1012 2323 supra
1038 2255 1402 2311 substantiam
1432 2265 1536 2319 est,
1596 2256 1747 2311 nullo
1790 2256 1957 2310 modo

379 2348 487 2402 alia
522 2358 607 2403 est
636 2347 881 2420 energia,
917 2348 1033 2402 sive
1058 2350 1323 2418 operatio,
1361 2360 1413 2404 et
1434 2364 1625 2404 manus
1663 2366 1762 2420 per
1803 2365 1963 2418 quam

379 2438 525 2492 Deus
548 2437 712 2492 Pater
739 2436 923 2491 omnia
966 2447 1113 2492 creat
1145 2449 1199 2492 et
1245 2435 1398 2503 facit,
1431 2438 1535 2492 nisi
1591 2439 1742 2494 solus
1782 2437 1957 2492 Filius

381 2539 437 2585 et
491 2526 730 2598 Spiritus
785 2537 1031 2592 sanctus,
1088 2527 1180 2597 qui
1230 2536 1359 2584 sunt
1401 2544 1595 2585 manus
1647 2529 1740 2584 Dei
1794 2545 1965 2600 supra

377 2635 540 2691 quam
558 2620 963 2688 substantiales,
981 2621 1342 2690 sicutfalicubi
1359 2622 1624 2689 scriptum
1643 2631 1726 2679 est
1746 2622 1966 2678 :Manus

381 2724 488 2768 tua:
514 2714 867 2784 feceruntme,
889 2724 938 2768 et
960 2714 1360 2783 plasmauerunt
1390 2730 1470 2769 me
1493 2715 1563 2783 “,
1594 2730 1694 2771 nec
1731 2716 1839 2770 alia
1871 2731 1964 2770 sa-

377 2809 579 2875 pientia
599 2815 656 2863 et
680 2808 851 2863 virtus
869 2806 983 2872 Dei,
1005 2808 1107 2863 nisi
1131 2806 1246 2863 haec
1260 2808 1374 2879 ipsa
1393 2821 1555 2877 supra
1579 2811 1961 2867 substantiam.

384 2896 556 2953 Verbo
576 2899 723 2954 enim
750 2899 960 2955 Domini
985 2900 1102 2955 ειειὶ
1125 2900 1331 2970 ﬁrmati
1351 2910 1502 2965 sunt,
1519 2915 1569 2957 et
1595 2901 1802 2973 Spiritu
1854 2903 1963 2957 oris

376 2990 493 3059 eius
526 2989 697 3045 omnis
720 2993 892 3046 virtus
918 3007 1100 3048 eorum
1125 2995 1168 3026 ¹¹
1190 2996 1231 3060 ⁶,
1253 3009 1355 3050 nec
1382 2994 1486 3049 alia
1510 2994 1689 3064 imago
1713 3004 1769 3050 et
1792 2994 1962 3065 gloria

378 3094 647 3139 coaeterna
680 3084 812 3151 Deo,
843 3086 947 3143 nisi
977 3087 1176 3153 Filius,
1211 3089 1303 3158 qui
1339 3097 1425 3145 est
1458 3103 1793 3160 supraquatu
1811 3089 1964 3157 priu-

2060 581 2164 635 lius
2181 583 2380 638 dicitur
2400 589 2540 655 apud
2560 587 2785 641 Paulum
2812 587 3084 642 escitatus
3109 602 3231 643 esse
3249 605 3278 643 τι
3308 589 3540 645 mortuis
3562 590 3609 623 ’⁸
3635 586 3653 656 ζ

2059 688 2257 743 corpus
2285 678 2427 731 enim
2456 670 2659 733 dicitur
2687 693 2786 749 pro
2818 695 3072 746 persona,
3095 681 3177 736 sic
3202 696 3332 749 ergo
3366 696 3493 736 cum
3520 682 3657 736 dici-

2065 775 2190 819 tur:
2235 766 2411 821 Vitam
2458 770 2611 825 dedit
2653 770 2818 827 Pater
2863 771 3025 840 Filio,
3068 774 3373 843 intelligere
3442 785 3659 840 Oportet

2067 855 2232 915 vitam
2269 863 2423 916 carui
2454 865 2656 919 datam.
2692 864 2748 920 Si
2783 868 2928 921 enim
2964 868 3071 922 vita
3125 877 3212 923 est
3242 868 3414 938 ipsius
3448 870 3654 929 carnis,

2065 953 2343 1019 quernodo
2401 954 2510 1007 vita
2576 956 2743 1010 vitam
2797 959 3046 1028 accipit?
3102 957 3336 1014 Sanctus
3393 960 3654 1032 Cyrinus,

2065 1043 2207 1098 libro
2228 1046 2419 1115 quinto
2443 1046 2797 1119 Dialogorum
2822 1051 2889 1105 ad
2941 1050 3221 1107 Hermian)
3277 1068 3291 1105 :
3353 1051 3410 1106 Si
3466 1052 3654 1122 igitur,

2065 1138 2264 1211 inquit,
2294 1153 2398 1194 non
2420 1150 2506 1195 est
2537 1141 2707 1196 Filius
2731 1143 2841 1199 vita
2871 1144 3175 1199 secundum
3215 1155 3492 1208 naturam,
3545 1145 3656 1199 erit

2064 1230 2289 1285 ontuino
2317 1231 2369 1285 in
2394 1231 2611 1301 propria
2637 1231 2815 1300 aliqua
2840 1241 3033 1286 natura
3058 1236 3285 1290 sortitus
3307 1234 3473 1288 vitam
3501 1250 3655 1289 suam

2067 1324 2231 1378 aliam
2261 1339 2424 1394 quam
2461 1324 2607 1395 quod
2665 1327 2780 1396 ipse
2801 1334 2907 1383 est.
2959 1326 3349 1397 Respondeant
3398 1342 3531 1398 ergo
3564 1330 3655 1396 qui

2067 1418 2149 1472 sic
2171 1428 2427 1484 corrupta
2456 1429 2512 1475 et
2558 1421 2854 1490 depravata
2891 1421 3143 1491 dogmata
3201 1420 3521 1488 defendunt,
3559 1423 3660 1475 sub

2067 1525 2176 1582 quo
2209 1525 2407 1580 genere
2438 1511 2544 1567 erit
2576 1512 2752 1580 nobis,
2782 1521 2839 1565 ut
2876 1513 2953 1565 illi
3011 1513 3353 1581 opinantur?
3410 1514 3659 1567 Demon-

2067 1614 2299 1659 stratum
2334 1604 2479 1658 enim
2506 1612 2614 1667 est,
2651 1619 2759 1659 non
2793 1619 2918 1660 esse
2940 1603 3167 1658 factum.
3218 1602 3356 1657 Hea.
3390 1601 3538 1666 Vita,
3575 1603 3663 1657 in-

2066 1699 2207 1768 quit,
2232 1697 2372 1753 l'acla
2406 1708 2491 1754 est
2516 1713 2544 1751 a
2591 1696 2782 1761 Patre,
2816 1699 2954 1751 dixit
2982 1696 3129 1751 enim
3180 1695 3418 1751 Joannes
3448 1714 3460 1749 :
3502 1695 3659 1761 Quod

2068 1793 2268 1862 factum
2293 1804 2368 1848 est
2387 1795 2441 1847 in
2470 1796 2605 1862 ipso,
2632 1793 2736 1847 vita
2756 1801 2868 1846 erat
2893 1790 3204 1849 “.Verbum
3239 1790 3397 1862 cujus
3425 1791 3532 1844 vita
3558 1803 3661 1843 est.

2067 1886 2199 1941 Cvn.
2235 1886 2337 1953 Qui
2365 1885 2638 1954 colligavit
2671 1885 2838 1954 igitur
2867 1883 3049 1945 ambo,
3077 1894 3130 1934 et
3164 1883 3215 1937 iu
3252 1896 3418 1937 unum
3458 1880 3662 1949 aliquid

2066 1979 2304 2034 contulit
2337 1978 2508 2032 vitam
2541 1985 2598 2032 et
2628 1973 2860 2043 Filium,
2896 1989 3001 2029 non
3042 1974 3188 2028 aliud
3213 1989 3334 2029 esse
3366 1972 3497 2027 dicit
3525 1988 3666 2041 prae-

2075 2082 2323 2141 terquam
2349 2071 2540 2135 vitam,
2593 2083 2717 2140 quae
2772 2069 2825 2123 in
2874 2066 2995 2138 ipso
3043 2075 3178 2122 est:
3231 2066 3303 2120 ita
3338 2076 3393 2119 ut
3437 2066 3665 2121 diversis

2068 2162 2388 2217 nominibus
2457 2172 2652 2217 natura
2712 2160 2880 2215 unius
2945 2159 3038 2229 qui
3106 2158 3447 2227 intelligitur,
3507 2157 3664 2212 nobis

2067 2257 2406 2326 significetur
2458 2256 2574 2310 sive
2616 2253 2790 2309 Filius
2819 2290 2834 2314 ,
2866 2252 2981 2307 sive
3013 2251 3125 2305 vita
3156 2249 3296 2303 forte
3324 2252 3532 2303 dicatur
3561 2250 3661 2317 (τι).

2067 2341 2225 2405 linit.
2268 2348 2385 2416 Sic,
2456 2351 2701 2418 inquam.
2749 2350 2819 2404 Et
2891 2363 3081 2402 rursus
3127 2347 3269 2401 idem
3329 2345 3469 2400 libro
3525 2362 3655 2400 vn:

2070 2444 2462 2514 Subjicienlur,
2490 2444 2691 2512 inquit,
2720 2443 3008 2497 nobiscum
3041 2440 3220 2495 sacris
3255 2447 3312 2493 ct
3335 2439 3534 2493 divinis
3567 2439 3659 2493 lit-

2068 2538 2228 2601 teris,
2267 2552 2387 2607 (pne
2431 2545 2622 2605 aperte
2656 2536 2978 2604 praedicant,
3008 2546 3115 2586 non
3141 2532 3265 2586 vitm
3291 2531 3359 2586 ab
3401 2530 3509 2585 alio
3543 2546 3660 2584 ma-

2069 2629 2586 2686 uantisminisuum
2619 2642 2764 2691 esse,
2822 2626 2920 2682 sed
2978 2640 3038 2680 re
3089 2640 3211 2680 esse
3262 2623 3436 2693 ipsam
3493 2624 3657 2677 vitam

2067 2725 2317 2793 spiritum
2383 2725 2509 2777 vitae
2557 2721 2859 2778 secundum
2920 2728 3176 2773 naturam
3243 2715 3521 2769 vivilicum
3604 2724 3661 2769 et

2067 2826 2355 2881 sanctum;
2387 2816 2465 2870 sic
2484 2815 2631 2870 enim
2667 2815 2740 2869 ait
2771 2810 2968 2867 alicubi
3011 2809 3254 2867 Paulus:
3294 2807 3355 2864 Si
3395 2808 3659 2876 Spirttus,

2067 2912 2158 2980 qui
2191 2909 2459 2964 suscitavit
2494 2907 2681 2962 Iesum
2702 2923 2734 2960 α
2762 2904 3237 2969 mortuis,habitat
3260 2904 3315 2957 in
3348 2903 3498 2955 nobis
3523 2919 3542 2962 ;
3565 2901 3657 2970 qui

2068 3002 2347 3057 suscitavit
2384 3000 2566 3056 Jesum
2592 3016 2626 3052 a
2662 2999 2912 3062 mortuis,
2947 2995 3232 3065 viviﬁcabit
3296 3003 3346 3048 et
3408 2991 3664 3046 mortalin

2068 3109 2293 3156 corpora
2321 3104 2503 3147 nostra
2554 3108 2645 3160 per
2698 3090 3084 3145 inhabitantem
3130 3086 3391 3157 Spiritum
3443 3084 3558 3154 ejus
3609 3084 3664 3136 in

383 3177 608 3246 cipiunt,
638 3188 691 3232 et
726 3177 967 3249 Spiritus
1018 3181 1158 3252 ejus,
1184 3182 1278 3252 qui
1322 3191 1407 3238 est
1459 3190 1587 3238 ante
1650 3183 1873 3247 saacula,
1910 3189 1965 3235 et
1992 3193 2036 3260 ο
2072 3189 2220 3240 nobis
2253 3186 2324 3241 ".
2354 3185 2615 3255 Spiritum
2650 3184 2816 3254 igitur
2870 3182 2998 3237 vita:
3029 3183 3329 3237 secundum
3386 3188 3660 3239 naturam,

377 3279 433 3324 et
462 3270 584 3325 sine
608 3271 717 3326 ulla
755 3272 1056 3328 variatione
1097 3274 1277 3346 imago
1319 3283 1374 3331 et
1424 3274 1598 3346 gloria
1650 3272 1746 3330 Dei
1788 3273 1965 3330 Patris

378 3376 482 3415 non
509 3362 763 3419 habentis
799 3378 1043 3421 causam.

969 3456 1204 3514 CAPUT
1247 3456 1361 3516 VII.

379 3543 537 3611 Quod
564 3547 633 3620 in,
655 3546 942 3614 Trinitate,
973 3568 1093 3619 quor
1113 3562 1189 3607 est
1238 3569 1403 3620 supra
1424 3552 1805 3611 substantiam.
1851 3569 1963 3608 non

446 3626 524 3670 est
560 3618 671 3673 alia
698 3619 828 3683 vita,
860 3624 937 3676 vel
970 3618 1239 3685 uoluntas,
1288 3618 1366 3678 uel
1412 3624 1674 3684 charitas.
1715 3622 1792 3677 vel
1838 3625 1965 3677 bea-

450 3688 746 3759 titudo.ivel
784 3693 1142 3759 pulchritudo.
1184 3694 1262 3749 vel
1287 3693 1567 3757 sanctitas,
1613 3710 1779 3754 neque
1807 3694 1965 3749 boni-

451 3765 557 3822 tas,
588 3758 665 3811 vel
704 3760 898 3832 forma,
926 3758 1007 3832 vel
1037 3779 1274 3832 regnum,
1325 3765 1430 3819 nisi
1476 3767 1586 3829 ipse
1640 3763 1815 3818 Filius
1845 3765 1963 3829 Dei,

448 3837 500 3880 et
555 3839 768 3882 sanctus
787 3830 901 3898 ejus
940 3830 1197 3901 Spiritus.

446 3916 874 3991 Cltrysostomus
943 3925 1249 3992 explauans
1304 3926 1491 3981 illud:
1556 3918 1643 3983 lu.
1689 3928 1802 3996 ipso
1851 3931 1963 3982 vita

377 4022 510 4070 erat,
537 4019 586 4065 et
620 4012 726 4065 vita
751 4023 865 4067 erat
890 4014 983 4069 luo;
1006 4015 1299 4072 hominum.
1332 4015 1471 4072 Cum
1513 4019 1721 4084 audies,
1766 4020 1960 4090 inquit,

375 4096 446 4155 In
471 4101 584 4167 ipso
619 4104 726 4157 vita
750 4114 886 4166 erat.
921 4122 987 4161 ne
1021 4108 1302 4164 existimes
1338 4110 1503 4165 Deum
1546 4115 1904 4179 compositum
1945 4133 1960 4170 :

377 4193 643 4263 siquidem
685 4197 945 4266 prodiens
991 4213 1054 4253 ex
1094 4199 1273 4266 Patre,
1307 4202 1418 4258 ait:
1449 4201 1602 4257 Sicut
1632 4200 1798 4259 Pater
1863 4207 1965 4259 Ita-

379 4288 460 4343 bet
489 4291 648 4345 vitam
684 4290 738 4344 in
763 4292 1066 4358 semetipso,
1094 4293 1172 4347 sic
1213 4294 1358 4348 dedit
1390 4304 1436 4348 et
1484 4293 1627 4349 Filio
1660 4298 1820 4351 vitam
1860 4301 1959 4351 ha~

378 4380 496 4436 bere
524 4382 578 4435 iu
604 4385 886 4453 semetipso
910 4386 956 4417 ¹¹
985 4401 1002 4453 ;
1032 4387 1235 4442 etenim
1266 4388 1395 4442 alibi
1432 4388 1599 4444 etiam
1628 4389 1782 4455 dicit,
1818 4391 1960 4460 quod

378 4475 467 4532 Ius
518 4486 604 4531 est
640 4477 785 4532 Deus
817 4478 935 4546 "';
983 4490 1040 4533 et
1083 4479 1280 4534 iterum
1315 4482 1459 4550 quod
1510 4484 1683 4537 lucem
1755 4483 1964 4539 habitat

379 4565 832 4620 inaccessabilem
866 4566 953 4631 “;
1002 4567 1116 4623 haec
1139 4570 1322 4623 omnia
1358 4569 1504 4624 dicta
1538 4579 1688 4635 sunt,
1747 4586 1854 4625 non
1908 4582 1968 4625 ut

378 4659 723 4729 suspicemur
752 4660 1211 4730 compositionem
1242 4700 1258 4727 ,
1313 4661 1410 4718 sed
1472 4675 1531 4716 ut
1578 4652 1836 4733 paulatim
1899 4667 1966 4718 ad

378 4754 752 4809 excelsitatem
791 4753 1106 4824 dogmatum
1142 4755 1438 4810 elevemur.
1503 4754 1642 4822 Quia
1680 4757 1825 4812 enim
1860 4772 1969 4810 non

378 4846 540 4901 facile
574 4846 696 4914 quis
729 4860 796 4901 ex
835 4845 995 4916 vulgo
1021 4846 1369 4914 cogitaverit,
1404 4848 1680 4916 quomodo
1733 4857 1816 4903 est
1859 4850 1968 4903 vita

380 4938 498 5006 ejus
533 4953 633 5009 per
654 4953 713 4993 se
732 4939 1029 5006 essistens,
1066 4941 1300 5008 primum
1330 4939 1577 5008 quidem-
1615 4940 1749 4995 illud
1800 4941 1964 5007 dixit,

379 5032 524 5097 quod
558 5031 816 5087 bumilius
848 5041 968 5099 est;
999 5030 1199 5087 deinde
1237 5031 1351 5102 iam
1383 5032 1626 5087 eruditos
1674 5034 1742 5087 ad
1798 5035 1960 5088 altius

379 5126 548 5181 ducit.
580 5124 682 5191 Qui
724 5125 869 5180 enim
896 5124 1074 5179 dixit:
1109 5122 1271 5177 Dedit
1303 5140 1351 5178 et
1398 5125 1560 5179 vitam
1592 5124 1785 5179 habere
1807 5166 1823 5190 ,
1865 5126 1955 5180 ltie

379 5234 571 5275 rursus
602 5219 721 5273 ait:
763 5217 876 5290 Ego
906 5234 1023 5272 sum
1063 5219 1171 5273 vita
1222 5218 1286 5271 “.
1323 5216 1550 5287 Magnus
1600 5222 1957 5286 Athanasius,

379 5312 434 5367 iu
466 5311 605 5367 libro
629 5310 704 5367 De
730 5313 955 5368 adventu
991 5312 1089 5367 Dei
1121 5315 1174 5367 in
1216 5329 1372 5367 carne
1411 5328 1428 5366 :
1470 5312 1814 5367 Manifestum
1847 5315 1955 5383 igia

454 5499 499 5531 ”
525 5495 684 5552 Joan.
744 5515 879 5562 xvu,
908 5500 960 5555 5.
1073 5502 1118 5532 ³ο
1143 5502 1276 5557 ibid.
1307 5502 1398 5556 22.

377 5584 418 5632 t,
480 5568 534 5623 5.
643 5568 744 5624 ³³1
787 5571 926 5628 'l'tttt.
985 5588 1059 5637 vr,
1114 5572 1202 5626 l6.
1315 5574 1359 5604 ³⁸
1413 5572 1572 5630 Joutt.

404 5609 418 5632 ,
480 5576 541 5639 5.
600 5576 744 5639 _"l
787 5576 926 5628 't'uu.
985 5588 1059 5637 vr,
1114 5576 1202 5626 l6.
1315 5576 1359 5604 "'
1413 5576 1572 5630 Joau.
1651 5591 1764 5639 stv,
1825 5576 1879 5630 6.

297 5698 299 5700 ,
378 5639 425 5673 ³⁸
444 5638 570 5696 ibid.
589 5637 646 5694 2.

1505 5505 1547 5535 ¹¹
1579 5504 1935 5568 Psal.cxvut,
1969 5500 2056 5555 75.
2134 5502 2201 5533 "‘
2228 5495 2373 5552 Psal.
2415 5511 2589 5555 xxx",
2635 5494 2690 5548 6.

1505 5590 1572 5625 ιιι.
1651 5591 1763 5625 χιιι.
1825 5576 1879 5625 6.
1989 5576 2035 5606 ⁸⁵
2084 5573 2262 5625 Galat.
2314 5583 2352 5625 ι.
2408 5570 2451 5621 ι.
2561 5567 2608 5603 ³⁸
2659 5564 2684 5620 J

2100 5590 2262 5629 ,ιὲιιειιο
2314 5590 2352 5633 ι,
2408 5590 2451 5621 ι.

2073 3293 2296 3345 prorsus
2322 3277 2454 3331 uiltil
2478 3276 2624 3332 aliud
2653 3285 2849 3346 pt'a'ter
2877 3273 3050 3344 ipsam
3069 3273 3235 3326 vitam
3258 3281 3340 3325 est
3360 3270 3659 3324 secundum

2073 3380 2276 3426 rectam
2321 3371 2614 3425 rationem.
2645 3370 2710 3423 Et
2745 3368 2924 3423 adhuc
2946 3367 3002 3421 in
3033 3365 3306 3435 capitibus
3335 3362 3411 3417 De
3451 3362 3659 3428 Spiritu

2069 3474 2255 3519 sancto
2295 3478 2312 3517 :
2348 3463 2622 3532 Scriptum
2650 3472 2734 3517 est
2759 3475 2947 3515 rursus
2977 3476 2993 3513 :
3024 3457 3085 3515 Si
3110 3459 3364 3527 Spiritus,
3389 3457 3665 3527 quisusci-

2072 3556 2200 3611 tavit
2230 3552 2413 3610 Jesum
2444 3553 2714 3610 Christum
2739 3569 2773 3607 a
2795 3552 3045 3619 mortuis,
3107 3549 3317 3604 habitat
3372 3549 3429 3603 in
3483 3547 3656 3608 nobis,

2068 3649 2160 3721 qui
2185 3649 2456 3703 suscitavit
2483 3645 2667 3701 Jesum
2700 3644 2979 3702 Christum
3026 3660 3059 3697 a
3087 3642 3337 3707 mortuis,
3368 3638 3663 3708 viviﬁcabit

2068 3752 2118 3799 et
2150 3742 2398 3797 mortalia
2413 3747 2638 3811 corpora
2668 3748 2851 3793 nostra
2873 3754 2966 3809 per
2988 3735 3373 3791 inltabitantem
3399 3731 3661 3803 Spiritum

2069 3834 2182 3904 ejus
2211 3836 2265 3889 in
2284 3833 2455 3889 nobis.
2488 3831 2596 3886 Sed
2625 3832 2668 3886 si
2693 3829 2931 3900 Spiritus
2958 3838 3181 3884 sanctus
3198 3837 3453 3882 creatura
3485 3834 3661 3892 esset,

2069 3939 2124 3983 et
2157 3928 2353 3993 factus,
2408 3935 2468 3980 ut
2514 3926 2706 3979 insane
2764 3924 2984 3977 tradunt
3047 3919 3316 3984 lmiretici,
3372 3919 3655 3988 quomodo

2070 4029 2236 4076 totam
2265 4020 2633 4090 operationem
2662 4015 2755 4071 Dei
2780 4016 3006 4070 baberet
3022 4013 3046 4067 τ
3063 4012 3178 4067 Νοιι
3197 4012 3340 4066 enim
3362 4012 3653 4081 quisquam

2072 4124 2303 4178 tantum,
2325 4120 2386 4166 ut
2417 4112 2631 4182 opinor,
2668 4125 2697 4163 a
2734 4122 2866 4163 sana
2891 4115 3073 4161 mente
3102 4105 3337 4170 excidet,
3371 4111 3431 4157 ut
3462 4101 3662 4156 audeat

2068 4206 2154 4261 vel
2170 4206 2360 4260 dicere
2394 4204 2593 4268 solum,
2617 4201 2817 4256 divinae
2836 4199 3159 4256 substantia:
3178 4213 3273 4268 per
3300 4200 3656 4252 instrumenta

2069 4298 2317 4366 quaedam
2348 4294 2480 4349 foris
2512 4302 2697 4349 creata
2728 4292 3032 4348 ministrari
3073 4290 3140 4345 ad
3186 4293 3559 4361 operationem
3590 4304 3657 4341 ex

2070 4404 2129 4443 se
2153 4389 2267 4456 ipsa
2333 4387 2658 4441 naturaliter
2723 4390 3098 4439 transeuntem
3142 4382 3208 4437 ad
3261 4383 3474 4451 aliquos
3505 4420 3521 4447 ,
3565 4383 3658 4449 qui

2069 4490 2202 4533 sunt
2229 4478 2299 4532 ad
2326 4477 2700 4547 recipiendqu
2730 4476 2878 4531 illam
2899 4474 3078 4529 idonei
3103 4484 3160 4530 et
3194 4474 3332 4543 apti.
3362 4472 3499 4539 Quia
3530 4487 3658 4525 vero

2071 4569 2257 4626 Filius.
2285 4570 2396 4624 vita
2435 4577 2521 4624 est
2560 4568 2861 4623 secundum
2896 4576 3175 4632 naturam,
3230 4564 3468 4635 Spiritus
3531 4579 3660 4617 vero

2070 4663 2139 4716 ab
2168 4665 2286 4734 ipso
2315 4662 2480 4717 datus
2508 4659 2777 4725 viviﬁcat,
2829 4659 3159 4730 relinquitur
3199 4657 3531 4726 necessario,
3599 4664 3659 4710 ut

2070 4755 2442 4812 coutitendum
2473 4756 2546 4808 sit
2574 4767 2696 4808 esse
2729 4767 2797 4807 ex
2833 4750 3142 4807 substantia
3192 4750 3335 4818 ejus,
3377 4765 3499 4804 cum
3537 4766 3657 4802 out-

2068 4863 2193 4902 nem
2232 4845 2355 4900 Filii
2393 4854 2449 4899 et
2481 4844 2576 4897 Dei
2608 4843 2865 4897 virtutem
2901 4850 2956 4896 et
3011 4841 3387 4921 operationem
3433 4841 3657 4904 habeat,

2070 4951 2131 4995 ut
2152 4941 2195 4994 si
2225 4954 2392 5007 vapor
2431 4954 2498 4994 ex
2544 4953 2681 5007 aqua
2706 4936 2987 4998 ascendat,
3015 4945 3071 4990 et
3101 4950 3197 5003 per
3220 4949 3281 4988 ea
3313 4951 3433 5004 qua:
3462 4952 3656 5003 tutem-

2078 5045 2187 5097 tur,
2221 5047 2314 5086 eos
2332 5031 2472 5101 apud
2495 5044 2630 5100 quos
2653 5039 2755 5093 est,
2782 5029 3089 5098 refrigeret,
3113 5038 3168 5082 et
3193 5042 3450 5093 naturam
3474 5046 3654 5098 aqum.

2075 5130 2214 5178 unde
2241 5124 2528 5183 emittitur,
2570 5120 2862 5188 signiticet.
2891 5121 2947 5171 lu
2986 5119 3191 5172 eisdem
3225 5135 3239 5171 :
3276 5116 3407 5184 Lex,
3459 5122 3656 5188 inquit,

2072 5218 2301 5287 Spiritus
2334 5219 2452 5269 vita:
2507 5215 2578 5275 ’⁸,
2647 5230 2713 5267 ne
2775 5212 3012 5280 Spiritus
3066 5224 3287 5266 sanctus
3354 5214 3659 5282 reperiatur

2073 5322 2283 5367 tantum
2343 5309 2516 5380 legem
2575 5305 2742 5371 ferre,
2797 5307 2893 5360 scd
2946 5306 3252 5375 reperiatur
3309 5305 3421 5375 jam
3486 5307 3652 5359 etiam

2800 5495 2843 5525 ’³
2876 5493 3033 5548 Joau.
3090 5509 3121 5545 ν
3144 5534 3157 5550 .
3192 5492 3282 5543 9.6.
3382 5490 3452 5520 ²’⁶
3490 5488 3650 5544 .loan.

2561 5567 2608 5603 ³⁸
2659 5564 2816 5622 Joan.
2865 5582 2918 5631 ι,
2955 5567 3012 5621 ι.
3122 5565 3165 5594 ¹⁷
3198 5563 3353 5615 llout.
3404 5576 3521 5627 vlu,
3578 5568 3657 5617 ιι.

451 5848 530 5916 (a)
564 5844 720 5914 Quod
768 5842 814 5901 si
849 5841 989 5899 nihil
1037 5843 1182 5900 aliud
1216 5854 1300 5902 est
1333 5859 1494 5917 quam
1531 5845 1662 5911 vita,
1705 5852 1852 5900 totus
1881 5850 1965 5898 cst
1990 5851 2121 5910 tuta,
2158 5854 2213 5897 et
2235 5856 2331 5898 sua
2366 5842 2471 5897 vita
2504 5854 2557 5897 et
2581 5858 2740 5899 suum
2768 5857 2914 5907 esse,
2949 5857 2997 5894 Ut
3031 5853 3136 5892 tton
3166 5836 3360 5897 lactus.
