  <div class='ocr_page' id='page_1' title='image "/cluster/home/n/w/nwhite01/storage/ocr_20150623/152/coo.31924054870575/481.png"; bbox 0 0 4082 6484; ppageno 0'>
   <div class='ocr_carea' id='block_1_1' title="bbox 462 379 629 442">
    <p class='ocr_par' dir='ltr' id='par_1_1' title="bbox 462 379 629 442">
     <span class='ocr_line' id='line_1_1' title="bbox 462 379 629 442; baseline 0 0"><span class='ocrx_word' id='word_1_1' title='bbox 462 379 565 442; x_wconf 65' lang='grc'><strong>947</strong></span> <span class='ocrx_word' id='word_1_2' title='bbox 626 428 629 429; x_wconf 46' lang='grc' dir='ltr'><em>ν</em></span> 
     </span>
    </p>
   </div>
   <div class='ocr_carea' id='block_1_2' title="bbox 1623 376 2577 444">
    <p class='ocr_par' dir='ltr' id='par_1_2' title="bbox 1623 376 2577 444">
     <span class='ocr_line' id='line_1_2' title="bbox 1623 376 2577 444; baseline 0.006 -5"><span class='ocrx_word' id='word_1_3' title='bbox 1623 378 1875 439; x_wconf 82' lang='lat' dir='ltr'><strong>JOANN</strong></span> <span class='ocrx_word' id='word_1_4' title='bbox 1888 379 1957 439; x_wconf 83' lang='lat' dir='ltr'><strong>IS</strong></span> <span class='ocrx_word' id='word_1_5' title='bbox 1996 376 2577 444; x_wconf 77' lang='lat' dir='ltr'><strong>CYPARISSIOT/E</strong></span> 
     </span>
    </p>
   </div>
   <div class='ocr_carea' id='block_1_3' title="bbox 3606 389 3723 452">
    <p class='ocr_par' dir='ltr' id='par_1_3' title="bbox 3606 389 3723 452">
     <span class='ocr_line' id='line_1_3' title="bbox 3606 389 3723 452; baseline 0.009 -1"><span class='ocrx_word' id='word_1_6' title='bbox 3606 389 3723 452; x_wconf 62' lang='lat'><strong>948</strong></span> 
     </span>
    </p>
   </div>
   <div class='ocr_carea' id='block_1_4' title="bbox 466 486 3723 563">
    <p class='ocr_par' dir='ltr' id='par_1_4' title="bbox 466 486 3723 563">
     <span class='ocr_line' id='line_1_4' title="bbox 466 486 3723 563; baseline 0.003 -19"><span class='ocrx_word' id='word_1_7' title='bbox 466 489 702 555; x_wconf 80' lang='lat' dir='ltr'><strong>spiritus</strong></span> <span class='ocrx_word' id='word_1_8' title='bbox 726 488 886 551; x_wconf 74' lang='lat' dir='ltr'><strong>vitre;</strong></span> <span class='ocrx_word' id='word_1_9' title='bbox 919 496 971 543; x_wconf 92' lang='lat' dir='ltr'><strong>et</strong></span> <span class='ocrx_word' id='word_1_10' title='bbox 996 501 1115 556; x_wconf 63' lang='lat' dir='ltr'><strong>quae</strong></span> <span class='ocrx_word' id='word_1_11' title='bbox 1143 486 1300 541; x_wconf 83' lang='lat' dir='ltr'><strong>vita?</strong></span> <span class='ocrx_word' id='word_1_12' title='bbox 1333 502 1467 541; x_wconf 87' lang='lat' dir='ltr'><strong>sane</strong></span> <span class='ocrx_word' id='word_1_13' title='bbox 1485 486 1760 556; x_wconf 82' lang='lat' dir='ltr'><strong>Christus,</strong></span> <span class='ocrx_word' id='word_1_14' title='bbox 1794 490 1887 558; x_wconf 87' lang='lat' dir='ltr'><strong>qui</strong></span> <span class='ocrx_word' id='word_1_15' title='bbox 1923 491 2041 547; x_wconf 85' lang='lat' dir='ltr'><strong>ait:</strong></span> <span class='ocrx_word' id='word_1_16' title='bbox 2071 498 2117 556; x_wconf 77' lang='grc' dir='ltr'>Α</span> <span class='ocrx_word' id='word_1_17' title='bbox 2146 492 2377 563; x_wconf 81' lang='lat' dir='ltr'><strong>Magnus</strong></span> <span class='ocrx_word' id='word_1_18' title='bbox 2416 495 2649 552; x_wconf 83' lang='lat' dir='ltr'><strong>Basilius</strong></span> <span class='ocrx_word' id='word_1_19' title='bbox 2679 497 2921 554; x_wconf 89' lang='lat' dir='ltr'><strong>scribens</strong></span> <span class='ocrx_word' id='word_1_20' title='bbox 2947 498 3014 554; x_wconf 89' lang='lat' dir='ltr'><strong>ad</strong></span> <span class='ocrx_word' id='word_1_21' title='bbox 3066 499 3426 556; x_wconf 60' lang='lat' dir='ltr'><strong>Caesarienses</strong></span> <span class='ocrx_word' id='word_1_22' title='bbox 3474 518 3489 555; x_wconf 86' lang='lat'><strong>:</strong></span> <span class='ocrx_word' id='word_1_23' title='bbox 3524 499 3582 554; x_wconf 88' lang='lat' dir='ltr'><strong>Si</strong></span> <span class='ocrx_word' id='word_1_24' title='bbox 3611 518 3723 555; x_wconf 88' lang='lat' dir='ltr'><strong>non</strong></span> 
     </span>
    </p>
   </div>
   <div class='ocr_carea' id='block_1_5' title="bbox 460 579 2046 653">
    <p class='ocr_par' dir='ltr' id='par_1_5' title="bbox 460 579 2046 653">
     <span class='ocr_line' id='line_1_5' title="bbox 460 579 2046 653; baseline 0.001 -17"><span class='ocrx_word' id='word_1_25' title='bbox 460 580 576 653; x_wconf 80' lang='lat' dir='ltr'><strong>Ego</strong></span> <span class='ocrx_word' id='word_1_26' title='bbox 609 596 728 636; x_wconf 86' lang='lat' dir='ltr'><strong>sum</strong></span> <span class='ocrx_word' id='word_1_27' title='bbox 767 581 964 636; x_wconf 77' lang='lat' dir='ltr'><strong>ueritas</strong></span> <span class='ocrx_word' id='word_1_28' title='bbox 981 590 1028 633; x_wconf 85' lang='lat' dir='ltr'><strong>et</strong></span> <span class='ocrx_word' id='word_1_29' title='bbox 1053 579 1159 634; x_wconf 81' lang='lat' dir='ltr'><strong>vita</strong></span> <span class='ocrx_word' id='word_1_30' title='bbox 1193 582 1259 633; x_wconf 69' lang='lat'><strong>&#39;9.</strong></span> <span class='ocrx_word' id='word_1_31' title='bbox 1294 580 1516 634; x_wconf 79' lang='lat' dir='ltr'><strong>Christo</strong></span> <span class='ocrx_word' id='word_1_32' title='bbox 1546 580 1712 651; x_wconf 77' lang='lat' dir='ltr'><strong>igitur</strong></span> <span class='ocrx_word' id='word_1_33' title='bbox 1755 583 1923 650; x_wconf 90' lang='lat' dir='ltr'><strong>legem</strong></span> <span class='ocrx_word' id='word_1_34' title='bbox 1966 583 2046 638; x_wconf 84' lang='lat' dir='ltr'><strong>fe-</strong></span> 
     </span>
    </p>
   </div>
   <div class='ocr_carea' id='block_1_6' title="bbox 460 670 2042 741">
    <p class='ocr_par' dir='ltr' id='par_1_6' title="bbox 460 670 2042 741">
     <span class='ocr_line' id='line_1_6' title="bbox 460 670 2042 741; baseline 0.001 -13"><span class='ocrx_word' id='word_1_35' title='bbox 460 682 638 737; x_wconf 88' lang='lat' dir='ltr'><strong>rente,</strong></span> <span class='ocrx_word' id='word_1_36' title='bbox 664 672 903 739; x_wconf 89' lang='lat' dir='ltr'><strong>Spiritus</strong></span> <span class='ocrx_word' id='word_1_37' title='bbox 929 670 1049 741; x_wconf 90' lang='lat' dir='ltr'><strong>ejus</strong></span> <span class='ocrx_word' id='word_1_38' title='bbox 1078 682 1263 740; x_wconf 81' lang='lat' dir='ltr'><strong>utpote</strong></span> <span class='ocrx_word' id='word_1_39' title='bbox 1292 687 1354 725; x_wconf 90' lang='lat' dir='ltr'><strong>cx</strong></span> <span class='ocrx_word' id='word_1_40' title='bbox 1386 674 1526 741; x_wconf 89' lang='lat' dir='ltr'><strong>ipso,</strong></span> <span class='ocrx_word' id='word_1_41' title='bbox 1562 684 1615 725; x_wconf 90' lang='lat' dir='ltr'><strong>et</strong></span> <span class='ocrx_word' id='word_1_42' title='bbox 1644 674 1697 727; x_wconf 91' lang='lat' dir='ltr'><strong>in</strong></span> <span class='ocrx_word' id='word_1_43' title='bbox 1735 674 1852 738; x_wconf 88' lang='lat' dir='ltr'><strong>ipso</strong></span> <span class='ocrx_word' id='word_1_44' title='bbox 1878 684 2042 730; x_wconf 84' lang='lat' dir='ltr'><strong>natu-</strong></span> 
     </span>
    </p>
   </div>
   <div class='ocr_carea' id='block_1_7' title="bbox 462 763 2039 835">
    <p class='ocr_par' dir='ltr' id='par_1_7' title="bbox 462 763 2039 835">
     <span class='ocr_line' id='line_1_7' title="bbox 462 763 2039 835; baseline 0.003 -17"><span class='ocrx_word' id='word_1_45' title='bbox 462 766 655 818; x_wconf 77' lang='lat' dir='ltr'><strong>raliter</strong></span> <span class='ocrx_word' id='word_1_46' title='bbox 677 763 1143 824; x_wconf 75' lang='lat' dir='ltr'><strong>cxsistensleaem</strong></span> <span class='ocrx_word' id='word_1_47' title='bbox 1184 765 1306 819; x_wconf 85' lang='lat' dir='ltr'><strong>l&#39;crt.</strong></span> <span class='ocrx_word' id='word_1_48' title='bbox 1350 764 1576 835; x_wconf 84' lang='lat' dir='ltr'><strong>Magnus</strong></span> <span class='ocrx_word' id='word_1_49' title='bbox 1603 766 1956 831; x_wconf 75' lang='lat' dir='ltr'><strong>Athanasius,</strong></span> <span class='ocrx_word' id='word_1_50' title='bbox 1982 768 2039 824; x_wconf 91' lang='lat' dir='ltr'><strong>in</strong></span> 
     </span>
    </p>
   </div>
   <div class='ocr_carea' id='block_1_8' title="bbox 459 854 2037 929">
    <p class='ocr_par' dir='ltr' id='par_1_8' title="bbox 459 854 2037 929">
     <span class='ocr_line' id='line_1_8' title="bbox 459 854 2037 929; baseline 0.003 -20"><span class='ocrx_word' id='word_1_51' title='bbox 459 872 569 910; x_wconf 89' lang='lat' dir='ltr'><strong>uno</strong></span> <span class='ocrx_word' id='word_1_52' title='bbox 607 871 673 909; x_wconf 86' lang='lat' dir='ltr'><strong>ex</strong></span> <span class='ocrx_word' id='word_1_53' title='bbox 705 854 857 909; x_wconf 85' lang='lat' dir='ltr'><strong>libris</strong></span> <span class='ocrx_word' id='word_1_54' title='bbox 904 863 1093 909; x_wconf 83' lang='lat' dir='ltr'><strong>contra</strong></span> <span class='ocrx_word' id='word_1_55' title='bbox 1136 857 1363 911; x_wconf 81' lang='lat' dir='ltr'><strong>Arianos</strong></span> <span class='ocrx_word' id='word_1_56' title='bbox 1397 874 1416 911; x_wconf 89' lang='lat'><strong><em>:</em></strong></span> <span class='ocrx_word' id='word_1_57' title='bbox 1450 857 1555 912; x_wconf 88' lang='lat' dir='ltr'><strong>Sed</strong></span> <span class='ocrx_word' id='word_1_58' title='bbox 1613 858 1789 928; x_wconf 88' lang='lat' dir='ltr'><strong>impii,</strong></span> <span class='ocrx_word' id='word_1_59' title='bbox 1840 860 2037 929; x_wconf 78' lang='lat' dir='ltr'><strong>inquit,</strong></span> 
     </span>
    </p>
   </div>
   <div class='ocr_carea' id='block_1_9' title="bbox 466 946 2042 1008">
    <p class='ocr_par' dir='ltr' id='par_1_9' title="bbox 466 946 2042 1008">
     <span class='ocr_line' id='line_1_9' title="bbox 466 946 2042 1008; baseline 0.003 -8"><span class='ocrx_word' id='word_1_60' title='bbox 466 962 574 1000; x_wconf 89' lang='lat' dir='ltr'><strong>non</strong></span> <span class='ocrx_word' id='word_1_61' title='bbox 599 947 909 1001; x_wconf 81' lang='lat' dir='ltr'><strong>concedunt</strong></span> <span class='ocrx_word' id='word_1_62' title='bbox 945 962 1068 1002; x_wconf 78' lang='lat' dir='ltr'><strong>esse</strong></span> <span class='ocrx_word' id='word_1_63' title='bbox 1101 946 1297 1003; x_wconf 86' lang='lat' dir='ltr'><strong>Filium</strong></span> <span class='ocrx_word' id='word_1_64' title='bbox 1338 947 1597 1008; x_wconf 82' lang='lat' dir='ltr'><strong>Verbum.</strong></span> <span class='ocrx_word' id='word_1_65' title='bbox 1649 962 1705 1004; x_wconf 90' lang='lat' dir='ltr'><strong>et</strong></span> <span class='ocrx_word' id='word_1_66' title='bbox 1756 952 2042 1006; x_wconf 90' lang='lat' dir='ltr'><strong>consilium</strong></span> 
     </span>
    </p>
   </div>
   <div class='ocr_carea' id='block_1_10' title="bbox 461 1038 2043 1109">
    <p class='ocr_par' dir='ltr' id='par_1_10' title="bbox 461 1038 2043 1109">
     <span class='ocr_line' id='line_1_10' title="bbox 461 1038 2043 1109; baseline 0.004 -19"><span class='ocrx_word' id='word_1_67' title='bbox 461 1038 676 1099; x_wconf 85' lang='lat' dir='ltr'><strong>vivens,</strong></span> <span class='ocrx_word' id='word_1_68' title='bbox 714 1053 899 1093; x_wconf 83' lang='lat' dir='ltr'><strong>verum</strong></span> <span class='ocrx_word' id='word_1_69' title='bbox 936 1038 1148 1109; x_wconf 83' lang='lat' dir='ltr'><strong>ﬁngunt</strong></span> <span class='ocrx_word' id='word_1_70' title='bbox 1174 1041 1425 1096; x_wconf 77' lang='lat' dir='ltr'><strong>accidere</strong></span> <span class='ocrx_word' id='word_1_71' title='bbox 1459 1041 1572 1096; x_wconf 73' lang='lat' dir='ltr'><strong>Deo</strong></span> <span class='ocrx_word' id='word_1_72' title='bbox 1600 1043 1837 1097; x_wconf 88' lang='lat' dir='ltr'><strong>humano</strong></span> <span class='ocrx_word' id='word_1_73' title='bbox 1893 1059 2043 1098; x_wconf 81' lang='lat' dir='ltr'><strong>more</strong></span> 
     </span>
    </p>
   </div>
   <div class='ocr_carea' id='block_1_11' title="bbox 461 1130 2044 1204">
    <p class='ocr_par' dir='ltr' id='par_1_11' title="bbox 461 1130 2044 1204">
     <span class='ocr_line' id='line_1_11' title="bbox 461 1130 2044 1204; baseline 0.008 -24"><span class='ocrx_word' id='word_1_74' title='bbox 461 1130 618 1193; x_wconf 83' lang='lat' dir='ltr'><strong>velle,</strong></span> <span class='ocrx_word' id='word_1_75' title='bbox 648 1139 703 1184; x_wconf 88' lang='lat' dir='ltr'><strong>et</strong></span> <span class='ocrx_word' id='word_1_76' title='bbox 734 1130 1060 1196; x_wconf 89' lang='lat' dir='ltr'><strong>sapientiam</strong></span> <span class='ocrx_word' id='word_1_77' title='bbox 1115 1141 1373 1199; x_wconf 85' lang='lat' dir='ltr'><strong>tauquam</strong></span> <span class='ocrx_word' id='word_1_78' title='bbox 1417 1134 1657 1189; x_wconf 90' lang='lat' dir='ltr'><strong>habitum</strong></span> <span class='ocrx_word' id='word_1_79' title='bbox 1712 1137 1954 1204; x_wconf 87' lang='lat' dir='ltr'><strong>habere;</strong></span> <span class='ocrx_word' id='word_1_80' title='bbox 1987 1146 2044 1192; x_wconf 91' lang='lat' dir='ltr'><strong>et</strong></span> 
     </span>
    </p>
   </div>
   <div class='ocr_carea' id='block_1_12' title="bbox 459 1221 2041 1291">
    <p class='ocr_par' dir='ltr' id='par_1_12' title="bbox 459 1221 2041 1291">
     <span class='ocr_line' id='line_1_12' title="bbox 459 1221 2041 1291; baseline 0.006 -17"><span class='ocrx_word' id='word_1_81' title='bbox 459 1221 639 1275; x_wconf 82' lang='lat' dir='ltr'><strong>omnia</strong></span> <span class='ocrx_word' id='word_1_82' title='bbox 670 1230 886 1277; x_wconf 88' lang='lat' dir='ltr'><strong>moveut</strong></span> <span class='ocrx_word' id='word_1_83' title='bbox 907 1237 972 1276; x_wconf 91' lang='lat' dir='ltr'><strong>ac</strong></span> <span class='ocrx_word' id='word_1_84' title='bbox 1000 1221 1271 1277; x_wconf 76' lang='lat' dir='ltr'><strong>Valentini</strong></span> <span class='ocrx_word' id='word_1_85' title='bbox 1300 1225 1705 1291; x_wconf 74' lang='lat' dir='ltr'><strong>intelligentiam</strong></span> <span class='ocrx_word' id='word_1_86' title='bbox 1743 1238 1797 1281; x_wconf 86' lang='lat' dir='ltr'><strong>et</strong></span> <span class='ocrx_word' id='word_1_87' title='bbox 1847 1228 2041 1283; x_wconf 85' lang='lat' dir='ltr'><strong>volun-</strong></span> 
     </span>
    </p>
   </div>
   <div class='ocr_carea' id='block_1_13' title="bbox 462 1313 2043 1388">
    <p class='ocr_par' dir='ltr' id='par_1_13' title="bbox 462 1313 2043 1388">
     <span class='ocr_line' id='line_1_13' title="bbox 462 1313 2043 1388; baseline 0.006 -22"><span class='ocrx_word' id='word_1_88' title='bbox 462 1322 632 1367; x_wconf 91' lang='lat' dir='ltr'><strong>tatem</strong></span> <span class='ocrx_word' id='word_1_89' title='bbox 658 1313 947 1384; x_wconf 80' lang='lat' dir='ltr'><strong>objiciunt.</strong></span> <span class='ocrx_word' id='word_1_90' title='bbox 987 1316 1223 1370; x_wconf 89' lang='lat' dir='ltr'><strong>Sanctus</strong></span> <span class='ocrx_word' id='word_1_91' title='bbox 1268 1315 1504 1388; x_wconf 85' lang='lat' dir='ltr'><strong>Cyrillns</strong></span> <span class='ocrx_word' id='word_1_92' title='bbox 1541 1318 1592 1372; x_wconf 91' lang='lat' dir='ltr'><strong>in</strong></span> <span class='ocrx_word' id='word_1_93' title='bbox 1628 1318 1910 1375; x_wconf 84' lang='lat' dir='ltr'><strong>Tliesauris</strong></span> <span class='ocrx_word' id='word_1_94' title='bbox 1941 1337 1961 1374; x_wconf 90' lang='lat'><strong><em>:</em></strong></span> <span class='ocrx_word' id='word_1_95' title='bbox 1988 1321 2043 1376; x_wconf 90' lang='lat' dir='ltr'><strong>Si</strong></span> 
     </span>
    </p>
   </div>
   <div class='ocr_carea' id='block_1_14' title="bbox 458 1405 2036 1477">
    <p class='ocr_par' dir='ltr' id='par_1_14' title="bbox 458 1405 2036 1477">
     <span class='ocr_line' id='line_1_14' title="bbox 458 1405 2036 1477; baseline 0.006 -21"><span class='ocrx_word' id='word_1_96' title='bbox 458 1405 772 1468; x_wconf 87' lang='lat' dir='ltr'><strong>consilium,</strong></span> <span class='ocrx_word' id='word_1_97' title='bbox 804 1406 1001 1475; x_wconf 89' lang='lat' dir='ltr'><strong>inquit,</strong></span> <span class='ocrx_word' id='word_1_98' title='bbox 1020 1414 1077 1461; x_wconf 91' lang='lat' dir='ltr'><strong>et</strong></span> <span class='ocrx_word' id='word_1_99' title='bbox 1109 1407 1364 1462; x_wconf 84' lang='lat' dir='ltr'><strong>voluntas</strong></span> <span class='ocrx_word' id='word_1_100' title='bbox 1427 1408 1606 1463; x_wconf 85' lang='lat' dir='ltr'><strong>Patris</strong></span> <span class='ocrx_word' id='word_1_101' title='bbox 1632 1418 1717 1464; x_wconf 90' lang='lat' dir='ltr'><strong>cst</strong></span> <span class='ocrx_word' id='word_1_102' title='bbox 1749 1408 1942 1477; x_wconf 88' lang='lat' dir='ltr'><strong>Filius,</strong></span> <span class='ocrx_word' id='word_1_103' title='bbox 1976 1421 2036 1467; x_wconf 93' lang='lat' dir='ltr'><strong>ut</strong></span> 
     </span>
    </p>
   </div>
   <div class='ocr_carea' id='block_1_15' title="bbox 458 1497 2036 1567">
    <p class='ocr_par' dir='ltr' id='par_1_15' title="bbox 458 1497 2036 1567">
     <span class='ocr_line' id='line_1_15' title="bbox 458 1497 2036 1567; baseline 0.006 -17"><span class='ocrx_word' id='word_1_104' title='bbox 458 1497 680 1565; x_wconf 77' lang='lat' dir='ltr'><strong>quidem</strong></span> <span class='ocrx_word' id='word_1_105' title='bbox 714 1506 819 1563; x_wconf 87' lang='lat' dir='ltr'><strong>est,</strong></span> <span class='ocrx_word' id='word_1_106' title='bbox 846 1500 1119 1567; x_wconf 90' lang='lat' dir='ltr'><strong>quomodo</strong></span> <span class='ocrx_word' id='word_1_107' title='bbox 1151 1500 1406 1554; x_wconf 82' lang='lat' dir='ltr'><strong>voluntas</strong></span> <span class='ocrx_word' id='word_1_108' title='bbox 1439 1504 1714 1557; x_wconf 85' lang='lat' dir='ltr'><strong>antecedit</strong></span> <span class='ocrx_word' id='word_1_109' title='bbox 1740 1507 2036 1560; x_wconf 87' lang='lat' dir='ltr'><strong>essentiam</strong></span> 
     </span>
    </p>
   </div>
   <div class='ocr_carea' id='block_1_16' title="bbox 457 1587 2042 1655">
    <p class='ocr_par' dir='ltr' id='par_1_16' title="bbox 457 1587 2042 1655">
     <span class='ocr_line' id='line_1_16' title="bbox 457 1587 2042 1655; baseline 0.006 -14"><span class='ocrx_word' id='word_1_110' title='bbox 457 1587 627 1655; x_wconf 77' lang='lat' dir='ltr'><strong>ejus?</strong></span> <span class='ocrx_word' id='word_1_111' title='bbox 682 1587 748 1642; x_wconf 88' lang='lat' dir='ltr'><strong>Et</strong></span> <span class='ocrx_word' id='word_1_112' title='bbox 778 1605 966 1645; x_wconf 88' lang='lat' dir='ltr'><strong>rursus</strong></span> <span class='ocrx_word' id='word_1_113' title='bbox 998 1591 1050 1644; x_wconf 90' lang='lat' dir='ltr'><strong>in</strong></span> <span class='ocrx_word' id='word_1_114' title='bbox 1076 1591 1280 1645; x_wconf 87' lang='lat' dir='ltr'><strong>eisdem</strong></span> <span class='ocrx_word' id='word_1_115' title='bbox 1311 1608 1325 1644; x_wconf 90' lang='lat'><strong>:</strong></span> <span class='ocrx_word' id='word_1_116' title='bbox 1363 1592 1471 1647; x_wconf 85' lang='lat' dir='ltr'><strong>Aut</strong></span> <span class='ocrx_word' id='word_1_117' title='bbox 1508 1594 1651 1647; x_wconf 84' lang='lat' dir='ltr'><strong>enim</strong></span> <span class='ocrx_word' id='word_1_118' title='bbox 1681 1609 1906 1651; x_wconf 78' lang='lat' dir='ltr'><strong>necesse</strong></span> <span class='ocrx_word' id='word_1_119' title='bbox 1954 1606 2042 1651; x_wconf 86' lang='lat' dir='ltr'><strong>est</strong></span> 
     </span>
    </p>
   </div>
   <div class='ocr_carea' id='block_1_17' title="bbox 458 1679 2041 1754">
    <p class='ocr_par' dir='ltr' id='par_1_17' title="bbox 458 1679 2041 1754">
     <span class='ocr_line' id='line_1_17' title="bbox 458 1679 2041 1754; baseline 0.006 -25"><span class='ocrx_word' id='word_1_120' title='bbox 458 1694 557 1732; x_wconf 81' lang='lat' dir='ltr'><strong>vos</strong></span> <span class='ocrx_word' id='word_1_121' title='bbox 590 1679 750 1733; x_wconf 89' lang='lat' dir='ltr'><strong>aliam</strong></span> <span class='ocrx_word' id='word_1_122' title='bbox 788 1680 992 1751; x_wconf 80' lang='lat' dir='ltr'><strong>ﬁngere</strong></span> <span class='ocrx_word' id='word_1_123' title='bbox 1021 1683 1367 1751; x_wconf 84' lang='lat' dir='ltr'><strong>sapientiam,</strong></span> <span class='ocrx_word' id='word_1_124' title='bbox 1400 1685 1451 1738; x_wconf 92' lang='lat' dir='ltr'><strong>in</strong></span> <span class='ocrx_word' id='word_1_125' title='bbox 1514 1700 1649 1752; x_wconf 81' lang='lat' dir='ltr'><strong>qua,</strong></span> <span class='ocrx_word' id='word_1_126' title='bbox 1687 1701 1809 1740; x_wconf 92' lang='lat' dir='ltr'><strong>cum</strong></span> <span class='ocrx_word' id='word_1_127' title='bbox 1847 1688 2041 1754; x_wconf 87' lang='lat' dir='ltr'><strong>voluit,</strong></span> 
     </span>
    </p>
   </div>
   <div class='ocr_carea' id='block_1_18' title="bbox 461 1770 2041 1846">
    <p class='ocr_par' dir='ltr' id='par_1_18' title="bbox 461 1770 2041 1846">
     <span class='ocr_line' id='line_1_18' title="bbox 461 1770 2041 1846; baseline 0.007 -23"><span class='ocrx_word' id='word_1_128' title='bbox 461 1770 658 1825; x_wconf 84' lang='lat' dir='ltr'><strong>Filium</strong></span> <span class='ocrx_word' id='word_1_129' title='bbox 682 1773 917 1842; x_wconf 83' lang='lat' dir='ltr'><strong>peperit,</strong></span> <span class='ocrx_word' id='word_1_130' title='bbox 953 1782 1010 1829; x_wconf 92' lang='lat' dir='ltr'><strong>ut</strong></span> <span class='ocrx_word' id='word_1_131' title='bbox 1041 1790 1138 1829; x_wconf 91' lang='lat' dir='ltr'><strong>vos</strong></span> <span class='ocrx_word' id='word_1_132' title='bbox 1166 1775 1388 1846; x_wconf 78' lang='lat' dir='ltr'><strong>dicitis;</strong></span> <span class='ocrx_word' id='word_1_133' title='bbox 1421 1788 1511 1831; x_wconf 92' lang='lat' dir='ltr'><strong>aut</strong></span> <span class='ocrx_word' id='word_1_134' title='bbox 1535 1778 1580 1832; x_wconf 92' lang='lat' dir='ltr'><strong>si</strong></span> <span class='ocrx_word' id='word_1_135' title='bbox 1627 1780 1732 1832; x_wconf 89' lang='lat' dir='ltr'><strong>alia</strong></span> <span class='ocrx_word' id='word_1_136' title='bbox 1782 1795 1890 1833; x_wconf 91' lang='lat' dir='ltr'><strong>non</strong></span> <span class='ocrx_word' id='word_1_137' title='bbox 1934 1789 2041 1846; x_wconf 88' lang='lat' dir='ltr'><strong>cst,</strong></span> 
     </span>
    </p>
   </div>
   <div class='ocr_carea' id='block_1_19' title="bbox 2147 586 3721 663">
    <p class='ocr_par' dir='ltr' id='par_1_19' title="bbox 2147 586 3721 663">
     <span class='ocr_line' id='line_1_19' title="bbox 2147 586 3721 663; baseline 0.002 -23"><span class='ocrx_word' id='word_1_138' title='bbox 2147 595 2254 650; x_wconf 90' lang='lat' dir='ltr'><strong>est,</strong></span> <span class='ocrx_word' id='word_1_139' title='bbox 2282 586 2480 654; x_wconf 90' lang='lat' dir='ltr'><strong>inquit,</strong></span> <span class='ocrx_word' id='word_1_140' title='bbox 2533 588 2760 655; x_wconf 71' lang='lat' dir='ltr'><strong>simplex</strong></span> <span class='ocrx_word' id='word_1_141' title='bbox 2796 587 3033 663; x_wconf 85' lang='lat' dir='ltr'><strong>Spiritus</strong></span> <span class='ocrx_word' id='word_1_142' title='bbox 3083 600 3329 655; x_wconf 86' lang='lat' dir='ltr'><strong>sanctus,</strong></span> <span class='ocrx_word' id='word_1_143' title='bbox 3383 591 3721 659; x_wconf 81' lang='lat' dir='ltr'><strong>compositas</strong></span> 
     </span>
    </p>
   </div>
   <div class='ocr_carea' id='block_1_20' title="bbox 2147 678 3728 749">
    <p class='ocr_par' dir='ltr' id='par_1_20' title="bbox 2147 678 3728 749">
     <span class='ocr_line' id='line_1_20' title="bbox 2147 678 3728 749; baseline 0.002 -18"><span class='ocrx_word' id='word_1_144' title='bbox 2147 686 2231 731; x_wconf 90' lang='lat' dir='ltr'><strong>est</strong></span> <span class='ocrx_word' id='word_1_145' title='bbox 2253 691 2320 732; x_wconf 86' lang='lat' dir='ltr'><strong>ex</strong></span> <span class='ocrx_word' id='word_1_146' title='bbox 2360 679 2687 741; x_wconf 77' lang='lat' dir='ltr'><strong>substantia,</strong></span> <span class='ocrx_word' id='word_1_147' title='bbox 2721 688 2776 733; x_wconf 89' lang='lat' dir='ltr'><strong>et</strong></span> <span class='ocrx_word' id='word_1_148' title='bbox 2811 694 2879 738; x_wconf 76' lang='lat' dir='ltr'><strong>ex</strong></span> <span class='ocrx_word' id='word_1_149' title='bbox 2909 678 3204 735; x_wconf 88' lang='lat' dir='ltr'><strong>sanctitate</strong></span> <span class='ocrx_word' id='word_1_150' title='bbox 3232 698 3246 734; x_wconf 91' lang='lat'><strong>:</strong></span> <span class='ocrx_word' id='word_1_151' title='bbox 3280 689 3336 735; x_wconf 84' lang='lat' dir='ltr'><strong>at</strong></span> <span class='ocrx_word' id='word_1_152' title='bbox 3383 681 3507 749; x_wconf 89' lang='lat' dir='ltr'><strong>quis</strong></span> <span class='ocrx_word' id='word_1_153' title='bbox 3529 682 3599 735; x_wconf 80' lang='lat' dir='ltr'><strong>ita</strong></span> <span class='ocrx_word' id='word_1_154' title='bbox 3631 696 3728 734; x_wconf 88' lang='lat' dir='ltr'><strong>ve-</strong></span> 
     </span>
    </p>
   </div>
   <div class='ocr_carea' id='block_1_21' title="bbox 2147 756 3739 840">
    <p class='ocr_par' dir='ltr' id='par_1_21' title="bbox 2147 756 3739 840">
     <span class='ocr_line' id='line_1_21' title="bbox 2147 756 3739 840; baseline 0.002 -18"><span class='ocrx_word' id='word_1_155' title='bbox 2147 782 2274 823; x_wconf 86' lang='lat' dir='ltr'><strong>cors</strong></span> <span class='ocrx_word' id='word_1_156' title='bbox 2306 779 2410 832; x_wconf 81' lang='lat' dir='ltr'><strong>est,</strong></span> <span class='ocrx_word' id='word_1_157' title='bbox 2443 780 2502 824; x_wconf 93' lang='lat' dir='ltr'><strong>ut</strong></span> <span class='ocrx_word' id='word_1_158' title='bbox 2527 772 2888 838; x_wconf 84' lang='lat' dir='ltr'><strong>compositum</strong></span> <span class='ocrx_word' id='word_1_159' title='bbox 2911 769 3059 827; x_wconf 68' lang='lat' dir='ltr'><strong>dicat</strong></span> <span class='ocrx_word' id='word_1_160' title='bbox 3081 771 3346 840; x_wconf 89' lang='lat' dir='ltr'><strong>Spiritum</strong></span> <span class='ocrx_word' id='word_1_161' title='bbox 3377 756 3644 836; x_wconf 71' lang='lat' dir='ltr'><strong>sanctum,</strong></span> <span class='ocrx_word' id='word_1_162' title='bbox 3670 781 3739 832; x_wconf 71' lang='lat' dir='ltr'><strong>etL</strong></span> 
     </span>
    </p>
   </div>
   <div class='ocr_carea' id='block_1_22' title="bbox 2152 861 3727 933">
    <p class='ocr_par' dir='ltr' id='par_1_22' title="bbox 2152 861 3727 933">
     <span class='ocr_line' id='line_1_22' title="bbox 2152 861 3727 933; baseline 0.002 -20"><span class='ocrx_word' id='word_1_163' title='bbox 2152 875 2262 915; x_wconf 91' lang='lat' dir='ltr'><strong>non</strong></span> <span class='ocrx_word' id='word_1_164' title='bbox 2285 861 2588 930; x_wconf 86' lang='lat' dir='ltr'><strong>simplicem</strong></span> <span class='ocrx_word' id='word_1_165' title='bbox 2616 861 2641 915; x_wconf 86' lang='lat'><strong>?</strong></span> <span class='ocrx_word' id='word_1_166' title='bbox 2692 862 2755 915; x_wconf 83' lang='lat' dir='ltr'><strong>Et</strong></span> <span class='ocrx_word' id='word_1_167' title='bbox 2783 861 3080 930; x_wconf 87' lang='lat' dir='ltr'><strong>Gregorius</strong></span> <span class='ocrx_word' id='word_1_168' title='bbox 3111 862 3457 933; x_wconf 84' lang='lat' dir='ltr'><strong>Tbeologus:</strong></span> <span class='ocrx_word' id='word_1_169' title='bbox 3490 862 3545 918; x_wconf 89' lang='lat' dir='ltr'><strong>Si</strong></span> <span class='ocrx_word' id='word_1_170' title='bbox 3577 864 3727 917; x_wconf 88' lang='lat' dir='ltr'><strong>enim</strong></span> 
     </span>
    </p>
   </div>
   <div class='ocr_carea' id='block_1_23' title="bbox 2150 953 3729 1025">
    <p class='ocr_par' dir='ltr' id='par_1_23' title="bbox 2150 953 3729 1025">
     <span class='ocr_line' id='line_1_23' title="bbox 2150 953 3729 1025; baseline 0.002 -19"><span class='ocrx_word' id='word_1_171' title='bbox 2150 953 2256 1006; x_wconf 89' lang='lat' dir='ltr'><strong>alia</strong></span> <span class='ocrx_word' id='word_1_172' title='bbox 2287 963 2371 1008; x_wconf 88' lang='lat' dir='ltr'><strong>est</strong></span> <span class='ocrx_word' id='word_1_173' title='bbox 2395 955 2663 1010; x_wconf 88' lang='lat' dir='ltr'><strong>sanctitas</strong></span> <span class='ocrx_word' id='word_1_174' title='bbox 2718 964 2931 1025; x_wconf 78' lang='lat' dir='ltr'><strong>praeter-</strong></span> <span class='ocrx_word' id='word_1_175' title='bbox 2971 954 3233 1024; x_wconf 87' lang='lat' dir='ltr'><strong>Spiritum</strong></span> <span class='ocrx_word' id='word_1_176' title='bbox 3282 966 3550 1016; x_wconf 83' lang='lat' dir='ltr'><strong>sanctutn,</strong></span> <span class='ocrx_word' id='word_1_177' title='bbox 3602 971 3729 1022; x_wconf 81' lang='lat' dir='ltr'><strong>qua:</strong></span> 
     </span>
    </p>
   </div>
   <div class='ocr_carea' id='block_1_24' title="bbox 2154 1046 3728 1118">
    <p class='ocr_par' dir='ltr' id='par_1_24' title="bbox 2154 1046 3728 1118">
     <span class='ocr_line' id='line_1_24' title="bbox 2154 1046 3728 1118; baseline 0.002 -19"><span class='ocrx_word' id='word_1_178' title='bbox 2154 1046 2268 1101; x_wconf 67' lang='lat' dir='ltr'><strong>hate</strong></span> <span class='ocrx_word' id='word_1_179' title='bbox 2303 1046 2659 1117; x_wconf 78' lang='lat' dir='ltr'><strong>intelligatur,</strong></span> <span class='ocrx_word' id='word_1_180' title='bbox 2718 1049 2865 1102; x_wconf 92' lang='lat' dir='ltr'><strong>dicat</strong></span> <span class='ocrx_word' id='word_1_181' title='bbox 2899 1048 3197 1117; x_wconf 84' lang='lat' dir='ltr'><strong>quispiam.</strong></span> <span class='ocrx_word' id='word_1_182' title='bbox 3229 1049 3464 1103; x_wconf 86' lang='lat' dir='ltr'><strong>Sanctus</strong></span> <span class='ocrx_word' id='word_1_183' title='bbox 3487 1047 3728 1118; x_wconf 79' lang='lat' dir='ltr'><strong>Cyrillus</strong></span> 
     </span>
    </p>
   </div>
   <div class='ocr_carea' id='block_1_25' title="bbox 2148 1135 3727 1207">
    <p class='ocr_par' dir='ltr' id='par_1_25' title="bbox 2148 1135 3727 1207">
     <span class='ocr_line' id='line_1_25' title="bbox 2148 1135 3727 1207; baseline 0.001 -19"><span class='ocrx_word' id='word_1_184' title='bbox 2148 1135 2429 1191; x_wconf 84' lang='lat' dir='ltr'><strong>disserens</strong></span> <span class='ocrx_word' id='word_1_185' title='bbox 2467 1136 2535 1191; x_wconf 89' lang='lat' dir='ltr'><strong>de</strong></span> <span class='ocrx_word' id='word_1_186' title='bbox 2560 1137 2767 1207; x_wconf 88' lang='lat' dir='ltr'><strong>Spiritu</strong></span> <span class='ocrx_word' id='word_1_187' title='bbox 2791 1146 3027 1192; x_wconf 90' lang='lat' dir='ltr'><strong>sancto:</strong></span> <span class='ocrx_word' id='word_1_188' title='bbox 3068 1136 3209 1202; x_wconf 84' lang='lat' dir='ltr'><strong>Quid</strong></span> <span class='ocrx_word' id='word_1_189' title='bbox 3241 1152 3380 1205; x_wconf 89' lang='lat' dir='ltr'><strong>opus</strong></span> <span class='ocrx_word' id='word_1_190' title='bbox 3424 1147 3506 1193; x_wconf 86' lang='lat' dir='ltr'><strong>est</strong></span> <span class='ocrx_word' id='word_1_191' title='bbox 3564 1137 3727 1206; x_wconf 82' lang='lat' dir='ltr'><strong>longo</strong></span> 
     </span>
    </p>
   </div>
   <div class='ocr_carea' id='block_1_26' title="bbox 2146 1223 3714 1293">
    <p class='ocr_par' dir='ltr' id='par_1_26' title="bbox 2146 1223 3714 1293">
     <span class='ocr_line' id='line_1_26' title="bbox 2146 1223 3714 1293; baseline 0 -15"><span class='ocrx_word' id='word_1_192' title='bbox 2146 1223 2377 1280; x_wconf 85' lang='lat' dir='ltr'><strong>circuitu</strong></span> <span class='ocrx_word' id='word_1_193' title='bbox 2401 1226 2687 1279; x_wconf 89' lang='lat' dir='ltr'><strong>verbormn</strong></span> <span class='ocrx_word' id='word_1_194' title='bbox 2714 1236 2768 1279; x_wconf 90' lang='lat' dir='ltr'><strong>et</strong></span> <span class='ocrx_word' id='word_1_195' title='bbox 2788 1223 3182 1293; x_wconf 85' lang='lat' dir='ltr'><strong>multiplicibus</strong></span> <span class='ocrx_word' id='word_1_196' title='bbox 3200 1225 3546 1280; x_wconf 80' lang='lat' dir='ltr'><strong>nationibus?</strong></span> <span class='ocrx_word' id='word_1_197' title='bbox 3564 1226 3714 1279; x_wconf 85' lang='lat' dir='ltr'><strong>Illam</strong></span> 
     </span>
    </p>
   </div>
   <div class='ocr_carea' id='block_1_27' title="bbox 2147 1314 3717 1382">
    <p class='ocr_par' dir='ltr' id='par_1_27' title="bbox 2147 1314 3717 1382">
     <span class='ocr_line' id='line_1_27' title="bbox 2147 1314 3717 1382; baseline 0 -16"><span class='ocrx_word' id='word_1_198' title='bbox 2147 1315 2292 1367; x_wconf 90' lang='lat' dir='ltr'><strong>enim</strong></span> <span class='ocrx_word' id='word_1_199' title='bbox 2321 1314 2491 1381; x_wconf 86' lang='lat' dir='ltr'><strong>ipsam</strong></span> <span class='ocrx_word' id='word_1_200' title='bbox 2524 1314 2776 1369; x_wconf 85' lang='lat' dir='ltr'><strong>virtutem</strong></span> <span class='ocrx_word' id='word_1_201' title='bbox 2804 1315 3234 1369; x_wconf 87' lang='lat' dir='ltr'><strong>sanctilicantem</strong></span> <span class='ocrx_word' id='word_1_202' title='bbox 3257 1328 3323 1368; x_wconf 88' lang='lat' dir='ltr'><strong>ex</strong></span> <span class='ocrx_word' id='word_1_203' title='bbox 3373 1314 3531 1366; x_wconf 87' lang='lat' dir='ltr'><strong>Patre</strong></span> <span class='ocrx_word' id='word_1_204' title='bbox 3580 1328 3717 1382; x_wconf 54' lang='lat' dir='ltr'><strong>pro-</strong></span> 
     </span>
    </p>
   </div>
   <div class='ocr_carea' id='block_1_28' title="bbox 2149 1400 3721 1471">
    <p class='ocr_par' dir='ltr' id='par_1_28' title="bbox 2149 1400 3721 1471">
     <span class='ocr_line' id='line_1_28' title="bbox 2149 1400 3721 1471; baseline -0.001 -16"><span class='ocrx_word' id='word_1_205' title='bbox 2149 1402 2609 1471; x_wconf 77' lang='lat' dir='ltr'><strong>cedentem,qu:e</strong></span> <span class='ocrx_word' id='word_1_206' title='bbox 2673 1401 3067 1470; x_wconf 76' lang='lat' dir='ltr'><strong>perfectionem</strong></span> <span class='ocrx_word' id='word_1_207' title='bbox 3115 1400 3450 1469; x_wconf 75' lang='lat' dir='ltr'><strong>imperfectis</strong></span> <span class='ocrx_word' id='word_1_208' title='bbox 3504 1402 3721 1462; x_wconf 79' lang='lat' dir='ltr'><strong>tribuit,</strong></span> 
     </span>
    </p>
   </div>
   <div class='ocr_carea' id='block_1_29' title="bbox 2098 1492 3724 1563">
    <p class='ocr_par' dir='ltr' id='par_1_29' title="bbox 2098 1492 3724 1563">
     <span class='ocr_line' id='line_1_29' title="bbox 2098 1492 3724 1563; baseline 0 -17"><span class='ocrx_word' id='word_1_209' title='bbox 2098 1552 2115 1563; x_wconf 85' lang='lat'><em>_</em></span> <span class='ocrx_word' id='word_1_210' title='bbox 2147 1492 2382 1549; x_wconf 87' lang='lat' dir='ltr'><strong>dicimus</strong></span> <span class='ocrx_word' id='word_1_211' title='bbox 2404 1509 2527 1549; x_wconf 88' lang='lat' dir='ltr'><strong>esse</strong></span> <span class='ocrx_word' id='word_1_212' title='bbox 2550 1493 2811 1561; x_wconf 88' lang='lat' dir='ltr'><strong>Spiritum</strong></span> <span class='ocrx_word' id='word_1_213' title='bbox 2831 1503 3106 1549; x_wconf 89' lang='lat' dir='ltr'><strong>sanctum.</strong></span> <span class='ocrx_word' id='word_1_214' title='bbox 3133 1493 3197 1546; x_wconf 83' lang='lat' dir='ltr'><strong>Et</strong></span> <span class='ocrx_word' id='word_1_215' title='bbox 3222 1508 3447 1561; x_wconf 81' lang='lat' dir='ltr'><strong>magnus</strong></span> <span class='ocrx_word' id='word_1_216' title='bbox 3476 1492 3724 1546; x_wconf 76' lang='lat' dir='ltr'><strong>Athana~</strong></span> 
     </span>
    </p>
   </div>
   <div class='ocr_carea' id='block_1_30' title="bbox 2149 1584 3723 1657">
    <p class='ocr_par' dir='ltr' id='par_1_30' title="bbox 2149 1584 3723 1657">
     <span class='ocr_line' id='line_1_30' title="bbox 2149 1584 3723 1657; baseline -0.001 -18"><span class='ocrx_word' id='word_1_217' title='bbox 2149 1585 2285 1651; x_wconf 89' lang='lat' dir='ltr'><strong>sius,</strong></span> <span class='ocrx_word' id='word_1_218' title='bbox 2346 1587 2398 1640; x_wconf 94' lang='lat' dir='ltr'><strong>in</strong></span> <span class='ocrx_word' id='word_1_219' title='bbox 2429 1586 2800 1657; x_wconf 84' lang='lat' dir='ltr'><strong>disputatione</strong></span> <span class='ocrx_word' id='word_1_220' title='bbox 2849 1584 3154 1641; x_wconf 81' lang='lat' dir='ltr'><strong>Orthodoxi</strong></span> <span class='ocrx_word' id='word_1_221' title='bbox 3200 1594 3255 1640; x_wconf 89' lang='lat' dir='ltr'><strong>et</strong></span> <span class='ocrx_word' id='word_1_222' title='bbox 3308 1584 3551 1640; x_wconf 74' lang='grc' dir='ltr'><strong>Δηοωωί</strong></span> <span class='ocrx_word' id='word_1_223' title='bbox 3600 1586 3723 1638; x_wconf 88' lang='lat' dir='ltr'><strong>ait:</strong></span> 
     </span>
    </p>
   </div>
   <div class='ocr_carea' id='block_1_31' title="bbox 2149 1674 3731 1748">
    <p class='ocr_par' dir='ltr' id='par_1_31' title="bbox 2149 1674 3731 1748">
     <span class='ocr_line' id='line_1_31' title="bbox 2149 1674 3731 1748; baseline -0.002 -16"><span class='ocrx_word' id='word_1_224' title='bbox 2149 1676 2241 1732; x_wconf 92' lang='lat' dir='ltr'><strong>Sic</strong></span> <span class='ocrx_word' id='word_1_225' title='bbox 2277 1676 2414 1732; x_wconf 89' lang='lat' dir='ltr'><strong>dicis</strong></span> <span class='ocrx_word' id='word_1_226' title='bbox 2440 1679 2635 1732; x_wconf 91' lang='lat' dir='ltr'><strong>bonum</strong></span> <span class='ocrx_word' id='word_1_227' title='bbox 2659 1676 2922 1748; x_wconf 89' lang='lat' dir='ltr'><strong>Spiritum</strong></span> <span class='ocrx_word' id='word_1_228' title='bbox 2964 1677 3108 1732; x_wconf 88' lang='lat' dir='ltr'><strong>sicut</strong></span> <span class='ocrx_word' id='word_1_229' title='bbox 3138 1677 3352 1733; x_wconf 86' lang='lat' dir='ltr'><strong>Patrem</strong></span> <span class='ocrx_word' id='word_1_230' title='bbox 3391 1685 3443 1729; x_wconf 89' lang='lat' dir='ltr'><strong>ct</strong></span> <span class='ocrx_word' id='word_1_231' title='bbox 3483 1674 3676 1729; x_wconf 85' lang='lat' dir='ltr'><strong>Filium</strong></span> <span class='ocrx_word' id='word_1_232' title='bbox 3704 1676 3731 1729; x_wconf 71' lang='grc'><strong><em>2</em></strong></span> 
     </span>
    </p>
   </div>
   <div class='ocr_carea' id='block_1_32' title="bbox 2149 1768 3729 1837">
    <p class='ocr_par' dir='ltr' id='par_1_32' title="bbox 2149 1768 3729 1837">
     <span class='ocr_line' id='line_1_32' title="bbox 2149 1768 3729 1837; baseline -0.001 -14"><span class='ocrx_word' id='word_1_233' title='bbox 2149 1769 2320 1825; x_wconf 78' lang='lat' dir='ltr'><strong>Cum.</strong></span> <span class='ocrx_word' id='word_1_234' title='bbox 2386 1769 2643 1825; x_wconf 82' lang='lat' dir='ltr'><strong>Maxime.</strong></span> <span class='ocrx_word' id='word_1_235' title='bbox 2696 1770 2935 1837; x_wconf 85' lang='lat' dir='ltr'><strong>Spiritus</strong></span> <span class='ocrx_word' id='word_1_236' title='bbox 2994 1770 3137 1824; x_wconf 89' lang='lat' dir='ltr'><strong>enim</strong></span> <span class='ocrx_word' id='word_1_237' title='bbox 3198 1768 3251 1822; x_wconf 92' lang='lat' dir='ltr'><strong>in</strong></span> <span class='ocrx_word' id='word_1_238' title='bbox 3312 1768 3729 1837; x_wconf 82' lang='lat' dir='ltr'><strong>participatione</strong></span> 
     </span>
    </p>
   </div>
   <div class='ocr_carea' id='block_1_33' title="bbox 462 1844 3729 1938">
    <p class='ocr_par' dir='ltr' id='par_1_33' title="bbox 462 1844 3729 1938">
     <span class='ocr_line' id='line_1_33' title="bbox 462 1844 3729 1938; baseline -0.001 -24"><span class='ocrx_word' id='word_1_239' title='bbox 462 1860 557 1915; x_wconf 87' lang='lat' dir='ltr'><strong>sed</strong></span> <span class='ocrx_word' id='word_1_240' title='bbox 588 1869 674 1916; x_wconf 91' lang='lat' dir='ltr'><strong>est</strong></span> <span class='ocrx_word' id='word_1_241' title='bbox 699 1861 815 1931; x_wconf 87' lang='lat' dir='ltr'><strong>ipse</strong></span> <span class='ocrx_word' id='word_1_242' title='bbox 839 1862 988 1917; x_wconf 85' lang='lat' dir='ltr'><strong>solus</strong></span> <span class='ocrx_word' id='word_1_243' title='bbox 1012 1844 1278 1934; x_wconf 56' lang='lat' dir='ltr'><strong>sapientia</strong></span> <span class='ocrx_word' id='word_1_244' title='bbox 1306 1865 1520 1934; x_wconf 89' lang='lat' dir='ltr'><strong>Patris,</strong></span> <span class='ocrx_word' id='word_1_245' title='bbox 1581 1868 1699 1938; x_wconf 85' lang='lat' dir='ltr'><strong>ipse</strong></span> <span class='ocrx_word' id='word_1_246' title='bbox 1744 1879 1829 1924; x_wconf 88' lang='lat' dir='ltr'><strong>est</strong></span> <span class='ocrx_word' id='word_1_247' title='bbox 1857 1879 1913 1924; x_wconf 80' lang='lat' dir='ltr'><strong>et</strong></span> <span class='ocrx_word' id='word_1_248' title='bbox 1951 1844 2045 1923; x_wconf 49' lang='lat' dir='ltr'><strong>vn;</strong></span> <span class='ocrx_word' id='word_1_249' title='bbox 2079 1860 2123 1917; x_wconf 85' lang='lat' dir='ltr'><strong>B</strong></span> <span class='ocrx_word' id='word_1_250' title='bbox 2154 1860 2413 1916; x_wconf 82' lang='lat' dir='ltr'><strong>bonitatis</strong></span> <span class='ocrx_word' id='word_1_251' title='bbox 2437 1862 2514 1931; x_wconf 86' lang='lat' dir='ltr'><strong>(l)</strong></span> <span class='ocrx_word' id='word_1_252' title='bbox 2548 1863 2748 1916; x_wconf 90' lang='lat' dir='ltr'><strong>bonum</strong></span> <span class='ocrx_word' id='word_1_253' title='bbox 2791 1871 2896 1925; x_wconf 86' lang='lat' dir='ltr'><strong>est,</strong></span> <span class='ocrx_word' id='word_1_254' title='bbox 2941 1860 3037 1917; x_wconf 87' lang='lat' dir='ltr'><strong>sed</strong></span> <span class='ocrx_word' id='word_1_255' title='bbox 3075 1875 3266 1915; x_wconf 88' lang='lat' dir='ltr'><strong>rursus</strong></span> <span class='ocrx_word' id='word_1_256' title='bbox 3297 1860 3519 1923; x_wconf 87' lang='lat' dir='ltr'><strong>bonum,</strong></span> <span class='ocrx_word' id='word_1_257' title='bbox 3546 1859 3596 1914; x_wconf 90' lang='lat' dir='ltr'><strong>id</strong></span> <span class='ocrx_word' id='word_1_258' title='bbox 3621 1868 3729 1919; x_wconf 91' lang='lat' dir='ltr'><strong>est,</strong></span> 
     </span>
    </p>
   </div>
   <div class='ocr_carea' id='block_1_34' title="bbox 460 1951 2038 2032">
    <p class='ocr_par' dir='ltr' id='par_1_34' title="bbox 460 1951 2038 2032">
     <span class='ocr_line' id='line_1_34' title="bbox 460 1951 2038 2032; baseline 0.006 -25"><span class='ocrx_word' id='word_1_259' title='bbox 460 1951 665 2008; x_wconf 88' lang='lat' dir='ltr'><strong>luntas.</strong></span> <span class='ocrx_word' id='word_1_260' title='bbox 696 1953 760 2006; x_wconf 87' lang='lat' dir='ltr'><strong>Et</strong></span> <span class='ocrx_word' id='word_1_261' title='bbox 793 1954 843 2008; x_wconf 92' lang='lat' dir='ltr'><strong>in</strong></span> <span class='ocrx_word' id='word_1_262' title='bbox 886 1955 951 2010; x_wconf 90' lang='lat' dir='ltr'><strong>iis</strong></span> <span class='ocrx_word' id='word_1_263' title='bbox 982 1972 1103 2020; x_wconf 66' lang='lat' dir='ltr'><strong>quae</strong></span> <span class='ocrx_word' id='word_1_264' title='bbox 1140 1958 1206 2014; x_wconf 87' lang='lat' dir='ltr'><strong>de</strong></span> <span class='ocrx_word' id='word_1_265' title='bbox 1261 1958 1470 2028; x_wconf 83' lang='lat' dir='ltr'><strong>Spiritu</strong></span> <span class='ocrx_word' id='word_1_266' title='bbox 1506 1972 1698 2016; x_wconf 88' lang='lat' dir='ltr'><strong>sancto</strong></span> <span class='ocrx_word' id='word_1_267' title='bbox 1755 1963 1980 2032; x_wconf 87' lang='lat' dir='ltr'><strong>scripsit</strong></span> <span class='ocrx_word' id='word_1_268' title='bbox 2024 1979 2038 2016; x_wconf 90' lang='lat'><strong>:</strong></span> 
     </span>
    </p>
   </div>
   <div class='ocr_carea' id='block_1_35' title="bbox 463 2043 2043 2123">
    <p class='ocr_par' dir='ltr' id='par_1_35' title="bbox 463 2043 2043 2123">
     <span class='ocr_line' id='line_1_35' title="bbox 463 2043 2043 2123; baseline 0.008 -25"><span class='ocrx_word' id='word_1_269' title='bbox 463 2043 705 2115; x_wconf 86' lang='lat' dir='ltr'><strong>Spiritus</strong></span> <span class='ocrx_word' id='word_1_270' title='bbox 773 2057 1015 2114; x_wconf 86' lang='lat' dir='ltr'><strong>sanctus,</strong></span> <span class='ocrx_word' id='word_1_271' title='bbox 1066 2052 1260 2120; x_wconf 81' lang='lat' dir='ltr'><strong>inquit,</strong></span> <span class='ocrx_word' id='word_1_272' title='bbox 1318 2053 1410 2123; x_wconf 90' lang='lat' dir='ltr'><strong>qui</strong></span> <span class='ocrx_word' id='word_1_273' title='bbox 1475 2063 1563 2109; x_wconf 91' lang='lat' dir='ltr'><strong>est</strong></span> <span class='ocrx_word' id='word_1_274' title='bbox 1616 2069 1769 2109; x_wconf 90' lang='lat' dir='ltr'><strong>meus</strong></span> <span class='ocrx_word' id='word_1_275' title='bbox 1816 2055 2043 2122; x_wconf 84' lang='lat' dir='ltr'><strong>Christi,</strong></span> 
     </span>
    </p>
   </div>
   <div class='ocr_carea' id='block_1_36' title="bbox 461 2138 2039 2213">
    <p class='ocr_par' dir='ltr' id='par_1_36' title="bbox 461 2138 2039 2213">
     <span class='ocr_line' id='line_1_36' title="bbox 461 2138 2039 2213; baseline 0.007 -22"><span class='ocrx_word' id='word_1_276' title='bbox 461 2138 644 2191; x_wconf 78' lang='lat' dir='ltr'><strong>oiunia</strong></span> <span class='ocrx_word' id='word_1_277' title='bbox 664 2153 787 2208; x_wconf 69' lang='lat' dir='ltr'><strong>quae</strong></span> <span class='ocrx_word' id='word_1_278' title='bbox 815 2139 869 2193; x_wconf 91' lang='lat' dir='ltr'><strong>in</strong></span> <span class='ocrx_word' id='word_1_279' title='bbox 895 2141 1014 2207; x_wconf 89' lang='lat' dir='ltr'><strong>ipso</strong></span> <span class='ocrx_word' id='word_1_280' title='bbox 1043 2150 1192 2204; x_wconf 91' lang='lat' dir='ltr'><strong>sunt,</strong></span> <span class='ocrx_word' id='word_1_281' title='bbox 1225 2143 1481 2198; x_wconf 71' lang='lat' dir='ltr'><strong>ediSserit</strong></span> <span class='ocrx_word' id='word_1_282' title='bbox 1503 2145 1813 2213; x_wconf 88' lang='lat' dir='ltr'><strong>discipulis,</strong></span> <span class='ocrx_word' id='word_1_283' title='bbox 1849 2163 1956 2201; x_wconf 92' lang='lat' dir='ltr'><strong>non</strong></span> <span class='ocrx_word' id='word_1_284' title='bbox 1987 2149 2039 2202; x_wconf 93' lang='lat' dir='ltr'><strong>in</strong></span> 
     </span>
    </p>
   </div>
   <div class='ocr_carea' id='block_1_37' title="bbox 462 2232 2043 2305">
    <p class='ocr_par' dir='ltr' id='par_1_37' title="bbox 462 2232 2043 2305">
     <span class='ocr_line' id='line_1_37' title="bbox 462 2232 2043 2305; baseline 0.006 -22"><span class='ocrx_word' id='word_1_285' title='bbox 462 2232 682 2300; x_wconf 85' lang='lat' dir='ltr'><strong>propria</strong></span> <span class='ocrx_word' id='word_1_286' title='bbox 716 2232 949 2299; x_wconf 89' lang='lat' dir='ltr'><strong>quadam</strong></span> <span class='ocrx_word' id='word_1_287' title='bbox 980 2234 1279 2297; x_wconf 83' lang='lat' dir='ltr'><strong>voluntate,</strong></span> <span class='ocrx_word' id='word_1_288' title='bbox 1331 2252 1506 2305; x_wconf 88' lang='lat' dir='ltr'><strong>neque</strong></span> <span class='ocrx_word' id='word_1_289' title='bbox 1536 2252 1725 2293; x_wconf 87' lang='lat' dir='ltr'><strong>rursus</strong></span> <span class='ocrx_word' id='word_1_290' title='bbox 1756 2239 1808 2292; x_wconf 90' lang='lat' dir='ltr'><strong>in</strong></span> <span class='ocrx_word' id='word_1_291' title='bbox 1844 2238 2043 2301; x_wconf 87' lang='lat' dir='ltr'><strong>aliena.</strong></span> 
     </span>
    </p>
   </div>
   <div class='ocr_carea' id='block_1_38' title="bbox 461 2325 2038 2396">
    <p class='ocr_par' dir='ltr' id='par_1_38' title="bbox 461 2325 2038 2396">
     <span class='ocr_line' id='line_1_38' title="bbox 461 2325 2038 2396; baseline 0.006 -20"><span class='ocrx_word' id='word_1_292' title='bbox 461 2325 556 2378; x_wconf 85' lang='lat' dir='ltr'><strong>sed</strong></span> <span class='ocrx_word' id='word_1_293' title='bbox 591 2334 851 2394; x_wconf 89' lang='lat' dir='ltr'><strong>tanquam</strong></span> <span class='ocrx_word' id='word_1_294' title='bbox 875 2340 940 2378; x_wconf 90' lang='lat' dir='ltr'><strong>ex</strong></span> <span class='ocrx_word' id='word_1_295' title='bbox 969 2325 1271 2381; x_wconf 83' lang='lat' dir='ltr'><strong>substantia</strong></span> <span class='ocrx_word' id='word_1_296' title='bbox 1297 2327 1413 2396; x_wconf 78' lang='lat' dir='ltr'><strong>ejus</strong></span> <span class='ocrx_word' id='word_1_297' title='bbox 1444 2330 1766 2395; x_wconf 90' lang='lat' dir='ltr'><strong>procedens,</strong></span> <span class='ocrx_word' id='word_1_298' title='bbox 1791 2338 1847 2385; x_wconf 91' lang='lat' dir='ltr'><strong>et</strong></span> <span class='ocrx_word' id='word_1_299' title='bbox 1872 2339 2038 2385; x_wconf 90' lang='lat' dir='ltr'><strong>totam</strong></span> 
     </span>
    </p>
   </div>
   <div class='ocr_carea' id='block_1_39' title="bbox 461 2414 2047 2489">
    <p class='ocr_par' dir='ltr' id='par_1_39' title="bbox 461 2414 2047 2489">
     <span class='ocr_line' id='line_1_39' title="bbox 461 2414 2047 2489; baseline 0.005 -21"><span class='ocrx_word' id='word_1_300' title='bbox 461 2414 579 2481; x_wconf 87' lang='lat' dir='ltr'><strong>cjus</strong></span> <span class='ocrx_word' id='word_1_301' title='bbox 604 2415 956 2479; x_wconf 86' lang='lat' dir='ltr'><strong>voluntatem,</strong></span> <span class='ocrx_word' id='word_1_302' title='bbox 990 2417 1134 2473; x_wconf 91' lang='lat' dir='ltr'><strong>sicut</strong></span> <span class='ocrx_word' id='word_1_303' title='bbox 1161 2427 1216 2473; x_wconf 89' lang='lat' dir='ltr'><strong>et</strong></span> <span class='ocrx_word' id='word_1_304' title='bbox 1242 2421 1623 2489; x_wconf 88' lang='lat' dir='ltr'><strong>operationem</strong></span> <span class='ocrx_word' id='word_1_305' title='bbox 1680 2421 1911 2479; x_wconf 84' lang='lat' dir='ltr'><strong>habens.</strong></span> <span class='ocrx_word' id='word_1_306' title='bbox 1979 2422 2047 2477; x_wconf 83' lang='lat' dir='ltr'><strong>Et</strong></span> 
     </span>
    </p>
   </div>
   <div class='ocr_carea' id='block_1_40' title="bbox 466 2506 2046 2572">
    <p class='ocr_par' dir='ltr' id='par_1_40' title="bbox 466 2506 2046 2572">
     <span class='ocr_line' id='line_1_40' title="bbox 466 2506 2046 2572; baseline 0.007 -12"><span class='ocrx_word' id='word_1_307' title='bbox 466 2507 688 2563; x_wconf 89' lang='lat' dir='ltr'><strong>divinus</strong></span> <span class='ocrx_word' id='word_1_308' title='bbox 743 2506 1171 2564; x_wconf 85' lang='lat' dir='ltr'><strong>Daiuascenus:</strong></span> <span class='ocrx_word' id='word_1_309' title='bbox 1231 2510 1277 2567; x_wconf 92' lang='grc' dir='ltr'>Ο</span> <span class='ocrx_word' id='word_1_310' title='bbox 1340 2514 1662 2569; x_wconf 89' lang='lat' dir='ltr'><strong>miraculum</strong></span> <span class='ocrx_word' id='word_1_311' title='bbox 1727 2531 1924 2572; x_wconf 89' lang='lat' dir='ltr'><strong>novum</strong></span> <span class='ocrx_word' id='word_1_312' title='bbox 1979 2532 2046 2571; x_wconf 91' lang='lat' dir='ltr'><strong>ex</strong></span> 
     </span>
    </p>
   </div>
   <div class='ocr_carea' id='block_1_41' title="bbox 463 2598 2046 2676">
    <p class='ocr_par' dir='ltr' id='par_1_41' title="bbox 463 2598 2046 2676">
     <span class='ocr_line' id='line_1_41' title="bbox 463 2598 2046 2676; baseline 0.006 -24"><span class='ocrx_word' id='word_1_313' title='bbox 463 2598 724 2654; x_wconf 86' lang='lat' dir='ltr'><strong>omnibus</strong></span> <span class='ocrx_word' id='word_1_314' title='bbox 745 2599 877 2655; x_wconf 91' lang='lat' dir='ltr'><strong>olim</strong></span> <span class='ocrx_word' id='word_1_315' title='bbox 909 2602 1231 2658; x_wconf 85' lang='lat' dir='ltr'><strong>miraculis!</strong></span> <span class='ocrx_word' id='word_1_316' title='bbox 1268 2604 1360 2658; x_wconf 89' lang='lat' dir='ltr'><strong>Dei</strong></span> <span class='ocrx_word' id='word_1_317' title='bbox 1415 2607 1558 2660; x_wconf 91' lang='lat' dir='ltr'><strong>enim</strong></span> <span class='ocrx_word' id='word_1_318' title='bbox 1616 2609 1903 2663; x_wconf 87' lang='lat' dir='ltr'><strong>consilium</strong></span> <span class='ocrx_word' id='word_1_319' title='bbox 1940 2618 2046 2676; x_wconf 89' lang='lat' dir='ltr'><strong>est,</strong></span> 
     </span>
    </p>
   </div>
   <div class='ocr_carea' id='block_1_42' title="bbox 463 2690 2047 2770">
    <p class='ocr_par' dir='ltr' id='par_1_42' title="bbox 463 2690 2047 2770">
     <span class='ocr_line' id='line_1_42' title="bbox 463 2690 2047 2770; baseline 0.009 -29"><span class='ocrx_word' id='word_1_320' title='bbox 463 2690 557 2757; x_wconf 89' lang='lat' dir='ltr'><strong>qtti</strong></span> <span class='ocrx_word' id='word_1_321' title='bbox 594 2690 646 2744; x_wconf 90' lang='lat' dir='ltr'><strong>itt</strong></span> <span class='ocrx_word' id='word_1_322' title='bbox 684 2700 839 2746; x_wconf 85' lang='lat' dir='ltr'><strong>utero</strong></span> <span class='ocrx_word' id='word_1_323' title='bbox 869 2702 1112 2759; x_wconf 75' lang='lat' dir='ltr'><strong>gestatus</strong></span> <span class='ocrx_word' id='word_1_324' title='bbox 1146 2703 1252 2759; x_wconf 84' lang='lat' dir='ltr'><strong>est,</strong></span> <span class='ocrx_word' id='word_1_325' title='bbox 1288 2705 1345 2748; x_wconf 91' lang='lat' dir='ltr'><strong>ttt</strong></span> <span class='ocrx_word' id='word_1_326' title='bbox 1394 2696 1598 2750; x_wconf 84' lang='lat' dir='ltr'><strong>infans.</strong></span> <span class='ocrx_word' id='word_1_327' title='bbox 1647 2697 1711 2751; x_wconf 89' lang='lat' dir='ltr'><strong>Et</strong></span> <span class='ocrx_word' id='word_1_328' title='bbox 1745 2697 2047 2770; x_wconf 81' lang='lat' dir='ltr'><strong>Gregorius</strong></span> 
     </span>
    </p>
   </div>
   <div class='ocr_carea' id='block_1_43' title="bbox 469 2781 2047 2863">
    <p class='ocr_par' dir='ltr' id='par_1_43' title="bbox 469 2781 2047 2863">
     <span class='ocr_line' id='line_1_43' title="bbox 469 2781 2047 2863; baseline 0.006 -27"><span class='ocrx_word' id='word_1_329' title='bbox 469 2781 807 2854; x_wconf 80' lang='lat' dir='ltr'><strong>Thcologus,</strong></span> <span class='ocrx_word' id='word_1_330' title='bbox 837 2783 891 2838; x_wconf 91' lang='lat' dir='ltr'><strong>in</strong></span> <span class='ocrx_word' id='word_1_331' title='bbox 917 2786 1167 2841; x_wconf 88' lang='lat' dir='ltr'><strong>oratione</strong></span> <span class='ocrx_word' id='word_1_332' title='bbox 1198 2787 1251 2840; x_wconf 91' lang='lat' dir='ltr'><strong>in</strong></span> <span class='ocrx_word' id='word_1_333' title='bbox 1277 2787 1489 2842; x_wconf 81' lang='lat' dir='ltr'><strong>laudent</strong></span> <span class='ocrx_word' id='word_1_334' title='bbox 1518 2788 1767 2859; x_wconf 77' lang='lat' dir='ltr'><strong>Gregorii</strong></span> <span class='ocrx_word' id='word_1_335' title='bbox 1791 2792 2047 2863; x_wconf 77' lang='lat' dir='ltr'><strong>Nysscni,</strong></span> 
     </span>
    </p>
   </div>
   <div class='ocr_carea' id='block_1_44' title="bbox 467 2875 2045 2954">
    <p class='ocr_par' dir='ltr' id='par_1_44' title="bbox 467 2875 2045 2954">
     <span class='ocr_line' id='line_1_44' title="bbox 467 2875 2045 2954; baseline 0.006 -25"><span class='ocrx_word' id='word_1_336' title='bbox 467 2875 625 2944; x_wconf 89' lang='lat' dir='ltr'><strong>cujus</strong></span> <span class='ocrx_word' id='word_1_337' title='bbox 661 2875 994 2945; x_wconf 89' lang='lat' dir='ltr'><strong>principium</strong></span> <span class='ocrx_word' id='word_1_338' title='bbox 1031 2887 1139 2944; x_wconf 88' lang='lat' dir='ltr'><strong>est,</strong></span> <span class='ocrx_word' id='word_1_339' title='bbox 1178 2877 1352 2932; x_wconf 84' lang='lat' dir='ltr'><strong>Amici</strong></span> <span class='ocrx_word' id='word_1_340' title='bbox 1379 2879 1552 2945; x_wconf 82' lang='lat' dir='ltr'><strong>ﬁdelis</strong></span> <span class='ocrx_word' id='word_1_341' title='bbox 1584 2897 1599 2935; x_wconf 91' lang='lat'><strong>:</strong></span> <span class='ocrx_word' id='word_1_342' title='bbox 1648 2882 1813 2948; x_wconf 88' lang='lat' dir='ltr'><strong>Deus,</strong></span> <span class='ocrx_word' id='word_1_343' title='bbox 1847 2886 2045 2954; x_wconf 89' lang='lat' dir='ltr'><strong>inquit,</strong></span> 
     </span>
    </p>
   </div>
   <div class='ocr_carea' id='block_1_45' title="bbox 463 2967 2050 3045">
    <p class='ocr_par' dir='ltr' id='par_1_45' title="bbox 463 2967 2050 3045">
     <span class='ocr_line' id='line_1_45' title="bbox 463 2967 2050 3045; baseline 0.007 -25"><span class='ocrx_word' id='word_1_344' title='bbox 463 2967 640 3040; x_wconf 78' lang='lat' dir='ltr'><strong>pacis,</strong></span> <span class='ocrx_word' id='word_1_345' title='bbox 677 2967 768 3036; x_wconf 89' lang='lat' dir='ltr'><strong>qui</strong></span> <span class='ocrx_word' id='word_1_346' title='bbox 799 2968 1167 3023; x_wconf 82' lang='lat' dir='ltr'><strong>reconciliavit</strong></span> <span class='ocrx_word' id='word_1_347' title='bbox 1194 2984 1291 3024; x_wconf 91' lang='lat' dir='ltr'><strong>uos</strong></span> <span class='ocrx_word' id='word_1_348' title='bbox 1317 2986 1409 3038; x_wconf 91' lang='lat' dir='ltr'><strong>per</strong></span> <span class='ocrx_word' id='word_1_349' title='bbox 1433 2986 1671 3037; x_wconf 90' lang='lat' dir='ltr'><strong>crucem,</strong></span> <span class='ocrx_word' id='word_1_350' title='bbox 1705 2976 1795 3041; x_wconf 87' lang='lat' dir='ltr'><strong>qui</strong></span> <span class='ocrx_word' id='word_1_351' title='bbox 1829 2988 2050 3045; x_wconf 88' lang='lat' dir='ltr'><strong>propter</strong></span> 
     </span>
    </p>
   </div>
   <div class='ocr_carea' id='block_1_46' title="bbox 465 3063 2089 3136">
    <p class='ocr_par' dir='ltr' id='par_1_46' title="bbox 465 3063 2089 3136">
     <span class='ocr_line' id='line_1_46' title="bbox 465 3063 2089 3136; baseline 0.004 -22"><span class='ocrx_word' id='word_1_352' title='bbox 465 3069 755 3129; x_wconf 89' lang='lat' dir='ltr'><strong>peccatum</strong></span> <span class='ocrx_word' id='word_1_353' title='bbox 825 3073 1044 3115; x_wconf 89' lang='lat' dir='ltr'><strong>eramus</strong></span> <span class='ocrx_word' id='word_1_354' title='bbox 1101 3063 1443 3131; x_wconf 71' lang='lat' dir='ltr'><strong>oppugnati:</strong></span> <span class='ocrx_word' id='word_1_355' title='bbox 1500 3066 1591 3135; x_wconf 90' lang='lat' dir='ltr'><strong>qui</strong></span> <span class='ocrx_word' id='word_1_356' title='bbox 1651 3068 2089 3136; x_wconf 84' lang='lat' dir='ltr'><strong>evangelizavit.</strong></span> 
     </span>
    </p>
   </div>
   <div class='ocr_carea' id='block_1_47' title="bbox 466 3150 2048 3228">
    <p class='ocr_par' dir='ltr' id='par_1_47' title="bbox 466 3150 2048 3228">
     <span class='ocr_line' id='line_1_47' title="bbox 466 3150 2048 3228; baseline 0.008 -25"><span class='ocrx_word' id='word_1_357' title='bbox 466 3166 654 3223; x_wconf 82' lang='lat' dir='ltr'><strong>pacem</strong></span> <span class='ocrx_word' id='word_1_358' title='bbox 691 3150 756 3204; x_wconf 89' lang='lat' dir='ltr'><strong>iis</strong></span> <span class='ocrx_word' id='word_1_359' title='bbox 790 3151 881 3221; x_wconf 92' lang='lat' dir='ltr'><strong>qui</strong></span> <span class='ocrx_word' id='word_1_360' title='bbox 911 3150 1088 3220; x_wconf 84' lang='lat' dir='ltr'><strong>longe.</strong></span> <span class='ocrx_word' id='word_1_361' title='bbox 1125 3152 1270 3207; x_wconf 88' lang='lat' dir='ltr'><strong>etiis</strong></span> <span class='ocrx_word' id='word_1_362' title='bbox 1300 3153 1392 3223; x_wconf 93' lang='lat' dir='ltr'><strong>qui</strong></span> <span class='ocrx_word' id='word_1_363' title='bbox 1464 3170 1648 3226; x_wconf 89' lang='lat' dir='ltr'><strong>prope,</strong></span> <span class='ocrx_word' id='word_1_364' title='bbox 1696 3157 1765 3213; x_wconf 91' lang='lat' dir='ltr'><strong>iis</strong></span> <span class='ocrx_word' id='word_1_365' title='bbox 1813 3160 1903 3228; x_wconf 90' lang='lat' dir='ltr'><strong>qui</strong></span> <span class='ocrx_word' id='word_1_366' title='bbox 1947 3160 2048 3215; x_wconf 91' lang='lat' dir='ltr'><strong>sub</strong></span> 
     </span>
    </p>
   </div>
   <div class='ocr_carea' id='block_1_48' title="bbox 465 3243 2044 3316">
    <p class='ocr_par' dir='ltr' id='par_1_48' title="bbox 465 3243 2044 3316">
     <span class='ocr_line' id='line_1_48' title="bbox 465 3243 2044 3316; baseline 0.006 -18"><span class='ocrx_word' id='word_1_367' title='bbox 465 3245 609 3314; x_wconf 88' lang='lat' dir='ltr'><strong>lege,</strong></span> <span class='ocrx_word' id='word_1_368' title='bbox 646 3243 790 3298; x_wconf 86' lang='lat' dir='ltr'><strong>etiis</strong></span> <span class='ocrx_word' id='word_1_369' title='bbox 812 3245 905 3312; x_wconf 92' lang='lat' dir='ltr'><strong>qui</strong></span> <span class='ocrx_word' id='word_1_370' title='bbox 941 3254 1092 3298; x_wconf 81' lang='lat' dir='ltr'><strong>extra</strong></span> <span class='ocrx_word' id='word_1_371' title='bbox 1122 3246 1294 3315; x_wconf 81' lang='lat' dir='ltr'><strong>legem</strong></span> <span class='ocrx_word' id='word_1_372' title='bbox 1331 3258 1511 3313; x_wconf 73' lang='lat' dir='ltr'><strong>erant,</strong></span> <span class='ocrx_word' id='word_1_373' title='bbox 1550 3248 1711 3303; x_wconf 88' lang='lat' dir='ltr'><strong>Pater</strong></span> <span class='ocrx_word' id='word_1_374' title='bbox 1735 3250 2044 3316; x_wconf 86' lang='lat' dir='ltr'><strong>charitatis,</strong></span> 
     </span>
    </p>
   </div>
   <div class='ocr_carea' id='block_1_49' title="bbox 467 3336 2049 3409">
    <p class='ocr_par' dir='ltr' id='par_1_49' title="bbox 467 3336 2049 3409">
     <span class='ocr_line' id='line_1_49' title="bbox 467 3336 2049 3409; baseline 0.005 -19"><span class='ocrx_word' id='word_1_375' title='bbox 467 3336 709 3390; x_wconf 85' lang='lat' dir='ltr'><strong>charitas</strong></span> <span class='ocrx_word' id='word_1_376' title='bbox 739 3352 755 3400; x_wconf 92' lang='lat'><strong>;</strong></span> <span class='ocrx_word' id='word_1_377' title='bbox 801 3336 885 3390; x_wconf 83' lang='lat' dir='ltr'><strong>Itis</strong></span> <span class='ocrx_word' id='word_1_378' title='bbox 908 3336 1052 3388; x_wconf 84' lang='lat' dir='ltr'><strong>enim</strong></span> <span class='ocrx_word' id='word_1_379' title='bbox 1087 3337 1400 3393; x_wconf 90' lang='lat' dir='ltr'><strong>nominibus</strong></span> <span class='ocrx_word' id='word_1_380' title='bbox 1466 3355 1576 3409; x_wconf 64' lang='lat' dir='ltr'><strong>pra:</strong></span> <span class='ocrx_word' id='word_1_381' title='bbox 1627 3344 1839 3398; x_wconf 66' lang='lat' dir='ltr'><strong>cmteris</strong></span> <span class='ocrx_word' id='word_1_382' title='bbox 1862 3344 2049 3399; x_wconf 88' lang='lat' dir='ltr'><strong>vocari</strong></span> 
     </span>
    </p>
   </div>
   <div class='ocr_carea' id='block_1_50' title="bbox 468 3426 2050 3500">
    <p class='ocr_par' dir='ltr' id='par_1_50' title="bbox 468 3426 2050 3500">
     <span class='ocr_line' id='line_1_50' title="bbox 468 3426 2050 3500; baseline 0.005 -18"><span class='ocrx_word' id='word_1_383' title='bbox 468 3428 691 3498; x_wconf 86' lang='lat' dir='ltr'><strong>gaudet.</strong></span> <span class='ocrx_word' id='word_1_384' title='bbox 720 3426 1017 3498; x_wconf 82' lang='lat' dir='ltr'><strong>Gregorius</strong></span> <span class='ocrx_word' id='word_1_385' title='bbox 1048 3427 1330 3500; x_wconf 86' lang='lat' dir='ltr'><strong>Nysseuus</strong></span> <span class='ocrx_word' id='word_1_386' title='bbox 1361 3432 1414 3486; x_wconf 90' lang='lat' dir='ltr'><strong>in</strong></span> <span class='ocrx_word' id='word_1_387' title='bbox 1435 3429 1876 3491; x_wconf 87' lang='lat' dir='ltr'><strong>Commentariiis</strong></span> <span class='ocrx_word' id='word_1_388' title='bbox 1904 3436 2050 3492; x_wconf 82' lang='lat' dir='ltr'><strong>Cart-</strong></span> 
     </span>
    </p>
   </div>
   <div class='ocr_carea' id='block_1_51' title="bbox 471 3521 2050 3593">
    <p class='ocr_par' dir='ltr' id='par_1_51' title="bbox 471 3521 2050 3593">
     <span class='ocr_line' id='line_1_51' title="bbox 471 3521 2050 3593; baseline 0.005 -18"><span class='ocrx_word' id='word_1_389' title='bbox 471 3522 568 3575; x_wconf 86' lang='lat' dir='ltr'><strong>tici</strong></span> <span class='ocrx_word' id='word_1_390' title='bbox 596 3522 934 3575; x_wconf 86' lang='lat' dir='ltr'><strong>canticorum</strong></span> <span class='ocrx_word' id='word_1_391' title='bbox 970 3538 983 3574; x_wconf 90' lang='lat'><strong>:</strong></span> <span class='ocrx_word' id='word_1_392' title='bbox 1016 3521 1153 3589; x_wconf 88' lang='lat' dir='ltr'><strong>Quia</strong></span> <span class='ocrx_word' id='word_1_393' title='bbox 1182 3522 1348 3593; x_wconf 88' lang='lat' dir='ltr'><strong>igitur</strong></span> <span class='ocrx_word' id='word_1_394' title='bbox 1385 3540 1553 3579; x_wconf 92' lang='lat' dir='ltr'><strong>unum</strong></span> <span class='ocrx_word' id='word_1_395' title='bbox 1579 3536 1661 3581; x_wconf 88' lang='lat' dir='ltr'><strong>est</strong></span> <span class='ocrx_word' id='word_1_396' title='bbox 1694 3529 2050 3593; x_wconf 89' lang='lat' dir='ltr'><strong>conuubium,</strong></span> 
     </span>
    </p>
   </div>
   <div class='ocr_carea' id='block_1_52' title="bbox 470 3617 2050 3691">
    <p class='ocr_par' dir='ltr' id='par_1_52' title="bbox 470 3617 2050 3691">
     <span class='ocr_line' id='line_1_52' title="bbox 470 3617 2050 3691; baseline 0.002 -20"><span class='ocrx_word' id='word_1_397' title='bbox 470 3625 525 3672; x_wconf 90' lang='lat' dir='ltr'><strong>et</strong></span> <span class='ocrx_word' id='word_1_398' title='bbox 565 3630 671 3669; x_wconf 88' lang='lat' dir='ltr'><strong>una</strong></span> <span class='ocrx_word' id='word_1_399' title='bbox 694 3628 919 3683; x_wconf 88' lang='lat' dir='ltr'><strong>sponsa,</strong></span> <span class='ocrx_word' id='word_1_400' title='bbox 950 3622 1005 3669; x_wconf 81' lang='lat' dir='ltr'><strong>et</strong></span> <span class='ocrx_word' id='word_1_401' title='bbox 1032 3630 1143 3670; x_wconf 91' lang='lat' dir='ltr'><strong>uno</strong></span> <span class='ocrx_word' id='word_1_402' title='bbox 1177 3631 1382 3686; x_wconf 83' lang='lat' dir='ltr'><strong>sponso</strong></span> <span class='ocrx_word' id='word_1_403' title='bbox 1418 3617 1741 3683; x_wconf 83' lang='lat' dir='ltr'><strong>imponitur</strong></span> <span class='ocrx_word' id='word_1_404' title='bbox 1793 3635 1996 3675; x_wconf 88' lang='lat' dir='ltr'><strong>corona</strong></span> <span class='ocrx_word' id='word_1_405' title='bbox 2030 3638 2050 3691; x_wconf 88' lang='lat'><strong>;</strong></span> 
     </span>
    </p>
   </div>
   <div class='ocr_carea' id='block_1_53' title="bbox 472 3707 2053 3779">
    <p class='ocr_par' dir='ltr' id='par_1_53' title="bbox 472 3707 2053 3779">
     <span class='ocr_line' id='line_1_53' title="bbox 472 3707 2053 3779; baseline 0.004 -17"><span class='ocrx_word' id='word_1_406' title='bbox 472 3708 609 3763; x_wconf 87' lang='lat' dir='ltr'><strong>nihil</strong></span> <span class='ocrx_word' id='word_1_407' title='bbox 642 3709 784 3763; x_wconf 89' lang='lat' dir='ltr'><strong>enim</strong></span> <span class='ocrx_word' id='word_1_408' title='bbox 816 3707 1034 3779; x_wconf 87' lang='lat' dir='ltr'><strong>penitus</strong></span> <span class='ocrx_word' id='word_1_409' title='bbox 1066 3707 1315 3775; x_wconf 87' lang='lat' dir='ltr'><strong>interest,</strong></span> <span class='ocrx_word' id='word_1_410' title='bbox 1373 3710 1453 3764; x_wconf 83' lang='lat' dir='ltr'><strong>vel</strong></span> <span class='ocrx_word' id='word_1_411' title='bbox 1482 3708 1678 3775; x_wconf 78' lang='lat' dir='ltr'><strong>Filium</strong></span> <span class='ocrx_word' id='word_1_412' title='bbox 1736 3710 1831 3766; x_wconf 85' lang='lat' dir='ltr'><strong>Dei</strong></span> <span class='ocrx_word' id='word_1_413' title='bbox 1859 3728 2053 3770; x_wconf 82' lang='lat' dir='ltr'><strong>vocare</strong></span> 
     </span>
    </p>
   </div>
   <div class='ocr_carea' id='block_1_54' title="bbox 470 3799 2049 3876">
    <p class='ocr_par' dir='ltr' id='par_1_54' title="bbox 470 3799 2049 3876">
     <span class='ocr_line' id='line_1_54' title="bbox 470 3799 2049 3876; baseline 0.005 -22"><span class='ocrx_word' id='word_1_414' title='bbox 470 3801 813 3869; x_wconf 83' lang='lat' dir='ltr'><strong>unigenitum</strong></span> <span class='ocrx_word' id='word_1_415' title='bbox 849 3799 1113 3867; x_wconf 78' lang='lat' dir='ltr'><strong>Verbum,</strong></span> <span class='ocrx_word' id='word_1_416' title='bbox 1175 3801 1260 3856; x_wconf 88' lang='lat' dir='ltr'><strong>vel</strong></span> <span class='ocrx_word' id='word_1_417' title='bbox 1302 3801 1499 3857; x_wconf 85' lang='lat' dir='ltr'><strong>Filium</strong></span> <span class='ocrx_word' id='word_1_418' title='bbox 1562 3803 1872 3861; x_wconf 89' lang='lat' dir='ltr'><strong>dilectionis</strong></span> <span class='ocrx_word' id='word_1_419' title='bbox 1907 3805 2049 3876; x_wconf 89' lang='lat' dir='ltr'><strong>ejus,</strong></span> 
     </span>
    </p>
   </div>
   <div class='ocr_carea' id='block_1_55' title="bbox 470 3893 2072 3967">
    <p class='ocr_par' dir='ltr' id='par_1_55' title="bbox 470 3893 2072 3967">
     <span class='ocr_line' id='line_1_55' title="bbox 470 3893 2072 3967; baseline 0.006 -23"><span class='ocrx_word' id='word_1_420' title='bbox 470 3904 531 3947; x_wconf 88' lang='lat' dir='ltr'><strong>ut</strong></span> <span class='ocrx_word' id='word_1_421' title='bbox 567 3894 718 3949; x_wconf 87' lang='lat' dir='ltr'><strong>Pauli</strong></span> <span class='ocrx_word' id='word_1_422' title='bbox 757 3909 889 3950; x_wconf 85' lang='lat' dir='ltr'><strong>voce</strong></span> <span class='ocrx_word' id='word_1_423' title='bbox 923 3903 1145 3950; x_wconf 80' lang='lat' dir='ltr'><strong>utamur</strong></span> <span class='ocrx_word' id='word_1_424' title='bbox 1173 3895 1244 3948; x_wconf 77' lang='grc' dir='ltr'><strong>³ο.</strong></span> <span class='ocrx_word' id='word_1_425' title='bbox 1276 3893 1338 3948; x_wconf 86' lang='lat' dir='ltr'><strong>Et</strong></span> <span class='ocrx_word' id='word_1_426' title='bbox 1373 3905 1594 3950; x_wconf 89' lang='lat' dir='ltr'><strong>sanctus</strong></span> <span class='ocrx_word' id='word_1_427' title='bbox 1641 3894 1895 3967; x_wconf 85' lang='lat' dir='ltr'><strong>Cyrillus,</strong></span> <span class='ocrx_word' id='word_1_428' title='bbox 1929 3914 2072 3957; x_wconf 84' lang='lat' dir='ltr'><strong>eum.</strong></span> 
     </span>
    </p>
   </div>
   <div class='ocr_carea' id='block_1_56' title="bbox 472 3985 2051 4059">
    <p class='ocr_par' dir='ltr' id='par_1_56' title="bbox 472 3985 2051 4059">
     <span class='ocr_line' id='line_1_56' title="bbox 472 3985 2051 4059; baseline 0.004 -20"><span class='ocrx_word' id='word_1_429' title='bbox 472 3985 542 4039; x_wconf 88' lang='lat' dir='ltr'><strong>de</strong></span> <span class='ocrx_word' id='word_1_430' title='bbox 584 3985 792 4053; x_wconf 86' lang='lat' dir='ltr'><strong>Spiritu</strong></span> <span class='ocrx_word' id='word_1_431' title='bbox 836 3994 1027 4042; x_wconf 83' lang='lat' dir='ltr'><strong>sancto</strong></span> <span class='ocrx_word' id='word_1_432' title='bbox 1055 3985 1249 4041; x_wconf 87' lang='lat' dir='ltr'><strong>scribit</strong></span> <span class='ocrx_word' id='word_1_433' title='bbox 1283 4004 1296 4039; x_wconf 90' lang='lat'>:</span> <span class='ocrx_word' id='word_1_434' title='bbox 1328 3985 1601 4052; x_wconf 86' lang='lat' dir='ltr'><strong>Quantam</strong></span> <span class='ocrx_word' id='word_1_435' title='bbox 1661 3987 2051 4059; x_wconf 80' lang='lat' dir='ltr'><strong>beuiguitatcm</strong></span> 
     </span>
    </p>
   </div>
   <div class='ocr_carea' id='block_1_57' title="bbox 472 4075 2053 4144">
    <p class='ocr_par' dir='ltr' id='par_1_57' title="bbox 472 4075 2053 4144">
     <span class='ocr_line' id='line_1_57' title="bbox 472 4075 2053 4144; baseline 0.006 -16"><span class='ocrx_word' id='word_1_436' title='bbox 472 4076 528 4128; x_wconf 89' lang='lat' dir='ltr'><strong>iu</strong></span> <span class='ocrx_word' id='word_1_437' title='bbox 562 4075 720 4131; x_wconf 87' lang='lat' dir='ltr'><strong>nobis</strong></span> <span class='ocrx_word' id='word_1_438' title='bbox 753 4085 1013 4144; x_wconf 84' lang='lat' dir='ltr'><strong>operatus</strong></span> <span class='ocrx_word' id='word_1_439' title='bbox 1067 4086 1151 4130; x_wconf 90' lang='lat' dir='ltr'><strong>est</strong></span> <span class='ocrx_word' id='word_1_440' title='bbox 1209 4077 1453 4130; x_wconf 86' lang='lat' dir='ltr'><strong>omnium</strong></span> <span class='ocrx_word' id='word_1_441' title='bbox 1508 4077 1788 4144; x_wconf 86' lang='lat' dir='ltr'><strong>Dominus,</strong></span> <span class='ocrx_word' id='word_1_442' title='bbox 1853 4082 2053 4137; x_wconf 81' lang='lat' dir='ltr'><strong>docens</strong></span> 
     </span>
    </p>
   </div>
   <div class='ocr_carea' id='block_1_58' title="bbox 470 4164 2054 4236">
    <p class='ocr_par' dir='ltr' id='par_1_58' title="bbox 470 4164 2054 4236">
     <span class='ocr_line' id='line_1_58' title="bbox 470 4164 2054 4236; baseline 0.003 -14"><span class='ocrx_word' id='word_1_443' title='bbox 470 4166 671 4222; x_wconf 81' lang='lat' dir='ltr'><strong>Paulus</strong></span> <span class='ocrx_word' id='word_1_444' title='bbox 699 4166 776 4219; x_wconf 87' lang='lat' dir='ltr'><strong>ait</strong></span> <span class='ocrx_word' id='word_1_445' title='bbox 810 4184 824 4221; x_wconf 90' lang='lat'><strong>:</strong></span> <span class='ocrx_word' id='word_1_446' title='bbox 859 4164 997 4230; x_wconf 85' lang='lat' dir='ltr'><strong>Quia</strong></span> <span class='ocrx_word' id='word_1_447' title='bbox 1034 4166 1267 4220; x_wconf 84' lang='lat' dir='ltr'><strong>charitas</strong></span> <span class='ocrx_word' id='word_1_448' title='bbox 1291 4166 1384 4219; x_wconf 81' lang='lat' dir='ltr'><strong>Dei</strong></span> <span class='ocrx_word' id='word_1_449' title='bbox 1416 4167 1612 4236; x_wconf 71' lang='lat' dir='ltr'><strong>diffusa</strong></span> <span class='ocrx_word' id='word_1_450' title='bbox 1630 4179 1703 4222; x_wconf 88' lang='lat' dir='ltr'><strong>est</strong></span> <span class='ocrx_word' id='word_1_451' title='bbox 1730 4170 1787 4222; x_wconf 84' lang='lat' dir='ltr'><strong>in</strong></span> <span class='ocrx_word' id='word_1_452' title='bbox 1806 4171 2054 4226; x_wconf 74' lang='lat' dir='ltr'><strong>cordibus</strong></span> 
     </span>
    </p>
   </div>
   <div class='ocr_carea' id='block_1_59' title="bbox 472 4240 2051 4324">
    <p class='ocr_par' dir='ltr' id='par_1_59' title="bbox 472 4240 2051 4324">
     <span class='ocr_line' id='line_1_59' title="bbox 472 4240 2051 4324; baseline 0.006 -17"><span class='ocrx_word' id='word_1_453' title='bbox 472 4256 667 4309; x_wconf 80' lang='lat' dir='ltr'><strong>nostris</strong></span> <span class='ocrx_word' id='word_1_454' title='bbox 697 4272 787 4320; x_wconf 85' lang='lat' dir='ltr'><strong>per</strong></span> <span class='ocrx_word' id='word_1_455' title='bbox 813 4240 1075 4323; x_wconf 70' lang='lat' dir='ltr'><strong>Spiritum</strong></span> <span class='ocrx_word' id='word_1_456' title='bbox 1098 4266 1369 4320; x_wconf 86' lang='lat' dir='ltr'><strong>sanctum,</strong></span> <span class='ocrx_word' id='word_1_457' title='bbox 1400 4260 1489 4324; x_wconf 85' lang='lat' dir='ltr'><strong>qui</strong></span> <span class='ocrx_word' id='word_1_458' title='bbox 1520 4258 1682 4313; x_wconf 83' lang='lat' dir='ltr'><strong>datus</strong></span> <span class='ocrx_word' id='word_1_459' title='bbox 1709 4270 1785 4314; x_wconf 81' lang='lat' dir='ltr'><strong>est</strong></span> <span class='ocrx_word' id='word_1_460' title='bbox 1816 4263 1964 4316; x_wconf 87' lang='lat' dir='ltr'><strong>nobis</strong></span> <span class='ocrx_word' id='word_1_461' title='bbox 1983 4263 2051 4317; x_wconf 84' lang='grc'><strong>³¹.</strong></span> 
     </span>
    </p>
   </div>
   <div class='ocr_carea' id='block_1_60' title="bbox 476 4345 2056 4420">
    <p class='ocr_par' dir='ltr' id='par_1_60' title="bbox 476 4345 2056 4420">
     <span class='ocr_line' id='line_1_60' title="bbox 476 4345 2056 4420; baseline 0.003 -20"><span class='ocrx_word' id='word_1_462' title='bbox 476 4346 536 4400; x_wconf 88' lang='lat' dir='ltr'><strong>Si</strong></span> <span class='ocrx_word' id='word_1_463' title='bbox 562 4346 728 4415; x_wconf 88' lang='lat' dir='ltr'><strong>igitur</strong></span> <span class='ocrx_word' id='word_1_464' title='bbox 764 4345 908 4399; x_wconf 86' lang='lat' dir='ltr'><strong>Deus</strong></span> <span class='ocrx_word' id='word_1_465' title='bbox 939 4345 1185 4401; x_wconf 89' lang='lat' dir='ltr'><strong>charitas</strong></span> <span class='ocrx_word' id='word_1_466' title='bbox 1215 4357 1319 4413; x_wconf 89' lang='lat' dir='ltr'><strong>est,</strong></span> <span class='ocrx_word' id='word_1_467' title='bbox 1345 4356 1404 4400; x_wconf 90' lang='lat' dir='ltr'><strong>ut</strong></span> <span class='ocrx_word' id='word_1_468' title='bbox 1437 4345 1680 4403; x_wconf 80' lang='lat' dir='ltr'><strong>Joannes</strong></span> <span class='ocrx_word' id='word_1_469' title='bbox 1715 4350 1957 4420; x_wconf 85' lang='lat' dir='ltr'><strong>loquitur</strong></span> <span class='ocrx_word' id='word_1_470' title='bbox 1986 4354 2056 4420; x_wconf 83' lang='grc'><strong>³²,</strong></span> 
     </span>
    </p>
   </div>
   <div class='ocr_carea' id='block_1_61' title="bbox 474 4433 2058 4508">
    <p class='ocr_par' dir='ltr' id='par_1_61' title="bbox 474 4433 2058 4508">
     <span class='ocr_line' id='line_1_61' title="bbox 474 4433 2058 4508; baseline 0.004 -22"><span class='ocrx_word' id='word_1_471' title='bbox 474 4444 531 4488; x_wconf 80' lang='lat' dir='ltr'><strong>et</strong></span> <span class='ocrx_word' id='word_1_472' title='bbox 563 4449 667 4488; x_wconf 92' lang='lat' dir='ltr'><strong>non</strong></span> <span class='ocrx_word' id='word_1_473' title='bbox 701 4447 787 4488; x_wconf 87' lang='lat' dir='ltr'><strong>est</strong></span> <span class='ocrx_word' id='word_1_474' title='bbox 819 4433 964 4487; x_wconf 90' lang='lat' dir='ltr'><strong>aliud</strong></span> <span class='ocrx_word' id='word_1_475' title='bbox 1000 4434 1134 4502; x_wconf 85' lang='lat' dir='ltr'><strong>ipse,</strong></span> <span class='ocrx_word' id='word_1_476' title='bbox 1161 4442 1215 4490; x_wconf 90' lang='lat' dir='ltr'><strong>et</strong></span> <span class='ocrx_word' id='word_1_477' title='bbox 1253 4434 1403 4490; x_wconf 90' lang='lat' dir='ltr'><strong>aliud</strong></span> <span class='ocrx_word' id='word_1_478' title='bbox 1440 4436 1582 4503; x_wconf 89' lang='lat' dir='ltr'><strong>quod</strong></span> <span class='ocrx_word' id='word_1_479' title='bbox 1613 4436 1668 4490; x_wconf 89' lang='lat' dir='ltr'><strong>in</strong></span> <span class='ocrx_word' id='word_1_480' title='bbox 1695 4437 1814 4508; x_wconf 86' lang='lat' dir='ltr'><strong>ipso</strong></span> <span class='ocrx_word' id='word_1_481' title='bbox 1838 4447 1923 4492; x_wconf 87' lang='lat' dir='ltr'><strong>est</strong></span> <span class='ocrx_word' id='word_1_482' title='bbox 1952 4439 2058 4507; x_wconf 86' lang='lat' dir='ltr'><strong>(est</strong></span> 
     </span>
    </p>
   </div>
   <div class='ocr_carea' id='block_1_62' title="bbox 2150 1951 3732 2023">
    <p class='ocr_par' dir='ltr' id='par_1_62' title="bbox 2150 1951 3732 2023">
     <span class='ocr_line' id='line_1_62' title="bbox 2150 1951 3732 2023; baseline -0.003 -14"><span class='ocrx_word' id='word_1_483' title='bbox 2150 1954 2366 2009; x_wconf 87' lang='lat' dir='ltr'><strong>bonitas</strong></span> <span class='ocrx_word' id='word_1_484' title='bbox 2394 1966 2500 2009; x_wconf 90' lang='lat' dir='ltr'><strong>est.</strong></span> <span class='ocrx_word' id='word_1_485' title='bbox 2531 1954 2673 2009; x_wconf 89' lang='lat' dir='ltr'><strong>Sane</strong></span> <span class='ocrx_word' id='word_1_486' title='bbox 2715 1953 3004 2009; x_wconf 77' lang='lat' dir='ltr'><strong>Mattlueus</strong></span> <span class='ocrx_word' id='word_1_487' title='bbox 3044 1953 3263 2023; x_wconf 83' lang='lat' dir='ltr'><strong>quidem</strong></span> <span class='ocrx_word' id='word_1_488' title='bbox 3295 1951 3626 2020; x_wconf 76' lang='lat' dir='ltr'><strong>evangelista</strong></span> <span class='ocrx_word' id='word_1_489' title='bbox 3653 1953 3732 2005; x_wconf 86' lang='lat' dir='ltr'><strong>ait</strong></span> 
     </span>
    </p>
   </div>
   <div class='ocr_carea' id='block_1_63' title="bbox 2145 2042 3731 2115">
    <p class='ocr_par' dir='ltr' id='par_1_63' title="bbox 2145 2042 3731 2115">
     <span class='ocr_line' id='line_1_63' title="bbox 2145 2042 3731 2115; baseline -0.005 -14"><span class='ocrx_word' id='word_1_490' title='bbox 2145 2048 2350 2102; x_wconf 81' lang='lat' dir='ltr'><strong>dixisse</strong></span> <span class='ocrx_word' id='word_1_491' title='bbox 2372 2048 2653 2102; x_wconf 88' lang='lat' dir='ltr'><strong>Dominum</strong></span> <span class='ocrx_word' id='word_1_492' title='bbox 2686 2061 2702 2100; x_wconf 90' lang='lat'><strong>:</strong></span> <span class='ocrx_word' id='word_1_493' title='bbox 2727 2044 2787 2101; x_wconf 87' lang='lat' dir='ltr'><strong>Si</strong></span> <span class='ocrx_word' id='word_1_494' title='bbox 2812 2045 2977 2115; x_wconf 79' lang='lat' dir='ltr'><strong>igitur</strong></span> <span class='ocrx_word' id='word_1_495' title='bbox 3004 2061 3095 2099; x_wconf 80' lang='lat' dir='ltr'><strong>vos</strong></span> <span class='ocrx_word' id='word_1_496' title='bbox 3123 2060 3241 2098; x_wconf 84' lang='lat' dir='ltr'><strong>cum</strong></span> <span class='ocrx_word' id='word_1_497' title='bbox 3274 2042 3401 2096; x_wconf 80' lang='lat' dir='ltr'><strong>mali</strong></span> <span class='ocrx_word' id='word_1_498' title='bbox 3435 2042 3572 2101; x_wconf 81' lang='lat' dir='ltr'><strong>sitis,</strong></span> <span class='ocrx_word' id='word_1_499' title='bbox 3632 2059 3731 2093; x_wconf 76' lang='lat' dir='ltr'><strong>tro-</strong></span> 
     </span>
    </p>
   </div>
   <div class='ocr_carea' id='block_1_64' title="bbox 2146 2132 3738 2209">
    <p class='ocr_par' dir='ltr' id='par_1_64' title="bbox 2146 2132 3738 2209">
     <span class='ocr_line' id='line_1_64' title="bbox 2146 2132 3738 2209; baseline -0.004 -16"><span class='ocrx_word' id='word_1_500' title='bbox 2146 2142 2244 2194; x_wconf 83' lang='lat' dir='ltr'><strong>stis</strong></span> <span class='ocrx_word' id='word_1_501' title='bbox 2276 2142 2412 2194; x_wconf 83' lang='lat' dir='ltr'><strong>bona</strong></span> <span class='ocrx_word' id='word_1_502' title='bbox 2438 2141 2566 2193; x_wconf 86' lang='lat' dir='ltr'><strong>data</strong></span> <span class='ocrx_word' id='word_1_503' title='bbox 2593 2140 2721 2194; x_wconf 85' lang='lat' dir='ltr'><strong>dare</strong></span> <span class='ocrx_word' id='word_1_504' title='bbox 2739 2139 2868 2209; x_wconf 81' lang='lat' dir='ltr'><strong>ﬁliis</strong></span> <span class='ocrx_word' id='word_1_505' title='bbox 2895 2140 3079 2193; x_wconf 85' lang='lat' dir='ltr'><strong>vestris</strong></span> <span class='ocrx_word' id='word_1_506' title='bbox 3100 2152 3119 2191; x_wconf 90' lang='lat'><strong><em>:</em></strong></span> <span class='ocrx_word' id='word_1_507' title='bbox 3156 2148 3354 2207; x_wconf 83' lang='lat' dir='ltr'><strong>quanto</strong></span> <span class='ocrx_word' id='word_1_508' title='bbox 3378 2137 3540 2206; x_wconf 84' lang='lat' dir='ltr'><strong>magis</strong></span> <span class='ocrx_word' id='word_1_509' title='bbox 3564 2132 3738 2188; x_wconf 82' lang='lat' dir='ltr'><strong>Pater</strong></span> 
     </span>
    </p>
   </div>
   <div class='ocr_carea' id='block_1_65' title="bbox 2148 2214 3730 2302">
    <p class='ocr_par' dir='ltr' id='par_1_65' title="bbox 2148 2214 3730 2302">
     <span class='ocr_line' id='line_1_65' title="bbox 2148 2214 3730 2302; baseline -0.004 -14"><span class='ocrx_word' id='word_1_510' title='bbox 2148 2234 2372 2288; x_wconf 62' lang='lat' dir='ltr'><strong>celestis</strong></span> <span class='ocrx_word' id='word_1_511' title='bbox 2390 2214 2539 2286; x_wconf 80' lang='lat' dir='ltr'><strong>dabit</strong></span> <span class='ocrx_word' id='word_1_512' title='bbox 2556 2233 2690 2286; x_wconf 85' lang='lat' dir='ltr'><strong>bona</strong></span> <span class='ocrx_word' id='word_1_513' title='bbox 2709 2232 3003 2302; x_wconf 83' lang='lat' dir='ltr'><strong>petentibus</strong></span> <span class='ocrx_word' id='word_1_514' title='bbox 3025 2245 3144 2284; x_wconf 83' lang='lat' dir='ltr'><strong>cum</strong></span> <span class='ocrx_word' id='word_1_515' title='bbox 3172 2229 3219 2262; x_wconf 85' lang='grc'><strong>³³</strong></span> <span class='ocrx_word' id='word_1_516' title='bbox 3240 2230 3264 2283; x_wconf 75' lang='lat' dir='ltr'><strong>i</strong></span> <span class='ocrx_word' id='word_1_517' title='bbox 3283 2230 3471 2290; x_wconf 79' lang='lat' dir='ltr'><strong>Audis,</strong></span> <span class='ocrx_word' id='word_1_518' title='bbox 3497 2227 3539 2280; x_wconf 77' lang='lat' dir='ltr'><strong>si</strong></span> <span class='ocrx_word' id='word_1_519' title='bbox 3564 2241 3730 2281; x_wconf 73' lang='lat' dir='ltr'><strong>aures</strong></span> 
     </span>
    </p>
   </div>
   <div class='ocr_carea' id='block_1_66' title="bbox 2152 2317 3721 2393">
    <p class='ocr_par' dir='ltr' id='par_1_66' title="bbox 2152 2317 3721 2393">
     <span class='ocr_line' id='line_1_66' title="bbox 2152 2317 3721 2393; baseline -0.008 -12"><span class='ocrx_word' id='word_1_520' title='bbox 2152 2327 2361 2381; x_wconf 80' lang='lat' dir='ltr'><strong>habes?</strong></span> <span class='ocrx_word' id='word_1_521' title='bbox 2424 2325 2566 2393; x_wconf 89' lang='lat' dir='ltr'><strong>quod</strong></span> <span class='ocrx_word' id='word_1_522' title='bbox 2623 2323 2976 2390; x_wconf 77' lang='lat' dir='ltr'><strong>evangelista:</strong></span> <span class='ocrx_word' id='word_1_523' title='bbox 3050 2335 3174 2374; x_wconf 89' lang='lat' dir='ltr'><strong>cum</strong></span> <span class='ocrx_word' id='word_1_524' title='bbox 3220 2321 3424 2374; x_wconf 83' lang='lat' dir='ltr'><strong>scirent</strong></span> <span class='ocrx_word' id='word_1_525' title='bbox 3468 2317 3721 2385; x_wconf 88' lang='lat' dir='ltr'><strong>Spiritum</strong></span> 
     </span>
    </p>
   </div>
   <div class='ocr_carea' id='block_1_67' title="bbox 2148 2406 3700 2482">
    <p class='ocr_par' dir='ltr' id='par_1_67' title="bbox 2148 2406 3700 2482">
     <span class='ocr_line' id='line_1_67' title="bbox 2148 2406 3700 2482; baseline -0.008 -12"><span class='ocrx_word' id='word_1_526' title='bbox 2148 2418 2289 2470; x_wconf 89' lang='lat' dir='ltr'><strong>idem</strong></span> <span class='ocrx_word' id='word_1_527' title='bbox 2323 2430 2446 2470; x_wconf 86' lang='lat' dir='ltr'><strong>esse</strong></span> <span class='ocrx_word' id='word_1_528' title='bbox 2476 2415 2619 2482; x_wconf 89' lang='lat' dir='ltr'><strong>quod</strong></span> <span class='ocrx_word' id='word_1_529' title='bbox 2651 2414 2888 2471; x_wconf 85' lang='lat' dir='ltr'><strong>bonitas.</strong></span> <span class='ocrx_word' id='word_1_530' title='bbox 2934 2423 2989 2467; x_wconf 91' lang='lat' dir='ltr'><strong>et</strong></span> <span class='ocrx_word' id='word_1_531' title='bbox 3039 2413 3344 2466; x_wconf 83' lang='lat' dir='ltr'><strong>bonitatem</strong></span> <span class='ocrx_word' id='word_1_532' title='bbox 3400 2409 3527 2463; x_wconf 83' lang='lat' dir='ltr'><strong>idem</strong></span> <span class='ocrx_word' id='word_1_533' title='bbox 3557 2406 3700 2475; x_wconf 88' lang='lat' dir='ltr'><strong>quod</strong></span> 
     </span>
    </p>
   </div>
   <div class='ocr_carea' id='block_1_68' title="bbox 2149 2500 3805 2578">
    <p class='ocr_par' dir='ltr' id='par_1_68' title="bbox 2149 2500 3805 2578">
     <span class='ocr_line' id='line_1_68' title="bbox 2149 2500 3805 2578; baseline -0.01 -13"><span class='ocrx_word' id='word_1_534' title='bbox 2149 2509 2430 2578; x_wconf 85' lang='lat' dir='ltr'><strong>Spiritus;</strong></span> <span class='ocrx_word' id='word_1_535' title='bbox 2480 2508 2571 2562; x_wconf 85' lang='lat' dir='ltr'><strong>ille</strong></span> <span class='ocrx_word' id='word_1_536' title='bbox 2613 2506 2829 2569; x_wconf 75' lang='lat' dir='ltr'><strong>attitlettt</strong></span> <span class='ocrx_word' id='word_1_537' title='bbox 2863 2508 2999 2560; x_wconf 85' lang='lat' dir='ltr'><strong>bona</strong></span> <span class='ocrx_word' id='word_1_538' title='bbox 3043 2504 3182 2560; x_wconf 89' lang='lat' dir='ltr'><strong>dixit</strong></span> <span class='ocrx_word' id='word_1_539' title='bbox 3222 2503 3394 2571; x_wconf 88' lang='lat' dir='ltr'><strong>ipsum</strong></span> <span class='ocrx_word' id='word_1_540' title='bbox 3439 2500 3711 2567; x_wconf 75' lang='lat' dir='ltr'><strong>Spiritum,</strong></span> <span class='ocrx_word' id='word_1_541' title='bbox 3800 2512 3805 2515; x_wconf 84' lang='grc'><strong>·</strong></span> 
     </span>
    </p>
   </div>
   <div class='ocr_carea' id='block_1_69' title="bbox 2148 2590 3719 2671">
    <p class='ocr_par' dir='ltr' id='par_1_69' title="bbox 2148 2590 3719 2671">
     <span class='ocr_line' id='line_1_69' title="bbox 2148 2590 3719 2671; baseline -0.009 -13"><span class='ocrx_word' id='word_1_542' title='bbox 2148 2606 2286 2658; x_wconf 84' lang='lat' dir='ltr'><strong>alius</strong></span> <span class='ocrx_word' id='word_1_543' title='bbox 2329 2617 2459 2656; x_wconf 87' lang='lat' dir='ltr'><strong>vero</strong></span> <span class='ocrx_word' id='word_1_544' title='bbox 2490 2600 2750 2671; x_wconf 83' lang='lat' dir='ltr'><strong>Spiritum</strong></span> <span class='ocrx_word' id='word_1_545' title='bbox 2775 2599 2888 2666; x_wconf 87' lang='lat' dir='ltr'><strong>ipsa</strong></span> <span class='ocrx_word' id='word_1_546' title='bbox 2922 2598 3084 2652; x_wconf 89' lang='lat' dir='ltr'><strong>bona.</strong></span> <span class='ocrx_word' id='word_1_547' title='bbox 3119 2595 3344 2664; x_wconf 82' lang='lat' dir='ltr'><strong>Magnus</strong></span> <span class='ocrx_word' id='word_1_548' title='bbox 3389 2593 3630 2655; x_wconf 70' lang='lat' dir='ltr'><strong>Basilius,</strong></span> <span class='ocrx_word' id='word_1_549' title='bbox 3658 2590 3719 2644; x_wconf 87' lang='lat' dir='ltr'><strong>in</strong></span> 
     </span>
    </p>
   </div>
   <div class='ocr_carea' id='block_1_70' title="bbox 2149 2676 3725 2763">
    <p class='ocr_par' dir='ltr' id='par_1_70' title="bbox 2149 2676 3725 2763">
     <span class='ocr_line' id='line_1_70' title="bbox 2149 2676 3725 2763; baseline -0.012 -14"><span class='ocrx_word' id='word_1_550' title='bbox 2149 2693 2419 2763; x_wconf 84' lang='lat' dir='ltr'><strong>capitibus</strong></span> <span class='ocrx_word' id='word_1_551' title='bbox 2443 2691 2516 2746; x_wconf 85' lang='lat' dir='ltr'><strong>De</strong></span> <span class='ocrx_word' id='word_1_552' title='bbox 2561 2687 2765 2759; x_wconf 84' lang='lat' dir='ltr'><strong>Spiritu</strong></span> <span class='ocrx_word' id='word_1_553' title='bbox 2792 2696 2978 2743; x_wconf 80' lang='lat' dir='ltr'><strong>sancto</strong></span> <span class='ocrx_word' id='word_1_554' title='bbox 3010 2702 3029 2741; x_wconf 89' lang='lat'><strong><em>:</em></strong></span> <span class='ocrx_word' id='word_1_555' title='bbox 3062 2684 3242 2738; x_wconf 86' lang='lat' dir='ltr'><strong>Bonus</strong></span> <span class='ocrx_word' id='word_1_556' title='bbox 3271 2676 3533 2751; x_wconf 62' lang='lat' dir='ltr'><strong>&#39;Spiiitus,</strong></span> <span class='ocrx_word' id='word_1_557' title='bbox 3580 2679 3725 2732; x_wconf 79' lang='lat' dir='ltr'><strong>sicut</strong></span> 
     </span>
    </p>
   </div>
   <div class='ocr_carea' id='block_1_71' title="bbox 2149 2772 3722 2850">
    <p class='ocr_par' dir='ltr' id='par_1_71' title="bbox 2149 2772 3722 2850">
     <span class='ocr_line' id='line_1_71' title="bbox 2149 2772 3722 2850; baseline -0.013 -8"><span class='ocrx_word' id='word_1_558' title='bbox 2149 2789 2328 2842; x_wconf 85' lang='lat' dir='ltr'><strong>bonus</strong></span> <span class='ocrx_word' id='word_1_559' title='bbox 2358 2784 2544 2850; x_wconf 83' lang='lat' dir='ltr'><strong>Pater,</strong></span> <span class='ocrx_word' id='word_1_560' title='bbox 2575 2793 2631 2837; x_wconf 91' lang='lat' dir='ltr'><strong>et</strong></span> <span class='ocrx_word' id='word_1_561' title='bbox 2662 2783 2838 2836; x_wconf 89' lang='lat' dir='ltr'><strong>bonus</strong></span> <span class='ocrx_word' id='word_1_562' title='bbox 2866 2795 2929 2834; x_wconf 88' lang='lat' dir='ltr'><strong>ex</strong></span> <span class='ocrx_word' id='word_1_563' title='bbox 2955 2781 3094 2833; x_wconf 88' lang='lat' dir='ltr'><strong>bono</strong></span> <span class='ocrx_word' id='word_1_564' title='bbox 3124 2777 3337 2847; x_wconf 86' lang='lat' dir='ltr'><strong>genitus</strong></span> <span class='ocrx_word' id='word_1_565' title='bbox 3366 2772 3722 2830; x_wconf 82' lang='lat' dir='ltr'><strong>substantiam</strong></span> 
     </span>
    </p>
   </div>
   <div class='ocr_carea' id='block_1_72' title="bbox 2151 2863 3727 2946">
    <p class='ocr_par' dir='ltr' id='par_1_72' title="bbox 2151 2863 3727 2946">
     <span class='ocr_line' id='line_1_72' title="bbox 2151 2863 3727 2946; baseline -0.013 -12"><span class='ocrx_word' id='word_1_566' title='bbox 2151 2881 2358 2935; x_wconf 86' lang='lat' dir='ltr'><strong>habens</strong></span> <span class='ocrx_word' id='word_1_567' title='bbox 2394 2878 2569 2946; x_wconf 90' lang='lat' dir='ltr'><strong>ipsam</strong></span> <span class='ocrx_word' id='word_1_568' title='bbox 2603 2873 2924 2929; x_wconf 85' lang='lat' dir='ltr'><strong>bonitatem.</strong></span> <span class='ocrx_word' id='word_1_569' title='bbox 2962 2870 3197 2924; x_wconf 87' lang='lat' dir='ltr'><strong>Sanctus</strong></span> <span class='ocrx_word' id='word_1_570' title='bbox 3227 2867 3459 2938; x_wconf 82' lang='lat' dir='ltr'><strong>Cyrillus</strong></span> <span class='ocrx_word' id='word_1_571' title='bbox 3476 2863 3727 2919; x_wconf 88' lang='lat' dir='ltr'><strong>scribens</strong></span> 
     </span>
    </p>
   </div>
   <div class='ocr_carea' id='block_1_73' title="bbox 2151 2956 3729 3040">
    <p class='ocr_par' dir='ltr' id='par_1_73' title="bbox 2151 2956 3729 3040">
     <span class='ocr_line' id='line_1_73' title="bbox 2151 2956 3729 3040; baseline -0.011 -13"><span class='ocrx_word' id='word_1_572' title='bbox 2151 2974 2218 3027; x_wconf 88' lang='lat' dir='ltr'><strong>de</strong></span> <span class='ocrx_word' id='word_1_573' title='bbox 2254 2970 2456 3040; x_wconf 87' lang='lat' dir='ltr'><strong>Spiritu</strong></span> <span class='ocrx_word' id='word_1_574' title='bbox 2476 2977 2707 3024; x_wconf 89' lang='lat' dir='ltr'><strong>sancto:</strong></span> <span class='ocrx_word' id='word_1_575' title='bbox 2741 2965 2988 3026; x_wconf 83' lang='lat' dir='ltr'><strong>Accedit.</strong></span> <span class='ocrx_word' id='word_1_576' title='bbox 3014 2964 3208 3031; x_wconf 89' lang='lat' dir='ltr'><strong>inquit,</strong></span> <span class='ocrx_word' id='word_1_577' title='bbox 3236 2959 3449 3030; x_wconf 84' lang='lat' dir='ltr'><strong>quidam</strong></span> <span class='ocrx_word' id='word_1_578' title='bbox 3471 2959 3521 3010; x_wconf 91' lang='lat' dir='ltr'><strong>in</strong></span> <span class='ocrx_word' id='word_1_579' title='bbox 3544 2956 3729 3011; x_wconf 76' lang='lat' dir='ltr'><strong>Evan-</strong></span> 
     </span>
    </p>
   </div>
   <div class='ocr_carea' id='block_1_74' title="bbox 2150 3051 3715 3132">
    <p class='ocr_par' dir='ltr' id='par_1_74' title="bbox 2150 3051 3715 3132">
     <span class='ocr_line' id='line_1_74' title="bbox 2150 3051 3715 3132; baseline -0.012 -13"><span class='ocrx_word' id='word_1_580' title='bbox 2150 3063 2325 3132; x_wconf 89' lang='lat' dir='ltr'><strong>geliis,</strong></span> <span class='ocrx_word' id='word_1_581' title='bbox 2351 3071 2405 3116; x_wconf 90' lang='lat' dir='ltr'><strong>et</strong></span> <span class='ocrx_word' id='word_1_582' title='bbox 2426 3061 2561 3117; x_wconf 88' lang='lat' dir='ltr'><strong>dicit</strong></span> <span class='ocrx_word' id='word_1_583' title='bbox 2586 3058 2816 3115; x_wconf 90' lang='lat' dir='ltr'><strong>Domino</strong></span> <span class='ocrx_word' id='word_1_584' title='bbox 2842 3066 2895 3113; x_wconf 91' lang='lat' dir='ltr'><strong>ct</strong></span> <span class='ocrx_word' id='word_1_585' title='bbox 2926 3058 3037 3111; x_wconf 90' lang='lat' dir='ltr'><strong>Deo</strong></span> <span class='ocrx_word' id='word_1_586' title='bbox 3067 3064 3252 3110; x_wconf 89' lang='lat' dir='ltr'><strong>nostro</strong></span> <span class='ocrx_word' id='word_1_587' title='bbox 3279 3052 3411 3108; x_wconf 84' lang='lat' dir='ltr'><strong>Jesu</strong></span> <span class='ocrx_word' id='word_1_588' title='bbox 3441 3051 3659 3105; x_wconf 80' lang='lat' dir='ltr'><strong>Christo</strong></span> <span class='ocrx_word' id='word_1_589' title='bbox 3699 3063 3715 3101; x_wconf 90' lang='lat'><strong>:</strong></span> 
     </span>
    </p>
   </div>
   <div class='ocr_carea' id='block_1_75' title="bbox 2152 3138 3722 3225">
    <p class='ocr_par' dir='ltr' id='par_1_75' title="bbox 2152 3138 3722 3225">
     <span class='ocr_line' id='line_1_75' title="bbox 2152 3138 3722 3225; baseline -0.011 -16"><span class='ocrx_word' id='word_1_590' title='bbox 2152 3153 2409 3225; x_wconf 78' lang='lat' dir='ltr'><strong>Magister</strong></span> <span class='ocrx_word' id='word_1_591' title='bbox 2439 3153 2590 3208; x_wconf 85' lang='lat' dir='ltr'><strong>bone.</strong></span> <span class='ocrx_word' id='word_1_592' title='bbox 2623 3152 2703 3206; x_wconf 82' lang='lat' dir='ltr'><strong>Ad</strong></span> <span class='ocrx_word' id='word_1_593' title='bbox 2762 3151 2863 3205; x_wconf 88' lang='lat' dir='ltr'><strong>hoc</strong></span> <span class='ocrx_word' id='word_1_594' title='bbox 2891 3148 3141 3205; x_wconf 82' lang='lat' dir='ltr'><strong>Christus</strong></span> <span class='ocrx_word' id='word_1_595' title='bbox 3193 3144 3469 3213; x_wconf 81' lang='lat' dir='ltr'><strong>respondit</strong></span> <span class='ocrx_word' id='word_1_596' title='bbox 3520 3157 3538 3195; x_wconf 74' lang='grc' dir='ltr'>ε</span> <span class='ocrx_word' id='word_1_597' title='bbox 3575 3138 3722 3207; x_wconf 82' lang='lat' dir='ltr'><strong>Quid</strong></span> 
     </span>
    </p>
   </div>
   <div class='ocr_carea' id='block_1_76' title="bbox 2153 3231 3729 3301">
    <p class='ocr_par' dir='ltr' id='par_1_76' title="bbox 2153 3231 3729 3301">
     <span class='ocr_line' id='line_1_76' title="bbox 2153 3231 3729 3301; baseline -0.011 0"><span class='ocrx_word' id='word_1_598' title='bbox 2153 3263 2235 3301; x_wconf 79' lang='lat' dir='ltr'><strong>me</strong></span> <span class='ocrx_word' id='word_1_599' title='bbox 2261 3247 2399 3300; x_wconf 85' lang='lat' dir='ltr'><strong>dicis</strong></span> <span class='ocrx_word' id='word_1_600' title='bbox 2424 3246 2615 3299; x_wconf 87' lang='lat' dir='ltr'><strong>bonum</strong></span> <span class='ocrx_word' id='word_1_601' title='bbox 2643 3242 2670 3297; x_wconf 83' lang='lat'><strong><em>?</em></strong></span> <span class='ocrx_word' id='word_1_602' title='bbox 2709 3240 2877 3296; x_wconf 89' lang='lat' dir='ltr'><strong>Nemo</strong></span> <span class='ocrx_word' id='word_1_603' title='bbox 2903 3241 3090 3301; x_wconf 86' lang='lat' dir='ltr'><strong>bonus,</strong></span> <span class='ocrx_word' id='word_1_604' title='bbox 3142 3239 3246 3291; x_wconf 81' lang='lat' dir='ltr'><strong>nisi</strong></span> <span class='ocrx_word' id='word_1_605' title='bbox 3293 3250 3426 3290; x_wconf 73' lang='lat' dir='ltr'><strong>unus</strong></span> <span class='ocrx_word' id='word_1_606' title='bbox 3475 3233 3612 3287; x_wconf 75' lang='lat' dir='ltr'><strong>Deus</strong></span> <span class='ocrx_word' id='word_1_607' title='bbox 3656 3231 3729 3284; x_wconf 75' lang='grc'><strong>³⁸.</strong></span> 
     </span>
    </p>
   </div>
   <div class='ocr_carea' id='block_1_77' title="bbox 2153 3327 3725 3406">
    <p class='ocr_par' dir='ltr' id='par_1_77' title="bbox 2153 3327 3725 3406">
     <span class='ocr_line' id='line_1_77' title="bbox 2153 3327 3725 3406; baseline -0.011 -11"><span class='ocrx_word' id='word_1_608' title='bbox 2153 3339 2374 3395; x_wconf 85' lang='lat' dir='ltr'><strong>Christo</strong></span> <span class='ocrx_word' id='word_1_609' title='bbox 2403 3338 2569 3406; x_wconf 82' lang='lat' dir='ltr'><strong>igitur</strong></span> <span class='ocrx_word' id='word_1_610' title='bbox 2598 3334 2819 3389; x_wconf 87' lang='lat' dir='ltr'><strong>dicente</strong></span> <span class='ocrx_word' id='word_1_611' title='bbox 2842 3348 3008 3387; x_wconf 89' lang='lat' dir='ltr'><strong>unum</strong></span> <span class='ocrx_word' id='word_1_612' title='bbox 3041 3344 3161 3385; x_wconf 90' lang='lat' dir='ltr'><strong>esse</strong></span> <span class='ocrx_word' id='word_1_613' title='bbox 3189 3342 3314 3384; x_wconf 85' lang='lat' dir='ltr'><strong>vere</strong></span> <span class='ocrx_word' id='word_1_614' title='bbox 3346 3337 3401 3383; x_wconf 91' lang='lat' dir='ltr'><strong>et</strong></span> <span class='ocrx_word' id='word_1_615' title='bbox 3460 3327 3725 3382; x_wconf 79' lang='lat' dir='ltr'><strong>substan-</strong></span> 
     </span>
    </p>
   </div>
   <div class='ocr_carea' id='block_1_78' title="bbox 2155 3417 3730 3491">
    <p class='ocr_par' dir='ltr' id='par_1_78' title="bbox 2155 3417 3730 3491">
     <span class='ocr_line' id='line_1_78' title="bbox 2155 3417 3730 3491; baseline -0.01 -6"><span class='ocrx_word' id='word_1_616' title='bbox 2155 3431 2361 3486; x_wconf 89' lang='lat' dir='ltr'><strong>tialiter</strong></span> <span class='ocrx_word' id='word_1_617' title='bbox 2384 3429 2607 3491; x_wconf 90' lang='lat' dir='ltr'><strong>bonum,</strong></span> <span class='ocrx_word' id='word_1_618' title='bbox 2644 3424 2810 3480; x_wconf 87' lang='lat' dir='ltr'><strong>David</strong></span> <span class='ocrx_word' id='word_1_619' title='bbox 2842 3427 2920 3479; x_wconf 89' lang='lat' dir='ltr'><strong>ait</strong></span> <span class='ocrx_word' id='word_1_620' title='bbox 2950 3441 2965 3477; x_wconf 91' lang='lat'><strong>:</strong></span> <span class='ocrx_word' id='word_1_621' title='bbox 3000 3423 3233 3490; x_wconf 84' lang='lat' dir='ltr'><strong>Spiritus</strong></span> <span class='ocrx_word' id='word_1_622' title='bbox 3277 3429 3399 3475; x_wconf 86' lang='lat' dir='ltr'><strong>tuus</strong></span> <span class='ocrx_word' id='word_1_623' title='bbox 3432 3420 3593 3473; x_wconf 81' lang='lat' dir='ltr'><strong>bonus</strong></span> <span class='ocrx_word' id='word_1_624' title='bbox 3636 3417 3730 3470; x_wconf 83' lang='lat' dir='ltr'><strong>de-</strong></span> 
     </span>
    </p>
   </div>
   <div class='ocr_carea' id='block_1_79' title="bbox 2154 3510 3728 3586">
    <p class='ocr_par' dir='ltr' id='par_1_79' title="bbox 2154 3510 3728 3586">
     <span class='ocr_line' id='line_1_79' title="bbox 2154 3510 3728 3586; baseline -0.011 -6"><span class='ocrx_word' id='word_1_625' title='bbox 2154 3528 2406 3580; x_wconf 77' lang='lat' dir='ltr'><strong>ducetme</strong></span> <span class='ocrx_word' id='word_1_626' title='bbox 2431 3526 2484 3577; x_wconf 84' lang='lat' dir='ltr'><strong>in</strong></span> <span class='ocrx_word' id='word_1_627' title='bbox 2509 3531 2705 3576; x_wconf 79' lang='lat' dir='ltr'><strong>terram</strong></span> <span class='ocrx_word' id='word_1_628' title='bbox 2725 3529 2921 3574; x_wconf 82' lang='lat' dir='ltr'><strong>rectam</strong></span> <span class='ocrx_word' id='word_1_629' title='bbox 2948 3516 3077 3573; x_wconf 78' lang='lat' dir='ltr'><strong>&quot;.Si</strong></span> <span class='ocrx_word' id='word_1_630' title='bbox 3100 3530 3229 3586; x_wconf 82' lang='lat' dir='ltr'><strong>ergo</strong></span> <span class='ocrx_word' id='word_1_631' title='bbox 3252 3513 3394 3579; x_wconf 83' lang='lat' dir='ltr'><strong>Filii,</strong></span> <span class='ocrx_word' id='word_1_632' title='bbox 3412 3511 3502 3582; x_wconf 90' lang='lat' dir='ltr'><strong>qui</strong></span> <span class='ocrx_word' id='word_1_633' title='bbox 3521 3519 3604 3566; x_wconf 87' lang='lat' dir='ltr'><strong>est</strong></span> <span class='ocrx_word' id='word_1_634' title='bbox 3633 3510 3728 3564; x_wconf 83' lang='lat' dir='ltr'><strong>bo—</strong></span> 
     </span>
    </p>
   </div>
   <div class='ocr_carea' id='block_1_80' title="bbox 2154 3608 3725 3685">
    <p class='ocr_par' dir='ltr' id='par_1_80' title="bbox 2154 3608 3725 3685">
     <span class='ocr_line' id='line_1_80' title="bbox 2154 3608 3725 3685; baseline -0.013 -10"><span class='ocrx_word' id='word_1_635' title='bbox 2154 3634 2305 3682; x_wconf 91' lang='lat' dir='ltr'><strong>num,</strong></span> <span class='ocrx_word' id='word_1_636' title='bbox 2322 3616 2557 3685; x_wconf 89' lang='lat' dir='ltr'><strong>Spiritus</strong></span> <span class='ocrx_word' id='word_1_637' title='bbox 2580 3623 2665 3668; x_wconf 89' lang='lat' dir='ltr'><strong>est</strong></span> <span class='ocrx_word' id='word_1_638' title='bbox 2698 3613 2922 3674; x_wconf 86' lang='lat' dir='ltr'><strong>bonum,</strong></span> <span class='ocrx_word' id='word_1_639' title='bbox 2941 3610 3108 3679; x_wconf 81' lang='lat' dir='ltr'><strong>liquet</strong></span> <span class='ocrx_word' id='word_1_640' title='bbox 3132 3608 3331 3662; x_wconf 69' lang='lat' dir='ltr'><strong>divinae</strong></span> <span class='ocrx_word' id='word_1_641' title='bbox 3353 3614 3559 3659; x_wconf 63' lang='lat' dir='ltr'><strong>natura;</strong></span> <span class='ocrx_word' id='word_1_642' title='bbox 3580 3616 3725 3666; x_wconf 88' lang='lat' dir='ltr'><strong>esse,</strong></span> 
     </span>
    </p>
   </div>
   <div class='ocr_carea' id='block_1_81' title="bbox 2157 3693 3727 3781">
    <p class='ocr_par' dir='ltr' id='par_1_81' title="bbox 2157 3693 3727 3781">
     <span class='ocr_line' id='line_1_81' title="bbox 2157 3693 3727 3781; baseline -0.014 -12"><span class='ocrx_word' id='word_1_643' title='bbox 2157 3714 2225 3769; x_wconf 91' lang='lat' dir='ltr'><strong>de</strong></span> <span class='ocrx_word' id='word_1_644' title='bbox 2253 3711 2451 3781; x_wconf 77' lang='lat' dir='ltr'><strong>quibus</strong></span> <span class='ocrx_word' id='word_1_645' title='bbox 2478 3724 2606 3762; x_wconf 88' lang='lat' dir='ltr'><strong>vere</strong></span> <span class='ocrx_word' id='word_1_646' title='bbox 2628 3707 2830 3761; x_wconf 76' lang='lat' dir='ltr'><strong>dicitur</strong></span> <span class='ocrx_word' id='word_1_647' title='bbox 2854 3705 3054 3759; x_wconf 91' lang='lat' dir='ltr'><strong>bonum</strong></span> <span class='ocrx_word' id='word_1_648' title='bbox 3086 3700 3304 3771; x_wconf 64' lang='lat' dir='ltr'><strong>pgoprie</strong></span> <span class='ocrx_word' id='word_1_649' title='bbox 3361 3706 3417 3751; x_wconf 87' lang='lat' dir='ltr'><strong>et</strong></span> <span class='ocrx_word' id='word_1_650' title='bbox 3466 3693 3727 3762; x_wconf 84' lang='lat' dir='ltr'><strong>singulari</strong></span> 
     </span>
    </p>
   </div>
   <div class='ocr_carea' id='block_1_82' title="bbox 2156 3787 3724 3874">
    <p class='ocr_par' dir='ltr' id='par_1_82' title="bbox 2156 3787 3724 3874">
     <span class='ocr_line' id='line_1_82' title="bbox 2156 3787 3724 3874; baseline -0.016 -13"><span class='ocrx_word' id='word_1_651' title='bbox 2156 3807 2339 3861; x_wconf 88' lang='lat' dir='ltr'><strong>modo.</strong></span> <span class='ocrx_word' id='word_1_652' title='bbox 2367 3803 2592 3874; x_wconf 79' lang='lat' dir='ltr'><strong>Magnus</strong></span> <span class='ocrx_word' id='word_1_653' title='bbox 2618 3799 2907 3872; x_wconf 82' lang='lat' dir='ltr'><strong>Apostolus</strong></span> <span class='ocrx_word' id='word_1_654' title='bbox 2933 3813 2945 3849; x_wconf 93' lang='lat'><strong>:</strong></span> <span class='ocrx_word' id='word_1_655' title='bbox 2972 3795 3075 3862; x_wconf 83' lang='lat' dir='ltr'><strong>Qui</strong></span> <span class='ocrx_word' id='word_1_656' title='bbox 3104 3810 3221 3849; x_wconf 85' lang='lat' dir='ltr'><strong>cum</strong></span> <span class='ocrx_word' id='word_1_657' title='bbox 3245 3794 3298 3846; x_wconf 88' lang='lat' dir='ltr'><strong>in</strong></span> <span class='ocrx_word' id='word_1_658' title='bbox 3316 3793 3513 3862; x_wconf 82' lang='lat' dir='ltr'><strong>forma,</strong></span> <span class='ocrx_word' id='word_1_659' title='bbox 3532 3787 3724 3858; x_wconf 85' lang='lat' dir='ltr'><strong>inquit,</strong></span> 
     </span>
    </p>
   </div>
   <div class='ocr_carea' id='block_1_83' title="bbox 2156 3880 3730 3962">
    <p class='ocr_par' dir='ltr' id='par_1_83' title="bbox 2156 3880 3730 3962">
     <span class='ocr_line' id='line_1_83' title="bbox 2156 3880 3730 3962; baseline -0.015 -8"><span class='ocrx_word' id='word_1_660' title='bbox 2156 3899 2254 3955; x_wconf 85' lang='lat' dir='ltr'><strong>Dei</strong></span> <span class='ocrx_word' id='word_1_661' title='bbox 2276 3906 2429 3960; x_wconf 81' lang='lat' dir='ltr'><strong>esset,</strong></span> <span class='ocrx_word' id='word_1_662' title='bbox 2451 3911 2553 3949; x_wconf 86' lang='lat' dir='ltr'><strong>non</strong></span> <span class='ocrx_word' id='word_1_663' title='bbox 2575 3895 2812 3962; x_wconf 81' lang='lat' dir='ltr'><strong>rapinam</strong></span> <span class='ocrx_word' id='word_1_664' title='bbox 2830 3890 3120 3945; x_wconf 82' lang='lat' dir='ltr'><strong>arbitratus</strong></span> <span class='ocrx_word' id='word_1_665' title='bbox 3146 3895 3222 3941; x_wconf 85' lang='lat' dir='ltr'><strong>est</strong></span> <span class='ocrx_word' id='word_1_666' title='bbox 3254 3901 3366 3937; x_wconf 80' lang='lat' dir='ltr'><strong>esse</strong></span> <span class='ocrx_word' id='word_1_667' title='bbox 3389 3899 3443 3937; x_wconf 82' lang='lat' dir='ltr'><strong>se</strong></span> <span class='ocrx_word' id='word_1_668' title='bbox 3478 3880 3730 3951; x_wconf 62' lang='lat' dir='ltr'><strong>aequalem</strong></span> 
     </span>
    </p>
   </div>
   <div class='ocr_carea' id='block_1_84' title="bbox 2157 3972 3732 4057">
    <p class='ocr_par' dir='ltr' id='par_1_84' title="bbox 2157 3972 3732 4057">
     <span class='ocr_line' id='line_1_84' title="bbox 2157 3972 3732 4057; baseline -0.016 -12"><span class='ocrx_word' id='word_1_669' title='bbox 2157 3991 2267 4045; x_wconf 86' lang='lat' dir='ltr'><strong>Deo</strong></span> <span class='ocrx_word' id='word_1_670' title='bbox 2290 3990 2355 4044; x_wconf 80' lang='grc'><strong>³⁸.</strong></span> <span class='ocrx_word' id='word_1_671' title='bbox 2385 3987 2613 4057; x_wconf 87' lang='lat' dir='ltr'><strong>Magnus</strong></span> <span class='ocrx_word' id='word_1_672' title='bbox 2636 3984 2868 4039; x_wconf 86' lang='lat' dir='ltr'><strong>Basilius</strong></span> <span class='ocrx_word' id='word_1_673' title='bbox 2896 3999 2909 4035; x_wconf 88' lang='lat'><strong>:</strong></span> <span class='ocrx_word' id='word_1_674' title='bbox 2942 3980 3074 4034; x_wconf 88' lang='lat' dir='ltr'><strong>Illud</strong></span> <span class='ocrx_word' id='word_1_675' title='bbox 3101 3980 3153 4033; x_wconf 84' lang='lat' dir='ltr'><strong>in</strong></span> <span class='ocrx_word' id='word_1_676' title='bbox 3190 3977 3360 4047; x_wconf 79' lang='lat' dir='ltr'><strong>forma</strong></span> <span class='ocrx_word' id='word_1_677' title='bbox 3396 3972 3502 4035; x_wconf 86' lang='lat' dir='ltr'><strong>Dei,</strong></span> <span class='ocrx_word' id='word_1_678' title='bbox 3533 3972 3732 4040; x_wconf 87' lang='lat' dir='ltr'><strong>inquit,</strong></span> 
     </span>
    </p>
   </div>
   <div class='ocr_carea' id='block_1_85' title="bbox 2158 4065 3731 4143">
    <p class='ocr_par' dir='ltr' id='par_1_85' title="bbox 2158 4065 3731 4143">
     <span class='ocr_line' id='line_1_85' title="bbox 2158 4065 3731 4143; baseline -0.016 -5"><span class='ocrx_word' id='word_1_679' title='bbox 2158 4083 2479 4138; x_wconf 75' lang='lat' dir='ltr'><strong>substantia:</strong></span> <span class='ocrx_word' id='word_1_680' title='bbox 2509 4077 2603 4134; x_wconf 90' lang='lat' dir='ltr'><strong>Dei</strong></span> <span class='ocrx_word' id='word_1_681' title='bbox 2630 4086 2751 4143; x_wconf 88' lang='lat' dir='ltr'><strong>est;</strong></span> <span class='ocrx_word' id='word_1_682' title='bbox 2781 4090 2886 4130; x_wconf 90' lang='lat' dir='ltr'><strong>non</strong></span> <span class='ocrx_word' id='word_1_683' title='bbox 2922 4075 3068 4127; x_wconf 88' lang='lat' dir='ltr'><strong>enim</strong></span> <span class='ocrx_word' id='word_1_684' title='bbox 3121 4068 3267 4125; x_wconf 88' lang='lat' dir='ltr'><strong>aliud</strong></span> <span class='ocrx_word' id='word_1_685' title='bbox 3314 4075 3396 4124; x_wconf 88' lang='lat' dir='ltr'><strong>est</strong></span> <span class='ocrx_word' id='word_1_686' title='bbox 3431 4065 3619 4122; x_wconf 77' lang='lat' dir='ltr'><strong>forma.</strong></span> <span class='ocrx_word' id='word_1_687' title='bbox 3677 4068 3731 4115; x_wconf 91' lang='lat' dir='ltr'><strong>et</strong></span> 
     </span>
    </p>
   </div>
   <div class='ocr_carea' id='block_1_86' title="bbox 2159 4155 3732 4232">
    <p class='ocr_par' dir='ltr' id='par_1_86' title="bbox 2159 4155 3732 4232">
     <span class='ocr_line' id='line_1_86' title="bbox 2159 4155 3732 4232; baseline -0.015 -4"><span class='ocrx_word' id='word_1_688' title='bbox 2159 4175 2304 4229; x_wconf 89' lang='lat' dir='ltr'><strong>aliud</strong></span> <span class='ocrx_word' id='word_1_689' title='bbox 2342 4170 2645 4227; x_wconf 89' lang='lat' dir='ltr'><strong>substantia</strong></span> <span class='ocrx_word' id='word_1_690' title='bbox 2674 4167 2804 4232; x_wconf 91' lang='lat' dir='ltr'><strong>Dei,</strong></span> <span class='ocrx_word' id='word_1_691' title='bbox 2862 4181 2930 4220; x_wconf 90' lang='lat' dir='ltr'><strong>ne</strong></span> <span class='ocrx_word' id='word_1_692' title='bbox 2989 4162 3348 4232; x_wconf 88' lang='lat' dir='ltr'><strong>compositum</strong></span> <span class='ocrx_word' id='word_1_693' title='bbox 3375 4158 3468 4213; x_wconf 90' lang='lat' dir='ltr'><strong>sit.</strong></span> <span class='ocrx_word' id='word_1_694' title='bbox 3498 4157 3597 4224; x_wconf 84' lang='lat' dir='ltr'><strong>Qui</strong></span> <span class='ocrx_word' id='word_1_695' title='bbox 3631 4155 3732 4221; x_wconf 83' lang='lat' dir='ltr'><strong>igi.</strong></span> 
     </span>
    </p>
   </div>
   <div class='ocr_carea' id='block_1_87' title="bbox 2161 4250 3732 4326">
    <p class='ocr_par' dir='ltr' id='par_1_87' title="bbox 2161 4250 3732 4326">
     <span class='ocr_line' id='line_1_87' title="bbox 2161 4250 3732 4326; baseline -0.014 -4"><span class='ocrx_word' id='word_1_696' title='bbox 2161 4277 2249 4323; x_wconf 92' lang='lat' dir='ltr'><strong>tur</strong></span> <span class='ocrx_word' id='word_1_697' title='bbox 2274 4275 2359 4321; x_wconf 88' lang='lat' dir='ltr'><strong>est</strong></span> <span class='ocrx_word' id='word_1_698' title='bbox 2388 4263 2684 4321; x_wconf 81' lang='lat' dir='ltr'><strong>secundum</strong></span> <span class='ocrx_word' id='word_1_699' title='bbox 2714 4260 2946 4314; x_wconf 78' lang='lat' dir='ltr'><strong>formam</strong></span> <span class='ocrx_word' id='word_1_700' title='bbox 2976 4254 3226 4326; x_wconf 67' lang='lat' dir='ltr'><strong>aequalis,</strong></span> <span class='ocrx_word' id='word_1_701' title='bbox 3259 4252 3557 4309; x_wconf 90' lang='lat' dir='ltr'><strong>secundum</strong></span> <span class='ocrx_word' id='word_1_702' title='bbox 3599 4250 3732 4302; x_wconf 88' lang='lat' dir='ltr'><strong>sub-</strong></span> 
     </span>
    </p>
   </div>
   <div class='ocr_carea' id='block_1_88' title="bbox 2159 4340 3736 4423">
    <p class='ocr_par' dir='ltr' id='par_1_88' title="bbox 2159 4340 3736 4423">
     <span class='ocr_line' id='line_1_88' title="bbox 2159 4340 3736 4423; baseline -0.013 -9"><span class='ocrx_word' id='word_1_703' title='bbox 2159 4360 2419 4414; x_wconf 86' lang='lat' dir='ltr'><strong>stantiam</strong></span> <span class='ocrx_word' id='word_1_704' title='bbox 2468 4366 2688 4423; x_wconf 78' lang='lat' dir='ltr'><strong>qquue</strong></span> <span class='ocrx_word' id='word_1_705' title='bbox 2736 4349 2959 4420; x_wconf 77' lang='lat' dir='ltr'><strong>aequalis</strong></span> <span class='ocrx_word' id='word_1_706' title='bbox 2992 4358 3100 4404; x_wconf 86' lang='lat' dir='ltr'><strong>est.</strong></span> <span class='ocrx_word' id='word_1_707' title='bbox 3162 4345 3397 4402; x_wconf 88' lang='lat' dir='ltr'><strong>Sanctus</strong></span> <span class='ocrx_word' id='word_1_708' title='bbox 3447 4340 3736 4411; x_wconf 75' lang='lat' dir='ltr'><strong>Gregorius</strong></span> 
     </span>
    </p>
   </div>
   <div class='ocr_carea' id='block_1_89' title="bbox 2159 4435 3733 4526">
    <p class='ocr_par' dir='ltr' id='par_1_89' title="bbox 2159 4435 3733 4526">
     <span class='ocr_line' id='line_1_89' title="bbox 2159 4435 3733 4526; baseline -0.015 -20"><span class='ocrx_word' id='word_1_709' title='bbox 2159 4450 2441 4526; x_wconf 86' lang='lat' dir='ltr'><strong>Nyssenus</strong></span> <span class='ocrx_word' id='word_1_710' title='bbox 2505 4461 2630 4502; x_wconf 88' lang='lat' dir='ltr'><strong>cum</strong></span> <span class='ocrx_word' id='word_1_711' title='bbox 2673 4443 2932 4513; x_wconf 82' lang='lat' dir='ltr'><strong>explanat</strong></span> <span class='ocrx_word' id='word_1_712' title='bbox 2985 4439 3164 4494; x_wconf 89' lang='lat' dir='ltr'><strong>illud:</strong></span> <span class='ocrx_word' id='word_1_713' title='bbox 3208 4435 3468 4492; x_wconf 81' lang='lat' dir='ltr'><strong>Adueniat</strong></span> <span class='ocrx_word' id='word_1_714' title='bbox 3520 4446 3733 4500; x_wconf 82' lang='lat' dir='ltr'><strong>regnum</strong></span> 
     </span>
    </p>
   </div>
   <div class='ocr_carea' id='block_1_90' title="bbox 473 4524 2060 4608">
    <p class='ocr_par' dir='ltr' id='par_1_90' title="bbox 473 4524 2059 4597">
     <span class='ocr_line' id='line_1_90' title="bbox 473 4524 2059 4597; baseline 0.006 -21"><span class='ocrx_word' id='word_1_715' title='bbox 473 4524 619 4577; x_wconf 83' lang='lat' dir='ltr'><strong>enim</strong></span> <span class='ocrx_word' id='word_1_716' title='bbox 646 4524 903 4594; x_wconf 82' lang='lat' dir='ltr'><strong>simplex.</strong></span> <span class='ocrx_word' id='word_1_717' title='bbox 949 4532 1003 4577; x_wconf 89' lang='lat' dir='ltr'><strong>et</strong></span> <span class='ocrx_word' id='word_1_718' title='bbox 1032 4539 1227 4593; x_wconf 86' lang='lat' dir='ltr'><strong>expers</strong></span> <span class='ocrx_word' id='word_1_719' title='bbox 1251 4525 1719 4597; x_wconf 82' lang='lat' dir='ltr'><strong>compositionis),</strong></span> <span class='ocrx_word' id='word_1_720' title='bbox 1745 4527 1943 4584; x_wconf 77' lang='lat' dir='ltr'><strong>diﬂ‘usa</strong></span> <span class='ocrx_word' id='word_1_721' title='bbox 1975 4539 2059 4585; x_wconf 90' lang='lat' dir='ltr'><strong>est</strong></span> 
     </span>
    </p>
   </div>
   <div class='ocr_carea' id='block_1_91' title="bbox 2153 4524 3733 4608">
    <p class='ocr_par' dir='ltr' id='par_1_91' title="bbox 2173 4524 3733 4605">
     <span class='ocr_line' id='line_1_91' title="bbox 2173 4524 3733 4605; baseline -0.015 -6"><span class='ocrx_word' id='word_1_722' title='bbox 2173 4524 2368 4599; x_wconf 83' lang='lat' dir='ltr'><strong>tuum:</strong></span> <span class='ocrx_word' id='word_1_723' title='bbox 2414 4539 2704 4601; x_wconf 88' lang='lat' dir='ltr'><strong>Creatura,</strong></span> <span class='ocrx_word' id='word_1_724' title='bbox 2764 4535 2958 4605; x_wconf 90' lang='lat' dir='ltr'><strong>inquit,</strong></span> <span class='ocrx_word' id='word_1_725' title='bbox 3021 4533 3229 4596; x_wconf 85' lang='lat' dir='ltr'><strong>servit,</strong></span> <span class='ocrx_word' id='word_1_726' title='bbox 3274 4529 3507 4584; x_wconf 90' lang='lat' dir='ltr'><strong>servitus</strong></span> <span class='ocrx_word' id='word_1_727' title='bbox 3557 4532 3733 4577; x_wconf 90' lang='lat' dir='ltr'><strong>autem</strong></span> 
     </span>
    </p>
   </div>
   <div class='ocr_carea' id='block_1_92' title="bbox 477 4616 2057 4686">
    <p class='ocr_par' dir='ltr' id='par_1_92' title="bbox 477 4616 2057 4686">
     <span class='ocr_line' id='line_1_92' title="bbox 477 4616 2057 4686; baseline 0.004 -17"><span class='ocrx_word' id='word_1_728' title='bbox 477 4625 655 4671; x_wconf 87' lang='lat' dir='ltr'><strong>autem</strong></span> <span class='ocrx_word' id='word_1_729' title='bbox 684 4632 780 4686; x_wconf 92' lang='lat' dir='ltr'><strong>per</strong></span> <span class='ocrx_word' id='word_1_730' title='bbox 806 4616 1067 4686; x_wconf 85' lang='lat' dir='ltr'><strong>Spiritum</strong></span> <span class='ocrx_word' id='word_1_731' title='bbox 1100 4627 1347 4671; x_wconf 89' lang='lat' dir='ltr'><strong>sanctum</strong></span> <span class='ocrx_word' id='word_1_732' title='bbox 1394 4617 1730 4674; x_wconf 87' lang='lat' dir='ltr'><strong>habitantem</strong></span> <span class='ocrx_word' id='word_1_733' title='bbox 1758 4621 1810 4675; x_wconf 91' lang='lat' dir='ltr'><strong>in</strong></span> <span class='ocrx_word' id='word_1_734' title='bbox 1848 4623 2006 4678; x_wconf 91' lang='lat' dir='ltr'><strong>uobis</strong></span> <span class='ocrx_word' id='word_1_735' title='bbox 2040 4639 2057 4676; x_wconf 92' lang='lat'><strong>:</strong></span> 
     </span>
    </p>
   </div>
   <div class='ocr_carea' id='block_1_93' title="bbox 478 4708 2059 4785">
    <p class='ocr_par' dir='ltr' id='par_1_93' title="bbox 478 4708 2059 4785">
     <span class='ocr_line' id='line_1_93' title="bbox 478 4708 2059 4785; baseline 0.006 -23"><span class='ocrx_word' id='word_1_736' title='bbox 478 4710 752 4778; x_wconf 80' lang='lat' dir='ltr'><strong>estigitur</strong></span> <span class='ocrx_word' id='word_1_737' title='bbox 774 4710 1017 4763; x_wconf 89' lang='lat' dir='ltr'><strong>charitas</strong></span> <span class='ocrx_word' id='word_1_738' title='bbox 1046 4708 1286 4779; x_wconf 90' lang='lat' dir='ltr'><strong>Spiritus</strong></span> <span class='ocrx_word' id='word_1_739' title='bbox 1338 4719 1586 4777; x_wconf 90' lang='lat' dir='ltr'><strong>sanctus,</strong></span> <span class='ocrx_word' id='word_1_740' title='bbox 1647 4713 1737 4784; x_wconf 86' lang='lat' dir='ltr'><strong>qui</strong></span> <span class='ocrx_word' id='word_1_741' title='bbox 1798 4722 2059 4785; x_wconf 87' lang='lat' dir='ltr'><strong>tanquam</strong></span> 
     </span>
    </p>
   </div>
   <div class='ocr_carea' id='block_1_94' title="bbox 478 4801 2059 4875">
    <p class='ocr_par' dir='ltr' id='par_1_94' title="bbox 478 4801 2059 4875">
     <span class='ocr_line' id='line_1_94' title="bbox 478 4801 2059 4875; baseline 0.006 -19"><span class='ocrx_word' id='word_1_742' title='bbox 478 4804 622 4856; x_wconf 83' lang='lat' dir='ltr'><strong>Deus</strong></span> <span class='ocrx_word' id='word_1_743' title='bbox 643 4803 696 4855; x_wconf 90' lang='lat' dir='ltr'><strong>in</strong></span> <span class='ocrx_word' id='word_1_744' title='bbox 725 4802 886 4858; x_wconf 91' lang='lat' dir='ltr'><strong>nobis</strong></span> <span class='ocrx_word' id='word_1_745' title='bbox 919 4801 1170 4869; x_wconf 89' lang='lat' dir='ltr'><strong>habitat,</strong></span> <span class='ocrx_word' id='word_1_746' title='bbox 1191 4814 1246 4857; x_wconf 88' lang='lat' dir='ltr'><strong>et</strong></span> <span class='ocrx_word' id='word_1_747' title='bbox 1272 4801 1478 4860; x_wconf 89' lang='lat' dir='ltr'><strong>idcirco</strong></span> <span class='ocrx_word' id='word_1_748' title='bbox 1509 4804 1668 4875; x_wconf 87' lang='lat' dir='ltr'><strong>plane</strong></span> <span class='ocrx_word' id='word_1_749' title='bbox 1717 4807 1884 4871; x_wconf 82' lang='lat' dir='ltr'><strong>Deus.</strong></span> <span class='ocrx_word' id='word_1_750' title='bbox 1913 4809 2059 4865; x_wconf 87' lang='lat' dir='ltr'><strong>Idem</strong></span> 
     </span>
    </p>
   </div>
   <div class='ocr_carea' id='block_1_95' title="bbox 476 4892 2061 4969">
    <p class='ocr_par' dir='ltr' id='par_1_95' title="bbox 476 4892 2061 4969">
     <span class='ocr_line' id='line_1_95' title="bbox 476 4892 2061 4969; baseline 0.003 -22"><span class='ocrx_word' id='word_1_751' title='bbox 476 4893 616 4948; x_wconf 88' lang='lat' dir='ltr'><strong>libro</strong></span> <span class='ocrx_word' id='word_1_752' title='bbox 641 4896 815 4964; x_wconf 86' lang='lat' dir='ltr'><strong>primo</strong></span> <span class='ocrx_word' id='word_1_753' title='bbox 846 4893 911 4946; x_wconf 88' lang='lat' dir='ltr'><strong>ad</strong></span> <span class='ocrx_word' id='word_1_754' title='bbox 945 4892 1219 4948; x_wconf 83' lang='lat' dir='ltr'><strong>llermiam</strong></span> <span class='ocrx_word' id='word_1_755' title='bbox 1266 4908 1280 4945; x_wconf 87' lang='lat'><strong>:</strong></span> <span class='ocrx_word' id='word_1_756' title='bbox 1313 4892 1432 4962; x_wconf 84' lang='lat' dir='ltr'><strong>Ipse</strong></span> <span class='ocrx_word' id='word_1_757' title='bbox 1461 4895 1630 4962; x_wconf 88' lang='lat' dir='ltr'><strong>enim,</strong></span> <span class='ocrx_word' id='word_1_758' title='bbox 1658 4897 1753 4966; x_wconf 90' lang='lat' dir='ltr'><strong>qui</strong></span> <span class='ocrx_word' id='word_1_759' title='bbox 1817 4908 1902 4952; x_wconf 90' lang='lat' dir='ltr'><strong>est</strong></span> <span class='ocrx_word' id='word_1_760' title='bbox 1932 4899 2061 4969; x_wconf 84' lang='lat' dir='ltr'><strong>pul-</strong></span> 
     </span>
    </p>
   </div>
   <div class='ocr_carea' id='block_1_96' title="bbox 474 4985 2055 5057">
    <p class='ocr_par' dir='ltr' id='par_1_96' title="bbox 474 4985 2055 5057">
     <span class='ocr_line' id='line_1_96' title="bbox 474 4985 2055 5057; baseline 0.004 -16"><span class='ocrx_word' id='word_1_761' title='bbox 474 4987 729 5041; x_wconf 88' lang='lat' dir='ltr'><strong>chritudo</strong></span> <span class='ocrx_word' id='word_1_762' title='bbox 760 4987 1072 5053; x_wconf 88' lang='lat' dir='ltr'><strong>incorrupta</strong></span> <span class='ocrx_word' id='word_1_763' title='bbox 1098 4985 1189 5040; x_wconf 92' lang='lat' dir='ltr'><strong>Dei</strong></span> <span class='ocrx_word' id='word_1_764' title='bbox 1227 4985 1422 5055; x_wconf 88' lang='lat' dir='ltr'><strong>Patris,</strong></span> <span class='ocrx_word' id='word_1_765' title='bbox 1482 5002 1695 5042; x_wconf 90' lang='lat' dir='ltr'><strong>summa</strong></span> <span class='ocrx_word' id='word_1_766' title='bbox 1749 4988 2055 5057; x_wconf 88' lang='lat' dir='ltr'><strong>beatitmlo,</strong></span> 
     </span>
    </p>
   </div>
   <div class='ocr_carea' id='block_1_97' title="bbox 477 5077 2062 5150">
    <p class='ocr_par' dir='ltr' id='par_1_97' title="bbox 477 5077 2062 5150">
     <span class='ocr_line' id='line_1_97' title="bbox 477 5077 2062 5150; baseline 0.002 -18"><span class='ocrx_word' id='word_1_767' title='bbox 477 5092 527 5132; x_wconf 87' lang='lat' dir='ltr'><strong>et</strong></span> <span class='ocrx_word' id='word_1_768' title='bbox 554 5077 748 5139; x_wconf 78' lang='lat' dir='ltr'><strong>forma,</strong></span> <span class='ocrx_word' id='word_1_769' title='bbox 787 5087 949 5149; x_wconf 84' lang='lat' dir='ltr'><strong>atque</strong></span> <span class='ocrx_word' id='word_1_770' title='bbox 977 5079 1230 5148; x_wconf 88' lang='lat' dir='ltr'><strong>species;</strong></span> <span class='ocrx_word' id='word_1_771' title='bbox 1289 5079 1379 5146; x_wconf 92' lang='lat' dir='ltr'><strong>qui</strong></span> <span class='ocrx_word' id='word_1_772' title='bbox 1433 5093 1497 5132; x_wconf 80' lang='lat' dir='ltr'><strong>ex</strong></span> <span class='ocrx_word' id='word_1_773' title='bbox 1530 5079 1668 5147; x_wconf 87' lang='lat' dir='ltr'><strong>ipso,</strong></span> <span class='ocrx_word' id='word_1_774' title='bbox 1722 5088 1778 5133; x_wconf 91' lang='lat' dir='ltr'><strong>et</strong></span> <span class='ocrx_word' id='word_1_775' title='bbox 1843 5080 1895 5133; x_wconf 88' lang='lat' dir='ltr'><strong>in</strong></span> <span class='ocrx_word' id='word_1_776' title='bbox 1940 5082 2062 5150; x_wconf 89' lang='lat' dir='ltr'><strong>ipso</strong></span> 
     </span>
    </p>
   </div>
   <div class='ocr_carea' id='block_1_98' title="bbox 478 5170 2058 5240">
    <p class='ocr_par' dir='ltr' id='par_1_98' title="bbox 478 5170 2058 5240">
     <span class='ocr_line' id='line_1_98' title="bbox 478 5170 2058 5240; baseline 0.004 -13"><span class='ocrx_word' id='word_1_777' title='bbox 478 5172 617 5227; x_wconf 85' lang='lat' dir='ltr'><strong>Deus</strong></span> <span class='ocrx_word' id='word_1_778' title='bbox 679 5172 907 5227; x_wconf 84' lang='lat' dir='ltr'><strong>Verbum</strong></span> <span class='ocrx_word' id='word_1_779' title='bbox 957 5171 1155 5240; x_wconf 88' lang='lat' dir='ltr'><strong>ahjecit</strong></span> <span class='ocrx_word' id='word_1_780' title='bbox 1208 5170 1447 5239; x_wconf 90' lang='lat' dir='ltr'><strong>seipsum</strong></span> <span class='ocrx_word' id='word_1_781' title='bbox 1498 5172 1549 5222; x_wconf 93' lang='lat' dir='ltr'><strong>in</strong></span> <span class='ocrx_word' id='word_1_782' title='bbox 1605 5171 2058 5236; x_wconf 44' lang='lat' dir='ltr'><strong>exi-nanitionem.</strong></span> 
     </span>
    </p>
   </div>
   <div class='ocr_carea' id='block_1_99' title="bbox 547 5306 1009 5371">
    <p class='ocr_par' dir='ltr' id='par_1_99' title="bbox 547 5306 1009 5371">
     <span class='ocr_line' id='line_1_99' title="bbox 547 5306 1009 5371; baseline -0.011 -6"><span class='ocrx_word' id='word_1_783' title='bbox 547 5309 595 5341; x_wconf 76' lang='lat'><strong>”</strong></span> <span class='ocrx_word' id='word_1_784' title='bbox 615 5308 774 5364; x_wconf 74' lang='lat' dir='ltr'><strong>Jo&#39;an.</strong></span> <span class='ocrx_word' id='word_1_785' title='bbox 804 5324 916 5371; x_wconf 78' lang='grc' dir='ltr'><strong>ιιγ.</strong></span> <span class='ocrx_word' id='word_1_786' title='bbox 953 5306 1009 5360; x_wconf 83' lang='grc'><strong>6.</strong></span> 
     </span>
    </p>
   </div>
   <div class='ocr_carea' id='block_1_100' title="bbox 480 5372 1839 5447">
    <p class='ocr_par' dir='ltr' id='par_1_100' title="bbox 480 5372 1839 5447">
     <span class='ocr_line' id='line_1_100' title="bbox 480 5372 1839 5447; baseline -0.001 -11"><span class='ocrx_word' id='word_1_787' title='bbox 480 5379 567 5447; x_wconf 77' lang='grc'><strong>18,</strong></span> <span class='ocrx_word' id='word_1_788' title='bbox 600 5380 682 5437; x_wconf 86' lang='lat' dir='ltr'><strong>l9.</strong></span> <span class='ocrx_word' id='word_1_789' title='bbox 760 5379 805 5411; x_wconf 86' lang='grc'><strong><em>³⁸</em></strong></span> <span class='ocrx_word' id='word_1_790' title='bbox 828 5377 972 5432; x_wconf 90' lang='lat' dir='ltr'><strong>Psal.</strong></span> <span class='ocrx_word' id='word_1_791' title='bbox 999 5390 1171 5441; x_wconf 82' lang='lat' dir='ltr'><strong>cxut,</strong></span> <span class='ocrx_word' id='word_1_792' title='bbox 1199 5373 1289 5428; x_wconf 81' lang='grc'><strong>10.</strong></span> <span class='ocrx_word' id='word_1_793' title='bbox 1366 5372 1412 5405; x_wconf 80' lang='grc'><strong>³⁸</strong></span> <span class='ocrx_word' id='word_1_794' title='bbox 1441 5373 1673 5446; x_wconf 89' lang='lat' dir='ltr'><strong>Philipp.</strong></span> <span class='ocrx_word' id='word_1_795' title='bbox 1702 5392 1761 5443; x_wconf 88' lang='lat' dir='ltr'><strong>ll,</strong></span> <span class='ocrx_word' id='word_1_796' title='bbox 1784 5379 1839 5433; x_wconf 82' lang='lat'><strong>6.</strong></span> 
     </span>
    </p>
   </div>
   <div class='ocr_carea' id='block_1_101' title="bbox 1086 5304 2659 5378">
    <p class='ocr_par' dir='ltr' id='par_1_101' title="bbox 1086 5304 2659 5378">
     <span class='ocr_line' id='line_1_101' title="bbox 1086 5304 2659 5378; baseline 0.001 -20"><span class='ocrx_word' id='word_1_797' title='bbox 1086 5306 1133 5339; x_wconf 75' lang='grc' dir='ltr'><strong>³ο</strong></span> <span class='ocrx_word' id='word_1_798' title='bbox 1163 5304 1575 5378; x_wconf 44' lang='lat' dir='ltr'><strong>Goioss:_t._l5_._</strong></span> <span class='ocrx_word' id='word_1_799' title='bbox 1643 5305 1687 5337; x_wconf 78' lang='lat'><strong>&quot;</strong></span> <span class='ocrx_word' id='word_1_800' title='bbox 1741 5306 1898 5365; x_wconf 81' lang='lat' dir='ltr'><strong>Rom.</strong></span> <span class='ocrx_word' id='word_1_801' title='bbox 1930 5327 1986 5378; x_wconf 88' lang='lat' dir='ltr'><strong>v,</strong></span> <span class='ocrx_word' id='word_1_802' title='bbox 2011 5311 2065 5369; x_wconf 83' lang='lat'><strong>5.</strong></span> <span class='ocrx_word' id='word_1_803' title='bbox 2141 5311 2187 5344; x_wconf 81' lang='lat'>“</span> <span class='ocrx_word' id='word_1_804' title='bbox 2216 5310 2237 5370; x_wconf 85' lang='grc' dir='ltr'>Ι</span> <span class='ocrx_word' id='word_1_805' title='bbox 2263 5308 2419 5366; x_wconf 83' lang='lat' dir='ltr'><strong>Joan.</strong></span> <span class='ocrx_word' id='word_1_806' title='bbox 2455 5323 2532 5373; x_wconf 86' lang='lat' dir='ltr'><strong>tv,</strong></span> <span class='ocrx_word' id='word_1_807' title='bbox 2574 5304 2659 5361; x_wconf 69' lang='lat'><strong>£6.</strong></span> 
     </span>
    </p>
   </div>
   <div class='ocr_carea' id='block_1_102' title="bbox 2163 4619 3739 4701">
    <p class='ocr_par' dir='ltr' id='par_1_102' title="bbox 2163 4619 3739 4701">
     <span class='ocr_line' id='line_1_102' title="bbox 2163 4619 3739 4701; baseline -0.016 -11"><span class='ocrx_word' id='word_1_808' title='bbox 2163 4642 2376 4691; x_wconf 88' lang='lat' dir='ltr'><strong>nonest</strong></span> <span class='ocrx_word' id='word_1_809' title='bbox 2407 4644 2674 4701; x_wconf 84' lang='lat' dir='ltr'><strong>regnum,</strong></span> <span class='ocrx_word' id='word_1_810' title='bbox 2704 4626 2855 4695; x_wconf 90' lang='lat' dir='ltr'><strong>atqui</strong></span> <span class='ocrx_word' id='word_1_811' title='bbox 2898 4638 3123 4695; x_wconf 85' lang='lat' dir='ltr'><strong>regnum</strong></span> <span class='ocrx_word' id='word_1_812' title='bbox 3185 4629 3270 4675; x_wconf 89' lang='lat' dir='ltr'><strong>est</strong></span> <span class='ocrx_word' id='word_1_813' title='bbox 3323 4619 3557 4689; x_wconf 89' lang='lat' dir='ltr'><strong>Spiritus</strong></span> <span class='ocrx_word' id='word_1_814' title='bbox 3604 4629 3739 4668; x_wconf 87' lang='lat' dir='ltr'><strong>sau-</strong></span> 
     </span>
    </p>
   </div>
   <div class='ocr_carea' id='block_1_103' title="bbox 2160 4702 3737 4791">
    <p class='ocr_par' dir='ltr' id='par_1_103' title="bbox 2160 4702 3737 4791">
     <span class='ocr_line' id='line_1_103' title="bbox 2160 4702 3737 4791; baseline -0.015 -11"><span class='ocrx_word' id='word_1_815' title='bbox 2160 4733 2319 4789; x_wconf 84' lang='lat' dir='ltr'><strong>ctus;</strong></span> <span class='ocrx_word' id='word_1_816' title='bbox 2356 4736 2580 4791; x_wconf 80' lang='lat' dir='ltr'><strong>regnum</strong></span> <span class='ocrx_word' id='word_1_817' title='bbox 2623 4734 2754 4775; x_wconf 83' lang='lat' dir='ltr'><strong>vero</strong></span> <span class='ocrx_word' id='word_1_818' title='bbox 2785 4717 3177 4791; x_wconf 84' lang='lat' dir='ltr'><strong>planeregnat,</strong></span> <span class='ocrx_word' id='word_1_819' title='bbox 3211 4726 3319 4766; x_wconf 90' lang='lat' dir='ltr'><strong>non</strong></span> <span class='ocrx_word' id='word_1_820' title='bbox 3346 4717 3655 4781; x_wconf 82' lang='lat' dir='ltr'><strong>regnatur;</strong></span> <span class='ocrx_word' id='word_1_821' title='bbox 3688 4702 3737 4758; x_wconf 87' lang='lat' dir='ltr'><strong>si</strong></span> 
     </span>
    </p>
   </div>
   <div class='ocr_carea' id='block_1_104' title="bbox 2163 4795 3741 4885">
    <p class='ocr_par' dir='ltr' id='par_1_104' title="bbox 2163 4795 3741 4885">
     <span class='ocr_line' id='line_1_104' title="bbox 2163 4795 3741 4885; baseline -0.015 -15"><span class='ocrx_word' id='word_1_822' title='bbox 2163 4815 2333 4885; x_wconf 88' lang='lat' dir='ltr'><strong>igitur</strong></span> <span class='ocrx_word' id='word_1_823' title='bbox 2401 4825 2627 4881; x_wconf 84' lang='lat' dir='ltr'><strong>regnum</strong></span> <span class='ocrx_word' id='word_1_824' title='bbox 2687 4817 2775 4863; x_wconf 87' lang='lat' dir='ltr'><strong>est</strong></span> <span class='ocrx_word' id='word_1_825' title='bbox 2860 4805 3100 4875; x_wconf 87' lang='lat' dir='ltr'><strong>Spiritus</strong></span> <span class='ocrx_word' id='word_1_826' title='bbox 3169 4810 3417 4865; x_wconf 87' lang='lat' dir='ltr'><strong>sanctus,</strong></span> <span class='ocrx_word' id='word_1_827' title='bbox 3471 4795 3741 4868; x_wconf 88' lang='lat' dir='ltr'><strong>quomodo</strong></span> 
     </span>
    </p>
   </div>
   <div class='ocr_carea' id='block_1_105' title="bbox 2163 4886 3742 4978">
    <p class='ocr_par' dir='ltr' id='par_1_105' title="bbox 2163 4886 3742 4978">
     <span class='ocr_line' id='line_1_105' title="bbox 2163 4886 3742 4978; baseline -0.015 -15"><span class='ocrx_word' id='word_1_828' title='bbox 2163 4908 2338 4978; x_wconf 89' lang='lat' dir='ltr'><strong>ipsum</strong></span> <span class='ocrx_word' id='word_1_829' title='bbox 2368 4913 2573 4958; x_wconf 68' lang='lat' dir='ltr'><strong>natura:</strong></span> <span class='ocrx_word' id='word_1_830' title='bbox 2603 4901 2862 4957; x_wconf 87' lang='lat' dir='ltr'><strong>servienti</strong></span> <span class='ocrx_word' id='word_1_831' title='bbox 2890 4905 3250 4954; x_wconf 87' lang='lat' dir='ltr'><strong>annumerant</strong></span> <span class='ocrx_word' id='word_1_832' title='bbox 3299 4893 3474 4949; x_wconf 86' lang='lat' dir='ltr'><strong>insani</strong></span> <span class='ocrx_word' id='word_1_833' title='bbox 3508 4889 3593 4944; x_wconf 88' lang='lat' dir='ltr'><strong>isti</strong></span> <span class='ocrx_word' id='word_1_834' title='bbox 3618 4888 3641 4942; x_wconf 84' lang='lat'><strong>?</strong></span> <span class='ocrx_word' id='word_1_835' title='bbox 3669 4886 3742 4940; x_wconf 83' lang='lat' dir='ltr'><strong>Et</strong></span> 
     </span>
    </p>
   </div>
   <div class='ocr_carea' id='block_1_106' title="bbox 2174 4979 3742 5072">
    <p class='ocr_par' dir='ltr' id='par_1_106' title="bbox 2174 4979 3742 5072">
     <span class='ocr_line' id='line_1_106' title="bbox 2174 4979 3742 5072; baseline -0.017 -11"><span class='ocrx_word' id='word_1_836' title='bbox 2174 5001 2470 5072; x_wconf 83' lang='lat' dir='ltr'><strong>Gregorius</strong></span> <span class='ocrx_word' id='word_1_837' title='bbox 2517 4998 2827 5066; x_wconf 86' lang='lat' dir='ltr'><strong>Theologus</strong></span> <span class='ocrx_word' id='word_1_838' title='bbox 2874 5012 2887 5049; x_wconf 89' lang='lat'><strong>:</strong></span> <span class='ocrx_word' id='word_1_839' title='bbox 2942 4992 3036 5046; x_wconf 90' lang='lat' dir='ltr'><strong>llis</strong></span> <span class='ocrx_word' id='word_1_840' title='bbox 3087 4990 3305 5061; x_wconf 89' lang='lat' dir='ltr'><strong>quidem</strong></span> <span class='ocrx_word' id='word_1_841' title='bbox 3373 4986 3553 5039; x_wconf 90' lang='lat' dir='ltr'><strong>lumen</strong></span> <span class='ocrx_word' id='word_1_842' title='bbox 3598 4979 3742 5051; x_wconf 88' lang='lat' dir='ltr'><strong>quod</strong></span> 
     </span>
    </p>
   </div>
   <div class='ocr_carea' id='block_1_107' title="bbox 2169 5072 3743 5163">
    <p class='ocr_par' dir='ltr' id='par_1_107' title="bbox 2169 5072 3743 5163">
     <span class='ocr_line' id='line_1_107' title="bbox 2169 5072 3743 5163; baseline -0.018 -13"><span class='ocrx_word' id='word_1_843' title='bbox 2169 5092 2414 5163; x_wconf 85' lang='lat' dir='ltr'><strong>expromi</strong></span> <span class='ocrx_word' id='word_1_844' title='bbox 2449 5105 2553 5143; x_wconf 89' lang='lat' dir='ltr'><strong>nou</strong></span> <span class='ocrx_word' id='word_1_845' title='bbox 2590 5094 2791 5158; x_wconf 90' lang='lat' dir='ltr'><strong>potest,</strong></span> <span class='ocrx_word' id='word_1_846' title='bbox 2825 5083 3089 5145; x_wconf 83' lang='lat' dir='ltr'><strong>succedit,</strong></span> <span class='ocrx_word' id='word_1_847' title='bbox 3122 5088 3178 5134; x_wconf 88' lang='lat' dir='ltr'><strong>et</strong></span> <span class='ocrx_word' id='word_1_848' title='bbox 3245 5072 3628 5143; x_wconf 88' lang='lat' dir='ltr'><strong>contemplatio</strong></span> <span class='ocrx_word' id='word_1_849' title='bbox 3656 5084 3743 5124; x_wconf 63' lang='lat' dir='ltr'><strong>re.</strong></span> 
     </span>
    </p>
   </div>
   <div class='ocr_carea' id='block_1_108' title="bbox 2169 5166 3743 5253">
    <p class='ocr_par' dir='ltr' id='par_1_108' title="bbox 2169 5166 3743 5253">
     <span class='ocr_line' id='line_1_108' title="bbox 2169 5166 3743 5253; baseline -0.015 -17"><span class='ocrx_word' id='word_1_850' title='bbox 2169 5182 2304 5253; x_wconf 85' lang='lat' dir='ltr'><strong>galis</strong></span> <span class='ocrx_word' id='word_1_851' title='bbox 2330 5178 2615 5235; x_wconf 87' lang='lat' dir='ltr'><strong>Trinitatis</strong></span> <span class='ocrx_word' id='word_1_852' title='bbox 2648 5173 2982 5246; x_wconf 87' lang='lat' dir='ltr'><strong>splendentis</strong></span> <span class='ocrx_word' id='word_1_853' title='bbox 3004 5171 3206 5225; x_wconf 89' lang='lat' dir='ltr'><strong>clarius</strong></span> <span class='ocrx_word' id='word_1_854' title='bbox 3233 5178 3286 5225; x_wconf 92' lang='lat' dir='ltr'><strong>et</strong></span> <span class='ocrx_word' id='word_1_855' title='bbox 3314 5166 3520 5239; x_wconf 89' lang='lat' dir='ltr'><strong>purius,</strong></span> <span class='ocrx_word' id='word_1_856' title='bbox 3544 5170 3598 5218; x_wconf 85' lang='lat' dir='ltr'><strong>et</strong></span> <span class='ocrx_word' id='word_1_857' title='bbox 3624 5174 3743 5230; x_wconf 77' lang='lat' dir='ltr'><strong>quae</strong></span> 
     </span>
    </p>
   </div>
   <div class='ocr_carea' id='block_1_109' title="bbox 2739 5293 3740 5366">
    <p class='ocr_par' dir='ltr' id='par_1_109' title="bbox 2739 5293 3740 5366">
     <span class='ocr_line' id='line_1_109' title="bbox 2739 5293 3740 5366; baseline -0.018 -7"><span class='ocrx_word' id='word_1_858' title='bbox 2739 5301 2784 5334; x_wconf 88' lang='grc'><em>³³</em></span> <span class='ocrx_word' id='word_1_859' title='bbox 2816 5301 3006 5359; x_wconf 79' lang='lat' dir='ltr'><strong>Matth.</strong></span> <span class='ocrx_word' id='word_1_860' title='bbox 3056 5316 3153 5366; x_wconf 87' lang='lat' dir='ltr'><strong>vn,</strong></span> <span class='ocrx_word' id='word_1_861' title='bbox 3182 5302 3262 5355; x_wconf 88' lang='lat' dir='ltr'><strong>tt.</strong></span> <span class='ocrx_word' id='word_1_862' title='bbox 3341 5296 3388 5329; x_wconf 76' lang='lat'><strong>“</strong></span> <span class='ocrx_word' id='word_1_863' title='bbox 3409 5293 3543 5348; x_wconf 80' lang='lat' dir='ltr'><strong>Luc.</strong></span> <span class='ocrx_word' id='word_1_864' title='bbox 3584 5304 3740 5354; x_wconf 60' lang='lat' dir='ltr'><strong>“ut,</strong></span> 
     </span>
    </p>
   </div>
   <div class='ocr_carea' id='block_1_110' title="bbox 1989 5489 2275 5554">
    <p class='ocr_par' dir='ltr' id='par_1_110' title="bbox 1989 5489 2275 5554">
     <span class='ocr_line' id='line_1_110' title="bbox 1989 5489 2275 5554; baseline -0.003 -1"><span class='ocrx_word' id='word_1_865' title='bbox 1989 5489 2275 5554; x_wconf 75' lang='lat' dir='ltr'><strong>Schoba.</strong></span> 
     </span>
    </p>
   </div>
   <div class='ocr_carea' id='block_1_111' title="bbox 551 5590 2051 5661">
    <p class='ocr_par' dir='ltr' id='par_1_111' title="bbox 551 5590 2051 5661">
     <span class='ocr_line' id='line_1_111' title="bbox 551 5590 2051 5661; baseline -0.002 -11"><span class='ocrx_word' id='word_1_866' title='bbox 551 5594 628 5660; x_wconf 71' lang='lat' dir='ltr'><strong>(l)</strong></span> <span class='ocrx_word' id='word_1_867' title='bbox 675 5592 909 5661; x_wconf 83' lang='lat' dir='ltr'><strong>Spiritus</strong></span> <span class='ocrx_word' id='word_1_868' title='bbox 961 5590 1017 5645; x_wconf 70' lang='lat' dir='ltr'><strong>in</strong></span> <span class='ocrx_word' id='word_1_869' title='bbox 1066 5590 1472 5661; x_wconf 82' lang='lat' dir='ltr'><strong>participatione</strong></span> <span class='ocrx_word' id='word_1_870' title='bbox 1555 5591 1803 5647; x_wconf 80' lang='lat' dir='ltr'><strong>bonitatis</strong></span> <span class='ocrx_word' id='word_1_871' title='bbox 1858 5594 2051 5647; x_wconf 82' lang='lat' dir='ltr'><strong>bonum</strong></span> 
     </span>
    </p>
   </div>
   <div class='ocr_carea' id='block_1_112' title="bbox 482 5661 2061 5730">
    <p class='ocr_par' dir='ltr' id='par_1_112' title="bbox 482 5661 2061 5730">
     <span class='ocr_line' id='line_1_112' title="bbox 482 5661 2061 5730; baseline 0.003 -16"><span class='ocrx_word' id='word_1_872' title='bbox 482 5676 578 5719; x_wconf 62' lang='lat' dir='ltr'><strong>est.</strong></span> <span class='ocrx_word' id='word_1_873' title='bbox 615 5664 670 5718; x_wconf 76' lang='grc' dir='ltr'><strong>ιιι</strong></span> <span class='ocrx_word' id='word_1_874' title='bbox 704 5672 809 5725; x_wconf 88' lang='lat' dir='ltr'><strong>est,</strong></span> <span class='ocrx_word' id='word_1_875' title='bbox 842 5663 893 5715; x_wconf 90' lang='lat' dir='ltr'><strong>in</strong></span> <span class='ocrx_word' id='word_1_876' title='bbox 925 5661 1337 5730; x_wconf 80' lang='lat' dir='ltr'><strong>participatione</strong></span> <span class='ocrx_word' id='word_1_877' title='bbox 1370 5672 1551 5717; x_wconf 88' lang='lat' dir='ltr'><strong>nostra</strong></span> <span class='ocrx_word' id='word_1_878' title='bbox 1582 5662 1840 5718; x_wconf 90' lang='lat' dir='ltr'><strong>bonitatis</strong></span> <span class='ocrx_word' id='word_1_879' title='bbox 1862 5673 2061 5719; x_wconf 59' lang='lat' dir='ltr'><strong>creatae</strong></span> 
     </span>
    </p>
   </div>
   <div class='ocr_carea' id='block_1_113' title="bbox 483 5732 2057 5801">
    <p class='ocr_par' dir='ltr' id='par_1_113' title="bbox 483 5732 2057 5801">
     <span class='ocr_line' id='line_1_113' title="bbox 483 5732 2057 5801; baseline 0.001 -17"><span class='ocrx_word' id='word_1_880' title='bbox 483 5744 562 5784; x_wconf 63' lang='lat' dir='ltr'><strong>t&#39;st</strong></span> <span class='ocrx_word' id='word_1_881' title='bbox 600 5736 772 5787; x_wconf 88' lang='lat' dir='ltr'><strong>bonus</strong></span> <span class='ocrx_word' id='word_1_882' title='bbox 811 5732 1047 5800; x_wconf 86' lang='lat' dir='ltr'><strong>Spiritus</strong></span> <span class='ocrx_word' id='word_1_883' title='bbox 1083 5741 1337 5801; x_wconf 83' lang='lat' dir='ltr'><strong>tanquam</strong></span> <span class='ocrx_word' id='word_1_884' title='bbox 1366 5744 1554 5787; x_wconf 90' lang='lat' dir='ltr'><strong>auctor</strong></span> <span class='ocrx_word' id='word_1_885' title='bbox 1579 5743 1631 5786; x_wconf 86' lang='lat' dir='ltr'><strong>et</strong></span> <span class='ocrx_word' id='word_1_886' title='bbox 1657 5744 1873 5788; x_wconf 88' lang='lat' dir='ltr'><strong>creator</strong></span> <span class='ocrx_word' id='word_1_887' title='bbox 1901 5734 2057 5786; x_wconf 86' lang='lat' dir='ltr'><strong>boni-</strong></span> 
     </span>
    </p>
   </div>
   <div class='ocr_carea' id='block_1_114' title="bbox 487 5803 2056 5876">
    <p class='ocr_par' dir='ltr' id='par_1_114' title="bbox 487 5803 2056 5876">
     <span class='ocr_line' id='line_1_114' title="bbox 487 5803 2056 5876; baseline 0.004 -24"><span class='ocrx_word' id='word_1_888' title='bbox 487 5806 613 5857; x_wconf 73' lang='lat' dir='ltr'><strong>tatis</strong></span> <span class='ocrx_word' id='word_1_889' title='bbox 638 5819 666 5856; x_wconf 90' lang='lat' dir='ltr'><strong>a</strong></span> <span class='ocrx_word' id='word_1_890' title='bbox 695 5803 852 5857; x_wconf 89' lang='lat' dir='ltr'><strong>nobis</strong></span> <span class='ocrx_word' id='word_1_891' title='bbox 882 5803 1244 5876; x_wconf 64' lang='lat' dir='ltr'><strong>particqiatre;</strong></span> <span class='ocrx_word' id='word_1_892' title='bbox 1285 5804 1399 5876; x_wconf 85' lang='lat' dir='ltr'><strong>ipse</strong></span> <span class='ocrx_word' id='word_1_893' title='bbox 1434 5819 1559 5859; x_wconf 84' lang='lat' dir='ltr'><strong>vero</strong></span> <span class='ocrx_word' id='word_1_894' title='bbox 1595 5803 1832 5875; x_wconf 84' lang='lat' dir='ltr'><strong>Spiritus</strong></span> <span class='ocrx_word' id='word_1_895' title='bbox 1863 5814 2056 5858; x_wconf 87' lang='lat' dir='ltr'><strong>natura</strong></span> 
     </span>
    </p>
   </div>
   <div class='ocr_carea' id='block_1_115' title="bbox 2172 5582 3735 5660">
    <p class='ocr_par' dir='ltr' id='par_1_115' title="bbox 2172 5582 3735 5660">
     <span class='ocr_line' id='line_1_115' title="bbox 2172 5582 3735 5660; baseline -0.013 -13"><span class='ocrx_word' id='word_1_896' title='bbox 2172 5601 2256 5647; x_wconf 81' lang='lat' dir='ltr'><strong>est</strong></span> <span class='ocrx_word' id='word_1_897' title='bbox 2292 5590 2406 5660; x_wconf 87' lang='lat' dir='ltr'><strong>ipsa</strong></span> <span class='ocrx_word' id='word_1_898' title='bbox 2432 5590 2652 5644; x_wconf 88' lang='lat' dir='ltr'><strong>bonitas</strong></span> <span class='ocrx_word' id='word_1_899' title='bbox 2676 5598 2840 5655; x_wconf 88' lang='lat' dir='ltr'><strong>supra</strong></span> <span class='ocrx_word' id='word_1_900' title='bbox 2874 5585 3195 5660; x_wconf 73' lang='lat' dir='ltr'><strong>bonitatem,</strong></span> <span class='ocrx_word' id='word_1_901' title='bbox 3224 5583 3405 5650; x_wconf 81' lang='lat' dir='ltr'><strong>itaque</strong></span> <span class='ocrx_word' id='word_1_902' title='bbox 3433 5595 3495 5660; x_wconf 77' lang='lat' dir='ltr'><strong>ea</strong></span> <span class='ocrx_word' id='word_1_903' title='bbox 3527 5595 3646 5660; x_wconf 68' lang='lat' dir='ltr'><strong>quae</strong></span> <span class='ocrx_word' id='word_1_904' title='bbox 3670 5582 3735 5660; x_wconf 69' lang='lat' dir='ltr'><strong>de</strong></span> 
     </span>
    </p>
   </div>
   <div class='ocr_carea' id='block_1_116' title="bbox 2169 5651 3740 5723">
    <p class='ocr_par' dir='ltr' id='par_1_116' title="bbox 2169 5651 3740 5723">
     <span class='ocr_line' id='line_1_116' title="bbox 2169 5651 3740 5723; baseline -0.013 -5"><span class='ocrx_word' id='word_1_905' title='bbox 2169 5663 2279 5717; x_wconf 88' lang='lat' dir='ltr'><strong>Deo</strong></span> <span class='ocrx_word' id='word_1_906' title='bbox 2314 5651 2368 5717; x_wconf 69' lang='lat' dir='ltr'><strong>et</strong></span> <span class='ocrx_word' id='word_1_907' title='bbox 2397 5662 2463 5715; x_wconf 85' lang='lat' dir='ltr'><strong>de</strong></span> <span class='ocrx_word' id='word_1_908' title='bbox 2505 5651 2771 5713; x_wconf 81' lang='lat' dir='ltr'><strong>creaturis</strong></span> <span class='ocrx_word' id='word_1_909' title='bbox 2803 5656 3078 5723; x_wconf 77' lang='lat' dir='ltr'><strong>&#39;cquivoce</strong></span> <span class='ocrx_word' id='word_1_910' title='bbox 3103 5654 3375 5712; x_wconf 87' lang='lat' dir='ltr'><strong>dicuntur,</strong></span> <span class='ocrx_word' id='word_1_911' title='bbox 3423 5652 3487 5704; x_wconf 84' lang='lat' dir='ltr'><strong>de</strong></span> <span class='ocrx_word' id='word_1_912' title='bbox 3530 5651 3635 5704; x_wconf 85' lang='lat' dir='ltr'><strong>Deo</strong></span> <span class='ocrx_word' id='word_1_913' title='bbox 3663 5653 3740 5701; x_wconf 78' lang='lat' dir='ltr'><strong>di-</strong></span> 
     </span>
    </p>
   </div>
   <div class='ocr_carea' id='block_1_117' title="bbox 2165 5723 3740 5794">
    <p class='ocr_par' dir='ltr' id='par_1_117' title="bbox 2165 5723 3740 5794">
     <span class='ocr_line' id='line_1_117' title="bbox 2165 5723 3740 5794; baseline -0.008 -7"><span class='ocrx_word' id='word_1_914' title='bbox 2165 5740 2367 5788; x_wconf 86' lang='lat' dir='ltr'><strong>cuntur</strong></span> <span class='ocrx_word' id='word_1_915' title='bbox 2397 5729 2695 5784; x_wconf 83' lang='lat' dir='ltr'><strong>secundant</strong></span> <span class='ocrx_word' id='word_1_916' title='bbox 2733 5735 2981 5782; x_wconf 86' lang='lat' dir='ltr'><strong>naturam</strong></span> <span class='ocrx_word' id='word_1_917' title='bbox 3010 5766 3026 5794; x_wconf 93' lang='lat'><strong>,</strong></span> <span class='ocrx_word' id='word_1_918' title='bbox 3076 5727 3141 5781; x_wconf 91' lang='lat' dir='ltr'><strong>dc</strong></span> <span class='ocrx_word' id='word_1_919' title='bbox 3174 5723 3439 5779; x_wconf 83' lang='lat' dir='ltr'><strong>creaturis</strong></span> <span class='ocrx_word' id='word_1_920' title='bbox 3488 5736 3614 5776; x_wconf 85' lang='lat' dir='ltr'><strong>vero</strong></span> <span class='ocrx_word' id='word_1_921' title='bbox 3642 5734 3740 5792; x_wconf 73' lang='lat' dir='ltr'><strong>pur</strong></span> 
     </span>
    </p>
   </div>
   <div class='ocr_carea' id='block_1_118' title="bbox 2164 5802 3019 5866">
    <p class='ocr_par' dir='ltr' id='par_1_118' title="bbox 2164 5802 3019 5866">
     <span class='ocr_line' id='line_1_118' title="bbox 2164 5802 3019 5866; baseline -0.011 -8"><span class='ocrx_word' id='word_1_922' title='bbox 2164 5802 2654 5866; x_wconf 86' lang='lat' dir='ltr'><strong>participationem.</strong></span> <span class='ocrx_word' id='word_1_923' title='bbox 3004 5828 3019 5857; x_wconf 52' lang='grc' dir='ltr'><strong>ι</strong></span> 
     </span>
    </p>
   </div>
  </div>
