4082 6446
300 432 409 496 949
1176 431 1417 492 DECAS
1448 432 1554 493 1X.
1596 455 1663 467 —
1691 430 1789 492 DE
1838 430 2298 491 lNFlNlTATE
2338 430 2416 490 ΙΝ
2458 429 2629 491 DEO.
3451 421 3577 483 950»

304 555 413 601 tota
436 560 557 602 cum
601 546 734 603 totis
791 544 1073 609 miscetur,
1097 561 1260 612 quam
1326 560 1549 615 regnqu
1601 545 1865 600 ctelorum
1899 542 1950 600 Α
1978 541 2091 611 Ego
2120 559 2235 596 sum
2263 543 2371 597 vita
2401 542 2479 609 ης
2511 542 2672 595 Pater
2696 539 2863 594 habet
2903 538 3066 592 vitam
3110 537 3167 591 in
3196 551 3253 591 se
3294 535 3436 605 ipso,
3467 527 3553 587 Fi-

308 643 431 693 esse
462 653 684 693 censeo.
728 639 804 693 Ex
842 636 930 692 his
993 637 1349 694 manifestum
1383 638 1464 701 tit,
1495 638 1638 706 quod
1678 637 1730 690 iu
1756 635 1879 689 Tri-

306 728 477 783 nitate
504 744 670 799 supra
698 729 1083 792 substantiam,
1111 728 1243 782 nihil
1273 742 1337 782 ex
1368 728 1434 781 iis
1463 742 1586 796 quae
1613 743 1640 780 a
1672 727 1878 781 theolo-

308 822 389 890 gis
417 824 738 876 enumerata
781 829 929 886 sunt,
978 820 1187 888 ellugit,
1232 820 1362 890 quin
1412 819 1652 873 declaret
1704 818 1878 873 solum

312 914 567 965 essetnec
592 911 643 963 in
679 909 790 963 Deo
820 908 1004 974 Patre,
1044 908 1241 962 Filium
1268 908 1389 974 ejus
1446 923 1634 962 verum
1693 908 1880 970 Deum,

314 1009 365 1054 et
389 1011 631 1053 sanctum
666 1000 784 1067 ejus
821 999 1108 1070 Spiritum,
1138 1001 1395 1069 quocirca
1442 1000 1536 1069 qui
1567 999 1711 1053 dixit
1740 998 1885 1052 divi-

316 1107 437 1145 nam
469 1092 964 1162 Trinitatein,qn:e
1007 1101 1093 1146 est
1137 1106 1298 1162 supra
1356 1090 1710 1161 principium,
1773 1091 1888 1143 hzec

313 1180 475 1235 simul
501 1191 557 1236 et
589 1182 695 1236 alia
714 1181 1034 1252 complexus
1063 1188 1174 1235 est.

919 1283 1145 1350 CAPUT
1188 1293 1317 1350 Vill.

316 1381 471 1448 Quod
514 1384 569 1436 in
602 1382 862 1439 Trinitate
896 1385 1029 1438 nihil
1056 1394 1134 1439 est
1166 1387 1305 1456 quod
1346 1402 1449 1440 non
1472 1387 1537 1439 sit
1568 1386 1894 1453 substantia,

276 1464 297 1481 "
387 1466 437 1506 et
471 1469 701 1521 persona
714 1470 731 1517 :
764 1470 855 1507 nec
890 1464 968 1507 est
998 1458 1053 1507 in
1083 1470 1146 1507 ea
1176 1456 1380 1523 aliquid
1411 1458 1655 1509 naturale
1684 1467 1732 1510 et
1772 1459 1899 1511 sub-

290 1568 293 1571 .
390 1523 641 1576 stantiale
684 1522 860 1588 Patri,
900 1524 1038 1592 quod
1078 1522 1290 1591 quidem
1345 1542 1450 1578 non
1497 1527 1565 1578 sit
1610 1526 1806 1587 Filius.
1843 1535 1893 1580 et

390 1592 628 1660 Spiritus
659 1607 905 1658 sanctus;
951 1610 1110 1662 neque
1161 1595 1458 1663 quidquam
1486 1595 1638 1648 aliud
1686 1607 1809 1649 sunt
1845 1598 1895 1649 in

394 1663 509 1734 Deo
531 1665 761 1734 rationes
787 1679 969 1734 eorum
998 1679 1116 1732 qua:
1144 1673 1298 1730 sunt,
1340 1665 1443 1718 nisi
1474 1664 1730 1734 impliciti:
1777 1668 1901 1720 uui-

316 1774 329 1787 .
394 1733 624 1799 genitum
654 1730 750 1785 Dei
790 1730 1033 1788 Verbum.

397 1821 629 1876 Sanctus
651 1823 886 1894 Cyrillus
915 1824 967 1877 iu
1001 1824 1286 1878 Thesauris
1310 1825 1448 1880 libro
1472 1841 1595 1880 xIx:
1631 1823 1748 1880 Non
1776 1825 1899 1889 quia

323 1915 376 1968 lu
414 1913 568 1967 nobis
592 1915 861 1983 sapientia
884 1926 938 1969 et
977 1917 1209 1971 scientia
1250 1932 1358 1971 non
1392 1919 1555 1971 estin
1592 1931 1687 1970 sua
1728 1916 1902 1986 hypo-

323 2005 482 2067 stasi,
516 2002 566 2056 id
601 2012 704 2066 est,
741 2018 846 2058 uOn
872 2005 1088 2059 exsistit
1117 2020 1212 2073 per
1236 2021 1328 2072 se;
1362 2008 1568 2060 idcirco
1603 2010 1901 2075 sapientia,

324 2108 444 2161 quae
482 2093 621 2146 inest
671 2094 728 2146 in
783 2093 914 2156 Deo,
972 2094 1110 2148 idem
1153 2094 1482 2149 incommodi
1535 2097 1793 2167 patietur,
1848 2107 1906 2179 ιιι

328 2198 433 2235 non
466 2184 696 2238 exsistat
743 2198 839 2252 per
868 2200 945 2244 se.
995 2185 1090 2241 sed
1138 2186 1577 2254 quandoquidem
1628 2190 1906 2245 conﬁteris

281 2274 290 2280 ’
330 2290 436 2327 non
463 2288 587 2328 esse
618 2274 783 2329 Deum
816 2290 969 2330 more
998 2287 1189 2332 nostro
1211 2277 1369 2348 plane
1401 2279 1696 2344 conﬁteris,
1721 2282 1904 2335 omnia

330 2379 451 2433 quae
486 2364 633 2418 illius
664 2373 811 2427 sunt,
846 2380 952 2418 non
982 2381 1103 2421 esse
1135 2374 1191 2420 ut
1238 2376 1424 2422 nostra
1472 2378 1619 2424 sunt.
1673 2368 1818 2424 idem
1853 2370 1905 2422 in

331 2456 507 2523 primo
566 2455 1011 2512 Thesaurorum:
1071 2457 1437 2513 Considerent
1505 2471 1909 2529 oppugnatores

334 2548 534 2601 Christi
566 2548 995 2615 magnitudinem
1023 2550 1400 2619 imprudentia:
1428 2566 1574 2618 suae;
1604 2568 1724 2606 cum
1761 2554 1907 2608 enim

340 2637 547 2690 nollent
588 2637 770 2692 dicere
800 2654 965 2692 uniuu
1008 2637 1203 2694 Filium
1238 2642 1330 2696 Dei
1374 2642 1604 2698 similem
1651 2659 1773 2700 esse
1810 2644 1912 2698 Pa-

342 2726 432 2787 tri,
464 2726 598 2781 duos
624 2728 920 2795 dederunt;
963 2732 1008 2783 si
1043 2732 1377 2786 voluntatem
1414 2733 1536 2804 ejus
1572 2734 1760 2793 dicent
1789 2750 1913 2791 esse

340 2818 541 2886 aliquid
578 2834 674 2888 per
708 2834 766 2874 se
795 2822 1084 2885 exsisteus,
1132 2823 1177 2878 si
1211 2838 1343 2877 vero
1390 2839 1497 2878 non
1540 2841 1637 2894 per
1663 2842 1722 2880 se
1756 2828 1909 2882 exsi-

339 2912 452 2972 stit,
485 2925 588 2963 non
621 2911 727 2965 erit
755 2916 1057 2974 character,
1092 2915 1142 2969 id
1189 2924 1293 2976 est.
1326 2915 1495 2985 ﬁgura
1539 2932 1633 2986 per
1674 2932 1731 2971 se
1760 2918 1912 2973 exsio

340 3006 552 3069 stentis,
584 3005 725 3075 quod
756 3021 860 3059 non
892 3022 991 3076 per
1028 3023 1087 3063 sc
1119 3009 1353 3068 exsistit.
1384 3009 1528 3064 Idem
1562 3010 1615 3062 iu
1653 3010 1859 3066 eisdem
1895 3029 1910 3066 :

336 3096 577 3177 Omnino
624 3113 846 3153 necesse
893 3109 998 3164 est,
1049 3104 1191 3169 quod
1240 3116 1308 3156 ex
1364 3102 1546 3173 aliquo
1594 3104 1914 3160 naturaliter

1985 638 2114 690 lium
2145 639 2375 703 scilicet,
2401 647 2456 691 et
2482 635 2616 690 nihil
2646 634 2789 688 aliud
2814 633 3104 702 quidquam
3130 638 3326 702 praeter
3358 628 3552 695 ipsum.

1985 728 2131 784 Idem
2165 731 2217 782 in
2251 730 2456 785 eisdem
2488 745 2502 782 :
2532 727 2878 794 Qua-cunque
2902 725 3155 780 dicuntur
3183 736 3302 774 esse
3350 720 3401 772 iu
3450 717 3558 770 Deo

1989 821 2152 876 Patre
2188 819 2530 882 naturaliter,
2564 829 2619 874 et
2653 819 2954 873 secundant
3000 814 3391 875 substantiam,
3443 811 3560 864 haec

1987 913 2170 966 omnia
2201 911 2374 965 Filius
2416 920 2522 966 est.
2581 909 2742 965 Solus
2765 923 2930 963 verus
2968 906 3114 962 Deus
3148 905 3346 959 dicitur
3372 902 3557 963 Pater,

1987 1004 2114 1073 quia
2159 1003 2309 1056 solus
2346 1002 2509 1056 habet
2536 999 2736 1054 Filium
2771 999 3043 1054 dicentem
3072 1014 3086 1053 :
3134 996 3245 1065 Ego
3278 1009 3396 1049 sum
3429 991 3566 1046 veri-

1992 1106 2073 1151 tas
2099 1099 2184 1151 ":
2229 1096 2379 1150 solus
2428 1095 2667 1162 sapiens,
2722 1100 2777 1147 et
2823 1098 3014 1161 potens
3052 1089 3303 1145 similiter
3327 1085 3398 1151 ⁸⁸,
3440 1082 3565 1152 quia

1992 1189 2242 1245 Christus
2272 1186 2368 1241 Dei
2400 1186 2599 1248 virtus,
2637 1192 2693 1238 et
2726 1182 2820 1237 Dei
2857 1181 3118 1249 sapientia
3147 1179 3217 1244 ⁸⁸,
3250 1177 3397 1232 solas
3430 1174 3577 1249 dici;

1996 1290 2086 1334 tur
2135 1278 2380 1358 habitare
2425 1276 2600 1331 lucem
2645 1271 3074 1328 inaccessibilem
3106 1272 3187 1336 “;
3228 1269 3394 1323 habet
3425 1267 3569 1320 enim

1997 1375 2051 1426 in
2089 1386 2149 1427 se
2184 1357 2317 1441 ipso
2364 1369 2557 1424 Filium
2596 1363 2867 1421 dicentem
2906 1381 2920 1418 :
2958 1362 3069 1433 Ego
3101 1377 3219 1415 sum
3256 1361 3348 1414 lux
3373 1357 3442 1423 ⁸³,
3481 1372 3574 1412 so-

2000 1464 2085 1520 lus
2112 1464 2231 1527 fons
2253 1478 2407 1531 aqua:
2431 1461 2569 1516 vivae
2593 1459 2672 1522 ⁸⁸ς
2702 1455 2969 1525 siquidem
2998 1454 3147 1507 solus
3174 1453 3336 1506 habet
3378 1448 3570 1503 Filium

2002 1555 2095 1623 qui
2128 1554 2257 1608 dicit
2292 1572 2306 1608 :
2360 1552 2469 1622 Ego
2518 1567 2635 1604 sum
2673 1550 2805 1602 vita.
2841 1546 2896 1600 Si
2932 1560 3060 1613 ergo
3091 1556 3251 1595 omne.
3301 1539 3575 1609 proprium

2008 1644 2184 1699 Patris
2215 1650 2315 1697 est
2346 1641 2534 1708 Filius,
2568 1655 2690 1694 cum
2743 1637 2906 1691 Pater
2937 1637 3135 1689 dicitur
3180 1633 3383 1685 habere
3415 1629 3577 1683 vitam

2006 1736 2063 1790 in
2101 1750 2160 1789 se
2191 1734 2309 1804 ipso
2336 1733 2405 1798 ⁸⁵,
2438 1730 2633 1785 Filium
2672 1727 2981 1798 ‘signillcat,
3009 1733 3065 1778 et
3096 1738 3201 1777 non
3243 1721 3388 1775 aliud
3416 1718 3580 1787 quid-

2009 1841 2168 1893 quam
2199 1833 2394 1893 pratter
2433 1824 2646 1890 ipsum;
2682 1835 2803 1872 cum
2833 1824 3010 1870 autem
3050 1814 3338 1868 exsisteret
3369 1812 3485 1878 ipse
3524 1809 3581 1863 iu

2004 1916 2144 1971 Filio
2184 1914 2478 1969 secundum
2531 1910 2893 1968 substantiam
2934 1908 3054 1978 sine
3086 1904 3196 1959 ulla
3253 1902 3583 1963 variatione,

2004 2018 2059 2064 et
2087 2023 2213 2062 cum
2247 2013 2393 2060 esset
2421 2004 2527 2057 vita
2563 2001 2863 2057 secundum
2907 2008 3157 2053 naturam
3185 2037 3202 2062 ,
3236 1994 3381 2049 dedit
3410 1993 3582 2061 ipsam

2006 2100 2109 2153 sibi
2144 2098 2270 2167 ipsi.
2307 2095 2661 2156 Athanasius,
2682 2093 2821 2147 libro
2845 2097 3042 2161 quarto
3075 2088 3275 2143 Contra
3307 2083 3541 2138 Arianos
3567 2098 3586 2136 :

2007 2189 2458 2259 Quandoquidem
2499 2195 2610 2242 tota
2647 2184 2885 2239 essentia
2938 2182 3059 2237 Filii
3095 2178 3313 2248 propria
3349 2185 3433 2232 est
3460 2175 3588 2229 sub-

2007 2281 2227 2337 stantia:
2260 2278 2458 2344 Patris,
2492 2286 2548 2331 ut
2596 2275 2856 2345 splendor
2897 2288 2963 2328 ex
3001 2271 3230 2335 lumine,
3259 2278 3312 2322 et
3339 2283 3402 2323 ex
3441 2269 3590 2322 fonte

2010 2373 2238 2437 Iliivius;
2288 2379 2349 2424 ut
2382 2369 2602 2423 tandem
2657 2367 2746 2435 qui
2800 2366 2948 2421 videt
2984 2363 3203 2425 Filium,
3233 2361 3411 2414 videat
3447 2360 3586 2427 quod

2009 2463 2285 2532 proprium
2320 2459 2501 2513 Patris
2547 2465 2635 2511 est
2680 2474 2694 2510 :
2744 2464 2800 2509 et
2856 2454 3121 2519 intelligat
3165 2449 3309 2520 quod
3357 2447 3589 2503 essentia

2012 2555 2153 2616 Filii,
2184 2568 2305 2622 quae
2338 2564 2401 2605 ex
2443 2548 2609 2602 Patre
2652 2556 2758 2615 est,
2791 2545 2871 2600 sic
2906 2546 2958 2599 in
2991 2542 3152 2597 Patre
3189 2551 3295 2596 est.
3351 2540 3448 2594 Est
3497 2554 3593 2592 au-

2012 2657 2119 2702 tem
2154 2655 2209 2701 et
2241 2643 2402 2698 Pater
2431 2643 2485 2696 in
2526 2640 2689 2707 Filio,
2724 2639 2855 2709 quia
2884 2637 3027 2706 quod
3073 2646 3157 2691 est
3186 2649 3253 2688 ex
3284 2632 3441 2687 Patre
3471 2645 3597 2701 pro-

2011 2739 2212 2810 prium,
2243 2736 2351 2790 hoc
2391 2732 2561 2788 Filius
2600 2740 2703 2797 est,
2734 2730 2878 2784 sicut
2917 2727 2971 2782 iu
3002 2725 3289 2795 splendore
3321 2721 3425 2785 sol,
3459 2730 3510 2776 et
3541 2721 3592 2773 in

2015 2831 2225 2886 ratione
2255 2843 2433 2891 mens,
2457 2835 2525 2882 et
2553 2826 2607 2880 in
2650 2822 2814 2878 ﬂuvio
2852 2820 3012 2875 fons:
3044 2819 3122 2872 sic
3151 2817 3295 2872 enim
3331 2814 3421 2884 qui
3460 2827 3594 2867 con-

2006 2920 2305 2989 templatur
2338 2917 2536 2973 Filium
2576 2911 2981 2981 contemplatur
3008 2909 3286 2977 proprium
3341 2905 3603 2959 substan-

2016 3013 2104 3066 tiae
2155 3010 2370 3076 Patris;
2409 3018 2464 3062 et
2501 3005 2757 3072 intelligit
2799 3003 2943 3071 quod
2997 2998 3162 3054 Pater
3215 2999 3269 3052 in
3320 2995 3458 3051 Filio
3489 3004 3593 3049 est.

2011 3103 2147 3159 Cum
2179 3102 2324 3157 enim
2353 3100 2569 3171 species
2603 3106 2658 3153 et
2692 3095 2953 3150 divinitas
2981 3092 3060 3161 (1)
3104 3089 3279 3144 Patris
3310 3090 3381 3143 sit
3409 3102 3599 3142 esseu-

342 3189 559 3258 prodit,
625 3191 803 3244 simile
858 3193 908 3245 ei
965 3207 1085 3247 esse
1145 3196 1443 3248 secundum
1512 3198 1876 3251 substantiam
1901 3174 1991 3266 ές
2027 3199 2096 3249 tia
2147 3194 2289 3259 Filii,
2321 3203 2663 3260 consequens
2702 3195 2785 3242 est
2833 3186 3046 3241 Patrem
3085 3198 3210 3239 esse
3255 3182 3306 3235 in
3349 3179 3514 3244 Filio,
3545 3186 3601 3234 et

342 3283 589 3352 quamvis
620 3285 688 3336 ab
721 3283 810 3337 illo
846 3283 961 3351 ipso
1004 3292 1256 3354 tanquam
1288 3302 1474 3351 causa,
1523 3287 1719 3342 habeat
1745 3298 1803 3343 ut
1832 3290 1922 3360 sit,

344 3377 489 3431 idem
533 3380 587 3430 in
633 3379 885 3433 eisdem:
926 3377 1304 3448 inquirendos,
1344 3381 1541 3449 inquit,
1592 3389 1678 3436 est
1728 3380 1921 3435 modus

344 3468 827 3534 dissimilitudinis,
856 3485 1020 3540 quam
1053 3471 1216 3525 habet
1255 3474 1321 3526 ad
1388 3472 1609 3526 Patrem
1654 3472 1926 3527 voluntas.

346 3559 405 3614 Si
438 3561 584 3614 enim
618 3560 723 3614 ulla
762 3575 826 3614 ex
856 3570 1009 3630 parte
1039 3568 1297 3630 tanquam
1327 3562 1503 3616 minor
1537 3564 1674 3631 ipso,
1700 3578 1806 3617 non
1834 3563 1930 3617 ba-

349 3652 440 3702 bet
485 3648 895 3729 similitudinem
949 3653 1089 3717 ejns,
1146 3652 1418 3705 videbitur
1477 3665 1663 3721 aperte
1718 3652 1928 3722 aliquid

351 3738 505 3791 exire
542 3752 610 3792 ex
644 3740 950 3793 substantia
999 3739 1181 3794 Patris
1211 3739 1454 3796 deterius
1499 3758 1564 3795 eo
1619 3750 1675 3796 et
1723 3743 1926 3804 minus,

354 3843 459 3881 nou
492 3829 634 3882 enim
670 3829 918 3883 voluntas
950 3830 1298 3885 extrinsecus
1338 3834 1569 3897 accedit,
1623 3847 1723 3887 nec
1754 3834 1930 3886 intro-

354 3924 514 3975 ducta
547 3930 650 3986 est,
696 3921 789 3975 sed
818 3936 883 3975 ex
919 3922 1058 3991 ipso,
1091 3931 1146 3976 et
1176 3925 1229 3976 iu
1262 3922 1419 3990 ipso;
1455 3925 1775 3980 deteriorem
1805 3940 1934 3980 vero

354 4013 575 4082 gignere
611 4027 709 4066 nec
743 4012 810 4067 iis
840 4013 932 4082 qui
979 4021 1227 4066 naturam
1270 4024 1512 4068 creatam
1543 4015 1760 4080 habent,
1791 4018 1934 4070 acci-

356 4103 488 4157 dere
542 4102 799 4156 arbitror.
853 4103 1078 4173 Magnus
1129 4105 1486 4172 Athanasius,
1545 4106 1686 4161 libro
1740 4107 1935 4176 quinto

357 4194 559 4249 Contra
599 4195 834 4247 Arianos
881 4196 1006 4249 ait:
1054 4196 1229 4260 Sicut,
1277 4197 1472 4267 inquit,
1507 4213 1574 4252 ex
1628 4199 1740 4254 Deo
1793 4199 1936 4252 υνυς.

357 4297 460 4352 est,
484 4297 537 4340 et
559 4302 625 4341 ex
657 4288 902 4355 sapiente
933 4288 1170 4356 sapiens,
1207 4297 1261 4344 et
1291 4304 1356 4342 ex
1398 4290 1663 4343 rationem
1705 4290 1937 4344 habente

358 4377 552 4445 Λόγος,
578 4377 632 4432 id
660 4388 742 4433 est
774 4378 935 4441 ratio,
982 4378 1094 4433 sive
1121 4376 1357 4433 Verbum
1382 4418 1397 4443 ,
1437 4391 1492 4433 et
1523 4394 1591 4433 ex
1635 4377 1796 4433 Patre
1845 4378 1938 4432 Fi-

362 4470 508 4532 lius;
567 4470 651 4524 sic
704 4484 773 4523 ex
824 4484 1082 4538 persona,
1119 4485 1407 4539 personam
1464 4470 1704 4534 habens;
1757 4478 1812 4523 et
1868 4485 1934 4523 ex

2026 3286 2220 3341 Filium
2255 3285 2307 3338 in
2339 3282 2521 3337 Patre.
2567 3279 2801 3333 Sanetus
2830 3276 3090 3346 Cyrillus,
3124 3276 3179 3328 in
3219 3271 3488 3340 capitibus
3526 3269 3600 3322 De

2026 3374 2234 3445 Spiritu
2281 3379 2464 3427 sancto
2506 3382 2526 3422 :
2579 3367 2873 3436 lleperitur
2904 3365 3102 3419 alicubi
3156 3361 3439 3428 scriptum,
3490 3358 3601 3413 imo

2027 3448 2161 3515 dicit
2192 3461 2380 3514 beatus
2410 3455 2648 3511 Joannes
2689 3453 3017 3523 evangelista
3046 3469 3060 3505 :
3100 3449 3163 3504 In
3197 3450 3293 3502 hoc
3329 3446 3602 3517 cognosci-

2029 3570 2146 3608 mus
2184 3552 2322 3621 quod
2349 3552 2407 3605 in
2450 3547 2598 3602 nobis
2633 3554 2711 3601 est
2757 3546 2917 3610 Deus,
2946 3559 3010 3598 ea:
3052 3541 3254 3610 Spiritu
3283 3555 3435 3611 quem
3460 3537 3604 3591 dedit

2028 3646 2178 3700 nobis
2205 3644 2286 3707 ⁸⁶ς
2324 3653 2379 3695 et
2428 3655 2618 3696 rursus
2664 3657 2677 3693 :
2715 3636 2783 3692 In
2823 3638 2923 3690 hoc
2958 3635 3317 3705 cognoscimus
3367 3628 3506 3699 quod
3549 3628 3603 3680 in

2028 3739 2141 3807 ipso
2180 3749 2474 3796 manemus,
2508 3742 2555 3786 et
2585 3733 2696 3799 ipse
2728 3732 2781 3784 in
2813 3729 2984 3804 nobis,
3015 3726 3154 3798 quod
3179 3741 3243 3779 ea;
3271 3724 3476 3789 Spiritu
3511 3737 3606 3775 suo

2028 3828 2175 3881 dedit
2206 3826 2354 3880 nobis
2382 3824 2452 3878 ⁸⁷.
2488 3822 2547 3878 Si
2600 3822 2766 3893 igitur
2806 3820 3085 3875 habitante
3129 3819 3181 3870 in
3210 3815 3372 3871 nobis
3401 3811 3605 3881 Spiritu

2031 3932 2129 3988 per
2166 3916 2662 3987 participationem,
2710 3912 2853 3967 Deus
2896 3919 2980 3965 est
3019 3910 3109 3979 qui
3159 3907 3387 3970 habitat,
3423 3914 3611 3964 etws

2032 4024 2225 4065 sumus
2255 4009 2309 4061 in
2341 4006 2484 4073 ipso,
2512 4014 2567 4059 et
2604 4005 2718 4074 ipse
2746 4017 2937 4056 rursus
2967 4003 3019 4054 in
3052 4000 3230 4064 nobis,
3263 3998 3387 4065 quia
3435 3996 3607 4064 Spiri-

2037 4110 2147 4155 tum
2180 4099 2406 4153 l'erimus
2426 4137 2442 4164 ,
2469 4094 2744 4165 quomodo
2770 4094 3003 4163 Spiritus
3030 4108 3137 4146 non
3168 4090 3272 4145 erit
3297 4089 3460 4153 Deus,
3484 4104 3608 4142 cum

2037 4188 2233 4243 habeat
2264 4188 2318 4241 in
2350 4203 2411 4244 se
2435 4186 2737 4241 secundum
2769 4183 3134 4240 substantiam
3168 4189 3334 4235 lotam
3365 4180 3612 4248 proprie-

2038 4291 2204 4336 tatem
2256 4281 2349 4334 Dei
2396 4279 2599 4343 Patris,
2633 4277 2789 4347 cujus
2829 4277 3066 4346 Spiritus
3108 4291 3202 4346 per
3228 4273 3424 4329 Filium
3459 4286 3615 4325 crea-

2042 4386 2175 4429 tura:
2197 4372 2489 4429 tribuitur?
2520 4372 2746 4441 Magnus
2778 4368 3090 4440 Dionysius,
3113 4381 3237 4437 cap.
3268 4366 3301 4421 5
3317 4365 3401 4445 pe
3425 4364 3616 4418 divinis

2040 4450 2343 4522 nominibus
2366 4480 2385 4519 :
2415 4462 2756 4532 Exemplaria
2787 4475 2918 4516 vero
2962 4461 3192 4514 dicimus
3224 4472 3345 4512 esse
3376 4457 3617 4511 rationes

362 4559 668 4614 substantia
723 4559 1120 4623 substantialis,
1172 4559 1646 4628 substantiamque
1694 4562 1936 4625 habens;
1966 4540 2018 4600 Ῐ)
2047 4571 2228 4612 rerum
2278 4556 2332 4609 in
2368 4555 2496 4627 Deo,
2544 4552 2852 4606 eﬂ'ectrices
2881 4550 3333 4607 substantiarum,
3381 4556 3435 4599 et
3466 4544 3618 4597 unite

365 4659 418 4704 et
461 4665 526 4702 ex
560 4649 859 4703 exsisteute
906 4649 1198 4704 exsistens.
1254 4650 1314 4704 S.
1360 4649 1596 4720 Cyrillus
1653 4652 1790 4707 libro
1850 4668 1940 4706 xlv

367 4739 758 4796 Thesaurorum
792 4755 811 4792 :
859 4737 1081 4805 Paulus,
1131 4741 1330 4810 inquit,
1368 4757 1494 4796 cum
1520 4744 1653 4798 dicit
1699 4746 1947 4813 proprie-

366 4843 507 4886 tates
545 4832 819 4886 naturalcs
853 4841 908 4885 et
943 4832 1349 4898 substantiales,
1382 4848 1501 4900 qua!
1555 4834 1605 4885 iu
1645 4835 1750 4888 Deo
1781 4837 1942 4891 Patre

364 4934 516 4990 sum,
548 4926 627 4978 sic
655 4924 730 4976 ait
757 4940 771 4976 :
814 4922 919 4989 Qui
951 4924 1094 4976 solus
1124 4922 1275 4975 habet
1313 4924 1767 4979 immortalitatem
1790 4926 1856 4980 ⁸⁷.
1884 4926 1940 4979 Si

369 5033 501 5084 ergo
537 5016 671 5070 nihil
702 5015 845 5069 aliud
889 5015 1156 5084 quispiam
1209 5014 1429 5068 deiiuiet
1458 5030 1581 5069 esse
1616 5018 1939 5072 immortali-

371 5118 557 5165 tatem,
594 5106 696 5160 nisi
734 5104 940 5172 vitam;
970 5104 1081 5159 vita
1111 5116 1290 5158 autem
1323 5112 1408 5157 est
1438 5103 1633 5170 Filius,
1654 5107 1742 5172 qui
1773 5106 1936 5161 dicit:

442 5246 483 5278 ³⁷
515 5243 531 5295 ι
559 5243 700 5298 Tim.
718 5259 793 5303 v1,
819 5240 907 5296 16.
987 5239 1034 5271 ³⁸
1056 5239 1213 5294 Joan.
1255 5253 1369 5305 xw,
1409 5236 1462 5293 6.
1561 5236 1608 5269 ”
1664 5237 1795 5293 ibid.

366 5316 413 5349 ⁸³
434 5315 590 5370 Joan.
616 5312 838 5380 vttt,12.
914 5312 960 5344 ⁸⁸
989 5309 1189 5367 Jerem.
1211 5322 1274 5375 tt,
1314 5310 1398 5366 15.

2039 4648 2494 4719 prmexsisteutes,
2523 4660 2665 4714 quas
2707 4642 3142 4696 divinus'serum
3179 4649 3338 4692 vocat
3368 4637 3618 4706 praedeli-

2038 4743 2297 4801 nitiones,
2318 4749 2373 4792 et
2406 4739 2620 4791 divinas
2643 4746 2807 4805 atque
2838 4736 3006 4790 bonas
3035 4734 3358 4796 voluntates,
3395 4743 3517 4809 qua:
3550 4742 3577 4780 a
3604 4728 3616 4777 l

2039 4831 2476 4902 diSIingueudum
2510 4838 2566 4882 et
2599 4827 2940 4883 eliiciendum
2967 4842 3029 4880 ca
3058 4838 3179 4893 qua:
3220 4831 3368 4888 sunt,
3405 4821 3618 4882 valent;

2038 4925 2339 4981 secundum
2375 4937 2509 4987 quas
2540 4920 2631 4987 qui
2663 4928 2748 4973 est
2787 4932 2950 4986 supra
2999 4912 3391 4974 substantiam,
3430 4910 3617 4963 outnia

2043 5031 2164 5082 qua:
2192 5023 2341 5077 sunt,
2372 5009 2752 5080 praedelinivit,
2803 5018 2859 5063 et
2891 5005 3168 5077 produxit.
3224 5005 3342 5069 Quo
3396 5002 3449 5056 in
3499 5003 3620 5056 loco

2043 5105 2257 5161 divinus
2300 5101 2605 5157 Maximus:
2635 5098 3008 5169 Exemplaria,
3042 5094 3238 5166 inquit,
3278 5109 3400 5165 quae
3426 5099 3644 5147 vocant.

1895 5238 1941 5272 ⁸⁸
1973 5237 2132 5292 Rom.
2188 5253 2301 5301 xvr,
2365 5237 2457 5291 27.
2530 5234 2570 5267 “
2610 5235 2785 5290 ICor.
2838 5252 2881 5297 ι.
2936 5233 3030 5288 21.
3105 5231 3153 5264 ⁸⁸
3186 5231 3203 5285 1
3232 5228 3375 5287 Tim.
3422 5243 3497 5289 νι.
3535 5226 3622 5283 i6-

1493 5306 1539 5340 ⁸⁸
1564 5306 1724 5362 Joan.
1745 5322 1801 5372 v,
1828 5306 1922 5362 26.
1995 5308 2080 5363 “l
2105 5306 2264 5363 Joau.
2298 5322 2383 5374 tu,
2407 5308 2497 5363 ‘24.

2580 5306 2624 5340 ⁸⁷
2655 5305 2812 5361 Joan.
2856 5321 2931 5371 tv,
2960 5305 3045 5360 15.

1881 5421 2152 5489 Scholia.

452 5555 528 5624 (l)
572 5554 779 5624 Species
829 5565 875 5608 et
928 5554 1175 5610 divinitas
1222 5549 1439 5624 Pat_ris._
1469 5547 1802 5624 Nonuvocat
1829 5548 1945 5624 “hic

380 5619 639 5693 speciem',
673 5625 977 5679 universale
1007 5625 1149 5693 quod
1191 5624 1255 5675 de
1286 5621 1530 5693 pluribus
1577 5619 1947 5693 dilierentibus

380 5688 607 5752 n'umern
651 5688 1362 5763 prazdicatur;'hujusmodi
1391 5691 1538 5763 enim
1571 5689 1780 5757 species
1809 5688 1947 5763 divi-

378 5768 546 5822 ditur.
581 5758 766 5833 Nc'que
797 5758 1018 5833 ligurum
1050 5758 1243 5825 vocat;
1275 5759 1417 5833 Deus
1454 5759 1598 5812 enim
1630 5767 1778 5833 caret
1808 5758 1943 5833 ligu-

384 5851 482 5904 ra;
511 5834 605 5892 sed
628 5829 864 5907 speciem
888 5842 1043 5889 vocat
1070 5833 1320 5897 formam,
1356 5829 1411 5885 id
1448 5838 1552 5896 cst,
1583 5830 1944 5884 substantiam

2055 5566 2184 5622 vere
2222 5561 2277 5608 et
2315 5552 2556 5622 proprie,
2595 5564 2714 5619 (piae
2754 5564 2783 5622 a
2819 5549 2967 5622 nullo
2999 5544 3450 5622 scilicehpendcl,
3483 5542 3630 5622 sicut

2054 5621 2254 5676 Paulus
2282 5614 2435 5675 vocai
2483 5614 2713 5676 formam
2753 5619 2844 5674 Dei
2876 5637 2889 5672 :
2923 5616 3025 5683 Qui
3052 5634 3168 5671 cum
3208 5618 3262 5669 in
3301 5617 3495 5681 lorum,
3543 5614 3630 5665 in-

2053 5693 2191 5759 quit,
2224 5692 2320 5745 Dei
2350 5701 2499 5746 esset.
2539 5690 2595 5745 ln
2627 5691 2727 5746 hac
2750 5688 3153 5760 signiﬁcatione
3185 5684 3367 5756 posuit
3390 5683 3479 5760 hic
3505 5697 3633 5752 Spe-

2053 5762 2191 5818 ciem
2223 5762 2572 5818 Athanasius.
2810 5759 2823 5760 ί
3370 5803 3382 5814 .
3423 5759 3435 5771 “
