4082 6450
465 431 573 496 “5'3

1353 437 1594 497 DECAS
1635 438 1738 498 ῙΧ.
1769 438 1958 499 -ΒΕ
2006 437 2461 503 INFINITATE
2504 441 2584 503 ΙΝ
2631 443 2802 504 DEO.

3598 440 3706 505 9’4

444 543 680 598 Perit-cie
713 543 858 600 inter
892 558 951 599 se
981 544 1507 615 mutuosingnlatim
1549 547 1824 610 distincta,
1873 562 2007 602 con-
2041 559 2080 612 Α
2115 562 2248 617 stra,
2286 570 2378 622 per
2418 553 2674 622 Spiritum
2729 555 2843 623 ejus
2895 551 3278 608 ittitubitautem
3331 552 3381 604 iu
3440 552 3586 604 nobis
3627 554 3696 610 "".

437 634 632 705 juncta
681 635 733 690 in
777 652 941 689 unum
976 637 1230 700 discreto,
1269 647 1322 692 et
1369 638 1608 692 discreta
1658 639 2019 708 eonjunctim.

447 725 574 781 [late
630 737 856 781 sanctus
915 725 1183 782 Maximus
1228 742 1350 783 eum
1406 730 1680 783 adnotat:
1717 729 2023 785 Advertcn-

448 819 599 878 dum,
653 818 848 887 inquit,
883 831 966 873 est
1013 821 1148 875 illud
1185 819 1289 876 :in
1326 833 1386 875 se
1432 822 1566 890 ipsis
1594 820 1864 889 vicissim,
1902 832 2025 877 esse

455 912 750 965 secundum
785 912 1121 965 mansionem
1153 923 1206 966 et
1249 913 1661 967 roliocationcm
1716 915 2024 968 divinarum

457 1015 834 1070 personarum,
873 1013 930 1054 ut
959 1017 1080 1056 cum
1113 1005 1192 1057 ait
1222 1003 1504 1072 Scriptura
1535 1025 1547 1059 :
1592 1004 1702 1074 Ego
1737 1006 1789 1058 iu
1834 1006 2024 1070 Patre,

451 1103 499 1148 et
542 1091 705 1146 Pater
740 1095 793 1146 iu
823 1111 903 1148 me
923 1095 990 1158 '°,
1021 1096 1099 1149 sic
1133 1105 1186 1150 et
1242 1098 1308 1150 de
1347 1095 1548 1164 Spiritu
1581 1107 1768 1151 sancto
1797 1100 2029 1165 Aposto-

453 1183 536 1236 lus
575 1186 650 1235 ait
673 1184 738 1235 ".
797 1171 1315 1241 Βάηριιιςῖῐυπηηεε
1349 1186 1717 1242 Datnascenns
1751 1189 1807 1241 in
1853 1189 2030 1257 capite

451 1275 530 1330 De
580 1271 880 1333 Trinitate':
915 1275 1122 1332 Etenim
1156 1293 1420 1335 creatura:
1471 1292 1524 1335 ct
1560 1283 1679 1335 loco
1717 1285 1941 1348 distant,
1976 1292 2031 1335 et

454 1377 697 1438 tempore
731 1371 1009 1437 dilfernnt,
1037 1377 1092 1424 et
1123 1374 1403 1427 voluntate
1434 1375 1772 1440 dividuntur,
1806 1379 1860 1429 et
1897 1377 2030 1428 viri-

453 1461 576 1526 bus,
605 1473 658 1515 et
696 1463 887 1527 forma,
917 1464 972 1517 id
1004 1471 1084 1518 est
1119 1463 1310 1534 ﬁgura,
1346 1477 1395 1519 et
1431 1466 1637 1532 habitu,
1667 1483 1720 1520 et
1750 1467 2026 1532 mistione,

451 1564 504 1606 et
535 1553 819 1622 dignitate,
873 1562 928 1608 et
957 1556 1158 1621 studio,
1202 1568 1257 1609 et
1308 1558 1563 1612 omnibus
1613 1560 2033 1626 proprietatibus

457 1647 836 1713 signan‘tihns;
875 1664 936 1700 ac
986 1649 1328 1716 potissimum
1379 1649 1432 1702 in
1466 1665 1533 1703 eo
1574 1649 1847 1719 differunt,
1889 1653 2032 1722 quod
2071 1681 2076 1686 -

454 1749 561 1788 non
597 1747 718 1788 sunt
751 1737 803 1790 in
839 1753 896 1792 se
934 1739 1063 1805 ipsis
1092 1740 1356 1803 vicissim,
1389 1741 1482 1793 sed
1505 1741 1806 1810 separatim
1842 1758 1858 1795 :
1889 1744 2034 1798 unde

453 1839 508 1882 et
551 1830 676 1895 duo,
717 1839 770 1883 et
825 1840 956 1897 tres,
1001 1843 1054 1885 et
1086 1831 1242 1884 multi
1271 1832 1524 1885 dicuntur
1552 1850 1566 1897 ;
1597 1843 1787 1887 contra
1823 1847 1951 1887 vero
1979 1836 2030 1889 in

2129 644 2294 699 Nobis
2338 655 2517 700 autem
2553 649 2606 700 in
2648 647 2856 715 Spiritu
2889 645 3192 709 viviﬁcatis,
3230 646 3344 715 ipse
3374 645 3625 700 Christus
3651 647 3708 698 in

2129 737 2287 790 nobis
2321 738 2519 791 dicitur
2559 737 2759 790 vivere.
2796 736 3005 790 (.‘Itristo
3035 737 3204 792 enim.
3237 737 3362 804 inqu
3388 745 3429 798 t,
3459 737 3704 803 conﬁxus

2127 839 2289 881 sum:
2329 827 2454 882 Viuo
2495 839 2669 882 autem
2717 845 2818 881 non
2859 828 2972 896 jam
3003 841 3115 897 ego.
3168 829 3292 882 vivit
3321 837 3501 881 autem
3532 829 3592 880 in
3626 845 3707 881 me

2129 920 2371 974 Christus
2402 921 2468 974 ⁵⁸.
2501 921 2564 974 Ει
2593 933 2782 975 rursus
2816 937 2830 975 :
2866 921 3025 974 Sicut
3067 933 3232 988 opera
3267 934 3383 987 quae
3425 919 3596 974 Filius
3622 919 3709 972 fas

2129 1014 2325 1075 cieltat,
2353 1015 2562 1067 dicebat
2599 1013 2808 1067 Patrem
2855 1016 3031 1067 facere
3064 1031 3078 1069 :
3120 1013 3281 1067 Pater
3309 1015 3474 1080 enim,
3523 1015 3616 1076 ait,
3651 1016 3707 1066 in

2135 1115 2218 1153 me
2246 1118 2482 1165 mouens,
2515 1103 2618 1164 ipse
2643 1103 2771 1168 furit
2797 1118 2948 1166 opera
2971 1119 2991 1155 :
3022 1120 3125 1156 non
3154 1103 3366 1156 creditis
3397 1104 3544 1159 mihi.
3581 1107 3706 1171 quia

2131 1201 2225 1258 ego
2257 1191 2310 1242 iu
2353 1189 2533 1251 Patre,
2560 1179 2616 1242 'et
2663 1190 2821 1243 I’oler
2853 1193 2907 1244 in
2960 1208 3041 1244 me
3086 1195 3198 1247 est?
3246 1190 3462 1257 Alioqui
3500 1203 3710 1259 prnp'rr

2132 1297 2286 1343 onero
2349 1282 2466 1345 ipsa
2519 1283 2717 1334 credite
2745 1284 2822 1345 l";
2881 1284 2960 1335 sic
2996 1299 3114 1348 qua!
3169 1283 3222 1336 in
3279 1285 3480 1337 virtute
3534 1284 3710 1335 Putris

2132 1371 2462 1433 operabatur
2501 1369 2728 1436 Paulus,
2752 1371 2942 1424 ait-bar
2959 1371 3160 1424 Christi
3197 1388 3315 1426 esse
3341 1389 3548 1440 opera:
3587 1354 3739 1426 Ntm‘

2132 1463 2300 1523 enim,
2331 1463 2523 1532 inquit,
2557 1465 2762 1518 audebo
2793 1464 2994 1531 aliquid
3034 1465 3210 1519 dicere
3236 1482 3416 1520 eorum
3448 1483 3561 1526 qum
3607 1483 3708 1519 non

2134 1565 2378 1621 operatus
2408 1565 2484 1610 est
2512 1556 2752 1612 Christus
2783 1573 2872 1624 per
2906 1575 2986 1611 me
3019 1559 3070 1610 iu
3105 1558 3450 1612 obedientiam
3481 1559 3712 1626 gentium

2135 1649 2186 1702 in
2220 1649 2370 1702 re‘rbo
2404 1656 2452 1702 et
2488 1652 2810 1717 operatione.
2848 1651 2905 1702 in
2951 1653 3144 1704 virtute
3187 1652 3461 1718 signorum
3501 1661 3546 1702 et
3591 1664 3713 1718 pro.

2135 1736 2420 1806 digiorum,
2460 1741 2513 1793 in
2543 1742 2731 1795 virtute
2775 1741 3008 1807 Spiritus
3052 1742 3310 1796 sancti“.
3344 1741 3492 1795 Talis
3521 1741 3713 1808 conju-

2137 1831 2284 1897 ga—tio
2313 1838 2367 1883 et
2393 1831 2576 1884 unitas
2603 1846 2726 1886 cum
2759 1833 2827 1885 sit
2867 1834 2920 1886 in
2949 1832 3235 1896 Trinitate,
3267 1834 3514 1902 quisnam
3554 1833 3712 1886 dein-

451 1931 636 1974 sam-ta
688 1914 974 1985 Trinitate,
1014 1937 1135 1990 quae
1187 1937 1346 1991 supra
1391 1924 1746 1978 substantiam
1803 1934 1908 1984 est,
1964 1933 2020 1980 et
2065 1898 2105 1952 Β
2134 1929 2265 1988 ccps
2288 1919 2485 1973 Filium
2519 1935 2546 1973 ιι
2583 1922 2769 1983 Patre,
2804 1935 2893 1976 aut
2925 1919 3184 2003 Spiritum
3220 1898 3525 1977 saurtttnt‘a
3553 1923 3712 1982 Filio,

454 2015 590 2066 ultra
637 2013 841 2074 omnia,
891 2014 1333 2078 incompreltensa
1367 2031 1382 2079 ;
1416 2030 1550 2067 unus
1585 2017 1727 2070 enim
1781 2027 2030 2083 conatus,

455 2104 569 2159 sive
615 2104 850 2170 irrpetus
882 2104 1153 2166 motionis,
1187 2111 1240 2154 et
1290 2120 1390 2156 una
1433 2106 1752 2168 substantia,
1791 2123 1896 2160 una
1931 2108 2029 2162 lio-

455 2196 619 2255 nitas,
651 2207 756 2248 una
788 2197 978 2258 virtus,
1025 2212 1126 2248 una
1171 2197 1444 2260 voluntas,
1485 2211 1590 2253 una
1630 2201 1894 2267 operatio,
1925 2213 2030 2254 una

455 2295 720 2354 potestas.
756 2302 885 2347 una,
934 2285 1176 2355 inquam,
1208 2297 1263 2340 et
1310 2289 1534 2353 eadem;
1569 2300 1623 2344 et
1669 2306 1773 2343 non
1808 2300 1920 2346 tres
1961 2292 2036 2346 si-

459 2378 612 2432 miles
641 2378 782 2430 inter
809 2395 906 2442 se;
957 2381 1049 2434 sed
1081 2394 1185 2432 una
1234 2390 1398 2448 atque
1427 2383 1613 2436 eadem
1665 2386 1830 2437 motio
1866 2385 2027 2437 trium

457 2479 836 2534 personarum,
872 2484 1033 2520 unum
1067 2470 1208 2523 enim
1256 2460 1418 2524 habet
1469 2486 1804 2542 Unaquaeque
1848 2491 2033 2527 earum

459 2573 577 2611 cum
607 2559 798 2622 altera,
833 2576 936 2612 non
981 2563 1158 2615 minus
1190 2577 1348 2630 quam
1381 2578 1562 2617 secmn
1611 2578 1898 2618 commune
1932 2579 1946 2618 :
1980 2565 2032 2618 id

461 2659 566 2710 est,
591 2665 753 2704 unum
783 2663 908 2707 sunt
935 2655 1232 2707 secundum
1273 2655 1452 2708 omnia
1485 2655 1664 2716 Pater,
1701 2665 1754 2710 et
1781 2655 1951 2712 Filius
1981 2667 2036 2709 et

461 2740 693 2810 Spiritus
742 2756 984 2799 sanctus.
1037 2745 1260 2816 Magnus
1303 2747 1657 2812 Athanasius,
1707 2748 1762 2802 in
1806 2749 2034 2816 epistola

457 2836 522 2888 ad
554 2833 904 2904 Serapionem
940 2855 952 2888 :
990 2835 1211 2899 Deinde,
1242 2853 1363 2894 cum
1411 2837 1572 2893 Pater
1612 2840 1703 2904 sit,
1748 2851 1804 2894 ut
1837 2839 2035 2896 Paulus

459 2929 614 2990 dixit,
652 2930 803 2982 solus
847 2930 1087 2996 sapiens,
1118 2931 1208 2999 qui
1261 2941 1344 2986 est
1403 2929 1566 2996 Deus,
1602 2929 1775 2987 Filius
1806 2942 1892 2986 est
1945 2949 2037 2987 sa-

459 3017 660 3082 pientia
696 3019 857 3088 ejus;
913 3020 1165 3076 Christus
1190 3023 1338 3076 enim
1381 3021 1477 3077 Dei
1514 3023 1690 3080 virtus
1731 3033 1784 3078 et
1814 3024 1907 3079 Dei
1943 3041 2037 3080 sa-

456 3111 658 3179 pientia
698 3128 714 3167 :
754 3121 808 3164 et
847 3127 970 3164 cum
1011 3112 1185 3170 Filius
1209 3115 1274 3169 sit
1312 3115 1602 3184 sapientia,
1636 3131 1738 3172 nos
1773 3116 2036 3185 Spiritum

2136 2019 2229 2065 aut
2269 2011 2341 2066 ab
2365 2012 2482 2080 ipso
2518 2005 2678 2066 Patre
2706 2014 3021 2080 separabit?
3058 2015 3166 2068 Aut
3194 2015 3318 2083 quis
3350 2013 3456 2068 erit
3499 2013 3574 2066 ita
3617 2028 3714 2066 an-

2137 2105 2262 2167 dax,
2294 2113 2352 2156 ut
2385 2105 2528 2158 dicat
2575 2106 2920 2170 dissimilem,
2964 2087 3019 2160 ei
3064 2107 3288 2162 alterius
3339 2115 3547 2160 natnrte
3591 2119 3715 2159 esse

2137 2197 2278 2257 apud
2311 2207 2370 2249 se
2419 2193 2738 2250 Trinitatem
2777 2197 2800 2250 ἲ
2835 2199 2917 2252 vel
2970 2197 3164 2252 Filium
3213 2212 3336 2252 esse
3393 2196 3714 2251 substantia!

2138 2287 2326 2341 alienae
2367 2303 2397 2340 a
2447 2287 2636 2344 Patre?
2674 2291 2756 2343 vel
2805 2287 3065 2358 Spiritum
3100 2293 3349 2346 sanctum
3397 2290 3632 2344 alienum
3682 2299 3714 2341 a

2136 2377 2314 2434 Filio?
2365 2379 2421 2434 Si
2481 2383 2608 2450 quis
2660 2395 2854 2436 rursus
2902 2382 3221 2453 interroget,
3270 2384 3541 2450 quomodo
3598 2383 3714 2436 hate

2138 2473 2305 2526 Sunt?
2343 2481 2659 2541 quaeratque
2702 2475 3011 2543 quomodo,
3047 2487 3170 2530 cum
3220 2473 3454 2541 Spiritus
3495 2483 3716 2528 sanctus

2136 2571 2222 2616 est
2256 2563 2308 2616 in
2343 2563 2520 2629 nobis,
2575 2563 2737 2619 Pater
2768 2565 2965 2618 dicitur
3013 2579 3136 2621 esse
3184 2563 3236 2618 in
3280 2564 3456 2624 nobis.
3493 2571 3548 2618 et
3591 2578 3716 2617 cum

2140 2653 2311 2708 Filius
2336 2664 2419 2708 est
2444 2653 2502 2708 in
2536 2655 2716 2719 nobis,
2743 2655 2902 2710 Pater
2938 2655 3138 2710 dicitur
3161 2670 3283 2711 esse
3313 2656 3366 2710 in
3401 2656 3590 2719 nobis;
3625 2664 3719 2709 aut

2139 2746 2415 2814 quomodo
2443 2760 2565 2800 cum
2591 2742 2834 2802 Trinitas
2865 2753 2971 2813 est,
3001 2746 3055 2800 in
3091 2761 3196 2800 uno
3229 2746 3568 2816 signiﬁcatur
3595 2745 3718 2798 Tri-

2142 2841 2318 2901 nitas;
2351 2848 2444 2893 aut
2488 2842 2760 2910 quomodo
2798 2854 2922 2914 cum
2955 2855 3118 2894 unum
3169 2847 3255 2894 est
3304 2841 3356 2894 in
3390 2839 3570 2903 nobis,
3601 2839 3719 2892 Tri-

2141 2933 2283 2987 nitas
2313 2933 2518 2986 tiicitur
2545 2951 2559 2987 :
2586 2933 2668 2988 vel
2704 2915 2960 3014 εᾳρίτεηι
2989 2933 3226 3002 primum
3254 2947 3282 2984 a
3307 2929 3514 2984 lumine
3543 2930 3720 3000 splen-
3779 2934 3793 2947 ‘

2139 3022 2350 3084 dorem,
2383 3031 2479 3074 aut
2507 3023 2830 3091 sapientiam
2861 3035 2888 3073 a
2923 3021 3185 3085 sapiente,
3214 3021 3300 3076 vel
3341 3022 3548 3084 dicant,
3579 3035 3720 3087 quo-

2139 3113 2300 3165 modo
2342 3111 2456 3166 hinc
2487 3121 2681 3177 erunt;
2713 3111 2857 3182 quod
2889 3112 2935 3166 si
2983 3112 3086 3166 hoc
3123 3126 3226 3165 non
3268 3119 3523 3181 possunt,
3553 3110 3722 3163 multo

455 3203 803 3272 accipientes,
839 3203 1034 3257 Filium
1068 3206 1371 3273 habemus;
1404 3217 1458 3261 et
1501 3209 1555 3260 in
1590 3209 1708 3278 ipso
1738 3224 1924 3265 sumus
1953 3226 2038 3264 sa-
2061 3222 2108 3288 ο
2141 3207 2314 3276 magis
2359 3220 2602 3274 quaerere
2638 3206 2753 3260 haec
2779 3207 2845 3261 de
2877 3205 3009 3271 Deo,
3061 3205 3445 3260 insanientium
3491 3205 3718 3259 audacia

457 3300 683 3365 pientes,
725 3298 804 3350 sic
845 3297 995 3350 enim
1046 3297 1307 3365 scriptum
1344 3309 1426 3353 est
1452 3317 1466 3354 :
1494 3299 1754 3354 Dominus
1786 3302 1940 3355 soluit
1965 3301 2033 3354 li-

457 3397 606 3457 gatos
638 3387 731 3460 [aL
764 3389 1132 3460 compeditos],
1180 3389 1435 3444 Dominus
1466 3393 1639 3444 erudit
1683 3391 1780 3463 [ιιι.
1824 3393 2035 3447 illumi-

458 3481 575 3551 nat]
628 3497 792 3535 σανίσι
824 3482 889 3542 ",
949 3493 1003 3534 et
1043 3495 1166 3536 cum
1205 3485 1362 3536 datur
1390 3485 1544 3537 nobis
1573 3484 1853 3551 Spiritus:
1909 3486 2036 3557 (Ac-

457 3574 612 3639 cipite
662 3577 800 3626 enim
841 3572 1098 3642 Spiritum
1145 3584 1384 3628 sanctum
1413 3577 1478 3641 ⁵³,
1528 3578 1708 3631 aiebat
1763 3575 2033 3645 Salvator)

457 3663 601 3718 Deus
648 3677 730 3719 est
768 3666 822 3719 in
857 3667 1026 3722 'nobis
1056 3685 1070 3735 ;
1099 3669 1176 3722 sie
1205 3669 1351 3722 enim
1383 3667 1621 3723 Joannes
1671 3670 1887 3737 scripsit
1921 3687 1934 3724 :
1974 3668 2034 3723 Si

457 3755 724 3824 diligimus
754 3759 996 3822 inuicem,
1050 3759 1187 3813 Deus
1226 3760 1282 3812 in
1332 3761 1480 3813 nobis
1533 3768 1609 3814 est
1639 3775 1658 3813 :
1687 3763 1938 3829 quoniam
1977 3763 2034 3815 iu

436 3844 569 3912 ipso
596 3859 888 3909 manemus,
912 3857 958 3900 et
991 3849 1101 3914 ipse
1132 3849 1189 3900 in
1211 3849 1399 3912 nobis;
1426 3851 1676 3919 quoniam
1718 3863 1782 3905 ea:
1827 3850 2034 3920 Spiritu

455 3954 552 3994 suo
589 3937 736 3992 dedit
769 3940 916 3992 uobis
947 3938 1012 3994 δι.
1047 3940 1181 3995 Cum
1219 3949 1397 3994 autem
1443 3943 1586 3997 Deus
1627 3955 1710 3998 est
1750 3945 1801 3998 itt
1854 3946 2032 4009 nobis,

456 4041 538 4084 est
573 4034 733 4085 etiam
773 4023 944 4086 Filius
996 4032 1048 4086 in
1093 4033 1284 4100 nobis;
1317 4033 1448 4088 dicit
1477 4025 1635 4088 enim
1661 4036 1777 4101 ipse
1825 4037 2032 4092 Filius:

429 4123 596 4192 ,I'Igo,
647 4132 695 4175 et
745 4121 907 4175 Pater
943 4123 1227 4188 veniemus,
1262 4135 1308 4178 et
1352 4125 1674 4178 mansionem
1724 4127 1866 4196 apud
1918 4142 2036 4180 eum

458 4216 713 4283 faciemus
737 4215 806 4266 "‘.
857 4215 1077 4276 Deinde,
1128 4229 1250 4268 cum
1303 4217 1410 4270 vita
1461 4217 1662 4284 alioqui
1710 4219 1780 4271 sit
1823 4217 2033 4274 Filius:

459 4307 593 4379 Ego,
631 4309 824 4376 inquit,
854 4321 970 4363 sum
1004 4309 1113 4362 vita
1141 4309 1224 4374 ⁵⁶;
1269 4308 1526 4363 vivilicari
1578 4318 1755 4364 tamen
1804 4311 2040 4365 dicimur
2071 4336 2088 4353 ο

459 4401 514 4454 1η
577 4400 784 4470 Spiritu
834 4409 1065 4456 sancto:
1112 4402 1216 4466 Qui
1247 4403 1384 4455 enim
1430 4403 1707 4457 suscitauit
1762 4403 2036 4458 Christum

457 4491 639 4546 Jesum
672 4510 703 4545 a
733 4494 976 4556 mortuis,
1022 4493 1295 4547 suscitabit
1339 4505 1385 4549 et
1417 4495 1665 4548 mortalia
1694 4511 1916 4565 corpora
1945 4515 2039 4550 no-

2137 3306 2240 3352 est.
2293 3297 2553 3352 Divinitas
2593 3298 2737 3352 enim
2786 3313 2896 3351 non
2929 3297 2982 3350 in
3015 3296 3479 3353 demonstratione
3525 3297 3721 3351 verbo-

2137 3403 2256 3440 rum
2291 3387 2488 3440 tradita
2531 3395 2637 3449 est,
2683 3395 2744 3440 ut
2769 3387 3026 3451 diximus,
3073 3388 3167 3442 sed
3199 3389 3250 3442 in
3288 3388 3412 3451 iide,
3440 3396 3492 3439 et
3522 3387 3606 3454 pia
3635 3402 3722 3438 ra,-

2138 3478 2494 3532 tiocinatione
2523 3492 2646 3531 cum
2690 3479 3015 3532 reVerentia.
3066 3477 3131 3531 Et
3163 3480 3360 3531 iterum
3393 3477 3533 3530 idem
3581 3476 3723 3530 libro

2139 3584 2192 3623 tv
2236 3569 2435 3624 Contra
2483 3570 2715 3622 Ariauos
2745 3584 2764 3622 :
2806 3569 2942 3634 Quia
2987 3568 3154 3637 igitur
3203 3568 3375 3622 Filius
3405 3576 3491 3621 est
3539 3567 3720 3634 imago

2137 3663 2342 3724 Patris,
2393 3675 2620 3717 necesse
2671 3671 2755 3716 est
2799 3662 3121 3730 intelligere,
3171 3662 3313 3730 quod
3362 3660 3620 3713 divinitas
3665 3669 3722 3714 et

2138 3755 2446 3824 proprietas
2470 3752 2649 3807 Patris
2677 3752 2914 3807 essentia
2947 3751 3066 3806 Filii
3092 3761 3196 3817 est,
3221 3760 3277 3806 et
3308 3751 3410 3803 hoc
3431 3758 3516 3803 est
3547 3748 3676 3802 illud
3701 3768 3716 3803 :

2140 3844 2244 3909 Qui
2291 3862 2408 3898 cum
2444 3845 2498 3897 in
2545 3845 2714 3915 forma
2759 3842 2853 3897 Dei
2889 3851 3025 3896 esset
3051 3841 3134 3909 “;
3175 3850 3230 3895 et
3263 3857 3276 3895 :
3316 3838 3478 3892 Pater
3518 3839 3575 3892 in
3614 3854 3718 3891 me.

2138 3937 2255 3992 Non
2313 3948 2490 3992 autem
2548 3952 2610 3991 ex
2655 3945 2809 4005 parte
2860 3945 2944 3989 est
3002 3933 3175 3986 forma
3232 3929 3575 3988 divinitatis.
3625 3928 3719 3984 sed

2139 4029 2419 4096 plenitudo
2467 4037 2706 4097 paterna:
2741 4023 3043 4079 divinitatis
3082 4022 3321 4077 essentia
3353 4029 3436 4074 est
3477 4017 3622 4080 Filii,
3667 4028 3723 4072 et

2141 4119 2376 4175 Verbum
2408 4120 2548 4174 Deus
2579 4127 2664 4173 est
2695 4117 2889 4180 Filius,
2935 4115 3138 4170 idcirco
3165 4112 3391 4182 :equalis
3435 4111 3576 4163 Deus
3618 4126 3722 4163 non

2138 4214 2384 4283 rapinam
2429 4212 2722 4266 arbitratus
2773 4218 2850 4263 est
2881 4225 2935 4262 se
2975 4223 3087 4261 esse
3130 4205 3386 4275 tequidem
3422 4203 3528 4256 Deo
3553 4201 3621 4255 ⁶¹.
3657 4203 3723 4264 Et

2143 4321 2351 4370 rursus,
2384 4305 2507 4374 quia
2550 4304 2670 4357 Filii
2700 4301 2958 4356 divinitas
2986 4309 3039 4354 et
3076 4301 3290 4370 species
3320 4313 3427 4352 non
3458 4306 3542 4349 est
3583 4295 3719 4348 alto—

2143 4399 2255 4452 rius
2291 4412 2453 4466 quant
2489 4394 2705 4453 Patris:
2750 4395 2852 4448 hoc
2899 4403 2982 4447 est
3013 4394 3157 4461 quod
3211 4389 3486 4444 diximus:
3521 4386 3632 4457 Ego
3665 4387 3721 4446 in

2141 4491 2339 4551 Patre;
2375 4488 2454 4542 sic
2497 4487 2638 4541 Deus
2675 4493 2796 4539 erat
2841 4483 2897 4538 in
2939 4482 3158 4539 Christo
3187 4480 3448 4534 mundum
3495 4477 3600 4534 sibi
3636 4493 3725 4531 re-

528 4609 576 4640 "
595 4607 918 4680 .loan.__xt_v,_
939 4604 1042 4680 10.Δ
1099 4605 1350 4680 “ligor.
1379 4621 1461 4673 ιιι,
1491 4606 1513 4656 1
1545 4623 1699 4680 seqq.
1776 4610 1822 4680 ⁵Α¹
1856 4609 1999 4663 Psal.
2027 4628 2034 4658 t

2136 4649 2148 4667 .
2191 4605 2368 4680 6.A_”
2396 4603 2553 4680 Joan.
2583 4618 2674 4665 xx,
2709 4599 2800 4653 Q2.
2822 4598 2905 4680 ﬂ“
2927 4594 3233 4680 igoan‘.ntv,
3269 4591 3455 4651 12,15.
3492 4589 3723 4680 "fricari.

458 4677 679 4736 xuv.25.

459 4749 504 4781 “
526 4748 760 4816 Philipp.
787 4763 848 4811 tt,
875 4746 931 4801 6.

775 4676 821 4709 ⁵⁸
852 4675 982 4729 ibid.
1013 4675 1068 4728 6.
1163 4677 1209 4708 "
1245 4675 1399 4730 lion).
1427 4693 1548 4743 vm,
1575 4675 1654 4734 lt‘.

1007 4745 1053 4778 ⁸³
1076 4745 1206 4801 ibid.

1763 4677 1810 4711 ⁵⁸
1840 4681 2016 4735 Galat.
2041 4696 2102 4745 tt,
2133 4679 2221 4742 19,
2255 4675 2347 4732 20.

2423 4676 2468 4707 ⁵⁹
2499 4660 2790 4737 Joan.xw,
2817 4667 3008 4733 11,12.
3099 4666 3146 4698 ⁸⁸
3197 4665 3353 4718 Rom.
3391 4677 3480 4728 xv,
3515 4660 3604 4726 18,
3636 4661 3723 4718 19.

1970 4861 2244 4925 Scholia.

462 4966 677 5020 nionem
725 4974 912 5018 eorum
951 4960 1042 5030 qui
1085 4960 1368 5015 tradebant
1408 4958 1591 5014 lumen
1623 4975 1748 5016 esse
1775 4963 2024 5018 substan-
2062 4969 2107 5024 D
2139 4965 2276 5016 rium
2310 4955 2697 5015 incarnationis
2743 4951 2948 5030 retulit,
2985 4957 3053 5030 ει
3091 4946 3464 5030 Pacltymcrus
3491 4946 3724 5030 prlavit,

465 5038 591 5089 tiam
643 5049 981 5098 corpoream,
1025 5041 1078 5086 et
1127 5045 1235 5084 non
1287 5030 1638 5098 qualitatem;
1689 5035 1832 5100 quod
1883 5035 2028 5087 enim

461 5106 641 5174 posuit
666 5103 954 5174 Dionysius
981 5103 1182 5174 lumina
1214 5100 1582 5174 lampadarum
1609 5115 1702 5174 per
1725 5118 1784 5156 se
1811 5103 2038 5157 exsiste-

464 5170 561 5242 re;
592 5190 696 5228 non
725 5176 792 5228 ad
807 5170 1020 5226 lumina
1046 5172 1248 5234 retulit,
1277 5170 1369 5223 sed
1400 5173 1464 5242 ad
1491 5170 1910 5242 lajttpatlasqua:
1943 5189 2038 5239 per

463 5239 840 5306 ae'ettsistont,
872 5245 1012 5297 sicut
1053 5243 1198 5295 iaces
1220 5249 1272 5293 et
1314 5241 1485 5295 taeda.
1533 5239 1719 5304 itaque
1762 5239 1906 5293 faces
1946 5258 2038 5294 ar-

465 5321 672 5377 dentes,
703 5316 816 5371 sive
858 5311 1133 5381 lampadas
1159 5325 1412 5363 acccnsas
1449 5311 1744 5362 luminibus
1783 5313 1834 5363 itt
1874 5327 2036 5364 unum

462 5383 763 5449 conjunctis
797 5394 890 5451 per
917 5399 976 5436 se
1006 5381 1327 5451 t'xsistt-ntes
1356 5395 1478 5434 cum
1509 5382 1922 5451 proprietatibus
1949 5382 2042 5450 hy-

467 5455 752 5523 pns'atit'is
777 5449 954 5523 perise
981 5449 1396 5523 subsistentibus
1425 5452 1476 5523 in
1514 5449 2035 5523 lnntinesuprasub-

463 5520 702 5577 stantiaii
741 5522 1026 5576 Trinitatis
1066 5521 1298 5574 discreta
1332 5520 1515 5580 unitis,
1557 5530 1610 5572 et
1645 5520 1791 5572 unite
1826 5521 2032 5573 discre-

466 5596 532 5646 tis
557 5601 872 5658 comparat;
913 5602 964 5644 et
999 5591 1142 5658 quod
1182 5589 1426 5656 sequitur
1463 5591 1514 5642 in
1547 5589 1844 5659 Dionysio:
1892 5591 1955 5643 Et
1988 5591 2031 5644 si

463 5666 585 5731 quis
621 5677 780 5714 unum
815 5661 1100 5731 luminare,
1133 5661 1184 5712 id
1211 5667 1313 5731 est,
1346 5674 1504 5712 unam
1536 5658 1711 5731 facem
1749 5673 2034 5731 accensam

464 5729 657 5785 educat
678 5747 706 5784 e
732 5731 914 5792 domo,
941 5730 1097 5783 simul
1127 5729 1294 5783 exibit
1322 5738 1489 5782 totum
1518 5729 1796 5796 proprium
1833 5729 2034 5789 lumen.

465 5803 596 5861 nihil
637 5801 927 5869 quidquam
971 5799 1196 5850 aliorum
1244 5800 1507 5852 lntninntn
1546 5800 1596 5852 in
1632 5813 1690 5851 se
1727 5800 1839 5866 ipsa
1875 5800 2035 5852 simul

466 5880 703 5935 trahens,
738 5888 835 5926 nec
859 5869 1059 5938 aliquld
1096 5871 1178 5923 sui
1231 5869 1337 5924 illis
1366 5869 1710 5939 relinquens;
1744 5869 1811 5924 ad
1854 5879 2048 5939 myste—

2139 5037 2636 5099 interpretatusque
2663 5035 2748 5082 est
2777 5023 2908 5099 illud
2932 5038 2945 5075 :
2979 5020 3087 5099 1:390
3115 5037 3149 5074 ει
3181 5016 3339 5099 Patre
3367 5017 3522 5099 exivi.
3557 5016 3727 5099 Eilius

2138 5089 2487 5158 enim'l'actus
2515 5089 2694 5158 homo,
2721 5095 2810 5163 qui
2840 5100 2958 5148 erat
2986 5089 3072 5146 fax
3095 5092 3336 5163 quaedam
3372 5089 3726 5163 hum_anitatis

2140 5156 2366 5227 accensa
2393 5171 2596 5223 lumine
2615 5156 2932 5229 divinitatis,
2973 5178 3076 5216 non
3101 5156 3262 5237 (rasit
3285 5174 3466 5214 secum
3488 5156 3724 5237 Patrem,

2139 5259 2315 5306 neque
2341 5241 2604 5308 Spiritum
2629 5244 2896 5308 sanctum,
2929 5231 3416 5308 nequeqnidquam
3451 5231 3726 5308 proprium

2140 5301 2444 5366 divinitatis
2463 5310 2564 5364 illis
2585 5305 2805 5379 reliquit
2823 5321 2840 5368 ;
2859 5303 2986 5370 quin
3009 5303 3188 5379 potius
3202 5301 3444 5379 eamdem
3465 5309 3629 5379 totam
3650 5301 3728 5379 di:

2143 5383 2424 5437 vinitatem
2461 5393 2582 5448 quae
2613 5379 2666 5432 in
2700 5366 2938 5448 illis—cst,
2977 5366 3097 5448 tulit
3130 5386 3355 5448 manens
3391 5369 3440 5420 in
3479 5366 3724 5448 illis-Ad

2138 5435 3053 5521 idermqtttyste'riutnincarnationis
3083 5441 3264 5521 retulit
3289 5441 3392 5519 hoc
3417 5435 3723 5521 exetnpllum

2136 5505 2417 5577 Leontius
2434 5516 2758 5586 monachus,
2798 5522 2994 5586 auctor
3031 5507 3454 5586 eruditissimus.
3471 5505 3540 5586 _in
3561 5505 3725 5586 Ilibro

2136 5573 2505 5660 quemcontra
2538 5573 2848 5660 Nestorium
2878 5591 2932 5660 et
2956 5583 3250 5660 Entychem
3289 5575 3528 5660 scripsit.
3561 5573 3727 5660 Dttpet

2135 5645 2279 5716 cnim
2303 5645 2381 5715 sic
2401 5657 2732 5713 substantias
2759 5653 2898 5708 uniri
2929 5645 3086 5727 posse
3111 5650 3228 5727 sine
3251 5645 3526 5727 ntistione,
3553 5655 3612 5725 ut
3636 5645 3724 5698 hic

2136 5733 2258 5786 sine
2280 5731 2533 5784 mistione
2555 5728 2814 5796 uninntnr
2835 5720 3120 5796 qualitates
3141 5720 3424 5796 luminum,
3449 5724 3500 5767 et
3525 5720 3726 5796 Union:

2145 5811 2232 5854 tur
2277 5801 2592 5870 splendores
2633 5795 2932 5870 stellarum.
2977 5792 3122 5870 sal-va
3168 5792 3496 5870 proprietate
3536 5792 3723 5853 quanti

2141 5872 2196 5926 itt
2240 5857 2383 5938 quali
2421 5871 2472 5925 in
2504 5884 2566 5925 eo
2606 5865 2746 5937 quod
2787 5873 2967 5918 manet
3003 5857 3170 5916 Filius
3211 5866 3441 5910 tantum.
