4082 6438
256 5780 307 5809 φ

341 413 366 472 ἐς
381 411 447 473 57

1226 417 1465 478 DECAS
1512 416 1612 476 [Χ.
1654 437 1723 455 κ’
1765 415 1863 477 DE
1910 416 2368 479 ιΝιτικιΤΑτΕ
2411 420 2491 480 IN
2541 419 2712 482 DEO.
2846 481 2861 492 ,

3497 411 3615 478 9ἵ8

342 528 461 583 sine
480 527 743 597 principio
758 528 1051 581 secundum
1065 526 1418 605 substantiam
1439 529 1738 599 genitor,et
1757 530 1921 583 solius
1954 531 1993 584 Δ
2024 528 2247 595 Caipha,
2277 542 2330 585 et
2361 530 2580 595 Judzeis,
2622 540 2782 598 atque
2814 526 3051 582 Sabellto
3079 527 3337 588 Sentium.
3372 526 3612 582 incidat;

348 629 563 674 aeternae
596 620 720 673 vitae
757 629 1013 688 tanquam
1050 613 1285 688 spiritus
1325 622 1495 675 sant-ti
1534 619 1673 675 fons.
1713 620 1842 695 item
1874 621 1929 672 in

350 716 585 768 set-unda
618 716 862 768 centuria
892 730 1014 783 cap.
1053 716 1118 769 1:
1152 716 1307 771 Unus
1337 717 1503 779 Deus,
1536 716 1791 782 quoniam
1825 732 1928 769 una

349 807 605 862 divinitas
630 826 644 873 ;
672 808 851 861 unitas
876 809 994 862 sine
1019 810 1311 878 principio,
1343 821 1389 863 et
1419 812 1669 878 simplex,
1693 820 1746 863 et
1769 825 1930 877 supra

352 899 730 961 substantiam,
762 911 816 975 et
847 915 1040 967 expers
1087 902 1274 968 partis.
1305 910 1358 955 et
1398 902 1697 965 imlividua,
1741 901 1932 955 eadem

359 992 552 1053 unitas.
578 1002 629 1043 et
652 990 912 1057 Trinitas,
939 1002 1049 1046 tota
1075 995 1261 1048 eadem
1290 996 1491 1052 unitas.
1522 1005 1576 1048 et
1609 1001 1720 1048 tota
1744 994 1932 1048 eadem

356 1082 637 1148 Trinitas;
695 1087 875 1140 unitas
942 1096 1051 1139 tota
1079 1087 1267 1140 eadem
1324 1088 1621 1141 secundum
1673 1086 1933 1141 substan-

352 1175 509 1235 tiam.
560 1186 613 1230 et
644 1184 754 1231 tota
788 1179 977 1233 eadem
1003 1177 1246 1234 Trinitas
1275 1179 1573 1233 secundum
1631 1194 1931 1245 personas;

353 1264 514 1321 Pater
546 1269 687 1319 enint
729 1277 783 1320 et
821 1267 1014 1331 Filius,
1059 1280 1110 1323 et
1152 1270 1393 1339 Spiritus
1438 1270 1730 1324 divinitas:
1783 1281 1833 1325 et
1879 1269 1932 1321 in

351 1355 530 1423 Patre,
572 1366 624 1411 et
669 1358 826 1423 Filio,
872 1370 927 1412 et
979 1360 1181 1428 Spiritu
1230 1371 1421 1415 sancto
1473 1362 1771 1421 divinitas:
1827 1371 1937 1415 tota

348 1448 538 1501 eadem
575 1450 627 1515 in
663 1459 774 1502 toto
812 1449 991 1512 Patre,
1024 1460 1076 1503 et
1110 1451 1164 1502 in
1199 1451 1388 1505 eadem
1422 1461 1531 1503 tota
1564 1461 1710 1504 totus
1739 1450 1938 1513 Pater;

313 1549 405 1618 get
442 1549 549 1593 tota
581 1541 767 1593 eadem
802 1541 851 1593 in
887 1553 999 1595 toto
1041 1541 1201 1605 Filio,
1236 1557 1290 1594 et
1321 1543 1374 1595 in
1407 1544 1592 1596 eadem
1644 1552 1748 1595 tota
1793 1552 1939 1595 totus

311 1631 546 1696 tFilius;
590 1642 644 1686 et
688 1643 794 1688 tota
828 1634 1015 1687 eadem
1049 1631 1105 1686 iti
1135 1642 1249 1688 toto
1298 1630 1501 1699 Spiritu
1550 1646 1838 1703 sancto._et
1885 1634 1939 1688 in

354 1730 464 1777 tota
511 1723 699 1776 eadem
752 1734 898 1779 totus
949 1723 1183 1793 Spiritus
1229 1725 1482 1787 sanctus,
1517 1735 1627 1797 tota
1661 1726 1843 1789 Pater,
1888 1733 1942 1780 et

352 1814 406 1868 itt
439 1822 552 1869 toto
595 1815 795 1880 Patre;
835 1826 884 1871 et
920 1827 1063 1870 lotus
1092 1816 1145 1870 in
1175 1828 1281 1870 tota
1330 1817 1509 1881 Pater,
1545 1829 1596 1871 et
1638 1827 1745 1869 tota
1794 1825 1941 1871 tctus

352 1904 548 1972 Pater;
581 1915 634 1959 et
668 1914 777 1960 tota
813 1909 998 1962 eadem
1041 1917 1186 1962 totus
1212 1908 1393 1972 ‘tilius,
1429 1918 1483 1964 et
1515 1919 1629 1963 tota
1664 1910 1850 1963 eadem
1883 1909 1937 1962 in

357 2001 471 2048 toto
509 1992 666 2057 Filio,
704 2005 755 2048 et
784 2003 928 2049 tutus
974 2003 1107 2061 tota,
1154 2007 1207 2050 et
1236 1998 1288 2051 in
1332 2007 1440 2053 tota
1488 1996 1675 2051 eadem
1726 1996 1894 2052 Filius
1923 2038 1936 2061 ,

352 2095 410 2140 et
437 2095 547 2138 tota
579 2086 767 2138 eadem
815 2085 1049 2151 Spiritus
1097 2096 1340 2153 sanctus,
1391 2096 1443 2140 et
1472 2088 1523 2141 in
1573 2096 1687 2141 toto
1733 2086 1938 2157 Spiritu

354 2185 569 2239 sancto,
597 2185 651 2229 et
675 2175 1077 2243 lotus'Spiritus
1106 2186 1324 2233 sanctus
1350 2188 1481 2245 tota,
1509 2190 1559 2234 et
1586 2188 1728 2234 lotus
1752 2182 1803 2233 in
1830 2190 1939 2234 tota

332 2268 542 2320 tradem
579 2266 807 2335 Spiritus
835 2277 1076 2321 sanctus.
1101 2268 1222 2321 Non
1245 2268 1390 2322 enim
1417 2285 1481 2323 ex
1510 2280 1663 2338 parte
1690 2269 1943 2323 divinitas

355 2358 410 2412 itt
445 2357 623 2418 Patre,
651 2368 742 2410 aut
771 2371 835 2411 ex
880 2371 1034 2426 parte
1082 2358 1225 2414 Deus
1253 2361 1415 2427 Pater
1444 2376 1543 2415 nec
1597 2377 1659 2416 ex
1713 2371 1865 2429 parte
1888 2361 1940 2413 in

364 2448 570 2518 Spiritu
598 2461 786 2502 sineto
816 2450 1089 2508 ditinitas.
1119 2462 1207 2506 aut
1240 2468 1304 2506 ex
1347 2464 1499 2521 parte
1522 2451 1681 2507 'Deus
1712 2453 1944 2522 Spirjttts

360 2548 617 2592 sanctus:
659 2554 755 2591 uer
781 2538 925 2591 enim
969 2541 1236 2607 partibilis
1265 2554 1343 2594 est
1377 2542 1652 2604 divinitas,
1698 2560 1795 2598 nec
1835 2546 1940 2597 im-

363 2630 633 2697 perfectus
656 2631 796 2684 Deus
816 2630 990 2692 Pater,
1021 2633 1101 2686 vel
1123 2632 1401 2688 Filius.vel
1427 2633 1659 2704 Spiritus
1683 2647 1939 2701 sanctus;

366 2720 457 2774 sed
488 2720 666 2787 potius
700 2732 807 2776 tota
845 2733 926 2776 est
952 2725 1162 2784 eadem,
1197 2724 1435 2793 perfecta
1471 2725 1707 2795 perfecte
1738 2728 1788 2780 in
1823 2743 1944 2796 per-

367 2812 503 2866 fecto
523 2810 713 2879 Patre;
746 2822 800 2867 et
830 2823 934 2867 tota
977 2814 1214 2884 perfert:
1247 2815 1482 2883 perfecte
1520 2818 1706 2872 eadem
1740 2819 1792 2871 in
1819 2835 1941 2888 per-

366 2905 504 2959 l’ec'o
525 2895 693 2972 Filio;
725 2915 777 2958 et
812 2913 920 2958 tota
969 2908 1203 2976 perfecta
1244 2908 1429 2962 eadem
1464 2909 1514 2961 in
1544 2908 1785 2978 perlerto
1820 2906 1970 2972 51ιί-Δ

363 3001 471 3054 ritu
514 3010 722 3063 satrto,
778 3008 922 3054 totus
962 3001 1105 3053 enim
1155 3001 1204 3053 iu
1251 3008 1362 3055 toto
1406 2999 1588 3064 Patre,
1637 3012 1693 3056 et
1740 3003 1943 3072 Spiritu

361 3102 547 3148 s'mrto
582 3091 817 3159 perfecte
850 3101 933 3144 est
966 3089 1174 3156 Filius;
1224 3103 1277 3145 et
1317 3100 1462 3147 totus
1494 3093 1546 3146 in
1599 3102 1713 3147 toto
1759 3094 1943 3161 Patre,

2035 639 2206 691 neque
2225 625 2342 691 ldus
2366 625 2449 679 his
2466 622 2755 692 excogitat,
2782 637 2848 676 ne
2873 622 2937 674 at!
2962 620 3357 676 multitudinem
3384 620 3609 673 deorum

2033 729 2156 768 cum
2201 714 2493 784 gentilibus
2520 714 2788 768 volvatur.
2818 711 2882 766 Et
2930 713 3069 780 quod
3103 713 3216 765 haec
3249 713 3320 766 sit
3359 710 3615 765 Ecclesiae

2038 806 2190 867 Iidcs,
2232 782 2537 872 intelligant
2571 804 2847 874 quomodo
2888 803 3169 869 Dominus,
3213 819 3336 857 rum
3376 804 3617 857 mitteret

2043 903 2339 970 apostolos,
2392 904 2645 970 przerepit
2697 903 2775 956 eis
2809 900 2992 970 jacere
3048 904 3149 957 ltoc
3205 901 3614 956 fumlamentum

2035 994 2329 1047 Ecclesiae:
2368 990 2588 1055 Euntes,
2616 993 2810 1061 inquit,
2839 995 3017 1048 docete
3050 1010 3227 1048 omnes
3261 1005 3456 1064 gentes,
3494 992 3618 1057 bnp-
3646 1019 3649 1024 -

2039 1088 2263 1147 tiznntes
2292 1100 2379 1137 eos
2427 1084 2484 1136 in
2516 1084 2726 1137 nomine
2774 1081 2953 1137 Patris
3002 1093 3052 1135 et
3102 1081 3254 1147 Filii,
3287 1093 3335 1136 et
3384 1083 3619 1149 Spiritus

2038 1180 2209 1235 sancti
2247 1179 2316 1229 ⁸⁵.
2372 1177 2614 1242 Aposmli
2665 1186 2842 1230 autem
2886 1175 3110 1245 profecti
3155 1177 3235 1231 sic
3280 1176 3607 1229 docuerunt.

2041 1273 2105 1324 Et
2147 1271 2262 1323 bare
2282 1278 2367 1322 est
2401 1269 2452 1320 in
2486 1269 2735 1321 universa
2772 1266 3014 1320 Ecclesia
3044 1283 3164 1336 quas
3200 1266 3304 1320 sub
3334 1266 3474 1321 cmlo
3514 1276 3617 1326 est,

2042 1361 2386 1429 praedicatio:
2416 1367 2470 1413 et
2503 1360 2604 1411 hoc
2627 1368 2711 1413 est
2738 1358 3145 1413 fundamentum
3180 1359 3300 1411 fidei
3344 1358 3620 1413 Ect-lesitr.

2043 1453 2119 1525 Ex
2154 1452 2237 1506 his
2267 1451 2484 1519 planum
2527 1448 2605 1511 lit,
2648 1450 2789 1518 quod
2829 1450 3007 1504 omnis
3037 1449 3310 1517 plenitudo
3349 1448 3610 1502 divinita-

2047 1545 2114 1601 tis
2143 1554 2227 1600 est
2257 1543 2440 1608 Pater,
2473 1541 2664 1605 Filius,
2697 1552 2749 1596 et
2778 1541 3015 1609 Spiritus
3055 1549 3300 1606 sanctus;
3336 1549 3444 1594 tota
3477 1540 3620 1594 enim

2043 1648 2100 1693 et
2120 1639 2234 1691 sola
2283 1637 2535 1691 divinitas
2575 1638 2641 1689 de
2689 1648 3015 1704 unaquaque
3065 1634 3225 1688 trium
3273 1646 3623 1702 personarum

2052 1730 2171 1784 sine
2208 1726 2515 1782 diﬂ‘erentia
2551 1725 2679 1787 ulla,
2704 1736 2756 1777 et
2788 1740 2852 1778 ex
2893 1723 3038 1777 omni
3090 1733 3243 1791 parte
3278 1721 3625 1792 praedicatur,

2047 1826 2100 1872 et
2124 1817 2498 1886 reciprocatur
2543 1813 2855 1882 praedicatio
2900 1813 2969 1866 de
2998 1813 3223 1875 eodem;
3257 1825 3361 1865 nec
3388 1809 3628 1863 variatur

2045 1907 2228 1961 inulla
2264 1921 2344 1971 re,
2387 1904 2491 1959 nisi
2527 1904 2577 1956 in
2629 1886 3018 1972 Itypostatieis:
3056 1911 3219 1969 atque
3254 1899 3355 1952 ltoc
3383 1909 3463 1952 est
3496 1897 3623 1953 illud

2042 1998 2239 2053 mirum
2263 1998 2313 2050 in
2340 1996 2556 2050 modum
2581 1994 2767 2063 ingens
2794 2001 2848 2045 et
2870 2006 3150 2053 arcanum,
3169 1998 3331 2059 atque
3354 1988 3618 2047 abditum.

2041 2098 2095 2144 et
2123 2088 2267 2157 quod
2300 2085 2430 2141 ttnlli
2476 2097 2685 2141 natum
2726 2085 2777 2136 in
2808 2083 2915 2137 ulla
2955 2096 3011 2135 re
3039 2081 3325 2149 contingit,
3356 2077 3630 2148 quomodo

2042 2180 2203 2235 triunt
2238 2193 2614 2248 personarum,
2636 2186 2699 2231 et»
2721 2175 2789 2244 (si
2823 2175 2904 2229 fas
2941 2183 3023 2226 cst
3053 2171 3254 2240 dicere)
3293 2171 3452 2224 trium
3490 2169 3620 2223 sul)-

2036 2270 2309 2337 jectorum
2341 2281 2449 2321 una
2471 2276 2553 2321 est
2581 2263 2815 2319 essentia
2846 2270 2994 2323 actu,
3030 2260 3236 2313 sola.et
3265 2266 3377 2311 tota
3411 2256 3463 2308 in
3492 2270 3627 2310 una-

2044 2375 2256 2431 quaque
2271 2365 2592 2428 persona,ut
2606 2354 2648 2409 si
2670 2370 2775 2408 una
2795 2366 3023 2421 persona
3045 2347 3293 2402 absolute
3309 2346 3627 2400 exsisteret:

2045 2467 2209 2507 unam
2258 2450 2552 2506 essentiam
2585 2457 2708 2501 actu
2744 2447 2863 2499 dico
2894 2443 3064 2513 magis
3094 2457 3283 2506 unam,
3317 2454 3476 2508 quam
3513 2450 3631 2505 qua:

2044 2553 2127 2599 est
2150 2543 2385 2596 maxime
2421 2539 2662 2594 omnium
2693 2534 3006 2607 singularis.
3036 2531 3306 2586 Utautem
3341 2534 3633 2597 repetendo

2047 2636 2364 2693 summatim
2399 2632 2686 2689 manifesta
2722 2631 2813 2684 flat
2844 2628 3112 2697 expositio
3151 2624 3486 2689 ntateriaria,
3510 2638 3632 2692 qua!

2047 2731 2149 2786 hac
2175 2726 2379 2783 decede
2399 2725 2729 2784 continetur,
2751 2722 3179 2776 demonstratum
3207 2727 3286 2769 est
3317 2732 3409 2785 per
3433 2731 3633 2782 propo-

2047 2821 2271 2876 sitiones
2297 2815 2650 2871 afﬁrmantes.
2675 2811 2814 2879 quod
2836 2825 2941 2864 non
2967 2821 3050 2863 est
3074 2808 3198 2872 alia,
3222 2820 3271 2862 et
3299 2807 3411 2861 sola
3443 2814 3633 2859 natura

2046 2927 2153 2967 non
2185 2917 2390 2970 creata,
2422 2907 2523 2962 nisi
2572 2904 2719 2960 solus
2767 2901 2951 2963 Pater,
2988 2911 3043 2954 et
3080 2898 3275 2961 Filius,
3303 2905 3357 2952 et
3400 2894 3634 2966 Spiritus

2050 3013 2311 3066 sanctus;
2344 3012 2445 3053 nec
2490 2995 2597 3051 alia
2641 2993 2918 3055 divinitas,
2953 2999 3008 3045 et
3036 2990 3233 3053 virtus.
3266 2998 3316 3042 et
3360 2987 3632 3056 operatio,

2052 3099 2155 3153 nisi
2183 3096 2331 3151 solus
2358 3094 2500 3148 idem
2533 3093 2781 3153 Pater,et
2813 3074 2999 3148 Filius,
3025 3093 3081 3139 et
3109 3083 3344 3152 Spiritus
3371 3090 3631 3145 sanctus,

362 3191 414 3237 rt
442 3181 580 3235 Filio
611 3180 849 3248 perferte
872 3191 957 3235 est
1001 3182 1237 3251 Spiritus
1286 3193 1548 3248 sanctus;
1595 3187 1947 3253 quamobrem
1978 3199 2021 3255 (ς
2056 3204 2154 3241 nec
2186 3195 2271 3241 est
2317 3185 2423 3239 alia
2471 3184 2657 3237 unitas
2703 3193 3030 3250 supraquam
3062 3178 3262 3235 divina.
3300 3177 3399 3229 nisi
3451 3175 3634 3239 Pater,
3698 3240 3701 3243 _

362 3281 415 3327 et
446 3288 587 3328 ttnus
621 3271 759 3325 Deus
802 3270 984 3333 Pater,
1014 3281 1069 3327 et
1107 3270 1297 3338 Filius,
1339 3282 1391 3329 et
1420 3273 1657 3344 Spiritus
1693 3287 1938 3343 sanctus,

364 3381 467 3416 una
499 3365 641 3418 enim
670 3374 716 3413 et
754 3363 944 3419 eadem
980 3364 1304 3428 substantia,
1330 3374 1383 3420 et
1411 3366 1602 3432 virtus,
1629 3378 1677 3421 et
1703 3371 1946 3438 operatio

363 3456 565 3524 Patris,
593 3471 639 3508 et
673 3457 814 3522 Filii,
848 3465 902 3512 et
943 3455 1186 3527 Spiritus
1215 3458 1407 3523 sancti,
1436 3473 1567 3513 cuttr
1591 3461 1771 3514 nullus
1822 3463 1943 3515 sine

364 3549 536 3602 altern
571 3549 666 3609 sit,
697 3556 790 3600 aut
829 3547 1184 3616 intelligatur.
1217 3546 1443 3617 Magnus
1490 3548 1844 3613 Athanasius,
1891 3551 1945 3604 in

364 3638 589 3705 epistola
620 3638 685 3690 ad
718 3637 1106 3706 Serapionem:
1162 3636 1449 3695 Videamus
1488 3656 1629 3693 vero
1685 3652 1944 3711 praeterea

367 3725 540 3796 ipsam
564 3729 724 3783 etiam
752 3745 781 3782 a
809 3731 1075 3798 principio
1097 3731 1333 3784 relictam
1363 3731 1727 3797 traditionem,
1770 3747 1819 3789 et
1856 3735 1951 3788 do-

367 3825 595 3880 ctrinam
620 3833 780 3890 atque
812 3823 968 3878 ﬁdem
998 3823 1257 3879 Ecclesite
1288 3826 1570 3880 catholicae
1599 3843 1613 3889 ;
1643 3843 1803 3894 quam
1847 3829 1951 3883 Do-

370 3917 551 3968 minus
596 3916 809 3984 quidem
855 3913 1026 3978 dedit,
1064 3915 1297 3982 apostoli
1331 3931 1461 3969 vero
1497 3918 1948 3986 prmdiraverttnt,

367 4017 413 4061 et
449 4007 633 4061 Patres
655 4016 962 4059 servarunt.
989 4004 1044 4057 In
1065 4005 1167 4058 bac
1189 4006 1332 4057 enim
1361 4004 1465 4058 fide
1493 4005 1730 4062 Ecclesia
1759 4009 1952 4063 funda-

368 4108 419 4150 ta
449 4107 552 4162 est,
583 4097 650 4150 ab
680 4098 779 4152 bac
820 4098 911 4165 qui
944 4097 1231 4156 exciderit,
1267 4112 1366 4151 nec
1401 4099 1499 4149 erit
1536 4114 1710 4166 neque
1744 4101 1953 4155 tliretur

366 4189 719 4243 Christianus
751 4187 989 4243 Trinitas
1011 4190 1172 4257 igitur
1202 4202 1386 4243 saneta
1417 4200 1466 4242 et
1504 4190 1745 4259 perfecta
1776 4205 1859 4247 est
1893 4192 1947 4246 in

367 4277 549 4340 Patre,
580 4287 634 4332 et
653 4277 811 4353 Filio,
840 4287 893 4332 et
925 4278 1130 4348 Spit-itu
1163 4291 1372 4347 sancto,
1409 4281 1543 4334 nihil
1569 4282 1826 4343 alienum,
1855 4297 1952 4335 nec

366 4371 708 4427 extrinsecus
738 4371 1021 4425 collectum
1057 4372 1286 4433 habens,
1319 4387 1417 4426 nec
1448 4388 1511 4425 ex
1546 4383 1794 4427 rreatorc
1821 4388 1950 4427 con-

368 4472 544 4523 stans.
578 4462 669 4515 sed
707 4470 821 4513 tota
853 4463 1113 4523 creatrix,
1145 4473 1198 4515 et
1231 4462 1515 4528 effectrix;
1543 4465 1624 4516 sui
1658 4464 1869 4529 similis,
1898 4472 1953 4518 et

2047 3280 2238 3340 Filius,
2271 3287 2326 3332 et
2354 3277 2591 3345 Spiritus
2625 3282 2885 3327 sanctus:
2918 3287 3015 3327 nec
3043 3279 3128 3325 est
3154 3270 3253 3323 alia
3283 3269 3336 3323 itt
3365 3267 3634 3322 Trinitate

2046 3370 2322 3431 discretio,
2344 3368 2444 3422 nisi
2472 3368 2523 3420 in
2555 3381 2619 3417 eo
2645 3365 2788 3432 quod
2816 3374 2897 3417 est
2921 3377 3040 3417 esse
3064 3363 3305 3422 Patrem,
3331 3369 3386 3415 et
3411 3358 3634 3429 Filium,

2048 3472 2101 3515 et
2133 3458 2397 3528 Spiritum
2428 3463 2717 3519 sanctum;
2748 3469 2847 3507 uer
2866 3462 2943 3506 est
2972 3452 3024 3506 in
3047 3449 3318 3507 Trinitate
3345 3451 3487 3505 alius
3512 3450 3632 3504 fons

2048 3561 2103 3607 et
2146 3550 2468 3621 principium
2516 3547 2682 3601 totius
2733 3544 3051 3604 divinitatis.
3087 3544 3188 3597 nisi
3238 3544 3386 3597 solus
3431 3544 3632 3608 Pater;

2049 3642 2279 3714 etquod
2332 3641 2609 3696 naturales
2657 3645 2711 3691 et
2744 3636 3128 3691 substantiales
3176 3634 3521 3702 operationes
3567 3647 3633 3687 cx

2042 3739 2169 3806 ipso
2194 3735 2522 3805 prodeuntes
2548 3741 2674 3785 sunt
2696 3729 2885 3787 Filius,
2907 3738 2960 3781 et
2985 3728 3101 3795 ejus
3125 3726 3361 3792 Spiritus
3384 3735 3637 3789 sam-tus;

2052 3844 2153 3883 nec
2187 3827 2288 3881 alia
2319 3834 2402 3880 est
2429 3823 2699 3893 operatio.
2727 3831 2779 3874 et
2810 3833 3024 3884 manus,
3058 3827 3112 3870 et
3144 3818 3344 3885 digitus
3372 3817 3514 3884 ejus,
3542 3817 3636 3884 qui

2051 3928 2133 3975 est
2159 3933 2317 3995 supra
2344 3918 2544 3971 bonum
2568 3930 2664 3983 per
2680 3926 2835 3980 quem
2864 3910 3042 3963 omnia
3074 3908 3213 3962 Deus
3236 3915 3513 3989 operatur.
3530 3908 3634 3962 nisi

2052 4009 2167 4079 ejus
2213 3984 2403 4069 Filius,
2438 4004 2761 4076 principium
2803 3999 3086 4054 deilicandi
3132 4013 3251 4064 ttOs,
3299 3984 3353 4053 et
3401 3996 3635 4071 Spiritus

2052 4108 2310 4154 sanctus:
2346 4111 2519 4164 neque
2557 4107 2892 4162 qua-cunque
2926 4091 3243 4159 singulatim
3274 4090 3553 4145 naturales
3581 4100 3639 4143 et

2052 4189 2435 4245 substantiales
2460 4187 2712 4256 energim,
2738 4186 2848 4239 sive
2875 4184 3219 4254 operationrs
3240 4182 3331 4237 Dei
3363 4184 3635 4248 dicuntur,
3715 4176 3725 4185 ’

2053 4282 2173 4337 alia!
2203 4291 2329 4335 sunt
2357 4290 2547 4348 praeter
2581 4278 2797 4338 Filium.
2836 4285 2889 4331 et
2915 4284 3157 4329 sanetum
3191 4276 3308 4341 ejus
3339 4274 3636 4340 Spiritum;

2054 4389 2228 4441 neque.
2249 4385 2588 4441 qttterttuqtte
2616 4384 2725 4421 uno
2753 4368 2918 4420 verbo
2944 4365 3208 4417 naturalia
3235 4375 3288 4419 et
3315 4366 3642 4419 substantia-
3670 4362 3675 4363 ⁷

2056 4464 2127 4517 lia
2167 4464 2256 4518 Dei
2288 4463 2560 4525 dicuntur,
2588 4458 2696 4512 alia
2728 4468 2853 4514 sunt
2894 4467 3090 4527 praeter
3125 4458 3347 4522 Filium,
3376 4466 3432 4512 et
3466 4456 3642 4523 Spiri-

367 4553 662 4607 secundum
691 4560 937 4605 naturam
964 4554 1264 4622 individua,
1294 4565 1343 4607 et
1378 4571 1481 4608 una
1513 4556 1672 4624 hujus
1700 4555 1961 4628 operatio.
1999 4537 2038 4591 θ
2070 4566 2180 4607 tum
2213 4561 2504 4617 sanctum;
2537 4561 2710 4618 neQne
2740 4552 3077 4617 quaecunque
3115 4550 3167 4602 in
3200 4548 3466 4603 Trinitate
3500 4550 3641 4602 reci-

369 4644 531 4699 l’aler
558 4645 700 4698 enim
721 4658 815 4712 per
836 4644 1067 4699 Verbum
1092 4647 1144 4698 iu
1172 4646 1376 4715 Spiritu
1401 4659 1591 4715 sancto
1610 4650 1789 4702 munia
1813 4647 1960 4709 facit.

366 4744 423 4789 et
451 4738 529 4790 sic
550 4746 795 4790 servatur
824 4735 1004 4789 unitas
1028 4714 1347 4802 Trinitatis;
1384 4714 1436 4789 et
1461 4739 1541 4791 sic
1569 4755 1712 4792 unus
1740 4740 1881 4793 Deus
1908 4741 1957 4792 in

372 4826 612 4881 Ecclesia
655 4825 1008 4896 praedicatur.
1061 4827 1152 4894 qtti
1194 4838 1275 4881 est
1330 4845 1493 4898 super
1533 4830 1738 4892 omnia,
1775 4840 1829 4885 ct
1863 4847 1959 4901 per

368 4917 573 4977 omnia,
596 4926 650 4970 et
673 4918 725 4970 itt
748 4918 1031 4981 omnibus;
1057 4934 1221 4987 super
1240 4919 1420 4972 omnia
1442 4920 1682 4989 quidem,
1703 4934 1757 4974 ttt
1777 4922 1953 4985 Pater.

371 5015 433 5061 nt
461 5008 808 5077 principium,
830 5017 888 5061 ttt
915 5008 1057 5074 fons;
1080 5023 1174 5077 per
1198 5010 1378 5063 omnia
1407 5026 1536 5063 vero
1564 5025 1660 5078 per
1686 5010 1954 5078 Verbum;

371 5100 427 5152 in
462 5099 714 5154 omnibus
756 5110 934 5153 autem
973 5100 1025 5153 in
1066 5100 1271 5168 Spiritu
1306 5110 1516 5155 sancto.
1552 5102 1795 5158 Trinitas
1827 5121 1958 5160 vero

373 5197 452 5243 cst
496 5203 600 5241 non
632 5188 746 5243 solo
778 5190 1071 5253 nomine.et
1107 5191 1322 5245 fictione
1348 5190 1627 5256 Verbi,sed
1662 5194 1886 5247 veritate
1902 5205 1958 5250 et

373 5279 692 5335 exsistcntia
714 5278 774 5334 Tt
793 5281 974 5335 initas.
999 5281 1144 5337 Sicut
1174 5285 1317 5337 enim
1342 5284 1432 5352 qui
1461 5283 1822 5345 est,estPater
1842 5302 1857 5351 ;
1880 5288 1962 5341 sic

372 5373 463 5441 qtti
488 5378 590 5428 est.
613 5383 693 5425 est
716 5387 878 5441 super
896 5374 1076 5427 omnia
1103 5371 1261 5426 Deus.
1288 5376 1376 5441 qui
1405 5384 1486 5428 est
1522 5374 1679 5443 ltnjus
1694 5373 1962 5439 Verbum;

374 5472 433 5526 et
460 5461 697 5531 Spiritus
724 5471 945 5516 sanetus
971 5476 1077 5515 non
1105 5473 1188 5516 est
1218 5478 1321 5516 non
1351 5465 1644 5524 exsistcns,
1664 5463 1758 5516 sed
1785 5466 1965 5532 potius

376 5555 588 5609 exsistit
631 5562 684 5606 et
728 5553 980 5607 subsistit
1014 5569 1160 5608 vere.
1210 5552 1393 5623 Neque
1444 5554 1624 5609 minus
1668 5554 1752 5608 bis
1798 5557 1964 5611 sentit

378 5645 621 5700 Eaclesia
653 5644 945 5710 catholica,
979 5658 1046 5698 nc
1087 5646 1141 5699 in
1173 5661 1412 5700 errorem
1447 5663 1660 5714 eorum,
1693 5646 1783 5717 qui
1833 5662 1954 5702 cum

453 5820 499 5852 ⁸⁸
529 5821 717 5875 Matth.
761 5835 952 5883 xxvttt,
997 5817 1085 5875 l8.

2065 4656 2374 4716 precantur,
2403 4645 2550 4715 pium
2586 4652 2670 4698 est
2702 4645 2883 4698 dicere
2910 4644 3201 4712 quidquam
3234 4642 3285 4696 in
3322 4645 3402 4696 eis
3436 4658 3555 4696 esse
3585 4652 3640 4695 et

2060 4740 2167 4793 diei
2201 4739 2361 4793 unius
2391 4750 2656 4805 personm,
2682 4728 2825 4803 quod
2852 4750 2957 4787 non
2985 4734 3054 4787 sit
3078 4740 3133 4787 et
3158 4734 3371 4786 dicatur
3398 4734 3636 4785 essentia

2059 4830 2315 4883 alterius:
2349 4841 2523 4895 neque
2545 4840 2665 4894 quae
2697 4833 2824 4879 sunt
2853 4837 3098 4895 persona:
3124 4822 3352 4887 deiﬁcte,
3375 4832 3427 4873 et
3456 4836 3640 4875 essen-

2057 4922 2131 4975 tia
2178 4918 2489 4984 Trinitatis,
2527 4917 2674 4988 pium
2728 4924 2813 4970 est
2854 4914 3036 4968 dicere
3089 4914 3319 4967 alterum
3365 4918 3471 4966 non
3514 4928 3639 4977 esse

2055 5012 2351 5068 essentiam
2383 5009 2652 5074 alterius;
2684 5021 2850 5076 supra
2890 5019 3106 5059 omnem
3150 5019 3281 5057 vero
3317 5012 3550 5057 utentem
3583 5011 3638 5056 ct

2056 5104 2323 5156 rationem
2367 5101 2420 5154 itt
2462 5100 2637 5153 tribus
2679 5096 2948 5167 personis,
2976 5097 3091 5149 sive
3120 5094 3384 5164 subjectis
3416 5108 3521 5147 ttna
3553 5103 3638 5147 est

2057 5204 2112 5249 et
2160 5204 2290 5257 tota,
2336 5200 2391 5245 et
2417 5194 2534 5247 sola
2589 5191 2742 5244 trinae
2788 5203 2951 5258 supra
3003 5195 3274 5252 naturam,
3309 5195 3362 5239 et
3414 5184 3639 5239 inﬁnita“:

2063 5285 2287 5338 unitatis
2311 5281 2545 5336 essentia
2571 5292 2902 5348 supraquam
2936 5278 3140 5333 divina.
3171 5276 3418 5332 Perfecta
3451 5275 3636 5341 itaque

2064 5386 2188 5431 sunt
2213 5391 2333 5436 qua:
2359 5374 2414 5427 iu
2444 5373 2546 5426 bac
2592 5371 2793 5425 decade
2835 5378 3088 5425 contexta
3131 5380 3256 5425 sunt
3285 5379 3339 5421 et
3366 5366 3634 5435 exposita,

2048 5462 2134 5519 ita
2167 5475 2222 5519 ut
2255 5465 2387 5519 nihil
2418 5464 2578 5518 desit.
2608 5462 2700 5520 Est
2733 5472 2912 5518 autem
2943 5462 3205 5531 inscripta
3240 5461 3421 5523 decas,
3453 5455 3527 5509 De
3549 5457 3637 5507 in-

2059 5550 2263 5623 ﬁnitate
2288 5558 2341 5608 in
2367 5553 2495 5615 Deo,
2525 5553 2648 5620 quia
2682 5552 2860 5606 omnis
2890 5551 3131 5605 inlinitas
3161 5551 3215 5603 in
3247 5549 3353 5601 Deo
3381 5554 3465 5599 est
3501 5533 3629 5597 Tri-

2056 5649 2222 5713 nitas,
2247 5659 2367 5715 quae
2400 5658 2561 5714 supra
2594 5652 2870 5707 naturam,
2900 5650 2955 5696 ct
2991 5653 3318 5710 supraquam
3357 5635 3633 5705 incognita
