4082 6446
475 341 584 404 95‘)

1615 345 1947 408 IOXNNIS
1983 347 2554 410 CYPARISSIOT/E

3623 349 3737 413 960

470 468 594 524 est;
620 469 674 514 et
703 459 818 529 ipsa
843 459 957 515 sola
980 467 1062 514 est
1090 459 1136 514 is
1159 458 1436 530 quisupcr
1455 460 2056 532 omnia,etperomuia.
2089 469 2135 525 Α
2163 465 2458 534 quidquam
2485 479 2592 520 non
2645 464 2972 522 subsistens:
3013 478 3116 520 nec
3159 473 3247 522 est
3287 465 3340 520 in
3380 480 3449 521 eo
3486 465 3608 537 plus
3649 479 3743 524 aut

469 558 527 602 et
549 549 602 603 in
625 540 875 604 omnibus
897 549 1053 604 laude
1068 558 1121 602 et
1139 550 1305 621 gloria
1323 549 1630 606 Celebratur
1648 565 1787 606 unus
1807 561 1861 606 et
1883 552 2054 607 trinus

472 641 656 696 Deus:
697 649 750 695 et
799 656 923 696 esse
973 644 1094 711 ejus
1141 653 1224 698 est
1272 645 1602 707 substantia,
1641 656 1697 700 et
1745 645 2051 700 substantia

472 732 747 801 omnium;
786 741 843 789 et
881 748 988 790 non
1037 743 1118 790 est
1156 734 1208 789 in
1265 734 1385 806 ipso
1435 735 1540 791 ulla
1588 737 1845 808 privatio,
1881 752 2059 808 neque

2163 556 2342 610 minus
2380 557 2482 611 nisi
2518 571 2640 627 qua:
2677 556 2748 612 ab
2789 559 2905 626 ipso
2954 567 3108 613 extra
3147 574 3207 614 se
3243 560 3416 626 ipsum
3467 559 3744 615 voluntate

2166 654 2389 714 propter
2458 645 2867 717 exuperantiam
2945 645 3206 702 bonitatis
3289 661 3403 706 sum
3477 648 3743 718 producta

2165 746 2315 792 sunt.

642 970 663 998 ’
1144 981 1398 1044 DECAS
1448 983 1761 1047 DECIMA.
1802 1019 1880 1033 -ο
1909 987 2027 1047 DE
2070 985 2370 1051 DIVINA
2415 984 3057 1048 SIMPLICITATE.

1109 1106 1341 1164 CAPUT
1383 1109 1422 1164 Ι.
1500 1136 1506 1140 ·

475 1252 630 1319 Quod
658 1267 765 1304 non
809 1257 1010 1316 oportet
1041 1265 1278 1321 quivere
1306 1257 1360 1302 in
1413 1248 1706 1314 Trinitate,
1735 1265 1856 1320 qua:
1891 1268 2056 1321 supra

544 1323 894 1375 substantiam
941 1329 1043 1381 est,
1069 1319 1279 1391 habitus
1330 1329 1377 1372 et
1431 1321 1845 1389 dispositiones,
1895 1319 2059 1391 neque

547 1402 670 1445 sunt
697 1393 901 1510 [aliqua
955 1391 1099 1443 circa
1143 1390 1319 1459 ipsam
1387 1407 1504 1460 qua:
1544 1391 1895 1445 substantiam
1941 1390 2056 1464 ejus

545 1478 691 1515 conm
715 1470 858 1515 eant.
1348 1492 1353 1499 -

660 1478 858 1530 pteant.
1348 1492 1353 1499 -

551 1575 787 1633 Sanctus
818 1575 1108 1641 Maximus,
1140 1575 1192 1630 in
1216 1578 1463 1632 centuria
1497 1589 1716 1648 quarta,
1751 1581 1934 1647 capite
1964 1595 2060 1636 oc-

476 1679 647 1719 tavo:
684 1665 780 1730 Nc,
811 1667 1008 1734 inquit,
1044 1682 1255 1736 quaeras
1302 1667 1520 1724 habitus
1549 1680 1604 1723 et
1646 1670 1958 1726 habilitates
2005 1671 2056 1724 iu

475 1755 708 1826 simplici
738 1767 793 1811 et
830 1756 1038 1811 inﬁnita
1073 1757 1376 1813 substantia
1409 1771 1612 1814 sanctze
1641 1760 1948 1822 Trinitatis,
1984 1774 2055 1814 ne

479 1863 603 1902 eam
635 1846 804 1903 facias
831 1850 1214 1918 compositam,
1242 1853 1384 1904 sicut
1415 1861 1695 1906 creaturas
1726 1869 1741 1917 ;
1772 1853 1916 1922 quod
1945 1854 2066 1920 qui-

2159 1114 2251 1167 sed
2281 1113 2464 1182 potius
2491 1111 2696 1180 aliquid
2729 1112 2877 1166 circa
2914 1113 3115 1181 ipsum,
3161 1122 3423 1168 accusent
3445 1117 3740 1187 synodum,

2159 1221 2280 1273 qua:
2327 1204 2572 1274 scripsit,
2627 1218 2691 1258 ex
2748 1204 3054 1258 substantia
3111 1205 3294 1259 Patris
3345 1221 3465 1260 esse
3517 1206 3737 1267 Filium.

2157 1295 2537 1357 Considerent,
2563 1295 2704 1362 quod
2733 1295 2838 1347 duo
2871 1295 3210 1362 blaspheme,
3239 1307 3293 1350 et
3322 1296 3374 1352 in
3413 1298 3578 1352 Deum
3611 1316 3743 1354 con-

2161 1387 2443 1442 tumeliose
2470 1385 2774 1452 proferunt,
2801 1403 2922 1440 cum
2953 1387 3029 1440 sic
3052 1388 3328 1456 cogitant:
3357 1389 3522 1445 Deum
3548 1409 3739 1462 quem-

2164 1482 2286 1536 dam
2322 1495 2647 1550 corporeum
2683 1479 3057 1543 introducunt,
3091 1491 3146 1535 et
3185 1482 3470 1536 Dominum
3527 1502 3628 1538 non
3670 1503 3736 1540 ex

2163 1574 2283 1642 ipso
2315 1571 2500 1632 Patre,
2548 1573 2639 1625 sed
2673 1588 2738 1626 ex
2774 1573 2840 1626 iis
2871 1586 2991 1639 qua:
3020 1583 3143 1625 sunt
3178 1573 3322 1626 circa
3353 1575 3548 1642 ipsum,
3583 1593 3734 1632 men-

2164 1666 2374 1720 tiuutur
2429 1680 2572 1718 esse.
2605 1663 2699 1719 Siti
2743 1672 2929 1718 autem
2985 1664 3212 1732 simplex
3275 1667 3545 1734 quidpiam
3592 1667 3734 1723 Deus

2167 1767 2273 1816 est,
2309 1764 2369 1809 tit
2399 1755 2612 1824 quidem
2647 1763 2755 1818 est,
2787 1753 3134 1813 manifestum
3188 1755 3244 1808 lit
3274 1757 3408 1825 quod
3438 1773 3556 1809 cum
3589 1759 3728 1810 dici-

2167 1863 2288 1901 mus
2331 1847 2519 1911 Deum,
2565 1854 2618 1901 et
2653 1848 3001 1901 nominamus
3036 1846 3264 1910 Patrem,
3297 1848 3424 1900 nihil
3466 1859 3714 1914 tauquam

478 1939 600 1993 dem
634 1941 685 1995 in
717 1939 826 1995 Deo
867 1941 1107 2012 cogitare
1157 1941 1454 1996 absurdum
1515 1953 1570 1998 el
1637 1919 1901 1999 nefarium
1957 1919 2062 2002 est.
2096 1919 2138 1974 Β
2167 1940 2314 1993 circa
2357 1941 2555 2006 ipsum,
2587 1938 2682 1992 sed
2743 1939 2911 2002 ipsam
2971 1939 3088 2007 ejus
3141 1938 3489 1994 substantiam
3523 1941 3730 2006 signiti-

479 2028 706 2084 Divinus
762 2031 1172 2087 Damascenus:
1225 2029 1510 2098 Voluntas,
1559 2043 1615 2086 et
1668 2035 1960 2104 sapientia.
2011 2045 2069 2091 et

477 2123 654 2178 virtus
681 2123 860 2177 Patris
882 2133 964 2179 est
994 2123 1159 2178 Filius
1187 2139 1205 2188 ;
1245 2139 1350 2179 non
1381 2127 1525 2179 enim
1551 2136 1764 2194 oportet
1791 2128 1970 2182 dicere
2012 2129 2064 2183 in

481 2213 594 2270 Deo
624 2215 969 2286 qualitatem,
1009 2231 1080 2270 ne
1125 2217 1371 2272 dicamus
1402 2233 1528 2271 eum
1571 2232 1636 2272 ex
1675 2219 1976 2273 substantia
2010 2230 2066 2275 ct

440 2309 742 2378 _qualitate
767 2309 1127 2376 compositum
1170 2324 1314 2363 esse.
1345 2308 1572 2378 Magnus
1616 2313 1955 2367 Athanasius
2006 2314 2059 2367 iu

478 2399 816 2468 apologetico
897 2415 992 2467 pro
1067 2400 1273 2470 synodo
1321 2399 1583 2468 Nicaaua,
1648 2403 1801 2471 cujus
1865 2407 2070 2474 princic

476 2493 624 2561 pium
661 2502 764 2557 est,
788 2491 926 2547 Bene
976 2493 1170 2562 fecisti,
1203 2502 1261 2547 ut
1315 2495 1622 2552 declarares
1662 2499 1813 2552 mihi.
1847 2500 1902 2554 Si
1953 2501 2072 2568 quis

480 2582 664 2651 igitur,
722 2584 918 2652 inquit,
975 2585 1253 2638 existimat
1295 2580 1464 2639 Deum
1516 2602 1638 2640 esse
1684 2590 2068 2658 compositum,

481 2682 536 2723 ut
568 2673 708 2738 quod
735 2689 799 2726 ex
834 2673 1138 2727 substantia
1161 2683 1218 2728 et
1246 2675 1530 2730 accidente
1558 2680 1920 2747 compositum
1947 2693 2031 2735 est
2054 2697 2070 2746 ;

481 2773 579 2818 aut
621 2765 820 2820 habere
865 2765 1208 2820 extrinsecus
1260 2766 1478 2835 aliquod
1531 2771 1957 2840 operimentum,
2012 2783 2067 2828 et

485 2861 635 2924 tegt;
675 2862 769 2907 aut
807 2870 928 2909 esse
959 2854 1202 2924 quaedam
1241 2856 1385 2912 circa
1422 2858 1624 2928 ipsum,
1658 2876 1779 2930 qua:
1811 2865 2068 2920 substan—

480 2947 613 3000 tiam
644 2944 762 3014 ejus
785 2944 1091 3014 compleant
1117 2987 1132 3011 ,
1157 2945 1227 2998 ita
1255 2955 1454 3001 utcum
1484 2962 1582 3004 nos
1609 2951 1840 3006 dicimus
1865 2951 2062 3020 Deum,

481 3037 568 3094 rei
601 3037 950 3094 nominamus
985 3041 1230 3108 Patrem,
1261 3058 1366 3097 non
1395 3043 1567 3112 ipsam
1597 3043 2063 3114 inaspectabilem,

482 3138 538 3192 et
572 3129 1078 3200 iucomprehensam
1111 3134 1472 3198 substantiam
1517 3135 1636 3205 ejus
1668 3136 2062 3207 signiﬁcemus,

2170 2049 2356 2085 ramus
2425 2030 2524 2102 (l).
2579 2029 2646 2084 Et
2699 2047 2886 2084 rursus
2933 2032 3073 2084 idem
3149 2033 3200 2084 itt
3245 2031 3486 2086 oratione
3519 2071 3534 2092 ,
3581 2029 3744 2100 cujus

2167 2122 2490 2192 principium
2527 2133 2633 2182 est,
2670 2121 2927 2176 Omnibus
2957 2107 3102 2178 nobis
3137 2125 3227 2195 qui
3256 2126 3312 2177 in
3359 2141 3520 2177 unum
3551 2141 3742 2178 conve.

2167 2215 2347 2277 nistis,
2404 2215 2470 2265 de
2499 2228 2563 2266 eo
2595 2212 2740 2280 quod
2778 2212 2970 2268 Patres
2997 2215 3188 2286 synodi
3218 2214 3444 2269 Nicaeum
3478 2226 3623 2270 recte
3663 2216 3744 2268 u~i

2165 2314 2290 2358 sunt
2323 2307 2486 2358 verbo
2515 2306 2813 2358 liontonsii:
2844 2306 2980 2372 Quia
3008 2307 3194 2376 igitur,
3233 2308 3424 2377 inquit,
3461 2309 3742 2363 excusatio

2173 2399 2239 2452 de
2263 2398 2327 2450 iis
2357 2398 2445 2464 qui
2479 2398 2948 2461 scandalizamur,
2975 2400 3346 2468 improbabilis
3371 2400 3739 2455 demonstrata

2173 2501 2280 2556 est,
2312 2493 2476 2544 dicite
2509 2492 2764 2561 deinceps
2810 2508 2927 2556 vos,
2956 2495 3227 2560 quomodo
3252 2511 3357 2548 non
3388 2494 3559 2562 placet
3588 2493 3742 2547 vobis

2145 2598 2374 2637 'nomeu
2401 2583 2766 2639 substantias?
2811 2586 2912 2639 hoc
2945 2587 3090 2638 enim
3129 2601 3348 2640 necesse
3391 2596 3474 2640 est
3515 2586 3747 2653 primum

2177 2689 2434 2731 excutere
2463 2697 2476 2733 :
2513 2677 2662 2746 atqui
2695 2687 2750 2732 et
2784 2693 2879 2733 vos
2901 2678 3196 2748 scripsistis
3229 2693 3292 2732 ex
3315 2676 3477 2730 Patre
3503 2679 3747 2746 genitum

2174 2782 2292 2823 esse
2325 2767 2544 2824 Filium.
2586 2766 2642 2822 Si
2677 2769 2844 2838 igitur
2869 2784 2990 2822 cum
3021 2769 3232 2822 Patrem
3259 2768 3607 2837 :nominatis,
3667 2768 3748 2823 vel

2177 2859 2271 2917 Dei
2328 2877 2524 2916 nomen
2575 2862 2776 2925 dicitis,
2839 2875 2944 2916 non
2995 2862 3350 2916 substantiam
3410 2863 3750 2932 signiﬁcatis,

2175 2969 2272 3009 nec
2300 2970 2421 3007 emn
2457 2953 2778 3023 intelligitis,
2813 2955 2904 3025 qui
2950 2962 3034 3009 est
3057 2953 3108 3008 id
3131 2954 3270 3024 quod
3297 2956 3597 3010 secundum
3624 2957 3754 3010 sub-

2173 3048 2434 3102 stantiam
2467 3056 2596 3111 est;
2651 3047 2745 3102 sed
2787 3046 2934 3102 aliud
2973 3046 3104 3118 quid
3144 3047 3291 3101 circa
3325 3047 3497 3116 ipsum
3533 3045 3635 3118 (2),
3668 3047 3751 3101 vel

2171 3141 2374 3211 aliquid
2413 3141 2652 3195 deterius
2685 3139 2764 3210 (5)
2799 3139 2910 3210 (ne
2939 3154 2971 3194 a
3001 3154 3086 3195 me
3112 3139 3502 3224 expromatur)
3535 3139 3620 3195 his
3651 3154 3754 3194 no-

1991 3257 2264 3323 Scholia.

560 3391 637 3452 (li
673 3387 807 3444 Cum
856 3387 1079 3442 dirimus
1131 3388 1291 3443 Deum
1322 3397 1371 3444 et
1427 3391 1762 3447 nominamus
1826 3389 2064 3456 Patrem,
2101 3399 2144 3458 c
2182 3397 2268 3448 tiae
2301 3403 2505 3448 nostra:
2541 3408 2603 3447 ex
2646 3391 2917 3448 creaturis
2963 3399 3225 3455 sumptas;
3260 3389 3382 3456 quia
3417 3393 3516 3444 hoc
3558 3403 3751 3444 nomen

489 3461 644 3518 Nihil
702 3471 971 3532 tanquam,
1014 3461 1157 3513 circa
1188 3463 1380 3532 ipsum,
1429 3462 1520 3515 sed
1574 3463 1744 3528 ipsam
1789 3463 1904 3532 ejus
1948 3464 2072 3517 sul»

489 3533 748 3588 stantiam
801 3531 1186 3599 signiﬁcamus.
1257 3530 1370 3585 NOII
1441 3533 1771 3586 contradicit
1813 3530 2068 3589 Joannes

493 3605 881 3666 Damasi-enus,
909 3616 1034 3654 cum
1083 3601 1156 3653 ait
1188 3601 1324 3654 libro
1376 3601 1551 3669 primo
1585 3601 1902 3672 Theoiogim,
1945 3619 2067 3672 cap.

488 3677 565 3730 9:
614 3672 840 3732 Bonum,
887 3681 942 3723 et
981 3671 1206 3738 iustum,
1240 3680 1294 3722 et
1340 3681 1613 3738 sanctum,
1652 3682 1708 3726 et
1740 3671 1840 3728 alia
1879 3671 2068 3738 hujus-

490 3745 634 3798 modi
666 3752 1078 3801 consequuntur
1105 3750 1378 3812 naturam,
1406 3757 1512 3794 non
1537 3753 1715 3812 autem
1747 3743 1916 3812 ipsam
1942 3745 2070 3797 sub-

487 3814 744 3870 stantiam
779 3812 1074 3867 declarant.
1105 3811 1168 3864 Et
1211 3811 1391 3879 capite
1424 3813 1526 3866 l0:
1576 3811 1774 3872 Pater,
1809 3813 1976 3867 Filius
2018 3823 2072 3867 et

493 3885 735 3950 Spiritus
789 3892 1017 3938 sanctus
1051 3897 1158 3935 non
1212 3881 1496 3936 declarant
1550 3882 1937 3947 substantiam,
1976 3886 2070 3937 sed

493 3955 841 4008 relationem.
891 3953 953 4006 Et
1002 3952 1160 4019 paulo
1215 3963 1378 4019 post:
1434 3951 1507 4004 Ex
1573 3953 1654 4006 his
1705 3953 1769 4006 ad
1830 3955 2067 4006 divinam

491 4024 856 4078 substantiam
914 4024 1264 4086 manudncti,
1319 4037 1426 4076 non
1484 4023 1655 4090 ipsam
1705 4025 2064 4077 substantiam

492 4091 1029 4161 comprehendimus,
1067 4092 1160 4144 sed
1199 4107 1318 4161 quae
1344 4095 1490 4147 circa
1521 4094 1925 4156 substantiam;
1967 4095 2068 4147 hoc

421 4164 424 4167 ’
491 4164 641 4218 enim
694 4161 844 4234 dixit
884 4161 1288 4234 υςιιιιειεοσιιιιιιι,
1319 4163 1558 4234 scilicet
1607 4164 2072 4234 nonsigniﬁcare

494 4234 715 4287 nomina
757 4231 846 4284 Dei
888 4231 1248 4294 substantiam
1284 4233 1422 4298 eius,
1466 4234 1591 4301 quia
1637 4231 1838 4286 nullum
1869 4247 2065 4285 nomen

495 4303 755 4366 exprimit
786 4302 916 4370 quid
951 4313 1035 4355 est
1067 4302 1209 4355 D.-us
1240 4301 1475 4371 perfecte
1504 4321 1517 4366 ;
1560 4301 1655 4356 sed
1688 4319 1809 4356 eum
1860 4303 2071 4371 signiti-

495 4383 626 4428 cant
656 4372 992 4438 imperfecte,
1043 4373 1183 4425 sicut
1213 4385 1483 4427 creaturae
1515 4372 1833 4437 imperfecte
1867 4386 2072 4441 reprar-

496 4451 717 4498 sentam
747 4460 759 4504 ;
795 4443 874 4496 sic
919 4443 1061 4495 enim
1113 4443 1507 4497 Damascenutn
1565 4443 1957 4508 interpretatus
1988 4450 2072 4495 est

496 4522 723 4567 sanctus
764 4510 959 4566 Thom.
1004 4527 1058 4581 p.
1095 4529 1133 4577 ι,
1166 4529 1220 4581 q.
1249 4513 1336 4573 l3,
1373 4521 1478 4565 art.
1510 4511 1565 4573 2,
1603 4512 1654 4564 iu
1699 4525 1845 4579 resp.
1878 4515 1966 4566 ad.
1999 4528 2015 4565 ι
2049 4529 2065 4567 :

497 4582 763 4637 Praeterea
798 4583 1191 4637 consuetudine
1220 4581 1595 4644 intelligentia
1626 4592 1823 4637 nostra:
1855 4583 2070 4637 locutus

498 4663 582 4709 est
617 4653 704 4706 hic
731 4653 1139 4707 Damascenus:
1174 4655 1303 4720 qula
1334 4654 1479 4706 enim
1524 4651 1778 4721 imposita
1811 4663 1939 4706 sunt
1971 4668 2072 4706 no-

2177 3465 2357 3519 Patris
2387 3465 2688 3519 secundmn
2718 3465 2937 3517 modum
2967 3460 3306 3531 signiﬁcandi
3333 3470 3386 3514 et
3418 3461 3751 3530 intelligendi

2179 3535 2334 3589 nobis
2366 3535 2623 3589 usitatum
2666 3548 2772 3586 non
2821 3547 3132 3602 personam,
3167 3531 3260 3583 sed
3318 3531 3632 3602 relationem
3680 3531 3753 3602 si-

2178 3604 2420 3673 gniﬁcat,
2453 3618 2573 3671 qua:
2614 3619 2709 3670 per
2733 3619 2790 3658 se
2826 3601 2946 3656 non
2983 3601 3251 3664 subsistit,
3285 3601 3595 3673 ut_qu_i_dem
3625 3601 3746 3651 sub-

2181 3670 2323 3729 sistit
2361 3675 2412 3728 in
2448 3670 2683 3734 divinis;
2719 3681 2774 3728 et
2817 3673 2936 3724 ideo
2965 3687 3070 3723 non
3109 3681 3283 3736 potest
3321 3670 3627 3737 signiﬁcare
3659 3682 3748 3721 re-

2177 3746 2455 3806 lationem,
2487 3744 2615 3812 quin
2644 3742 3298 3814 signiﬁcetsubstantiam
3316 3755 3596 3814 personae,
3622 3740 3744 3807 quia

2180 3816 2297 3876 ipsa
2331 3815 2524 3869 relatio
2559 3829 2655 3882 per
2695 3811 2755 3867 se
2785 3813 3073 3867 subsistit:
3111 3811 3204 3864 sed
3239 3811 3380 3882 quia
3404 3812 3505 3864 hoc
3531 3819 3746 3878 superat

2179 3881 2592 3950 ἱιιιοΙΙὶεριιιίςιιιι
2649 3895 2918 3947 nostram,
2949 3883 3153 3934 ideirco
3188 3881 3482 3933 seetwdum
3517 3896 3742 3935 consue-

2181 3957 2423 4010 tudinem
2458 3954 2816 4017 iutelligendi.
2853 3964 2902 4005 et
2932 3951 3229 4005 secundum
3259 3960 3504 4004 nostrum
3537 3950 3746 4003 modum

2180 4024 2528 4094 signiﬁcandi
2575 4025 2711 4077 dixit
2749 4025 3117 4077 Damascenus
3166 4035 3276 4094 non
3299 4021 3606 4094 signiﬁcare
3651 4034 3747 4094 no-

2181 4089 2304 4150 men
2343 4095 2524 4148 Patris
2565 4096 2926 4147 substantiam
2971 4105 3214 4160 persona:
3248 4091 3442 4151 Patris,
3493 4090 3584 4144 sed
3616 4089 3752 4160 rela-

2180 4167 2401 4227 tionem,
2453 4164 2779 4228 Gregorium
2815 4159 3218 4215 Nazianzenum
3247 4171 3489 4223 secutus,
3528 4161 3613 4226 qui
3648 4159 3750 4211 hoc

2178 4237 2341 4288 etiam
2371 4236 2500 4288 dixit
2533 4235 2584 4287 in
2611 4234 2859 4285 oratione
2897 4234 3068 4297 prima
3100 4231 3164 4283 dc
3198 4230 3336 4284 Filio
3358 4269 3369 4291 ,
3401 4230 3522 4284 licet
3555 4229 3749 4283 ibidem

2177 4306 2442 4358 concedat
2473 4305 2543 4363 ei,
2571 4311 2759 4358 contra
2787 4318 2945 4370 quem
2974 4302 3230 4368 disputat,
3265 4301 3568 4366 signiﬁcare
3591 4297 3750 4352 etiam

2181 4375 2563 4429 substantiam.
2620 4374 2674 4426 Si
2751 4373 2894 4424 enim
2947 4370 3318 4424 existimasset
3367 4371 3754 4432 Damascenus,

2180 4446 2304 4498 ideo
2338 4463 2442 4497 non
2495 4444 2804 4508 signiﬁcare
2835 4442 3196 4494 substantiam
3231 4441 3283 4492 iu
3323 4439 3540 4499 divinis,
3578 4437 3745 4506 quasi

2179 4515 2370 4568 relatio
2397 4530 2502 4568 non
2549 4529 2649 4575 per
2693 4527 2752 4566 se
2795 4513 3108 4570 exsisteret,
3157 4526 3312 4563 error
3356 4511 3510 4578 plane
3544 4508 3754 4572 fuisset,

2182 4595 2239 4636 ut
2278 4595 2500 4639 sanctus
2525 4582 2784 4646 Thomas,
2818 4597 2831 4634 l
2864 4596 2921 4650 p.
2947 4597 3003 4650 (ι.
3035 4583 3125 4644 55,
3157 4590 3261 4634 art.
3289 4581 3344 4643 2,
3381 4580 3430 4631 iu
3461 4593 3604 4646 resp.
3629 4580 3706 4650 ad
3738 4596 3751 4632 ι

2180 4655 2428 4708 notavit:
2491 4647 3032 4712 Datuascettusenim
3081 4662 3298 4703 notasse
3343 4649 3573 4711 videtur,
3628 4647 3756 4702 licet

498 4725 645 4780 mina
677 4727 743 4775 ad
774 4723 1169 4793 signiﬁcandas
1197 4719 1310 4778 res.
1337 4719 1687 4794 otiatenttsiu
1722 4735 1962 4794 nostram
1995 4724 2077 4777 in-
2104 4734 2156 4794 ι)
2186 4741 2289 4794 non
2330 4723 2672 4794 nominatim,
2705 4735 2802 4794 pro
2829 4736 2892 4794 ea
2923 4736 3027 4789 qua
3055 4719 3156 4794 fuit
3181 4721 3467 4794 modestia,
3497 4734 3616 4794 cum
3639 4719 3752 4794 ait:

497 4794 853 4859 telligentiatn
891 4794 1130 4856 cadunt;
1181 4803 1616 4860 superstantem
1661 4793 2074 4862 intelligentiam

499 4874 766 4927 nostram,
807 4871 867 4916 ttt
900 4877 1020 4930 quae
1064 4862 1279 4930 propria
1330 4872 1459 4917 sunt
1495 4862 1726 4928 alicujus
1757 4874 1985 4926 naturae,
2013 4879 2076 4915 ea

498 4934 874 5001 intelligamus
904 4945 1028 5001 esse
1075 4932 1245 4997 ipsam
1276 4943 1525 4986 naturam
1560 4948 1654 4999 per
1680 4946 1740 4986 se
1777 4934 2081 4987 subsisten-

500 5014 652 5066 tem;
692 4999 847 5070 vquod
897 5002 952 5055 in
1005 4999 1113 5056 Deo
1151 5011 1360 5056 tantum
1392 5004 1617 5065 evenit;
1660 5003 1862 5056 idcirco
1911 5006 1978 5058 de
2014 5005 2078 5057 iis

499 5087 620 5140 qua:
656 5072 869 5138 propria
904 5079 1032 5125 sunt
1080 5073 1401 5126 substantiae
1452 5074 1670 5131 divime.
1706 5082 1960 5140 tauquam
2010 5073 2078 5125 de

501 5142 742 5209 propriis
777 5151 982 5193 naturae
1024 5151 1242 5206 creatae,
1281 5157 1403 5211 quas
1439 5156 1548 5196 non
1600 5143 1928 5202 substantia,
1983 5143 2077 5196 sed

500 5211 650 5268 circa
702 5211 1066 5265 substantiam
1109 5222 1261 5276 sunt,
1313 5223 1367 5264 et
1402 5213 1548 5265 illam
1588 5223 1995 5280 consequuntur
2029 5222 2084 5264 et

498 5280 776 5347 corripiant
807 5281 1096 5351 loquimur,
1117 5282 1218 5348 sic,
1248 5285 1491 5351 inquam,
1524 5282 1763 5351 loquitur
1795 5282 2082 5337 Datuasee-

503 5367 608 5405 tius
637 5353 703 5404 de
745 5350 1168 5422 perfectionibus
1216 5350 1412 5405 divina:
1451 5350 1790 5418 substantiae,
1841 5363 1902 5406 ut
1933 5353 2077 5422 loqui

502 5423 740 5476 solemus
787 5421 854 5474 de
901 5421 1136 5488 propriis
1182 5423 1572 5483 accidentibus,
1607 5438 1726 5492 qua:
1773 5424 1919 5477 circa
1953 5421 2081 5476 Silii-

501 5492 763 5545 stantiatn
789 5493 1243 5562 contemplamur,
1285 5509 1405 5561 quae
1437 5506 1691 5547 naturam
1736 5509 2079 5562 consequun-

500 5569 591 5633 tur
621 5577 636 5622 ;
662 5561 914 5614 similiter
953 5575 1146 5617 nomen
1199 5562 1397 5626 Patris,
1427 5565 1574 5633 quod
1628 5564 1778 5631 prius
1823 5561 2078 5618 conticuit

501 5627 636 5694 Deo,
665 5648 821 5696 quam
847 5642 1133 5698 creaturae,
1168 5645 1222 5688 et
1253 5627 1460 5688 nonten'
1480 5627 1706 5698 Filii,'et
1729 5649 1924 5688 nomen
1953 5633 2078 5700 Spi-

503 5701 639 5751 ritus
673 5704 866 5763 sancti,
910 5703 1249 5765 relationem,
1289 5715 1341 5757 et
1376 5720 1481 5757 non
1531 5706 1892 5756 substantiam
1948 5705 2083 5756 dicit

499 5771 836 5840 signiﬁcare;
861 5775 959 5839 hoc
993 5776 1153 5830 etiam
1189 5776 1321 5838 dicit
1347 5775 1743 5831 consuetudine
1773 5774 2082 5844 intelligen-

2185 4793 2254 4850 Ut
2276 4794 2495 4862 quidam
2527 4793 2659 4846 falso
2690 4791 2893 4862 opinati
2934 4801 3077 4845 sunt.
3112 4791 3248 4862 item
3292 4791 3610 4862 Anastasius
3640 4791 3756 4862 An-

2183 4859 2467 4918 tioclienus
2526 4865 2576 4915 in
2612 4861 2861 4915 oratione
2891 4862 3062 4930 prim}
3093 4860 3160 4914 de
3222 4859 3387 4930 rectis
3417 4861 3756 4930 dogmatibus

2185 4934 2433 4988 veritatis
2462 4952 2474 4988 :
2500 4931 2748 4994 Nemina,
2777 4927 2974 5000 inquit,
3009 4928 3318 4988 Trinitatis.
3352 4927 3528 4990 Pater,
3566 4927 3757 5000 Filius,

2181 5016 2235 5059 et
2267 5003 2502 5071 Spiritus
2543 5012 2766 5058 sanctus
2803 4999 2910 5060 nun
2959 5001 3267 5071 signiﬁcant
3320 5013 3474 5071 esse._
3501 4999 3593 5050 sed
3624 5012 3754 5066 quo-

2186 5068 2345 5128 modo
2376 5089 2519 5135 esse;
2555 5089 2654 5126 nec
2683 5071 2826 5124 enim
2857 5072 2946 5140 qui
2979 5068 3193 5140 Patrem
3219 5071 3371 5132 dixit,
3397 5069 3755 5122 substantiam

2184 5144 2537 5212 signiﬁcavit,
2577 5145 2672 5195 sed
2713 5139 2938 5194 onmiuo
2971 5139 3372 5212 habitudinem.

2254 5215 2332 5286 (2)
2369 5212 2469 5286 Sed
2503 5214 2653 5266 aliud
2676 5211 2802 5286 quid
2840 5216 2985 5264 circa
3019 5213 3210 5286 ipsum.
3250 5207 3471 5286 Scilicet
3502 5207 3751 5286 accidens

2189 5280 2556 5346 individuum,
2607 5284 2750 5352 quod
2785 5284 3140 5349 consequitur
3171 5281 3454 5352 materiam
3487 5280 3751 5340 ultimam,

2187 5355 2338 5421 Quod
2365 5358 2510 5407 enim
2544 5351 2691 5407 circa
2725 5353 3085 5406 substantiam
3137 5361 3242 5414 est,
3272 5351 3521 5421 accidens
3565 5364 3658 5417 per
3693 5363 3754 5402 se

2187 5420 2291 5488 est,
2329 5425 2383 5476 et
2412 5424 2800 5488 substantiale,
2834 5424 2977 5490 quod
3002 5431 3170 5474 totam
3203 5420 3436 5487 speciem
3469 5421 3756 5487 consequi-

2189 5506 2295 5558 tur,
2328 5496 2472 5560 quod
2513 5510 2576 5546 ex
2615 5494 2894 5562 principiis
2927 5492 3150 5557 subjecti
3193 5490 3462 5563 edicitur;
3504 5490 3645 5557 quod
3700 5491 3753 5540 in

2188 5563 2301 5619 Deo
2327 5581 2448 5618 esse
2494 5561 2625 5617 non,
2651 5573 2847 5628 potest,
2902 5565 2953 5615 in
2989 5579 3096 5629 quo
3133 5561 3262 5614 nihil
3307 5561 3622 5615 estfactum
3653 5579 3667 5624 ;
3701 5573 3759 5610 et

2187 5638 2357 5689 tnttlto
2383 5636 2560 5686 minus
2587 5635 2838 5687 acc-.iilens
2872 5633 3174 5685 tnatet‘iale.

2272 5707 2350 5773 ('5)
2387 5707 2492 5757 Aut
2542 5705 2746 5771 aliquid
2796 5717 2959 5757 L‘llttm
3014 5703 3266 5767 deterius,
3323 5702 3373 5754 iul
3405 5711 3507 5767 est,
3556 5701 3764 5767 aliquid

2190 5792 2293 5832 non
2331 5793 2381 5830 ιιι
2416 5777 2532 5845 ipsi)
2584 5787 2839 5844 tauquam
2873 5773 3149 5840 accidens,
3191 5789 3365 5842 neque
3410 5774 3552 5828 circa
3587 5775 3762 5838 ipsum
