  <div class='ocr_page' id='page_1' title='image "/cluster/home/n/w/nwhite01/storage/ocr_20150623/152/coo.31924054870575/488.png"; bbox 0 0 4082 6474; ppageno 0'>
   <div class='ocr_carea' id='block_1_1' title="bbox 392 401 492 468">
    <p class='ocr_par' dir='ltr' id='par_1_1' title="bbox 392 401 492 468">
     <span class='ocr_line' id='line_1_1' title="bbox 392 401 492 468; baseline 0.04 -4"><span class='ocrx_word' id='word_1_1' title='bbox 392 401 492 468; x_wconf 81' lang='lat'><strong>961</strong></span> 
     </span>
    </p>
   </div>
   <div class='ocr_carea' id='block_1_2' title="bbox 1289 397 2772 467">
    <p class='ocr_par' dir='ltr' id='par_1_2' title="bbox 1289 397 2772 467">
     <span class='ocr_line' id='line_1_2' title="bbox 1289 397 2772 467; baseline 0.001 -1"><span class='ocrx_word' id='word_1_2' title='bbox 1289 403 1529 466; x_wconf 80' lang='lat' dir='ltr'><strong>DECAS</strong></span> <span class='ocrx_word' id='word_1_3' title='bbox 1569 402 1645 465; x_wconf 77' lang='grc' dir='ltr'><strong>Χ.</strong></span> <span class='ocrx_word' id='word_1_4' title='bbox 1680 400 1856 463; x_wconf 79' lang='grc' dir='ltr'><strong>-ὉΕ</strong></span> <span class='ocrx_word' id='word_1_5' title='bbox 1895 397 2170 464; x_wconf 74' lang='lat' dir='ltr'><strong>DIVINA</strong></span> <span class='ocrx_word' id='word_1_6' title='bbox 2207 399 2772 467; x_wconf 80' lang='lat' dir='ltr'><strong>SIMPLIC‘lTATE.</strong></span> 
     </span>
    </p>
   </div>
   <div class='ocr_carea' id='block_1_3' title="bbox 3557 395 3667 464">
    <p class='ocr_par' dir='ltr' id='par_1_3' title="bbox 3557 395 3667 464">
     <span class='ocr_line' id='line_1_3' title="bbox 3557 395 3667 464; baseline 0.018 -2"><span class='ocrx_word' id='word_1_7' title='bbox 3557 395 3667 464; x_wconf 72' lang='grc'><strong>962</strong></span> 
     </span>
    </p>
   </div>
   <div class='ocr_carea' id='block_1_4' title="bbox 391 503 3658 595">
    <p class='ocr_par' dir='ltr' id='par_1_4' title="bbox 391 503 3658 595">
     <span class='ocr_line' id='line_1_4' title="bbox 391 503 3658 595; baseline -0.001 -19"><span class='ocrx_word' id='word_1_8' title='bbox 391 522 640 578; x_wconf 86' lang='lat' dir='ltr'><strong>minibus</strong></span> <span class='ocrx_word' id='word_1_9' title='bbox 688 522 1035 595; x_wconf 76' lang='lat' dir='ltr'><strong>signiﬁcatis,</strong></span> <span class='ocrx_word' id='word_1_10' title='bbox 1088 524 1375 593; x_wconf 81' lang='lat' dir='ltr'><strong>Oportebat</strong></span> <span class='ocrx_word' id='word_1_11' title='bbox 1406 533 1598 580; x_wconf 85' lang='lat' dir='ltr'><strong>utnon</strong></span> <span class='ocrx_word' id='word_1_12' title='bbox 1651 523 1970 579; x_wconf 86' lang='lat' dir='ltr'><strong>seriberctis</strong></span> <span class='ocrx_word' id='word_1_13' title='bbox 2002 521 2054 582; x_wconf 79' lang='grc' dir='ltr'><strong>Α</strong></span> <span class='ocrx_word' id='word_1_14' title='bbox 2081 521 2298 586; x_wconf 81' lang='lat' dir='ltr'><strong>tiones;</strong></span> <span class='ocrx_word' id='word_1_15' title='bbox 2337 524 2436 577; x_wconf 87' lang='lat' dir='ltr'><strong>n&#39;cc</strong></span> <span class='ocrx_word' id='word_1_16' title='bbox 2482 539 2550 577; x_wconf 89' lang='lat' dir='ltr'><strong>an</strong></span> <span class='ocrx_word' id='word_1_17' title='bbox 2592 524 2701 578; x_wconf 81' lang='lat' dir='ltr'><strong>sint</strong></span> <span class='ocrx_word' id='word_1_18' title='bbox 2735 503 2891 576; x_wconf 70' lang='lat' dir='ltr'><strong>circa</strong></span> <span class='ocrx_word' id='word_1_19' title='bbox 2921 520 3093 590; x_wconf 60' lang='lat' dir='ltr'><strong>ipsam</strong></span> <span class='ocrx_word' id='word_1_20' title='bbox 3134 519 3315 590; x_wconf 83' lang='lat' dir='ltr'><strong>aliqua</strong></span> <span class='ocrx_word' id='word_1_21' title='bbox 3357 521 3658 584; x_wconf 72' lang='lat' dir='ltr'><strong>naturalia,</strong></span> 
     </span>
    </p>
   </div>
   <div class='ocr_carea' id='block_1_5' title="bbox 391 616 1976 686">
    <p class='ocr_par' dir='ltr' id='par_1_5' title="bbox 391 616 1976 686">
     <span class='ocr_line' id='line_1_5' title="bbox 391 616 1976 686; baseline -0.001 -16"><span class='ocrx_word' id='word_1_22' title='bbox 391 631 516 680; x_wconf 80' lang='lat' dir='ltr'><strong>vos,</strong></span> <span class='ocrx_word' id='word_1_23' title='bbox 543 629 612 670; x_wconf 89' lang='lat' dir='ltr'><strong>ex</strong></span> <span class='ocrx_word' id='word_1_24' title='bbox 645 616 808 673; x_wconf 84' lang='lat' dir='ltr'><strong>Patre</strong></span> <span class='ocrx_word' id='word_1_25' title='bbox 833 617 1032 671; x_wconf 79' lang='lat' dir='ltr'><strong>Filium</strong></span> <span class='ocrx_word' id='word_1_26' title='bbox 1072 618 1316 686; x_wconf 78' lang='lat' dir='ltr'><strong>genitum</strong></span> <span class='ocrx_word' id='word_1_27' title='bbox 1349 632 1490 681; x_wconf 87' lang='lat' dir='ltr'><strong>esse,</strong></span> <span class='ocrx_word' id='word_1_28' title='bbox 1527 617 1620 672; x_wconf 91' lang='lat' dir='ltr'><strong>sed</strong></span> <span class='ocrx_word' id='word_1_29' title='bbox 1645 631 1711 671; x_wconf 87' lang='lat' dir='ltr'><strong>ex</strong></span> <span class='ocrx_word' id='word_1_30' title='bbox 1745 616 1830 670; x_wconf 84' lang='lat' dir='ltr'><strong>his</strong></span> <span class='ocrx_word' id='word_1_31' title='bbox 1847 631 1976 684; x_wconf 67' lang='lat' dir='ltr'><strong>qum</strong></span> 
     </span>
    </p>
   </div>
   <div class='ocr_carea' id='block_1_6' title="bbox 389 707 1972 778">
    <p class='ocr_par' dir='ltr' id='par_1_6' title="bbox 389 707 1972 778">
     <span class='ocr_line' id='line_1_6' title="bbox 389 707 1972 778; baseline -0.001 -16"><span class='ocrx_word' id='word_1_32' title='bbox 389 707 542 762; x_wconf 81' lang='lat' dir='ltr'><strong>circa</strong></span> <span class='ocrx_word' id='word_1_33' title='bbox 568 709 774 777; x_wconf 77' lang='lat' dir='ltr'><strong>ipsum,</strong></span> <span class='ocrx_word' id='word_1_34' title='bbox 795 709 876 762; x_wconf 86' lang='lat' dir='ltr'><strong>vel</strong></span> <span class='ocrx_word' id='word_1_35' title='bbox 911 709 966 762; x_wconf 90' lang='lat' dir='ltr'><strong>in</strong></span> <span class='ocrx_word' id='word_1_36' title='bbox 999 709 1118 778; x_wconf 90' lang='lat' dir='ltr'><strong>ipso</strong></span> <span class='ocrx_word' id='word_1_37' title='bbox 1163 718 1323 772; x_wconf 79' lang='lat' dir='ltr'><strong>Sunt;</strong></span> <span class='ocrx_word' id='word_1_38' title='bbox 1372 719 1429 762; x_wconf 98' lang='grc' dir='ltr'><strong>ιιι</strong></span> <span class='ocrx_word' id='word_1_39' title='bbox 1459 724 1585 764; x_wconf 85' lang='lat' dir='ltr'><strong>cum</strong></span> <span class='ocrx_word' id='word_1_40' title='bbox 1643 708 1890 778; x_wconf 77' lang='lat' dir='ltr'><strong>refugitis</strong></span> <span class='ocrx_word' id='word_1_41' title='bbox 1942 722 1972 761; x_wconf 84' lang='lat' dir='ltr'><strong>a</strong></span> 
     </span>
    </p>
   </div>
   <div class='ocr_carea' id='block_1_7' title="bbox 393 798 1976 870">
    <p class='ocr_par' dir='ltr' id='par_1_7' title="bbox 393 798 1976 870">
     <span class='ocr_line' id='line_1_7' title="bbox 393 798 1976 870; baseline -0.001 -16"><span class='ocrx_word' id='word_1_42' title='bbox 393 799 625 854; x_wconf 90' lang='lat' dir='ltr'><strong>dicendo</strong></span> <span class='ocrx_word' id='word_1_43' title='bbox 661 813 787 854; x_wconf 85' lang='lat' dir='ltr'><strong>vere</strong></span> <span class='ocrx_word' id='word_1_44' title='bbox 842 798 1058 854; x_wconf 88' lang='lat' dir='ltr'><strong>Patrem</strong></span> <span class='ocrx_word' id='word_1_45' title='bbox 1098 798 1292 865; x_wconf 89' lang='lat' dir='ltr'><strong>Deum,</strong></span> <span class='ocrx_word' id='word_1_46' title='bbox 1337 808 1393 856; x_wconf 91' lang='lat' dir='ltr'><strong>et</strong></span> <span class='ocrx_word' id='word_1_47' title='bbox 1439 815 1565 855; x_wconf 86' lang='lat' dir='ltr'><strong>eum</strong></span> <span class='ocrx_word' id='word_1_48' title='bbox 1605 801 1698 870; x_wconf 92' lang='lat' dir='ltr'><strong>qui</strong></span> <span class='ocrx_word' id='word_1_49' title='bbox 1745 799 1976 869; x_wconf 80' lang='lat' dir='ltr'><strong>simplex</strong></span> 
     </span>
    </p>
   </div>
   <div class='ocr_carea' id='block_1_8' title="bbox 2081 614 3659 688">
    <p class='ocr_par' dir='ltr' id='par_1_8' title="bbox 2081 614 3659 688">
     <span class='ocr_line' id='line_1_8' title="bbox 2081 614 3659 688; baseline -0.004 -16"><span class='ocrx_word' id='word_1_50' title='bbox 2081 627 2135 672; x_wconf 77' lang='lat' dir='ltr'><strong>et</strong></span> <span class='ocrx_word' id='word_1_51' title='bbox 2167 618 2486 672; x_wconf 74' lang='lat' dir='ltr'><strong>substantia:</strong></span> <span class='ocrx_word' id='word_1_52' title='bbox 2525 618 2748 688; x_wconf 84' lang='lat' dir='ltr'><strong>propria</strong></span> <span class='ocrx_word' id='word_1_53' title='bbox 2785 617 2850 672; x_wconf 86' lang='lat' dir='ltr'><strong>ad</strong></span> <span class='ocrx_word' id='word_1_54' title='bbox 2877 616 3259 682; x_wconf 74' lang='lat' dir='ltr'><strong>complendum</strong></span> <span class='ocrx_word' id='word_1_55' title='bbox 3291 614 3659 669; x_wconf 79' lang='lat' dir='ltr'><strong>substantiam</strong></span> 
     </span>
    </p>
   </div>
   <div class='ocr_carea' id='block_1_9' title="bbox 2075 703 3667 777">
    <p class='ocr_par' dir='ltr' id='par_1_9' title="bbox 2075 703 3667 777">
     <span class='ocr_line' id='line_1_9' title="bbox 2075 703 3667 777; baseline -0.004 -15"><span class='ocrx_word' id='word_1_56' title='bbox 2075 709 2252 777; x_wconf 87' lang='lat' dir='ltr'><strong>ipsam</strong></span> <span class='ocrx_word' id='word_1_57' title='bbox 2278 725 2295 762; x_wconf 87' lang='lat'><strong>:</strong></span> <span class='ocrx_word' id='word_1_58' title='bbox 2329 710 2432 763; x_wconf 87' lang='lat' dir='ltr'><strong>nisi</strong></span> <span class='ocrx_word' id='word_1_59' title='bbox 2465 708 2605 762; x_wconf 79' lang='lat' dir='ltr'><strong>forte</strong></span> <span class='ocrx_word' id='word_1_60' title='bbox 2629 725 2658 762; x_wconf 86' lang='lat' dir='ltr'><strong>a</strong></span> <span class='ocrx_word' id='word_1_61' title='bbox 2682 709 2846 764; x_wconf 83' lang='lat' dir='ltr'><strong>nobis</strong></span> <span class='ocrx_word' id='word_1_62' title='bbox 2869 709 2950 762; x_wconf 92' lang='lat' dir='ltr'><strong>sic</strong></span> <span class='ocrx_word' id='word_1_63' title='bbox 2979 706 3238 762; x_wconf 83' lang='lat' dir='ltr'><strong>dicuntur</strong></span> <span class='ocrx_word' id='word_1_64' title='bbox 3263 703 3667 760; x_wconf 68' lang='lat' dir='ltr'><strong>consuetudine</strong></span> 
     </span>
    </p>
   </div>
   <div class='ocr_carea' id='block_1_10' title="bbox 2075 793 3666 868">
    <p class='ocr_par' dir='ltr' id='par_1_10' title="bbox 2075 793 3666 868">
     <span class='ocr_line' id='line_1_10' title="bbox 2075 793 3666 868; baseline -0.003 -16"><span class='ocrx_word' id='word_1_65' title='bbox 2075 798 2454 868; x_wconf 69' lang='lat' dir='ltr'><strong>intelligentiae</strong></span> <span class='ocrx_word' id='word_1_66' title='bbox 2481 809 2722 865; x_wconf 85' lang='lat' dir='ltr'><strong>nostrae;</strong></span> <span class='ocrx_word' id='word_1_67' title='bbox 2757 807 2813 853; x_wconf 92' lang='lat' dir='ltr'><strong>et</strong></span> <span class='ocrx_word' id='word_1_68' title='bbox 2853 799 2984 868; x_wconf 87' lang='lat' dir='ltr'><strong>quia</strong></span> <span class='ocrx_word' id='word_1_69' title='bbox 3019 810 3128 852; x_wconf 90' lang='lat' dir='ltr'><strong>non</strong></span> <span class='ocrx_word' id='word_1_70' title='bbox 3157 809 3449 865; x_wconf 82' lang='lat' dir='ltr'><strong>possumus</strong></span> <span class='ocrx_word' id='word_1_71' title='bbox 3497 793 3666 848; x_wconf 80' lang='lat' dir='ltr'><strong>aliter</strong></span> 
     </span>
    </p>
   </div>
   <div class='ocr_carea' id='block_1_11' title="bbox 395 885 3669 962">
    <p class='ocr_par' dir='ltr' id='par_1_11' title="bbox 395 885 3669 962">
     <span class='ocr_line' id='line_1_11' title="bbox 395 885 3669 962; baseline -0.002 -16"><span class='ocrx_word' id='word_1_72' title='bbox 395 903 500 954; x_wconf 87' lang='lat' dir='ltr'><strong>est,</strong></span> <span class='ocrx_word' id='word_1_73' title='bbox 538 891 895 962; x_wconf 88' lang='lat' dir='ltr'><strong>compositum</strong></span> <span class='ocrx_word' id='word_1_74' title='bbox 943 900 998 946; x_wconf 91' lang='lat' dir='ltr'><strong>et</strong></span> <span class='ocrx_word' id='word_1_75' title='bbox 1036 907 1356 962; x_wconf 82' lang='lat' dir='ltr'><strong>corporeum</strong></span> <span class='ocrx_word' id='word_1_76' title='bbox 1404 893 1679 961; x_wconf 78' lang='lat' dir='ltr'><strong>cogitat-is.</strong></span> <span class='ocrx_word' id='word_1_77' title='bbox 1711 905 1974 943; x_wconf 83' lang='lat' dir='ltr'><strong>novarum</strong></span> <span class='ocrx_word' id='word_1_78' title='bbox 2074 889 2406 960; x_wconf 77' lang='lat' dir='ltr'><strong>intelligere.</strong></span> <span class='ocrx_word' id='word_1_79' title='bbox 2433 892 2524 959; x_wconf 89' lang='lat' dir='ltr'><strong>qui</strong></span> <span class='ocrx_word' id='word_1_80' title='bbox 2548 907 2689 947; x_wconf 86' lang='lat' dir='ltr'><strong>nunc</strong></span> <span class='ocrx_word' id='word_1_81' title='bbox 2704 891 2873 947; x_wconf 88' lang='lat' dir='ltr'><strong>vitam</strong></span> <span class='ocrx_word' id='word_1_82' title='bbox 2898 904 2997 960; x_wconf 89' lang='lat' dir='ltr'><strong>per</strong></span> <span class='ocrx_word' id='word_1_83' title='bbox 3016 886 3472 960; x_wconf 80' lang='lat' dir='ltr'><strong>speculum,etin</strong></span> <span class='ocrx_word' id='word_1_84' title='bbox 3495 885 3669 959; x_wconf 68' lang='lat' dir='ltr'><strong>aenig-</strong></span> 
     </span>
    </p>
   </div>
   <div class='ocr_carea' id='block_1_12' title="bbox 396 982 1976 1055">
    <p class='ocr_par' dir='ltr' id='par_1_12' title="bbox 396 982 1976 1055">
     <span class='ocr_line' id='line_1_12' title="bbox 396 982 1976 1055; baseline -0.001 -17"><span class='ocrx_word' id='word_1_85' title='bbox 396 985 854 1055; x_wconf 84' lang='lat' dir='ltr'><strong>biasphemiarum</strong></span> <span class='ocrx_word' id='word_1_86' title='bbox 887 986 1204 1041; x_wconf 82' lang='lat' dir='ltr'><strong>inventores</strong></span> <span class='ocrx_word' id='word_1_87' title='bbox 1230 985 1598 1054; x_wconf 87' lang='lat' dir='ltr'><strong>reperiamini.</strong></span> <span class='ocrx_word' id='word_1_88' title='bbox 1631 982 1768 1037; x_wconf 83' lang='lat' dir='ltr'><strong>Cum</strong></span> <span class='ocrx_word' id='word_1_89' title='bbox 1795 993 1976 1037; x_wconf 87' lang='lat' dir='ltr'><strong>autem</strong></span> 
     </span>
    </p>
   </div>
   <div class='ocr_carea' id='block_1_13' title="bbox 399 1076 1981 1146">
    <p class='ocr_par' dir='ltr' id='par_1_13' title="bbox 399 1076 1981 1146">
     <span class='ocr_line' id='line_1_13' title="bbox 399 1076 1981 1146; baseline -0.002 -15"><span class='ocrx_word' id='word_1_90' title='bbox 399 1077 480 1131; x_wconf 88' lang='lat' dir='ltr'><strong>sic</strong></span> <span class='ocrx_word' id='word_1_91' title='bbox 509 1076 783 1146; x_wconf 81' lang='lat' dir='ltr'><strong>cogitatis,</strong></span> <span class='ocrx_word' id='word_1_92' title='bbox 809 1077 1116 1132; x_wconf 88' lang='lat' dir='ltr'><strong>necessario</strong></span> <span class='ocrx_word' id='word_1_93' title='bbox 1136 1077 1299 1130; x_wconf 88' lang='lat' dir='ltr'><strong>etiam</strong></span> <span class='ocrx_word' id='word_1_94' title='bbox 1327 1077 1553 1129; x_wconf 81' lang='lat' dir='ltr'><strong>verbum</strong></span> <span class='ocrx_word' id='word_1_95' title='bbox 1585 1089 1692 1128; x_wconf 91' lang='lat' dir='ltr'><strong>non</strong></span> <span class='ocrx_word' id='word_1_96' title='bbox 1723 1076 1981 1129; x_wconf 79' lang='lat' dir='ltr'><strong>substan-</strong></span> 
     </span>
    </p>
   </div>
   <div class='ocr_carea' id='block_1_14' title="bbox 397 1161 1979 1236">
    <p class='ocr_par' dir='ltr' id='par_1_14' title="bbox 397 1161 1979 1236">
     <span class='ocr_line' id='line_1_14' title="bbox 397 1161 1979 1236; baseline 0.001 -17"><span class='ocrx_word' id='word_1_97' title='bbox 397 1171 551 1232; x_wconf 85' lang='lat' dir='ltr'><strong>tiam,</strong></span> <span class='ocrx_word' id='word_1_98' title='bbox 584 1169 680 1224; x_wconf 87' lang='lat' dir='ltr'><strong>sed</strong></span> <span class='ocrx_word' id='word_1_99' title='bbox 717 1185 913 1225; x_wconf 87' lang='lat' dir='ltr'><strong>nomen</strong></span> <span class='ocrx_word' id='word_1_100' title='bbox 947 1161 1121 1225; x_wconf 85' lang='lat' dir='ltr'><strong>solum</strong></span> <span class='ocrx_word' id='word_1_101' title='bbox 1147 1166 1498 1231; x_wconf 78' lang='lat' dir='ltr'><strong>existimatis,</strong></span> <span class='ocrx_word' id='word_1_102' title='bbox 1527 1169 1770 1236; x_wconf 87' lang='lat' dir='ltr'><strong>denique</strong></span> <span class='ocrx_word' id='word_1_103' title='bbox 1805 1181 1979 1236; x_wconf 85' lang='lat' dir='ltr'><strong>usque</strong></span> 
     </span>
    </p>
   </div>
   <div class='ocr_carea' id='block_1_15' title="bbox 392 1259 1979 1330">
    <p class='ocr_par' dir='ltr' id='par_1_15' title="bbox 392 1259 1979 1330">
     <span class='ocr_line' id='line_1_15' title="bbox 392 1259 1979 1330; baseline -0.002 -16"><span class='ocrx_word' id='word_1_104' title='bbox 392 1261 462 1314; x_wconf 82' lang='lat' dir='ltr'><strong>ad</strong></span> <span class='ocrx_word' id='word_1_105' title='bbox 505 1262 722 1315; x_wconf 89' lang='lat' dir='ltr'><strong>nomina</strong></span> <span class='ocrx_word' id='word_1_106' title='bbox 771 1261 1082 1330; x_wconf 83' lang='lat' dir='ltr'><strong>opinionem</strong></span> <span class='ocrx_word' id='word_1_107' title='bbox 1117 1268 1356 1315; x_wconf 78' lang='lat' dir='ltr'><strong>vestram</strong></span> <span class='ocrx_word' id='word_1_108' title='bbox 1383 1259 1590 1315; x_wconf 80' lang='lat' dir='ltr'><strong>ati&#39;ertis</strong></span> <span class='ocrx_word' id='word_1_109' title='bbox 1615 1279 1628 1324; x_wconf 93' lang='lat'>;</span> <span class='ocrx_word' id='word_1_110' title='bbox 1658 1271 1715 1315; x_wconf 90' lang='lat' dir='ltr'><strong>et</strong></span> <span class='ocrx_word' id='word_1_111' title='bbox 1743 1275 1864 1329; x_wconf 63' lang='lat' dir='ltr'><strong>qua</strong></span> <span class='ocrx_word' id='word_1_112' title='bbox 1892 1259 1979 1312; x_wconf 85' lang='lat' dir='ltr'><strong>di-</strong></span> 
     </span>
    </p>
   </div>
   <div class='ocr_carea' id='block_1_16' title="bbox 394 1351 1975 1420">
    <p class='ocr_par' dir='ltr' id='par_1_16' title="bbox 394 1351 1975 1420">
     <span class='ocr_line' id='line_1_16' title="bbox 394 1351 1975 1420; baseline -0.001 -14"><span class='ocrx_word' id='word_1_113' title='bbox 394 1353 541 1416; x_wconf 86' lang='lat' dir='ltr'><strong>citis,</strong></span> <span class='ocrx_word' id='word_1_114' title='bbox 563 1368 671 1406; x_wconf 85' lang='lat' dir='ltr'><strong>non</strong></span> <span class='ocrx_word' id='word_1_115' title='bbox 702 1353 928 1408; x_wconf 83' lang='lat' dir='ltr'><strong>creditis</strong></span> <span class='ocrx_word' id='word_1_116' title='bbox 958 1369 1101 1418; x_wconf 87' lang='lat' dir='ltr'><strong>esse,</strong></span> <span class='ocrx_word' id='word_1_117' title='bbox 1128 1354 1226 1408; x_wconf 85' lang='lat' dir='ltr'><strong>sed</strong></span> <span class='ocrx_word' id='word_1_118' title='bbox 1253 1356 1434 1420; x_wconf 81' lang='lat' dir='ltr'><strong>potius</strong></span> <span class='ocrx_word' id='word_1_119' title='bbox 1459 1367 1567 1407; x_wconf 90' lang='lat' dir='ltr'><strong>non</strong></span> <span class='ocrx_word' id='word_1_120' title='bbox 1591 1367 1713 1406; x_wconf 89' lang='lat' dir='ltr'><strong>esse</strong></span> <span class='ocrx_word' id='word_1_121' title='bbox 1738 1351 1975 1406; x_wconf 75' lang='lat' dir='ltr'><strong>sentitis.</strong></span> 
     </span>
    </p>
   </div>
   <div class='ocr_carea' id='block_1_17' title="bbox 393 1441 1982 1512">
    <p class='ocr_par' dir='ltr' id='par_1_17' title="bbox 393 1441 1982 1512">
     <span class='ocr_line' id='line_1_17' title="bbox 393 1441 1982 1512; baseline -0.001 -15"><span class='ocrx_word' id='word_1_122' title='bbox 393 1441 523 1497; x_wconf 74' lang='lat' dir='ltr'><strong>Haec</strong></span> <span class='ocrx_word' id='word_1_123' title='bbox 548 1453 730 1497; x_wconf 87' lang='lat' dir='ltr'><strong>autem</strong></span> <span class='ocrx_word' id='word_1_124' title='bbox 751 1443 976 1497; x_wconf 81' lang='lat' dir='ltr'><strong>audacia</strong></span> <span class='ocrx_word' id='word_1_125' title='bbox 1004 1443 1428 1498; x_wconf 69' lang='lat' dir='ltr'><strong>Sadducmorum</strong></span> <span class='ocrx_word' id='word_1_126' title='bbox 1457 1443 1637 1511; x_wconf 89' lang='lat' dir='ltr'><strong>potius</strong></span> <span class='ocrx_word' id='word_1_127' title='bbox 1667 1442 1765 1512; x_wconf 88' lang='lat' dir='ltr'><strong>(l),</strong></span> <span class='ocrx_word' id='word_1_128' title='bbox 1803 1449 1856 1494; x_wconf 88' lang='lat' dir='ltr'><strong>et</strong></span> <span class='ocrx_word' id='word_1_129' title='bbox 1889 1456 1982 1495; x_wconf 87' lang='lat' dir='ltr'><strong>eo-</strong></span> 
     </span>
    </p>
   </div>
   <div class='ocr_carea' id='block_1_18' title="bbox 397 1534 1978 1604">
    <p class='ocr_par' dir='ltr' id='par_1_18' title="bbox 397 1534 1978 1604">
     <span class='ocr_line' id='line_1_18' title="bbox 397 1534 1978 1604; baseline 0 -16"><span class='ocrx_word' id='word_1_130' title='bbox 397 1550 517 1589; x_wconf 86' lang='lat' dir='ltr'><strong>rum</strong></span> <span class='ocrx_word' id='word_1_131' title='bbox 545 1535 636 1604; x_wconf 89' lang='lat' dir='ltr'><strong>qui</strong></span> <span class='ocrx_word' id='word_1_132' title='bbox 664 1535 804 1604; x_wconf 90' lang='lat' dir='ltr'><strong>apud</strong></span> <span class='ocrx_word' id='word_1_133' title='bbox 840 1536 1074 1602; x_wconf 74' lang='lat' dir='ltr'><strong>gentiles</strong></span> <span class='ocrx_word' id='word_1_134' title='bbox 1100 1536 1219 1589; x_wconf 88' lang='lat' dir='ltr'><strong>sine</strong></span> <span class='ocrx_word' id='word_1_135' title='bbox 1243 1535 1352 1588; x_wconf 83' lang='lat' dir='ltr'><strong>Deo</strong></span> <span class='ocrx_word' id='word_1_136' title='bbox 1375 1543 1522 1599; x_wconf 89' lang='lat' dir='ltr'><strong>sunt,</strong></span> <span class='ocrx_word' id='word_1_137' title='bbox 1555 1534 1795 1589; x_wconf 73' lang='lat' dir='ltr'><strong>exsistit.</strong></span> <span class='ocrx_word' id='word_1_138' title='bbox 1823 1535 1978 1601; x_wconf 82' lang='lat' dir='ltr'><strong>Quo-</strong></span> 
     </span>
    </p>
   </div>
   <div class='ocr_carea' id='block_1_19' title="bbox 395 1626 1977 1696">
    <p class='ocr_par' dir='ltr' id='par_1_19' title="bbox 395 1626 1977 1696">
     <span class='ocr_line' id='line_1_19' title="bbox 395 1626 1977 1696; baseline -0.001 -17"><span class='ocrx_word' id='word_1_139' title='bbox 395 1630 539 1679; x_wconf 80' lang='lat' dir='ltr'><strong>circa</strong></span> <span class='ocrx_word' id='word_1_140' title='bbox 576 1643 749 1696; x_wconf 87' lang='lat' dir='ltr'><strong>ncqne</strong></span> <span class='ocrx_word' id='word_1_141' title='bbox 793 1629 965 1695; x_wconf 83' lang='lat' dir='ltr'><strong>ipsam</strong></span> <span class='ocrx_word' id='word_1_142' title='bbox 1007 1635 1318 1681; x_wconf 84' lang='lat' dir='ltr'><strong>creaturam</strong></span> <span class='ocrx_word' id='word_1_143' title='bbox 1352 1626 1522 1694; x_wconf 84' lang='lat' dir='ltr'><strong>ipsius</strong></span> <span class='ocrx_word' id='word_1_144' title='bbox 1546 1627 1644 1693; x_wconf 88' lang='lat' dir='ltr'><strong>qui</strong></span> <span class='ocrx_word' id='word_1_145' title='bbox 1697 1626 1838 1679; x_wconf 86' lang='lat' dir='ltr'><strong>Deus</strong></span> <span class='ocrx_word' id='word_1_146' title='bbox 1871 1635 1977 1692; x_wconf 88' lang='lat' dir='ltr'><strong>est,</strong></span> 
     </span>
    </p>
   </div>
   <div class='ocr_carea' id='block_1_20' title="bbox 397 1716 1979 1782">
    <p class='ocr_par' dir='ltr' id='par_1_20' title="bbox 397 1716 1979 1782">
     <span class='ocr_line' id='line_1_20' title="bbox 397 1716 1979 1782; baseline 0.002 -11"><span class='ocrx_word' id='word_1_147' title='bbox 397 1719 662 1772; x_wconf 78' lang='lat' dir='ltr'><strong>fabricam</strong></span> <span class='ocrx_word' id='word_1_148' title='bbox 699 1733 821 1774; x_wconf 91' lang='lat' dir='ltr'><strong>esse</strong></span> <span class='ocrx_word' id='word_1_149' title='bbox 856 1717 1072 1782; x_wconf 84' lang='lat' dir='ltr'><strong>dicetis,</strong></span> <span class='ocrx_word' id='word_1_150' title='bbox 1103 1718 1148 1772; x_wconf 90' lang='lat' dir='ltr'><strong>si</strong></span> <span class='ocrx_word' id='word_1_151' title='bbox 1183 1718 1287 1772; x_wconf 89' lang='lat' dir='ltr'><strong>hoc</strong></span> <span class='ocrx_word' id='word_1_152' title='bbox 1328 1730 1525 1771; x_wconf 90' lang='lat' dir='ltr'><strong>nomen</strong></span> <span class='ocrx_word' id='word_1_153' title='bbox 1564 1717 1722 1770; x_wconf 85' lang='lat' dir='ltr'><strong>Pater</strong></span> <span class='ocrx_word' id='word_1_154' title='bbox 1753 1727 1804 1771; x_wconf 89' lang='lat' dir='ltr'><strong>et</strong></span> <span class='ocrx_word' id='word_1_155' title='bbox 1836 1716 1979 1774; x_wconf 85' lang='lat' dir='ltr'><strong>Deus</strong></span> 
     </span>
    </p>
   </div>
   <div class='ocr_carea' id='block_1_21' title="bbox 397 1807 1974 1877">
    <p class='ocr_par' dir='ltr' id='par_1_21' title="bbox 397 1807 1974 1877">
     <span class='ocr_line' id='line_1_21' title="bbox 397 1807 1974 1877; baseline -0.003 -15"><span class='ocrx_word' id='word_1_156' title='bbox 397 1824 504 1865; x_wconf 87' lang='lat' dir='ltr'><strong>neu</strong></span> <span class='ocrx_word' id='word_1_157' title='bbox 550 1809 720 1877; x_wconf 81' lang='lat' dir='ltr'><strong>ipsam</strong></span> <span class='ocrx_word' id='word_1_158' title='bbox 753 1823 979 1863; x_wconf 88' lang='lat' dir='ltr'><strong>causam</strong></span> <span class='ocrx_word' id='word_1_159' title='bbox 1027 1822 1214 1863; x_wconf 89' lang='lat' dir='ltr'><strong>eorum</strong></span> <span class='ocrx_word' id='word_1_160' title='bbox 1273 1821 1392 1875; x_wconf 72' lang='lat' dir='ltr'><strong>quae</strong></span> <span class='ocrx_word' id='word_1_161' title='bbox 1441 1815 1591 1872; x_wconf 91' lang='lat' dir='ltr'><strong>sunt,</strong></span> <span class='ocrx_word' id='word_1_162' title='bbox 1643 1807 1974 1877; x_wconf 75' lang='lat' dir='ltr'><strong>signiﬁcant,</strong></span> 
     </span>
    </p>
   </div>
   <div class='ocr_carea' id='block_1_22' title="bbox 2079 982 2642 1052">
    <p class='ocr_par' dir='ltr' id='par_1_22' title="bbox 2079 982 2642 1052">
     <span class='ocr_line' id='line_1_22' title="bbox 2079 982 2642 1052; baseline -0.004 -16"><span class='ocrx_word' id='word_1_163' title='bbox 2079 993 2228 1036; x_wconf 82' lang='lat' dir='ltr'><strong>male</strong></span> <span class='ocrx_word' id='word_1_164' title='bbox 2261 982 2642 1052; x_wconf 72' lang='lat' dir='ltr'><strong>transigimus.</strong></span> 
     </span>
    </p>
   </div>
   <div class='ocr_carea' id='block_1_23' title="bbox 2703 1068 3132 1130">
    <p class='ocr_par' dir='ltr' id='par_1_23' title="bbox 2703 1068 3132 1130">
     <span class='ocr_line' id='line_1_23' title="bbox 2703 1068 3132 1130; baseline -0.005 0"><span class='ocrx_word' id='word_1_165' title='bbox 2703 1071 2934 1130; x_wconf 76' lang='lat' dir='ltr'><strong>CAPUT</strong></span> <span class='ocrx_word' id='word_1_166' title='bbox 2972 1070 3040 1128; x_wconf 87' lang='grc'><strong>11.</strong></span> <span class='ocrx_word' id='word_1_167' title='bbox 3126 1068 3132 1075; x_wconf 85' lang='grc'><em>’</em></span> 
     </span>
    </p>
   </div>
   <div class='ocr_carea' id='block_1_24' title="bbox 2083 1184 3665 1256">
    <p class='ocr_par' dir='ltr' id='par_1_24' title="bbox 2083 1184 3665 1256">
     <span class='ocr_line' id='line_1_24' title="bbox 2083 1184 3665 1256; baseline 0.001 -16"><span class='ocrx_word' id='word_1_168' title='bbox 2083 1185 2237 1253; x_wconf 83' lang='lat' dir='ltr'><strong>Quod</strong></span> <span class='ocrx_word' id='word_1_169' title='bbox 2286 1202 2390 1240; x_wconf 84' lang='lat' dir='ltr'><strong>non</strong></span> <span class='ocrx_word' id='word_1_170' title='bbox 2420 1194 2622 1252; x_wconf 77' lang='lat' dir='ltr'><strong>oportet</strong></span> <span class='ocrx_word' id='word_1_171' title='bbox 2677 1202 2911 1256; x_wconf 78' lang='lat' dir='ltr'><strong>qumrere</strong></span> <span class='ocrx_word' id='word_1_172' title='bbox 2956 1185 3013 1240; x_wconf 84' lang='lat' dir='ltr'><strong>in</strong></span> <span class='ocrx_word' id='word_1_173' title='bbox 3061 1184 3324 1241; x_wconf 81' lang='lat' dir='ltr'><strong>Triuitate</strong></span> <span class='ocrx_word' id='word_1_174' title='bbox 3369 1186 3665 1241; x_wconf 77' lang='lat' dir='ltr'><strong>accidentia</strong></span> 
     </span>
    </p>
   </div>
   <div class='ocr_carea' id='block_1_25' title="bbox 2153 1256 3668 1326">
    <p class='ocr_par' dir='ltr' id='par_1_25' title="bbox 2153 1256 3668 1326">
     <span class='ocr_line' id='line_1_25' title="bbox 2153 1256 3668 1326; baseline 0.001 -17"><span class='ocrx_word' id='word_1_175' title='bbox 2153 1258 2433 1324; x_wconf 75' lang='lat' dir='ltr'><strong>qumpiam,</strong></span> <span class='ocrx_word' id='word_1_176' title='bbox 2473 1273 2591 1326; x_wconf 64' lang='lat' dir='ltr'><strong>quin</strong></span> <span class='ocrx_word' id='word_1_177' title='bbox 2636 1257 2692 1308; x_wconf 80' lang='lat' dir='ltr'><strong>in</strong></span> <span class='ocrx_word' id='word_1_178' title='bbox 2739 1256 3042 1326; x_wconf 73' lang='lat' dir='ltr'><strong>substantia</strong></span> <span class='ocrx_word' id='word_1_179' title='bbox 3082 1256 3198 1326; x_wconf 80' lang='lat' dir='ltr'><strong>ejus</strong></span> <span class='ocrx_word' id='word_1_180' title='bbox 3237 1259 3537 1312; x_wconf 65' lang='lat' dir='ltr'><strong>exsistam:</strong></span> <span class='ocrx_word' id='word_1_181' title='bbox 3571 1272 3668 1310; x_wconf 78' lang='lat' dir='ltr'><strong>uec</strong></span> 
     </span>
    </p>
   </div>
   <div class='ocr_carea' id='block_1_26' title="bbox 2153 1325 3668 1395">
    <p class='ocr_par' dir='ltr' id='par_1_26' title="bbox 2153 1325 3668 1395">
     <span class='ocr_line' id='line_1_26' title="bbox 2153 1325 3668 1395; baseline 0.001 -17"><span class='ocrx_word' id='word_1_182' title='bbox 2153 1325 2491 1393; x_wconf 68' lang='lat' dir='ltr'><strong>differentias</strong></span> <span class='ocrx_word' id='word_1_183' title='bbox 2509 1325 2893 1381; x_wconf 79' lang='lat' dir='ltr'><strong>substantiales</strong></span> <span class='ocrx_word' id='word_1_184' title='bbox 2932 1326 2987 1378; x_wconf 78' lang='lat' dir='ltr'><strong>in</strong></span> <span class='ocrx_word' id='word_1_185' title='bbox 3020 1327 3136 1389; x_wconf 79' lang='lat' dir='ltr'><strong>ipsa</strong></span> <span class='ocrx_word' id='word_1_186' title='bbox 3155 1327 3469 1395; x_wconf 74' lang='lat' dir='ltr'><strong>intelligere,</strong></span> <span class='ocrx_word' id='word_1_187' title='bbox 3505 1327 3668 1394; x_wconf 76' lang='lat' dir='ltr'><strong>siqni-</strong></span> 
     </span>
    </p>
   </div>
   <div class='ocr_carea' id='block_1_27' title="bbox 2152 1395 3664 1465">
    <p class='ocr_par' dir='ltr' id='par_1_27' title="bbox 2152 1395 3664 1465">
     <span class='ocr_line' id='line_1_27' title="bbox 2152 1395 3664 1465; baseline 0.002 -18"><span class='ocrx_word' id='word_1_188' title='bbox 2152 1397 2270 1449; x_wconf 81' lang='lat' dir='ltr'><strong>dem</strong></span> <span class='ocrx_word' id='word_1_189' title='bbox 2294 1406 2343 1448; x_wconf 83' lang='lat' dir='ltr'><strong>et</strong></span> <span class='ocrx_word' id='word_1_190' title='bbox 2382 1397 2435 1450; x_wconf 83' lang='lat' dir='ltr'><strong>in</strong></span> <span class='ocrx_word' id='word_1_191' title='bbox 2465 1397 2811 1464; x_wconf 55' lang='lat' dir='ltr'><strong>incorporei},</strong></span> <span class='ocrx_word' id='word_1_192' title='bbox 2839 1411 2954 1464; x_wconf 72' lang='lat' dir='ltr'><strong>qua:</strong></span> <span class='ocrx_word' id='word_1_193' title='bbox 2988 1395 3052 1449; x_wconf 89' lang='lat' dir='ltr'><strong>ab</strong></span> <span class='ocrx_word' id='word_1_194' title='bbox 3089 1397 3204 1465; x_wconf 81' lang='lat' dir='ltr'><strong>ipsa</strong></span> <span class='ocrx_word' id='word_1_195' title='bbox 3232 1396 3492 1462; x_wconf 83' lang='lat' dir='ltr'><strong>producta</strong></span> <span class='ocrx_word' id='word_1_196' title='bbox 3517 1406 3664 1464; x_wconf 74' lang='lat' dir='ltr'><strong>sunt,</strong></span> 
     </span>
    </p>
   </div>
   <div class='ocr_carea' id='block_1_28' title="bbox 2154 1466 3667 1534">
    <p class='ocr_par' dir='ltr' id='par_1_28' title="bbox 2154 1466 3667 1534">
     <span class='ocr_line' id='line_1_28' title="bbox 2154 1466 3667 1534; baseline -0.001 -15"><span class='ocrx_word' id='word_1_197' title='bbox 2154 1483 2256 1519; x_wconf 87' lang='lat' dir='ltr'><strong>non</strong></span> <span class='ocrx_word' id='word_1_198' title='bbox 2299 1477 2496 1534; x_wconf 77' lang='lat' dir='ltr'><strong>oportet</strong></span> <span class='ocrx_word' id='word_1_199' title='bbox 2541 1483 2778 1534; x_wconf 63' lang='lat' dir='ltr'><strong>querere</strong></span> <span class='ocrx_word' id='word_1_200' title='bbox 2827 1466 3570 1534; x_wconf 59' lang='lat' dir='ltr'><strong>differentiam&quot;substantia,</strong></span> <span class='ocrx_word' id='word_1_201' title='bbox 3617 1475 3667 1518; x_wconf 83' lang='lat' dir='ltr'><strong>et</strong></span> 
     </span>
    </p>
   </div>
   <div class='ocr_carea' id='block_1_29' title="bbox 2152 1534 3668 1606">
    <p class='ocr_par' dir='ltr' id='par_1_29' title="bbox 2152 1534 3668 1606">
     <span class='ocr_line' id='line_1_29' title="bbox 2152 1534 3668 1606; baseline 0.001 -18"><span class='ocrx_word' id='word_1_202' title='bbox 2152 1536 2396 1605; x_wconf 69' lang='lat' dir='ltr'><strong>euergic,</strong></span> <span class='ocrx_word' id='word_1_203' title='bbox 2429 1551 2591 1602; x_wconf 81' lang='lat' dir='ltr'><strong>neque</strong></span> <span class='ocrx_word' id='word_1_204' title='bbox 2611 1543 2867 1606; x_wconf 80' lang='lat' dir='ltr'><strong>tanquam</strong></span> <span class='ocrx_word' id='word_1_205' title='bbox 2898 1535 3050 1589; x_wconf 78' lang='lat' dir='ltr'><strong>aliud</strong></span> <span class='ocrx_word' id='word_1_206' title='bbox 3079 1535 3137 1588; x_wconf 78' lang='lat' dir='ltr'><strong>in</strong></span> <span class='ocrx_word' id='word_1_207' title='bbox 3156 1535 3262 1589; x_wconf 81' lang='lat' dir='ltr'><strong>alio</strong></span> <span class='ocrx_word' id='word_1_208' title='bbox 3282 1537 3392 1589; x_wconf 75' lang='lat' dir='ltr'><strong>ista</strong></span> <span class='ocrx_word' id='word_1_209' title='bbox 3418 1545 3476 1589; x_wconf 88' lang='lat' dir='ltr'><strong>ut</strong></span> <span class='ocrx_word' id='word_1_210' title='bbox 3499 1534 3668 1590; x_wconf 59' lang='lat' dir='ltr'><strong>casis-</strong></span> 
     </span>
    </p>
   </div>
   <div class='ocr_carea' id='block_1_30' title="bbox 2155 1606 2585 1671">
    <p class='ocr_par' dir='ltr' id='par_1_30' title="bbox 2155 1606 2585 1671">
     <span class='ocr_line' id='line_1_30' title="bbox 2155 1606 2585 1671; baseline 0.002 -13"><span class='ocrx_word' id='word_1_211' title='bbox 2155 1615 2292 1671; x_wconf 76' lang='lat' dir='ltr'><strong>tant,</strong></span> <span class='ocrx_word' id='word_1_212' title='bbox 2325 1606 2585 1660; x_wconf 78' lang='lat' dir='ltr'><strong>accidere.</strong></span> 
     </span>
    </p>
   </div>
   <div class='ocr_carea' id='block_1_31' title="bbox 2154 1715 3668 1791">
    <p class='ocr_par' dir='ltr' id='par_1_31' title="bbox 2154 1715 3668 1791">
     <span class='ocr_line' id='line_1_31' title="bbox 2154 1715 3668 1791; baseline -0.001 -17"><span class='ocrx_word' id='word_1_213' title='bbox 2154 1720 2388 1775; x_wconf 69' lang='lat' dir='ltr'><strong>Sanctus</strong></span> <span class='ocrx_word' id='word_1_214' title='bbox 2439 1719 2676 1791; x_wconf 85' lang='lat' dir='ltr'><strong>Cyrillus</strong></span> <span class='ocrx_word' id='word_1_215' title='bbox 2708 1719 2801 1773; x_wconf 81' lang='lat' dir='ltr'><strong>lib.</strong></span> <span class='ocrx_word' id='word_1_216' title='bbox 2839 1734 2965 1774; x_wconf 80' lang='lat' dir='ltr'><strong>xxxi</strong></span> <span class='ocrx_word' id='word_1_217' title='bbox 2997 1716 3436 1772; x_wconf 77' lang='lat' dir='ltr'><strong>Thesaurorum:</strong></span> <span class='ocrx_word' id='word_1_218' title='bbox 3471 1715 3528 1772; x_wconf 82' lang='lat' dir='ltr'><strong>Si</strong></span> <span class='ocrx_word' id='word_1_219' title='bbox 3557 1717 3668 1786; x_wconf 73' lang='lat' dir='ltr'><strong>igi-</strong></span> 
     </span>
    </p>
   </div>
   <div class='ocr_carea' id='block_1_32' title="bbox 2081 1810 3664 1878">
    <p class='ocr_par' dir='ltr' id='par_1_32' title="bbox 2081 1810 3664 1878">
     <span class='ocr_line' id='line_1_32' title="bbox 2081 1810 3664 1878; baseline -0.002 -13"><span class='ocrx_word' id='word_1_220' title='bbox 2081 1819 2170 1866; x_wconf 87' lang='lat' dir='ltr'><strong>tur</strong></span> <span class='ocrx_word' id='word_1_221' title='bbox 2199 1826 2304 1865; x_wconf 92' lang='lat' dir='ltr'><strong>non</strong></span> <span class='ocrx_word' id='word_1_222' title='bbox 2342 1825 2700 1878; x_wconf 73' lang='lat' dir='ltr'><strong>quaecumque</strong></span> <span class='ocrx_word' id='word_1_223' title='bbox 2757 1811 3017 1866; x_wconf 90' lang='lat' dir='ltr'><strong>dicuntur</strong></span> <span class='ocrx_word' id='word_1_224' title='bbox 3049 1810 3224 1864; x_wconf 83' lang='lat' dir='ltr'><strong>inesse</strong></span> <span class='ocrx_word' id='word_1_225' title='bbox 3251 1810 3306 1864; x_wconf 90' lang='lat' dir='ltr'><strong>in</strong></span> <span class='ocrx_word' id='word_1_226' title='bbox 3328 1810 3445 1864; x_wconf 85' lang='lat' dir='ltr'><strong>Deo</strong></span> <span class='ocrx_word' id='word_1_227' title='bbox 3465 1823 3664 1864; x_wconf 85' lang='lat' dir='ltr'><strong>secun-</strong></span> 
     </span>
    </p>
   </div>
   <div class='ocr_carea' id='block_1_33' title="bbox 393 1883 3665 1971">
    <p class='ocr_par' dir='ltr' id='par_1_33' title="bbox 393 1883 3665 1971">
     <span class='ocr_line' id='line_1_33' title="bbox 393 1883 3665 1971; baseline 0 -15"><span class='ocrx_word' id='word_1_228' title='bbox 393 1902 491 1956; x_wconf 89' lang='lat' dir='ltr'><strong>sed</strong></span> <span class='ocrx_word' id='word_1_229' title='bbox 523 1901 670 1955; x_wconf 81' lang='lat' dir='ltr'><strong>aliud</strong></span> <span class='ocrx_word' id='word_1_230' title='bbox 716 1900 996 1970; x_wconf 88' lang='lat' dir='ltr'><strong>quidpiam</strong></span> <span class='ocrx_word' id='word_1_231' title='bbox 1045 1899 1190 1970; x_wconf 92' lang='lat' dir='ltr'><strong>quod</strong></span> <span class='ocrx_word' id='word_1_232' title='bbox 1219 1915 1318 1954; x_wconf 83' lang='lat' dir='ltr'><strong>vos</strong></span> <span class='ocrx_word' id='word_1_233' title='bbox 1362 1899 1608 1969; x_wconf 75' lang='lat' dir='ltr'><strong>fingitis:</strong></span> <span class='ocrx_word' id='word_1_234' title='bbox 1653 1913 1839 1954; x_wconf 88' lang='lat' dir='ltr'><strong>verum</strong></span> <span class='ocrx_word' id='word_1_235' title='bbox 1877 1900 1979 1954; x_wconf 84' lang='lat' dir='ltr'><strong>hoc</strong></span> <span class='ocrx_word' id='word_1_236' title='bbox 2013 1883 2058 1942; x_wconf 75' lang='grc' dir='ltr'><strong>Β</strong></span> <span class='ocrx_word' id='word_1_237' title='bbox 2084 1906 2214 1958; x_wconf 89' lang='lat' dir='ltr'><strong>dum</strong></span> <span class='ocrx_word' id='word_1_238' title='bbox 2253 1916 2528 1970; x_wconf 87' lang='lat' dir='ltr'><strong>naturam,</strong></span> <span class='ocrx_word' id='word_1_239' title='bbox 2564 1905 2691 1958; x_wconf 73' lang='lat' dir='ltr'><strong>haec</strong></span> <span class='ocrx_word' id='word_1_240' title='bbox 2718 1904 2942 1957; x_wconf 85' lang='lat' dir='ltr'><strong>omnino</strong></span> <span class='ocrx_word' id='word_1_241' title='bbox 2971 1914 3129 1956; x_wconf 88' lang='lat' dir='ltr'><strong>erunt</strong></span> <span class='ocrx_word' id='word_1_242' title='bbox 3160 1903 3471 1957; x_wconf 79' lang='lat' dir='ltr'><strong>substantia</strong></span> <span class='ocrx_word' id='word_1_243' title='bbox 3520 1901 3665 1971; x_wconf 82' lang='lat' dir='ltr'><strong>ejus,</strong></span> 
     </span>
    </p>
   </div>
   <div class='ocr_carea' id='block_1_34' title="bbox 399 1993 1980 2063">
    <p class='ocr_par' dir='ltr' id='par_1_34' title="bbox 399 1993 1980 2063">
     <span class='ocr_line' id='line_1_34' title="bbox 399 1993 1980 2063; baseline 0 -15"><span class='ocrx_word' id='word_1_244' title='bbox 399 1995 741 2058; x_wconf 87' lang='lat' dir='ltr'><strong>indecorum,</strong></span> <span class='ocrx_word' id='word_1_245' title='bbox 774 2005 830 2049; x_wconf 82' lang='lat' dir='ltr'><strong>et</strong></span> <span class='ocrx_word' id='word_1_246' title='bbox 851 1994 1010 2050; x_wconf 84' lang='lat' dir='ltr'><strong>valde</strong></span> <span class='ocrx_word' id='word_1_247' title='bbox 1028 1994 1251 2063; x_wconf 87' lang='lat' dir='ltr'><strong>impium</strong></span> <span class='ocrx_word' id='word_1_248' title='bbox 1277 2001 1362 2049; x_wconf 89' lang='lat' dir='ltr'><strong>est</strong></span> <span class='ocrx_word' id='word_1_249' title='bbox 1385 1995 1466 2048; x_wconf 88' lang='lat' dir='ltr'><strong>vel</strong></span> <span class='ocrx_word' id='word_1_250' title='bbox 1507 1993 1681 2047; x_wconf 88' lang='lat' dir='ltr'><strong>solum</strong></span> <span class='ocrx_word' id='word_1_251' title='bbox 1717 1995 1980 2061; x_wconf 83' lang='lat' dir='ltr'><strong>cogitare.</strong></span> 
     </span>
    </p>
   </div>
   <div class='ocr_carea' id='block_1_35' title="bbox 393 2080 1984 2152">
    <p class='ocr_par' dir='ltr' id='par_1_35' title="bbox 393 2080 1984 2152">
     <span class='ocr_line' id='line_1_35' title="bbox 393 2080 1984 2152; baseline -0.006 -13"><span class='ocrx_word' id='word_1_252' title='bbox 393 2085 498 2139; x_wconf 81' lang='lat' dir='ltr'><strong>Sin</strong></span> <span class='ocrx_word' id='word_1_253' title='bbox 531 2094 713 2138; x_wconf 90' lang='lat' dir='ltr'><strong>autem</strong></span> <span class='ocrx_word' id='word_1_254' title='bbox 744 2100 867 2139; x_wconf 91' lang='lat' dir='ltr'><strong>cum</strong></span> <span class='ocrx_word' id='word_1_255' title='bbox 901 2085 1152 2138; x_wconf 86' lang='lat' dir='ltr'><strong>audimus</strong></span> <span class='ocrx_word' id='word_1_256' title='bbox 1183 2101 1198 2138; x_wconf 87' lang='lat'><strong>:</strong></span> <span class='ocrx_word' id='word_1_257' title='bbox 1235 2080 1350 2152; x_wconf 85' lang='lat' dir='ltr'><strong>Ego</strong></span> <span class='ocrx_word' id='word_1_258' title='bbox 1379 2098 1498 2136; x_wconf 86' lang='lat' dir='ltr'><strong>sum</strong></span> <span class='ocrx_word' id='word_1_259' title='bbox 1529 2083 1621 2152; x_wconf 73' lang='lat' dir='ltr'><strong>qui</strong></span> <span class='ocrx_word' id='word_1_260' title='bbox 1640 2099 1759 2136; x_wconf 85' lang='lat' dir='ltr'><strong>sum</strong></span> <span class='ocrx_word' id='word_1_261' title='bbox 1781 2085 1865 2116; x_wconf 70' lang='grc'><strong>⁸³*</strong></span> <span class='ocrx_word' id='word_1_262' title='bbox 1889 2099 1903 2146; x_wconf 93' lang='grc'>;</span> <span class='ocrx_word' id='word_1_263' title='bbox 1927 2091 1984 2138; x_wconf 70' lang='grc' dir='ltr'>ει</span> 
     </span>
    </p>
   </div>
   <div class='ocr_carea' id='block_1_36' title="bbox 400 2174 1982 2244">
    <p class='ocr_par' dir='ltr' id='par_1_36' title="bbox 400 2174 1982 2244">
     <span class='ocr_line' id='line_1_36' title="bbox 400 2174 1982 2244; baseline 0.003 -14"><span class='ocrx_word' id='word_1_264' title='bbox 400 2177 552 2236; x_wconf 84' lang='lat' dir='ltr'><strong>illud,</strong></span> <span class='ocrx_word' id='word_1_265' title='bbox 594 2176 660 2229; x_wconf 83' lang='grc' dir='ltr'><em>1η</em></span> <span class='ocrx_word' id='word_1_266' title='bbox 683 2177 945 2244; x_wconf 79' lang='lat' dir='ltr'><strong>principio</strong></span> <span class='ocrx_word' id='word_1_267' title='bbox 969 2176 1090 2242; x_wconf 78' lang='lat' dir='ltr'><strong>fecit</strong></span> <span class='ocrx_word' id='word_1_268' title='bbox 1123 2175 1259 2229; x_wconf 86' lang='lat' dir='ltr'><strong>Deus</strong></span> <span class='ocrx_word' id='word_1_269' title='bbox 1287 2174 1469 2228; x_wconf 72' lang='lat' dir='ltr'><strong>cretum</strong></span> <span class='ocrx_word' id='word_1_270' title='bbox 1493 2185 1541 2228; x_wconf 86' lang='lat' dir='ltr'><strong>et</strong></span> <span class='ocrx_word' id='word_1_271' title='bbox 1575 2185 1770 2230; x_wconf 81' lang='lat' dir='ltr'><strong>terram</strong></span> <span class='ocrx_word' id='word_1_272' title='bbox 1791 2175 1858 2240; x_wconf 80' lang='lat'><strong>“,</strong></span> <span class='ocrx_word' id='word_1_273' title='bbox 1882 2187 1937 2232; x_wconf 89' lang='lat' dir='ltr'><strong>et</strong></span> <span class='ocrx_word' id='word_1_274' title='bbox 1956 2193 1982 2234; x_wconf 73' lang='grc' dir='ltr'><strong><em>τε</em></strong></span> 
     </span>
    </p>
   </div>
   <div class='ocr_carea' id='block_1_37' title="bbox 403 2267 1980 2335">
    <p class='ocr_par' dir='ltr' id='par_1_37' title="bbox 403 2267 1980 2335">
     <span class='ocr_line' id='line_1_37' title="bbox 403 2267 1980 2335; baseline -0.001 -14"><span class='ocrx_word' id='word_1_275' title='bbox 403 2267 1046 2334; x_wconf 80' lang='lat' dir='ltr'><strong>Audi,lsrael,l)omiuus</strong></span> <span class='ocrx_word' id='word_1_276' title='bbox 1071 2267 1208 2322; x_wconf 86' lang='lat' dir='ltr'><strong>Deus</strong></span> <span class='ocrx_word' id='word_1_277' title='bbox 1230 2278 1371 2331; x_wconf 86' lang='lat' dir='ltr'><strong>tuus,</strong></span> <span class='ocrx_word' id='word_1_278' title='bbox 1393 2268 1651 2321; x_wconf 80' lang='lat' dir='ltr'><strong>Dominus</strong></span> <span class='ocrx_word' id='word_1_279' title='bbox 1674 2283 1811 2321; x_wconf 83' lang='lat' dir='ltr'><strong>unus</strong></span> <span class='ocrx_word' id='word_1_280' title='bbox 1831 2269 1980 2335; x_wconf 79' lang='lat' dir='ltr'><strong>est&quot;,</strong></span> 
     </span>
    </p>
   </div>
   <div class='ocr_carea' id='block_1_38' title="bbox 401 2350 1983 2430">
    <p class='ocr_par' dir='ltr' id='par_1_38' title="bbox 401 2350 1983 2430">
     <span class='ocr_line' id='line_1_38' title="bbox 401 2350 1983 2430; baseline -0.001 -15"><span class='ocrx_word' id='word_1_281' title='bbox 401 2371 456 2415; x_wconf 85' lang='lat' dir='ltr'><strong>et</strong></span> <span class='ocrx_word' id='word_1_282' title='bbox 485 2360 640 2424; x_wconf 88' lang='lat' dir='ltr'><strong>illud,</strong></span> <span class='ocrx_word' id='word_1_283' title='bbox 676 2358 806 2414; x_wconf 73' lang='lat' dir='ltr'><strong>Ha&#39;c</strong></span> <span class='ocrx_word' id='word_1_284' title='bbox 832 2359 962 2414; x_wconf 78' lang='lat' dir='ltr'><strong>dicit</strong></span> <span class='ocrx_word' id='word_1_285' title='bbox 999 2350 1257 2414; x_wconf 80' lang='lat' dir='ltr'><strong>Dominus</strong></span> <span class='ocrx_word' id='word_1_286' title='bbox 1296 2361 1623 2430; x_wconf 84' lang='lat' dir='ltr'><strong>omnipotens</strong></span> <span class='ocrx_word' id='word_1_287' title='bbox 1647 2400 1664 2427; x_wconf 92' lang='lat'><strong>,</strong></span> <span class='ocrx_word' id='word_1_288' title='bbox 1700 2375 1806 2415; x_wconf 91' lang='lat' dir='ltr'><strong>non</strong></span> <span class='ocrx_word' id='word_1_289' title='bbox 1835 2360 1983 2414; x_wconf 88' lang='lat' dir='ltr'><strong>aliud</strong></span> 
     </span>
    </p>
   </div>
   <div class='ocr_carea' id='block_1_39' title="bbox 399 2449 1987 2520">
    <p class='ocr_par' dir='ltr' id='par_1_39' title="bbox 399 2449 1987 2520">
     <span class='ocr_line' id='line_1_39' title="bbox 399 2449 1987 2520; baseline 0.001 -16"><span class='ocrx_word' id='word_1_290' title='bbox 399 2460 772 2520; x_wconf 67' lang='lat' dir='ltr'><strong>praeterquam</strong></span> <span class='ocrx_word' id='word_1_291' title='bbox 814 2449 1149 2520; x_wconf 86' lang='lat' dir='ltr'><strong>simplicem,</strong></span> <span class='ocrx_word' id='word_1_292' title='bbox 1184 2460 1239 2504; x_wconf 89' lang='lat' dir='ltr'><strong>et</strong></span> <span class='ocrx_word' id='word_1_293' title='bbox 1273 2452 1514 2515; x_wconf 82' lang='lat' dir='ltr'><strong>beatam,</strong></span> <span class='ocrx_word' id='word_1_294' title='bbox 1564 2461 1620 2506; x_wconf 92' lang='lat' dir='ltr'><strong>et</strong></span> <span class='ocrx_word' id='word_1_295' title='bbox 1677 2450 1987 2520; x_wconf 78' lang='lat' dir='ltr'><strong>incompre-</strong></span> 
     </span>
    </p>
   </div>
   <div class='ocr_carea' id='block_1_40' title="bbox 397 2542 1982 2612">
    <p class='ocr_par' dir='ltr' id='par_1_40' title="bbox 397 2542 1982 2612">
     <span class='ocr_line' id='line_1_40' title="bbox 397 2542 1982 2612; baseline -0.001 -17"><span class='ocrx_word' id='word_1_296' title='bbox 397 2545 630 2596; x_wconf 80' lang='lat' dir='ltr'><strong>hensam</strong></span> <span class='ocrx_word' id='word_1_297' title='bbox 671 2543 790 2610; x_wconf 87' lang='lat' dir='ltr'><strong>ejus</strong></span> <span class='ocrx_word' id='word_1_298' title='bbox 830 2543 920 2612; x_wconf 83' lang='lat' dir='ltr'><strong>qui</strong></span> <span class='ocrx_word' id='word_1_299' title='bbox 953 2544 1174 2611; x_wconf 82' lang='lat' dir='ltr'><strong>proprie</strong></span> <span class='ocrx_word' id='word_1_300' title='bbox 1207 2551 1316 2609; x_wconf 85' lang='lat' dir='ltr'><strong>est,</strong></span> <span class='ocrx_word' id='word_1_301' title='bbox 1365 2544 1730 2597; x_wconf 82' lang='lat' dir='ltr'><strong>substantiam</strong></span> <span class='ocrx_word' id='word_1_302' title='bbox 1777 2542 1982 2596; x_wconf 83' lang='lat' dir='ltr'><strong>intelli-</strong></span> 
     </span>
    </p>
   </div>
   <div class='ocr_carea' id='block_1_41' title="bbox 400 2632 1987 2703">
    <p class='ocr_par' dir='ltr' id='par_1_41' title="bbox 400 2632 1987 2703">
     <span class='ocr_line' id='line_1_41' title="bbox 400 2632 1987 2703; baseline 0.004 -22"><span class='ocrx_word' id='word_1_303' title='bbox 400 2632 576 2698; x_wconf 63' lang='lat' dir='ltr'><strong>gimus</strong></span> <span class='ocrx_word' id='word_1_304' title='bbox 627 2633 770 2703; x_wconf 89' lang='lat' dir='ltr'><strong>(etsi</strong></span> <span class='ocrx_word' id='word_1_305' title='bbox 819 2633 962 2687; x_wconf 87' lang='lat' dir='ltr'><strong>enim</strong></span> <span class='ocrx_word' id='word_1_306' title='bbox 1014 2649 1122 2689; x_wconf 93' lang='lat' dir='ltr'><strong>non</strong></span> <span class='ocrx_word' id='word_1_307' title='bbox 1171 2649 1461 2703; x_wconf 90' lang='lat' dir='ltr'><strong>possumus</strong></span> <span class='ocrx_word' id='word_1_308' title='bbox 1526 2633 1987 2703; x_wconf 87' lang='lat' dir='ltr'><strong>comprehendere</strong></span> 
     </span>
    </p>
   </div>
   <div class='ocr_carea' id='block_1_42' title="bbox 409 2725 1984 2792">
    <p class='ocr_par' dir='ltr' id='par_1_42' title="bbox 409 2725 1984 2792">
     <span class='ocr_line' id='line_1_42' title="bbox 409 2725 1984 2792; baseline 0.003 -16"><span class='ocrx_word' id='word_1_309' title='bbox 409 2726 536 2792; x_wconf 91' lang='lat' dir='ltr'><strong>quid</strong></span> <span class='ocrx_word' id='word_1_310' title='bbox 566 2729 778 2781; x_wconf 86' lang='lat' dir='ltr'><strong>tandem</strong></span> <span class='ocrx_word' id='word_1_311' title='bbox 800 2736 906 2790; x_wconf 86' lang='lat' dir='ltr'><strong>est,</strong></span> <span class='ocrx_word' id='word_1_312' title='bbox 947 2737 1124 2781; x_wconf 90' lang='lat' dir='ltr'><strong>tamen</strong></span> <span class='ocrx_word' id='word_1_313' title='bbox 1151 2743 1276 2781; x_wconf 89' lang='lat' dir='ltr'><strong>cum</strong></span> <span class='ocrx_word' id='word_1_314' title='bbox 1307 2727 1616 2782; x_wconf 86' lang='lat' dir='ltr'><strong>audivimus</strong></span> <span class='ocrx_word' id='word_1_315' title='bbox 1639 2726 1743 2781; x_wconf 89' lang='lat' dir='ltr'><strong>dici</strong></span> <span class='ocrx_word' id='word_1_316' title='bbox 1765 2725 1984 2780; x_wconf 86' lang='lat' dir='ltr'><strong>Patrem</strong></span> 
     </span>
    </p>
   </div>
   <div class='ocr_carea' id='block_1_43' title="bbox 397 2815 1988 2890">
    <p class='ocr_par' dir='ltr' id='par_1_43' title="bbox 397 2815 1988 2890">
     <span class='ocr_line' id='line_1_43' title="bbox 397 2815 1988 2890; baseline 0.002 -19"><span class='ocrx_word' id='word_1_317' title='bbox 397 2825 460 2871; x_wconf 78' lang='lat' dir='ltr'><strong>~ct</strong></span> <span class='ocrx_word' id='word_1_318' title='bbox 491 2815 710 2880; x_wconf 86' lang='lat' dir='ltr'><strong>Filium,</strong></span> <span class='ocrx_word' id='word_1_319' title='bbox 748 2827 802 2873; x_wconf 88' lang='lat' dir='ltr'><strong>et</strong></span> <span class='ocrx_word' id='word_1_320' title='bbox 835 2819 1288 2887; x_wconf 82' lang='lat' dir='ltr'><strong>omnipotentem,</strong></span> <span class='ocrx_word' id='word_1_321' title='bbox 1322 2820 1456 2873; x_wconf 82' lang='lat' dir='ltr'><strong>nihil</strong></span> <span class='ocrx_word' id='word_1_322' title='bbox 1485 2819 1630 2872; x_wconf 80' lang='lat' dir='ltr'><strong>aliud</strong></span> <span class='ocrx_word' id='word_1_323' title='bbox 1659 2834 1826 2890; x_wconf 87' lang='lat' dir='ltr'><strong>quam</strong></span> <span class='ocrx_word' id='word_1_324' title='bbox 1853 2819 1988 2874; x_wconf 82' lang='lat' dir='ltr'><strong>sub-</strong></span> 
     </span>
    </p>
   </div>
   <div class='ocr_carea' id='block_1_44' title="bbox 408 2911 2022 2986">
    <p class='ocr_par' dir='ltr' id='par_1_44' title="bbox 408 2911 2022 2986">
     <span class='ocr_line' id='line_1_44' title="bbox 408 2911 2022 2986; baseline 0.003 -24"><span class='ocrx_word' id='word_1_325' title='bbox 408 2911 664 2965; x_wconf 83' lang='lat' dir='ltr'><strong>stantiam</strong></span> <span class='ocrx_word' id='word_1_326' title='bbox 715 2913 891 2982; x_wconf 88' lang='lat' dir='ltr'><strong>ipsam</strong></span> <span class='ocrx_word' id='word_1_327' title='bbox 931 2913 1051 2983; x_wconf 82' lang='lat' dir='ltr'><strong>ejus</strong></span> <span class='ocrx_word' id='word_1_328' title='bbox 1101 2914 1333 2983; x_wconf 88' lang='lat' dir='ltr'><strong>quiest,</strong></span> <span class='ocrx_word' id='word_1_329' title='bbox 1382 2913 1679 2983; x_wconf 74' lang='lat' dir='ltr'><strong>signiﬁcari</strong></span> <span class='ocrx_word' id='word_1_330' title='bbox 1732 2913 2022 2986; x_wconf 35' lang='lat' dir='ltr'><strong>intelligi;</strong></span> 
     </span>
    </p>
   </div>
   <div class='ocr_carea' id='block_1_45' title="bbox 408 3005 1989 3074">
    <p class='ocr_par' dir='ltr' id='par_1_45' title="bbox 408 3005 1989 3074">
     <span class='ocr_line' id='line_1_45' title="bbox 408 3005 1989 3074; baseline 0.005 -20"><span class='ocrx_word' id='word_1_331' title='bbox 408 3018 565 3069; x_wconf 91' lang='lat' dir='ltr'><strong>mus;</strong></span> <span class='ocrx_word' id='word_1_332' title='bbox 592 3013 647 3058; x_wconf 89' lang='lat' dir='ltr'><strong>et</strong></span> <span class='ocrx_word' id='word_1_333' title='bbox 677 3021 768 3060; x_wconf 87' lang='lat' dir='ltr'><strong>vos</strong></span> <span class='ocrx_word' id='word_1_334' title='bbox 793 3005 1012 3063; x_wconf 72' lang='lat' dir='ltr'><strong>dixistis</strong></span> <span class='ocrx_word' id='word_1_335' title='bbox 1037 3022 1104 3061; x_wconf 86' lang='lat' dir='ltr'><strong>ex</strong></span> <span class='ocrx_word' id='word_1_336' title='bbox 1132 3007 1242 3062; x_wconf 88' lang='lat' dir='ltr'><strong>Deo</strong></span> <span class='ocrx_word' id='word_1_337' title='bbox 1275 3006 1491 3074; x_wconf 87' lang='lat' dir='ltr'><strong>Filium,</strong></span> <span class='ocrx_word' id='word_1_338' title='bbox 1521 3007 1735 3062; x_wconf 89' lang='lat' dir='ltr'><strong>scilicet</strong></span> <span class='ocrx_word' id='word_1_339' title='bbox 1761 3021 1827 3061; x_wconf 80' lang='lat' dir='ltr'><strong>ex</strong></span> <span class='ocrx_word' id='word_1_340' title='bbox 1860 3009 1989 3062; x_wconf 88' lang='lat' dir='ltr'><strong>sub-</strong></span> 
     </span>
    </p>
   </div>
   <div class='ocr_carea' id='block_1_46' title="bbox 408 3098 1989 3170">
    <p class='ocr_par' dir='ltr' id='par_1_46' title="bbox 408 3098 1989 3170">
     <span class='ocr_line' id='line_1_46' title="bbox 408 3098 1989 3170; baseline 0.002 -21"><span class='ocrx_word' id='word_1_341' title='bbox 408 3098 609 3151; x_wconf 66' lang='lat' dir='ltr'><strong>stantia</strong></span> <span class='ocrx_word' id='word_1_342' title='bbox 634 3099 814 3152; x_wconf 81' lang='lat' dir='ltr'><strong>Patris</strong></span> <span class='ocrx_word' id='word_1_343' title='bbox 847 3113 972 3152; x_wconf 87' lang='lat' dir='ltr'><strong>cum</strong></span> <span class='ocrx_word' id='word_1_344' title='bbox 999 3099 1234 3166; x_wconf 72' lang='lat' dir='ltr'><strong>dixistis,</strong></span> <span class='ocrx_word' id='word_1_345' title='bbox 1259 3099 1390 3170; x_wconf 80' lang='lat' dir='ltr'><strong>quia</strong></span> <span class='ocrx_word' id='word_1_346' title='bbox 1416 3107 1472 3154; x_wconf 85' lang='lat' dir='ltr'><strong>et</strong></span> <span class='ocrx_word' id='word_1_347' title='bbox 1500 3109 1633 3153; x_wconf 81' lang='lat' dir='ltr'><strong>ante</strong></span> <span class='ocrx_word' id='word_1_348' title='bbox 1664 3113 1765 3154; x_wconf 87' lang='lat' dir='ltr'><strong>nos</strong></span> <span class='ocrx_word' id='word_1_349' title='bbox 1797 3099 1989 3154; x_wconf 85' lang='lat' dir='ltr'><strong>dicunt</strong></span> 
     </span>
    </p>
   </div>
   <div class='ocr_carea' id='block_1_47' title="bbox 2093 1993 3672 2068">
    <p class='ocr_par' dir='ltr' id='par_1_47' title="bbox 2093 1993 3672 2068">
     <span class='ocr_line' id='line_1_47' title="bbox 2093 1993 3672 2068; baseline -0.003 -17"><span class='ocrx_word' id='word_1_350' title='bbox 2093 1998 2418 2068; x_wconf 71' lang='lat' dir='ltr'><strong>relinquitur</strong></span> <span class='ocrx_word' id='word_1_351' title='bbox 2448 2007 2506 2050; x_wconf 91' lang='lat' dir='ltr'><strong>ut</strong></span> <span class='ocrx_word' id='word_1_352' title='bbox 2537 1997 2786 2052; x_wconf 89' lang='lat' dir='ltr'><strong>dicamus</strong></span> <span class='ocrx_word' id='word_1_353' title='bbox 2812 2009 2930 2049; x_wconf 89' lang='lat' dir='ltr'><strong>esse</strong></span> <span class='ocrx_word' id='word_1_354' title='bbox 2973 2008 3038 2048; x_wconf 88' lang='lat' dir='ltr'><strong>ea</strong></span> <span class='ocrx_word' id='word_1_355' title='bbox 3085 1993 3387 2047; x_wconf 86' lang='lat' dir='ltr'><strong>accidentia</strong></span> <span class='ocrx_word' id='word_1_356' title='bbox 3419 1997 3672 2048; x_wconf 86' lang='lat' dir='ltr'><strong>substan-</strong></span> 
     </span>
    </p>
   </div>
   <div class='ocr_carea' id='block_1_48' title="bbox 2086 2083 3671 2155">
    <p class='ocr_par' dir='ltr' id='par_1_48' title="bbox 2086 2083 3671 2155">
     <span class='ocr_line' id='line_1_48' title="bbox 2086 2083 3671 2155; baseline -0.004 -11"><span class='ocrx_word' id='word_1_357' title='bbox 2086 2091 2176 2146; x_wconf 81' lang='lat' dir='ltr'><strong>ti:e</strong></span> <span class='ocrx_word' id='word_1_358' title='bbox 2217 2092 2296 2146; x_wconf 88' lang='lat' dir='ltr'><strong>sic</strong></span> <span class='ocrx_word' id='word_1_359' title='bbox 2332 2105 2469 2144; x_wconf 81' lang='lat' dir='ltr'><strong>voce.</strong></span> <span class='ocrx_word' id='word_1_360' title='bbox 2503 2101 2659 2143; x_wconf 90' lang='lat' dir='ltr'><strong>tenus</strong></span> <span class='ocrx_word' id='word_1_361' title='bbox 2707 2087 2979 2142; x_wconf 82' lang='lat' dir='ltr'><strong>intellecta</strong></span> <span class='ocrx_word' id='word_1_362' title='bbox 3009 2083 3110 2155; x_wconf 88' lang='lat' dir='ltr'><strong>(a).</strong></span> <span class='ocrx_word' id='word_1_363' title='bbox 3142 2083 3260 2138; x_wconf 81' lang='lat' dir='ltr'><strong>Non</strong></span> <span class='ocrx_word' id='word_1_364' title='bbox 3289 2087 3434 2138; x_wconf 88' lang='lat' dir='ltr'><strong>enim</strong></span> <span class='ocrx_word' id='word_1_365' title='bbox 3488 2093 3671 2154; x_wconf 84' lang='lat' dir='ltr'><strong>potest</strong></span> 
     </span>
    </p>
   </div>
   <div class='ocr_carea' id='block_1_49' title="bbox 2085 2176 3669 2248">
    <p class='ocr_par' dir='ltr' id='par_1_49' title="bbox 2085 2176 3669 2248">
     <span class='ocr_line' id='line_1_49' title="bbox 2085 2176 3669 2248; baseline -0.004 -12"><span class='ocrx_word' id='word_1_366' title='bbox 2085 2191 2280 2243; x_wconf 81' lang='lat' dir='ltr'><strong>natura</strong></span> <span class='ocrx_word' id='word_1_367' title='bbox 2332 2183 2567 2236; x_wconf 83' lang='lat' dir='ltr'><strong>humana</strong></span> <span class='ocrx_word' id='word_1_368' title='bbox 2621 2178 2825 2247; x_wconf 87' lang='lat' dir='ltr'><strong>aliquid</strong></span> <span class='ocrx_word' id='word_1_369' title='bbox 2875 2177 3051 2248; x_wconf 89' lang='lat' dir='ltr'><strong>majus</strong></span> <span class='ocrx_word' id='word_1_370' title='bbox 3086 2177 3163 2246; x_wconf 72' lang='grc' dir='ltr'><strong>(ὁ)</strong></span> <span class='ocrx_word' id='word_1_371' title='bbox 3211 2176 3266 2230; x_wconf 93' lang='lat' dir='ltr'><strong>in</strong></span> <span class='ocrx_word' id='word_1_372' title='bbox 3303 2177 3412 2231; x_wconf 92' lang='lat' dir='ltr'><strong>Deo</strong></span> <span class='ocrx_word' id='word_1_373' title='bbox 3462 2177 3669 2241; x_wconf 84' lang='lat' dir='ltr'><strong>dicere,</strong></span> 
     </span>
    </p>
   </div>
   <div class='ocr_carea' id='block_1_50' title="bbox 2088 2267 3670 2342">
    <p class='ocr_par' dir='ltr' id='par_1_50' title="bbox 2088 2267 3670 2342">
     <span class='ocr_line' id='line_1_50' title="bbox 2088 2267 3670 2342; baseline -0.004 -15"><span class='ocrx_word' id='word_1_374' title='bbox 2088 2289 2252 2342; x_wconf 89' lang='lat' dir='ltr'><strong>quam</strong></span> <span class='ocrx_word' id='word_1_375' title='bbox 2285 2274 2584 2329; x_wconf 89' lang='lat' dir='ltr'><strong>secundum</strong></span> <span class='ocrx_word' id='word_1_376' title='bbox 2617 2287 2676 2326; x_wconf 89' lang='lat' dir='ltr'><strong>se</strong></span> <span class='ocrx_word' id='word_1_377' title='bbox 2707 2270 2787 2340; x_wconf 70' lang='lat'><strong>(2)</strong></span> <span class='ocrx_word' id='word_1_378' title='bbox 2812 2287 2832 2336; x_wconf 88' lang='lat'><strong><em>;</em></strong></span> <span class='ocrx_word' id='word_1_379' title='bbox 2870 2271 3077 2325; x_wconf 90' lang='lat' dir='ltr'><strong>idcirco</strong></span> <span class='ocrx_word' id='word_1_380' title='bbox 3114 2267 3512 2324; x_wconf 87' lang='lat' dir='ltr'><strong>consuetudine</strong></span> <span class='ocrx_word' id='word_1_381' title='bbox 3542 2282 3670 2336; x_wconf 84' lang='lat' dir='ltr'><strong>pro-</strong></span> 
     </span>
    </p>
   </div>
   <div class='ocr_carea' id='block_1_51' title="bbox 2087 2345 3721 2435">
    <p class='ocr_par' dir='ltr' id='par_1_51' title="bbox 2087 2345 3721 2435">
     <span class='ocr_line' id='line_1_51' title="bbox 2087 2345 3721 2435; baseline -0.003 -16"><span class='ocrx_word' id='word_1_382' title='bbox 2087 2366 2208 2435; x_wconf 87' lang='lat' dir='ltr'><strong>pria</strong></span> <span class='ocrx_word' id='word_1_383' title='bbox 2249 2365 2474 2429; x_wconf 84' lang='lat' dir='ltr'><strong>utimur,</strong></span> <span class='ocrx_word' id='word_1_384' title='bbox 2526 2378 2648 2419; x_wconf 88' lang='lat' dir='ltr'><strong>cum</strong></span> <span class='ocrx_word' id='word_1_385' title='bbox 2691 2378 2755 2417; x_wconf 84' lang='lat' dir='ltr'><strong>ea</strong></span> <span class='ocrx_word' id='word_1_386' title='bbox 2789 2345 2910 2432; x_wconf 71' lang='lat' dir='ltr'><strong>quae</strong></span> <span class='ocrx_word' id='word_1_387' title='bbox 2957 2371 3170 2416; x_wconf 71' lang='lat' dir='ltr'><strong>naturae</strong></span> <span class='ocrx_word' id='word_1_388' title='bbox 3222 2370 3422 2415; x_wconf 70' lang='lat' dir='ltr'><strong>noetra:</strong></span> <span class='ocrx_word' id='word_1_389' title='bbox 3467 2374 3676 2415; x_wconf 86' lang='lat' dir='ltr'><strong>conve-</strong></span> <span class='ocrx_word' id='word_1_390' title='bbox 3714 2427 3721 2435; x_wconf 40' lang='lat'><strong><em>.</em></strong></span> 
     </span>
    </p>
   </div>
   <div class='ocr_carea' id='block_1_52' title="bbox 2089 2453 3673 2527">
    <p class='ocr_par' dir='ltr' id='par_1_52' title="bbox 2089 2453 3673 2527">
     <span class='ocr_line' id='line_1_52' title="bbox 2089 2453 3673 2527; baseline -0.002 -14"><span class='ocrx_word' id='word_1_391' title='bbox 2089 2459 2271 2520; x_wconf 78' lang='lat' dir='ltr'><strong>uiunt,</strong></span> <span class='ocrx_word' id='word_1_392' title='bbox 2303 2457 2574 2527; x_wconf 74' lang='lat' dir='ltr'><strong>majorum</strong></span> <span class='ocrx_word' id='word_1_393' title='bbox 2605 2471 2789 2511; x_wconf 89' lang='lat' dir='ltr'><strong>rerum</strong></span> <span class='ocrx_word' id='word_1_394' title='bbox 2816 2454 3068 2524; x_wconf 75' lang='lat' dir='ltr'><strong>exempla</strong></span> <span class='ocrx_word' id='word_1_395' title='bbox 3101 2453 3359 2518; x_wconf 78' lang='lat' dir='ltr'><strong>iacimus,</strong></span> <span class='ocrx_word' id='word_1_396' title='bbox 3400 2463 3462 2509; x_wconf 89' lang='lat' dir='ltr'><strong>ut</strong></span> <span class='ocrx_word' id='word_1_397' title='bbox 3491 2453 3582 2523; x_wconf 91' lang='lat' dir='ltr'><strong>qui</strong></span> <span class='ocrx_word' id='word_1_398' title='bbox 3615 2453 3673 2510; x_wconf 89' lang='lat' dir='ltr'><strong>in</strong></span> 
     </span>
    </p>
   </div>
   <div class='ocr_carea' id='block_1_53' title="bbox 2088 2546 3674 2620">
    <p class='ocr_par' dir='ltr' id='par_1_53' title="bbox 2088 2546 3674 2620">
     <span class='ocr_line' id='line_1_53' title="bbox 2088 2546 3674 2620; baseline -0.002 -16"><span class='ocrx_word' id='word_1_399' title='bbox 2088 2566 2254 2620; x_wconf 87' lang='lat' dir='ltr'><strong>parva</strong></span> <span class='ocrx_word' id='word_1_400' title='bbox 2297 2550 2477 2605; x_wconf 86' lang='lat' dir='ltr'><strong>tabula</strong></span> <span class='ocrx_word' id='word_1_401' title='bbox 2507 2549 2703 2603; x_wconf 86' lang='lat' dir='ltr'><strong>orbem</strong></span> <span class='ocrx_word' id='word_1_402' title='bbox 2741 2548 2864 2604; x_wconf 84' lang='lat' dir='ltr'><strong>coeli</strong></span> <span class='ocrx_word' id='word_1_403' title='bbox 2915 2547 3253 2603; x_wconf 77' lang='lat' dir='ltr'><strong>describam.</strong></span> <span class='ocrx_word' id='word_1_404' title='bbox 3294 2546 3440 2602; x_wconf 89' lang='lat' dir='ltr'><strong>Idem</strong></span> <span class='ocrx_word' id='word_1_405' title='bbox 3493 2548 3546 2601; x_wconf 89' lang='lat' dir='ltr'><strong>in</strong></span> <span class='ocrx_word' id='word_1_406' title='bbox 3579 2561 3674 2601; x_wconf 58' lang='lat' dir='ltr'><strong>eoo</strong></span> 
     </span>
    </p>
   </div>
   <div class='ocr_carea' id='block_1_54' title="bbox 2085 2638 3674 2710">
    <p class='ocr_par' dir='ltr' id='par_1_54' title="bbox 2085 2638 3674 2710">
     <span class='ocr_line' id='line_1_54' title="bbox 2085 2638 3674 2710; baseline -0.004 -12"><span class='ocrx_word' id='word_1_407' title='bbox 2085 2643 2207 2698; x_wconf 89' lang='lat' dir='ltr'><strong>dem</strong></span> <span class='ocrx_word' id='word_1_408' title='bbox 2235 2641 2410 2697; x_wconf 88' lang='lat' dir='ltr'><strong>libro:</strong></span> <span class='ocrx_word' id='word_1_409' title='bbox 2441 2640 2722 2710; x_wconf 83' lang='lat' dir='ltr'><strong>Sapientis</strong></span> <span class='ocrx_word' id='word_1_410' title='bbox 2749 2649 2834 2695; x_wconf 89' lang='lat' dir='ltr'><strong>est</strong></span> <span class='ocrx_word' id='word_1_411' title='bbox 2868 2639 3075 2702; x_wconf 87' lang='lat' dir='ltr'><strong>dicere,</strong></span> <span class='ocrx_word' id='word_1_412' title='bbox 3100 2639 3234 2692; x_wconf 83' lang='lat' dir='ltr'><strong>nihil</strong></span> <span class='ocrx_word' id='word_1_413' title='bbox 3265 2638 3515 2693; x_wconf 89' lang='lat' dir='ltr'><strong>accidere</strong></span> <span class='ocrx_word' id='word_1_414' title='bbox 3543 2640 3674 2693; x_wconf 81' lang='lat' dir='ltr'><strong>sub-</strong></span> 
     </span>
    </p>
   </div>
   <div class='ocr_carea' id='block_1_55' title="bbox 2088 2729 3662 2803">
    <p class='ocr_par' dir='ltr' id='par_1_55' title="bbox 2088 2729 3662 2803">
     <span class='ocr_line' id='line_1_55' title="bbox 2088 2729 3662 2803; baseline -0.004 -13"><span class='ocrx_word' id='word_1_415' title='bbox 2088 2735 2305 2790; x_wconf 62' lang='lat' dir='ltr'><strong>stantia</strong></span> <span class='ocrx_word' id='word_1_416' title='bbox 2355 2733 2474 2796; x_wconf 90' lang='lat' dir='ltr'><strong>Dei,</strong></span> <span class='ocrx_word' id='word_1_417' title='bbox 2525 2733 2650 2803; x_wconf 82' lang='lat' dir='ltr'><strong>quia</strong></span> <span class='ocrx_word' id='word_1_418' title='bbox 2701 2732 2865 2788; x_wconf 89' lang='lat' dir='ltr'><strong>habet</strong></span> <span class='ocrx_word' id='word_1_419' title='bbox 2895 2747 2967 2788; x_wconf 79' lang='lat' dir='ltr'><strong>ex</strong></span> <span class='ocrx_word' id='word_1_420' title='bbox 3002 2747 3062 2786; x_wconf 87' lang='lat' dir='ltr'><strong>se</strong></span> <span class='ocrx_word' id='word_1_421' title='bbox 3089 2732 3206 2800; x_wconf 87' lang='lat' dir='ltr'><strong>ipsa</strong></span> <span class='ocrx_word' id='word_1_422' title='bbox 3245 2729 3662 2801; x_wconf 80' lang='lat' dir='ltr'><strong>perfectionem,</strong></span> 
     </span>
    </p>
   </div>
   <div class='ocr_carea' id='block_1_56' title="bbox 2089 2824 3674 2895">
    <p class='ocr_par' dir='ltr' id='par_1_56' title="bbox 2089 2824 3674 2895">
     <span class='ocr_line' id='line_1_56' title="bbox 2089 2824 3674 2895; baseline -0.003 -13"><span class='ocrx_word' id='word_1_423' title='bbox 2089 2829 2184 2882; x_wconf 89' lang='lat' dir='ltr'><strong>sed</strong></span> <span class='ocrx_word' id='word_1_424' title='bbox 2232 2827 2485 2881; x_wconf 84' lang='lat' dir='ltr'><strong>videmus</strong></span> <span class='ocrx_word' id='word_1_425' title='bbox 2520 2825 2664 2895; x_wconf 90' lang='lat' dir='ltr'><strong>quod</strong></span> <span class='ocrx_word' id='word_1_426' title='bbox 2699 2825 2871 2878; x_wconf 89' lang='lat' dir='ltr'><strong>multa</strong></span> <span class='ocrx_word' id='word_1_427' title='bbox 2911 2824 3050 2878; x_wconf 87' lang='lat' dir='ltr'><strong>ratio</strong></span> <span class='ocrx_word' id='word_1_428' title='bbox 3082 2833 3242 2893; x_wconf 77' lang='lat' dir='ltr'><strong>coget</strong></span> <span class='ocrx_word' id='word_1_429' title='bbox 3272 2838 3372 2876; x_wconf 85' lang='lat' dir='ltr'><strong>uos</strong></span> <span class='ocrx_word' id='word_1_430' title='bbox 3409 2824 3476 2877; x_wconf 89' lang='lat' dir='ltr'><strong>ad</strong></span> <span class='ocrx_word' id='word_1_431' title='bbox 3515 2824 3674 2877; x_wconf 67' lang='lat' dir='ltr'><strong>intot-</strong></span> 
     </span>
    </p>
   </div>
   <div class='ocr_carea' id='block_1_57' title="bbox 2089 2913 3672 2986">
    <p class='ocr_par' dir='ltr' id='par_1_57' title="bbox 2089 2913 3672 2986">
     <span class='ocr_line' id='line_1_57' title="bbox 2089 2913 3672 2986; baseline -0.001 -15"><span class='ocrx_word' id='word_1_432' title='bbox 2089 2916 2365 2986; x_wconf 77' lang='lat' dir='ltr'><strong>Iigendum</strong></span> <span class='ocrx_word' id='word_1_433' title='bbox 2404 2917 2457 2970; x_wconf 92' lang='lat' dir='ltr'><strong>in</strong></span> <span class='ocrx_word' id='word_1_434' title='bbox 2486 2916 2594 2970; x_wconf 89' lang='lat' dir='ltr'><strong>Deo</strong></span> <span class='ocrx_word' id='word_1_435' title='bbox 2610 2924 2873 2986; x_wconf 88' lang='lat' dir='ltr'><strong>tanquam</strong></span> <span class='ocrx_word' id='word_1_436' title='bbox 2901 2914 3207 2970; x_wconf 90' lang='lat' dir='ltr'><strong>accidentia</strong></span> <span class='ocrx_word' id='word_1_437' title='bbox 3235 2929 3298 2970; x_wconf 90' lang='lat' dir='ltr'><strong>ea</strong></span> <span class='ocrx_word' id='word_1_438' title='bbox 3333 2930 3453 2986; x_wconf 73' lang='lat' dir='ltr'><strong>quae</strong></span> <span class='ocrx_word' id='word_1_439' title='bbox 3480 2913 3672 2982; x_wconf 68' lang='lat' dir='ltr'><strong>hujus-</strong></span> 
     </span>
    </p>
   </div>
   <div class='ocr_carea' id='block_1_58' title="bbox 2089 3007 3671 3079">
    <p class='ocr_par' dir='ltr' id='par_1_58' title="bbox 2089 3007 3671 3079">
     <span class='ocr_line' id='line_1_58' title="bbox 2089 3007 3671 3079; baseline 0 -15"><span class='ocrx_word' id='word_1_440' title='bbox 2089 3009 2234 3064; x_wconf 83' lang='lat' dir='ltr'><strong>modi</strong></span> <span class='ocrx_word' id='word_1_441' title='bbox 2265 3017 2417 3074; x_wconf 88' lang='lat' dir='ltr'><strong>sunt,</strong></span> <span class='ocrx_word' id='word_1_442' title='bbox 2471 3008 2574 3064; x_wconf 90' lang='lat' dir='ltr'><strong>etsi</strong></span> <span class='ocrx_word' id='word_1_443' title='bbox 2621 3012 2840 3079; x_wconf 77' lang='lat' dir='ltr'><strong>penitus</strong></span> <span class='ocrx_word' id='word_1_444' title='bbox 2887 3022 2996 3062; x_wconf 86' lang='lat' dir='ltr'><strong>non</strong></span> <span class='ocrx_word' id='word_1_445' title='bbox 3044 3007 3385 3064; x_wconf 86' lang='lat' dir='ltr'><strong>acciderunt.</strong></span> <span class='ocrx_word' id='word_1_446' title='bbox 3415 3007 3484 3064; x_wconf 86' lang='lat' dir='ltr'><strong>Et</strong></span> <span class='ocrx_word' id='word_1_447' title='bbox 3527 3008 3671 3064; x_wconf 82' lang='lat' dir='ltr'><strong>idem</strong></span> 
     </span>
    </p>
   </div>
   <div class='ocr_carea' id='block_1_59' title="bbox 2091 3097 3673 3168">
    <p class='ocr_par' dir='ltr' id='par_1_59' title="bbox 2091 3097 3673 3168">
     <span class='ocr_line' id='line_1_59' title="bbox 2091 3097 3673 3168; baseline 0 -14"><span class='ocrx_word' id='word_1_448' title='bbox 2091 3101 2306 3154; x_wconf 89' lang='lat' dir='ltr'><strong>adhuc:</strong></span> <span class='ocrx_word' id='word_1_449' title='bbox 2365 3097 2421 3153; x_wconf 85' lang='lat' dir='ltr'><strong>Si</strong></span> <span class='ocrx_word' id='word_1_450' title='bbox 2471 3112 2606 3168; x_wconf 79' lang='lat' dir='ltr'><strong>ergo</strong></span> <span class='ocrx_word' id='word_1_451' title='bbox 2627 3099 2874 3168; x_wconf 59' lang='lat' dir='ltr'><strong>quaedam</strong></span> <span class='ocrx_word' id='word_1_452' title='bbox 2925 3111 3016 3151; x_wconf 88' lang='lat' dir='ltr'><strong>res</strong></span> <span class='ocrx_word' id='word_1_453' title='bbox 3064 3106 3322 3167; x_wconf 78' lang='lat' dir='ltr'><strong>tanquam</strong></span> <span class='ocrx_word' id='word_1_454' title='bbox 3369 3100 3673 3155; x_wconf 79' lang='lat' dir='ltr'><strong>accidentia</strong></span> 
     </span>
    </p>
   </div>
   <div class='ocr_carea' id='block_1_60' title="bbox 408 3187 3672 3285">
    <p class='ocr_par' dir='ltr' id='par_1_60' title="bbox 408 3187 3672 3285">
     <span class='ocr_line' id='line_1_60' title="bbox 408 3187 3672 3285; baseline 0.001 -44"><span class='ocrx_word' id='word_1_455' title='bbox 408 3188 1026 3256; x_wconf 67' lang='lat' dir='ltr'><strong>beripturas‘Dominum</strong></span> <span class='ocrx_word' id='word_1_456' title='bbox 1074 3188 1278 3244; x_wconf 85' lang='lat' dir='ltr'><strong>Filium</strong></span> <span class='ocrx_word' id='word_1_457' title='bbox 1331 3191 1535 3254; x_wconf 83' lang='lat' dir='ltr'><strong>Patris,</strong></span> <span class='ocrx_word' id='word_1_458' title='bbox 1573 3201 1629 3246; x_wconf 89' lang='lat' dir='ltr'><strong>et</strong></span> <span class='ocrx_word' id='word_1_459' title='bbox 1663 3198 1790 3246; x_wconf 88' lang='lat' dir='ltr'><strong>ante</strong></span> <span class='ocrx_word' id='word_1_460' title='bbox 1839 3191 2057 3285; x_wconf 80' lang='lat' dir='ltr'><strong>ipsasc</strong></span> <span class='ocrx_word' id='word_1_461' title='bbox 2095 3193 2226 3255; x_wconf 81' lang='lat' dir='ltr'><strong>Deo,</strong></span> <span class='ocrx_word' id='word_1_462' title='bbox 2284 3190 2684 3258; x_wconf 78' lang='lat' dir='ltr'><strong>intelliguntur,</strong></span> <span class='ocrx_word' id='word_1_463' title='bbox 2736 3189 2866 3258; x_wconf 86' lang='lat' dir='ltr'><strong>quid</strong></span> <span class='ocrx_word' id='word_1_464' title='bbox 2924 3187 3127 3242; x_wconf 78' lang='lat' dir='ltr'><strong>frustra</strong></span> <span class='ocrx_word' id='word_1_465' title='bbox 3177 3188 3514 3245; x_wconf 87' lang='lat' dir='ltr'><strong>contenditis</strong></span> <span class='ocrx_word' id='word_1_466' title='bbox 3563 3207 3672 3245; x_wconf 88' lang='lat' dir='ltr'><strong>non</strong></span> 
     </span>
    </p>
   </div>
   <div class='ocr_carea' id='block_1_61' title="bbox 405 3280 1985 3349">
    <p class='ocr_par' dir='ltr' id='par_1_61' title="bbox 405 3280 1985 3349">
     <span class='ocr_line' id='line_1_61' title="bbox 405 3280 1985 3349; baseline 0 -13"><span class='ocrx_word' id='word_1_467' title='bbox 405 3280 544 3336; x_wconf 85' lang='lat' dir='ltr'><strong>idem</strong></span> <span class='ocrx_word' id='word_1_468' title='bbox 574 3281 733 3336; x_wconf 83' lang='lat' dir='ltr'><strong>Pater</strong></span> <span class='ocrx_word' id='word_1_469' title='bbox 749 3281 924 3335; x_wconf 88' lang='lat' dir='ltr'><strong>dixit:</strong></span> <span class='ocrx_word' id='word_1_470' title='bbox 951 3280 1050 3336; x_wconf 83' lang='lat' dir='ltr'><strong>Hic</strong></span> <span class='ocrx_word' id='word_1_471' title='bbox 1078 3292 1156 3335; x_wconf 84' lang='lat' dir='ltr'><strong>est</strong></span> <span class='ocrx_word' id='word_1_472' title='bbox 1182 3280 1357 3336; x_wconf 81' lang='lat' dir='ltr'><strong>Filius</strong></span> <span class='ocrx_word' id='word_1_473' title='bbox 1382 3299 1528 3339; x_wconf 80' lang='lat' dir='ltr'><strong>meus</strong></span> <span class='ocrx_word' id='word_1_474' title='bbox 1554 3283 1775 3338; x_wconf 72' lang='lat' dir='ltr'><strong>dilectus</strong></span> <span class='ocrx_word' id='word_1_475' title='bbox 1794 3283 1838 3315; x_wconf 72' lang='grc'><strong>³⁸</strong></span> <span class='ocrx_word' id='word_1_476' title='bbox 1863 3300 1880 3349; x_wconf 90' lang='grc'><strong><em>;</em></strong></span> <span class='ocrx_word' id='word_1_477' title='bbox 1924 3283 1985 3336; x_wconf 79' lang='lat' dir='ltr'><strong>ii-</strong></span> 
     </span>
    </p>
   </div>
   <div class='ocr_carea' id='block_1_62' title="bbox 2091 3277 3671 3346">
    <p class='ocr_par' dir='ltr' id='par_1_62' title="bbox 2091 3277 3671 3346">
     <span class='ocr_line' id='line_1_62' title="bbox 2091 3277 3671 3346; baseline -0.003 -9"><span class='ocrx_word' id='word_1_478' title='bbox 2091 3296 2212 3338; x_wconf 84' lang='lat' dir='ltr'><strong>esse</strong></span> <span class='ocrx_word' id='word_1_479' title='bbox 2243 3281 2530 3336; x_wconf 89' lang='lat' dir='ltr'><strong>dicendum</strong></span> <span class='ocrx_word' id='word_1_480' title='bbox 2567 3279 2838 3336; x_wconf 87' lang='lat' dir='ltr'><strong>accidisse</strong></span> <span class='ocrx_word' id='word_1_481' title='bbox 2871 3278 2980 3332; x_wconf 87' lang='lat' dir='ltr'><strong>Deo</strong></span> <span class='ocrx_word' id='word_1_482' title='bbox 3014 3277 3315 3346; x_wconf 79' lang='lat' dir='ltr'><strong>ingenitum</strong></span> <span class='ocrx_word' id='word_1_483' title='bbox 3370 3294 3512 3342; x_wconf 88' lang='lat' dir='ltr'><strong>esse,</strong></span> <span class='ocrx_word' id='word_1_484' title='bbox 3546 3294 3671 3335; x_wconf 89' lang='lat' dir='ltr'><strong>cmn</strong></span> 
     </span>
    </p>
   </div>
   <div class='ocr_carea' id='block_1_63' title="bbox 405 3369 3672 3444">
    <p class='ocr_par' dir='ltr' id='par_1_63' title="bbox 405 3369 3672 3444">
     <span class='ocr_line' id='line_1_63' title="bbox 405 3369 3672 3444; baseline -0.001 -17"><span class='ocrx_word' id='word_1_485' title='bbox 405 3373 516 3428; x_wconf 86' lang='lat' dir='ltr'><strong>lius</strong></span> <span class='ocrx_word' id='word_1_486' title='bbox 537 3385 719 3427; x_wconf 88' lang='lat' dir='ltr'><strong>autem</strong></span> <span class='ocrx_word' id='word_1_487' title='bbox 753 3374 889 3428; x_wconf 85' lang='lat' dir='ltr'><strong>nihil</strong></span> <span class='ocrx_word' id='word_1_488' title='bbox 917 3373 1060 3427; x_wconf 89' lang='lat' dir='ltr'><strong>aliud</strong></span> <span class='ocrx_word' id='word_1_489' title='bbox 1082 3385 1186 3437; x_wconf 87' lang='lat' dir='ltr'><strong>est,</strong></span> <span class='ocrx_word' id='word_1_490' title='bbox 1224 3373 1325 3428; x_wconf 87' lang='lat' dir='ltr'><strong>nisi</strong></span> <span class='ocrx_word' id='word_1_491' title='bbox 1349 3375 1492 3428; x_wconf 76' lang='lat' dir='ltr'><strong>fetus</strong></span> <span class='ocrx_word' id='word_1_492' title='bbox 1522 3389 1589 3428; x_wconf 76' lang='lat' dir='ltr'><strong>ex</strong></span> <span class='ocrx_word' id='word_1_493' title='bbox 1627 3369 1826 3444; x_wconf 76' lang='lat' dir='ltr'><strong>patre),</strong></span> <span class='ocrx_word' id='word_1_494' title='bbox 1849 3389 1990 3444; x_wconf 83' lang='lat' dir='ltr'><strong>quo-</strong></span> <span class='ocrx_word' id='word_1_495' title='bbox 2083 3373 2336 3442; x_wconf 56' lang='lat' dir='ltr'><strong>quadam</strong></span> <span class='ocrx_word' id='word_1_496' title='bbox 2363 3372 2672 3440; x_wconf 82' lang='lat' dir='ltr'><strong>hujusmodi</strong></span> <span class='ocrx_word' id='word_1_497' title='bbox 2707 3380 3025 3441; x_wconf 78' lang='lat' dir='ltr'><strong>appareant,</strong></span> <span class='ocrx_word' id='word_1_498' title='bbox 3060 3384 3184 3439; x_wconf 58' lang='lat' dir='ltr'><strong>qua}</strong></span> <span class='ocrx_word' id='word_1_499' title='bbox 3210 3379 3338 3425; x_wconf 80' lang='lat' dir='ltr'><strong>sunt</strong></span> <span class='ocrx_word' id='word_1_500' title='bbox 3369 3372 3672 3426; x_wconf 75' lang='lat' dir='ltr'><strong>serendum</strong></span> 
     </span>
    </p>
   </div>
   <div class='ocr_carea' id='block_1_64' title="bbox 412 3463 1988 3534">
    <p class='ocr_par' dir='ltr' id='par_1_64' title="bbox 412 3463 1988 3534">
     <span class='ocr_line' id='line_1_64' title="bbox 412 3463 1988 3534; baseline 0.001 -16"><span class='ocrx_word' id='word_1_501' title='bbox 412 3465 576 3519; x_wconf 89' lang='lat' dir='ltr'><strong>modo</strong></span> <span class='ocrx_word' id='word_1_502' title='bbox 602 3479 710 3520; x_wconf 88' lang='lat' dir='ltr'><strong>non</strong></span> <span class='ocrx_word' id='word_1_503' title='bbox 733 3467 986 3520; x_wconf 88' lang='lat' dir='ltr'><strong>videntur</strong></span> <span class='ocrx_word' id='word_1_504' title='bbox 1008 3463 1197 3520; x_wconf 87' lang='lat' dir='ltr'><strong>Patres</strong></span> <span class='ocrx_word' id='word_1_505' title='bbox 1215 3466 1349 3520; x_wconf 87' lang='lat' dir='ltr'><strong>bene</strong></span> <span class='ocrx_word' id='word_1_506' title='bbox 1376 3464 1580 3520; x_wconf 81' lang='lat' dir='ltr'><strong>dixisse</strong></span> <span class='ocrx_word' id='word_1_507' title='bbox 1595 3479 1659 3519; x_wconf 85' lang='lat' dir='ltr'><strong>ex</strong></span> <span class='ocrx_word' id='word_1_508' title='bbox 1683 3467 1988 3534; x_wconf 81' lang='lat' dir='ltr'><strong>substantia</strong></span> 
     </span>
    </p>
   </div>
   <div class='ocr_carea' id='block_1_65' title="bbox 406 3555 1989 3623">
    <p class='ocr_par' dir='ltr' id='par_1_65' title="bbox 406 3555 1989 3623">
     <span class='ocr_line' id='line_1_65' title="bbox 406 3555 1989 3623; baseline 0 -13"><span class='ocrx_word' id='word_1_509' title='bbox 406 3555 585 3610; x_wconf 83' lang='lat' dir='ltr'><strong>Patris</strong></span> <span class='ocrx_word' id='word_1_510' title='bbox 607 3572 728 3612; x_wconf 89' lang='lat' dir='ltr'><strong>esse</strong></span> <span class='ocrx_word' id='word_1_511' title='bbox 759 3557 976 3623; x_wconf 83' lang='lat' dir='ltr'><strong>Filium,</strong></span> <span class='ocrx_word' id='word_1_512' title='bbox 1009 3569 1161 3612; x_wconf 85' lang='lat' dir='ltr'><strong>recte</strong></span> <span class='ocrx_word' id='word_1_513' title='bbox 1197 3557 1445 3611; x_wconf 85' lang='lat' dir='ltr'><strong>arbitrati</strong></span> <span class='ocrx_word' id='word_1_514' title='bbox 1483 3556 1624 3610; x_wconf 89' lang='lat' dir='ltr'><strong>idem</strong></span> <span class='ocrx_word' id='word_1_515' title='bbox 1657 3571 1779 3612; x_wconf 88' lang='lat' dir='ltr'><strong>esse</strong></span> <span class='ocrx_word' id='word_1_516' title='bbox 1805 3557 1989 3611; x_wconf 86' lang='lat' dir='ltr'><strong>dicere</strong></span> 
     </span>
    </p>
   </div>
   <div class='ocr_carea' id='block_1_66' title="bbox 405 3647 1996 3718">
    <p class='ocr_par' dir='ltr' id='par_1_66' title="bbox 405 3647 1996 3718">
     <span class='ocr_line' id='line_1_66' title="bbox 405 3647 1996 3718; baseline -0.001 -17"><span class='ocrx_word' id='word_1_517' title='bbox 405 3664 470 3701; x_wconf 77' lang='lat' dir='ltr'><strong>ex</strong></span> <span class='ocrx_word' id='word_1_518' title='bbox 497 3647 628 3712; x_wconf 89' lang='lat' dir='ltr'><strong>Deo,</strong></span> <span class='ocrx_word' id='word_1_519' title='bbox 659 3660 714 3703; x_wconf 90' lang='lat' dir='ltr'><strong>et</strong></span> <span class='ocrx_word' id='word_1_520' title='bbox 748 3650 931 3704; x_wconf 89' lang='lat' dir='ltr'><strong>dicere</strong></span> <span class='ocrx_word' id='word_1_521' title='bbox 959 3665 1027 3704; x_wconf 84' lang='lat' dir='ltr'><strong>ex</strong></span> <span class='ocrx_word' id='word_1_522' title='bbox 1065 3648 1374 3704; x_wconf 85' lang='lat' dir='ltr'><strong>substantia</strong></span> <span class='ocrx_word' id='word_1_523' title='bbox 1411 3648 1553 3703; x_wconf 84' lang='lat' dir='ltr'><strong>Dei?</strong></span> <span class='ocrx_word' id='word_1_524' title='bbox 1589 3647 1666 3702; x_wconf 89' lang='lat' dir='ltr'><strong>Ex</strong></span> <span class='ocrx_word' id='word_1_525' title='bbox 1699 3647 1895 3718; x_wconf 88' lang='lat' dir='ltr'><strong>quibus</strong></span> <span class='ocrx_word' id='word_1_526' title='bbox 1925 3648 1996 3700; x_wconf 74' lang='lat' dir='ltr'><strong>tit-</strong></span> 
     </span>
    </p>
   </div>
   <div class='ocr_carea' id='block_1_67' title="bbox 407 3739 1985 3808">
    <p class='ocr_par' dir='ltr' id='par_1_67' title="bbox 407 3739 1985 3808">
     <span class='ocr_line' id='line_1_67' title="bbox 407 3739 1985 3808; baseline 0 -17"><span class='ocrx_word' id='word_1_527' title='bbox 407 3740 760 3793; x_wconf 82' lang='lat' dir='ltr'><strong>manifesmm</strong></span> <span class='ocrx_word' id='word_1_528' title='bbox 812 3742 954 3808; x_wconf 91' lang='lat' dir='ltr'><strong>quod</strong></span> <span class='ocrx_word' id='word_1_529' title='bbox 1006 3741 1059 3794; x_wconf 91' lang='lat' dir='ltr'><strong>in</strong></span> <span class='ocrx_word' id='word_1_530' title='bbox 1095 3741 1325 3805; x_wconf 90' lang='lat' dir='ltr'><strong>unitate,</strong></span> <span class='ocrx_word' id='word_1_531' title='bbox 1363 3753 1482 3808; x_wconf 74' lang='lat' dir='ltr'><strong>qua:</strong></span> <span class='ocrx_word' id='word_1_532' title='bbox 1515 3753 1680 3808; x_wconf 82' lang='lat' dir='ltr'><strong>supra</strong></span> <span class='ocrx_word' id='word_1_533' title='bbox 1729 3739 1985 3793; x_wconf 83' lang='lat' dir='ltr'><strong>substan-</strong></span> 
     </span>
    </p>
   </div>
   <div class='ocr_carea' id='block_1_68' title="bbox 409 3827 1984 3898">
    <p class='ocr_par' dir='ltr' id='par_1_68' title="bbox 409 3827 1984 3898">
     <span class='ocr_line' id='line_1_68' title="bbox 409 3827 1984 3898; baseline 0.001 -18"><span class='ocrx_word' id='word_1_534' title='bbox 409 3828 536 3882; x_wconf 90' lang='lat' dir='ltr'><strong>tiam</strong></span> <span class='ocrx_word' id='word_1_535' title='bbox 578 3837 681 3892; x_wconf 90' lang='lat' dir='ltr'><strong>est,</strong></span> <span class='ocrx_word' id='word_1_536' title='bbox 717 3842 821 3882; x_wconf 91' lang='lat' dir='ltr'><strong>non</strong></span> <span class='ocrx_word' id='word_1_537' title='bbox 858 3838 1077 3898; x_wconf 85' lang='lat' dir='ltr'><strong>oportet</strong></span> <span class='ocrx_word' id='word_1_538' title='bbox 1116 3843 1361 3898; x_wconf 82' lang='lat' dir='ltr'><strong>quaerere</strong></span> <span class='ocrx_word' id='word_1_539' title='bbox 1394 3827 1612 3882; x_wconf 87' lang='lat' dir='ltr'><strong>habitus</strong></span> <span class='ocrx_word' id='word_1_540' title='bbox 1657 3837 1711 3883; x_wconf 87' lang='lat' dir='ltr'><strong>et</strong></span> <span class='ocrx_word' id='word_1_541' title='bbox 1747 3827 1984 3895; x_wconf 88' lang='lat' dir='ltr'><strong>disposi-</strong></span> 
     </span>
    </p>
   </div>
   <div class='ocr_carea' id='block_1_69' title="bbox 481 3973 1568 4066">
    <p class='ocr_par' dir='ltr' id='par_1_69' title="bbox 481 3973 1568 4066">
     <span class='ocr_line' id='line_1_69' title="bbox 481 3973 1568 4066; baseline -0.008 -31"><span class='ocrx_word' id='word_1_542' title='bbox 481 3983 562 4014; x_wconf 80' lang='grc'><strong>⁶⁸¹</strong></span> <span class='ocrx_word' id='word_1_543' title='bbox 597 3979 768 4035; x_wconf 80' lang='lat' dir='ltr'><strong>Exod.</strong></span> <span class='ocrx_word' id='word_1_544' title='bbox 825 3991 906 4044; x_wconf 87' lang='lat' dir='ltr'><strong>ut,</strong></span> <span class='ocrx_word' id='word_1_545' title='bbox 958 3976 1046 4030; x_wconf 73' lang='lat' dir='ltr'><strong>M.</strong></span> <span class='ocrx_word' id='word_1_546' title='bbox 1124 3976 1170 4008; x_wconf 83' lang='grc'>⁸⁸</span> <span class='ocrx_word' id='word_1_547' title='bbox 1221 3974 1360 4032; x_wconf 82' lang='lat' dir='ltr'><strong>Gen.</strong></span> <span class='ocrx_word' id='word_1_548' title='bbox 1398 3991 1440 4040; x_wconf 90' lang='grc' dir='ltr'>ι,</span> <span class='ocrx_word' id='word_1_549' title='bbox 1498 3973 1568 4066; x_wconf 26' lang='grc'><strong>1.,</strong></span> 
     </span>
    </p>
   </div>
   <div class='ocr_carea' id='block_1_70' title="bbox 1623 3971 2070 4039">
    <p class='ocr_par' dir='ltr' id='par_1_70' title="bbox 1623 3971 2070 4039">
     <span class='ocr_line' id='line_1_70' title="bbox 1623 3971 2070 4039; baseline 0.013 -15"><span class='ocrx_word' id='word_1_550' title='bbox 1623 3975 1666 4007; x_wconf 69' lang='grc'><strong>⁸⁷</strong></span> <span class='ocrx_word' id='word_1_551' title='bbox 1699 3971 1866 4032; x_wconf 89' lang='lat' dir='ltr'><strong>Deut.</strong></span> <span class='ocrx_word' id='word_1_552' title='bbox 1900 3991 1980 4039; x_wconf 88' lang='lat' dir='ltr'><strong>vt,</strong></span> <span class='ocrx_word' id='word_1_553' title='bbox 2014 3974 2070 4030; x_wconf 74' lang='grc'><strong>4.</strong></span> 
     </span>
    </p>
   </div>
   <div class='ocr_carea' id='block_1_71' title="bbox 2089 3460 3672 3532">
    <p class='ocr_par' dir='ltr' id='par_1_71' title="bbox 2089 3460 3672 3532">
     <span class='ocr_line' id='line_1_71' title="bbox 2089 3460 3672 3532; baseline -0.001 -13"><span class='ocrx_word' id='word_1_554' title='bbox 2089 3464 2454 3519; x_wconf 85' lang='lat' dir='ltr'><strong>substantiam</strong></span> <span class='ocrx_word' id='word_1_555' title='bbox 2484 3463 2646 3532; x_wconf 79' lang='lat' dir='ltr'><strong>ejus?</strong></span> <span class='ocrx_word' id='word_1_556' title='bbox 2675 3460 2742 3515; x_wconf 88' lang='lat' dir='ltr'><strong>Et</strong></span> <span class='ocrx_word' id='word_1_557' title='bbox 2773 3477 2966 3516; x_wconf 86' lang='lat' dir='ltr'><strong>rursus</strong></span> <span class='ocrx_word' id='word_1_558' title='bbox 3013 3461 3154 3515; x_wconf 90' lang='lat' dir='ltr'><strong>idem</strong></span> <span class='ocrx_word' id='word_1_559' title='bbox 3187 3478 3202 3516; x_wconf 91' lang='lat'><strong>:</strong></span> <span class='ocrx_word' id='word_1_560' title='bbox 3238 3462 3353 3516; x_wconf 83' lang='lat' dir='ltr'><strong>Non</strong></span> <span class='ocrx_word' id='word_1_561' title='bbox 3399 3462 3546 3516; x_wconf 88' lang='lat' dir='ltr'><strong>enim</strong></span> <span class='ocrx_word' id='word_1_562' title='bbox 3585 3472 3672 3517; x_wconf 86' lang='lat' dir='ltr'><strong>est</strong></span> 
     </span>
    </p>
   </div>
   <div class='ocr_carea' id='block_1_72' title="bbox 2089 3551 3676 3622">
    <p class='ocr_par' dir='ltr' id='par_1_72' title="bbox 2089 3551 3676 3622">
     <span class='ocr_line' id='line_1_72' title="bbox 2089 3551 3676 3622; baseline -0.001 -13"><span class='ocrx_word' id='word_1_563' title='bbox 2089 3555 2395 3609; x_wconf 75' lang='lat' dir='ltr'><strong>substantia</strong></span> <span class='ocrx_word' id='word_1_564' title='bbox 2443 3552 2536 3606; x_wconf 88' lang='lat' dir='ltr'><strong>Dei</strong></span> <span class='ocrx_word' id='word_1_565' title='bbox 2572 3551 2896 3622; x_wconf 79' lang='lat' dir='ltr'><strong>ingenitum’,</strong></span> <span class='ocrx_word' id='word_1_566' title='bbox 2948 3561 3043 3604; x_wconf 87' lang='lat' dir='ltr'><strong>aut</strong></span> <span class='ocrx_word' id='word_1_567' title='bbox 3091 3552 3529 3621; x_wconf 86' lang='lat' dir='ltr'><strong>incorruptibile,</strong></span> <span class='ocrx_word' id='word_1_568' title='bbox 3579 3561 3676 3608; x_wconf 86' lang='lat' dir='ltr'><strong>aut</strong></span> 
     </span>
    </p>
   </div>
   <div class='ocr_carea' id='block_1_73' title="bbox 2089 3643 3668 3714">
    <p class='ocr_par' dir='ltr' id='par_1_73' title="bbox 2089 3643 3668 3714">
     <span class='ocr_line' id='line_1_73' title="bbox 2089 3643 3668 3714; baseline 0 -18"><span class='ocrx_word' id='word_1_569' title='bbox 2089 3645 2424 3708; x_wconf 73' lang='lat' dir='ltr'><strong>immortale,</strong></span> <span class='ocrx_word' id='word_1_570' title='bbox 2457 3645 2542 3698; x_wconf 88' lang='lat' dir='ltr'><strong>vel</strong></span> <span class='ocrx_word' id='word_1_571' title='bbox 2590 3643 3006 3714; x_wconf 75' lang='lat' dir='ltr'><strong>inaspectabile,</strong></span> <span class='ocrx_word' id='word_1_572' title='bbox 3043 3658 3168 3697; x_wconf 86' lang='lat' dir='ltr'><strong>nam</strong></span> <span class='ocrx_word' id='word_1_573' title='bbox 3209 3645 3256 3698; x_wconf 87' lang='lat' dir='ltr'><strong>si</strong></span> <span class='ocrx_word' id='word_1_574' title='bbox 3315 3647 3668 3712; x_wconf 77' lang='lat' dir='ltr'><strong>unumquod-</strong></span> 
     </span>
    </p>
   </div>
   <div class='ocr_carea' id='block_1_74' title="bbox 2091 3734 3671 3808">
    <p class='ocr_par' dir='ltr' id='par_1_74' title="bbox 2091 3734 3671 3808">
     <span class='ocr_line' id='line_1_74' title="bbox 2091 3734 3671 3808; baseline -0.002 -15"><span class='ocrx_word' id='word_1_575' title='bbox 2091 3753 2199 3808; x_wconf 91' lang='lat' dir='ltr'><strong>que</strong></span> <span class='ocrx_word' id='word_1_576' title='bbox 2230 3737 2421 3791; x_wconf 90' lang='lat' dir='ltr'><strong>horum</strong></span> <span class='ocrx_word' id='word_1_577' title='bbox 2466 3735 2832 3791; x_wconf 86' lang='lat' dir='ltr'><strong>substantiam</strong></span> <span class='ocrx_word' id='word_1_578' title='bbox 2861 3734 2940 3804; x_wconf 70' lang='lat'><strong>(3)</strong></span> <span class='ocrx_word' id='word_1_579' title='bbox 2985 3735 3278 3804; x_wconf 78' lang='lat' dir='ltr'><strong>signiﬁcat,</strong></span> <span class='ocrx_word' id='word_1_580' title='bbox 3309 3751 3378 3790; x_wconf 80' lang='lat' dir='ltr'><strong>ex</strong></span> <span class='ocrx_word' id='word_1_581' title='bbox 3425 3745 3505 3789; x_wconf 91' lang='lat' dir='ltr'><strong>tot</strong></span> <span class='ocrx_word' id='word_1_582' title='bbox 3535 3736 3671 3790; x_wconf 86' lang='lat' dir='ltr'><strong>sub-</strong></span> 
     </span>
    </p>
   </div>
   <div class='ocr_carea' id='block_1_75' title="bbox 2091 3824 3677 3898">
    <p class='ocr_par' dir='ltr' id='par_1_75' title="bbox 2091 3824 3677 3898">
     <span class='ocr_line' id='line_1_75' title="bbox 2091 3824 3677 3898; baseline 0.001 -14"><span class='ocrx_word' id='word_1_583' title='bbox 2091 3829 2313 3884; x_wconf 84' lang='lat' dir='ltr'><strong>stantiis</strong></span> <span class='ocrx_word' id='word_1_584' title='bbox 2344 3825 2684 3897; x_wconf 84' lang='lat' dir='ltr'><strong>compositus</strong></span> <span class='ocrx_word' id='word_1_585' title='bbox 2731 3825 2838 3879; x_wconf 88' lang='lat' dir='ltr'><strong>erit</strong></span> <span class='ocrx_word' id='word_1_586' title='bbox 2870 3824 3037 3893; x_wconf 76' lang='lat' dir='ltr'><strong>Deus,</strong></span> <span class='ocrx_word' id='word_1_587' title='bbox 3067 3836 3202 3894; x_wconf 76' lang='lat' dir='ltr'><strong>quat</strong></span> <span class='ocrx_word' id='word_1_588' title='bbox 3242 3834 3375 3883; x_wconf 88' lang='lat' dir='ltr'><strong>suut</strong></span> <span class='ocrx_word' id='word_1_589' title='bbox 3418 3827 3520 3884; x_wconf 85' lang='lat' dir='ltr'><strong>ista</strong></span> <span class='ocrx_word' id='word_1_590' title='bbox 3550 3843 3677 3898; x_wconf 74' lang='lat' dir='ltr'><strong>quae</strong></span> 
     </span>
    </p>
   </div>
   <div class='ocr_carea' id='block_1_76' title="bbox 2151 3971 2688 4036">
    <p class='ocr_par' dir='ltr' id='par_1_76' title="bbox 2151 3971 2688 4036">
     <span class='ocr_line' id='line_1_76' title="bbox 2151 3971 2688 4036; baseline -0.004 -10"><span class='ocrx_word' id='word_1_591' title='bbox 2151 3975 2198 4006; x_wconf 79' lang='grc'>⁸⁸</span> <span class='ocrx_word' id='word_1_592' title='bbox 2239 3973 2432 4030; x_wconf 77' lang='lat' dir='ltr'><strong>Matth.</strong></span> <span class='ocrx_word' id='word_1_593' title='bbox 2466 3988 2598 4036; x_wconf 86' lang='lat' dir='ltr'><strong>xvu,</strong></span> <span class='ocrx_word' id='word_1_594' title='bbox 2632 3971 2688 4028; x_wconf 84' lang='lat'><strong>5.</strong></span> 
     </span>
    </p>
   </div>
   <div class='ocr_carea' id='block_1_77' title="bbox 1915 4109 2196 4175">
    <p class='ocr_par' dir='ltr' id='par_1_77' title="bbox 1915 4109 2196 4175">
     <span class='ocr_line' id='line_1_77' title="bbox 1915 4109 2196 4175; baseline -0.014 0"><span class='ocrx_word' id='word_1_595' title='bbox 1915 4109 2196 4175; x_wconf 70' lang='lat' dir='ltr'><strong>Schoha.</strong></span> 
     </span>
    </p>
   </div>
   <div class='ocr_carea' id='block_1_78' title="bbox 408 4232 3676 4315">
    <p class='ocr_par' dir='ltr' id='par_1_78' title="bbox 408 4232 3676 4315">
     <span class='ocr_line' id='line_1_78' title="bbox 408 4232 3676 4315; baseline -0.003 -14"><span class='ocrx_word' id='word_1_596' title='bbox 408 4257 660 4315; x_wconf 79' lang='lat' dir='ltr'><strong>tanquam</strong></span> <span class='ocrx_word' id='word_1_597' title='bbox 704 4243 984 4313; x_wconf 79' lang='lat' dir='ltr'><strong>complens</strong></span> <span class='ocrx_word' id='word_1_598' title='bbox 1023 4237 1390 4315; x_wconf 80' lang='lat' dir='ltr'><strong>substantiam</strong></span> <span class='ocrx_word' id='word_1_599' title='bbox 1437 4236 1594 4307; x_wconf 78' lang='lat' dir='ltr'><strong>ejus.</strong></span> <span class='ocrx_word' id='word_1_600' title='bbox 1629 4236 1724 4292; x_wconf 90' lang='lat' dir='ltr'><strong>sed</strong></span> <span class='ocrx_word' id='word_1_601' title='bbox 1770 4236 1974 4315; x_wconf 84' lang='lat' dir='ltr'><strong>aliquid</strong></span> <span class='ocrx_word' id='word_1_602' title='bbox 2075 4234 2514 4315; x_wconf 46' lang='lat' dir='ltr'><strong>quotusuutnista</strong></span> <span class='ocrx_word' id='word_1_603' title='bbox 2564 4251 2680 4315; x_wconf 59' lang='lat' dir='ltr'><strong>qua;</strong></span> <span class='ocrx_word' id='word_1_604' title='bbox 2738 4233 3075 4315; x_wconf 67' lang='lat' dir='ltr'><strong>reperiunth</strong></span> <span class='ocrx_word' id='word_1_605' title='bbox 3118 4232 3390 4315; x_wconf 67' lang='lat' dir='ltr'><strong>convenire</strong></span> <span class='ocrx_word' id='word_1_606' title='bbox 3434 4233 3676 4315; x_wconf 76' lang='lat' dir='ltr'><strong>illi__ito-</strong></span> 
     </span>
    </p>
   </div>
   <div class='ocr_carea' id='block_1_79' title="bbox 405 4310 1978 4383">
    <p class='ocr_par' dir='ltr' id='par_1_79' title="bbox 405 4310 1978 4383">
     <span class='ocr_line' id='line_1_79' title="bbox 405 4310 1978 4383; baseline -0.007 -11"><span class='ocrx_word' id='word_1_607' title='bbox 405 4310 548 4372; x_wconf 79' lang='lat' dir='ltr'><strong>circa</strong></span> <span class='ocrx_word' id='word_1_608' title='bbox 581 4318 754 4383; x_wconf 83' lang='lat' dir='ltr'><strong>ipsum</strong></span> <span class='ocrx_word' id='word_1_609' title='bbox 802 4310 1168 4375; x_wconf 66' lang='lat' dir='ltr'><strong>extrinsecus,</strong></span> <span class='ocrx_word' id='word_1_610' title='bbox 1217 4321 1276 4364; x_wconf 91' lang='lat' dir='ltr'><strong>ut</strong></span> <span class='ocrx_word' id='word_1_611' title='bbox 1304 4312 1702 4374; x_wconf 88' lang='lat' dir='ltr'><strong>indumentum,</strong></span> <span class='ocrx_word' id='word_1_612' title='bbox 1730 4319 1788 4361; x_wconf 91' lang='lat' dir='ltr'><strong>ut</strong></span> <span class='ocrx_word' id='word_1_613' title='bbox 1815 4310 1978 4377; x_wconf 80' lang='lat' dir='ltr'><strong>paulo</strong></span> 
     </span>
    </p>
   </div>
   <div class='ocr_carea' id='block_1_80' title="bbox 405 4383 1368 4454">
    <p class='ocr_par' dir='ltr' id='par_1_80' title="bbox 405 4383 1368 4454">
     <span class='ocr_line' id='line_1_80' title="bbox 405 4383 1368 4454; baseline -0.009 -12"><span class='ocrx_word' id='word_1_614' title='bbox 405 4401 568 4454; x_wconf 86' lang='lat' dir='ltr'><strong>supra</strong></span> <span class='ocrx_word' id='word_1_615' title='bbox 603 4387 812 4440; x_wconf 82' lang='lat' dir='ltr'><strong>dixerat</strong></span> <span class='ocrx_word' id='word_1_616' title='bbox 845 4385 987 4439; x_wconf 90' lang='lat' dir='ltr'><strong>idem</strong></span> <span class='ocrx_word' id='word_1_617' title='bbox 1014 4383 1368 4454; x_wconf 88' lang='lat' dir='ltr'><strong>Athanasius.</strong></span> 
     </span>
    </p>
   </div>
   <div class='ocr_carea' id='block_1_81' title="bbox 479 4448 1976 4527">
    <p class='ocr_par' dir='ltr' id='par_1_81' title="bbox 479 4448 1976 4527">
     <span class='ocr_line' id='line_1_81' title="bbox 479 4448 1976 4527; baseline -0.005 -18"><span class='ocrx_word' id='word_1_618' title='bbox 479 4448 553 4527; x_wconf 55' lang='lat' dir='ltr'><strong>&#39;(l)</strong></span> <span class='ocrx_word' id='word_1_619' title='bbox 591 4454 1007 4527; x_wconf 74' lang='lat' dir='ltr'><strong>Sadducworum</strong></span> <span class='ocrx_word' id='word_1_620' title='bbox 1038 4455 1233 4527; x_wconf 73' lang='lat' dir='ltr'><strong>potius.</strong></span> <span class='ocrx_word' id='word_1_621' title='bbox 1270 4448 1496 4518; x_wconf 83' lang='lat' dir='ltr'><strong>Antiqui</strong></span> <span class='ocrx_word' id='word_1_622' title='bbox 1530 4448 1840 4527; x_wconf 74' lang='lat' dir='ltr'><strong>ignorantes</strong></span> <span class='ocrx_word' id='word_1_623' title='bbox 1868 4448 1976 4527; x_wconf 81' lang='lat' dir='ltr'><strong>vim</strong></span> 
     </span>
    </p>
   </div>
   <div class='ocr_carea' id='block_1_82' title="bbox 407 4519 1982 4596">
    <p class='ocr_par' dir='ltr' id='par_1_82' title="bbox 407 4519 1982 4596">
     <span class='ocr_line' id='line_1_82' title="bbox 407 4519 1982 4596; baseline -0.006 -15"><span class='ocrx_word' id='word_1_624' title='bbox 407 4519 762 4596; x_wconf 74' lang='lat' dir='ltr'><strong>intelligendi,</strong></span> <span class='ocrx_word' id='word_1_625' title='bbox 806 4535 859 4578; x_wconf 85' lang='lat' dir='ltr'><strong>et</strong></span> <span class='ocrx_word' id='word_1_626' title='bbox 897 4540 1003 4578; x_wconf 90' lang='lat' dir='ltr'><strong>non</strong></span> <span class='ocrx_word' id='word_1_627' title='bbox 1032 4525 1434 4596; x_wconf 82' lang='lat' dir='ltr'><strong>distinguentes</strong></span> <span class='ocrx_word' id='word_1_628' title='bbox 1475 4535 1691 4596; x_wconf 80' lang='lat' dir='ltr'><strong>sensum</strong></span> <span class='ocrx_word' id='word_1_629' title='bbox 1723 4519 1792 4596; x_wconf 74' lang='lat' dir='ltr'><strong>ab</strong></span> <span class='ocrx_word' id='word_1_630' title='bbox 1823 4519 1982 4596; x_wconf 51' lang='lat' dir='ltr'><strong>intclf</strong></span> 
     </span>
    </p>
   </div>
   <div class='ocr_carea' id='block_1_83' title="bbox 405 4589 1978 4659">
    <p class='ocr_par' dir='ltr' id='par_1_83' title="bbox 405 4589 1978 4659">
     <span class='ocr_line' id='line_1_83' title="bbox 405 4589 1978 4659; baseline -0.007 -8"><span class='ocrx_word' id='word_1_631' title='bbox 405 4589 996 4659; x_wconf 36' lang='lat' dir='ltr'><strong>lectufexistinnaruut</strong></span> <span class='ocrx_word' id='word_1_632' title='bbox 1025 4595 1157 4646; x_wconf 88' lang='lat' dir='ltr'><strong>nihil</strong></span> <span class='ocrx_word' id='word_1_633' title='bbox 1188 4589 1307 4645; x_wconf 78' lang='lat' dir='ltr'><strong>esse</strong></span> <span class='ocrx_word' id='word_1_634' title='bbox 1340 4592 1392 4643; x_wconf 92' lang='lat' dir='ltr'><strong>in</strong></span> <span class='ocrx_word' id='word_1_635' title='bbox 1427 4592 1648 4654; x_wconf 90' lang='lat' dir='ltr'><strong>mundo,</strong></span> <span class='ocrx_word' id='word_1_636' title='bbox 1683 4589 1790 4642; x_wconf 88' lang='lat' dir='ltr'><strong>nisi</strong></span> <span class='ocrx_word' id='word_1_637' title='bbox 1837 4589 1978 4657; x_wconf 85' lang='lat' dir='ltr'><strong>quod</strong></span> 
     </span>
    </p>
   </div>
   <div class='ocr_carea' id='block_1_84' title="bbox 2077 4303 3672 4374">
    <p class='ocr_par' dir='ltr' id='par_1_84' title="bbox 2077 4303 3672 4374">
     <span class='ocr_line' id='line_1_84' title="bbox 2077 4303 3672 4374; baseline 0.002 -14"><span class='ocrx_word' id='word_1_638' title='bbox 2077 4303 2340 4360; x_wconf 73' lang='lat' dir='ltr'><strong>turaliter.</strong></span> <span class='ocrx_word' id='word_1_639' title='bbox 2371 4303 2583 4359; x_wconf 78' lang='lat' dir='ltr'><strong>Contra</strong></span> <span class='ocrx_word' id='word_1_640' title='bbox 2635 4303 2957 4357; x_wconf 84' lang='lat' dir='ltr'><strong>Eunomiqu</strong></span> <span class='ocrx_word' id='word_1_641' title='bbox 3026 4304 3304 4374; x_wconf 83' lang='lat' dir='ltr'><strong>disputans</strong></span> <span class='ocrx_word' id='word_1_642' title='bbox 3347 4306 3448 4359; x_wconf 90' lang='lat' dir='ltr'><strong>Itoc</strong></span> <span class='ocrx_word' id='word_1_643' title='bbox 3499 4308 3672 4374; x_wconf 83' lang='lat' dir='ltr'><strong>dicit;</strong></span> 
     </span>
    </p>
   </div>
   <div class='ocr_carea' id='block_1_85' title="bbox 2078 4373 3673 4450">
    <p class='ocr_par' dir='ltr' id='par_1_85' title="bbox 2078 4373 3673 4450">
     <span class='ocr_line' id='line_1_85' title="bbox 2078 4373 3673 4450; baseline 0.001 -20"><span class='ocrx_word' id='word_1_644' title='bbox 2078 4375 2171 4450; x_wconf 84' lang='lat' dir='ltr'><strong>ille</strong></span> <span class='ocrx_word' id='word_1_645' title='bbox 2194 4378 2362 4450; x_wconf 84' lang='lat' dir='ltr'><strong>enim,</strong></span> <span class='ocrx_word' id='word_1_646' title='bbox 2393 4377 2514 4450; x_wconf 82' lang='lat' dir='ltr'><strong>quia</strong></span> <span class='ocrx_word' id='word_1_647' title='bbox 2537 4374 2844 4450; x_wconf 77' lang='lat' dir='ltr'><strong>ingenitum</strong></span> <span class='ocrx_word' id='word_1_648' title='bbox 2887 4373 3084 4428; x_wconf 91' lang='lat' dir='ltr'><strong>dicitur</strong></span> <span class='ocrx_word' id='word_1_649' title='bbox 3107 4444 3119 4450; x_wconf 88' lang='lat'>_</span> <span class='ocrx_word' id='word_1_650' title='bbox 3143 4373 3210 4428; x_wconf 89' lang='lat' dir='ltr'><strong>de</strong></span> <span class='ocrx_word' id='word_1_651' title='bbox 3243 4373 3354 4428; x_wconf 87' lang='lat' dir='ltr'><strong>Deo</strong></span> <span class='ocrx_word' id='word_1_652' title='bbox 3403 4377 3566 4431; x_wconf 87' lang='lat' dir='ltr'><strong>Patre</strong></span> <span class='ocrx_word' id='word_1_653' title='bbox 3616 4373 3673 4432; x_wconf 83' lang='lat' dir='ltr'><strong>et</strong></span> 
     </span>
    </p>
   </div>
   <div class='ocr_carea' id='block_1_86' title="bbox 2077 4444 3675 4516">
    <p class='ocr_par' dir='ltr' id='par_1_86' title="bbox 2077 4444 3675 4516">
     <span class='ocr_line' id='line_1_86' title="bbox 2077 4444 3675 4516; baseline -0.001 -14"><span class='ocrx_word' id='word_1_654' title='bbox 2077 4448 2371 4516; x_wconf 79' lang='lat' dir='ltr'><strong>ingenitum</strong></span> <span class='ocrx_word' id='word_1_655' title='bbox 2404 4444 2549 4498; x_wconf 82' lang='lat' dir='ltr'><strong>aliud</strong></span> <span class='ocrx_word' id='word_1_656' title='bbox 2581 4444 2776 4499; x_wconf 79' lang='lat' dir='ltr'><strong>nomen</strong></span> <span class='ocrx_word' id='word_1_657' title='bbox 2803 4454 2886 4500; x_wconf 87' lang='lat' dir='ltr'><strong>est</strong></span> <span class='ocrx_word' id='word_1_658' title='bbox 2943 4459 2971 4516; x_wconf 65' lang='grc' dir='ltr'>τι</span> <span class='ocrx_word' id='word_1_659' title='bbox 2994 4444 3218 4516; x_wconf 10' lang='lat' dir='ltr'><strong>genitor,</strong></span> <span class='ocrx_word' id='word_1_660' title='bbox 3250 4450 3675 4514; x_wconf 78' lang='lat' dir='ltr'><strong>arguntentaba-</strong></span> 
     </span>
    </p>
   </div>
   <div class='ocr_carea' id='block_1_87' title="bbox 2090 4515 3674 4583">
    <p class='ocr_par' dir='ltr' id='par_1_87' title="bbox 2090 4515 3674 4583">
     <span class='ocr_line' id='line_1_87' title="bbox 2090 4515 3674 4583; baseline 0 -12"><span class='ocrx_word' id='word_1_661' title='bbox 2090 4515 2183 4571; x_wconf 87' lang='lat' dir='ltr'><strong>tur</strong></span> <span class='ocrx_word' id='word_1_662' title='bbox 2223 4517 2382 4570; x_wconf 84' lang='lat' dir='ltr'><strong>aliam</strong></span> <span class='ocrx_word' id='word_1_663' title='bbox 2421 4516 2778 4569; x_wconf 87' lang='lat' dir='ltr'><strong>substantiam</strong></span> <span class='ocrx_word' id='word_1_664' title='bbox 2825 4515 3139 4583; x_wconf 78' lang='lat' dir='ltr'><strong>signiﬁcare</strong></span> <span class='ocrx_word' id='word_1_665' title='bbox 3185 4515 3504 4582; x_wconf 77' lang='lat' dir='ltr'><strong>ingenitum,</strong></span> <span class='ocrx_word' id='word_1_666' title='bbox 3533 4526 3586 4570; x_wconf 74' lang='grc' dir='ltr'><strong>ιιι</strong></span> <span class='ocrx_word' id='word_1_667' title='bbox 3608 4535 3674 4570; x_wconf 87' lang='lat' dir='ltr'><strong>a-</strong></span> 
     </span>
    </p>
   </div>
   <div class='ocr_carea' id='block_1_88' title="bbox 2092 4585 3673 4668">
    <p class='ocr_par' dir='ltr' id='par_1_88' title="bbox 2092 4585 3673 4668">
     <span class='ocr_line' id='line_1_88' title="bbox 2092 4585 3673 4668; baseline -0.001 -27"><span class='ocrx_word' id='word_1_668' title='bbox 2092 4587 2232 4668; x_wconf 43' lang='lat' dir='ltr'><strong>liam.</strong></span> <span class='ocrx_word' id='word_1_669' title='bbox 2263 4588 2548 4668; x_wconf 37' lang='lat' dir='ltr'><strong>genitnnil,</strong></span> <span class='ocrx_word' id='word_1_670' title='bbox 2580 4586 2734 4668; x_wconf 45' lang='lat' dir='ltr'><strong>quasi</strong></span> <span class='ocrx_word' id='word_1_671' title='bbox 2767 4585 3206 4668; x_wconf 44' lang='lat' dir='ltr'><strong>uttahsubstantia</strong></span> <span class='ocrx_word' id='word_1_672' title='bbox 3236 4599 3342 4637; x_wconf 89' lang='lat' dir='ltr'><strong>non</strong></span> <span class='ocrx_word' id='word_1_673' title='bbox 3379 4597 3557 4668; x_wconf 51' lang='lat' dir='ltr'><strong>passo}</strong></span> <span class='ocrx_word' id='word_1_674' title='bbox 3586 4590 3673 4640; x_wconf 90' lang='lat' dir='ltr'><strong>di-</strong></span> 
     </span>
    </p>
   </div>
   <div class='ocr_carea' id='block_1_89' title="bbox 408 4637 3676 4733">
    <p class='ocr_par' dir='ltr' id='par_1_89' title="bbox 408 4637 3676 4733">
     <span class='ocr_line' id='line_1_89' title="bbox 408 4637 3676 4733; baseline -0.004 -12"><span class='ocrx_word' id='word_1_675' title='bbox 691 4637 976 4733; x_wconf 38' lang='lat' dir='ltr'><strong>p&#39;liaiitasia</strong></span> <span class='ocrx_word' id='word_1_676' title='bbox 1008 4637 1394 4732; x_wconf 74' lang='lat' dir='ltr'><strong>eotiiprcheudi</strong></span> <span class='ocrx_word' id='word_1_677' title='bbox 1427 4670 1606 4728; x_wconf 87' lang='lat' dir='ltr'><strong>posset</strong></span> <span class='ocrx_word' id='word_1_678' title='bbox 1634 4637 1894 4733; x_wconf 34' lang='lat' dir='ltr'><strong>,;_et‘qui’a</strong></span> <span class='ocrx_word' id='word_1_679' title='bbox 1929 4661 1978 4712; x_wconf 92' lang='lat' dir='ltr'><strong>in</strong></span> <span class='ocrx_word' id='word_1_680' title='bbox 2009 4637 2062 4698; x_wconf 82' lang='lat' dir='ltr'><strong>D</strong></span> <span class='ocrx_word' id='word_1_681' title='bbox 2095 4637 2611 4733; x_wconf 61' lang='lat' dir='ltr'><strong>versisanuminilnis</strong></span> <span class='ocrx_word' id='word_1_682' title='bbox 2652 4654 2813 4733; x_wconf 77' lang='lat' dir='ltr'><strong>allici.</strong></span> <span class='ocrx_word' id='word_1_683' title='bbox 2837 4654 2938 4733; x_wconf 85' lang='lat' dir='ltr'><strong>_Sic</strong></span> <span class='ocrx_word' id='word_1_684' title='bbox 2970 4654 3112 4733; x_wconf 72' lang='lat' dir='ltr'><strong>enim</strong></span> <span class='ocrx_word' id='word_1_685' title='bbox 3149 4637 3676 4733; x_wconf 62' lang='lat' dir='ltr'><strong>satietus&#39;hiaximus</strong></span> 
     </span>
    </p>
   </div>
   <div class='ocr_carea' id='block_1_90' title="bbox 398 4729 1988 4808">
    <p class='ocr_par' dir='ltr' id='par_1_90' title="bbox 398 4729 1988 4808">
     <span class='ocr_line' id='line_1_90' title="bbox 398 4729 1988 4808; baseline -0.004 -19"><span class='ocrx_word' id='word_1_686' title='bbox 398 4729 753 4808; x_wconf 64' lang='lat' dir='ltr'><strong>phantasiam</strong></span> <span class='ocrx_word' id='word_1_687' title='bbox 797 4752 901 4788; x_wconf 86' lang='lat' dir='ltr'><strong>non</strong></span> <span class='ocrx_word' id='word_1_688' title='bbox 945 4735 1091 4808; x_wconf 82' lang='lat' dir='ltr'><strong>cadit</strong></span> <span class='ocrx_word' id='word_1_689' title='bbox 1132 4729 1237 4808; x_wconf 68' lang='lat' dir='ltr'><strong>nisi</strong></span> <span class='ocrx_word' id='word_1_690' title='bbox 1290 4746 1486 4808; x_wconf 73' lang='lat' dir='ltr'><strong>corpus</strong></span> <span class='ocrx_word' id='word_1_691' title='bbox 1521 4769 1535 4791; x_wconf 89' lang='lat'><strong>,</strong></span> <span class='ocrx_word' id='word_1_692' title='bbox 1599 4729 1988 4808; x_wconf 77' lang='lat' dir='ltr'><strong>existimarunt</strong></span> 
     </span>
    </p>
   </div>
   <div class='ocr_carea' id='block_1_91' title="bbox 409 4799 1983 4869">
    <p class='ocr_par' dir='ltr' id='par_1_91' title="bbox 409 4799 1983 4869">
     <span class='ocr_line' id='line_1_91' title="bbox 409 4799 1983 4869; baseline -0.006 -8"><span class='ocrx_word' id='word_1_693' title='bbox 409 4799 611 4862; x_wconf 72' lang='lat' dir='ltr'><strong>nullam</strong></span> <span class='ocrx_word' id='word_1_694' title='bbox 649 4821 762 4860; x_wconf 82' lang='lat' dir='ltr'><strong>rem</strong></span> <span class='ocrx_word' id='word_1_695' title='bbox 803 4821 923 4859; x_wconf 85' lang='lat' dir='ltr'><strong>esse</strong></span> <span class='ocrx_word' id='word_1_696' title='bbox 951 4806 1000 4856; x_wconf 91' lang='lat' dir='ltr'><strong>in</strong></span> <span class='ocrx_word' id='word_1_697' title='bbox 1047 4805 1248 4856; x_wconf 85' lang='lat' dir='ltr'><strong>mundo</strong></span> <span class='ocrx_word' id='word_1_698' title='bbox 1279 4801 1379 4854; x_wconf 87' lang='lat' dir='ltr'><strong>nisi</strong></span> <span class='ocrx_word' id='word_1_699' title='bbox 1413 4814 1636 4869; x_wconf 87' lang='lat' dir='ltr'><strong>corpus,</strong></span> <span class='ocrx_word' id='word_1_700' title='bbox 1709 4809 1768 4852; x_wconf 91' lang='lat' dir='ltr'><strong>ut</strong></span> <span class='ocrx_word' id='word_1_701' title='bbox 1815 4799 1983 4853; x_wconf 86' lang='lat' dir='ltr'><strong>Arist.</strong></span> 
     </span>
    </p>
   </div>
   <div class='ocr_carea' id='block_1_92' title="bbox 411 4869 1988 4947">
    <p class='ocr_par' dir='ltr' id='par_1_92' title="bbox 411 4869 1988 4947">
     <span class='ocr_line' id='line_1_92' title="bbox 411 4869 1988 4947; baseline -0.006 -15"><span class='ocrx_word' id='word_1_702' title='bbox 411 4895 461 4932; x_wconf 83' lang='lat' dir='ltr'><strong>tv</strong></span> <span class='ocrx_word' id='word_1_703' title='bbox 499 4878 716 4947; x_wconf 76' lang='lat' dir='ltr'><strong>&#39;l’ltyst&#39;c.</strong></span> <span class='ocrx_word' id='word_1_704' title='bbox 751 4877 915 4947; x_wconf 81' lang='lat' dir='ltr'><strong>tradit</strong></span> <span class='ocrx_word' id='word_1_705' title='bbox 943 4891 958 4938; x_wconf 85' lang='lat'><strong>;</strong></span> <span class='ocrx_word' id='word_1_706' title='bbox 991 4874 1058 4947; x_wconf 88' lang='lat' dir='ltr'><strong>ab</strong></span> <span class='ocrx_word' id='word_1_707' title='bbox 1087 4873 1205 4927; x_wconf 88' lang='lat' dir='ltr'><strong>istis</strong></span> <span class='ocrx_word' id='word_1_708' title='bbox 1239 4871 1516 4940; x_wconf 79' lang='lat' dir='ltr'><strong>profectus</strong></span> <span class='ocrx_word' id='word_1_709' title='bbox 1544 4879 1632 4947; x_wconf 69' lang='lat' dir='ltr'><strong>est</strong></span> <span class='ocrx_word' id='word_1_710' title='bbox 1662 4883 1820 4947; x_wconf 75' lang='lat' dir='ltr'><strong>error</strong></span> <span class='ocrx_word' id='word_1_711' title='bbox 1847 4869 1988 4947; x_wconf 83' lang='lat' dir='ltr'><strong>S_ad-</strong></span> 
     </span>
    </p>
   </div>
   <div class='ocr_carea' id='block_1_93' title="bbox 413 4938 1989 5015">
    <p class='ocr_par' dir='ltr' id='par_1_93' title="bbox 413 4938 1989 5015">
     <span class='ocr_line' id='line_1_93' title="bbox 413 4938 1989 5015; baseline -0.004 -14"><span class='ocrx_word' id='word_1_712' title='bbox 413 4938 752 5011; x_wconf 63' lang='lat' dir='ltr'><strong>duca&#39;drum,</strong></span> <span class='ocrx_word' id='word_1_713' title='bbox 804 4945 897 5015; x_wconf 85' lang='lat' dir='ltr'><strong>qui</strong></span> <span class='ocrx_word' id='word_1_714' title='bbox 949 4946 1196 5015; x_wconf 65' lang='lat' dir='ltr'><strong>aiebant,</strong></span> <span class='ocrx_word' id='word_1_715' title='bbox 1231 4938 1337 5015; x_wconf 80' lang='lat' dir='ltr'><strong>non</strong></span> <span class='ocrx_word' id='word_1_716' title='bbox 1390 4954 1514 4994; x_wconf 85' lang='lat' dir='ltr'><strong>esse</strong></span> <span class='ocrx_word' id='word_1_717' title='bbox 1543 4938 1989 5015; x_wconf 45' lang='lat' dir='ltr'><strong>Spirituleuec</strong></span> 
     </span>
    </p>
   </div>
   <div class='ocr_carea' id='block_1_94' title="bbox 414 5011 1984 5085">
    <p class='ocr_par' dir='ltr' id='par_1_94' title="bbox 414 5011 1984 5085">
     <span class='ocr_line' id='line_1_94' title="bbox 414 5011 1984 5085; baseline -0.006 -13"><span class='ocrx_word' id='word_1_718' title='bbox 414 5019 689 5072; x_wconf 77' lang='lat' dir='ltr'><strong>S.Thum.</strong></span> <span class='ocrx_word' id='word_1_719' title='bbox 723 5033 736 5070; x_wconf 94' lang='lat' dir='ltr'><strong>I</strong></span> <span class='ocrx_word' id='word_1_720' title='bbox 763 5011 1007 5085; x_wconf 45' lang='lat' dir='ltr'><strong>p.&#39;q.50,</strong></span> <span class='ocrx_word' id='word_1_721' title='bbox 1044 5027 1145 5068; x_wconf 90' lang='lat' dir='ltr'><strong>art.</strong></span> <span class='ocrx_word' id='word_1_722' title='bbox 1176 5013 1201 5065; x_wconf 84' lang='lat' dir='ltr'><strong>I</strong></span> <span class='ocrx_word' id='word_1_723' title='bbox 1231 5029 1247 5066; x_wconf 88' lang='lat'><strong>:</strong></span> <span class='ocrx_word' id='word_1_724' title='bbox 1277 5013 1421 5066; x_wconf 89' lang='lat' dir='ltr'><strong>Idem</strong></span> <span class='ocrx_word' id='word_1_725' title='bbox 1455 5017 1638 5063; x_wconf 66' lang='lat' dir='ltr'><strong>evenit</strong></span> <span class='ocrx_word' id='word_1_726' title='bbox 1668 5011 1984 5085; x_wconf 78' lang='lat' dir='ltr'><strong>gentilibus,</strong></span> 
     </span>
    </p>
   </div>
   <div class='ocr_carea' id='block_1_95' title="bbox 409 5080 1986 5157">
    <p class='ocr_par' dir='ltr' id='par_1_95' title="bbox 409 5080 1986 5157">
     <span class='ocr_line' id='line_1_95' title="bbox 409 5080 1986 5157; baseline -0.004 -18"><span class='ocrx_word' id='word_1_727' title='bbox 409 5092 502 5157; x_wconf 87' lang='lat' dir='ltr'><strong>qui</strong></span> <span class='ocrx_word' id='word_1_728' title='bbox 528 5092 644 5143; x_wconf 74' lang='lat' dir='ltr'><strong>sine</strong></span> <span class='ocrx_word' id='word_1_729' title='bbox 667 5080 778 5141; x_wconf 77' lang='lat' dir='ltr'><strong>Deo</strong></span> <span class='ocrx_word' id='word_1_730' title='bbox 796 5080 954 5140; x_wconf 78' lang='lat' dir='ltr'><strong>erant.</strong></span> <span class='ocrx_word' id='word_1_731' title='bbox 984 5088 1411 5157; x_wconf 63' lang='lat' dir='ltr'><strong>colentesopera</strong></span> <span class='ocrx_word' id='word_1_732' title='bbox 1433 5080 1986 5157; x_wconf 51' lang='lat' dir='ltr'><strong>ntantttittqlioininum</strong></span> 
     </span>
    </p>
   </div>
   <div class='ocr_carea' id='block_1_96' title="bbox 489 5150 1999 5231">
    <p class='ocr_par' dir='ltr' id='par_1_96' title="bbox 489 5150 1999 5231">
     <span class='ocr_line' id='line_1_96' title="bbox 489 5150 1999 5231; baseline -0.007 -19"><span class='ocrx_word' id='word_1_733' title='bbox 489 5161 564 5231; x_wconf 65' lang='lat' dir='ltr'><strong>t2)</strong></span> <span class='ocrx_word' id='word_1_734' title='bbox 608 5159 722 5212; x_wconf 83' lang='lat' dir='ltr'><strong>Hoc</strong></span> <span class='ocrx_word' id='word_1_735' title='bbox 759 5167 840 5212; x_wconf 85' lang='lat' dir='ltr'><strong>est</strong></span> <span class='ocrx_word' id='word_1_736' title='bbox 872 5157 1014 5231; x_wconf 78' lang='lat' dir='ltr'><strong>quod</strong></span> <span class='ocrx_word' id='word_1_737' title='bbox 1048 5157 1177 5231; x_wconf 76' lang='lat' dir='ltr'><strong>dicit</strong></span> <span class='ocrx_word' id='word_1_738' title='bbox 1210 5150 1502 5231; x_wconf 66' lang='lat' dir='ltr'><strong>S_.&quot;I‘li_om.</strong></span> <span class='ocrx_word' id='word_1_739' title='bbox 1547 5152 1556 5201; x_wconf 96' lang='lat' dir='ltr'><strong>i</strong></span> <span class='ocrx_word' id='word_1_740' title='bbox 1592 5164 1641 5216; x_wconf 89' lang='lat' dir='ltr'><strong>p.</strong></span> <span class='ocrx_word' id='word_1_741' title='bbox 1680 5165 1734 5231; x_wconf 78' lang='grc' dir='ltr'>ιι.</span> <span class='ocrx_word' id='word_1_742' title='bbox 1769 5150 1861 5216; x_wconf 77' lang='lat'><strong>39,</strong></span> <span class='ocrx_word' id='word_1_743' title='bbox 1894 5159 1999 5231; x_wconf 66' lang='lat' dir='ltr'><strong>art.</strong></span> 
     </span>
    </p>
   </div>
   <div class='ocr_carea' id='block_1_97' title="bbox 411 5220 2042 5301">
    <p class='ocr_par' dir='ltr' id='par_1_97' title="bbox 411 5220 2042 5301">
     <span class='ocr_line' id='line_1_97' title="bbox 411 5220 2042 5301; baseline -0.008 -17"><span class='ocrx_word' id='word_1_744' title='bbox 411 5237 468 5301; x_wconf 60' lang='grc' dir='ltr'><strong>ἓ,</strong></span> <span class='ocrx_word' id='word_1_745' title='bbox 493 5220 647 5301; x_wconf 49' lang='lat' dir='ltr'><strong>‘quod</strong></span> <span class='ocrx_word' id='word_1_746' title='bbox 673 5244 816 5301; x_wconf 67' lang='lat' dir='ltr'><strong>saepe</strong></span> <span class='ocrx_word' id='word_1_747' title='bbox 845 5220 977 5281; x_wconf 80' lang='lat' dir='ltr'><strong>alias</strong></span> <span class='ocrx_word' id='word_1_748' title='bbox 1011 5227 1222 5301; x_wconf 81' lang='lat' dir='ltr'><strong>repetit,</strong></span> <span class='ocrx_word' id='word_1_749' title='bbox 1247 5223 1553 5301; x_wconf 81' lang='lat' dir='ltr'><strong>intellectus</strong></span> <span class='ocrx_word' id='word_1_750' title='bbox 1587 5230 1771 5272; x_wconf 88' lang='lat' dir='ltr'><strong>noster</strong></span> <span class='ocrx_word' id='word_1_751' title='bbox 1803 5235 1888 5274; x_wconf 86' lang='lat' dir='ltr'><strong>res</strong></span> <span class='ocrx_word' id='word_1_752' title='bbox 1921 5220 2002 5272; x_wconf 86' lang='lat' dir='ltr'><strong>di-</strong></span> <span class='ocrx_word' id='word_1_753' title='bbox 2037 5253 2042 5256; x_wconf 57' lang='grc' dir='ltr'><strong>ι</strong></span> 
     </span>
    </p>
   </div>
   <div class='ocr_carea' id='block_1_98' title="bbox 411 5296 1998 5362">
    <p class='ocr_par' dir='ltr' id='par_1_98' title="bbox 411 5296 1998 5362">
     <span class='ocr_line' id='line_1_98' title="bbox 411 5296 1998 5362; baseline -0.009 -6"><span class='ocrx_word' id='word_1_754' title='bbox 411 5296 563 5360; x_wconf 70' lang='lat' dir='ltr'><strong>vinas</strong></span> <span class='ocrx_word' id='word_1_755' title='bbox 590 5300 848 5362; x_wconf 85' lang='lat' dir='ltr'><strong>neminat,</strong></span> <span class='ocrx_word' id='word_1_756' title='bbox 879 5313 982 5352; x_wconf 91' lang='lat' dir='ltr'><strong>non</strong></span> <span class='ocrx_word' id='word_1_757' title='bbox 1019 5297 1326 5352; x_wconf 80' lang='lat' dir='ltr'><strong>secundum</strong></span> <span class='ocrx_word' id='word_1_758' title='bbox 1362 5296 1576 5346; x_wconf 75' lang='lat' dir='ltr'><strong>modum</strong></span> <span class='ocrx_word' id='word_1_759' title='bbox 1607 5304 1795 5343; x_wconf 85' lang='lat' dir='ltr'><strong>earnm</strong></span> <span class='ocrx_word' id='word_1_760' title='bbox 1823 5327 1839 5352; x_wconf 89' lang='lat'><strong>,</strong></span> <span class='ocrx_word' id='word_1_761' title='bbox 1859 5303 1998 5358; x_wconf 66' lang='lat' dir='ltr'><strong>quia</strong></span> 
     </span>
    </p>
   </div>
   <div class='ocr_carea' id='block_1_99' title="bbox 417 5362 1999 5438">
    <p class='ocr_par' dir='ltr' id='par_1_99' title="bbox 417 5362 1999 5438">
     <span class='ocr_line' id='line_1_99' title="bbox 417 5362 1999 5438; baseline -0.013 -7"><span class='ocrx_word' id='word_1_762' title='bbox 417 5379 498 5431; x_wconf 81' lang='lat' dir='ltr'><strong>sic</strong></span> <span class='ocrx_word' id='word_1_763' title='bbox 536 5387 629 5427; x_wconf 85' lang='lat' dir='ltr'><strong>eas</strong></span> <span class='ocrx_word' id='word_1_764' title='bbox 669 5383 1003 5438; x_wconf 76' lang='lat' dir='ltr'><strong>cognoscere</strong></span> <span class='ocrx_word' id='word_1_765' title='bbox 1044 5383 1148 5420; x_wconf 89' lang='lat' dir='ltr'><strong>non</strong></span> <span class='ocrx_word' id='word_1_766' title='bbox 1189 5375 1387 5436; x_wconf 86' lang='lat' dir='ltr'><strong>potest,</strong></span> <span class='ocrx_word' id='word_1_767' title='bbox 1419 5362 1514 5417; x_wconf 84' lang='lat' dir='ltr'><strong>sed</strong></span> <span class='ocrx_word' id='word_1_768' title='bbox 1545 5364 1845 5415; x_wconf 81' lang='lat' dir='ltr'><strong>secundum</strong></span> <span class='ocrx_word' id='word_1_769' title='bbox 1885 5374 1999 5412; x_wconf 88' lang='lat' dir='ltr'><strong>mo-</strong></span> 
     </span>
    </p>
   </div>
   <div class='ocr_carea' id='block_1_100' title="bbox 415 5439 1413 5501">
    <p class='ocr_par' dir='ltr' id='par_1_100' title="bbox 415 5439 1413 5501">
     <span class='ocr_line' id='line_1_100' title="bbox 415 5439 1413 5501; baseline -0.013 0"><span class='ocrx_word' id='word_1_770' title='bbox 415 5451 541 5501; x_wconf 85' lang='lat' dir='ltr'><strong>dum</strong></span> <span class='ocrx_word' id='word_1_771' title='bbox 579 5459 630 5494; x_wconf 90' lang='grc' dir='ltr'><strong>ιιι</strong></span> <span class='ocrx_word' id='word_1_772' title='bbox 675 5447 838 5494; x_wconf 81' lang='lat' dir='ltr'><strong>rebus</strong></span> <span class='ocrx_word' id='word_1_773' title='bbox 867 5439 1066 5493; x_wconf 81' lang='lat' dir='ltr'><strong>creatis</strong></span> <span class='ocrx_word' id='word_1_774' title='bbox 1115 5439 1413 5490; x_wconf 84' lang='lat' dir='ltr'><strong>inventum.</strong></span> 
     </span>
    </p>
   </div>
   <div class='ocr_carea' id='block_1_101' title="bbox 485 5501 1999 5585">
    <p class='ocr_par' dir='ltr' id='par_1_101' title="bbox 485 5501 1999 5585">
     <span class='ocr_line' id='line_1_101' title="bbox 485 5501 1999 5585; baseline -0.009 -17"><span class='ocrx_word' id='word_1_775' title='bbox 485 5515 562 5585; x_wconf 73' lang='grc'><strong>(5)</strong></span> <span class='ocrx_word' id='word_1_776' title='bbox 611 5510 668 5568; x_wconf 85' lang='lat' dir='ltr'><strong>Si</strong></span> <span class='ocrx_word' id='word_1_777' title='bbox 724 5507 1367 5585; x_wconf 45' lang='lat' dir='ltr'><strong>uituiitquodgue“Iterum</strong></span> <span class='ocrx_word' id='word_1_778' title='bbox 1433 5503 1789 5585; x_wconf 74' lang='lat' dir='ltr'><strong>substantiam</strong></span> <span class='ocrx_word' id='word_1_779' title='bbox 1828 5501 1999 5585; x_wconf 58' lang='lat' dir='ltr'><strong>signi-</strong></span> 
     </span>
    </p>
   </div>
   <div class='ocr_carea' id='block_1_102' title="bbox 414 5571 1996 5657">
    <p class='ocr_par' dir='ltr' id='par_1_102' title="bbox 414 5571 1996 5657">
     <span class='ocr_line' id='line_1_102' title="bbox 414 5571 1996 5657; baseline -0.011 -15"><span class='ocrx_word' id='word_1_780' title='bbox 414 5571 583 5657; x_wconf 55' lang='lat' dir='ltr'><strong>ﬁcat&#39;,</strong></span> <span class='ocrx_word' id='word_1_781' title='bbox 635 5597 700 5637; x_wconf 74' lang='lat' dir='ltr'><strong>ea:</strong></span> <span class='ocrx_word' id='word_1_782' title='bbox 746 5591 820 5635; x_wconf 81' lang='lat' dir='ltr'><strong>tat</strong></span> <span class='ocrx_word' id='word_1_783' title='bbox 885 5571 1202 5634; x_wconf 68' lang='grc' dir='ltr'><strong>έαὺεῖιιηιὶἱε</strong></span> <span class='ocrx_word' id='word_1_784' title='bbox 1262 5578 1588 5644; x_wconf 80' lang='lat' dir='ltr'><strong>compositus</strong></span> <span class='ocrx_word' id='word_1_785' title='bbox 1647 5576 1748 5629; x_wconf 82' lang='lat' dir='ltr'><strong>erit</strong></span> <span class='ocrx_word' id='word_1_786' title='bbox 1817 5571 1996 5634; x_wconf 81' lang='lat' dir='ltr'><strong>Deus,</strong></span> 
     </span>
    </p>
   </div>
   <div class='ocr_carea' id='block_1_103' title="bbox 490 5775 1985 5860">
    <p class='ocr_par' dir='ltr' id='par_1_103' title="bbox 490 5775 1985 5860">
     <span class='ocr_line' id='line_1_103' title="bbox 490 5775 1985 5860; baseline -0.009 -15"><span class='ocrx_word' id='word_1_787' title='bbox 490 5791 564 5860; x_wconf 76' lang='grc' dir='ltr'><strong>(η)</strong></span> <span class='ocrx_word' id='word_1_788' title='bbox 590 5790 643 5842; x_wconf 86' lang='lat' dir='ltr'><strong>Id</strong></span> <span class='ocrx_word' id='word_1_789' title='bbox 674 5796 754 5840; x_wconf 88' lang='lat' dir='ltr'><strong>est</strong></span> <span class='ocrx_word' id='word_1_790' title='bbox 803 5779 1103 5860; x_wconf 80' lang='lat' dir='ltr'><strong>secundum</strong></span> <span class='ocrx_word' id='word_1_791' title='bbox 1143 5778 1394 5860; x_wconf 16' lang='lat' dir='ltr'><strong>modumh</strong></span> <span class='ocrx_word' id='word_1_792' title='bbox 1422 5777 1762 5849; x_wconf 74' lang='lat' dir='ltr'><strong>signiﬁcandi</strong></span> <span class='ocrx_word' id='word_1_793' title='bbox 1790 5786 1844 5832; x_wconf 88' lang='lat' dir='ltr'><strong>et</strong></span> <span class='ocrx_word' id='word_1_794' title='bbox 1899 5775 1985 5832; x_wconf 85' lang='lat' dir='ltr'><strong>iit-</strong></span> 
     </span>
    </p>
   </div>
   <div class='ocr_carea' id='block_1_104' title="bbox 417 5857 1423 5932">
    <p class='ocr_par' dir='ltr' id='par_1_104' title="bbox 417 5857 1423 5932">
     <span class='ocr_line' id='line_1_104' title="bbox 417 5857 1423 5932; baseline -0.011 -16"><span class='ocrx_word' id='word_1_795' title='bbox 417 5857 681 5932; x_wconf 55' lang='lat' dir='ltr'><strong>telitgendi</strong></span> <span class='ocrx_word' id='word_1_796' title='bbox 729 5857 883 5912; x_wconf 81' lang='lat' dir='ltr'><strong>nobis</strong></span> <span class='ocrx_word' id='word_1_797' title='bbox 911 5860 1226 5908; x_wconf 75' lang='lat' dir='ltr'><strong>consuetum</strong></span> <span class='ocrx_word' id='word_1_798' title='bbox 1259 5857 1423 5919; x_wconf 82' lang='lat' dir='ltr'><strong>capit.</strong></span> 
     </span>
    </p>
   </div>
   <div class='ocr_carea' id='block_1_105' title="bbox 2099 4721 3673 4794">
    <p class='ocr_par' dir='ltr' id='par_1_105' title="bbox 2099 4721 3673 4794">
     <span class='ocr_line' id='line_1_105' title="bbox 2099 4721 3673 4794; baseline -0.001 -14"><span class='ocrx_word' id='word_1_799' title='bbox 2099 4729 2151 4780; x_wconf 91' lang='lat' dir='ltr'><strong>in</strong></span> <span class='ocrx_word' id='word_1_800' title='bbox 2195 4742 2258 4778; x_wconf 81' lang='lat' dir='ltr'><strong>eo</strong></span> <span class='ocrx_word' id='word_1_801' title='bbox 2299 4728 2413 4779; x_wconf 82' lang='lat' dir='ltr'><strong>loco</strong></span> <span class='ocrx_word' id='word_1_802' title='bbox 2454 4726 2717 4779; x_wconf 86' lang='lat' dir='ltr'><strong>orationis</strong></span> <span class='ocrx_word' id='word_1_803' title='bbox 2770 4725 2956 4792; x_wconf 69' lang='lat' dir='ltr'><strong>prima:</strong></span> <span class='ocrx_word' id='word_1_804' title='bbox 3013 4723 3262 4794; x_wconf 61' lang='lat' dir='ltr'><strong>Gregorii</strong></span> <span class='ocrx_word' id='word_1_805' title='bbox 3309 4721 3673 4794; x_wconf 70' lang='lat' dir='ltr'><strong>&#39;Naziattzeni,</strong></span> 
     </span>
    </p>
   </div>
   <div class='ocr_carea' id='block_1_106' title="bbox 2089 4791 3674 4864">
    <p class='ocr_par' dir='ltr' id='par_1_106' title="bbox 2089 4791 3674 4864">
     <span class='ocr_line' id='line_1_106' title="bbox 2089 4791 3674 4864; baseline -0.003 -12"><span class='ocrx_word' id='word_1_806' title='bbox 2089 4797 2155 4852; x_wconf 88' lang='lat' dir='ltr'><strong>de</strong></span> <span class='ocrx_word' id='word_1_807' title='bbox 2173 4795 2332 4862; x_wconf 85' lang='lat' dir='ltr'><strong>Filio,</strong></span> <span class='ocrx_word' id='word_1_808' title='bbox 2358 4797 2444 4849; x_wconf 86' lang='lat' dir='ltr'><strong>ubi</strong></span> <span class='ocrx_word' id='word_1_809' title='bbox 2468 4797 2664 4864; x_wconf 66' lang='lat' dir='ltr'><strong>quaerit</strong></span> <span class='ocrx_word' id='word_1_810' title='bbox 2695 4791 2990 4848; x_wconf 76' lang='lat' dir='ltr'><strong>Euuoinius</strong></span> <span class='ocrx_word' id='word_1_811' title='bbox 3011 4791 3186 4864; x_wconf 88' lang='lat' dir='ltr'><strong>,_quid</strong></span> <span class='ocrx_word' id='word_1_812' title='bbox 3205 4791 3366 4848; x_wconf 89' lang='lat' dir='ltr'><strong>Pater</strong></span> <span class='ocrx_word' id='word_1_813' title='bbox 3381 4791 3674 4863; x_wconf 70' lang='lat' dir='ltr'><strong>signiticet,</strong></span> 
     </span>
    </p>
   </div>
   <div class='ocr_carea' id='block_1_107' title="bbox 2087 4862 3675 4936">
    <p class='ocr_par' dir='ltr' id='par_1_107' title="bbox 2087 4862 3675 4936">
     <span class='ocr_line' id='line_1_107' title="bbox 2087 4862 3675 4936; baseline 0 -15"><span class='ocrx_word' id='word_1_814' title='bbox 2087 4868 2368 4936; x_wconf 77' lang='lat' dir='ltr'><strong>explicans</strong></span> <span class='ocrx_word' id='word_1_815' title='bbox 2399 4862 2544 4920; x_wconf 83' lang='lat' dir='ltr'><strong>eum:</strong></span> <span class='ocrx_word' id='word_1_816' title='bbox 2581 4865 3012 4936; x_wconf 72' lang='lat' dir='ltr'><strong>Interrogabmit,</strong></span> <span class='ocrx_word' id='word_1_817' title='bbox 3039 4862 3238 4931; x_wconf 90' lang='lat' dir='ltr'><strong>inquit,</strong></span> <span class='ocrx_word' id='word_1_818' title='bbox 3275 4867 3537 4936; x_wconf 57' lang='grc' dir='ltr'>Ιιιιειηειίιι,</span> <span class='ocrx_word' id='word_1_819' title='bbox 3578 4862 3675 4921; x_wconf 75' lang='lat' dir='ltr'><strong>Est.</strong></span> 
     </span>
    </p>
   </div>
   <div class='ocr_carea' id='block_1_108' title="bbox 2080 4934 3750 5002">
    <p class='ocr_par' dir='ltr' id='par_1_108' title="bbox 2080 4934 3750 5002">
     <span class='ocr_line' id='line_1_108' title="bbox 2080 4934 3750 5002; baseline 0.001 -14"><span class='ocrx_word' id='word_1_820' title='bbox 2080 4934 2174 4992; x_wconf 46' lang='lat' dir='ltr'><strong>,ne&#39;</strong></span> <span class='ocrx_word' id='word_1_821' title='bbox 2191 4937 2350 4990; x_wconf 81' lang='lat' dir='ltr'><strong>Pater</strong></span> <span class='ocrx_word' id='word_1_822' title='bbox 2380 4952 2576 4991; x_wconf 86' lang='lat' dir='ltr'><strong>nomen</strong></span> <span class='ocrx_word' id='word_1_823' title='bbox 2596 4934 2932 4999; x_wconf 55' lang='lat' dir='ltr'><strong>substantiae,</strong></span> <span class='ocrx_word' id='word_1_824' title='bbox 2958 4949 3025 4986; x_wconf 89' lang='lat' dir='ltr'><strong>an</strong></span> <span class='ocrx_word' id='word_1_825' title='bbox 3057 4935 3318 5002; x_wconf 61' lang='lat' dir='ltr'><strong>etiergiw?</strong></span> <span class='ocrx_word' id='word_1_826' title='bbox 3346 4947 3402 4986; x_wconf 88' lang='grc' dir='ltr'><strong>ιιι</strong></span> <span class='ocrx_word' id='word_1_827' title='bbox 3431 4935 3478 4990; x_wconf 85' lang='lat' dir='ltr'><strong>si</strong></span> <span class='ocrx_word' id='word_1_828' title='bbox 3515 4937 3673 4990; x_wconf 84' lang='lat' dir='ltr'><strong>dixe-</strong></span> <span class='ocrx_word' id='word_1_829' title='bbox 3743 4943 3750 4946; x_wconf 82' lang='grc'><strong><em>“</em></strong></span> 
     </span>
    </p>
   </div>
   <div class='ocr_carea' id='block_1_109' title="bbox 2094 5002 3677 5072">
    <p class='ocr_par' dir='ltr' id='par_1_109' title="bbox 2094 5002 3677 5072">
     <span class='ocr_line' id='line_1_109' title="bbox 2094 5002 3677 5072; baseline 0.001 -14"><span class='ocrx_word' id='word_1_830' title='bbox 2094 5008 2261 5060; x_wconf 83' lang='lat' dir='ltr'><strong>rimus</strong></span> <span class='ocrx_word' id='word_1_831' title='bbox 2292 5022 2414 5060; x_wconf 89' lang='lat' dir='ltr'><strong>esse</strong></span> <span class='ocrx_word' id='word_1_832' title='bbox 2467 5022 2662 5059; x_wconf 86' lang='lat' dir='ltr'><strong>nomen</strong></span> <span class='ocrx_word' id='word_1_833' title='bbox 2717 5004 3054 5068; x_wconf 71' lang='grc' dir='ltr'>διιιιειιιιιιιιιι,</span> <span class='ocrx_word' id='word_1_834' title='bbox 3089 5002 3215 5057; x_wconf 85' lang='lat' dir='ltr'><strong>hinc</strong></span> <span class='ocrx_word' id='word_1_835' title='bbox 3264 5005 3544 5072; x_wconf 75' lang='lat' dir='ltr'><strong>colligant,</strong></span> <span class='ocrx_word' id='word_1_836' title='bbox 3574 5005 3677 5059; x_wconf 80' lang='lat' dir='ltr'><strong>Fi-</strong></span> 
     </span>
    </p>
   </div>
   <div class='ocr_carea' id='block_1_110' title="bbox 2089 5075 3675 5132">
    <p class='ocr_par' dir='ltr' id='par_1_110' title="bbox 2089 5075 3675 5132">
     <span class='ocr_line' id='line_1_110' title="bbox 2089 5075 3675 5132; baseline 0.003 -4"><span class='ocrx_word' id='word_1_837' title='bbox 2089 5076 2215 5129; x_wconf 90' lang='lat' dir='ltr'><strong>lium</strong></span> <span class='ocrx_word' id='word_1_838' title='bbox 2246 5092 2366 5131; x_wconf 86' lang='lat' dir='ltr'><strong>esse</strong></span> <span class='ocrx_word' id='word_1_839' title='bbox 2398 5077 2664 5129; x_wconf 80' lang='lat' dir='ltr'><strong>diVersam</strong></span> <span class='ocrx_word' id='word_1_840' title='bbox 2695 5075 3051 5129; x_wconf 86' lang='lat' dir='ltr'><strong>substantiam</strong></span> <span class='ocrx_word' id='word_1_841' title='bbox 3080 5089 3108 5122; x_wconf 87' lang='lat' dir='ltr'><strong>a</strong></span> <span class='ocrx_word' id='word_1_842' title='bbox 3138 5076 3440 5128; x_wconf 84' lang='lat' dir='ltr'><strong>substantia</strong></span> <span class='ocrx_word' id='word_1_843' title='bbox 3477 5077 3675 5132; x_wconf 82' lang='lat' dir='ltr'><strong>Patris:</strong></span> 
     </span>
    </p>
   </div>
   <div class='ocr_carea' id='block_1_111' title="bbox 2098 5143 3676 5217">
    <p class='ocr_par' dir='ltr' id='par_1_111' title="bbox 2098 5143 3676 5217">
     <span class='ocr_line' id='line_1_111' title="bbox 2098 5143 3676 5217; baseline 0.001 -19"><span class='ocrx_word' id='word_1_844' title='bbox 2098 5148 2173 5209; x_wconf 84' lang='grc' dir='ltr'><strong>ὡς</strong></span> <span class='ocrx_word' id='word_1_845' title='bbox 2198 5148 2296 5217; x_wconf 79' lang='grc' dir='ltr'><strong>τῆς</strong></span> <span class='ocrx_word' id='word_1_846' title='bbox 2329 5147 2498 5217; x_wconf 60' lang='grc' dir='ltr'><strong>αὐτῆί</strong></span> <span class='ocrx_word' id='word_1_847' title='bbox 2528 5145 2712 5209; x_wconf 76' lang='grc' dir='ltr'><strong>οὐσίας</strong></span> <span class='ocrx_word' id='word_1_848' title='bbox 2745 5145 2836 5217; x_wconf 59' lang='grc' dir='ltr'><strong>δήο</strong></span> <span class='ocrx_word' id='word_1_849' title='bbox 2873 5147 2946 5213; x_wconf 80' lang='grc' dir='ltr'><strong>μὴ</strong></span> <span class='ocrx_word' id='word_1_850' title='bbox 2977 5143 3370 5217; x_wconf 65' lang='grc' dir='ltr'><strong>ὲπιᾷεχομένης</strong></span> <span class='ocrx_word' id='word_1_851' title='bbox 3409 5148 3504 5199; x_wconf 73' lang='grc' dir='ltr'><strong>καὶ</strong></span> <span class='ocrx_word' id='word_1_852' title='bbox 3553 5148 3676 5200; x_wconf 68' lang='grc' dir='ltr'><strong>διάη</strong></span> 
     </span>
    </p>
   </div>
   <div class='ocr_carea' id='block_1_112' title="bbox 2079 5214 3678 5288">
    <p class='ocr_par' dir='ltr' id='par_1_112' title="bbox 2079 5214 3678 5288">
     <span class='ocr_line' id='line_1_112' title="bbox 2079 5214 3678 5288; baseline 0.002 -19"><span class='ocrx_word' id='word_1_853' title='bbox 2079 5214 2461 5288; x_wconf 63' lang='grc' dir='ltr'><strong>,φοραιιυρίως</strong></span> <span class='ocrx_word' id='word_1_854' title='bbox 2479 5215 2800 5288; x_wconf 56' lang='lat' dir='ltr'><strong>duritiam,”</strong></span> <span class='ocrx_word' id='word_1_855' title='bbox 2824 5227 2905 5268; x_wconf 84' lang='lat' dir='ltr'><strong>est</strong></span> <span class='ocrx_word' id='word_1_856' title='bbox 2935 5214 3097 5288; x_wconf 82' lang='lat' dir='ltr'><strong>quasi</strong></span> <span class='ocrx_word' id='word_1_857' title='bbox 3122 5229 3229 5269; x_wconf 85' lang='lat' dir='ltr'><strong>una</strong></span> <span class='ocrx_word' id='word_1_858' title='bbox 3250 5221 3546 5270; x_wconf 80' lang='lat' dir='ltr'><strong>substantia</strong></span> <span class='ocrx_word' id='word_1_859' title='bbox 3568 5235 3678 5272; x_wconf 81' lang='lat' dir='ltr'><strong>non</strong></span> 
     </span>
    </p>
   </div>
   <div class='ocr_carea' id='block_1_113' title="bbox 2099 5284 3674 5356">
    <p class='ocr_par' dir='ltr' id='par_1_113' title="bbox 2099 5284 3674 5356">
     <span class='ocr_line' id='line_1_113' title="bbox 2099 5284 3674 5356; baseline -0.001 -16"><span class='ocrx_word' id='word_1_860' title='bbox 2099 5284 2366 5356; x_wconf 75' lang='lat' dir='ltr'><strong>reciperet</strong></span> <span class='ocrx_word' id='word_1_861' title='bbox 2415 5291 2524 5341; x_wconf 89' lang='lat' dir='ltr'><strong>duo</strong></span> <span class='ocrx_word' id='word_1_862' title='bbox 2564 5297 2616 5338; x_wconf 83' lang='lat' dir='ltr'><strong>et</strong></span> <span class='ocrx_word' id='word_1_863' title='bbox 2663 5287 2876 5340; x_wconf 67' lang='lat' dir='ltr'><strong>(“Veer</strong></span> <span class='ocrx_word' id='word_1_864' title='bbox 2919 5284 3135 5354; x_wconf 85' lang='lat' dir='ltr'><strong>proprie</strong></span> <span class='ocrx_word' id='word_1_865' title='bbox 3170 5288 3411 5352; x_wconf 89' lang='lat' dir='ltr'><strong>nomina,</strong></span> <span class='ocrx_word' id='word_1_866' title='bbox 3453 5289 3496 5340; x_wconf 90' lang='lat' dir='ltr'><strong>si</strong></span> <span class='ocrx_word' id='word_1_867' title='bbox 3529 5295 3674 5340; x_wconf 82' lang='lat' dir='ltr'><strong>enim</strong></span> 
     </span>
    </p>
   </div>
   <div class='ocr_carea' id='block_1_114' title="bbox 2099 5356 3675 5426">
    <p class='ocr_par' dir='ltr' id='par_1_114' title="bbox 2099 5356 3675 5426">
     <span class='ocr_line' id='line_1_114' title="bbox 2099 5356 3675 5426; baseline 0.001 -18"><span class='ocrx_word' id='word_1_868' title='bbox 2099 5370 2250 5426; x_wconf 86' lang='lat' dir='ltr'><strong>pater</strong></span> <span class='ocrx_word' id='word_1_869' title='bbox 2273 5370 2355 5412; x_wconf 84' lang='lat' dir='ltr'><strong>est</strong></span> <span class='ocrx_word' id='word_1_870' title='bbox 2382 5374 2574 5412; x_wconf 84' lang='lat' dir='ltr'><strong>nomen</strong></span> <span class='ocrx_word' id='word_1_871' title='bbox 2596 5356 2939 5426; x_wconf 67' lang='lat' dir='ltr'><strong>subsututite,</strong></span> <span class='ocrx_word' id='word_1_872' title='bbox 2967 5371 3238 5423; x_wconf 86' lang='lat' dir='ltr'><strong>nunquam</strong></span> <span class='ocrx_word' id='word_1_873' title='bbox 3263 5358 3508 5426; x_wconf 89' lang='lat' dir='ltr'><strong>ejusdem</strong></span> <span class='ocrx_word' id='word_1_874' title='bbox 3536 5359 3675 5426; x_wconf 84' lang='lat' dir='ltr'><strong>sub-</strong></span> 
     </span>
    </p>
   </div>
   <div class='ocr_carea' id='block_1_115' title="bbox 2097 5425 3676 5486">
    <p class='ocr_par' dir='ltr' id='par_1_115' title="bbox 2097 5425 3676 5486">
     <span class='ocr_line' id='line_1_115' title="bbox 2097 5425 3676 5486; baseline 0 -5"><span class='ocrx_word' id='word_1_875' title='bbox 2097 5425 2312 5481; x_wconf 63' lang='lat' dir='ltr'><strong>atautia:</strong></span> <span class='ocrx_word' id='word_1_876' title='bbox 2347 5444 2545 5480; x_wconf 84' lang='lat' dir='ltr'><strong>nomen</strong></span> <span class='ocrx_word' id='word_1_877' title='bbox 2583 5429 2687 5479; x_wconf 86' lang='lat' dir='ltr'><strong>erit</strong></span> <span class='ocrx_word' id='word_1_878' title='bbox 2725 5425 2916 5479; x_wconf 79' lang='lat' dir='ltr'><strong>Filius.</strong></span> <span class='ocrx_word' id='word_1_879' title='bbox 2949 5426 3223 5479; x_wconf 84' lang='lat' dir='ltr'><strong>Hactenus</strong></span> <span class='ocrx_word' id='word_1_880' title='bbox 3251 5425 3469 5480; x_wconf 72' lang='lat' dir='ltr'><strong>sanctus</strong></span> <span class='ocrx_word' id='word_1_881' title='bbox 3499 5425 3676 5486; x_wconf 73' lang='lat' dir='ltr'><strong>Maxi-</strong></span> 
     </span>
    </p>
   </div>
   <div class='ocr_carea' id='block_1_116' title="bbox 2099 5492 3670 5562">
    <p class='ocr_par' dir='ltr' id='par_1_116' title="bbox 2099 5492 3670 5562">
     <span class='ocr_line' id='line_1_116' title="bbox 2099 5492 3670 5562; baseline 0.001 -12"><span class='ocrx_word' id='word_1_882' title='bbox 2099 5515 2237 5562; x_wconf 88' lang='lat' dir='ltr'><strong>mus,</strong></span> <span class='ocrx_word' id='word_1_883' title='bbox 2279 5511 2333 5550; x_wconf 88' lang='lat' dir='ltr'><strong>et</strong></span> <span class='ocrx_word' id='word_1_884' title='bbox 2367 5499 2556 5551; x_wconf 85' lang='lat' dir='ltr'><strong>beatus</strong></span> <span class='ocrx_word' id='word_1_885' title='bbox 2591 5496 2820 5552; x_wconf 79' lang='lat' dir='ltr'><strong>Basilius</strong></span> <span class='ocrx_word' id='word_1_886' title='bbox 2849 5496 2986 5549; x_wconf 89' lang='lat' dir='ltr'><strong>libro</strong></span> <span class='ocrx_word' id='word_1_887' title='bbox 3018 5510 3052 5548; x_wconf 89' lang='lat' dir='ltr'><strong>II</strong></span> <span class='ocrx_word' id='word_1_888' title='bbox 3075 5492 3272 5549; x_wconf 86' lang='lat' dir='ltr'><strong>Contra</strong></span> <span class='ocrx_word' id='word_1_889' title='bbox 3299 5499 3616 5549; x_wconf 81' lang='lat' dir='ltr'><strong>Eunomium</strong></span> <span class='ocrx_word' id='word_1_890' title='bbox 3651 5513 3670 5552; x_wconf 89' lang='lat'><strong>.&#39;</strong></span> 
     </span>
    </p>
   </div>
   <div class='ocr_carea' id='block_1_117' title="bbox 2097 5567 3673 5636">
    <p class='ocr_par' dir='ltr' id='par_1_117' title="bbox 2097 5567 3673 5636">
     <span class='ocr_line' id='line_1_117' title="bbox 2097 5567 3673 5636; baseline 0 -15"><span class='ocrx_word' id='word_1_891' title='bbox 2097 5569 2377 5635; x_wconf 80' lang='lat' dir='ltr'><strong>Quomodo</strong></span> <span class='ocrx_word' id='word_1_892' title='bbox 2415 5569 2604 5636; x_wconf 82' lang='lat' dir='ltr'><strong>igitur,</strong></span> <span class='ocrx_word' id='word_1_893' title='bbox 2645 5567 2840 5636; x_wconf 86' lang='lat' dir='ltr'><strong>inquit,</strong></span> <span class='ocrx_word' id='word_1_894' title='bbox 2882 5583 2915 5620; x_wconf 84' lang='grc' dir='ltr'><strong>ο</strong></span> <span class='ocrx_word' id='word_1_895' title='bbox 2947 5567 3374 5636; x_wconf 83' lang='lat' dir='ltr'><strong>sapietttissime,</strong></span> <span class='ocrx_word' id='word_1_896' title='bbox 3409 5567 3459 5622; x_wconf 89' lang='lat' dir='ltr'><strong>si</strong></span> <span class='ocrx_word' id='word_1_897' title='bbox 3487 5567 3673 5623; x_wconf 79' lang='lat' dir='ltr'><strong>diver-</strong></span> 
     </span>
    </p>
   </div>
   <div class='ocr_carea' id='block_1_118' title="bbox 2174 5768 3671 5843">
    <p class='ocr_par' dir='ltr' id='par_1_118' title="bbox 2174 5768 3671 5843">
     <span class='ocr_line' id='line_1_118' title="bbox 2174 5768 3671 5843; baseline -0.003 -17"><span class='ocrx_word' id='word_1_898' title='bbox 2174 5772 2250 5843; x_wconf 80' lang='lat' dir='ltr'><strong>(b)</strong></span> <span class='ocrx_word' id='word_1_899' title='bbox 2283 5773 2467 5838; x_wconf 78' lang='lat' dir='ltr'><strong>idest,</strong></span> <span class='ocrx_word' id='word_1_900' title='bbox 2509 5772 2710 5841; x_wconf 76' lang='lat' dir='ltr'><strong>aliquid</strong></span> <span class='ocrx_word' id='word_1_901' title='bbox 2741 5772 2936 5840; x_wconf 85' lang='lat' dir='ltr'><strong>majus,</strong></span> <span class='ocrx_word' id='word_1_902' title='bbox 2964 5788 3126 5840; x_wconf 87' lang='lat' dir='ltr'><strong>quam</strong></span> <span class='ocrx_word' id='word_1_903' title='bbox 3159 5779 3216 5843; x_wconf 82' lang='lat' dir='ltr'><strong>ut</strong></span> <span class='ocrx_word' id='word_1_904' title='bbox 3239 5785 3307 5824; x_wconf 76' lang='lat' dir='ltr'><strong>ex</strong></span> <span class='ocrx_word' id='word_1_905' title='bbox 3330 5768 3493 5828; x_wconf 67' lang='lat' dir='ltr'><strong>robus</strong></span> <span class='ocrx_word' id='word_1_906' title='bbox 3513 5783 3671 5823; x_wconf 58' lang='lat' dir='ltr'><strong>creao</strong></span> 
     </span>
    </p>
   </div>
   <div class='ocr_carea' id='block_1_119' title="bbox 2102 5841 3255 5914">
    <p class='ocr_par' dir='ltr' id='par_1_119' title="bbox 2102 5841 3255 5914">
     <span class='ocr_line' id='line_1_119' title="bbox 2102 5841 3255 5914; baseline -0.004 -14"><span class='ocrx_word' id='word_1_907' title='bbox 2102 5844 2172 5902; x_wconf 77' lang='lat' dir='ltr'><strong>ti&#39;s</strong></span> <span class='ocrx_word' id='word_1_908' title='bbox 2197 5841 2406 5910; x_wconf 52' lang='lat' dir='ltr'><strong>didicit,</strong></span> <span class='ocrx_word' id='word_1_909' title='bbox 2429 5861 2493 5899; x_wconf 87' lang='lat' dir='ltr'><strong>ex</strong></span> <span class='ocrx_word' id='word_1_910' title='bbox 2548 5845 2742 5914; x_wconf 85' lang='lat' dir='ltr'><strong>quibus</strong></span> <span class='ocrx_word' id='word_1_911' title='bbox 2771 5849 3055 5900; x_wconf 77' lang='lat' dir='ltr'><strong>scientiam</strong></span> <span class='ocrx_word' id='word_1_912' title='bbox 3088 5841 3255 5902; x_wconf 70' lang='lat' dir='ltr'><strong>capit.</strong></span> 
     </span>
    </p>
   </div>
  </div>
