4082 6450
415 371 522 431 {Ws

1304 376 1545 437 DECAS
1586 377 1655 438 x.
1686 403 1756 413 —
1799 379 1895 438 DE
1932 380 2199 442 DIVlNA
2235 361 2823 444 SIMPLICITATE.‘

3565 372 3661 447 ιιι

414 488 569 551 sitio,
610 498 670 543 et
717 488 848 543 illud
881 488 1112 545 ini'orme
1143 492 1387 547 materias
1421 493 1572 547 illinc
1619 493 1849 562 ejectum
1882 508 1985 551 cst.
2019 504 2061 559 Α
2092 498 2238 563 chia,
2289 514 2408 566 cap.
2449 499 2507 565 4,
2537 498 2928 554 substantiales
2978 510 3134 554 vocat
3188 498 3421 561 habitus.
3468 499 3562 568 qui
3615 501 3668 552 in

419 580 478 633 Si
508 579 653 634 enim
693 590 840 633 esset
865 579 1011 633 aliud
1043 590 1099 635 et
1144 580 1254 635 alio
1281 582 1447 637 veluti
1480 585 1735 638 accidens
1773 588 1824 639 in
1862 587 1993 640 sub.

416 669 585 735 iecto,
639 684 748 723 non
796 670 1003 721 viveret
1051 684 1146 737 per
1194 686 1254 726 se
1283 671 1587 727 substantia
1634 675 1766 740 illa;
1819 693 1996 745 neque

413 758 596 827 p’ossct
626 774 722 828 per
754 776 811 815 se
835 759 1100 828 deiiicari,
1130 774 1390 832 quantum
1415 766 1557 820 vires
1589 769 1698 836 pati
1733 779 1990 834 possunt,
2015 763 2021 768 ’

414 864 635 921 propter
662 853 842 906 solum
874 854 1121 908 ordinem
1156 856 1249 924 qui
1278 868 1528 911 servatur
1564 861 1818 927 ponendo
1842 862 1986 915 aliud

414 948 469 997 in
497 944 622 997 alio.
663 943 889 998 Habitus
919 945 1085 1014 igitur
1113 964 1249 1015 quos
1288 952 1340 1004 in
1384 952 1517 1018 ipsis
1553 952 1820 1014 diximus.
1855 964 1990 1008 sunt

418 1036 517 1100 ipsi
555 1049 742 1087 earum
792 1037 1115 1091 substantiae
1147 1039 1328 1106 inditi,
1370 1057 1475 1097 non
1523 1055 1702 1097 autem
1749 1054 1811 1098 ut
1842 1045 1988 1099 acci-

412 1129 552 1181 dens
579 1127 632 1181 iii
662 1141 935 1202 sniqecto.
964 1131 1088 1198 quia
1120 1144 1248 1185 sunt
1268 1142 1521 1201 expertes
1544 1134 1783 1188 materiae
1803 1135 1985 1190 :'imde

418 1236 648 1292 magnus
687 1225 974 1294 Dionysius
1006 1224 1060 1277 iii
1102 1222 1242 1279 libro
1270 1222 1346 1276 De
1400 1225 1757 1280 ecclesiastica
1782 1226 1987 1281 lucrar—

2092 589 2225 655 ipsis
2251 601 2400 645 sunt.
2441 594 2630 643 Adhuc
2668 593 2807 646 idem
2853 590 3141 655 Maximus,
3198 591 3250 644 in
3292 592 3671 646 Aduotationi-

2094 679 2215 743 bus,
2259 696 2379 748 cap.
2409 682 2443 733 4
2478 681 2551 733 De
2585 683 2780 736 divinis
2805 684 3109 736 nominibus
3136 699 3154 737 :
3185 680 3409 752 Propter
3440 683 3542 738 hos
3565 685 3672 737 sci-

2090 770 2224 826 licet
2285 772 2468 826 radios
2520 771 2783 828 bonitatis
2833 774 3028 827 divinae
3097 775 3425 829 exstiterunt
3482 782 3670 830 diuitias

2093 872 2305 917 mentes
2336 864 2703 925 iutellectiles.
2738 877 2792 920 et
2820 865 3208 933 intelligentes,
3241 876 3296 921 et
3326 868 3664 931 substantiae,

2087 965 2143 1011 et
2172 957 2424 1021 virtutes,
2457 967 2515 1011 et
2546 962 2821 1027 euergim:
2859 960 3168 1028 intelligunt
3211 976 3359 1015 enim
3402 974 3456 1016 et
3492 964 3664 1033 ipsae;

2085 1045 2211 1114 quia
2262 1060 2453 1099 omnes
2484 1054 2611 1099 sunt
2668 1056 2898 1115 mentes,
2946 1060 3003 1104 et
3048 1053 3362 1105 substantiae
3413 1055 3576 1117 vitae,
3634 1072 3661 1105 a

2095 1147 2276 1190 mente
2309 1150 2562 1204 suprema
2597 1147 2814 1202 creatae,
2847 1139 2956 1193 imo
2986 1150 3041 1194 et
3065 1144 3297 1210 elici-giae
3334 1144 3443 1198 illic
3482 1160 3578 1212 per
3606 1161 3666 1199 se

2093 1226 2459 1283 subsistentes
2488 1236 2638 1292 sunt,
2674 1238 2737 1282 et
2772 1231 3093 1286 substantias
3127 1231 3241 1302 (t);
3291 1236 3469 1288 omnis
3513 1239 3659 1291 enim

1894 1316 2174 1382 Scholia.

413 1394 663 1465 accidens
695 1397 747 1449 iu
799 1398 1059 1465 subjecto,
1089 1407 1147 1451 ut
1197 1396 1254 1451 S'
1290 1397 1558 1451 Maximus
1608 1409 1755 1451 recte
1809 1398 1967 1453 dixit.

418 1462 639 1518 Habitus
672 1462 911 1521 scientia)
943 1469 993 1521 in
1028 1462 1182 1522 nobis
1230 1471 1529 1538 acquiritur
1566 1469 1829 1536 principio
1874 1485 1972 1538 per

414 1537 820 1606 conversionem
851 1538 916 1590 ad
948 1537 1340 1603 phantasmata,
1380 1554 1499 1606 quae
1526 1548 1651 1591 sunt
1692 1539 1745 1591 in
1782 1550 1972 1606 poten-

2077 1408 2274 1468 praeter
2320 1396 2553 1465 subjecti
2605 1400 3036 1468 corruptionem.
3087 1404 3306 1469 proprie.
3358 1407 3661 1461 areiileniia

2081 1469 2335 1523 dicuntur
2365 1478 2418 1521 et
2458 1479 2605 1529 sunt,
2636 1484 2754 1533 quae
2787 1480 2998 1523 veteres
3032 1470 3209 1524 Latini
3243 1477 3510 1530 vocabant
3532 1493 3664 1529 con-

2075 1535 2262 1604 juncla
2305 1546 2561 1605 tanquam
2599 1538 2917 1604 advt-iitiiia;
2953 1540 3031 1594 sic
3083 1542 3223 1593 enim
3258 1558 3415 1596 vocat
3460 1544 3662 1599 Lucie-
3746 1543 3753 1550 ’

416 1604 1379 1684 liis.materialibus__sep_suum,unde
1402 1604 1976 1684 inaterialiterpetdis-
2007 1612 2050 1668 B
2078 1611 2186 1684 tius
2215 1623 2233 1684 _;
2269 1604 2490 1659 verbum
2524 1605 2905 1684 Gi‘aeeuiii._ut_
2933 1609 3061 1661 mihi
3093 1611 3322 1675 videtur,
3388 1614 3662 1684 συμὸεεη-

415 1675 664 1740 positive,
721 1683 778 1746 ut
807 1678 882 1729 ait
913 1676 971 1730 S.
1010 1676 1268 1740 Thomas,
1301 1685 1478 1739 artus,
1517 1693 1581 1729 ex
1616 1693 1723 1746 quo
1762 1676 1979 1734 habitus

414 1753 729 1810 generatur,
764 1745 813 1796 in
864 1747 1118 1811 polrntiis
1155 1747 1427 1800 seus‘tivis
1468 1757 1568 1809 est,
1627 1745 1827 1800 idcirco
1856 1763 1979 1801 cor-

414 1814 588 1884 rumpi
618 1824 795 1882 potest
818 1815 868 1866 in
889 1816 1167 1869 intellectu
1187 1814 1403 1870 habitus
1438 1817 1680 1871 scientia
1712 1832 1807 1884 per
1835 1817 1979 1873 obli-

414 1882 622 1935 tionem
693 1897 758 1936 ex
829 1894 981 1955 parte
1047 1888 1359 1950 memoriae,
1412 1887 1464 1938 iii
1530 1902 1635 1955 qua
1689 1882 1977 1942 servantur

413 1958 784 2024 phantasmata
815 1954 1121 2017 sensiliuiu,
1159 1972 1187 2008 a
1221 1956 1422 2022 quibus
1451 1954 1662 2024 species
1696 1957 1977 2011 intellecti-

414 2022 490 2076 les
518 2024 929 2096 absit-abutitur;
962 2034 1017 2077 et
1053 2040 1148 2092 per
1191 2022 1564 2093 deceptionem
1615 2025 1767 2081 falsa;
1815 2042 1977 2096 argu-

409 2094 791 2166 meiitaiioiiis,
852 2109 956 2158 qua
1016 2097 1272 2146 suadetur
1307 2097 1637 2150 contrarium
1683 2096 1797 2166 ejus
1832 2094 1974 2163 quod

408 2177 555 2224 prius
582 2162 871 2214 sciebatur:
904 2173 1153 2216 neutrum
1178 2172 1358 2234 autem
1398 2167 1588 2220 liorum
1620 2162 1811 2234 angelo
1838 2181 1968 2221 eve-

404 2235 521 2304 nire
548 2243 742 2304 potest,
770 2233 862 2300 qui
905 2248 1005 2286 nec
1048 2233 1298 2288 obhvisci
1334 2244 1536 2303 potest,
1570 2233 1742 2303 neque
1770 2235 1968 2304 decipi,

404 2302 526 2374 quia
569 2303 714 2374 liber
758 2308 822 2355 tib
871 2303 1017 2355 Ollilli
1053 2309 1287 2357 tiiatcria-
1328 2302 1426 2374 per
1477 2302 1685 2374 species
1716 2302 1905 2358 rerllltir
1940 2324 1968 2361 ιι

409 2369 515 2419 Duo
568 2370 767 2442 inditas
811 2379 867 2425 et
915 2374 1269 2438 congenitis,
1328 2369 1538 2442 quibus
1600 2374 1966 2441 ballitualiter,

403 2451 462 2491 ut
493 2442 567 2493 ait
600 2442 656 2493 b'.
700 2439 873 2494 'l‘liom
906 2481 921 2504 ,
956 2444 1257 2509 pi-rticitur,
1316 2439 1505 2498 oiuues
1540 2455 1759 2499 naturas
1789 2439 1967 2499 rerum

402 2508 545 2580 scire
599 2520 795 2580 potest.
864 2508 1044 2575 Quae
1102 2514 1408 2580 huiusmodi
1463 2514 1681 2567 habitus
1734 2529 1842 2567 non
1886 2524 1970 2569 est

408 2579 460 2650 in
520 2594 587 2650 eo
638 2579 745 2634 tale
775 2581 1050 2643 accidens,
1103 2579 1262 2650 quale
1299 2582 1352 2635 in
1390 2584 1567 2649 nobis,
1615 2594 1674 2637 ut
1716 2583 1854 2638 dixit
1906 2588 1965 2639 S.

406 2644 699 2721 Maximus;
724 2665 822 2703 nec
848 2651 967 2721 ipse
1003 2644 1223 2721 angelus
1253 2644 1563 2720 liiijusiiiodi
1598 2652 1813 2707 habitus
1847 2666 1967 2708 tan-

405 2731 559 2782 quam
595 2720 890 2790 accideniis
932 2720 1099 2790 sulija’i
1120 2732 1230 2775 tum
1265 2732 1371 2786 est,
1402 2724 1494 2777 sed
1527 2726 1709 2789 potius
1753 2724 1832 2777 sic
1866 2725 1969 2778 hu-

398 2789 630 2863 iusmodi
678 2788 898 2863 habitus
933 2788 1091 2863 ii_i_eo_
1132 2802 1234 2856 est,
1287 2801 1345 2845 ut
1374 2788 1566 2863 ivirtu’s
1614 2792 1963 2848 eai'el'acieiidi

400 2857 460 2931 iii
488 2857 634 2926 igne,
673 2870 730 2931 ut
759 2861 833 2912 ait
867 2860 924 2912 S.
960 2860 1241 2931 Maximus,
1273 2873 1325 2915 et
1368 2862 1729 2931 Pachymeres
1766 2864 1964 2931 Diony-

400 2928 463 2977 sii
509 2928 911 3009 pai-apbrastes_:
964 2930 1232 3015 εἰιιιίιιιριχ
1265 2931 1477 3021 Ιιέὺὶιριε
1501 2928 1792 3021 lvii-tutum,
1828 2928 1973 3021 9.93.9
1999 2964 2041 3021 ρ

402 3009 497 3062 per
528 3012 743 3050 sensum
784 3000 1050 3067 capimus,
1087 3012 1139 3053 ut
1185 3001 1260 3055 ait
1290 3000 1348 3057 S.
1385 3000 1692 3055 Diadchus
1734 3002 1787 3055 in
1833 3004 1972 3059 libro

402 3067 486 3122 De
524 3068 836 3137 perfectione
877 3071 1169 3137 spirituali,
1208 3072 1258 3125 id
1298 3080 1398 3136 ρει,
1438 3087 1533 3140 per
1565 3071 1768 3140 justum
1813 3088 1970 3127 usum

400 3154 683 3211 sensuu_ui,
717 3148 767 3191 et
793 3153 981 3211 earum
1019 3155 1196 3211 rerum
1229 3155 1350 3209 quae
1380 3144 1481 3195 sub
1516 3156 1708 3197 sensus
1748 3144 1973 3211 cadunt,

400 3212 552 3265 lsaac
588 3206 760 3277 Syrus
790 3207 1057 3275 ὲξωτέρας
1081 3206 1308 3274 τάξεώς,
1343 3212 1392 3264 id
1426 3222 1531 3275 est,
1563 3213 1849 3266 exterioris
1880 3206 1973 3267 or;

401 3281 544 3334 diuis
576 3288 762 3343 vocat;
797 3279 849 3330 in
881 3280 1034 3331 nobis
1063 3287 1320 3348 tanquam
1352 3282 1651 3334 accidentia
1695 3284 1882 3336 adesse
1922 3293 1977 3337 et

398 3352 589 3405 abesse
624 3357 866 3415 possunt,
900 3348 1024 3414 quia
1055 3357 1187 3418 sunt,
1231 3349 1585 3403 materialiter
1621 3351 1674 3405 iu
1723 3353 1975 3418 potentiis

398 3418 698 3481 sensitivis,
751 3430 816 3489 et
864 3426 1121 3486 tauquam
1175 3417 1231 3472 in
1286 3419 1527 3485 subjecto
1573 3418 1627 3473 in
1702 3417 1974 3489 appetitis,

400 3492 597 3558 quibus
645 3478 1139 3551 accidit-obedire,
1172 3499 1269 3542 aut
1317 3478 1428 3542 non
1479 3489 1702 3543 obedire
1736 3478 1972 3554 "r'aiioiii,

400 3560 697 3625 uiidejusti
728 3559 938 3621 auditu,
971 3566 1025 3610 et.
1070 3569 1396 3627 aspectu,et
1446 3558 1697 3613 similiter
1742 3558 1794 3611 iii
1853 3561 1979 3614 reli-

396 3629 517 3695 quis
570 3628 825 3692 dicimur;
869 3632 1011 3680 sicut
1056 3627 1245 3690 beatus
1295 3630 1486 3683 Petrus
1536 3633 1601 3681 de
1641 3637 1830 3683 sancto
1875 3628 1977 3682 Lot

397 3697 582 3753 dixit:
620 3696 750 3749 Erat
779 3699 917 3749 enim
957 3709 1190 3763 aspectu,
1211 3708 1260 3750 et
1302 3698 1489 3750 auditu
1514 3696 1793 3765 justus(l1
1830 3695 1975 3755 Petr.

398 3768 542 3833 ii,8);
590 3776 644 3818 et
703 3766 1025 3832 compositio
1055 3783 1121 3819 ex
1161 3768 1406 3835 subjecto
1463 3766 1651 3820 harum
1693 3770 1975 3833 virtutum,

399 3849 455 3889 et
506 3850 570 3888 ex
608 3835 743 3903 ipsis
809 3837 1131 3899 Virtutibus,
1181 3839 1479 3890 materialis
1524 3839 1843 3902 compositio
1894 3849 1979 3892 est

400 3915 618 3974 propter
646 3920 845 3974 organa
891 3920 1171 3971 corporea;
1222 3908 1447 3959 virtutes
1490 3906 1652 3959 etiam
1692 3907 1796 3959 illae
1824 3907 1977 3960 ordi-

400 3978 484 4029 nis
512 3976 811 4039 interioris,
839 3988 958 4041 quae
988 3974 1305 4042 theologica:
1330 3975 1618 4037 dicuntur,
1650 3976 1801 4041 ﬁdes,
1829 3991 1973 4039 apes,

396 4046 657 4108 charitas,
688 4044 985 4098 accidentia
1006 4059 1222 4111 quoque
1238 4055 1360 4098 sunt
1380 4044 1435 4098 iii
1454 4044 1630 4109 nobis,
1647 4045 1770 4113 quia
1790 4044 1979 4100 adesse

396 4119 656 4170 etabesse
675 4130 871 4183 possun
915 4125 1133 4182 propter
1165 4130 1405 4177 carnem,
1442 4130 1560 4183 quae
1585 4124 1758 4183 potest
1782 4115 1975 4184 subjici

393 4196 448 4240 et
471 4201 578 4238 non
607 4185 800 4254 subjici
829 4184 928 4251 legi
963 4184 1205 4249 spiritus;
1232 4185 1372 4237 ιιςίυά
1385 4185 1529 4238 enim
1556 4193 1639 4238 est
1659 4198 1808 4248 caro,
1827 4187 1972 4241 aliud

403 4256 686 4322 prudentia
713 4253 923 4317 carnis,
954 4268 1114 4321 quam
1146 4255 1436 4322 Aposwlits
1468 4255 1545 4306 ait
1575 4255 1683 4323 legi
1721 4253 1814 4308 Dei
1868 4271 1973 4309 non

2089 1677 2184 1738 κὸς
2213 1677 2618 1744 interpretatur.
2655 1675 2966 1732 lllud'enitn
2998 1694 3104 1733 non
3140 1683 3365 1746 pteuitet
3394 1675 3661 1736 observa;

2086 1762 2147 1820 re
2209 1748 2315 1820 hic,
2350 1748 2520 1820 Aquod
2582 1747 2712 1799 istos
2766 1747 2985 1820 habitus
3034 1750 3291 1804 virtutum
3346 1752 3397 1804 in
3453 1755 3661 1820 angelis

2085 1816 2225 1893 idem
2260 1814 2318 1869 S.
2345 1816 2612 1868 Maximus
2644 1830 2764 1893 (κιρ.
2797 1816 2957 1893 ξζπῌε
3005 1820 3170 1893 divin.
3227 1822 3443 1893 nomin.
3469 1814 3663 1893 ὲτξιτη-

2082 1886 2363 1953 δειότητας
2393 1895 2566 1949 vocat,
2594 1900 2696 1956 nos
2728 1887 3043 1948 nobilitates,
3075 1890 3189 1942 sive
3217 1892 3542 1956 aptitudines
3574 1886 3656 1944 iii-

2084 1965 2467 2025 terpretsmur,
2502 1955 2557 2025 ὃ.
2593 1953 2830 2009 Thomas
2861 1953 3298 2025 participationes
3326 1960 3527 2015 divinae
3570 1974 3663 2014 sa-

2082 2023 2297 2094 p'eiitiae
2329 2035 2383 2077 ei
2414 2023 2670 2095 bonitatis
2704 2039 2825 2095 f-‘Sse
2861 2023 3017 2090 dicit,
3055 2023 3175 2081 cum
3214 2029 3289 2081 ait
3321 2043 3356 2081 i.
3391 2044 3467 2095 p.,
3503 2045 3559 2095 q.
3596 2031 3655 2093 5,
3689 2077 3692 2081 .

2080 2104 2183 2149 art.
2232 2096 2284 2156 6,
2333 2095 2385 2146 in
2420 2108 2559 2158 resp.
2598 2094 2663 2148 ad
2697 2094 2751 2156 2,
2805 2095 2935 2162 quia
2982 2097 3046 2149 ad
3073 2094 3444 2164 attiiigeniluin
3491 2094 3656 2153 Deum

2085 2179 2181 2233 per
2209 2164 2541 2217 intellectum
2578 2177 2630 2235 et
2659 2164 2992 2235 voluntatem
3037 2165 3278 2235 indigent
3327 2170 3657 2235 participare

2079 2234 2278 2302 aliquid
2311 2239 2380 2285 ab
2423 2233 2702 2295 exteriori,
2749 2234 2958 2289 scilicet
3003 2233 3323 2303 sapientiam
3355 2248 3410 2291 et
3440 2233 3653 2292 bonita-

2080 2314 2185 2357 tem
2216 2304 2475 2373 divinam,
2507 2311 2562 2355 ut
2601 2304 2798 2373 ibidem
2853 2307 2949 2358 ait:
2992 2305 3131 2368 Ideo,
3186 2305 3381 2373 inquit,
3437 2321 3660 2362 necesse

2077 2382 2157 2445 est
2187 2388 2387 2441 ponere
2412 2369 2863 2445 -ἱιι-θίενιιιιιιὶιιιδς
2899 2373 3112 2427 habitus
3140 2369 3274 2428 istos
3304 2377 3433 2430 dicit
3463 2375 3660 2445 Diony-

2076 2439 2212 2504 sius,
2246 2458 2364 2508 cap.
2397 2442 2431 2495 4
2465 2439 2547 2497 De
2576 2442 2763 2495 divinis
2799 2444 3051 2498 nominib.
3088 2445 3397 2512 corrupisse
3433 2439 3657 2512 angelos

2076 2461 2212 2504 sius,
2246 2461 2364 2508 cap.
2397 2461 2431 2495 ιι
2465 2461 2547 2497 ue
2576 2461 2763 2495 aunnis
2799 2461 3051 2498 nommw.
3088 2461 3397 2566 corrupisse
3433 2461 3657 2512 angelos

2076 2514 2166 2579 qui
2210 2513 2550 2576 ceciderunt,
2594 2521 2864 2580 quatenus
2899 2514 3222 2566 aberrarunt
3287 2515 3659 2580 boperatioue

2078 2578 2350 2636 habilibus
2381 2584 2497 2640 istis
2531 2578 2883 2649 congruente,
2935 2597 3069 2650 quos
3092 2581 3257 2635 Judas
3285 2578 3561 2648 apostolus
3601 2585 3655 2637 iii

2075 2652 2303 2716 cpistola
2354 2668 2447 2705 Sua
2506 2653 2636 2707 dicit
2668 2664 2789 2721 non_
2820 2664 3067 2705 servasse
3115 2651 3461 2721 principium,
3516 2654 3654 2716 sive,

2078 2732 2136 2773 ut
2184 2730 2336 2792 vetus
2365 2722 2630 2792 interpres
2662 2719 2852 2792 νενιίι⁸
2868 2721 2970 2792 τῂν
3007 2719 3202 2792 ἀρχὴν,
3259 2719 3652 2791 principatum;

2073 2791 2243 2843 Credi
2266 2792 2408 2844 enim
2441 2787 2615 2849 erant,
2636 2799 2692 2841 ut
2719 2790 2794 2840 ait
2819 2787 2878 2845 S.
2903 2787 3187 2860 Maximus,
3208 2787 3270 2843 ad
3290 2787 3452 2860 opera
3482 2797 3616 2845 bona
3639 2787 3654 2857 ;

2074 2862 2401 2930 l'l'ettlimlelli
2432 2863 2574 2915 enim
2611 2874 2798 2930 eorum
2845 2860 3063 2916 vocavit
3090 2857 3259 2913 ludas
3289 2857 3612 2929 principium
3639 2879 3655 2930 ;

2075 2931 2153 2982 sic
2183 2929 2473 2998 Dionysius
2519 2932 2695 2998 locum
2741 2928 2893 2987 Judze
2929 2928 3313 2995 interpretatus
3351 2928 3539 2996 est,iit
3594 2928 3655 2984 S.

2078 2997 2343 3052 Maximus
2367 2997 2699 3069 observavit.
2732 2998 3001 3056 Praeterea
3032 3004 3177 3069 quod
3226 2999 3519 3069 Dionysius
3569 3002 3656 3052 di-

2080 3070 2157 3122 xit
2199 3071 2509 3134 corrupisse
2536 3068 2757 3138 angelos
2808 3086 2966 3125 suum
3001 3068 3655 3138 priticipium,sumptum

2076 3148 2157 3191 est
2183 3154 2246 3191 ex
2273 3139 2468 3193 Ezech.
2494 3156 2616 3207 cap.
2645 3153 2837 3203 xxviii,
2866 3154 2985 3193 cum
3025 3138 3093 3190 de
3125 3139 3339 3207 diabolo
3369 3140 3479 3192 ait:
3521 3140 3659 3193 (10r-

2083 3218 2237 3275 rupla
2268 3220 2350 3262 est
2397 3206 2624 3263 Scieiitia
2658 3219 2747 3261 tua
2780 3227 2902 3264 cun:
2933 3206 3335 3277 pulchritudine
3368 3217 3479 3262 tua.
3516 3208 3656 3262 liac-

2078 3288 2237 3348 tenus
2273 3278 2341 3331 de
2378 3280 2655 3332 habilibus
2707 3280 2758 3331 iii
2795 3279 3023 3348 angelis,
3060 3282 3151 3346 qui
3185 3293 3458 3330 communi
3490 3292 3651 3331 voca-

2076 3346 2206 3400 bulo
2263 3348 2520 3415 δυνάμεις
2576 3362 2812 3416 quoque,
2873 3346 2922 3402 id
2955 3358 3060 3411 est,
3116 3350 3388 3415 potentiae,
3446 3362 3475 3399 a
3532 3348 3656 3401 Dio-

2080 3418 2232 3486 nysio
2282 3418 2461 3469 vocari
2514 3418 2711 3479 solent,
2747 3430 2804 3471 ut
2859 3428 3081 3471 sanctus
3143 3416 3415 3470 Maximus
3441 3433 3562 3485 cap.
3597 3417 3650 3478 5,

2081 3485 2155 3538 De
2198 3488 2387 3540 divinis
2450 3486 2707 3542 nomintb.
2743 3491 2969 3549 notavit,
3023 3488 3164 3555 quod
3216 3502 3310 3555 per
3329 3503 3422 3540 eos
3468 3503 3656 3555 possu-

2078 3571 2198 3609 mus
2227 3565 2469 3624 prompte
2501 3556 3299 3623 operari.Dicendumestnmic
3315 3559 3379 3609 de
3402 3556 3656 3625 potciitiis

2077 3641 2264 3678 eorum
2321 3642 2442 3694 qua:
2490 3627 2568 3680 sic
2612 3629 2830 3695 propiie
2873 3626 3132 3694 δυνάμεις
3189 3629 3462 3689 dicuntur,
3514 3639 3653 3694 quas

2078 3700 2241 3748 etiam
2271 3710 2299 3747 a
2330 3697 2540 3749 ratione
2570 3694 2928 3749 accidentium
2978 3696 3119 3747 idem
3152 3695 3213 3748 ὃ.
3258 3694 3523 3746 Maximus
3549 3712 3652 3747 υλ-

2078 3764 2266 3817 cludit.
2323 3764 2379 3818 Si
2435 3765 2606 3828 enim,
2661 3766 2857 3834 inquit,
2892 3764 3023 3817 illud
3072 3779 3191 3816 esse
3226 3765 3369 3816 aliud
3430 3764 3485 3815 in
3541 3763 3650 3815 alio

2083 3843 2337 3900 tanquam
2394 3836 2649 3887 accidens
2703 3834 2756 3887 iii
2807 3836 3070 3900 subjecto,
3120 3834 3298 3885 locum
3342 3834 3563 3887 haberet
3595 3836 3647 3884 iii

2078 3905 2334 3971 patentiis
2392 3906 2591 3971 angeli,
2633 3913 2952 3970 sequeretur
3013 3913 3069 3954 ut
3122 3918 3228 3956 non
3286 3917 3380 3970 per
3437 3915 3497 3955 se
3565 3902 3652 3954 vi-

2081 3970 2231 4027 veret
2287 3970 2535 4043 angelus,
2580 3973 2675 4027 sed
2712 3988 2810 4041 per
2855 3970 3129 4039 accidens;
3189 3982 3246 4025 et
3301 3975 3363 4024 τὸ
3417 3971 3651 4034 ζωτικὸν

2080 4043 2131 4097 id
2159 4052 2260 4108 est,
2312 4053 2545 4110 potestas
2590 4044 2792 4108 vitalis,
2857 4057 2952 4110 per
2994 4057 3154 4110 quam
3197 4043 3350 4105 vivit,
3400 4058 3504 4095 nou
3560 4057 3649 4096 es-

2078 4124 2160 4167 set
2199 4112 2570 4184 substantialis
2613 4116 2663 4167 iu
2695 4112 2906 4184 angelo,
2936 4117 3030 4184 sed
3051 4112 3420 4177 occidentalis;
3476 4124 3652 4180 neque.

2080 4198 2175 4250 per
2199 4190 2269 4251 ise
2312 4183 2654 4238 deilicaretur
2696 4182 2874 4252 qubad
2921 4182 3033 4235 iieri
3066 4192 3263 4249 putest,
3311 4185 3354 4235 si
3409 4191 3649 4250 potentia

2082 4255 2208 4306 item
2247 4253 2571 4306 intellectiva
2613 4256 2785 4320 angeli
2820 4255 3070 4306 accidens
3098 4261 3259 4312 esset,
3287 4255 3425 4305 sicut
3459 4269 3510 4306 iii
3552 4269 3653 4305 rio-

392 4314 515 4380 esse
557 4325 850 4395 subjectum
897 4314 1076 4394 (Item.
1097 4314 1213 4386 viii',
1247 4326 1332 4392 8),
1366 4338 1466 4378 nec
1501 4314 1662 4377 enim.
1690 4339 1887 4393 posse:
1923 4335 1978 4379 at
2012 4314 2054 4369 Β
2084 4325 2186 4385 bis,
2220 4333 2408 4376 etnon
2438 4323 2617 4392 potius
2634 4314 2712 4377 ad
2727 4324 3088 4395 substantiam
3114 4323 3290 4395 angeli
3321 4324 3647 4389 pertineret:

398 4404 452 4448 iii
500 4408 710 4463 augetis
750 4408 854 4446 non
904 4407 1033 4463 stitit
1086 4395 1313 4447 virtutes
1373 4406 1629 4461 tanquam
1680 4395 1965 4463 qualitates

399 4462 704 4528 mutabiles,
733 4479 851 4531 qua:
878 4462 1129 4516 dicuntur
1160 4475 1215 4517 et
1242 4475 1368 4518 sunt
1396 4462 1719 4527 aecideiitia,
1752 4477 1808 4517 ut
1837 4465 1961 4533 qui-

396 4539 517 4587 dem
565 4542 771 4595 essent,
804 4533 934 4602 siin
975 4534 1181 4599 angelis
1212 4535 1435 4587 iiiaieria
1463 4543 1626 4598 esset,
1661 4542 1715 4586 et
1750 4548 1969 4602 compo-

397 4607 524 4656 sitio
576 4621 643 4656 ex
687 4601 911 4656 materia
943 4604 1088 4655 sicut
1116 4605 1169 4655 in
1217 4605 1395 4669 nobis,
1438 4603 1535 4658 sed
1582 4605 1761 4672 potius
1805 4601 1961 4671 quasi

398 4688 605 4726 natura:
672 4675 808 4725 liuut
843 4687 858 4724 :
916 4672 994 4723 sic
1037 4673 1203 4741 enim,
1234 4672 1308 4724 ait
1343 4678 1581 4741 isancttts
1631 4674 1960 4738 Diadochus,

396 4758 680 4811 episcopus
707 4744 957 4795 l’bolices
998 4741 1075 4811 iii,
1102 4740 1284 4807 Epiro,
1338 4759 1495 4810 quem
1528 4751 1749 4797 sanctus
1794 4742 1963 4798 Maxi-

397 4829 515 4866 mus
544 4828 714 4865 υιιιιι·θ
740 4824 793 4866 et
820 4811 970 4878 sequi
1000 4810 1156 4873 solet,
1193 4814 1245 4862 in
1296 4811 1433 4866 libro
1480 4816 1656 4865 Aureo
1701 4828 1962 4882 quamui-

398 4888 520 4935 daiii
573 4884 942 4947 Quaestionum
993 4883 1069 4950 de,
1111 4882 1287 4933 anima
1335 4893 1581 4949 separata
1635 4892 1690 4935 et
1733 4887 1959 4950 augetis,

396 4969 556 5020 quam
591 4953 865 5019 inscripsit
888 4949 1284 5019 Apocdlypsim.
1320 4951 1444 5003 Ἐπὶ
1461 4956 1566 5019 γάρ
1605 4968 1712 5002 των
1736 4949 1961 5020 ἀσωμά-

394 5039 504 5074 των
570 5023 787 5089 φύσεων
822 5023 960 5090 ὅπερ
981 5024 1047 5072 ἂν
1099 5024 1364 5091 κτήσηται
1402 5025 1434 5091 ἡ
1494 5024 1764 5091 ἐνέργεια,
1802 5039 1958 5085 το.)το

391 5095 582 5162 ὥσπερ
613 5096 707 5162 τῆς
727 5091 944 5158 φύσεως
967 5092 1054 5142 διὰ
1084 5090 1287 5160 πολλὴν
1340 5090 1431 5154 ὡς
1473 5092 1610 5160 ἔφην
1657 5106 1958 5160 nemo:th

392 5166 621 5231 γίνεται,
650 5167 701 5217 id
724 5174 827 5217 est:
858 5165 913 5214 in
944 5163 1151 5215 naturis
1183 5164 1534 5230 iiicorporeis,
1590 5162 1955 5231 quodcunque

397 5229 646 5300 operatio
673 5234 926 5301 acquirit,
976 5235 1078 5285 hoc
1149 5229 1405 5299 tauquam
1458 5239 1665 5283 natura:
1731 5229 1961 5284 edicitur

391 5314 609 5370 propter
665 5315 910 5364 inuitam,
968 5313 1025 5354 ut
1065 5303 1198 5366 dixi,
1246 5304 1812 5370 subtilitateui_vocat
1855 5305 1955 5364 τὴν

390 5367 602 5437 animi,
644 5375 693 5425 id
724 5385 824 5436 est,
862 5374 1189 5425 vacationem
1235 5387 1264 5424 at
1319 5381 1566 5427 materia.
1612 5367 1955 5438 PropoSitum

392 5455 575 5510 itaque
631 5443 730 5495 fuit
762 5442 821 5496 S.
857 5441 1090 5496 Maximo
1146 5443 1511 5513 interpretari,
1556 5441 1826 5510 quomodo
1881 5455 1959 5492 iii-

393 5519 740 5582 tettigendum
795 5525 939 5567 esset
988 5513 1132 5581 quod
1186 5510 1478 5581 Dionysms
1529 5514 1682 5574 dixit,
1740 5523 1863 5564 esse
1903 5525 1955 5562 iu

292 5612 299 5615 Α
389 5598 599 5652 augetis
645 5584 860 5636 habitus
891 5583 1202 5648 deilornies,
1276 5599 1341 5634 ne
1375 5585 1493 5649 quis
1523 5589 1753 5645 erraret,
1780 5584 1825 5634 si
1860 5594 1956 5652 su-

386 5651 694 5723 apicai'etor
733 5669 852 5707 esse
883 5657 1103 5707 virtutes
1137 5653 1450 5720 angelorum
1500 5662 1753 5720 tauquam
1788 5651 1963 5718 quali-

392 5722 528 5779 tates
567 5727 829 5794 qiiasdaui
863 5727 1167 5788 mutabiles,
1205 5734 1349 5777 sicut
1380 5722 1436 5780 in
1489 5723 1646 5776 nobis
1677 5735 1828 5774 mete
1870 5735 1963 5773 ac—

388 5793 706 5857 crdeiitiuin;
744 5795 857 5846 haec
890 5796 1031 5847 enim
1051 5798 1174 5860 quia
1203 5800 1433 5862 possuut
1466 5795 1657 5846 adesse
1686 5801 1740 5845 et
1769 5793 1963 5846 abesse

2077 4407 2221 4446 nunc
2246 4404 2426 4446 autem
2465 4408 2584 4447 cum
2629 4404 2864 4461 potentia
2894 4393 3067 4458 angeli
3098 4395 3164 4444 ad
3219 4394 3528 4457 vivendum,
3557 4399 3651 4446 aut

2082 4464 2485 4532 intelligendum
2538 4478 2640 4514 non
2672 4466 2741 4515 sit
2768 4464 3042 4524 accidens,
3088 4464 3227 4515 sicut
3266 4465 3319 4513 iu
3365 4463 3519 4513 nobis
3566 4478 3651 4517 eat

2080 4533 2333 4586 aCCideiis
2393 4532 2702 4595 individui,
2750 4535 2892 4600 quod
2943 4533 3293 4598 consequitur
3340 4534 3647 4595 materiam,

2076 4616 2195 4670 quae
2224 4613 2303 4655 est
2326 4604 2649 4670 principium
2684 4602 3142 4666 iiidividuatimiis,
3168 4601 3261 4655 sed
3291 4603 3465 4670 potius
3501 4616 3647 4654 acci-

2078 4668 2211 4724 deus
2237 4668 2437 4737 perae,
2470 4684 2524 4724 et
2555 4675 2827 4738 proprium
2865 4672 3085 4738 Speciei,
3114 4675 3256 4737 quod
3296 4672 3354 4722 ὃ.
3388 4668 3647 4735 Thomas,

2075 4755 2090 4792 i
2118 4756 2170 4809 p.
2203 4758 2255 4807 q.
2285 4739 2317 4792 5
2340 4743 2393 4802 4,
2424 4753 2529 4803 art,
2555 4743 2608 4805 ὃ,
2643 4742 2691 4792 iu
2721 4757 2862 4809 resp.
2891 4742 2958 4793 ad
2982 4741 3035 4802 ‘2,
3064 4745 3129 4792 ad
3163 4741 3389 4792 lormam
3412 4744 3647 4805 pertine-

2079 4826 2135 4863 re
2159 4811 2313 4872 dicit,
2341 4816 2404 4865 de
2430 4819 2665 4879 potentia
2694 4813 2865 4878 angeli
2895 4811 3145 4877 loquelis,
3172 4825 3279 4863 non
3313 4820 3560 4876 sequitur
3592 4822 3659 4864 ut-

2076 4895 2169 4945 per
2198 4883 2447 4934 accidens
2477 4882 2640 4939 vivat,
2665 4891 2756 4930 aut
2783 4896 2877 4948 per
2901 4881 3159 4934 accidens
3184 4883 3521 4933 healilicctur
3552 4895 3649 4933 aii-

2079 4951 2229 5017 gelus
2252 4969 2264 5002 :
2289 4952 2410 5017 quia
2440 4949 2652 5019 Operat'i
2683 4965 2777 5016 per
2806 4953 3097 5018 potentiam
3120 4951 3413 5019 propiiaui,
3440 4964 3555 5018 quac
3579 4958 3647 5004 ad

2076 5033 2302 5073 turmam
2356 5038 2522 5089 ipsam
2570 5031 2620 5071 ct
2675 5024 2748 5072 rei
2797 5028 3154 5073 substatitiaiii
3208 5022 3646 5087 pertitiet,‘.uiidc

2066 5091 2353 5160 OJ’JLtD5qg,
2382 5096 2431 5144 id
2460 5103 2564 5155 est,
2593 5091 2967 5143 subStaiiiialis
2996 5107 3023 5141 a
3075 5091 3429 5159 philmsopliis
3462 5105 3643 5143 vocari

2072 5163 2229 5222 solet,
2260 5159 2362 5214 non
2394 5170 2478 5216 est
2509 5159 2717 5228 operati
2744 5174 2839 5226 per
2862 5160 3133 5213 accidens:
3169 5175 3294 5228 quia
3326 5171 3381 5213 ut
3416 5161 3557 5213 idem
3582 5161 3643 5214 ὃ.

2074 5229 2344 5283 Maximus
2391 5248 2508 5296 Cap.
2549 5233 2619 5291 ii.
2652 5227 2736 5285 De
2767 5230 2952 5283 dit-iiiis
2985 5227 3239 5284 uomiut’b.
3294 5234 3534 5296 notavit,
3589 5247 3647 5282 ut

2072 5310 2228 5353 antea
2258 5299 2386 5354 uitii:
2439 5301 2778 5373 Philosophi,
2809 5302 3005 5369 inquit,
3057 5309 3412 5373 proprietates
3463 5303 3644 5373 (ξιιῇιιδτ

2072 5386 2179 5439 que
2212 5372 2527 5424 substantia:
2550 5368 2675 5428 'sive
2709 5374 2961 5435 viventis,
2992 5368 3105 5425 sive
3148 5372 3254 5423 vita
3287 5371 3545 5436 calentis,
3575 5368 3642 5425 ad

2073 5440 2550 5507 pitedicaiiieutum
2590 5444 2903 5497 substantia:
2955 5448 3293 5503 ievoearunt,
3334 5449 3387 5491 et
3426 5441 3526 5491 hoc
3555 5454 3645 5491 vo-

2071 5515 2265 5563 Cabulo
2307 5511 2625 5565 substantiae
2668 5528 2760 5566 eas
2786 5515 3270 5580 eouipreheiiduiit,
3303 5511 3502 5575 alioqui
3535 5526 3643 5569 non

2070 5581 2312 5633 conlusis
2336 5591 2639 5637 i'ationlous
2682 5585 2914 5651 propriis
2939 5585 3364 5637 substantiaruui
3410 5596 3463 5632 et
3514 5595 3643 5647 pro-

2075 5662 2389 5717 prietatuui.

2138 5717 2223 5789 (I)
2255 5718 2373 5773 Ιηιο
2399 5730 2445 5773 et
2497 5721 2721 5790 energia:
2752 5719 2861 5773 illic
2894 5721 3081 5774 saltent
3103 5734 3193 5788 per
3217 5736 3272 5772 se
3305 5716 3638 5772 subsisteues

2074 5802 2218 5845 sttui.
2257 5790 2395 5855 Quia
2428 5798 2619 5844 natura
2644 5796 2886 5859 anéelica
2926 5807 3020 5858 per
3050 5810 3108 5844 se
3139 5793 3406 5854 sutisistit,
3438 5801 3638 5843 ideiico
