4082 6442
459 337 560 418 967

1633 358 1962 422 IOANNIS
2004 358 2579 421 (‘Yl‘AlilSSIOTrE

3615 362 3724 421 ιιι

459 487 642 530 motus
683 485 737 528 et
766 483 942 530 status
994 475 1107 530 illic
1167 477 1362 530 saltem
1411 491 1510 546 per
1561 491 1619 531 se
1675 475 2042 530 subsistentes
2072 479 2115 533 Α
2149 486 2328 528 autem
2363 477 2432 530 de
2471 477 2656 532 divino
2679 485 2845 541 statu,
2877 476 2958 532 vel
2991 475 3124 532 sede
3150 475 3422 531 dicimus?
3448 475 3574 544 quid
3603 489 3730 529 vero

457 576 611 631 sunt,
663 578 716 620 et
747 569 977 622 virtutes
1009 569 1279 633 viventes,
1312 583 1375 624 ac
1407 571 1742 638 superiores,
1782 583 1944 637 quant
1981 575 2041 620 ut

459 657 514 710 in
545 672 640 712 eas
669 658 866 712 cadant
895 659 1229 714 variationes
1261 674 1450 716 eorum
1497 674 1618 728 qua:
1645 659 1788 713 ﬂuxa
1817 671 1872 713 et
1911 674 2038 712 cor-

456 761 626 816 porea
679 758 830 802 sunt.
883 749 1046 804 Potes
1097 759 1280 806 autem
1321 751 1482 806 aliter
1522 751 1690 806 etiam
1737 751 2042 820 intelligere

459 841 717 904 virtutes,
742 852 798 896 et
819 843 1168 911 sperationes
1189 884 1204 908 ,
1232 843 1465 898 virtutes
1488 844 1732 913 quidem,
1751 844 1879 913 quia
1910 860 2043 896 non-

461 932 591 985 dum
627 933 810 985 omnia
842 942 1028 988 creata
1067 943 1278 1000 essent,
1316 935 1522 989 virtute
1551 945 1733 988 mitteu
1765 937 1950 988 omnia
1987 935 2040 988 i-u

462 1021 572 1077 Deo
600 1023 748 1090 prius
797 1025 1174 1090 exstiterunt,
1207 1040 1332 1092 qua}
1377 1025 1725 1093 producenda
1775 1033 1932 1080 erant
1975 1025 2044 1080 ab

459 1114 580 1183 ipso
606 1133 620 1180 ;
653 1115 1000 1183 operationes
1031 1130 1180 1180 vero,
1209 1116 1428 1182 quando
1450 1118 1558 1183 iam
1585 1125 1838 1169 creatura
1863 1117 1928 1167 ad
1956 1115 2040 1168 ef.

460 1204 666 1259 fectum
699 1207 939 1263 adducta
969 1215 1079 1262 est.
1109 1205 1190 1260 Et:
1221 1205 1306 1260 bis
1343 1206 1697 1260 manilestum
1733 1208 1809 1268 iit.
1834 1207 1893 1260 in
1927 1206 2047 1259 nni-

464 1307 746 1364 tale,-que
782 1313 944 1366 supra
984 1299 1348 1352 substantiam
1388 1311 1493 1363 est,
1537 1314 1644 1352 non
1694 1313 1852 1369 posse
1901 1299 2047 1354 acci-

459 1390 597 1441 dens
622 1389 850 1451 versari,
879 1402 1056 1456 neque
1079 1389 1376 1442 secundum
1409 1390 1692 1456 habitum,
1749 1406 1923 1458 neque
1957 1405 2048 1446 se-

461 1480 698 1533 cundum
729 1479 804 1548 (α)
825 1480 1254 1548 dispositionem,
1301 1497 1476 1549 neque
1525 1483 1820 1538 secumlutu
1866 1485 2048 1552 operi-

457 1579 708 1625 mentum
739 1571 841 1638 (ι),
870 1585 1046 1639 neque
1095 1573 1394 1629 secundum
1433 1574 1910 1629 subexsistentiaut
1952 1577 2046 1646 (ὁ),

463 1681 640 1733 neque
660 1667 1446 1734 secundumconsequentiam.
1474 1664 1530 1720 Si
1577 1675 1757 1721 autem
1792 1676 2046 1733 tanquam

465 1757 725 1814 accidens
753 1756 994 1818 dicatur,
1026 1770 1158 1811 voce
1190 1767 1350 1811 tenus
1381 1765 1588 1811 tantum
1622 1759 1918 1811 secundum
1951 1774 2044 1812 co-

464 1849 783 1916 gitationem
817 1847 1142 1910 humanam,
1183 1849 1310 1916 quia
1343 1847 1545 1902 dicitur
1588 1857 1824 1914 tantum,
1851 1858 2041 1905 osten-

463 1939 610 1992 ditur
638 1955 651 1991 :
683 1954 856 2006 neque
897 1939 1236 1993 dilicrentias
1268 1939 1658 1995 substantiales
1691 1940 1836 2010 pium
1871 1952 1954 1996 est
1988 1942 2039 1995 in

463 2033 568 2086 hac
597 2030 866 2086 'l‘riuitate
893 2031 1333 2102 intelligeremst
1356 2040 1536 2086 autem
1565 2041 1823 2088 extremis
1854 2032 2044 2101 impie-

460 2125 590 2178 tatis
619 2125 934 2192 excogitare
964 2123 1107 2182 aliud
1213 2124 1512 2190 hac;aliud
1538 2125 1684 2183 enim
1725 2125 1779 2179 in
1813 2125 1941 2186 alio.
1977 2136 2034 2182 et

459 2225 718 2284 tanquam
747 2214 805 2268 in
829 2213 1095 2286 subjecto,
1125 2215 1358 2286 denique
1382 2217 1636 2270 accidens
1667 2215 1738 2286 (c)
1775 2231 1952 2287 neque
1988 2217 2041 2271 in

455 2298 800 2372 inc‘orporcis
831 2306 1105 2361 cmlitibus
1127 2303 1206 2376 (2)
1231 2310 1296 2361 ab
1313 2306 1432 2377 ipsa
1464 2305 1684 2376 creatis,
1701 2307 1794 2378 qui
1815 2309 2043 2364 materia

459 2405 679 2458 vacant,
715 2395 898 2452 locum
939 2395 1128 2454 habet.

1061 2515 1290 2574 CAPUT
1329 2517 1397 2574 lll
1423 2557 1438 2572 .

457 2603 618 2672 Quod
642 2604 698 2660 in
726 2609 952 2671 unitate,
987 2621 1106 2672 qua:
1138 2622 1301 2672 supra
1334 2605 1685 2660 substantiam
1708 2617 1808 2671 est,
1837 2625 1940 2661 non
1963 2617 2041 2662 est

532 2679 818 2744 qurereuda
843 2675 1361 2744 ubiquedi/ferentiu
1386 2692 1585 2733 causa.
1617 2686 1665 2730 et
1698 2693 1912 2730 causam
1944 2682 2045 2729 lm-

523 2745 723 2807 bentis,
747 2746 835 2798 ubi
867 2755 1003 2799 ex’sc
1025 2745 1138 2812 ipsa
1167 2746 1363 2798 dicitur
1383 2747 1631 2799 exsistere
1658 2762 1676 2808 ,°
1711 2759 1760 2800 et
1798 2750 1883 2800 ubi
1910 2763 1973 2799 ea:
1991 2764 2046 2802 se

533 2818 654 2880 ipsa
706 2815 884 2884 prodit
921 2830 1021 2869 sua
1053 2817 1294 2884 energia,
1330 2816 1436 2868 sive
1462 2819 1697 2883 operatio
1723 2857 1734 2874 ,
1780 2827 1829 2869 et
1864 2818 1950 2870 ubi
1982 2833 2047 2872 ea:

531 2901 587 2938 se
608 2887 749 2953 ipsa,
780 2894 828 2938 et
845 2899 942 2953 per
965 2900 1019 2937 se
1043 2885 1214 2951 ipsam
1249 2885 1317 2937 ad
1342 2887 1568 2950 seipsam
1601 2896 1823 2940 remeat.

527 2976 764 3045 Magnus
792 2975 1083 3044 Dionysius
1108 2990 1234 3046 cap.
1261 2975 1294 3030 9
1311 2975 1388 3030 De
1411 2977 1613 3030 diuinis
1643 2977 1872 3034 nomint:
1901 2979 2044 3046 Quid

2143 567 2311 630 aliud,
2355 579 2714 637 praeterquam
2757 583 2983 622 manere
3036 566 3203 622 Deum
3262 567 3317 620 ιιι
3351 567 3555 634 seipse,
3584 568 3726 620 etin

2141 664 2333 714 eodem
2389 670 2535 713 statu
2563 659 2832 713 immobili
2887 659 3048 713 ﬁrme
3085 658 3254 712 ﬁxum
3287 671 3413 712 esse
3435 666 3493 712 et
3525 673 3721 726 supra-

2143 765 2308 818 quam
2323 748 2610 804 fundatum
2623 765 2751 805 csse
2776 749 3066 814 stabiliter,
3085 758 3142 803 et
3175 749 3475 803 secundum
3500 749 3692 803 eadem
3708 789 3728 814 ,

2164 853 2220 897 et
2251 843 2395 897 circa
2446 842 2586 897 idem
2623 843 2817 911 ipsum,
2861 852 2914 896 et
2944 841 3198 896 similiter
3223 839 3474 909 operari;
3532 848 3585 894 et
3604 856 3754 919 om:

2142 939 2276 990 nino
2303 950 2425 990 esse
2443 951 2470 988 a
2490 950 2552 989 se
2570 939 2692 1003 ipso
2711 935 3120 994 immutabilem,
3145 941 3202 988 et
3225 948 3328 987 non
3367 947 3526 1001 posse
3549 943 3729 986 trans—

2141 1029 2381 1093 mm'eri,
2416 1039 2470 1084 et
2495 1045 2619 1084 esse
2649 1029 2716 1082 ex
2749 1039 2865 1082 toto
2895 1027 3246 1092 immobilem,
3281 1037 3446 1095 atque
3466 1031 3581 1080 haec
3603 1029 3724 1093 qui-

2146 1122 2269 1176 dem
2311 1137 2474 1190 supra
2504 1122 2888 1177 substantiam.
2926 1123 3066 1176 Idem
3101 1121 3166 1174 in'
3199 1119 3419 1190 hymnis
3444 1123 3726 1174 amatoriis

2145 1230 2211 1269 es
2244 1214 2305 1268 S.
2331 1212 2663 1268 ilierotheo:
2689 1211 3031 1277 Producens,
3051 1212 3367 1279 inquit,una
3387 1219 3470 1266 est
3495 1210 3722 1279 simplex

2145 1307 2341 1371 virtus,
2409 1322 2504 1377 per
2550 1321 2611 1360 se
2643 1321 2874 1360 movens
2933 1305 3002 1359 ad
3056 1303 3380 1358 amatoriam
3434 1306 3722 1371 quamdam

2149 1401 2460 1456 mistionem
2514 1416 2580 1456 ex
2616 1400 2764 1455 bono
2791 1414 2962 1469 usque
2982 1399 3048 1452 ad
3071 1408 3373 1453 extremum
3395 1412 3581 1451 eorum
3606 1413 3724 1463 quae

2149 1495 2439 1561 exsistunt,
2469 1507 2522 1550 et
2544 1496 2622 1558 ,ab
2656 1494 2747 1548 illo
2771 1506 2964 1548 rursus
2991 1501 3391 1560 consequenter
3417 1505 3510 1557 per
3535 1493 3716 1541 omnia

2151 1588 2217 1643 ad
2248 1589 2469 1651 bonum,
2525 1601 2590 1641 ex
2626 1601 2685 1640 se
2715 1586 2855 1654 ipsa,
2888 1599 2983 1654 per
3031 1598 3097 1639 se
3128 1583 3323 1652 ipsam.
3363 1591 3412 1636 et
3442 1581 3492 1635 in
3515 1596 3575 1636 se
3607 1581 3716 1649 ipsa

2154 1699 2212 1738 se
2254 1683 2427 1748 ipsam
2474 1683 2782 1745 revolvens,
2812 1689 2867 1734 et
2901 1681 2966 1734 ad
2994 1695 3051 1734 se
3077 1681 3249 1749 ipsam
3293 1680 3714 1747 sempereodcm

2148 1775 2310 1829 modo
2351 1785 2656 1829 revertens.
2706 1772 2878 1833 Idem.
2922 1773 2976 1826 in
3007 1771 3237 1840 epistola
3276 1771 3339 1824 ad
3368 1771 3574 1824 Titum:
3619 1771 3710 1824 Sic

2144 1869 2289 1921 enim
2337 1867 2767 1933 contemplantes
2801 1864 3019 1920 scilicet
3065 1863 3324 1934 mysteria
3371 1863 3507 1915 nuda
3546 1863 3702 1925 velis,

2143 1957 2392 2011 venerari
2414 1955 2714 2024 poterimus
2739 1954 2942 2009 fontem
2967 1953 3352 2008 vitaevideutes
3368 1951 3419 2005 in
3439 1967 3504 2006 se
3531 1952 3704 2020 ipsum

2143 2047 2391 2112 effusum,
2415 2057 2464 2102 et
2489 2047 2539 2100 in
2572 2061 2632 2101 sc
2659 2047 2776 2116 ipso
2804 2052 3133 2108 tuauentem,
3157 2054 3211 2098 ct
3235 2059 3394 2098 unam
3422 2044 3716 2108 quamdam

2144 2145 2397 2198 virtutem
2446 2141 2768 2208 simplicem,
2815 2156 2909 2210 per
2931 2155 2991 2196 se
3029 2139 3303 2200 mobilem,
3363 2153 3456 2206 per
3485 2153 3544 2192 se
3584 2153 3721 2202 ομει-

2143 2242 2374 2297 rantem,
2405 2249 2754 2302 nunqnatnse
2775 2235 2950 2300 ipsam
2981 2231 3466 2298 derelinqueutem.
3493 2232 3588 2283 sed
3619 2245 3719 2281 eo-

2144 2327 2439 2398 gnitionem
2453 2325 2688 2380 omnium
2703 2324 3069 2394 cognitionum
3088 2322 3410 2386 vincentem,
3426 2331 3476 2372 et
3490 2335 3601 2372 sem
3612 2335 3713 2386 ριιι·

2143 2434 2202 2476 se
2221 2419 2390 2486 ipsam
2408 2434 2501 2487 per
2513 2434 2570 2472 se
2585 2419 2754 2486 ipsam
2778 2415 3072 2480 videnti-tn,
3094 2415 3280 2469 Adhuc
3302 2413 3431 2467 idem
3453 2428 3569 2479 cap.
3586 2412 3618 2463 4
3638 2411 3714 2464 De

2144 2511 2338 2566 divinis
2366 2512 2648 2568 nominib.:
2670 2510 2925 2565 Amorem
2952 2525 3099 2573 vero,
3121 2504 3709 2576 inquit,etcharitatem

2148 2605 2318 2664 Deum
2342 2613 2556 2666 vocant,
2574 2614 2759 2672 utpote
2779 2603 2886 2656 vim
2913 2601 2979 2654 ad
3003 2617 3062 2655 se
3090 2600 3386 2654 adducendi
3413 2599 3716 2658 habentem,

2147 2699 2242 2768 qui
2271 2699 2422 2754 solus
2453 2708 2534 2751 est
2567 2697 2743 2764 ipstuu
2771 2705 2989 2765 propter
3015 2708 3074 2748 se
3096 2691 3382 2762 pulchrum
3411 2700 3466 2744 et
3497 2690 3718 2752 bomun,

2148 2800 2204 2844 et
2229 2789 2322 2858 qui
2353 2783 2441 2843 es’t
2487 2789 2575 2840 sui
2623 2801 2798 2866 perse
2831 2785 3010 2855 ipsum
3070 2782 3382 2854 patelactio,
3424 2790 3481 2836 et
3507 2780 3722 2835 eximite

2150 2883 2520 2954 copulationis
2563 2897 2615 2934 ιιι
2669 2893 2836 2934 unum
2876 2880 3014 2933 bona
3053 2874 3350 2936 etnanatio,
3376 2883 3428 2927 et
3457 2871 3723 2926 amatoria

2153 2977 2343 3042 motio,
2363 2973 2616 3044 simplex,
2660 2986 2760 3042 per
2785 2984 2845 3028 se
2875 2967 3110 3034 mobilis,
3153 2979 3249 3038 per
3280 2979 3339 3026 se
3373 2979 3563 3036 agens,
3595 2979 3724 3033 pro-

1989 3117 2269 3184 Schoha.

463 3221 732 3292 potentias
761 3219 878 3286 eius
910 3217 1268 3292 operatrices,
1299 3231 1430 3292 quae
1464 3217 1698 3289 energiae
1748 3217 2030 3287 dicuntur,
2059 3228 2103 3286 ς,

459 3289 514 3346 ει
548 3300 753 3345 motum
796 3289 1070 3357 proprium
1113 3291 1179 3340 ad
1221 3289 1571 3357 operationes
1612 3300 1816 3343 natura:
1865 3306 2033 3358 ange-

463 3361 602 3422 licze,
633 3372 684 3413 et
720 3361 958 3428 quietem
998 3359 1198 3426 quibus
1244 3357 1556 3426 augt-lorum
1595 3371 1784 3412 natura
1847 3357 2038 3414 delini-

464 3441 573 3494 tur,
613 3446 709 3499 per
745 3445 806 3484 se
851 3428 979 3483 dicit
1007 3429 1346 3488 subsistere;
1385 3439 1561 3482 motus
1605 3430 1713 3482 dixi
1746 3431 1812 3482 ad
1845 3445 2040 3498 opera-

464 3503 662 3562 tiones,
677 3499 865 3567 quales
893 3509 1015 3552 sunt
1039 3499 1464 3568 ittitiistratioues
1479 3508 1698 3568 propter
1712 3515 1806 3554 eos
1824 3515 1913 3568 qui
1930 3501 2039 3554 ha:-

463 3571 754 3624 reditatem
779 3571 996 3636 rapiunt
1030 3567 1244 3638 salutis,
1264 3571 1404 3638 sicut
1427 3567 1720 3636 Apostolus
1746 3569 1820 3622 ait
1843 3567 2034 3638 (Hebr.

463 3654 502 3705 Ι,
537 3640 647 3704 M);
692 3642 818 3692 item
850 3637 1242 3706 contemplatio
1270 3637 1383 3702 Dei,
1405 3649 1743 3708 etvperpetna
1777 3637 2037 3706 laudatio,

461 3721 516 3763 et
553 3711 604 3761 ιιι
625 3710 704 3763 eis
729 3717 896 3772 stare,
931 3709 1324 3776 acquiescere;
1353 3709 1488 3769 haec,
1523 3710 1763 3776 inquam,
1788 3711 2040 3764 substan-

464 3780 611 3833 tialia
640 3790 786 3844 sunt,
817 3779 866 3830 id
893 3787 978 3831 est
1005 3781 1019 3842 ,
1048 3778 1266 3846 propria
1299 3778 1612 3832 substantia:
1642 3795 1826 3832 eorum
1853 3797 1863 3833 :
1897 3781 2040 3834 unde

468 3851 573 3902 illis
605 3849 794 3900 tribuit
840 3858 1060 3900 sanctus
1096 3846 1384 3909 Maaiums,
1422 3851 1563 3917 quod
1603 3849 1940 3914 substantiaa,
1971 3852 2036 3903 ad

460 3935 622 3985 quam
653 3918 948 3983 pertinent,
977 3919 1254 3980 convenit,
1291 3917 1342 3969 id
1373 3928 1484 3978 est.
1513 3933 1609 3985 per
1642 3934 1700 3972 se
1733 3922 2040 3975 subsistere

459 3999 514 4040 et
549 3989 750 4052 vivere,
794 3998 848 4040 et
885 4004 988 4040 non
1027 4003 1121 4055 per
1166 3987 1457 4055 accidens;
1488 3990 1618 4056 quia
1655 3992 1768 4043 haec
1800 3993 1850 4042 ιιι
1910 3999 2041 4042 sult-

461 4060 659 4110 stantia
701 4057 1018 4124 angelorum
1040 4057 1289 4125 copulata
1329 4068 1454 4111 sunt
1495 4060 1807 4126 μονοειδῶς,
1835 4062 1884 4112 id
1932 4071 2038 4125 cst,

463 4129 515 4180 iti
551 4142 713 4198 uuam
758 4128 1012 4198 unionem
1063 4129 1354 4198 cumﬂipsa,
1393 4129 1560 4181 salvis
1587 4129 1809 4198 alioqui,
1842 4139 1895 4182 et
1930 4147 2035 4183 non

459 4196 706 4249 confusis
736 4194 1304 4266 propriisratioiiibus
1333 4194 1788 4266 singulorumfut
1841 4203 2038 4255 ibidem

447 4266 538 4318 .ait
574 4265 900 4333 Dionysius:
939 4264 1043 4318 alia
1103 4276 1186 4320 est
1227 4267 1373 4321 enim
1428 4264 1568 4321 ratio
1601 4271 1950 4336 proprietatis
1987 4281 2041 4324 et

462 4337 564 4387 alia
595 4336 941 4398 substantite,
965 4337 1122 4404 cujus
1153 4348 1234 4391 est
1267 4339 1590 4406 proprietas,
1628 4353 1747 4406 quae
1774 4350 1856 4393 est
1885 4341 2033 4394 acci-

460 4409 596 4475 dens
615 4419 709 4472 per
730 4419 808 4468 se,
829 4406 941 4460 sive
963 4409 1265 4475 preprium;
1284 4407 1361 4460 sic
1382 4408 1546 4460 etiam
1569 4408 1780 4460 locutus
1797 4421 1877 4463 est
1899 4411 2041 4465 Sitn-

463 4474 674 4549 plicius,
698 4490 856 4549 quem
879 4476 935 4528 S.
961 4474 1161 4530 Thom.
1189 4478 1242 4549 in
1275 4479 1366 4530 illo
1383 4486 1497 4549 art.
1516 4479 1851 4549 quaestionis,
1874 4495 2036 4549 quam

2205 3222 2282 3292 (l)
2307 3218 2571 3292 Accidens
2602 3217 2655 3272 id
2683 3227 2786 3281 est,
2815 3216 2954 3269 κατὰ
2975 3213 3293 3292 ςιιεριϐᾳλὴν,
3328 3211 3378 3265 id
3401 3218 3728 3292 consecun-

2141 3281 2277 3346 dum'
2305 3291 2723 3360 operimentum,
2773 3296 2857 3360 est
2886 3287 2990 3354 tegi
3021 3281 3380 3360 estrinsecns,
3421 3281 3723 3360 nt_hahere,

2143 3352 2543 3423 indumentum,
2589 3360 2732 3426 quod
2775 3359 2844 3412 ad
2881 3352 3212 3426 categoriam
3291 3352 3517 3410 habendi
3551 3364 3726 3426 perti-

2135 3442 2275 3496 net;
2312 3434 2380 3485 de
2425 3422 2889 3483 hocAihanasius
2946 3422 3107 3495 paulo
3156 3432 3301 3484 ante.
3337 3437 3505 3496 cap.t
3562 3422 3726 3488 hujus

2145 3493 2368 3557 deeadis
2407 3500 2716 3555 :Accidens
2752 3499 2894 3552 κατὰ
2949 3493 3376 3566 παρυφίπᾳσιν,
3413 3493 3462 3543 id
3491 3502 3591 3552 est,
3613 3510 3723 3566 ise-

2144 3572 2381 3626 cuudnm
2450 3570 2954 3631 subexsistentiam,
3007 3565 3091 3621 est
3123 3565 3378 3620 accidens
3423 3565 3720 3618 secundum

2147 3643 2512 3711 privationem
2537 3680 2552 3704 ,
2591 3652 2647 3694 ut
2672 3639 2962 3711 invisibile,
2996 3638 3254 3711 tenebrae,
3281 3643 3334 3711 et
3350 3631 3550 3711 similia
3568 3633 3724 3711 :‘pri-

2131 3703 2292 3764 -ἰιιιιὶο
2318 3713 2463 3766 enim
2489 3717 2573 3762 est
2599 3710 2826 3766 omnino
2865 3723 2973 3762 non
3009 3723 3126 3771 ens,
3164 3707 3288 3774 quia
3323 3703 3478 3756 habet
3523 3706 3690 3756 suber.

2144 3783 2446 3836 sisteutiam
2475 3782 2528 3833 in
2550 3780 2758 3841 habitu,
2789 3777 2943 3846 cujus
2972 3787 3055 3832 est
3079 3776 3331 3846 privatio,
3361 3785 3416 3828 et
3443 3787 3538 3841 per
3560 3788 3714 3846 quem

2145 3853 2528 3920 cognoscitur;
2567 3862 2627 3905 ιιι
2655 3844 2878 3906 tenebra
2911 3851 2962 3901 in
3002 3844 3142 3909 luce,
3166 3844 3324 3911 cujus
3359 3844 3610 3920 absentia
3638 3853 3715 3895 est

2147 3912 2392 3984 tet'i'ebra,
2426 3933 2545 3990 qua:
2571 3920 2918 3990 cognoscitur
2953 3922 3333 3984 cognoscendo
3362 3917 3536 3990 lucem
3565 3912 3720 3990 abes:-

2145 4005 2228 4045 se.
2265 3982 2536 4046 Accidens
2577 3982 2722 4044 καῖῖεὰ
2761 3982 3126 4057 autumat
3170 3995 3256 4042 est
3280 3985 3532 4057 accidens
3577 3982 3714 4050 quod

2146 4063 2505 4129 Consequitur
2537 4071 2812 4132 naturam,
2849 4056 2992 4127 quod
3025 4066 3254 4132 vocatur
3297 4056 3561 4132 accidens
3582 4067 3714 4132 pro-

2147 4127 2348 4199 prium,
2372 4135 2515 4201 quod
2549 4147 2615 4186 ex
2640 4131 2927 4201 principiis
2950 4128 3201 4201 essentia:
3230 4127 3311 4180 rei
3344 4127 3618 4201 nascitur;
3644 4127 3713 4174 ita

2147 4196 2204 4254 iit
2223 4196 2494 4255 declarata
2526 4196 2744 4264 natura,
2774 4196 2938 4256 simul
2961 4199 3268 4273 declaretur
3289 4196 3428 4263 quod
3453 4208 3718 4273 eamcon-

2146 4274 2418 4338 scquitur,
2450 4283 2508 4326 ut
2541 4263 2744 4326 risibile
2775 4271 3126 4334 consequitur
3153 4263 3714 4342 “uaturatnnbominis;

2148 4333 2510 4397 Daiuascenus
2535 4333 3086 4412 vocatjnapsrréusvov
3115 4340 3180 4406 τῇ
3214 4333 3561 4412 φύσει.ριι(ιι1
3592 4333 3718 4412 alie-

2146 4427 2278 4465 num
2329 4415 2492 4466 etiam
2527 4425 2666 4466 est‘a
2691 4404 2829 4475 Deo,
2856 4404 2951 4479 qui
2992 4404 3439 4481 rst_sti‘praquam
3469 4404 3713 4481 ⁸ειίιιῖυίεει

2147 4492 2360 4535 natura.
2395 4482 2530 4536 Cum
2561 4497 2690 4552 ergo
2721 4473 2952 4552 dicitn'us
3001 4481 3053 4552 in
3090 4473 3198 4552 Deo
3221 4473 3341 4530 esse
3367 4473 3713 4552 sapientiam,

453 4548 635 4622 paulo
655 4555 781 4622 ante
803 4545 935 4622 disi,
960 4551 1114 4622 citat,
1133 4548 1231 4600 etsi
1255 4563 1360 4600 non
1388 4548 1610 4622 probat:
1645 4545 1920 4622 Sapientia
1939 4567 2038 4603 au-
2074 4567 2118 4622 ο
2148 4553 2432 4621 justitiam,
2461 4563 2516 4605 ct
2551 4545 2652 4605 alia
2681 4551 2878 4606 similia
2902 4551 2950 4603 ei
2976 4550 3289 4612 tribuimus,
3315 4551 3390 4622 ita
3427 4545 3716 4612 loquimur,

464 4625 592 4680 tem,
623 4615 800 4680 inquit
826 4617 1158 4684 Simplicius,
1187 4633 1306 4684 qua:
1367 4625 1450 4670 cst
1482 4615 1536 4668 iu
1573 4619 1757 4670 anima
1783 4660 1797 4680 ,
1823 4622 2038 4674 habitus

463 4697 547 4736 est
581 4703 594 4748 ;
638 4701 757 4752 qua:
789 4696 970 4741 autem
1005 4687 1059 4740 in
1095 4686 1370 4740 intellectu
1407 4686 1482 4751 (id
1517 4697 1622 4753 est,
1656 4689 1707 4741 in
1734 4689 2037 4743 substantia

425 4811 430 4816 ,
463 4755 834 4829 intellectuali)
861 4757 1164 4829 substantia
1215 4767 1297 4829 est
1327 4771 1341 4820 ;
1376 4757 1737 4829 substantiam
1781 4761 1918 4813 dixit
1941 4776 2040 4829 pro

461 4842 525 4879 eo
541 4827 788 4898 quodest
805 4826 1214 4898 substantialis;
1239 4826 1318 4880 sic
1335 4829 1476 4898 enim
1517 4827 1917 4898 intelligendum
1937 4826 2040 4892 est,

462 4905 520 4946 ut
559 4899 616 4948 δ.
653 4894 922 4951 Maximus
985 4895 1285 4966 intellexit,
1325 4896 1592 4966 siquidem
1657 4894 2037 4966 substantialis

461 4965 710 5042 philpsop
732 4966 808 5031 hi,
860 4978 1116 5042 utantea
1142 4965 1275 5030 dixi,
1310 4977 1364 5042 et
1391 4965 1461 5019 ῖυι
1490 4966 1631 5020 idem
1773 4967 2038 5042 Maximus

463 5037 688 5096 notavit,
735 5042 798 5088 ad
855 5038 1212 5090 substantiam
1257 5037 1520 5100 referunt,
1567 5041 1758 5089 ethoc
1817 5041 2038 5093 nomine

461 5107 777 5158 substantia:
802 5107 888 5158 illa
916 5105 1382 5172 comprehendunt
1404 5143 1418 5167 ,
1448 5107 1646 5172 alioqui
1671 5107 1811 5159 idem
1843 5110 1902 5162 S.
1927 5107 2040 5161 Ma-

464 5189 638 5227 x=mus
655 5189 774 5241 cap.
809 5191 844 5238 t,
877 5173 952 5227 De
981 5175 1169 5227 divinis
1191 5177 1469 5238 nominib.,
1496 5174 1788 5228 Setcndtnu
1821 5190 1926 5242 est,
1959 5183 2041 5232 iu-

464 5255 601 5312 quit,
641 5247 780 5309 quod
801 5243 944 5297 aliud
976 5257 1058 5298 est
1091 5245 1414 5309 substantia,
1444 5246 1588 5298 aliud
1619 5251 1855 5314 putentia
1877 5265 1890 5313 ;
1916 5251 2042 5303 sub-

462 5317 660 5393 stantia
693 5314 946 5393 eniurest
973 5329 1037 5366 ex
1064 5315 1131 5393 iis
1155 5330 1273 5393 qua:
1295 5330 1388 5384 per
1419 5329 1478 5371 se
1512 5326 1809 5385 exatstuut,
1843 5331 2035 5388 poten-

462 5385 534 5437 tia
571 5397 697 5438 vero
744 5399 809 5436 ex
841 5385 910 5438 iis
939 5401 1058 5452 qua:
1086 5385 1142 5438 in
1187 5387 1296 5438 alio
1319 5397 1463 5440 sunt.

531 5591 607 5672 (αξ
653 5592 721 5647 Ut
748 5609 870 5649 cum
905 5592 1266 5672 Deusdieitur
1297 5598 1533 5666 indutus,
1563 5617 1670 5655 non
1702 5599 2044 5672 significatur

461 5665 707 5736 aet-ulcus
731 5681 794 5718 ex
832 5668 1100 5736 eategoria
1138 5669 1358 5724 habere.

538 5731 611 5793 (bl
646 5733 714 5787 Ut
745 5731 1079 5802 pi-ivationes
1109 5742 1481 5795 subexsistunt
1512 5741 1566 5795 in
1606 5741 1902 5796 habitibns.

540 5803 882 5864 (ClAccideus
910 5808 1146 5879 scilicet,
1177 5811 1320 5880 quod
1343 5813 1630 5868 materiam
1660 5813 2036 5882 consequitur,

2149 4617 2206 4675 ut
2243 4625 2444 4674 assueti
2507 4639 2695 4675 sumus
2746 4622 3013 4690 cogitare;
3043 4621 3172 4687 quia
3200 4617 3498 4690 intellectus
3537 4624 3718 4690 uoster

2151 4708 2373 4746 nonres
2425 4694 2724 4746 secundum
2772 4685 2988 4743 modum
3043 4685 3253 4752 earum,
3287 4685 3382 4739 sed
3423 4686 3715 4737 secundum

2153 4763 2369 4816 modum
2393 4780 2550 4815 suum
2579 4763 2826 4831 intelligit
2848 4779 2872 4827 ;'
2891 4762 3072 4825 itaque
3093 4773 3222 4811 voce
3250 4765 3304 4810 et
3330 4755 3596 4810 locutione
3630 4766 3717 4829 se-

2152 4833 2388 4884 cundum
2426 4836 2718 4885 humanam
2743 4832 3150 4900 cogitationem,
3181 4844 3344 4894 quant
3373 4831 3716 4878 decreatnrts

2155 4903 2340 4963 habet,
2387 4906 2691 4956 accidentia
2727 4898 3019 4955 tribuimus
3047 4898 3186 4965 Deo,
3222 4912 3330 4951 nou
3365 4907 3544 4950 autem
3569 4907 3626 4946 re
3661 4901 3718 4944 et

2138 4973 2387 5044 veritate.
2453 5042 2461 5044 Α
2852 5042 2860 5044 _
2941 5042 2950 5044 μ
3215 5039 3224 5044 _
3313 5035 3344 5044 _
3543 5033 3553 5044 .

2213 5041 2290 5108 (‘3)
2334 5042 2594 5096 Accidens
2647 5058 2812 5114 neque
2845 5042 2901 5095 in
2935 5039 3276 5108 incorporeis.
3313 5035 3386 5091 De
3443 5033 3718 5114 accidente

2142 5117 2418 5183 conlinunt
2447 5115 2588 5180 quod
2618 5110 2901 5166 materiam
2919 5115 3297 5183 consequitur,
3325 5110 3466 5175 quod
3501 5117 3716 5183 proprie

2145 5182 2350 5257 dicitur
2381 5177 2505 5238 esse
2525 5186 2578 5238 in
2605 5187 2874 5257 subjecto,
2894 5177 3302 5257 intelligendum
3319 5187 3405 5257 est
3425 5177 3716 5257 {accidens

2145 5253 2291 5306 enim
2358 5258 2640 5322 proprium
2680 5250 2855 5323 ipsius
2901 5263 3109 5304 natura:
3145 5250 3560 5323 potiuspdicitur
3597 5259 3716 5323 esse

2149 5320 2529 5388 substantiale,
2554 5320 2717 5392 quani
2740 5339 2862 5378 esse
2889 5325 2941 5376 iu
2969 5323 3234 5392 subjeeto,
3263 5320 3386 5387 quia
3408 5333 3522 5371 .uon
3545 5322 3720 5384 putest

2151 5399 2415 5449 adesse-et
2433 5397 2626 5450 abesse
2655 5413 2682 5447 a
2717 5393 2979 5462 subjecto.

2156 5603 2208 5658 id
2243 5616 2345 5672 est,
2373 5607 2626 5662 accidens
2675 5623 3039 5679 corporeum;
3067 5615 3216 5679 quia,
3252 5602 3476 5679 angelus
3505 5617 3611 5679 non
3640 5611 3723 5656 est

2155 5691 2472 5757 ευτνυνευεν
2508 5688 2561 5733 cl
2590 5673 2976 5736 multo'miuus
3004 5673 3168 5746 Deus,
3207 5678 3314 5733 imo
3330 5673 3396 5732 in
3445 5673 3716 5732 inﬁnitum

2154 5763 2201 5800 Ill
2211 5765 2222 5801 l
2232 5763 2262 5801 ll
2272 5766 2352 5803 llS.
