4082 6446
442 343 554 413 969

1301 339 1544 405 DECAS
1586 337 1660 405 Χ.
1705 361 1772 376 --
1836 337 1934 397 DE
1975 336 2249 398 DIVINA
2292 339 2853 427 SIMPLICITATE.

3591 341 3714 407 «970

437 464 594 545 aiens
612 462 685 517 ’in
716 461 882 527 bono,
923 466 979 517 et
997 474 1061 516 ex
1092 458 1236 514 bono
1264 459 1319 512 in
1344 465 1629 514 creaturas
1675 462 1927 519 manans,
1962 461 2015 508 et
2043 451 2091 513 Α
2120 464 2202 511 est
2230 454 2448 525 prodire
2472 470 2536 511 ex
2567 470 2630 512 se
2656 472 2773 527 Ipsa
2799 456 2916 512 sine
2949 454 3230 525 distantia,
3254 462 3310 513 et
3356 457 3476 514 sine
3524 474 3709 527 causa,

438 572 631 611 rursus
654 555 710 610 in
738 554 940 610 bonum
981 565 1253 618 remeans,
1286 551 1342 606 in
1373 565 1485 621 quo
1511 560 1565 606 et
1590 551 1699 606 ﬁne
1728 558 1785 605 et
1810 548 2018 619 princi-

437 649 528 718 pio
555 662 744 707 carere
772 646 993 702 divinus
1028 659 1182 699 amor
1214 643 1434 714 egregie
1469 643 1834 708 demonstrat,
1875 641 2018 699 sicut

436 737 659 807 quidam
685 745 981 805 perpetuus
1004 743 1057 792 et
1082 734 1455 803 sempiternus
1483 733 1636 789 orbis
1654 740 1877 802 propter
1916 732 2016 787 bo-

439 844 569 885 num
596 824 958 882 conversione
988 825 1265 881 inerrante
1300 840 1364 881 se
1398 822 1861 890 circumvehens,
1881 830 1938 878 et
1965 822 2019 876 in

439 921 628 978 eodem
653 919 953 981 secundum
973 917 1115 973 idem
1142 927 1197 973 et
1224 918 1528 988 procedens
1561 931 1794 986 semper,
1823 924 1879 971 et
1901 930 2020 970 ma-

441 1025 597 1079 nens,
627 1020 1002 1077 etrevertens.
1047 1009 1285 1066 Sanetus
1305 1008 1581 1075 Mutuus
1629 1009 1689 1064 in
1711 1006 1939 1064 scholiis
1968 1006 2020 1060 in

441 1103 759 1175 Dionysium
795 1103 919 1167 c.i,
956 1102 1033 1158 De
1058 1102 1251 1157 divinis
1282 1090 1536 1167 nominib.
1561 1118 1574 1154 :
1600 1099 1657 1156 In
1705 1099 2022 1155 universum

442 1197 604 1268 igitur
631 1211 742 1253 non
788 1205 875 1251 est
901 1197 1216 1253 audendum
1253 1194 1406 1265 loqui
1453 1207 1627 1263 neque
1682 1191 1927 1262 cogitare
1954 1188 2025 1251 ,de

438 1288 726 1344 divinitate
769 1301 937 1356 supra
967 1287 1356 1352 substantiam,
1395 1297 1450 1343 et
1505 1287 1712 1342 abdita.
1758 1283 2025 1338 Divinitas

439 1383 586 1439 enim
617 1381 787 1441 solius
816 1379 912 1437 Dei
950 1379 1211 1436 omnibus
1240 1378 1457 1436 occulta
1504 1378 1680 1433 virtus
1715 1386 1801 1433 est
1857 1376 2024 1446 θεαρ-

443 1474 576 1546 χικὴ
628 1487 819 1530 eorum
860 1473 955 1544 qui
1020 1472 1095 1528 dii
1140 1471 1429 1537 dicuntur,
1493 1480 1608 1525 tum
1647 1467 1855 1539 angeli,
1908 1477 2023 1522 tum

442 1564 717 1630 homines,
801 1568 1074 1631 quatenus
1143 1558 1393 1615 ell‘ectrix
1486 1565 1572 1625 est
1678 1569 1865 1611 eorum
1933 1553 2023 1622 qui

441 1653 863 1727 participatione
944 1651 1254 1707 eﬂiciuntur
1322 1650 1453 1715 dii;
1523 1649 1662 1718 ipsa,
1722 1662 1843 1716 qua:
1899 1662 2025 1701 vere

439 1762 506 1802 ex
535 1761 596 1802 se
622 1755 679 1802 et
702 1747 822 1803 sine
849 1758 1023 1803 causa
1051 1753 1136 1800 est
1160 1758 1259 1814 per
1280 1756 1345 1798 se
1373 1739 1661 1797 divinitas.
1726 1738 2023 1810 Gregorius

442 1839 795 1910 Theologus:
826 1837 894 1893 Et
919 1836 987 1892 ad
1008 1850 1207 1901 unum,
1235 1820 1430 1891 eorum
1461 1833 1555 1904 qui
1584 1849 1654 1889 ex
1692 1833 1833 1903 ipso,
1892 1846 2024 1887 con—

436 1946 655 1989 sensus.
684 1930 858 1999 Quem
890 1931 1073 1995 locem
1107 1942 1231 1985 cum
1287 1925 1545 1989 edisserit
1585 1936 1808 1981 sanctus
1855 1922 2027 1979 Maxi-

440 2042 563 2083 mus
592 2044 607 2081 :
638 2023 755 2080 Nisi
782 2022 966 2089 fallor,
983 2020 1191 2090 inquit,
1231 2033 1395 2076 unam
1457 2019 1591 2076 dicit
1644 2017 2024 2082 divinitatem;

437 2131 504 2169 ex
540 2116 660 2183 ipso
684 2120 865 2167 autem
887 2125 993 2177 uno
1018 2122 1130 2179 tres
1171 2123 1458 2181 personas.
1519 2106 1748 2164 Divinus
1835 2107 2029 2161 Dama-

442 2218 692 2263 scenus:
744 2202 1178 2260 Divinitatemin
1235 2202 1411 2259 tribus
1465 2201 1865 2273 splendentem,
1921 2215 2029 2256 uno

440 2296 737 2367 splendore
758 2309 825 2350 ex
867 2309 974 2348 una
1000 2294 1298 2351 Divinilate
1341 2294 1503 2348 trium
1542 2307 1900 2361 personarum
1929 2291 2030 2346 iul-

440 2400 636 2459 gente.
657 2386 879 2442 Patrem
902 2387 1022 2441 sine
1044 2386 1335 2456 principio,
1359 2385 1604 2456 ejusdem
1640 2395 1850 2444 natura:
1897 2382 2030 2438 Ver-

443 2484 567 2538 bum
597 2478 800 2544 Patris,
833 2488 887 2533 et
917 2490 1349 2549 conregnantem
1407 2478 1654 2548 ejusdem
1707 2477 2029 2534 substantia

445 2573 728 2644 Spiritum.
758 2571 1000 2630 Sanctus
1020 2568 1384 2641 Theophanes
1417 2589 1430 2626 :
1458 2568 1638 2625 Unum
1666 2570 1825 2625 trium
1855 2569 2029 2637 iulgo-

445 2680 559 2722 rem
581 2664 965 2722 subsistentem
980 2677 1045 2718 es
1060 2677 1163 2717 una
1188 2663 1544 2732 prodeuntem
1560 2662 1612 2715 di
1624 2662 1864 2725 vinitate,
1886 2660 2026 2717 idem

445 2760 621 2819 tribus
656 2759 958 2832 fulgoribus
989 2757 1283 2826 splendens
1312 2770 1378 2812 ex
1409 2771 1515 2811 una
1558 2755 1844 2813 divinitate
1897 2764 2027 2825 pro-

441 2854 751 2911 deuntibus.
775 2851 851 2917 Et
875 2853 1073 2908 iterum
1098 2869 1116 2906 :
1156 2848 1443 2921 Tanquam
1482 2851 1634 2907 enim
1675 2865 1740 2907 ex
1762 2863 1870 2905 uno
1912 2849 2029 2906 sole

444 2945 687 3003 Trinitas
721 2944 1033 3016 splendens.
1103 2943 1162 3000 in
1194 2944 1336 3003 actis
1382 2950 1559 3000 sexta:
1612 2945 1804 3015 synodi
1871 2956 2025 2999 oet-u—

424 3042 693 3104 ‘tnenicm,
726 3037 1026 3110 Utriusque
1053 3048 1319 3115 naturae,‘
1349 3037 1546 3108 inquit,
1582 3047 1874 3109 utramque
1899 3052 2025 3107 ope-

2125 557 2180 604 et
2207 549 2329 606 sine
2360 549 2659 617 divisione;
2696 558 2757 605 ut
2772 551 2818 606 si
2841 558 2987 606 esset
3011 550 3187 606 virtus
3220 550 3465 621 quadam
3488 551 3717 609 absoluo

2129 652 2202 709 ta,
2226 649 2280 698 et
2296 651 2473 701 motus
2496 642 2751 713 simplex:
2776 657 2875 715 per
2886 642 2964 699 sei
2983 657 3136 713 psam
3156 643 3386 710 mobilis,
3398 656 3501 714 per
3512 660 3573 702 se
3589 661 3718 715 opt.

2130 750 2277 807 rans,
2310 752 2377 792 ex
2399 753 2457 793 se
2478 738 2615 808 ipsa,
2640 752 2738 807 per
2759 751 2819 793 se
2850 736 3041 809 ipsam,
3062 737 3128 793 ad
3151 750 3212 793 se
3237 737 3411 805 ipsam
3429 749 3715 796 revertens

2129 838 2183 884 et
2202 828 2271 884 ad
2300 829 2473 900 ipsam
2498 843 2713 900 semper
2750 831 2942 885 eodem
2978 830 3138 885 modo
3184 845 3245 885 se
3274 829 3557 887 revolvens
3586 872 3599 898 ,
3656 841 3713 889 et

2131 922 2493 978 conversione
2530 922 2810 981 inerrante
2871 922 3222 1001 circumiens.
3289 922 3466 979 Simul
3528 934 3711 980 tamen

2131 1020 2569 1071 demonstratum
2603 1026 2813 1072 estnon
2835 1026 3089 1087 oportere
3140 1017 3457 1089 ubicunque
3500 1014 3711 1089 aliquid

2130 1122 2198 1163 ea
2226 1109 2412 1176 aliqua
2444 1107 2935 1177 dicitur,quasrere
2980 1106 3342 1162 differentiam
3398 1122 3600 1172 causae,
3659 1116 3718 1162 et

2131 1211 2201 1250 ex
2229 1209 2391 1251 causa
2416 1194 2849 1263 proﬁciscentis;
2876 1194 3338 1262 demonstratum,
3363 1197 3607 1267 inquam,
3632 1206 3718 1252 est

2133 1301 2240 1341 non
2267 1286 2442 1342 solum
2477 1301 2544 1342 ex
2581 1286 2647 1340 iis
2671 1300 2791 1356 quae
2814 1286 2966 1356 prius
2999 1286 3257 1354 diximus,
3284 1289 3378 1343 sed
3409 1289 3575 1343 etiam
3640 1303 3712 1343 ex

2134 1382 2203 1457 lis
2231 1393 2350 1449 qua:
2376 1380 2542 1435 modo
2574 1378 2820 1448 subjecta
2862 1387 3013 1445 sunt,
3037 1379 3237 1448 quibus
3260 1380 3567 1435 ostenditur
3582 1394 3717 1435 eon-

2134 1471 2397 1528 ﬂtendum
2429 1485 2553 1527 esse
2585 1477 2698 1526 tres
2756 1483 3024 1541 personas
3083 1485 3148 1526 ex
3244 1485 3353 1526 una
3427 1470 3718 1526 divinitate

2133 1560 2376 1634 prodire.
2414 1563 2472 1619 Si
2495 1577 2627 1635 ergo
2657 1563 2763 1619 dici
2796 1577 2862 1618 ex
2884 1563 3091 1633 aliquo,
3124 1562 3327 1634 ubique
3349 1562 3713 1618 dill'erentiam

2134 1671 2335 1721 causae,
2359 1663 2415 1710 et
2466 1669 2691 1711 causam
2728 1655 3017 1721 habentis,
3080 1654 3475 1722 introduceret,
3523 1670 3719 1711 neces-

2132 1748 2283 1804 sario
2312 1757 2424 1804 tota
2448 1746 2690 1826 Trinitas
2715 1760 2938 1802 causam
2971 1746 3199 1801 haberet
3229 1764 3242 1813 ;
3270 1761 3334 1802 ex
3382 1762 3491 1819 quo
3539 1750 3716 1813 ﬁeret,

2133 1850 2193 1896 ut
2219 1840 2380 1896 Pater
2401 1841 2457 1895 in
2492 1836 2760 1896 Trinitate
2785 1853 2850 1894 ex
2882 1854 3046 1895 causa
3103 1838 3389 1910 proiectus
3425 1851 3612 1905 esset;
3663 1853 3715 1893 at

2132 1934 2239 1989 hoc
2266 1933 2565 1989 absurdum
2605 1940 2709 1987 est.
2751 1929 2870 1988 Non
2926 1931 3092 2002 igitur
3132 1930 3244 2001 jam
3297 1931 3617 2004 ubicunque
3646 1948 3717 1987 es

2132 2025 2339 2093 aliquo,
2366 2022 2422 2078 in
2456 2022 2656 2077 divinis
2682 2021 2904 2089 dicitur,
2944 2021 3021 2077 ibi
3061 2019 3375 2079 differentia
3438 2037 3638 2089 causae,
3666 2032 3721 2077 rt

2132 2131 2198 2171 es
2263 2129 2429 2171 causa
2490 2113 2917 2184 proﬁciscentis
2964 2114 3306 2184 Ostenditur;
3348 2130 3413 2171 ac
3451 2124 3716 2185 praeterea

2133 2208 2353 2278 prodire
2377 2207 2430 2263 in
2483 2208 2681 2262 divinis
2727 2209 2846 2261 sine
2898 2207 3565 2269 divisione-tantumdem
3611 2218 3718 2274 est,

2130 2309 2395 2371 quantum
2445 2300 2579 2357 sine'
2615 2299 2900 2365 distantia,
2943 2301 3063 2356 sive
3118 2298 3448 2367 diﬁ'erentia,
3497 2311 3554 2355 et
3605 2282 3724 2356 sine

2131 2408 2298 2447 causa
2320 2406 2466 2457 esse,
2498 2390 2767 2460 siquidem
2790 2391 2971 2460 quoad
2996 2388 3348 2457 Trinitatem,
3390 2406 3517 2459 quae
3552 2406 3718 2461 supra

2132 2483 2494 2540 substantiam
2543 2492 2647 2548 est,
2702 2491 2972 2551 quatenus
3040 2480 3284 2539 Trinitas
3324 2483 3556 2550 colitur,
3598 2501 3719 2538 'ttun
3765 2542 3768 2545 ,

2135 2576 2296 2633 habet
2321 2577 2452 2631 inea
2475 2574 2654 2630 locum
2707 2574 2769 2628 τὸ
2822 2574 3155 2643 ἀδιαίρετον,
3182 2575 3241 2629 id
3274 2586 3380 2643 est,
3433 2575 3565 2631 illud
3602 2576 3722 2632 sine

2132 2668 2419 2733 divisione,
2458 2667 2588 2736 quin
2653 2667 2835 2735 poti'us
2881 2665 3143 2721 dividitur
3180 2666 3383 2722 divinis
3402 2674 3458 2722 et
3512 2667 3724 2722 deilicis

2131 2760 2425 2832 persenis:
2459 2760 2695 2828 eritque,
2723 2766 3001 2826 quatenus
3040 2756 3286 2813 Trinitas
3309 2768 3417 2825 est,
3447 2773 3575 2815 vere
3610 2761 3723 2818 dis-

2131 2864 2278 2910 creta
2313 2851 2575 2916 Trinitas,
2635 2850 2809 2906 sicubi
2864 2862 2992 2906 vero
3023 2849 3268 2929 dicatur
3316 2850 3561 2909 Trinitas
3609 2867 3723 2907 non

2132 2948 2335 3021 divisa,
2390 2961 2495 3000 non
2532 2954 2802 3014 quatenus
2826 2942 3070 2999 Trinitas
3095 2943 3317 3010 dicitur,
3338 2945 3433 3000 sed
3455 2955 3727 3015 quatenus

2134 3042 2250 3112 ipsa
2278 3038 2521 3094 Trinitas
2547 3037 2730 3093 unitas
2754 3048 2841 3092 est
2869 3053 2885 3102 ;
2918 3035 3086 3107 igitur
3111 3051 3218 3092 non
3247 3050 3371 3095 esse
3399 3038 3724 3097 divisionem

443 3133 712 3191 rationem
735 3132 962 3198 scimus»
995 3130 1299 3188 naturalem
1334 3129 2019 3195 diemetsubﬂamialcm.
2053 3163 2094 3217 ο
2135 3137 2187 3190 in
2203 3132 2387 3189 divina
2417 3133 2750 3193 unitatem“
2774 3143 2881 3183 non
2898 3126 3405 3185 essediﬂ‘erentiam
3429 3131 3596 3196 inea,
3620 3144 3725 3186 nec

440 3238 497 3283 et
528 3239 825 3297 congruam
862 3224 986 3281 sine
1013 3223 1280 3281 divisione
1302 3223 1381 3295 (l)
1401 3238 1471 3281 ex
1498 3232 1730 3294 utraque
1764 3223 2023 3279 substan-

441 3322 516 3375 tia
535 3329 589 3377 et
616 3325 811 3393 natura
864 3314 1225 3385 prodeuntem
1280 3315 1581 3371 secundum
1648 3315 2026 3383 operationem

441 3419 499 3466 et
527 3409 848 3480 qualitatem
875 3407 1200 3464 naturaliter
1234 3406 1452 3463 insitam
1492 3406 1569 3477 (α)
1603 3424 1619 3473 ;
1652 3415 1709 3461 et
1739 3406 2028 3462 simul'ne-

441 3519 550 3574 que
578 3501 911 3572 partibilem,
950 3515 1127 3572 neque
1175 3499 1461 3559 confusam
1527 3500 1842 3555 alterutrius
1898 3502 2029 3555 sult-

440 3594 665 3661 stantias
698 3594 1080 3663 Operationem
1117 3593 1417 3662 conjuncte
1445 3591 1526 3663 (Ξ)
1564 3591 1869 3658 inductam,
1929 3591 2036 3647 hoc

448 3685 580 3741 facit
614 3683 981 3741 differentiam
1006 3685 1388 3753 operationum
1432 3684 1483 3737 in
1518 3681 1761 3749 Christo,
1827 3683 2038 3738 sicutct

440 3774 814 3833 dili‘erentiam
854 3786 1199 3832 naturarum.
1224 3774 1300 3828 Ex
1332 3775 1532 3843 quibus
1576 3773 1808 3841 edicitur
1868 3775 2041 3830 mani-

453 3868 673 3934 festum,
722 3869 777 3922 in
839 3867 1067 3941 unitate,
1128 3882 1247 3936 qua:
1290 3882 1457 3937 supra
1517 3869 1881 3923 substantiam
1935 3876 2040 3934 est,

440 3978 554 4018 non
608 3971 863 4031 oportere
919 3961 1269 4015 considerare
1328 3961 1476 4029 quod
1536 3975 1603 4015 ex
1662 3975 1721 4017 se
1782 3962 1898 4030 ipsa
1950 3977 2045 4017 es-

446 4059 643 4114 sistere
688 4057 931 4125 dicitur,
989 4055 1073 4110 Vel
1131 4071 1196 4109 es
1248 4069 1311 4110 se
1360 4055 1479 4124 ipsa
1540 4056 1721 4126 prodit
1764 4060 2042 4128 operatio;

2128 3240 2251 3283 esse
2277 3237 2495 3280 causam
2520 3223 2656 3291 ejus.

2622 3316 2633 3329 '
2733 3332 2968 3390 CAPUT
3005 3335 3094 3390 tv.
3169 3314 3211 3348 ·⁹

2140 3476 2292 3542 Quod
2315 3476 2369 3527 in
2397 3474 2600 3542 unitate
2636 3471 2915 3542 Trinitatis
2951 3489 3052 3526 non
3078 3482 3281 3532 oportet
3310 3488 3545 3541 quu’rere
3569 3474 3720 3528 aliud

2138 3538 2179 3551 ’Ὗ
2205 3540 2581 3607 substantiam,
2621 3554 2667 3596 et
2696 3538 2845 3595 aliud
2874 3543 3142 3612 enerqiam
3166 3544 3272 3595 sive
3321 3538 3674 3612 operationem
3703 3560 3725 3600 :

2208 3630 2371 3682 neque
2398 3614 2502 3684 tegi
2542 3614 2880 3682 hornonymia
2914 3610 3057 3666 verbi
3086 3610 3361 3684 energite,
3388 3628 3482 3665 nec
3539 3615 3726 3667 existi-

2212 3681 2360 3738 mare
2381 3681 2488 3739 non
2548 3684 2686 3738 idem
2736 3681 2924 3737 essein
2954 3698 3019 3735 ea
3080 3681 3433 3736 substantiam
3479 3691 3529 3735 et
3576 3699 3727 3737 ener-

2209 3770 2354 3825 ytam
2370 3794 2385 3809 .

2216 3875 2452 3931 Sanctus
2529 3871 2829 3942 Gregorius
2879 3871 3180 3941 Nyssenus,
3247 3869 3384 3926 libro
3412 3885 3468 3924 rx
3520 3827 3747 3926 Coum;

2147 3967 2503 4022 Eunomium:
2535 3964 2670 4030 Quis
2702 3971 2803 4027 est,
2834 3962 3030 4032 inquit.
3054 3961 3139 4017 dic
3169 3961 3326 4027 mihi,
3363 3962 3544 4018 Deus?
3601 3964 3727 4032 qui-

2140 4060 2245 4116 bus
2274 4058 2610 4122 dominatur,
2644 4054 2734 4125 qui
2799 4064 2885 4110 est
2937 4054 3083 4108 aliud
3112 4054 3240 4124 quid
3294 4065 3490 4124 praeter
3539 4067 3730 4125 poten-

451 4150 532 4206 vel
589 4165 656 4205 ex
722 4162 784 4203 se
836 4149 975 4217 ipsa,
1031 4162 1126 4218 per
1171 4161 1232 4203 se
1281 4147 1478 4217 ipsam,
1513 4149 1565 4204 in
1608 4164 1669 4204 se
1716 4149 1890 4221 ipsam
1959 4164 2045 4204 re—
2138 4151 2323 4209 tiam?
2356 4151 2417 4206 Si
2440 4149 2777 4210 dominatur,
2824 4157 2883 4202 et
2935 4145 3077 4199 aliud
3102 4153 3189 4201 est
3237 4146 3502 4215 potentia,
3563 4147 3730 4215 igitur
3802 4209 3806 4213 ,

438 4243 690 4299 -volvitur
723 4281 739 4305 ,
778 4248 841 4298 et
891 4236 1098 4296 idciico
1158 4238 1521 4298 tlili‘ereutiam
1583 4257 1762 4299 causa:
1803 4255 1861 4300 et
1908 4258 2042 4301 cau-

451 4350 566 4391 sam
647 4333 895 4391 habentis
954 4334 1115 4404 salui
1161 4353 1175 4388 :
1235 4335 1364 4405 quin
1441 4335 1651 4424 potius.
1689 4339 2040 4393 manifestum

2142 4248 2382 4303 vincitur
2406 4243 2648 4313 potentia
2685 4254 2716 4293 a
2742 4254 2849 4294 nun
2918 4240 3160 4308 potentia
3193 4255 3209 4304 ;
3242 4239 3389 4308 quod
3437 4239 3585 4294 enim
3642 4250 3728 4295 est

2140 4341 2290 4396 aliud
2320 4351 2482 4408 quam
2505 4334 2747 4405 potentia
2779 4333 2882 4402 (ὅ),
2906 4331 3145 4402 potentia
3178 4346 3411 4402 p'orsus
3458 4347 3567 4387 non
3591 4342 3674 4389 est
3710 4351 3724 4385 :

1966 4453 2238 4517 Scholia.

528 4553 761 4627 (I)Sine
784 4554 1071 4627 divisione.
1136 4552 1691 4627 Scilicetpersonae;
1739 4569 1845 4608 non
1900 4555 2046 4627 enim

457 4623 1081 4699 ρτόνὶειῖ,όξσθιέυιίειῃε
1108 4624 1546 4699 substantiarum
1573 4623 1880 4699 divinaset
1936 4626 2041 4677 hu-

2161 4564 2280 4608 cata
2319 4563 2432 4615 tua,
2466 4561 2519 4603 et
2555 4555 2826 4619 potestate
2851 4545 3032 4601 divina
3073 4544 3397 4603 restituebat
3439 4545 3645 4619 _visum_,
3676 4560 3730 4600 et

2158 4641 2321 4678 unum
2350 4633 2404 4677 et
2431 4615 2592 4690 sputu
2624 4620 2822 4672 linihat
2855 4619 3083 4680 oculos;
3112 4620 3224 4690 sive
3246 4615 3588 4690 operationes
3624 4617 3726 4690 lm-

457 4685 870 4782 inat‘im-divisus
898 4703 981 4748 est
1022 4694 1297 4782 ςᾷιιτὶεξὶηε3
1327 4694 1458 4782 quiin
1516 4695 1692 4761 potius
1757 4694 1897 4747 idem
1955 4706 2042 4774 est
2079 4730 2119 4782 ί)
2156 4709 2329 4777 intutae
2359 4685 2574 4782 ﬂatura:
2605 4691 2983 4782 convenirent,
3018 4697 3089 4782 ut
3136 4689 3325 4782 sitire?
3368 4685 3595 4782 Cbl'll'i'l‘t",
3648 4687 3728 4782 fa-

455 4766 733 4841 perl‘ectus
786 4763 953 4841 Deus,
982 4772 1039 4818 et
1091 4760 1366 4841 perfectus
1418 4760 1615 4827 homo;
1667 4778 1856 4817 rursus
1923 4766 2039 4841 sine

458 4832 745 4901 divisione,
773 4835 901 4907 quia
934 4832 1176 4902 operatio
1218 4833 1647 4907 divinaenatum
1668 4842 1752 4907 est
1789 4836 2035 4903 operatio

459 4910 621 4964 trium
654 4903 1032 4976 personarum,
1068 4917 1296 4976 quarum
1320 4903 1523 4976 unitas
1546 4905 1816 4970 essentia,
1848 4914 1905 4959 ut
1954 4916 2039 4958 est

460 4980 514 5032 in
552 4973 760 5048 synodo
795 4986 972 5048 sexta,
1027 4973 1240 5048 aetione
1311 4973 1400 5048 it,
1433 4987 1538 5048 non
1586 4982 1790 5048 potest
1825 4976 2037 5048 partiri,

461 5064 561 5105 nec
582 5043 735 5102 {meri
765 5047 957 5101 unitati
991 5043 1251 5114 capulari,
1283 5047 1380 5099 sed
1411 5043 1910 5116 petius’singularis
1934 5056 2036 5109 est,

460 5132 613 5175 extra
644 5131 857 5172 omnem
890 5127 1196 5168 numerum.

531 5188 608 5259 t2)
631 5187 1013 5258 Operatidnem
1030 5183 1345 5259 utter-utrius
1382 5186 1713 5259 _substantiw
1742 5184 2040 5254 conjuncta:

394 5266 401 5273 ’
460 5255 728 5325 inductam
765 5259 918 5319 dicit,
953 5255 1078 5323 quia
1109 5256 1187 5310 sic
1212 5255 1539 5324 operabatur
1563 5267 1796 5327 utraque
1841 5269 2038 5310 natura

458 5334 602 5401 quod
635 5330 1091 5401 propriumerat,
1157 5336 1213 5380 ut
1273 5326 1443 5401 altera
1495 5328 1659 5401 simul
1712 5326 2040 5401 Oper-aretur

459 5396 844 5459 émwenienter
870 5398 996 5458 sibi,
1031 5409 1086 5451 et
1116 5406 1172 5450 ut
1200 5413 1257 5451 se
1298 5396 1552 5463 decebat;
1582 5397 1697 5452 sive
1730 5398 1872 5451 enim
1910 5410 2037 5465 ope-

462 5472 704 5529 rationes
739 5479 922 5522 essent
963 5468 1073 5522 Deo
1123 5467 1531 5531 t‘Ont'enientes,
1583 5478 1640 5522 ut
1691 5469 2031 5533 miraculum,

461 5557 589 5597 caro
610 5540 977 5610 operabatur,
1015 5547 1073 5590 ut
1128 5552 1250 5610 eum
1307 5547 1575 5610 potestate
1606 5539 1788 5592 divina
1828 5539 2033 5610 remit—

466 5615 608 5670 tebat
645 5606 886 5681 peccata,
920 5619 971 5662 et
996 5622 1090 5663 ore
1110 5608 1347 5673 dicebat,
1398 5609 1753 5666 lietttillutttur
1793 5606 1890 5663 tibi
1914 5622 2033 5676 pec-

532 5779 609 5848 (a)
650 5775 974 5842 Qualitatem
1034 5773 1333 5829 naturalem
1385 5781 1545 5826 vocat
1577 5775 1961 5844 proprietatem
1998 5769 2281 5841 utriusque
2307 5781 2531 5827 naturaz.

782 5872 1054 5931 ΡΑτιιοι..
1102 5871 1220 5930 Litt.
1267 5866 1449 5929 CLU.

2149 4763 2329 4835 tigat‘i,
2359 4755 2593 4835 Verbum
2625 4758 2954 4835 onerabatur
2982 4755 3377 4835 [pert-nitientlo,
3406 4763 3469 4835 et.
3496 4757 3727 4835 Veienti"

2148 4825 2262 4890 sivve
2284 4825 2628 4901 operationes
2661 4837 2849 4901 essent
2881 4827 3160 4901 mistmkid
3192 4836 3295 4890 est,
3332 4825 3529 4901 partim
3593 4826 3729 4880 divi-

2150 4921 2254 4967 nae.
2291 4896 2483 4973 partim
2523 4902 2794 4973 humanae,
2815 4899 2917 4950 hoc
2963 4907 3050 4951 est
3079 4896 3189 4952 Deo
3219 4897 3624 4973 convenientes,
3655 4909 3729 4973 rt

2153 4966 2361 5029 homini
2392 4990 2405 5038 ;
2450 4984 2504 5025 nt
2538 4970 2815 5024 ambulare
2846 4980 3012 5036 super
3045 4982 3235 5030 mare;
3271 4966 3548 5038 atnbulare
3579 4969 3724 5021 enim

2159 5044 2365 5101 homini
2388 5037 2768 5103 Conveniebat,
2830 5050 2937 5091 non
2992 5038 3222 5105 deprimi
3258 5037 3586 5091 ambulando
3636 5054 3726 5091 sn-

2153 5132 2249 5183 per
2290 5129 2459 5183 mare,
2509 5111 2674 5165 Deum
2717 5109 2978 5183 devehat,
3009 5123 3131 5183 qua:
3160 5107 3512 5183 operationes
3540 5108 3727 5183 diem-

2149 5178 2334 5257 δρικαί
2359 5202 2387 5237 a
2412 5182 2666 5253 υισιι)ἐἱυ
2700 5179 2976 5243 ιῙίεηηὶυΓ,
3006 5181 3058 5232 id
3110 5191 3216 5244 est,
3249 5178 3410 5234 simul
3443 5178 3640 5232 divina:
3673 5186 3728 5229 tt

2151 5258 2424 5311 humana}.

2221 5328 2299 5397 (3)
2340 5325 2480 5378 Deus
2511 5330 2593 5379 est
2621 5334 2779 5397 suum
2815 5336 2997 5397 posse,
3025 5329 3080 5397 et
3115 5337 3273 5374 suum
3309 5334 3449 5397 esse,
3485 5327 3539 5397 et
3568 5333 3726 5370 suum

2147 5388 2380 5464 Operuri,
2409 5402 2464 5448 et
2503 5410 2606 5450 ItOtt
2643 5402 2721 5447 est
2754 5388 2893 5464 ineo
2925 5393 3070 5446 aliud
3130 5407 3314 5464 posse,
3372 5388 3518 5464 aliud
3583 5402 3728 5450 esse,

2145 5460 2295 5522 aliud
2331 5481 2491 5536 opera
2504 5467 2568 5528 ri,
2594 5466 2698 5536 sed
2716 5462 2893 5532 potius
2920 5478 3060 5517 unus
3080 5460 3527 5536 simplicissimus
3549 5466 3727 5536 actus,

2140 5547 2196 5589 et
2231 5552 2337 5590 una
2368 5526 2793 5606 'simplicissima
2825 5533 3134 5589 substantia
3160 5526 3224 5586 at:
3284 5528 3549 5600 potentia,
3609 5526 3727 5583 sive

2138 5619 2335 5663 Virtus.

3218 5856 3296 5915 31
