4082 6484
525 424 630 487 ςιπτ

1377 425 1613 488 DECAS
1651 425 1812 484 Χ.-
1852 419 1951 482 DE
1989 415 2255 478 DIVINA
2293 412 2857 479 SIMPLICITATE.

3673 402 3781 466 9'18

521 537 719 606 inquit,
746 534 836 591 Dei
871 545 1021 602 esset,
1053 552 1156 591 non
1187 541 1432 606 rapinam
1460 538 1754 592 arbitratus
1789 545 1866 590 est
1905 532 2098 602 sefesss
2125 527 2171 587 A
2201 533 2372 603 ipsius
2401 546 2624 602 .meque
2666 530 2839 585 forma
2874 525 3074 597 ipsius,
3105 519 3420 592 neque’vita
3459 518 3654 588 ipsius,
3685 522 3783 572 ne-

522 628 776 698 wqualem
813 629 917 682 Deo
957 631 1023 684 τ’.
1057 629 1279 684 Divinus
1311 629 1730 700 Cbrysostomus
1763 629 1816 680 in
1847 627 2096 682 oratione

525 729 700 782 sexta,
735 720 800 772 de
835 718 1310 789 lncomprehenso,
1359 721 1440 774 sic
1486 720 1560 773 ait
1598 737 1613 775 :
1644 719 1779 773 Cum
1807 759 1822 782 ,
1882 718 2094 786 inquit,

525 808 767 875 ejusdem
805 808 1012 874 formis,
1049 816 1106 862 et
1143 808 1384 876 ejusdem
1421 807 1606 880 ﬁgura:
1631 821 1756 862 esse
1785 805 1940 871 dicit,
1969 803 2096 872 quid

525 896 980 961 aliudzdeclarat,
1023 912 1186 966 quam
1227 897 1585 952 substantiam
1626 908 1790 950 unam
1837 893 1954 948 siue
1992 892 2096 946 ulla

527 989 828 1044 varietate?
854 988 970 1044 Non
1000 989 1146 1044 enim
1177 998 1259 1044 est
1287 990 1437 1044 circa
1473 989 1638 1043 Deum
1672 987 1866 1050 forma,
1899 985 1985 1041 vel
2015 985 2096 1039 fa-

524 1078 656 1135 cies.
692 1080 926 1138 Sanetus
949 1081 1181 1152 Cyrillus
1216 1102 1230 1136 :
1265 1080 1482 1148 Forma,
1510 1079 1705 1149 inquit,
1737 1078 1791 1133 in
1828 1078 1936 1134 Deo
1973 1077 2100 1132 sub-

525 1173 726 1228 stantia
758 1174 1022 1242 accipitur
1049 1189 1077 1229 a
1102 1173 1372 1239 Patribus,
1393 1174 1535 1228 sicut
1556 1173 1626 1228 ab
1649 1169 1924 1242 Apostolo;
1949 1169 2101 1224 nefas

525 1261 671 1314 enim
714 1271 796 1318 est
833 1273 889 1319 et
919 1265 1168 1334 impium,
1203 1265 1259 1319 in
1289 1265 1418 1331 Deo,
1450 1264 1542 1333 qui
1584 1264 1638 1318 in
1668 1269 1945 1332 aspectum
1991 1275 2100 1314 non

520 1355 692 1418 cadit,
729 1355 952 1411 formam
984 1357 1166 1413 dicere
1191 1357 1451 1424 speciem.
1483 1356 1741 1410 Dominus
1771 1357 1824 1409 in
1858 1356 2100 1421 Evange-

522 1439 596 1493 lio
627 1458 642 1494 :
673 1440 807 1511 Ego,
843 1442 1036 1512 inquit,
1062 1463 1180 1500 sum
1208 1437 1520 1501 resurrectio
1567 1455 1618 1502 et
1643 1447 1750 1500 vita
1772 1445 1836 1500 ".
1869 1443 2104 1499 Sanctus

493 1531 755 1601 .Cyrillus
789 1535 840 1587 in
886 1537 1023 1591 actis
1057 1547 1260 1592 sancta:
1303 1548 1358 1591 et
1406 1538 1760 1593 mcumenicas
1793 1545 1963 1592 sextae
2010 1552 2102 1608 sy-

523 1619 872 1680 nddi:Sicut
925 1630 1128 1692 unitas,
1193 1629 1388 1697 inquit,
1448 1643 1555 1683 non
1610 1638 1785 1698 potest
1831 1629 1996 1684 dividi
2047 1629 2101 1683 in

523 1714 660 1772 duas
687 1718 920 1774 unitatcs
951 1721 1237 1790 (siquidem
1261 1721 1444 1775 unitas
1473 1721 1528 1776 in
1551 1721 1645 1776 bas
1665 1721 1839 1784 divisa
1869 1735 1980 1776 non
2003 1722 2106 1776 erit

520 1807 724 1876 unitas,
765 1813 859 1866 sed
908 1811 1060 1881 duo),
1091 1812 1170 1868 sic
1197 1812 1342 1882 quod
1376 1826 1460 1867 est
1492 1828 1656 1867 unum
1688 1827 1898 1868 summa
1931 1829 2104 1884 copu-

519 1897 747 1964 latione,
778 1916 886 1957 non
916 1913 1095 1972 potest
1122 1881 1288 1960 dividi
1327 1904 1382 1958 in
1414 1904 1558 1970 duo;
1593 1905 1798 1975 alioqui
1836 1920 1948 1960 non
1985 1881 2100 1960 am-
2142 1881 2185 1937 Β
2216 1881 2332 1976 plcx
2367 1881 2708 1962 confessione
2739 1907 2979 1966 omnium
3014 1911 3127 1969 est,
3165 1919 3271 1958 non
3307 1911 3388 1957 est
3422 1899 3566 1954 aliud
3600 1908 3796 1967 praeter
3893 1911 3902 1916 δ

523 1990 664 2060 plius
685 1993 787 2048 erit
834 1994 972 2051 Deus
1007 1997 1244 2052 universi
1291 1997 1521 2064 simplex
1554 2006 1745 2053 natura
1771 2036 1786 2062 ,
1835 1997 2099 2064 siquidem

521 2089 608 2142 est
637 2084 742 2151 alia
779 2095 974 2152 praeter
1003 2087 1201 2156 ipsum,
1231 2103 1351 2155 quae
1377 2097 1460 2143 est
1493 2089 1544 2142 in
1579 2089 1696 2158 ipso
1721 2088 1849 2144 vita.
1881 2089 1946 2144 Et
1980 2105 2094 2144 ruro

522 2188 618 2230 sus
653 2177 794 2231 idem
828 2195 843 2232 :
870 2177 1108 2234 Primum
1140 2179 1382 2248 quidem,
1406 2195 1512 2234 non
1539 2189 1622 2233 est
1645 2179 1872 2246 simplex
1905 2189 2100 2234 natura

525 2266 668 2322 Deus
714 2269 1118 2333 universorum,
1171 2273 1265 2324 sed
1311 2270 1488 2337 potius
1533 2271 1888 2338 compositus,
1933 2279 1983 2326 et
2035 2285 2102 2325 ex

523 2352 734 2411 duobus
761 2367 1056 2424 constans;
1085 2359 1356 2428 siquidem
1413 2367 1499 2416 est
1552 2360 1658 2415 alia
1697 2370 1891 2429 praeter
1933 2375 2060 2416 eum
2086 2400 2103 2427 ,

524 2461 644 2513 quae
701 2449 757 2503 in
817 2464 882 2506 eo
933 2461 1016 2506 est
1065 2453 1195 2508 vita.
1229 2453 1523 2524 Gregorius
1569 2453 1847 2524 Nyssenus
1875 2454 1933 2508 in
1981 2453 2104 2510 Vita

525 2537 721 2610 lloysis
755 2557 770 2593 :
806 2541 915 2600 Eos
957 2545 1164 2600 entium
1195 2553 1278 2600 est
1305 2561 1436 2600 vera
1465 2547 1615 2611 vita;
1649 2545 1752 2601 hoc
1784 2555 1968 2600 autem
2008 2561 2105 2602 co-

526 2633 709 2700 gnosci
758 2649 865 2688 non
916 2645 1134 2703 poteSt;
1180 2639 1308 2707 quia
1337 2638 1505 2707 igitur
1541 2639 1908 2709 cognitionem
1941 2639 2110 2694 vincit

526 2724 900 2792 vitaviviiica,
931 2743 1093 2786 omne
1128 2729 1270 2797 quod
1301 2730 1670 2798 cognoscitur,
1704 2745 1807 2784 non
1858 2739 1942 2784 est
1973 2731 2104 2785 vita.

525 2815 746 2872 Divinus
773 2819 1099 2885 Apostolus:
1131 2819 1390 2884 Christus.
1439 2821 1661 2891 inquit,
1715 2820 1812 2875 Dei
1842 2823 2026 2887 virtus,
2061 2831 2108 2877 et

530 2905 627 2960 Dei
649 2911 908 2978 sapientia
941 2909 1008 2963 ".
1041 2909 1284 2968 Sanctus
1321 2911 1618 2981 Gregorius
1653 2911 1928 2982 Nysscnus
1970 2915 2110 2970 libro

522 3013 593 3053 vtt
621 2999 676 3052 in
705 2995 928 3054 Cantica
952 3001 1276 3054 canticorum
1313 3016 1331 3056 :
1361 2999 1647 3069 Dominus,
1678 3003 1878 3072 inquit,
1913 3013 2108 3059 natura

522 3104 629 3144 sua.
670 3088 722 3142 id
770 3088 945 3157 ipsum
994 3091 1136 3159 quod
1179 3101 1283 3156 est,
1333 3092 1600 3157 veritatis,
1645 3092 2028 3163 etsapicntiaa,
2056 3102 2113 3148 et

2194 639 2306 700 que
2333 629 2618 695 sapientia,
2655 641 2826 697 neque
2854 626 3023 677 virtus
3049 621 3220 690 ipsius
3243 619 3345 672 alia
3381 616 3625 685 mundam
3653 623 3784 669 sunt

2205 734 2400 792 prtnter
2436 721 2793 778 substantiam
2824 716 2997 786 ipsius
3023 731 3040 768 ς
3073 714 3201 782 quin
3241 711 3419 779 potius
3451 710 3566 764 inec
3597 707 3780 762 omnia

2205 813 2361 866 unica
2396 811 2512 880 ejus
2539 809 2836 865 substantia
2879 814 3024 860 sunt.

2795 891 3026 950 CAPUT
3081 889 3196 945 Vll.

2207 991 2363 1058 Quod
2393 991 2452 1045 in
2479 990 2703 1059 unitate,
2739 1004 2856 1059 qui?
2884 1001 3047 1056 supra
3077 981 3422 1059 substantiam
3453 988 3550 1043 est,
3573 995 3682 1059 non
3707 987 3786 1059 est

2274 1058 2610 1129 qumrendum
2643 1048 2791 1129 aliud
2820 1073 2929 1129 esse
2951 1048 3306 1129 cognitionem
3342 1067 3477 1129 eius,
3505 1049 3583 1102 vel
3611 1048 3788 1129 chori-

2279 1119 2438 1184 ialem
2454 1119 3139 1198 ejus.’vel'putchritudinent
3163 1124 3296 1198 eius,
3322 1122 3396 1198 vel
3415 1119 3788 1198 immortalita.

2282 1209 2382 1252 tem
2403 1189 2539 1268 ejus,
2563 1207 2609 1250 et
2641 1189 2751 1250 alia
2773 1194 3176 1268 ejusdemgaliud
3195 1208 3313 1246 vero
3339 1189 3662 1268 singularem
3677 1189 3790 1251 ejus

2276 1257 2656 1333 substantiam,
2677 1276 2723 1320 et
2752 1257 3106 1318 assistentium
3136 1257 3458 1330 supraquam
3479 1257 3737 1312 divinam.

2280 1360 2514 1416 Sanctus
2535 1357 2792 1429 Cyrillus,
2822 1356 2878 1410 in
2907 1354 3212 1418 Thesauris,
3238 1354 3556 1406 Iibroxxxtv
3582 1349 3784 1401 :Deum

2210 1467 2334 1509 esse
2376 1451 2706 1519 simplicem,
2738 1459 2792 1504 et
2824 1447 3234 1518 compositionis
3289 1453 3564 1514 expertem
3598 1455 3787 1496 omnes

2213 1542 2558 1606 fatebuntur;
2590 1540 2888 1594 absurdum
2918 1538 3085 1613 igitur
3107 1545 3184 1591 est
3212 1535 3414 1615 dicere
3438 1532 3636 1587 habere
3659 1545 3786 1590 eum

2211 1632 2519 1701 hujusmodi
2554 1633 2921 1702 cognitionem
2951 1630 3076 1693 sui,
3109 1627 3322 1696 qualem
3359 1640 3475 1686 nos:
3512 1624 3710 1678 etenim
3743 1621 3790 1675 si
3851 1701 3856 1706 ι

2212 1723 2356 1777 aliud
2390 1731 2475 1779 εει
2518 1724 2655 1792 ipse,
2699 1730 2753 1776 et
2805 1720 2950 1776 aliud
2992 1728 3188 1789 praeter
3224 1717 3404 1786 ipsum
3447 1714 3686 1783 cognitio
3732 1712 3815 1772 in,

2217 1817 2350 1885 ipso,
2378 1809 2713 1884 compositus
2741 1825 2846 1879 est,
2877 1823 2932 1867 et
2964 1828 3073 1867 non
3107 1810 3331 1878 simplex
3360 1827 3376 1875 ;
3412 1807 3622 1877 atquin
3657 1806 3793 1862 sint-

2205 2015 2379 2076 ipsum
2413 1999 2648 2069 cognitio
2671 1998 2722 2052 in
2761 1999 2900 2066 ipso.
2948 1996 3057 2050 Nos
3091 2003 3272 2050 autem
3305 2007 3410 2046 non
3446 1993 3564 2055 sic;
3601 2004 3794 2045 sumus

2205 2091 2350 2148 enim
2380 2090 2579 2157 aliquid
2609 2090 2826 2159 proprie
2854 2089 3150 2144 secundum
3171 2083 3551 2146 substantiam;
3587 2084 3644 2135 in
3667 2085 3796 2136 sul;-

2204 2183 2404 2236 stantia
2443 2187 2625 2235 autem
2655 2180 2917 2234 habemus
2973 2180 3207 2247 positam
3267 2173 3659 2244 cognitionem,
3729 2184 3789 2225 ut

2205 2271 2440 2326 colorem
2472 2269 2526 2324 in
2555 2283 2801 2337 corpore.
2838 2269 3070 2323 Sanctus
3102 2266 3387 2327 Maximus,
3423 2265 3500 2316 .iu
3541 2263 3790 2317 centuria

2208 2359 2392 2424 tertia,
2431 2372 2551 2426 cap.
2585 2357 2618 2411 5
2655 2373 2671 2412 :
2715 2357 2927 2435 Omnis,
2959 2357 3154 2426 inquit,
3196 2356 3436 2425 cegnitio
3471 2369 3657 2408 earum
3707 2369 3793 2407 re-

2208 2466 2326 2504 rum
2359 2465 2479 2516 qua:
2503 2459 2655 2512 sunt,
2707 2449 2974 2504 habitudo
3006 2457 3088 2502 est
3121 2463 3240 2516 qua:
3265 2457 3510 2501 extrema
3542 2447 3791 2514 quaedam

2208 2541 2456 2612 colligat;
2489 2557 2582 2596 eos
2610 2541 2732 2596 dico
2765 2540 2856 2608 qui
2885 2549 3246 2609 cognoscunt,
3270 2548 3323 2594 et
3344 2553 3408 2593 ea
3445 2553 3565 2607 qurc
3595 2552 3798 2606 cogito.

2209 2643 2464 2697 scuntur;
2504 2636 2618 2690 haec
2645 2643 2826 2689 autem
2855 2649 2959 2688 non
2985 2633 3062 2704 (ι)
3090 2633 3436 2703 cognoscitur
3461 2630 3530 2684 ab
3557 2629 3677 2684 istis
3701 2631 3792 2699 qui

2209 2735 2567 2795 cognoscunt,
2602 2740 2776 2795 neque
2805 2725 2970 2780 simul
2999 2725 3351 2792 cognoscitur
3387 2738 3507 2775 cum
3535 2721 3794 2791 cognitis;
3873 2749 3880 2765 ι

2211 2833 2317 2874 non
2347 2818 2489 2871 enim
2518 2817 2757 2885 cognitio
2786 2825 2907 2884 apta
2931 2825 3013 2870 est
3035 2826 3228 2870 natura
3261 2829 3355 2866 sua
3383 2814 3489 2866 ulla
3521 2828 3583 2866 ex
3617 2823 3792 2877 parte,

2212 2920 2272 2965 ut
2304 2919 2668 2981 cognoscatur
2707 2928 2720 2966 :
2757 2909 2897 2964 Deus
2931 2917 3116 2962 autem
3154 2901 3455 2960 secundum
3494 2906 3791 2959 essentiam

2213 3018 2388 3066 suam,
2422 3003 2788 3073 quodcunque
2819 3009 2905 3054 est
2929 2999 3228 3055 secundum
3261 2999 3662 3058 substantiam,
3698 3011 3796 3049 co-

2215 3098 2383 3168 gnitio
2417 3105 2502 3152 est
2531 3093 2839 3156 ineffabilis,
2861 3108 2982 3162 qua:
3007 3093 3063 3145 in
3099 3086 3278 3144 Mente
3304 3100 3357 3143 ει
3390 3089 3562 3143 Verbo
3589 3100 3641 3141 et
3671 3087 3796 3156 Spi-

521 3179 739 3235 virtutis
771 3181 1068 3236 substantia
1105 3189 1222 3247 est;
1269 3182 1474 3240 idcirco
1515 3185 1660 3256 quod
1702 3184 1871 3240 David
1905 3186 2045 3242 dixit
2088 3202 2103 3240 :
2134 3216 2180 3278 α
2215 3189 2322 3244 ritu
2354 3203 2448 3257 per
2479 3201 2538 3244 se
2581 3185 2818 3242 exsistit.
2876 3187 3015 3251 licus
3075 3183 3239 3250 igitur
3267 3181 3492 3234 omnino
3526 3189 3605 3234 cst
3636 3193 3796 3233 crea-

524 3270 720 3326 Omnia
772 3272 827 3326 in
857 3273 1118 3340 sapientia
1160 3274 1328 3343 fecisti
1360 3275 1423 3339 ⁷⁸,
1461 3275 1852 3344 interpretatus
1879 3278 2110 3348 Aposto-

523 3363 607 3416 lus
642 3362 988 3432 Prophetam,
1025 3365 1076 3418 in
1119 3364 1240 3434 ipso
1289 3365 1368 3419 ait
1418 3368 1598 3420 omnia
1653 3377 1834 3423 creata
1891 3383 2013 3423 esse
2043 3369 2108 3434 ⁷⁸,

461 3474 467 3488 ·
525 3464 780 3535 tanquam
813 3455 916 3510 hoc
964 3455 1237 3526 Propheta
1270 3457 1677 3527 fsigniiicaverit
1712 3458 1976 3514 vocabulo
2015 3477 2109 3514 sa-

523 3549 756 3616 pientia.
793 3548 938 3602 Idem
989 3548 1284 3618 Gregorius
1329 3549 1384 3603 in
1433 3549 1684 3604 eisdem:
1717 3549 1817 3616 Qui
1865 3551 2108 3607 omnium

523 3641 890 3708 cognitionem
921 3642 974 3695 in
1009 3656 1069 3696 se
1102 3642 1222 3708 ipso
1253 3643 1709 3712 comprehensam
1740 3642 1921 3708 habet,
1954 3642 2108 3712 cujus

527 3731 736 3786 inﬁnita
768 3733 1055 3800 sapientia,
1077 3734 1203 3799 quin
1239 3735 1418 3802 potius
1449 3735 1603 3802 cujus
1626 3735 1860 3790 essentia
1891 3736 2107 3805 sapien—

525 3821 595 3878 tia
628 3828 730 3875 est.
762 3820 992 3891 Cyrillus
1023 3823 1076 3876 in
1113 3823 1389 3884 Thesauris
1440 3840 1458 3879 :
1495 3825 1615 3880 Non
1665 3825 1796 3896 quia
1838 3827 2105 3897 sapientia

524 3914 579 3967 in
616 3912 793 3978 nobis,
823 3922 877 3968 rt
908 3913 1134 3968 scientia
1169 3931 1273 3969 non
1305 3916 1518 3971 exsistit
1553 3932 1651 3988 per
1678 3931 1758 3984 se,
1787 3917 1989 3973 idcirco
2014 3936 2106 3974 sa-

523 4005 745 4074 pientia,
781 4020 901 4072 quae
931 4006 983 4060 in
1008 4007 1117 4060 Deo
1150 4018 1251 4071 est,
1287 4024 1390 4062 non
1424 4023 1518 4079 per
1549 4026 1609 4066 se
1642 4009 1888 4076 exsistet,
1928 4009 2025 4067 sed
2059 4014 2102 4068 si

519 4096 796 4151 conﬁteris
828 4111 932 4150 non
963 4112 1084 4152 esse
1111 4105 1318 4153 naturae
1343 4108 1539 4156 nostrae
1568 4101 1757 4162 Deum,
1785 4102 1944 4170 plane
1973 4118 2105 4157 con-

522 4188 714 4252 (lteris,
749 4189 928 4242 omnia
957 4204 1078 4257 qua!
1107 4190 1228 4257 ejus
1272 4201 1418 4255 sunt,
1450 4206 1557 4246 non
1604 4206 1730 4248 esse
1766 4207 1832 4247 ex
1877 4195 2100 4260 nostris.

519 4282 616 4335 sed
648 4282 826 4348 potius
861 4290 1048 4336 nostra
1082 4295 1362 4352 superant,
1417 4299 1480 4338 ac
1532 4295 1742 4342 tantum
1795 4297 2101 4356 superant,

517 4385 780 4442 quantum
813 4385 1074 4446 superant
1117 4386 1174 4434 ει
1205 4377 1462 4434 diﬂ‘erunt
1495 4383 1795 4437 secundum
1831 4383 2100 4440 rationem

521 4468 858 4524 substantiae.
899 4469 976 4524 Ex
1009 4470 1206 4540 quibus
1233 4470 1292 4526 ﬁt
1324 4472 1695 4542 manifestum,
1719 4474 1860 4545 quod
1891 4476 1943 4528 in
1982 4476 2102 4530 uni-

2216 3283 2352 3336 turis
2384 3279 2623 3348 ignotus,
2655 3285 2842 3348 utpote
2875 3275 2986 3342 ipsa
3038 3289 3133 3342 per
3163 3288 3220 3328 se
3260 3271 3520 3342 cognitio,
3570 3269 3674 3324 nisi
3711 3273 3795 3348 cui

2213 3371 2423 3442 placeat
2472 3372 2654 3426 dicere
2709 3384 2829 3423 esse
2862 3369 3028 3422 etiam
3081 3368 3248 3422 Deum
3280 3381 3446 3436 supra
3499 3364 3645 3420 hanc
3698 3365 3798 3418 im-

2215 3477 2417 3518 mense.
2464 3463 2534 3517 Et
2583 3477 2776 3516 rursus
2808 3459 3046 3530 Cyrillus
3085 3459 3138 3538 in
3171 3458 3442 3530 capitibus
3472 3457 3539 3511 de
3587 3455 3794 3529 Spiritu

2211 3563 2439 3612 sancto:
2468 3553 2632 3617 Deus,
2665 3553 2860 3622 inquit,
2888 3550 3128 3605 charitas
3151 3559 3255 3614 est,
3279 3558 3337 3601 ιιι
3361 3548 3598 3604 Joannes
3629 3547 3791 3610 ait";

2210 3658 2266 3702 et
2302 3661 2406 3701 non
2437 3654 2521 3700 εει
2550 3645 2843 3713 quidquam
2874 3643 3020 3697 aliud
3047 3645 3184 3710 ipse,
3211 3651 3267 3694 et
3297 3641 3443 3694 aliud
3471 3641 3620 3707 quid,
3649 3639 3792 3710 quod

2211 3739 2266 3793 in
2299 3739 2415 3805 ipso
2441 3745 2561 3797 est;
2593 3735 2821 3802 simplex
2854 3735 2997 3788 enim
3022 3741 3077 3786 et
3103 3732 3219 3786 sine
3252 3732 3648 3798 compositione
3679 3740 3782 3785 est.

2210 3829 2354 3884 Idem
2385 3827 2562 3882 adhuc
2583 3827 2725 3880 libro
2757 3839 2925 3880 xxxttt
2971 3823 3364 3877 Tltesaurorum
3393 3839 3412 3876 :
3442 3821 3629 3877 Omnia
3664 3821 3794 3875 mihi

2208 3921 2410 3974 tradita
2434 3929 2550 3973 sunt
2581 3934 2614 3972 ιι
2644 3915 2810 3969 Patre
2842 3931 2974 3982 meo,
3001 3924 3048 3970 et
3083 3930 3231 3966 nemo
3265 3914 3529 3982 cognoscit
3569 3911 3795 3981 Filium,

2209 4012 2309 4065 nisi
2341 4009 2534 4075 Pater;
2569 4023 2732 4077 neque
2769 4005 2990 4060 Patrem
3021 4007 3136 4074 quis
3166 4004 3307 4056 novit
3359 4005 3460 4057 nisi
3498 4001 3674 4057 Filius
3709 4002 3794 4066 7‘;

2208 4103 2332 4172 quia
2365 4101 2574 4157 scilicet
2599 4100 2742 4154 nulla
2775 4112 2927 4153 mens
2952 4106 3131 4152 creata
3165 4105 3343 4166 potest
3376 4096 3486 4150 uilo
3526 4098 3682 4152 modo
3711 4100 3794 4154 di-

2206 4194 2389 4248 vinam
2419 4194 2784 4250 substantiam
2813 4191 3125 4262 complecti,
3152 4190 3278 4260 quia
3307 4205 3526 4245 omnem
3557 4200 3789 4247 tuentem

2206 4287 2374 4342 vincit
2397 4303 2410 4340 :
2432 4296 2486 4342 et
2508 4303 2669 4356 supra
2693 4300 2908 4339 omnem
2940 4285 3211 4339 notionem
3243 4283 3417 4338 fertur
3445 4282 3794 4352 pulchritudo

2206 4379 2325 4449 ejus
2351 4395 2476 4448 quae
2505 4393 2667 4448 supra
2703 4387 2951 4432 naturam
2982 4383 3102 4441 est,
3137 4385 3189 4430 et
3224 4375 3392 4430 deleri
3427 4389 3534 4432 non
3567 4387 3744 4447 potest
3777 4396 3792 4430 :

2204 4479 2259 4526 et
2287 4486 2319 4526 a
2354 4486 2414 4526 se
2442 4469 2556 4526 sola
2589 4468 2720 4539 quid
2751 4469 2824 4524 sit
2852 4467 3151 4523 secundum
3183 4477 3470 4534 naturam,
3500 4471 3793 4540 cognosci-

524 4570 653 4627 tate,
687 4575 810 4629 qua:
865 4575 1028 4631 supra
1077 4565 1444 4620 substantiam
1497 4574 1603 4632 est,
1657 4579 1833 4636 neque
1888 4565 2104 4623 bonitas
2138 4583 2182 4638 ι)
2213 4574 2320 4619 tur.
2352 4563 2584 4618 Sanctus
2619 4560 2914 4632 Gregorius
2939 4558 3244 4632 Nyssenus,
3284 4561 3338 4615 in
3375 4561 3796 4621 Commentariis

589 4740 642 4818 '.'.
683 4737 1095 4818 Philippauﬁ.
1172 4741 1218 4776 "
1275 4745 1538 4814 Joan.xt,
1580 4749 1671 4806 25.
1748 4727 2102 4818 “locum

2257 4753 2302 4782 ⁷⁸
2329 4750 2712 4816 Ρεε1.‹;ιιι,24.
2789 4749 2839 4783 ’⁸
2870 4748 3081 4804 Coloss.
3108 4759 3148 4807 ι,
3175 4744 3260 4801 l6.
3340 4744 3420 4802 "l
3445 4743 3605 4801 Joan.
3643 4750 3785 4814 xt,8.

520 4807 567 4840 τη
593 4809 784 4866 Matth.
814 4807 890 4880 si,
911 4811 1002 4870 27.

521 5037 853 5114 nominatur.
879 5037 1028 5114 Quid
1057 5047 1248 5114 natura
1283 5038 1355 5092 sit
1387 5036 1816 5114 Deustintelligi
1850 5054 1955 5092 non
1991 5052 2095 5114 po-

525 5116 668 5178 test;
703 5107 802 5178 nec
840 5107 927 5178 Itic
955 5108 1246 5177 Gregorius
1274 5107 1627 5178 contradicit,
1659 5107 1857 5178 qui'in
1905 5107 2097 5164 eodem

524 5176 664 5231 libro
695 5177 771 5231 ait
799 5196 812 5230 :
839 5177 974 5242 Ouid
1005 5176 1253 5246 oporteat
1305 5178 1477 5230 solum
1508 5181 1572 5231 de
1605 5176 1712 5232 Deo
1740 5191 2096 5246 cognoscere,

526 5247 728 5302 scilicet
763 5248 894 5301 nihil
924 5262 1112 5300 eorum
1145 5261 1270 5302 esse
1300 5262 1421 5316 quae
1452 5247 1687 5301 humana
1720 5263 1873 5302 mens
1896 5261 2099 5311 cogno-

526 5329 680 5370 scere
710 5327 907 5383 potest.
943 5316 1231 5388 Signiticat
1255 5317 1418 5388 igitur
1469 5317 1555 5388 hic
1599 5316 1895 5388 Gregorius
1927 5317 2095 5388 Deum

523 5401 588 5440 ex
608 5388 914 5457 creaturis,
943 5385 1079 5457 quas
1113 5385 1486 5454 intelligimus,
1537 5385 1762 5457 intelligi
1795 5388 1936 5456 quod
1984 5387 2054 5440 sit
2082 5427 2095 5448 ,

525 5454 693 5526 etilla
726 5472 848 5511 esse
881 5454 1175 5514 secundum
1201 5470 1442 5518 causam.
1471 5465 1589 5510 esto
1619 5454 1979 5526 perfectiones
2015 5472 2109 5514 no-

527 5524 775 5596 minibus
796 5527 886 5580 Dei
916 5527 1245 5593 signiﬁcatas
1289 5529 1397 5580 Deo
1445 5524 1684 5595 proprie,
1731 5534 1786 5580 et
1835 5528 2008 5596 prius,
2053 5536 2107 5582 et

526 5595 891 5650 essentialiter
928 5596 1254 5661 convenire,
1289 5607 1342 5648 ct
1391 5613 1419 5649 a
1472 5597 1738 5650 creaturis
1783 5595 2098 5666 participari

527 5671 734 5736 certum
777 5675 881 5731 est,
928 5675 982 5720 et
1015 5667 1065 5719 in
1097 5681 1159 5721 ea
1191 5667 1530 5729 excellentia,
1585 5669 1636 5720 in
1681 5682 1784 5736 qua
1837 5665 1944 5722 Deo
1976 5665 2102 5722 con-

530 5735 775 5805 Veniunt,
807 5751 912 5788 non
945 5751 1098 5804 posse
1121 5751 1150 5791 a
1181 5738 1338 5791 nobis
1367 5735 1609 5805 intelligi.

606 5805 682 5874 (ι)
713 5803 957 5877 Cognitio
987 5820 1091 5862 non
1127 5807 1477 5878 cognoscitur
1508 5803 1684 5877 primo
1719 5807 1783 5861 ab
1822 5807 2096 5866 intellectu

2009 4906 2282 4971 Scholia.

2199 5038 2434 5091 humano
2464 5047 2854 5106 cognoscente,
2888 5035 3014 5106 quia
3041 5037 3276 5105 primum
3324 5035 3597 5105 objectum
3638 5033 3796 5088 intel-

2199 5106 2369 5161 lectus
2397 5109 2564 5162 nostri
2603 5108 2655 5161 in
2685 5107 2936 5174 praesenti
2962 5117 3107 5162 statu
3142 5117 3225 5163 est
3249 5123 3346 5162 ens
3376 5117 3430 5162 et
3457 5118 3643 5159 verum
3666 5119 3798 5156 con-

2198 5177 2494 5247 sideratum
2559 5178 2811 5247 iurebus
2853 5178 3266 5241 materialihus;
3329 5176 3786 5247 cognitioautcm

2200 5255 2283 5300 est
2315 5245 2715 5318 imntaterialis,
2747 5257 2801 5300 et
2824 5249 2961 5318 ideo
2979 5249 3328 5318 cognoscitur
3359 5242 3780 5318 postultjeetntn

2201 5317 2483 5387 materiale
2506 5319 2658 5387 prius
2678 5317 2957 5385 cognitum
2982 5337 2996 5383 ;
3024 5312 3199 5386 n'eque
3247 5312 3598 5382 cognoscitur
3626 5312 3788 5365 simul

2203 5400 2326 5462 cum
2354 5386 2834 5462 objectocognito,
2872 5389 3198 5462 ut‘cognitio
3230 5387 3426 5458 lapidis
3457 5396 3790 5462 nonettgno-

2206 5455 2378 5508 5citur
2423 5452 2583 5526 simul
2631 5452 2754 5512 cum
2803 5457 3002 5526 lapide,
3032 5452 3158 5526 quia
3187 5452 3516 5526 cognoscere
3561 5452 3792 5518 lapidem

2205 5539 2310 5578 non
2340 5537 2423 5579 est
2458 5525 2723 5596 perfectio
2772 5525 2973 5596 lapidis
3011 5525 3484 5597 cngnitifalloqui
3515 5538 3625 5576 ttno
3668 5533 3792 5575 actu

2205 5606 2643 5667 cognosceretur,
2681 5598 2826 5652 sicut
2881 5599 3230 5667 cognoscitur
3256 5611 3362 5649 uno
3395 5603 3520 5648 actu
3540 5609 3635 5667 res
3659 5606 3793 5667 cum

2202 5662 2534 5732 perfectione
2583 5681 2723 5733 sua;
2757 5668 2897 5722 sicut
2947 5662 3170 5737 angelus
3225 5679 3333 5719 uno
3365 5662 3796 5737 actugintelligit

2199 5749 2353 5788 suam
2379 5737 2705 5805 essentiam,
2746 5746 2800 5791 et
2825 5751 2982 5799 suum
3023 5735 3350 5805 intelligere,
3379 5735 3636 5805 quodest
3665 5748 3761 5805 p0:
3779 5759 3792 5769 -

2199 5805 2359 5861 lectio
2388 5806 2640 5864 essentia:
2687 5800 2825 5875 ejus,
2847 5822 2912 5864 cx
2932 5805 2989 5860 S.
3014 5800 3252 5862 Thomft
3288 5819 3367 5874 p.,
3397 5800 3452 5874 ξι.
3475 5803 3562 5869 87,
3596 5800 3702 5861 art.
3732 5800 3789 5856 5.
