4082 6436
379 399 485 465 983

1545 402 1580 463 Ῑ
1584 398 1736 462 ΟᾹΝ
1740 400 1791 462 Ν
1799 398 1870 461 IS
1909 399 2480 472 CYPARISSIOT/E

3551 418 3657 483 984

378 493 541 583 quam
569 513 660 585 qui
684 519 804 571 est:
846 526 1018 585 quare
1045 512 1090 570 si
1121 520 1244 570 cum
1272 511 1529 585 intelligit
1551 527 1611 571 se
1644 514 1843 584 ipsum,
1878 514 1961 566 in-
1991 512 2037 570 Α
2067 533 2245 593 neque
2292 541 2552 595 movens;
2592 543 2768 600 neque
2808 532 3160 601 principium,
3201 535 3282 589 vel
3339 534 3523 602 tinem,
3571 539 3655 592 vel

380 605 568 676 lclligi-t
598 621 719 677 qua:
768 615 916 675 sunt,
950 607 1064 676 ipse
1091 614 1177 663 est
1233 619 1295 661 ea
1325 621 1447 678 quae
1472 614 1641 673 sunt;
1692 613 1788 662 aut
1816 605 1964 660 enim

378 697 640 768 intelliget
654 713 715 753 ea
734 713 853 770 qua
866 698 994 757 alibi
1012 706 1160 766 sunt,
1179 710 1272 755 aut
1285 713 1405 771 quia
1425 699 1482 755 in
1499 715 1555 757 se
1573 700 1691 768 ipso
1707 707 1965 769 tanquam

374 806 508 847 sua:
544 799 664 863 Quae
697 791 826 848 alibi
860 802 1007 860 sunt,
1044 807 1153 849 non
1183 800 1367 864 potest
1418 793 1536 848 ﬁeri
1567 800 1629 848 ut
1658 789 1961 860 intelligat;

376 884 465 936 ubi
502 884 644 940 enim
675 883 840 943 sunt?
875 899 944 939 an
971 884 1022 941 in
1058 886 1125 941 iis
1161 900 1285 955 quae
1323 886 1424 946 sub
1468 898 1692 944 sensum
1724 881 1967 939 cadunt?

375 984 429 1028 at
455 990 574 1045 quae
595 975 695 1033 sub
722 991 949 1031 sensum
981 978 1210 1045 eadunt,
1236 993 1344 1033 non
1369 985 1523 1042 sunt,
1569 985 1760 1045 utpote
1784 983 1963 1029 muta-

371 1067 523 1132 bilia,
546 1075 599 1122 et
625 1077 805 1124 ortum
843 1076 1005 1139 atque
1027 1069 1308 1125 interitum
1346 1068 1642 1139 capientia.
1670 1066 1743 1122 Se
1776 1067 1957 1138 igitur,

369 1170 422 1213 et
449 1159 500 1213 in
523 1174 584 1214 se
612 1160 894 1232 intelligit;
923 1162 1052 1233 quia
1094 1176 1224 1217 vero
1248 1160 1393 1217 Deus
1430 1168 1624 1216 auctor
1654 1168 1739 1216 est
1771 1173 1960 1214 eorum

364 1266 488 1319 quae
511 1259 642 1307 sunt
670 1295 685 1321 ,
716 1252 761 1308 si
789 1253 844 1308 in
873 1267 936 1309 se
981 1267 1044 1308 ea
1088 1269 1196 1309 non
1227 1252 1501 1323 intelligit,
1534 1240 1876 1322 intelligeqin
1898 1264 1961 1305 eo

364 1343 511 1413 quod
537 1344 783 1403 nondum
822 1355 929 1401 est.
957 1347 1025 1403 At
1077 1344 1193 1419 ipse
1230 1346 1585 1416 archetypum
1628 1353 1736 1409 est,
1767 1343 1820 1398 id
1853 1352 1955 1408 est,

362 1434 599 1506 primum
643 1435 924 1506 exemplar
969 1436 1235 1494 universi.
1268 1442 1320 1491 et
1349 1451 1470 1507 qua:
1529 1434 1809 1504 intelligit,
1846 1449 1953 1489 non

363 1620 510 1687 aliis,
547 1613 646 1678 se‘d
697 1618 880 1691 p0tius
940 1619 1056 1690 ipse
1095 1629 1178 1675 est
1211 1618 1493 1688 exemplar
1524 1632 1730 1674 rerum.
1778 1617 1960 1684 Quare

362 1727 467 1771 nec
487 1713 605 1780 ipse
621 1721 705 1769 est
723 1711 777 1768 in
806 1712 949 1779 loco,
977 1727 1154 1783 neque
1175 1728 1294 1783 quae
1311 1713 1365 1767 in
1391 1712 1510 1780 ipso
1528 1717 1677 1777 sunt,
1701 1719 1957 1781 tanquam

367 1804 421 1859 in
461 1803 583 1861 loco
634 1812 783 1870 sunt,
820 1804 916 1861 sed
954 1805 1117 1863 habet
1150 1819 1213 1861 ea
1247 1813 1304 1860 ut
1336 1820 1394 1861 se
1423 1804 1605 1875 ipsum
1643 1801 1878 1868 habens,
1903 1808 1959 1857 et

364 1896 420 1952 in
444 1896 523 1954 eis
549 1896 850 1964 exsistens;
873 1897 1124 1953 omnibus
1155 1896 1376 1968 quidem
1430 1895 1593 1952 simul
1633 1893 1951 1951 exsistenti-

361 1987 488 2057 bus,
552 1989 687 2045 etin
742 1987 1053 2059 impartibili
1125 1988 1176 2042 in
1210 1987 1327 2058 ipso
1381 1984 1952 2052 exsistentlbus,dis-

362 2079 547 2139 tinctis
592 2094 727 2138 vero
772 2080 825 2137 in
854 2080 1168 2154 impartibili
1200 2079 1624 2151 impartibiliter.
1659 2077 1828 2161 Igitur
1854 2092 1953 2135 no-

360 2172 540 2228 tiones
569 2174 688 2242 ejus
704 2180 831 2228 sunt
860 2188 974 2241 res,
998 2189 1086 2231 res
1107 2181 1290 2230 autem
1314 2173 1501 2231 forma;
1525 2184 1673 2243 sunt,
1700 2176 1950 2231 notiones

359 2276 494 2319 vero.
514 2277 619 2318 non
661 2263 1101 2335 sic'accipienda:
1151 2273 1301 2333 sunt,
1340 2275 1401 2322 ut
1439 2264 1569 2336 quia
1602 2266 1707 2322 hoc
1735 2264 1950 2322 intelle-

359 2354 460 2421 xit,
492 2353 594 2409 fuit
632 2353 772 2422 hoc;
805 2355 1117 2424 huiusmodi
1147 2357 1290 2413 enim
1321 2356 1603 2413 notionem
1643 2365 1859 2427 oportet
1890 2364 1952 2411 ut

360 2453 736 2511 antegressum
774 2447 845 2502 sit
871 2446 1078 2517 aliquid
1108 2449 1253 2519 quod
1289 2447 1636 2521 intelligitur,
1688 2450 1836 2519 quod
1873 2451 1951 2505 fe-

359 2536 437 2595 cit
465 2545 522 2592 ut
551 2536 670 2608 ipse
697 2537 1067 2609 intelligeret;
1125 2540 1218 2596 sed
1277 2541 1461 2610 potius
1516 2541 1789 2613 intelligit,
1831 2556 1953 2612 quae

360 2641 514 2699 sunt,
537 2645 735 2702 nempe
754 2631 1064 2703 intelligens
1090 2648 1151 2697 se
1184 2633 1388 2704 ipsum,
1417 2644 1616 2697 etcum
1647 2635 1715 2692 iis
1737 2649 1859 2706 quae
1894 2636 1949 2691 in

358 2721 483 2793 ipso
526 2720 734 2789 insunt,
757 2722 1065 2793 copulatus.
1119 2723 1195 2779 Ex
1229 2724 1313 2781 his
1341 2725 1536 2795 liquet,
1568 2728 1714 2798 quod
1751 2726 1804 2781 in
1827 2727 1952 2782 uni-

363 2825 495 2881 tate,
524 2830 646 2886 quaa
677 2830 842 2887 supra
866 2816 1231 2872 substantiam
1262 2827 1368 2884 est,
1398 2834 1508 2875 non
1553 2828 1773 2890 oportet
1800 2835 1951 2892 «pite-

362 2920 487 2963 rere
516 2906 771 2974 multa,et
797 2898 1184 2978 diversa,quaz
1219 2910 1271 2963 in
1304 2908 1421 2979 ipsa
1462 2919 1814 2981 spectantur:
1841 2913 1950 2982 pri-

360 3014 512 3055 num
546 2999 787 3069 quidem,
807 3000 934 3071 quia
960 2992 1566 3070 naturadiﬂ‘erentinm,
1590 3004 1948 3073 quantitatem

359 3097 417 3151 et
448 3083 740 3145 numerum
774 3090 983 3147 inducit
1007 3092 1059 3146 in
1083 3093 1339 3164 simplici,
1359 3105 1412 3151 et
1442 3094 1559 3152 sine
1602 3096 1951 3165 confusione,

2072 621 2307 675 medium
2345 620 2575 687 habens,
2618 636 2716 677 nec
2752 624 2804 678 in
2849 625 3101 696 quopiam
3130 641 3318 682 eorum
3358 643 3479 697 quae
3506 643 3655 694 sunt.

2070 720 2186 779 est;
2214 727 2390 784 neque
2420 715 2717 786 quidquam
2750 731 2939 773 eorum
2975 726 3097 785 est;
3140 733 3315 788 neque
3361 723 3579 791 penitus
3603 725 3653 779 ei

2072 805 2325 861 convenit
2354 806 2648 877 quidquam
2678 823 2866 864 eorum
2902 824 3024 881 quae
3055 811 3108 865 in
3138 825 3253 866 aevo
3294 821 3390 867 aut
3421 815 3473 869 in
3519 827 3655 870 tem-

2069 913 2198 966 pore
2224 899 2529 968 exsistunt;
2562 902 2692 972 quin
2730 902 2910 974 potius
2935 913 3092 961 extra
3128 913 3365 977 tempus,
3392 915 3442 963 et
3478 923 3653 964 saecu-

2066 989 2198 1056 lum,
2247 990 2364 1048 sivc
2406 1006 2606 1060 aevum,
2653 1003 2708 1048 et
2752 1002 2904 1051 extra
2938 997 3123 1051 omnia
3171 1011 3290 1067 quae
3326 1001 3379 1053 in
3427 1003 3654 1068 saeculo,

2067 1089 2157 1134 aut
2189 1090 2434 1149 tempore
2465 1091 2614 1146 sunt,
2639 1091 2721 1140 est
2746 1103 2761 1152 ;
2789 1084 2914 1155 quia
2948 1085 3122 1155 ipsum
3154 1103 3249 1158 per
3280 1103 3338 1144 se
3366 1106 3564 1156 avum,
3597 1103 3651 1149 et

2066 1173 2243 1239 ipsum
2279 1186 2375 1244 per
2408 1189 2467 1231 se
2506 1183 2745 1245 tempus,
2774 1185 2827 1233 et
2858 1193 2982 1248 quae
3006 1190 3153 1246 sunt,
3179 1189 3232 1236 et
3265 1196 3385 1249 qua:
3412 1184 3502 1239 illa
3534 1201 3655 1255 quae

2066 1276 2212 1329 sunt,
2250 1266 2573 1333 metiuntur,
2596 1270 2781 1325 omnia
2815 1285 2911 1339 per
2941 1271 3144 1342 ipsum,
3172 1282 3225 1328 et
3251 1277 3318 1328 ab
3345 1273 3485 1345 ipso.
3514 1279 3653 1333 Sau-

2066 1369 2184 1415 ctus
2225 1359 2512 1429 Maximus,
2535 1364 2589 1417 in
2612 1365 2860 1420 centuria
2881 1365 3079 1436 prima,
3107 1382 3225 1438 cap.
3246 1370 3303 1436 7,
3332 1371 3412 1425 ait
3438 1390 3450 1428 :
3476 1371 3650 1430 Omne

1969 1507 1991 1533 ,ἑ
2063 1453 2385 1523 principium
2434 1464 2490 1512 et
2528 1455 2790 1525 medium,
2819 1467 2874 1513 et
2920 1457 3043 1514 finis
3099 1475 3206 1516 non
3253 1477 3650 1535 usquequaque

364 1526 566 1598 accipit
599 1541 784 1599 eorum
820 1536 995 1600 typos,
1030 1527 1083 1583 id
1121 1535 1205 1583 est
1229 1530 1465 1596 species,
1494 1525 1610 1582 sive
1655 1524 1858 1580 formas
1890 1524 1991 1579 ab'

2064 1555 2265 1615 negant
2312 1545 2443 1616 quin
2489 1548 2786 1602 secundum
2837 1547 3210 1605 habitudinem
3259 1553 3647 1623 prtedicentur,

2064 1637 2205 1694 Deus
2236 1649 2417 1692 autem
2454 1641 2505 1694 in
2542 1637 2855 1695 universum
2883 1642 3030 1697 omni
3084 1643 3400 1700 habitudine
3433 1646 3646 1703 inﬁnite

2061 1728 2116 1785 in
2162 1730 2432 1786 inﬁnitum
2482 1732 2732 1801 superior
2782 1714 3049 1802 cum‘sit,
3088 1746 3519 1793 consentaneum
3553 1751 3634 1795 est

2062 1830 2147 1878 ιιι·
2173 1836 2348 1890 neque
2380 1822 2733 1894 principium,
2770 1839 2946 1896 neque
2995 1825 3259 1893 medium,
3308 1843 3475 1900 neque
3505 1831 3625 1886 linis

2060 1914 2167 1980 sit;
2203 1928 2379 1984 neque
2407 1913 2703 1984 quidquam
2737 1915 2961 1972 omnino
2996 1915 3161 1973 habet
3190 1930 3395 1986 eorum,
3437 1918 3490 1972 in
3512 1920 3630 1990 qui-

2060 2007 2160 2064 bus
2212 2016 2406 2065 natura
2446 2008 2747 2083 secundum
2804 2008 3177 2067 habitudinem
3232 2011 3536 2080 praedicatio
3565 2011 3633 2065 ad

2060 2098 2266 2171 aliquid
2303 2101 2453 2155 cerni
2485 2108 2684 2172 potest.
2716 2099 2861 2157 idem
2896 2101 2952 2156 in
2981 2101 3175 2159 eadem
3200 2102 3474 2165 centuria,
3515 2117 3637 2173 cap.

2059 2193 2129 2250 82
2160 2212 2172 2249 :
2208 2191 2402 2250 Omnis
2435 2194 2671 2265 cognitio
2700 2193 2866 2250 habet
2897 2194 3354 2273 signiﬁcationem
3391 2195 3645 2269 multitu-

2059 2284 2202 2351 dinis
2226 2292 2286 2340 ut
2317 2284 2600 2340 minimum
2639 2283 2910 2353 duorum;
2962 2284 3140 2340 media
3187 2287 3333 2340 enim
3369 2294 3453 2342 est
3485 2287 3643 2343 habi-

2063 2381 2192 2434 tudo
2214 2380 2442 2433 duorum
2482 2386 2876 2441 extremorum,
2904 2392 3029 2449 quae
3061 2378 3205 2435 inter
3228 2394 3288 2436 se
3310 2380 3528 2449 copulat
3562 2379 3647 2436 in-

2061 2473 2415 2542 telligentem,
2466 2480 2521 2528 et
2582 2486 2696 2528 rem
2760 2470 3093 2526 intellectam
3132 2488 3146 2527 :
3183 2477 3437 2527 neutrum
3498 2472 3644 2529 enim

2060 2571 2237 2635 potest
2257 2578 2651 2635 usquequaque
2671 2578 2892 2620 servare
2918 2563 3347 2635 simplicitatem,
3373 2568 3500 2635 quia
3521 2581 3642 2623 cum

2062 2671 2127 2713 eo
2171 2657 2263 2728 qui
2296 2666 2401 2722 est,
2437 2656 2675 2728 aliquam
2709 2671 2826 2713 rem
2864 2655 3171 2727 subiectam
3206 2657 3539 2729 intelligens,
3573 2660 3650 2714 si-

2062 2748 2172 2809 mul
2215 2749 2489 2821 cegitatur
2536 2749 2741 2821 habere
2795 2758 3122 2819 potestatem
3177 2749 3556 2821 intelligendi:
3590 2761 3651 2807 et

2061 2842 2204 2911 quod
2257 2842 2580 2911 intelligitur
2633 2840 2942 2912 subjectum
2995 2842 3268 2912 quoddam
3321 2852 3423 2904 est,
3460 2844 3542 2899 vel
3590 2844 3648 2897 in

2062 2933 2326 3002 subjecto,
2367 2948 2487 2989 eum
2516 2949 2624 3004 quo
2669 2934 2832 2990 simul
2877 2934 3146 3005 cogitatur
3172 2935 3312 3007 quod
3344 2936 3516 3004 possit
3566 2936 3648 2990 in-

2063 3025 2253 3097 telligi,
2277 3034 2369 3080 aut
2399 3026 2667 3096 cogitatur
2712 3027 2877 3082 simul
2912 3026 3273 3097 praesubjecta
3319 3026 3647 3092 substantia,

2061 3121 2213 3186 cujus
2242 3125 2326 3172 est
2354 3125 2635 3185 potestas;
2669 3132 2775 3173 non
2803 3116 2946 3174 enim
2971 3113 3057 3173 est
3083 3131 3169 3172 res
3193 3116 3379 3187 aliqua
3403 3118 3646 3182 omnino,

360 3190 417 3245 et
441 3181 714 3245 divisione
741 3199 849 3252 uno
871 3192 929 3239 et
965 3193 1113 3253 toto;
1144 3184 1412 3253 secundo,
1444 3189 1572 3257 quia
1605 3190 1788 3246 omnia
1829 3206 1952 3262 quae

2062 3181 2180 3276 qua:
2205 3205 2322 3276 ipsa
2352 3181 2450 3273 per
2479 3218 2539 3260 se
2570 3181 2643 3262 sit
2687 3206 2922 3277 simplex
2953 3181 3304 3266 substantia.-
3326 3214 3425 3261 aut
3464 3206 3650 3278 cogni-

312 3329 321 3339 ,
366 3273 425 3335 in
454 3274 571 3344 ipsa
604 3275 884 3341 dicuntur,
920 3286 1044 3330 sunt
1073 3278 1249 3331 divina
1286 3289 1336 3335 et
1361 3279 1514 3335 beata
1550 3282 1665 3352 ejus
1696 3285 1954 3340 substan-

367 3368 466 3436 tia,
500 3377 693 3438 utpote
726 3384 845 3439 (ξενίη
886 3381 971 3426 est
994 3372 1227 3427 essentia
1284 3388 1348 3428 ex
1384 3375 1632 3444 pluribus
1672 3357 1725 3432 in
1790 3395 1955 3434 unam

360 3461 632 3526 unitatem
665 3463 1177 3532 congregatismmni
1198 3465 1500 3529 diﬂ'erentia
1538 3471 1793 3527 omnibus
1826 3488 1949 3529 mo-

364 3553 451 3619 dis
508 3555 563 3610 in
607 3556 949 3626 congregatis
975 3557 1219 3613 sublata:
1245 3569 1299 3613 et
1327 3575 1449 3629 qua;
1479 3562 1618 3617 inest
1644 3563 1697 3617 in
1731 3562 1815 3619 his
1842 3565 1959 3619 sine

364 3647 706 3714 habitudine,
727 3655 785 3705 et
818 3650 1194 3719 singulariter,
1227 3661 1402 3709 etnon
1434 3665 1691 3726 tauqttam
1722 3656 1954 3712 alterum

361 3742 630 3807 inialtero,
649 3743 743 3799 sed
771 3745 1006 3801 maxime
1031 3761 1361 3817 supraquam
1384 3748 1653 3818 copulate,
1685 3750 1831 3806 nulla
1859 3751 1961 3808 du-

361 3830 885 3905 plicatione'posita;
922 3826 1036 3891 ‘ncc
1062 3840 1208 3893 enim
1260 3843 1595 3911 tanquamin
1619 3844 1738 3899 loco
1774 3847 1957 3900 omnia

362 3926 702 3996 exemplaria
741 3942 924 3982 rerum
962 3929 1125 3984 habet
1162 3931 1342 3986 unitas
1360 3947 1525 4001 supra
1561 3936 1975 4005 substantiam,.

366 4033 470 4087 nec
502 4018 620 4089 ipsa
659 4020 853 4076 horum
886 4020 1040 4076 locus
1078 4022 1335 4091 cﬂicitur,
1372 4025 1465 4081 sed
1494 4027 1675 4097 potius
1713 4028 1875 4086 habet
1898 4045 1959 4085 ea

364 4122 623 4179 tauquam
654 4106 714 4167 s'e
731 4112 901 4181 ipsam
926 4113 1120 4181 habet;
1151 4122 1205 4168 et
1226 4115 1367 4172 inest
1396 4117 1532 4187 ipsis
1561 4128 1815 4188 tanquam
1832 4124 1964 4179 sub-

360 4202 562 4256 stantia
604 4211 661 4257 et
694 4204 952 4270 essentia,
1006 4219 1236 4273 quorum
1270 4220 1385 4265 eest
1425 4212 1732 4267 substantia
1769 4222 1824 4269 et
1873 4230 1964 4271 es-

363 4293 560 4363 sentia,
578 4293 801 4365 solaque
825 4297 1133 4364 purissima,
1151 4309 1203 4353 et
1221 4301 1339 4356 sine
1367 4303 1511 4356 omni
1532 4304 1773 4373 subjecto
1788 4316 1959 4363 actus.

957 4387 1193 4450 CAPUT
1255 4392 1350 4451 IX.

362 4500 519 4580 Quod
548 4501 602 4580 in
634 4501 861 4580 unitate,
889 4520 1007 4573 qua:
1037 4522 1200 4580 supra
1244 4506 1597 4580 substantiam
1653 4518 1752 4571 est,
1791 4525 1954 4580 neque

2065 3295 2160 3359 tio,
2193 3294 2284 3351 ubi
2330 3303 2389 3352 et
2416 3296 2600 3354 unitas
2634 3296 2704 3353 sit
2753 3298 3054 3353 individua.
3105 3297 3247 3355 Deus
3290 3309 3494 3366 autem,
3529 3299 3649 3357 sive

2062 3388 2427 3445 substantiam
2462 3388 2735 3455 dicamus,
2782 3404 2888 3449 non
2937 3388 3101 3447 habet
3137 3398 3458 3461 potestatem
3487 3390 3647 3447 intel-

2064 3483 2284 3555 ligendi,
2319 3498 2440 3553 qna;
2474 3483 2799 3540 naturaliter
2845 3498 2972 3541 cum
3032 3499 3099 3540 eo
3154 3486 3531 3555 intelligatur;
3579 3500 3647 3542 ne

2065 3575 2331 3631 habeatur
2371 3577 2732 3645 compositus,
2786 3577 2905 3633 sive
2957 3578 3207 3636 dicamus
3259 3579 3647 3651 cognitionem,

2068 3684 2171 3724 non
2210 3668 2372 3725 habet
2405 3668 2705 3736 subiectam
2740 3668 3126 3735 substantiam,
3168 3685 3291 3741 quae
3326 3670 3647 3725 naturaliter

2065 3761 2294 3834 recipiat
2324 3761 2720 3832 cognitionem,
2750 3762 2843 3818 sed
2876 3761 2928 3816 id
2958 3765 3136 3831 ipsum
3173 3764 3321 3833 quod
3348 3763 3642 3820 secundum

2064 3853 2427 3927 substantiam
2460 3860 2563 3918 est,
2607 3854 2847 3924 cognitio
2874 3863 2958 3910 est
2990 3854 3155 3918 Deus,
3182 3863 3239 3909 et
3286 3864 3433 3911 totus
3483 3856 3639 3919 Deus,

2067 3952 2122 3998 et
2154 3943 2366 4011 solum;
2408 3952 2464 3998 et
2489 3944 2608 4013 ipsa
2635 3944 2878 4015 cognitio
2906 3944 3233 4010 substantia,
3258 3955 3315 4000 et
3340 3954 3486 3999 totus
3515 3947 3645 3999 sub—

2068 4035 2289 4103 stantia,
2330 4045 2385 4091 et
2423 4035 2618 4101 solum,
2665 4044 2721 4090 et
2767 4051 2931 4105 supra
2978 4035 3346 4092 substantiam
3391 4045 3557 4103 Ioms,
3591 4044 3647 4091 et

2067 4140 2229 4193 supra
2264 4125 2632 4196 cognitionem
2684 4125 2869 4193 solus;
2901 4125 3026 4196 quia
3085 4128 3267 4182 unitas
3313 4135 3401 4183 est
3451 4124 3650 4182 indivi-

2069 4220 2197 4283 dna,
2237 4233 2438 4288 expers
2491 4219 2684 4289 partis,
2720 4229 2773 4273 et
2817 4219 3065 4289 simptex.
3119 4218 3185 4275 Et
3225 4220 3404 4276 adhuc
3451 4220 3593 4274 idem
3628 4235 3645 4274 :

2070 4310 2213 4366 Deus
2256 4311 2311 4364 in
2346 4320 2580 4381 utroque
2612 4296 2830 4380 penitus
2879 4314 3131 4380 simplex,
3171 4313 3479 4369 substantia
3523 4312 3644 4367 sine

2070 4402 2340 4472 subjecto,
2370 4411 2421 4457 et
2451 4403 2693 4471 cognitio
2725 4418 2829 4458 non
2863 4403 3070 4460 habens
3113 4404 3280 4460 ullum
3316 4405 3475 4475 plane
3516 4405 3646 4460 sub-

2065 4493 2295 4562 jectum.
2342 4494 2577 4551 Sanctus
2618 4495 2874 4566 Cyrillus,
2926 4497 2979 4551 in
3015 4494 3324 4563 Theseuris,
3372 4497 3512 4552 libro
3557 4512 3641 4561 tu,

429 4573 769 4658 principium-
805 4568 922 4642 ejus
979 4568 1209 4658 reperire
1268 4576 1438 4658 ζέσαι).
1472 4593 1635 4658 neque
1695 4568 1949 4658 medium,
1989 4568 2030 4623 θ
2060 4601 2180 4657 cap.
2216 4587 2250 4641 4
2277 4604 2290 4641 :
2319 4586 2563 4642 Primum
2591 4587 2831 4656 quidem,
2858 4589 3057 4658 inquit,
3092 4603 3317 4644 necesse
3349 4598 3434 4643 est
3463 4588 3645 4642 dicere

430 4659 601 4714 neque
646 4644 849 4712 finem;
907 4661 1076 4715 neque
1115 4645 1438 4719 estaliquid
1497 4644 1686 4713 totum,
1717 4650 1846 4719 quia
1897 4667 1953 4705 tu

432 4729 743 4786 tmothque
791 4731 974 4769 eorum
1021 4731 1141 4784 qua:
1191 4717 1583 4786 intelliguntur,
1619 4728 1696 4773 est
1731 4717 1865 4780 tota.
1909 4732 1955 4773 et

437 4783 585 4859 sola;
637 4799 728 4837 nec
783 4795 882 4859 est!
919 4783 1126 4853 aliquid
1189 4783 1380 4859 eorum
1445 4804 1564 4859 qua:
1614 4799 1770 4853 sunt,
1833 4791 1958 4859 quia

433 4854 549 4920 ipsa
597 4866 707 4926 est
741 4857 951 4922 omnia;
1013 4870 1177 4926 neque
1240 4854 1364 4911 licet
1424 4854 1529 4913 uno
1586 4863 1797 4915 nomine
1840 4854 1959 4921 eam

435 4923 733 4993 complecti.

445 5036 675 5106 Magnus
707 5038 1026 5111 Dionysius,
1075 5037 1129 5093 in
1171 5040 1362 5110 quinto
1393 5040 1467 5096 De
1503 5042 1699 5097 divinis
1728 5046 1958 5104 nomini-

376 5127 497 5195 ints,
546 5127 604 5186 ln
641 5144 749 5183 uno
787 5130 958 5197 enim,
1008 5130 1208 5199 inquit,
1241 5140 1301 5185 ut
1337 5144 1711 5199 saepenumero
1755 5135 1957 5191 dictum

386 5231 495 5285 est,
526 5225 710 5281 omnia
751 5237 872 5293 quae
917 5231 1064 5289 sunt,
1089 5223 1391 5292 prazhabet,
1422 5234 1477 5283 ct
1510 5228 1775 5285 exsistere
1803 5229 1953 5297 fecit,

384 5330 630 5384 presens
669 5314 924 5372 omnibus
944 5315 1147 5386 ubique
1173 5320 1470 5375 secundum
1500 5337 1667 5378 unum
1694 5332 1751 5378 et
1788 5323 1957 5391 idem,

379 5417 435 5461 et
470 5407 768 5462 secundum
821 5406 985 5472 idem,
1016 5422 1206 5476 omne;
1261 5410 1312 5466 in
1344 5414 1525 5468 omnia
1577 5429 1786 5482 means,
1817 5427 1869 5471 et
1901 5417 1952 5471 in

376 5511 436 5553 se
473 5512 725 5563 manens,
749 5508 803 5552 Cl
825 5507 1000 5563 stans,
1030 5508 1086 5555 ει
1115 5516 1173 5557 se
1197 5517 1419 5567 movens
1442 5524 1457 5573 ;
1488 5515 1542 5561 et
1572 5520 1752 5578 neque
1780 5518 1957 5575 stans,

375 5635 484 5687 ait.
507 5629 558 5682 6.
586 5628 699 5708 lupo
730 5628 859 5683 dicit
917 5628 1086 5708 Deum
1111 5635 1291 5689 omnia
1315 5636 1417 5701 alia
1467 5652 1494 5691 a
1528 5653 1585 5694 se
1607 5653 1958 5708 cognoscere,

380 5714 501 5749 tlllll
537 5713 596 5751 se
620 5699 802 5778 ipsum
838 5703 1137 5778 qagnoscit,
1168 5716 1240 5778 at
1264 5720 1324 5761 se
1355 5708 1530 5778 ipsum
1563 5699 1959 5778 perfEctissime

379 5771 652 5848 cognoscit
674 5783 689 5833 ;
711 5770 891 5848 igitur
927 5776 1204 5848 cognoscit
1243 5770 1423 5831 omnia
1459 5770 1578 5831 alia"
1622 5791 1651 5831 a
1684 5792 1743 5848 se
1777 5777 1960 5848 perie-

381 5841 643 5906 ctissime,
674 5846 729 5893 et
762 5841 979 5910 quidem
1002 5841 1229 5917 propria
1260 5849 1588 5918 cognitione,
1608 5847 1732 5918 quia
1755 5841 1806 5902 in
1841 5847 1959 5918 ipso

2060 4679 2419 4748 compositum
2447 4694 2569 4735 esse
2615 4677 2783 4735 Deum
2827 4694 2891 4734 ex
2935 4679 3188 4747 diversis,
3222 4680 3415 4751 eisque
3457 4694 3642 4736 secum
3706 4744 3711 4748 δ

2054 4776 2202 4831 inter
2232 4787 2292 4830 se
2318 4773 2473 4829 valde
2507 4774 2900 4844 pugnantibus,
2934 4774 3096 4831 simili
3141 4776 3354 4831 scilicet
3402 4784 3457 4831 et
3488 4774 3647 4831 dissi-

2061 4864 2213 4931 mili;
2256 4878 2378 4935 qua:
2406 4864 2625 4933 quidem
2659 4864 2804 4920 inter
2829 4879 2890 4920 se
2919 4865 2973 4920 in
2998 4879 3106 4919 uno
3140 4864 3389 4933 subjecto
3430 4864 3643 4920 misceri

2060 4967 2116 5013 et
2146 4956 2428 5012 cobterere
2460 4971 2565 5011 non
2600 4966 2849 5027 possunt,
2864 4968 2927 5013 et
2959 4957 3005 5013 si
3030 4973 3095 5013 ex
3124 4965 3284 5027 parte
3318 4957 3534 5022 similis,
3575 4972 3639 5012 ex

2063 5057 2217 5118 parte
2257 5048 2362 5102 alia
2407 5032 2512 5104 non
2559 5048 2922 5116 eritsimilis,
2957 5064 3065 5105 non
3106 5048 3213 5105 erit
3258 5056 3403 5103 totus
3441 5048 3643 5111 lumen,

2064 5155 2239 5209 neque
2267 5148 2416 5196 totus
2448 5128 2673 5207 veritas,
2710 5156 2887 5211 neque
2922 5150 3118 5196 natura
3167 5139 3332 5197 Deus.
3379 5139 3644 5194 Praeterea

2062 5231 2227 5286 etiam
2263 5232 2328 5287 ad
2366 5232 2542 5302 ipsum
2602 5232 2695 5302 qui
2753 5233 2963 5304 genuit,
3015 5231 3262 5286 manabit
3308 5230 3642 5300 blasphemia

2063 5322 2246 5392 gravis
2283 5339 2298 5376 :
2336 5323 2442 5378 erit
2469 5323 2615 5378 enim
2658 5322 2996 5394 compositus
3038 5320 3199 5378 Pater
3230 5337 3295 5379 ex
3341 5321 3644 5379 substantia

2063 5423 2118 5466 et
2139 5421 2404 5484 conceptu
2439 5415 2663 5472 mentis.
2694 5416 2927 5486 Magnus
2953 5414 3209 5487 Basilius,
3240 5415 3380 5472 libro
3409 5413 3644 5471 secundo

2063 5502 2183 5557 Τῶν
2249 5505 2674 5580 ἀνττιρρητςικῶνιι
2748 5506 3053 5578 Siquidem,
3127 5505 3325 5577 inquit,
3389 5513 3646 5579 tanquam

2069 5648 2197 5694 sunt
2232 5639 2646 5711 perfectissime,
2687 5641 2797 5698 imo
2829 5643 2944 5711 ipse
2972 5652 3060 5698 est
3109 5642 3197 5697 illa
3226 5640 3340 5711 ipsa
3372 5638 3554 5695 omnia
3589 5645 3647 5691 ut

2068 5724 2232 5781 causa
2252 5709 2510 5775 elliciens,
2560 5722 2613 5765 et
2635 5709 2997 5780 exemplaris;
3031 5724 3085 5768 et
3119 5715 3232 5781 ipsa
3248 5709 3439 5766 divina
3454 5720 3645 5765 essen-

2066 5780 2137 5853 t_ia
2171 5790 2252 5833 est
2289 5781 2504 5853 propria
2545 5782 2684 5836 ratio
2736 5780 3162 5853 uniuscujusque
3199 5790 3487 5846 creature,
3526 5790 3645 5849 quat

2065 5847 2232 5905 Deum
2263 5847 2753 5923 quomodocunqne
2784 5847 3096 5925 participat}
