4082 6442
366 395 473 459 939

1259 400 1498 460 DECAS
1536 401 1613 461 Χ.
1648 424 1715 437 -
1762 400 1862 461 DE
1907 398 2173 460 DIVINA
2212 401 2768 462 SIMPLICITATE.

3516 398 3624 464 990

368 509 487 566 sllia
524 516 673 572 sunt,
704 524 805 565 nec
827 509 893 564 ad
921 508 1279 578 substantias,
1308 521 1579 582 quatenus
1614 512 1937 569 substantize
1969 516 2011 572 Α
2046 513 2162 567 ﬁeri
2213 524 2413 584 potest,
2447 525 2505 567 ut
2530 530 2651 584 quae
2686 515 2837 570 ﬁnita
2864 523 3014 580 sunt,
3050 521 3429 582 pertranseant
3471 516 3617 583 quod

368 609 493 654 sunt
528 616 543 653 :
575 598 678 653 hoc
719 598 860 654 enim
910 613 1015 654 non
1043 601 1297 655 convenit
1334 599 1465 656 Deo.
1502 598 1613 657 Nos
1643 601 1814 666 enim,
1845 599 1938 669 qui

364 689 620 746 homines
670 705 879 756 sumus,
920 705 980 745 ea
1017 705 1137 759 qua:
1189 706 1350 746 sensu
1396 692 1797 762 percipiuntur,
1849 701 1941 743 ant

367 795 616 856 aspectu,
669 794 763 839 aut
797 792 1043 855 gustatu,
1092 792 1183 837 aut
1211 793 1378 849 tactu,
1425 782 1780 852 intelligimus
1812 783 1940 853 quid

369 880 514 933 sint:
549 893 611 933 ea
650 892 779 933 vero
819 893 941 948 qum
976 877 1087 933 sub
1131 876 1542 947 intelligentiam
1585 878 1811 940 cadunt,
1851 883 1943 928 aut

371 986 465 1040 per
495 970 834 1039 disciplinam
864 970 965 1042 (l),
991 978 1089 1025 aut
1121 970 1446 1033 doctrinam,
1474 973 1580 1024 ‘aut
1610 983 1708 1039 per
1738 967 1941 1022 illumi-

372 1065 647 1118 nationem
694 1065 1099 1135 cognoscimus.
1152 1063 1295 1121 Deus
1347 1074 1532 1119 autem
1583 1062 1729 1116 nullo
1781 1059 1942 1114 modo

367 1170 431 1210 ex
474 1157 596 1212 istis
629 1158 780 1211 novit
810 1170 873 1211 ea
904 1171 1026 1226 qua:
1073 1165 1222 1221 sunt,
1255 1155 1350 1211 sed
1383 1155 1567 1226 potius
1618 1168 1683 1208 ex
1735 1168 1795 1207 se
1822 1152 1943 1223 ipso

365 1245 731 1315 cognitionem
792 1246 1032 1299 omnium
1080 1245 1265 1312 habet,
1312 1246 1417 1301 hoc
1462 1245 1609 1300 enim
1667 1243 1944 1311 significat

365 1334 707 1391 subobscure
736 1332 1045 1405 Scriptura,
1087 1351 1207 1406 quae
1256 1337 1377 1392 ait:
1420 1334 1525 1401 Qui
1574 1335 1715 1389 novit
1759 1334 1940 1389 omnia

366 1437 644 1497 antequam
668 1429 855 1498 ﬁerent
888 1430 957 1492 ἰ,
987 1431 1131 1496 quod
1157 1428 1378 1498 quidem
1413 1429 1673 1492 declarat,
1708 1442 1815 1482 non
1850 1441 1941 1482 se-

364 1518 603 1573 cundum
652 1519 920 1574 rationem
972 1520 1352 1593 productionis
1388 1534 1578 1575 eorum
1628 1519 1845 1573 novisse
1876 1532 1940 1572 ea

365 1607 531 1662 Deum
585 1607 882 1665 secundum
947 1625 1173 1667 sensum
1215 1620 1321 1666 aut.
1368 1609 1801 1681 intelligentiam,
1845 1608 1941 1664 sed

365 1697 546 1763 potius
579 1712 743 1768 supra
764 1714 979 1756 omnem
1008 1716 1227 1757 sensum
1259 1710 1313 1757 et
1339 1681 1755 1769 intelligentiam
1797 1700 1849 1754 in
1884 1715 1943 1753 se

364 1797 573 1844 tantum
609 1790 850 1847 intuens.
902 1790 1048 1849 Idem
1080 1793 1279 1849 ibidem
1312 1809 1330 1849 :
1365 1792 1499 1861 Quae
1534 1803 1687 1859 sunt,
1735 1795 1938 1865 inquit,

361 1881 413 1934 id
436 1890 520 1937 est
549 1892 835 1949 creatura,
875 1898 982 1938 non
1013 1894 1241 1954 possunt
1286 1858 1452 1954 supra
1493 1858 1745 1939 naturam
1780 1858 1935 1939 suam
1968 1858 2016 1919 Β

362 1973 489 2027 ferri
535 1974 932 2044 intelligendo:
973 1986 1342 2032 consentanea
1407 1977 1575 2046 igitur
1606 1991 1732 2032 cum
1782 1976 1837 2029 in
1877 1991 1939 2033 se

362 2063 665 2129 intuentur,
731 2065 973 2121 divinam
1025 2077 1278 2121 naturam
1334 2069 1586 2137 ignorant
1638 2068 1937 2123 secundum

356 2148 488 2208 illud
516 2154 659 2223 quod
687 2156 804 2226 ipsa
849 2167 931 2212 est
961 2174 979 2227 ;
1020 2158 1101 2213 sic
1137 2157 1304 2229 igitur
1333 2158 1519 2213 divina
1554 2168 1748 2213 natura
1790 2160 1843 2214 in
1879 2175 1939 2217 se

360 2243 533 2312 ipsam
566 2246 806 2315 intuens,
836 2263 943 2305 non
979 2249 1129 2305 novit
1172 2250 1226 2305 in
1266 2264 1327 2306 se
1372 2266 1493 2307 esse
1534 2261 1817 2307 creaturas
1851 2267 1939 2308 se-

360 2338 600 2391 cundum
637 2338 904 2395 rationem
944 2342 1268 2398 substantiae
1298 2358 1488 2399 eorum
1518 2344 1634 2417 (2);
1666 2344 1767 2401 hoc
1793 2345 1934 2401 enim

358 2432 687 2501 signiﬁcavit
730 2450 854 2491 cum
904 2437 1047 2493 dixit
1082 2453 1098 2493 :
1132 2439 1412 2507 Quatenus
1456 2451 1611 2511 sunt,
1663 2443 1937 2513 siquidem

360 2533 444 2578 est
494 2539 658 2594 supra
691 2528 878 2582 omnia
926 2544 1048 2599 qnte
1092 2541 1245 2595 sunt,
1300 2542 1356 2587 et
1390 2532 1568 2602 ipsum
1599 2548 1725 2589 esse
1771 2550 1936 2602 supra

362 2616 735 2673 substantiam'
753 2622 938 2687 habet,
961 2622 1121 2679 aliter
1139 2626 1291 2680 enim
1323 2640 1486 2683 nemo
1518 2627 1661 2684 dicet
1682 2628 1937 2697 ignorare

364 2705 530 2761 Deum
581 2719 858 2766 creaturas
906 2727 1057 2768 suas.
1109 2714 1185 2769 Ex
1221 2714 1421 2785 quibus
1461 2717 1521 2772 iit
1562 2717 1933 2784 manifestum,

360 2802 504 2871 quod
532 2803 715 2859 unitas
736 2821 903 2875 supra
932 2807 1320 2873 substantiam,
1342 2811 1412 2866 ab
1442 2811 1696 2866 omnibus
1720 2812 1939 2867 abstra-

357 2905 443 2950 cta
477 2904 581 2961 est,
627 2906 682 2957 et
710 2912 871 2966 supra
902 2900 1085 2954 omnia
1117 2909 1243 2967 est;
1272 2902 1559 2957 immensis
1602 2905 1749 2958 enim
1784 2920 1937 2960 men-

355 2990 525 3053 suris,
553 2996 608 3045 et
645 3004 768 3057 qua:
814 2991 1051 3049 conferri
1103 3008 1210 3048 non
1257 3004 1510 3063 possunt,
1549 3009 1727 3051 causa
1770 3014 1935 3067 supra

356 3081 583 3137 eﬂ'ectus
623 3082 873 3139 locantur
900 3084 1004 3156 ('5),
1042 3094 1099 3141 et
1132 3086 1471 3155 eximuntur,
1505 3098 1561 3144 et
1605 3089 1673 3145 ab
1711 3090 1794 3145 eis
1835 3092 1932 3143 ab-

356 3181 503 3240 sunt,
545 3182 604 3229 ut
632 3188 779 3245 saepe
826 3175 1033 3232 dictum
1063 3185 1168 3233 est.
1214 3177 1498 3242 Quomodo
1529 3179 1674 3235 enim
1718 3189 1935 3235 creatu-

357 3279 450 3328 ras,
486 3273 539 3320 et
574 3265 738 3330 facta,
778 3274 833 3323 et
862 3282 1200 3338 quaecunque
1228 3270 1496 3325 vocabulo
1522 3272 1730 3325 entium
1760 3271 1932 3339 signi-

360 3356 609 3424 licantur,
657 3356 892 3413 conferri
929 3371 1157 3426 possunt
1186 3374 1309 3415 cum
1362 3372 1575 3426 natura,
1623 3376 1745 3431 qua:
1792 3362 1929 3415 ultra

354 3449 537 3503 omnia
573 3450 697 3506 est?
730 3449 883 3506 Unde
914 3453 1302 3508 convenienter
1332 3453 1456 3517 sibi,
1490 3469 1653 3508 causa
1684 3455 1928 3508 omnium

357 3554 461 3591 non
494 3548 579 3595 est
617 3556 783 3594 unum
816 3556 1003 3596 eorum
1034 3557 1153 3611 qua;
1182 3552 1330 3607 sunt,
1374 3559 1479 3598 non
1515 3543 1638 3598 dico
1673 3557 1930 3613 quaecun-

355 3645 460 3694 que
493 3630 692 3699 aliquis
717 3634 1105 3699 numeraverit,
1136 3636 1231 3690 sed
1253 3634 1298 3689 si
1325 3636 1447 3703 quis
1472 3636 1802 3708 cogitatione
1832 3637 1931 3691 litt-

356 3726 527 3786 καιναί,
560 3728 615 3773 et
638 3720 710 3773 ad
748 3722 839 3774 illa
872 3737 991 3791 quae
1028 3724 1177 3778 ultra
1211 3726 1410 3780 saecula
1448 3739 1594 3792 sunt,
1632 3728 1928 3798 refugeret,

354 3808 635 3875 opiniones
659 3820 842 3866 essent
872 3813 1097 3868 ratimiis
1132 3817 1273 3884 apud
1309 3832 1409 3872 nos
1451 3818 1685 3874 inaniter
1711 3820 1931 3888 quidem

356 3904 422 3956 ad
452 3902 539 3959 illa
570 3919 691 3973 qua:
719 3904 859 3960 ultra
884 3906 1067 3962 omnia
1094 3917 1243 3975 sunt,
1264 3910 1697 3978 proﬁciscentis;
1721 3918 1929 3963 tantum

357 4012 486 4052 vero
531 4012 561 4051 a
612 4014 670 4053 re
715 3999 992 4065 distantis,
1031 4009 1294 4070 quantum
1331 4001 1683 4057 simulacrum
1722 4017 1752 4055 a
1784 4001 1929 4055 veri-

354 4098 485 4151 tate,
518 4097 573 4142 et
602 4090 795 4144 domus
825 4089 895 4144 ab
922 4104 989 4145 eo
1010 4091 1100 4161 qui
1134 4107 1253 4147 eam
1285 4092 1601 4159 fabricavit;
1642 4102 1694 4148 et
1723 4093 1931 4147 umbrae

355 4184 421 4235 ab
453 4182 518 4236 ils
550 4197 672 4251 quae
729 4193 880 4247 sunt,
915 4191 971 4239 et
1025 4199 1122 4253 per
1178 4201 1238 4242 se
1278 4186 1566 4242 exsistunt.
1610 4184 1725 4240 Non
1780 4186 1926 4241 enim

423 4297 468 4328 "
506 4298 639 4352 Dan.
692 4313 816 4366 xm,
845 4297 938 4355 42.

2047 606 2316 661 infinitum
2350 615 2452 672 est,
2484 607 2734 674 quamvis
2764 623 2919 661 mens
2964 606 3161 659 multas
3206 606 3506 662 inﬁnitates
3537 620 3623 660 rep

2044 698 2239 765 perint,
2268 709 2323 753 et
2361 713 2546 771 secum
2594 708 2828 767 reputet,
2862 696 3215 753 nihilominus
3249 697 3317 749 ab
3352 696 3626 752 inanitate

2045 804 2170 843 vera
2212 790 2436 856 excidit,
2464 800 2520 844 et
2552 798 2807 859 tanquam
2839 805 2960 845 cum
3001 788 3194 843 umbra
3226 803 3466 857 pugnare
3486 804 3612 842 con-

2044 880 2281 935 vincitur
2308 891 2650 946 attrectans;
2697 884 2839 937 sicut
2872 884 2961 949 qui
2997 880 3236 936 tenebris
3264 880 3625 945 crassissimis

2047 975 2270 1029 involuti
2320 983 2474 1040 sunt,
2532 985 2587 1029 et
2635 974 2690 1029 in
2726 975 2805 1030 eis
2858 985 3047 1030 ruunt.
3098 973 3181 1030 0b
3216 975 3355 1030 hanc
3394 988 3621 1029 causam

2046 1066 2370 1135 theologiam
2404 1066 2705 1120 secundum
2745 1067 3085 1132 negationem
3119 1065 3169 1129 in
3202 1064 3391 1119 multis
3419 1062 3624 1120 valen-

2052 1159 2246 1213 tiorem
2278 1171 2402 1213 esse
2427 1156 2696 1227 theologia
2723 1156 3023 1229 aﬂirtnante
3046 1155 3475 1211 demonstratum
3494 1164 3620 1221 est;

2044 1268 2152 1305 non
2206 1251 2420 1319 quidem
2455 1250 2601 1318 quod
2649 1248 2919 1317 theologia
2962 1264 3028 1303 ex
3080 1249 3407 1316 negantibus
3450 1246 3623 1316 magis

2043 1343 2213 1397 Deum
2246 1351 2589 1408 asseqnatur,
2622 1351 2675 1394 et
2709 1341 2943 1408 attingat
2980 1339 3066 1407 (ex
3100 1354 3259 1408 πψτη
3290 1340 3433 1393 enim
3467 1346 3622 1392 utra-

2043 1448 2151 1503 que
2185 1433 2407 1488 aberrat
2437 1449 2465 1485 a
2509 1432 2822 1499 conjectura
2858 1432 2925 1486 de
2968 1434 3121 1493 Deo).
3144 1433 3241 1485 sed
3277 1431 3420 1499 quod
3468 1432 3624 1485 theo-

2042 1526 2184 1595 logia
2243 1540 2450 1593 negans
2498 1524 2620 1592 plus
2669 1524 2989 1591 proﬁteatur
3037 1524 3287 1587 nescire;
3328 1523 3422 1591 qui
3474 1523 3617 1575 enim

2044 1615 2201 1679 dixit,
2236 1613 2381 1683 quod
2421 1629 2519 1668 nec
2554 1615 2735 1669 unitas
2773 1623 2854 1668 est
2909 1612 3072 1678 Deus,
3118 1615 3339 1683 propius
3386 1611 3621 1667 accessit

2044 1708 2112 1763 ad
2168 1707 2677 1777 iucomprehensam
2734 1707 3025 1770 unitatem,
3080 1722 3243 1777 quam
3294 1705 3385 1774 qui
3436 1703 3621 1772 posuit

2043 1812 2165 1854 esse
2199 1799 2369 1853 Deum
2423 1798 2690 1853 unitatem
2749 1798 3045 1853 secundum
3099 1812 3303 1851 morem
3353 1796 3621 1850 unitatum

2041 1907 2162 1963 quae
2196 1891 2353 1947 nobis
2398 1901 2541 1947 nota:
2574 1900 2722 1946 sunt.
2767 1889 2835 1947 Ut
2884 1890 3052 1962 igitur
3098 1889 3414 1943 summatim
3462 1903 3619 1958 repe-

2042 1994 2150 2039 tam
2193 1998 2299 2054 que
2330 1984 2383 2037 in
2421 1983 2522 2039 bac
2554 1982 2767 2038 Decade
2798 1983 3047 2051 exposita
3079 1988 3231 2043 sunt,
3275 1981 3619 2037 demonstra-

2042 2084 2155 2130 tum
2182 2083 2267 2131 est
2297 2091 2326 2129 a
2358 2075 2650 2145 theologis,
2674 2090 2781 2129 non
2828 2081 3079 2143 oportere
3115 2088 3364 2144 quaerere
3398 2073 3452 2128 in
3496 2072 3618 2127 uni-

2040 2178 2175 2236 tate,
2215 2183 2336 2238 que
2371 2182 2536 2238 supra
2574 2166 2938 2223 substantiam
2969 2175 3072 2231 est,
3114 2165 3333 2221 habitus
3357 2174 3413 2221 et
3437 2165 3620 2231 dispo-

2039 2259 2289 2323 sitiones,
2312 2257 2398 2311 vel
2435 2257 2539 2313 alia
2568 2258 2713 2311 circa
2741 2257 2939 2325 ipsam,
2967 2271 3088 2327 qua:
3109 2257 3471 2311 substantiam
3500 2255 3620 2323 ejus

2038 2348 2384 2419 eontplcant;
2416 2364 2517 2405 nec
2548 2348 2731 2418 aliqua
2774 2348 2827 2404 in
2857 2363 2919 2401 ea
2950 2347 3275 2411 accidentia,
3306 2362 3484 2417 neque
3513 2346 3620 2402 dit-

2038 2442 2300 2498 ferentias
2343 2442 2412 2497 ad
2463 2441 2827 2498 substantiam
2878 2442 2995 2512 eius
3023 2441 3400 2512 pertinentes;
3442 2455 3620 2510 neque

2038 2535 2166 2605 quia
2213 2548 2279 2587 ex
2331 2548 2391 2589 se
2424 2532 2541 2602 ipsa
2577 2533 2845 2590 exsistere
2892 2533 3117 2598 dicitur,
3166 2532 3374 2588 idcirco
3398 2541 3620 2601 oportet

2039 2625 2373 2682 constituere
2412 2627 2581 2695 ipsam
2635 2639 2760 2679 esse
2810 2623 2899 2679 sui
2948 2638 3193 2689 causam,
3264 2639 3365 2680 nec
3412 2638 3622 2694 ponere

2039 2716 2186 2772 aliud
2235 2717 2290 2771 in
2327 2732 2390 2772 ea
2441 2731 2564 2773 esse
2606 2714 3001 2780 substantiam,
3031 2723 3087 2770 et
3138 2715 3282 2770 aliud
3316 2717 3617 2787 energiam,

2039 2809 2159 2865 sive
2213 2809 2587 2877 operationem
2634 2823 2652 2862 :
2717 2820 2817 2860 nec
2869 2805 3189 2862 existimare
3245 2809 3618 2875 operationem

2039 2916 2194 2956 suam
2225 2900 2545 2956 creatricem
2578 2898 2890 2954 substantia
2921 2900 3216 2952 secundum
3243 2914 3302 2955 se
3320 2914 3529 2964 carere,
3559 2908 3613 2953 et

2040 3008 2147 3047 non
2176 3007 2272 3063 per
2299 3006 2360 3047 se
2379 2990 2685 3055 exsistere;
2724 3005 2824 3045 nec
2853 2990 2999 3045 aliud
3027 3004 3151 3044 esse
3180 3005 3332 3044 suam
3362 2990 3623 3045 substan-

2041 3086 2195 3149 tiam,
2230 3092 2285 3139 et
2316 3082 2463 3138 aliud
2489 3097 2644 3138 suam
2682 3081 3014 3146 bonitatem,
3050 3090 3105 3134 et
3136 3081 3388 3136 similiter
3418 3081 3471 3135 in
3512 3096 3622 3136 cm-

2044 3171 2176 3227 teris
2206 3170 2516 3241 ejusmodi;
2554 3185 2656 3226 nec
2688 3170 2832 3225 aliud
2878 3184 3001 3225 esse
3040 3172 3403 3226 substantiam
3444 3186 3624 3234 suam,

2040 3274 2095 3320 et
2129 3263 2274 3318 aliud
2335 3261 2702 3331 cognitionem
2751 3260 2861 3327 sui,
2904 3269 2960 3316 et
3008 3261 3260 3317 similiter
3306 3264 3361 3317 in
3398 3262 3628 3332 reliquis

2040 3355 2352 3419 similibus;
2387 3362 2442 3408 et
2484 3354 2665 3408 omnia
2706 3368 2826 3422 quae
2862 3354 2916 3408 in
2956 3369 3019 3409 ea
3067 3364 3218 3420 sunt,
3258 3370 3364 3409 non
3405 3354 3626 3409 diﬂerre

2038 3466 2071 3504 a
2120 3463 2179 3504 se
2229 3447 2382 3515 ipsa;
2416 3458 2519 3501 nec
2573 3445 2627 3499 in
2668 3460 2733 3498 ea
2770 3459 2934 3512 posse
2990 3446 3216 3515 reperiri
3264 3447 3621 3517 principium,

2040 3541 2274 3601 medium
2313 3546 2369 3594 et
2415 3538 2601 3601 linem,
2646 3553 2745 3592 nec
2773 3538 3035 3593 unitatem
3073 3538 3335 3599 divinam,
3374 3555 3495 3608 qua!
3535 3549 3624 3594 est

2039 3633 2328 3702 ὑπέρθεος,
2375 3629 2426 3684 id
2473 3638 2582 3693 est,
2614 3644 2781 3697 supra
2822 3644 2916 3684 eos
2950 3632 3041 3698 qui
3077 3630 3333 3685 dicuntur
3368 3631 3466 3693 dii,
3498 3646 3627 3685 esse

2039 3724 2433 3789 substantiam;
2474 3736 2582 3776 nec
2612 3736 2734 3775 esse
2775 3723 3039 3775 unitatem
3072 3734 3193 3789 quae
3238 3729 3483 3783 vocatur,
3519 3736 3619 3775 ne-

2041 3834 2145 3883 que
2169 3816 2494 3871 Trinitatem
2531 3814 2599 3868 ab
2629 3814 2740 3868 ullo
2771 3813 3043 3880 cognitam
3079 3828 3093 3865 :
3126 3812 3220 3864 sed
3252 3813 3428 3879 potius
3453 3826 3623 3880 supra

2038 3908 2400 3966 substantiam
2457 3920 2601 3970 esse,
2652 3916 2707 3959 et
2756 3920 2917 3974 supra
2952 3919 3170 3961 omnem
3220 3904 3526 3970 veritatem,
3560 3915 3618 3958 et

2036 4015 2198 4066 supra
2226 4012 2445 4053 omnem
2478 3995 2800 4065 Trinitatem
2838 3997 3202 4063 excogitatam
3234 3997 3314 4050 vel
3344 3996 3623 4052 assimila-r

2036 4100 2147 4146 tam
2176 4090 2276 4159 (ὁ),
2303 4099 2358 4143 et
2378 4088 2733 4157 supralomne
2764 4103 2931 4141 unum
2963 4088 3069 4141 tale
3107 4086 3433 4141 abSIractam
3466 4104 3603 4153 esse,

2036 4193 2091 4239 et
2122 4178 2193 4238 ad
2216 4197 2335 4238 eam
2364 4178 2547 4235 accedi
2576 4193 2686 4233 non
2718 4193 2897 4249 posse.
2932 4179 3098 4235 Recte
3126 4180 3289 4249 igitur
3322 4189 3374 4234 et
3406 4196 3525 4249 «gnte
3556 4180 3624 4235 ira

1854 4412 2131 4477 Scholia.

422 4521 498 4591 (l)
524 4517 1006 4591 Per_disciplinam.
1039 4519 1175 4576 Cum
1203 4535 1269 4575 ex
1300 4520 1557 4591 magistro
1603 4519 1876 4591 discimus
1910 4534 1926 4581 ;
1964 4520 2005 4575 D
2037 4533 2158 4584 nus,
2194 4518 2411 4591 inglibro
2440 4518 2515 4574 De
2536 4517 2747 4585 Spiritu
2778 4526 2961 4572 saneto
2991 4515 3622 4591 contra_Macedonium.

352 4586 450 4660 per
475 4586 802 4660 doctrinam,
831 4605 955 4644 cum
989 4598 1175 4660 nostro
1198 4586 1457 4660 stmlio'et
1524 4586 1932 4660 intlustria_sine

355 4656 615 4784 magistro
654 4659 913 4716 docemus
944 4675 961 4726 ;
996 4674 1089 4729 per
1118 4658 1588 4724 illuminationem,
1622 4672 1745 4715 cum
1793 4656 1935 4712 Deus

355 4746 474 4784 reve
500 4739 575 4784 at.

352 4739 575 4786 revelat.

423 4802 500 4871 (2)
534 4798 836 4871 Secundum
878 4801 1138 4871 rationem
1182 4798 1501 4871 «submittite
1553 4813 1757 4871 eorum.
1788 4796 1927 4863 Quia

352 4869 673 4938 ipsa‘tlivina
691 4870 922 4941 essentia
955 4880 1032 4926 est
1072 4870 1285 4941 pr0pria
1319 4869 1458 4941 ratio
1498 4869 1925 4941 substantiae-cu-

345 4943 548 5009 jusque
588 4950 852 4995 creatura:
874 4940 935 4995 in
956 4939 1253 5003 inﬁnitum,
1299 4939 1592 5009 perfectior
1619 4954 1782 5009 quam
1801 4952 1929 5006 pro-

353 5011 469 5080 ptia
503 5012 640 5065 ratio
677 5011 994 5065 substantiae
1024 5011 1075 5064 in
1136 5011 1248 5080 ipsa
1290 5019 1565 5064 creatura.

427 5082 502 5150 (3)
535 5080 741 5152 Causas
770 5081 899 5136 dicit
934 5079 1165 5151 propter
1216 5094 1477 5149 personas
1532 5079 1770 5152 divinas,
1800 5095 1923 5152 qua:

350 5148 699 5232 sunt'alioqni
730 5166 844 5205 una
875 5148 1045 5207 causa
1068 5148 1464 5218 creaturarum,
1500 5148 1643 5205 sicut
1665 5164 1773 5205 una
1819 5148 1921 5208 ἰε-

351 5234 552 5279 sentta.

448 5292 501 5359 4)
532 5288 704 5360 Supra
728 5302 933 5344 omnem
949 5286 1259 5345 hinitutem
1279 5290 1651 5360 exaequatum,
1676 5288 1756 5360 uel
1781 5290 1934 5360 nasi--

340 5358 614 5416 miletum.
630 5359 948 5416 Observatum
968 5358 1438 5423 ﬂanuel‘Caleess,
1462 5361 1515 5414 in
1531 5359 1670 5414 libro
1691 5359 1769 5414 De
1794 5358 1916 5413 Tri-

350 5434 517 5513 nitute
543 5430 830 5513 imagines,
854 5442 993 5513 quas
1022 5430 1621 5513 Patr-gesogiun
1776 5429 1919 5513 assi-

349 5497 776 5557 tnilandumeas
826 5497 1099 5565 utcunque
1141 5497 1418 5555 Trinitati.
1470 5497 1765 5565 Gregorius
1816 5499 1921 5555 Ναι-

350 5518 647 5557 nmanuum
674 5518 776 5555 eas
826 5518 988 5555 utcun
1034 5518 1099 5556 ne
1144 5518 1418 5555 artantur.
1470 5518 1765 5565 uregorms
1816 5518 1917 5555 tw-

350 5572 646 5628 zianzenns
678 5586 799 5624 cum
827 5518 1203 5631 oculoqhmtis.
1232 5581 1286 5627 et
1309 5571 1480 5637 fonte,
1502 5579 1555 5623 et
1580 5568 1745 5623 ﬂuvio
1762 5584 1917 5624 com-

348 5649 511 5714 parat
546 5643 870 5714 ;itetn'cnm
928 5641 1082 5714 sole,
1119 5640 1295 5714 radio,
1323 5640 1574 5714 lumine;
1611 5642 1738 5714 item
1795 5654 1916 5714 cum

355 5707 538 5766 "mente
564 5712 636 5766 ιν
659 5707 915 5779 δομήσει,
938 5709 997 5762 id
1017 5710 1602 5777 salaconsideratiene,
1633 5708 1835 5779 anima,
1854 5710 1906 5762 in

347 5781 551 5849 quibus
610 5796 718 5837 non
736 5778 823 5834 est
842 5778 1062 5847 divisio,
1098 5780 1179 5835 vel
1195 5779 1370 5836 sectio
1398 5799 1412 5844 ;
1432 5780 1557 5849 item
1568 5794 1694 5849 cum
1714 5778 1908 5849 tsjiplici

352 5847 493 5920 sole,
515 5861 571 5908 et
593 5866 699 5908 una
724 5849 944 5907 luminis
965 5852 1343 5907 commistione
1370 5869 1385 5916 ;
1410 5848 1706 5920 Gregorius
1742 5847 1937 5920 Nysse-

2042 4605 2163 4642 t-um
2200 4589 3140 4660 tribusﬁlampadibus,quarunttnta
3182 4586 3392 4660 ﬂamma
3431 4590 3619 4660 ﬁdem

2040 4660 2337 4730 Gregorius
2366 4654 2667 4730 Nyssenns,
2694 4654 2751 4711 iu
2779 4654 2919 4713 libro
2951 4656 3026 4709 De
3047 4654 3324 4730 trinitate,
3356 4658 3619 4730 laevia

2034 4729 2177 4781 dicit
2202 4743 2321 4784 esse
2351 4726 2616 4791 in'nobis,
2644 4743 2765 4798 quas
2808 4738 2942 4783 sunt
2963 4727 3137 4790 ,voﬁc.
3159 4726 3338 4793 λόγος,
3359 4727 3617 4796 mitiga“

2039 4798 2426 4867 Mens,inquit,
2464 4799 2609 4867 parit
2649 4798 3109 4864 rationem;ratio
3130 4806 3311 4851 movet
3346 4807 3613 4863 mentem;

2035 4880 2091 4923 et
2120 4882 2296 4937 neque
2316 4884 2468 4922 mens
2500 4868 2616 4923 sine
2674 4869 2886 4922 ratione
2920 4877 3039 4937 est,
3078 4879 3257 4937 neque
3307 4869 3442 4937 ratio
3496 4869 3623 4923 sine

2034 4935 2221 4992 mente
2246 4937 2533 5002 ;similiter
2564 4939 2680 4993 sine
2711 4938 2926 5008 spiritu,
2956 4936 3044 5004 qui
3070 4946 3152 4990 est
3182 4935 3425 5008 inpubis
3451 4979 3464 5000 ,
3505 4954 3621 4993 non

2029 5008 2141 5063 exit
2170 5024 2236 5061 ex
2261 5020 2439 5064 mente
2487 5009 2656 5074 ;lnec,
2706 5006 2900 5078 inquit,
2926 5015 3057 5062 sunt
3083 5006 3334 5078 tenentia,
3355 5016 3410 5061 et
3446 5023 3619 5075 sapa--

2031 5078 2136 5131 rari
2165 5093 2195 5131 a
2213 5093 2273 5132 se
2290 5078 2528 5148 vicissim
2548 5095 2654 5133 non
2670 5076 2902 5145 possunt
2927 5078 3061 5148 :sic,
3083 5076 3231 5148 inqui
3242 5085 3283 5141 ι,
3303 5076 3617 5148 intelligen—

2027 5148 2156 5201 dum
2185 5157 2268 5201 est
2299 5148 2354 5202 in
2385 5146 2683 5214 Trinitate;
2712 5149 2800 5202 alii
2823 5147 3134 5207 cumfonte,
3165 5145 3352 5212 ﬂuvio,
3378 5145 3569 5204 etlacu
3592 5169 3623 5215 ;r

2026 5233 2147 5275 eum
2177 5217 2316 5287 igne,
2338 5217 2553 5273 ﬂamma
2615 5228 2670 5273 et
2726 5218 2973 5283 lumine;
3024 5215 3626 5287 Cyrilluscutttratlice,.

2024 5302 2177 5341 ramo
2200 5286 2255 5342 et
2281 5287 2458 5342 fructu
2484 5306 2498 5353 ;
2524 5286 2666 5343 idem
2690 5302 2813 5342 cum
2832 5288 3024 5356 digito,
3042 5286 3203 5341 manu
3255 5296 3309 5341 et
3348 5288 3609 5352 brachio;

2023 5367 2081 5413 et
2107 5358 2241 5412 alias
2266 5372 2387 5411 cum
2408 5372 2550 5424 rosa,
2576 5356 2736 5420 ποτε,
2768 5367 2821 5412 et
2851 5360 3037 5413 odore.
3062 5358 3123 5412 1n
3140 5356 3229 5413 bis
3253 5358 3623 5413 ninnium-e-~

2027 5428 2316 5495 periuntur
2336 5428 2582 5497 quaedam
2608 5429 2987 5493 inseparabilia
3018 5443 3130 5482 ase
3156 5437 3608 5495 mutumquaeas-

2025 5508 2312 5553 sumnntur
2340 5496 2408 5550 ad
2439 5497 2826 5567 declarandum
2897 5508 3327 5567 utcunqueesse
3349 5506 3457 5549 tres
3483 5510 3607 5565 per-

2027 5582 2123 5620 nas
2154 5566 2544 5636 inseparabiles
2586 5568 3023 5637 proprietatibus
3075 5566 3376 5637 disﬁ‘nctas,
3408 5567 3616 5618 etttni-

2024 5652 2089 5689 us
2113 5634 2453 5700 substantia},
2489 5638 2560 5690 ita
2585 5634 2730 5702 ntab
2756 5637 2862 5691 aiio
2876 5648 3137 5694 sumatur
3160 5634 3613 5705 temptatos”

2014 5708 2069 5759 id
2101 5717 2203 5769 est.
2218 5707 3036 5776 inseparabilitaspersonmum
3056 5706 3161 5776 μιν
3188 5703 3377 5760 ειἰίοώ
3393 5703 3609 5776 ὅμως

2026 5793 2157 5843 σιον,
2190 5777 2239 5831 id
2260 5787 2364 5841 est,
2404 5777 2968 5835 consubstantialitas.
