4082 6454
478 401 586 472 991

1736 416 1979 479 INDEX
2008 417 2511 481 SCRIPTORUM
2572 364 2585 387 ᾖ

3648 422 3753 486 992

485 514 590 578 bac
632 521 847 578 Decade
887 531 1032 583 sunt.
1062 524 1363 580 secundum
1390 527 1794 597 expositionem
1823 530 2081 587 materia-
2111 533 2149 590 Α
2186 531 2260 585 ris
2296 518 2541 600 partibus
2572 534 2785 597 adesse,
2827 541 2879 588 et
2905 533 2974 589 ob
3009 549 3127 588 eam
3166 549 3386 591 causam
3416 534 3672 588 continua
3697 545 3753 592 et

485 617 623 673 riam
653 616 897 685 exposita
928 624 1054 670 sunt
1083 631 1259 688 neque
1288 619 1583 689 quidquam
1626 620 1825 675 divinae
1859 623 2072 692 simpli-

486 710 635 763 citati
669 711 840 764 deest.
892 708 1299 764 Convenientrr
1329 721 1509 765 autem
1555 712 1679 767 huic
1725 713 2071 784 inscriptioni

389 873 395 877 ἱ
486 799 557 853 de
601 799 954 868 simplicitate
986 801 1171 856 divina
1214 809 1326 856 tcta
1357 799 1528 858 Decus
1557 802 1625 858 ad
1664 804 1902 859 divinam
1938 808 2073 861 sim-

484 888 786 956 pticitatem
840 897 1095 945 contexta
1141 900 1228 947 est
1262 901 1387 962 apte
1431 895 1498 948 ad
1545 895 1684 951 duas
1722 907 2075 966 antegressas

486 980 747 1047 decedes,
784 997 882 1050 per
912 984 1317 1052 propositiones
1347 984 1700 1043 enuntiantes
1735 987 1803 1041 ad
1832 987 2042 1041 inﬁnita
2062 1016 2074 1026 ο

488 1081 600 1129 tam
626 1073 718 1131 Dei
746 1076 1052 1145 procedens
1084 1093 1099 1131 :
1131 1076 1403 1146 siquidem
1448 1076 1596 1130 nulla
1630 1077 1881 1132 inﬁnitas
1911 1093 1975 1132 ex
2010 1079 2075 1134 iis

484 1181 612 1238 qnte
645 1167 920 1232 dicuntur,
970 1182 1093 1221 cum
1141 1167 1416 1223 infinitate
1462 1168 1555 1224 Dei
1604 1169 1929 1238 aequabitur,
1977 1184 2077 1224 nec

491 1258 641 1313 enim
694 1258 937 1313 inﬁnitas
986 1252 1255 1324 materiai,
1293 1268 1348 1314 et
1391 1273 1578 1314 carere
1626 1275 1746 1315 eam
1798 1261 1971 1317 forma
2024 1272 2079 1318 et

490 1348 699 1421 specie,
731 1362 855 1405 cum
892 1349 1168 1405 inﬁnitate
1203 1350 1297 1405 Dei
1341 1349 1733 1406 conferendum
1771 1348 1852 1406 est
1880 1353 2078 1421 (mate-

492 1444 575 1497 ria
609 1440 757 1498 enim
790 1441 979 1496 ﬁnitur
1009 1452 1065 1497 et
1088 1445 1421 1498 terminatur
1441 1445 1646 1511 specie,
1679 1455 1730 1499 et
1760 1430 1931 1498 f'o'rma
1959 1462 2083 1515 spe»

495 1535 620 1600 eiei,
642 1542 696 1589 et
719 1535 858 1597 haec,
889 1535 1102 1603 species
1128 1534 1363 1600 scilicet,
1403 1545 1458 1588 et
1491 1542 1679 1589 earum
1713 1537 1925 1603 formae,
1952 1549 2081 1592 sunt

494 1627 715 1681 termini
766 1636 822 1680 et
874 1628 1009 1682 ﬁnes
1057 1627 1344 1693 materias),
1379 1622 1477 1682 nec
1530 1627 1781 1684 infinitas
1812 1629 2080 1693 carperis,

497 1720 626 1783 quia
664 1733 867 1788 corpus
900 1720 953 1772 in
999 1720 1270 1773 inﬁnitum
1304 1719 1473 1774 dividi
1518 1728 1714 1790 potest,
1753 1720 2080 1776 inﬁnitatem

503 1812 598 1866 Dei
631 1809 862 1875 dirimit,
895 1813 1093 1882 quippe
1127 1826 1252 1867 cum
1285 1811 1336 1866 in
1371 1827 1568 1881 corpus
1599 1813 1890 1878 dimensio,
1919 1821 1973 1867 et
2003 1812 2084 1867 di-

2176 621 2390 676 inﬁnita
2445 621 2702 679 facultate
2755 635 2937 681 motus
2972 626 3220 693 carperis
3272 625 3600 696 gubernare,
3649 642 3753 681 non

2179 716 2562 783 progredimur
2588 718 2655 770 ad
2688 714 3013 772 inﬁnitatem
3052 715 3167 781 Dei,
3202 717 3293 783 qui
3336 716 3435 771 itas
3478 716 3758 773 facultates

2180 808 2378 861 animm
2441 807 2689 877 inserit,
2738 825 2840 864 nec
2904 809 3379 865 innumerabilitas
3442 811 3756 878 angelorum

2181 897 2373 970 (millia
2412 900 2560 954 enim
2621 900 2873 964 millium,
2921 911 2975 955 et
3025 900 3212 961 decies,
3254 910 3481 955 centena
3527 901 3758 954 millium

2179 999 2360 1045 astant
2401 992 2598 1047 throno
2631 992 3047 1063 magnificentia:
3078 992 3196 1062 ejus
3216 991 3323 1062 ⁸⁵),
3358 1007 3531 1061 neque
3563 1007 3763 1060 pereu-

2181 1081 2323 1136 nitas
2347 1082 2467 1136 sine
2496 1081 2859 1148 dimensione,
2891 1099 2953 1137 ac
2985 1083 3209 1148 perinde
3238 1083 3481 1138 inﬁnitas
3508 1082 3632 1136 vita:
3663 1097 3759 1136 eu—

2183 1188 2299 1228 rum
2333 1183 2386 1227 et
2420 1175 2864 1239 immortalitatis,
2901 1174 3224 1229 infinitatem
3255 1175 3372 1236 Dei.
3397 1190 3515 1244 quze
3546 1188 3761 1229 omnem

2183 1277 2469 1316 numerum
2529 1272 2582 1318 et
2616 1262 2836 1318 omnem
2891 1265 3276 1336 cogitationem
3319 1266 3444 1319 vita:
3487 1266 3762 1321 continua:

2183 1360 2426 1418 superat,
2461 1351 2817 1420 pertran‘sibit
2850 1368 2866 1407 ε
2903 1367 3004 1408 nec
3042 1354 3219 1422 ipsum
3253 1366 3447 1416 aevum,
3488 1361 3545 1406 et
3583 1351 3768 1405 infini-

2185 1445 2313 1497 tudo
2362 1443 2478 1511 eius
2528 1444 2779 1498 omnibus
2835 1444 2957 1498 nuta
2993 1456 3048 1497 et
3089 1443 3332 1513 vulgata,
3380 1456 3499 1510 quze
3543 1456 3761 1497 omnem

2182 1533 2507 1587 inﬁnitatem
2534 1532 2934 1589 intellectilinm
2973 1533 3242 1599 continet,
3269 1545 3424 1603 mque
3458 1534 3763 1604 porrigetur

2184 1634 2244 1678 ut
2287 1623 2528 1679 inﬁnitas
2556 1624 2679 1687 Dei,
2710 1626 2801 1694 qni
2832 1622 2966 1680 illud
3009 1625 3304 1694 produxit;
3340 1635 3582 1680 creatum
3612 1626 3756 1680 enim

2188 1732 2214 1770 a
2264 1716 2521 1772 (Zioatore
2556 1717 2792 1772 inﬁnitis
2828 1718 3103 1772 mensuris
3147 1718 3395 1788 superari
3438 1727 3615 1772 notum
3646 1728 3756 1772 est.

2189 1812 2244 1865 Si
2284 1810 2449 1880 igitur
2480 1808 2726 1865 inﬁnitas
2759 1807 2853 1864 Dei
2903 1822 3236 1880 Supraquam
3270 1808 3483 1863 inﬁnita
3521 1807 3642 1860 nulli
3677 1823 3748 1862 ex

502 1902 642 1956 visio
673 1903 907 1967 primum
937 1903 1131 1970 cadat;
1162 1917 1338 1972 neque
1369 1903 1667 1957 secundum
1700 1905 1905 1971 primas
1943 1918 2079 1973 qua-
2114 1882 2158 1942 Β
2191 1905 2309 1959 istis
2350 1896 2714 1959 iuﬁnitatibus
2752 1902 2923 1958 simili
2977 1904 3241 1969 cernitur,
3275 1903 3426 1957 solus
3473 1901 3623 1971 igitur
3665 1911 3750 1954 est

500 1995 703 2058 litates,
752 2010 870 2062 qua:
906 1992 960 2048 in
997 1996 1211 2049 inﬁnito
1251 1996 1458 2060 insunt,
1500 1995 1747 2049 inﬁnitas
1784 1994 1877 2050 Dei
1935 2011 2083 2049 com-

502 2088 742 2156 paranda
783 2096 889 2153 est,
947 2087 1076 2155 quia
1131 2085 1187 2141 in
1244 2087 1378 2155 ipsis
1414 2089 1649 2152 primum
1685 2088 1933 2141 cernitur
1961 2087 2084 2156 plus

490 2188 555 2235 ‘et
594 2180 775 2235 mitius
807 2195 823 2243 ;
867 2196 1045 2249 neque
1068 2194 1259 2235 rursus
1289 2180 1560 2235 infinitum
1590 2181 1894 2236 secundum
1921 2194 2086 2251 gene-

502 2273 796 2338 rationem,
825 2281 877 2325 ct
908 2276 1274 2343 generationis
1306 2275 1643 2343 perpetuitas
1683 2273 1927 2328 retundit
1961 2273 2086 2326 inﬁ-

505 2361 731 2416 nitatem
766 2360 859 2416 Dei
886 2362 1234 2427 simpiiciter,
1253 2371 1307 2416 et
1339 2362 1815 2430 incircumscripte
1837 2363 2082 2417 circum.

496 2454 769 2518 meantis,
799 2462 855 2506 et
882 2465 993 2507 non
1022 2454 1087 2507 ad
1116 2455 1297 2508 instar
1321 2454 1510 2509 circuli
1543 2455 1844 2510 motionem
1880 2456 2087 2509 baben-

505 2543 599 2604 tis,
626 2556 749 2613 quae
776 2543 1124 2599 solummodo
1160 2554 1245 2600 est
1272 2558 1394 2599 eum
1435 2546 1530 2613 ﬁt;
1578 2561 1757 2615 neque
1790 2548 2089 2617 quidquam

504 2639 653 2705 quod
684 2637 742 2689 in
775 2636 938 2699 caelo,
973 2637 1114 2691 etin
1157 2646 1306 2691 t'nntu
1336 2637 1452 2701 eius
1487 2642 1719 2692 rotundo
1754 2638 1945 2693 accidit
1973 2639 2093 2711 (ba-

509 2730 603 2785 bet
633 2730 780 2783 enim
830 2728 921 2783 bic
954 2742 1148 2786 motus
1181 2730 1509 2786 inﬁnitatem
1558 2738 1782 2800 propter
1816 2732 2088 2787 infinitam

496 2823 805 2888 potentiam
870 2823 1317 2889 Dei'moventisi,
1370 2823 1705 2879 immobilem
1758 2825 2088 2880 infinitatem

512 2912 611 2965 Dei
650 2911 940 2966 excludit:
987 2927 1167 2981 neque
1223 2913 1468 2968 infinitas
1511 2916 1753 2968 universi
1808 2918 2091 2985 temporis.

512 3003 641 3070 quia
690 3012 846 3056 actus
881 3004 1022 3071 eius,
1057 3014 1165 3073 quo
1200 3007 1423 3061 metitur
1458 3008 1715 3074 periodos.
1740 3023 1931 3063 eorum
1975 3025 2097 3078 quae

516 3094 570 3147 in
602 3104 848 3165 tempore
897 3104 1045 3163 sunt,
1095 3114 1368 3166 nunquam
1405 3097 1612 3166 deﬁcit,
1642 3111 1696 3156 et
1740 3117 1969 3157 numero
2012 3112 2097 3156 est

517 3185 785 3250 inﬁnitus,
836 3187 1165 3244 inﬁnitatem
1220 3176 1317 3245 Dei
1364 3201 1607 3258 coercet,
1643 3207 1764 3262 qua:
1806 3202 2096 3263 cst'supra

2185 1997 2452 2058 inﬁnitus,
2485 1994 2606 2050 fons
2638 1994 2927 2050 inﬁnitatis
2960 1993 3203 2062 effector,
3240 1993 3328 2064 qui
3358 2002 3440 2048 est
3474 2006 3640 2046 unum
3673 2006 3763 2045 so-

2186 2088 2295 2143 lum
2333 2089 2630 2145 secundum
2682 2084 3044 2143 substantiam
3093 2088 3297 2143 bonum
3350 2095 3403 2140 et
3453 2084 3765 2148 inﬁnitum,

2188 2183 2278 2250 qni
2316 2197 2532 2236 omnem
2579 2182 2903 2240 inﬁnitatem
2937 2196 3003 2235 ex
3059 2180 3228 2235 nihilo
3280 2178 3429 2234 fecit.
3474 2177 3586 2232 Etsi
3621 2176 3765 2230 enim

2190 2275 2293 2329 ille
2346 2283 2470 2342 post
2526 2275 2697 2329 Deum
2760 2273 3057 2338 inﬁnitates
3107 2264 3380 2335 dicuntur,
3426 2284 3532 2324 non
3596 2278 3773 2322 tamen

2191 2374 2320 2422 sunt
2345 2368 2646 2422 secundum
2681 2366 3041 2422 substantiam
3093 2363 3408 2426 inﬁnitates,
3436 2363 3530 2416 sed
3575 2374 3771 2415 secun-

2192 2461 2320 2514 dum
2351 2475 2664 2516 mensuram
2708 2466 2945 2522 tantum,
2985 2466 3039 2513 et
3074 2454 3569 2528 participationem,
3598 2459 3654 2506 et
3680 2449 3770 2504 in-

2194 2551 2401 2607 finitam
2453 2552 2878 2615 multitudinem,
2913 2559 2967 2606 et
3007 2550 3307 2605 secundum
3354 2546 3520 2600 vitam
3557 2543 3770 2597 dimen-

2193 2644 2349 2699 sione
2379 2655 2678 2709 carentem,
2704 2651 2759 2698 et
2779 2642 3080 2698 secundum
3109 2649 3273 2695 totam
3312 2639 3394 2693 sui
3428 2633 3765 2705 prtcseutiatn

2194 2740 2211 2793 i
2222 2755 2254 2792 ιι
2292 2738 2441 2802 totis,
2479 2745 2533 2790 ct
2565 2736 2616 2792 id
2645 2736 2739 2806 qui
2768 2735 2987 2805 quidem
3012 2751 3041 2788 a
3074 2747 3237 2789 causa
3262 2731 3374 2786 sola
3399 2727 3683 2786 eﬁectrice.
3710 2734 3768 2780 et

2182 2844 2312 2885 non
2343 2827 2450 2881 alio
2484 2825 2643 2881 modo
2685 2826 2902 2881 habent.
2949 2825 3327 2881 Consentance
3372 2821 3539 2889 igitur
3566 2817 3767 2871 dictum

2197 2930 2282 2974 est
2313 2920 2482 2974 Deum
2515 2934 2633 2975 esse
2663 2921 2801 2974 uitra
2825 2918 3037 2973 omnem
3067 2915 3426 2981 inﬁnitatem;
3465 2913 3612 2968 solus
3631 2910 3777 2965 enim

2199 3013 2341 3067 Deus
2381 3020 2464 3066 est
2508 3010 2743 3066 essentia
2783 3009 3052 3075 inﬁnitus,
3088 3017 3142 3064 et
3189 3008 3303 3063 sola
3353 3006 3610 3070 essentia,
3656 3003 3771 3058 sive

2199 3104 2506 3159 substantia
2543 3104 2638 3158 Dei
2673 3114 2757 3158 est
2786 3103 3041 3170 simplex,
3064 3112 3122 3156 ‘et
3157 3099 3440 3154 uniformis
3463 3097 3565 3167 (a),
3598 3106 3648 3152 et
3676 3111 3777 3151 ex-

2203 3210 2323 3265 pers
2363 3197 2659 3265 qtlali‘tatis,
2688 3205 2740 3250 et
2778 3196 2984 3264 quieta,
3021 3202 3076 3252 et
3106 3193 3376 3250 seditione
3404 3205 3618 3255 carens,
3643 3187 3773 3242 inﬁ-

515 3292 736 3333 omnem
773 3280 1082 3348 numerum,
1115 3292 1167 3337 et
1200 3294 1418 3338 omnem
1460 3285 1743 3354 periodum
1786 3302 1801 3339 :
1834 3286 1961 3340 item
1994 3286 2085 3336 im.
2126 3295 2168 3357 α
2203 3289 2335 3346 uita,
2368 3289 2728 3351 omnipotens.
2772 3295 2826 3341 et
2871 3285 3117 3341 effectrix
3153 3280 3441 3351 omnium;
3471 3282 3555 3339 cui
3604 3280 3782 3354 gloria

519 3368 835 3422 imitabilem
863 3384 987 3427 esse
1011 3384 1245 3430 mentem
1272 3386 1327 3429 et
1354 3378 1591 3430 animam
1612 3376 1847 3446 (scilicet
1879 3393 1902 3426 a
1946 3377 2106 3430 liber-

521 3467 630 3514 tate
662 3464 919 3531 arbitrii),
959 3474 1010 3519 et
1038 3474 1201 3521 tutam
1230 3467 1387 3522 simul
1439 3469 1494 3522 in
1527 3467 1780 3524 omnibus
1808 3466 2104 3538 811ῖοοΥρο-

593 3602 639 3635 ⁸⁸
691 3603 827 3661 Dan.
864 3621 957 3667 vn.
988 3608 1074 3662 l0.
1144 3626 1147 3627 '

2213 3381 2265 3432 in
2299 3380 2495 3436 saecula
2525 3379 2872 3437 saeculorum.
2905 3379 3103 3436 Amen.

595 3697 694 3776 (a)__
718 3697 853 3776 Quia
878 3710 957 3776 est
991 3702 1352 3757 immutabilis
1380 3702 1681 3759 scentulum
1708 3715 1834 3759 esse
1887 3710 1945 3763 et
1999 3705 2310 3761 secundum
2347 3702 2664 3760 :tifttctiottes
2697 3712 2755 3760 et
2784 3704 3164 3776 operationes,
3210 3703 3486 3772 quomodo
3520 3718 3627 3760 non
3654 3716 3785 3764 sunt

519 3769 722 3840 angi-li,
747 3770 874 3825 licet
904 3773 1159 3827 imbuant.

529 3958 2375 3985 Μ

1537 4088 1923 4175 INDEX
2001 4046 2775 4177 scutum-suat

502 4326 515 4382 ἱ
1326 4286 1409 4348 IN
1445 4282 1877 4347 DECADIBUS
1903 4281 2465 4378 CYl’AﬁIﬁSIOTﬁ
2497 4284 2964 4348 CITATORUM.

1492 4423 1648 4485 Major
1670 4433 1908 4471 numerus
1939 4418 2204 4476 Decadem,
2240 4418 2400 4469 minor
2430 4426 2577 4484 caput
2598 4422 2824 4473 denotat.

2134 4552 2202 4569 τι..

602 4646 855 4703 Abucara
887 4643 1004 4700 sive
1031 4643 1329 4703 Carrarum
1362 4644 1670 4715 cpiscopus.
1704 4643 1842 4701 Vide
1872 4644 2039 4704 iul‘ra.
2064 4644 2315 4715 synodus
2340 4651 2533 4697 contra
2567 4639 2923 4698 Maniclneo's.

605 4733 879 4808 Anastasii
916 4733 1143 4788 Sinaltze
1173 4735 1350 4789 oratio
1385 4736 1452 4789 de
1485 4734 1996 4799 transfigurationv,
2028 4733 2113 4795 Vl,
2151 4734 2206 4792 4.
2248 4734 2301 4796 5,
2342 4732 2392 4785 7.

603 4823 930 4880 Anastasius
962 4824 1337 4880 Autiocbenus
1371 4824 1531 4891 iibt'o,
1567 4825 1710 4897 quod
1745 4816 1885 4879 Deus
1913 4834 1996 4879 est
2024 4819 2551 4886 incircumscriptus,
2590 4819 2658 4881 Χ,
2687 4819 2740 4873 4.
2775 4818 2831 4871 Io
2863 4820 3040 4888 primo
3070 4817 3212 4872 libro
3248 4821 3313 4872 de
3340 4818 3539 4872 nostris
3570 4818 3798 4883 dogma-

537 4913 682 4969 tibus
722 4914 991 4974 veritatis,
1024 4912 1143 4975 Vil.
1172 4913 1243 4978 9;
1279 4913 1373 4981 1X,
1411 4916 1479 4984 4;
1511 4928 1706 4973 contra
1745 4915 2015 4985 Muttnplty
2049 4914 2175 4979 itas,
2216 4908 2350 4976 Vill,
2378 4911 2465 4967 ΙΟ.
2502 4909 2808 4965 Confutans
2837 4909 3156 4980 opinionem
3204 4906 3628 4965 Manicbtcorum
3670 4906 3799 4961 Dio-

510 5001 758 5073 .nysium
788 5002 956 5057 Alex.
987 5003 1141 5056 citat.
1176 5002 1255 5058 id.

610 5092 862 5146 Andreas
886 5092 1169 5147 Cretensis
1203 5093 1257 5146 in
1290 5108 1490 5164 magno
1518 5108 1753 5153 canone,
1786 5092 1874 5157 Vl,
1905 5094 1956 5146 ϐ.

610 5176 1042 5243 ΑιῆπηθείιιεΛ.
1072 5178 1103 5234 8
1136 5180 1155 5251 (
1185 5179 1390 5248 Quaest.
1425 5182 1491 5235 ad
1527 5182 1796 5237 Antimbu
1826 5200 1879 5246 ιι,
1917 5180 2048 5245 Vill,
2082 5180 2112 5227 8
2135 5181 2194 5248 );
2232 5177 2298 5241 ll,
2331 5177 2403 5241 ὃς
2456 5175 2549 5240 IX,
2588 5177 2636 5236 l.
2667 5175 2723 5230 Ξ.
2773 5175 2981 5231 Contra
3018 5175 3271 5239 Arianos,
3306 5172 3418 5239 ΥΠ,
3450 5172 3474 5225 i
3506 5188 3522 5235 ;
3571 5170 3662 5233 lX',
3719 5170 3789 5234 7;

540 5266 679 5324 libro
712 5268 908 5337 primo,
936 5266 1007 5333 Χ,
1037 5266 1111 5334 4;
1152 5270 1419 5336 secundo,
1451 5267 1547 5335 .Vl,
1583 5269 1656 5335 8;
1697 5268 1805 5333 Vll,
1900 5286 1915 5336 ;
1947 5269 2036 5337 1X,
2070 5268 2137 5335 ὃς
2170 5269 2352 5334 tertio,
2383 5266 2472 5330 Ill,
2505 5265 2561 5332 6,
2585 5266 2655 5332 7;
2712 5264 2828 5330 Vll,
2860 5264 2930 5330 4;
2967 5272 3189 5335 quarto,
3244 5260 3335 5326 IX,
3369 5262 3427 5329 8,
3453 5260 3521 5318 9:
3577 5260 3793 5330 quinto.

543 5361 634 5425 ΙΧ,
663 5360 719 5425 6,
753 5359 806 5414 8.
845 5359 999 5427 Disp.
1035 5358 1253 5415 Nicaeua
1288 5370 1480 5416 contra
1506 5362 1758 5426 Arianos,
1789 5361 1876 5423 ill,
1906 5363 1958 5415 6.
1991 5360 2084 5427 Mi

2188 5354 2513 5430 κηρυκτικῷ
2554 5355 2609 5408 in
2664 5354 3155 5410 Annuntiationem
3191 5353 3252 5407 Β.
3303 5350 3565 5421 Virginis,
3618 5347 3685 5410 Χ,
3736 5348 3795 5403 8.

510 5448 821 5508 Oratione,
852 5448 1012 5516 cuius
1043 5448 1297 5504 initium:
1334 5450 1597 5505 Omnibus
1628 5450 1790 5513 vobis,
1819 5452 1910 5522 qui
1944 5451 1998 5503 in
2022 5466 2183 5503 unum
2202 5445 2534 5502 convenistis
2560 5458 2577 5503 :
2601 5458 2714 5513 quo
2743 5443 2936 5498 Patres
2966 5441 3171 5497 Nicaeni
3200 5450 3349 5496 recte
3371 5439 3457 5495 usi
3490 5446 3622 5495 sunt
3660 5450 3798 5522 voce

542 5535 833 5598 liomousii,
869 5533 935 5602 Χ,
974 5533 1025 5592 1.
1078 5537 1432 5611 Apologctico
1487 5553 1584 5609 pro
1619 5540 1833 5610 synodo
1888 5538 2128 5600 Nic-aena,
2180 5534 2268 5602 IV,
2303 5537 2371 5596 8;
2406 5533 2474 5600 Χ,
2514 5534 2561 5587 Ι.
2628 5533 2700 5585 De
2740 5530 2979 5584 adventu
3032 5529 3129 5585 Dei
3189 5528 3244 5582 in
3297 5541 3481 5590 carne,
3513 5522 3603 5588 ΙΧ,
3641 5523 3690 5611 7.
3727 5521 3805 5576 De

544 5622 929 5677 lncarnatioue
962 5621 1146 5693 Verbi,
1176 5626 1242 5690 ν,
1268 5610 1345 5696 V9;
1377 5626 1473 5691 ΙΧ,
1510 5627 1566 5683 3.
1606 5627 1776 5696 Epist.
1808 5627 1872 5680 ad
1923 5625 2084 5696 Sera;

2187 5613 2304 5690 lem,
2339 5621 2461 5687 νη,
2513 5623 2568 5683 5.
2626 5619 2774 5685 4.9;
2836 5614 2970 5686 Vili,
3024 5617 3093 5684 ἃς
3152 5615 3248 5682 1X,
3276 5617 3331 5682 5,
3366 5615 3425 5682 6,
3468 5613 3520 5670 9.
3585 5610 3807 5681 Dialogo

544 5709 847 5767 Ortbodoxi
874 5722 929 5769 et
957 5716 1235 5781 Anomi,
1270 5717 1358 5782 IX,
1396 5718 1450 5782 ὁ,
1482 5718 1512 5771 7
1541 5733 1557 5780 ;
1586 5717 1655 5778 Χ,
1683 5716 1739 5781 4,
1778 5716 1846 5781 7;
1889 5716 1944 5769 in
1978 5714 2477 5784 Expositioue'tidei
2508 5714 2564 5768 in
2598 5711 2775 5781 prima
2806 5710 3021 5781 synodo
3076 5708 3097 5779 (
3126 5707 3438 5780 symbolum
3463 5702 3731 5765 -ἱιιιθηίαὶι
3760 5703 3805 5765 )ς

547 5796 636 5858 IX.
676 5799 731 5859 3,
765 5800 916 5863 Disn.
953 5818 1147 5863 contra
1183 5804 1372 5863 Ari'an.
1406 5804 1498 5869 ix,
1543 5805 1597 5860 ti.
1631 5803 1986 5868 Cuntra'cts,
2021 5806 2114 5877 qui
2146 5803 2394 5864 serviunt
2423 5799 2606 5856 verbis
2657 5808 2711 5855 et
2747 5812 2853 5855 non
2893 5796 3216 5854 nominibus
3260 5806 3543 5852 sacrarunt
3597 5790 3810 5845 littera-

548 5900 693 5954 tum,
724 5885 814 5957 IX,
856 5890 911 5950 6.
3142 5886 3155 5901 ’
