4082 6460
478 411 589 480 995
1192 409 1439 472 INDEX
1474 404 1984 469 SCRIPTORUM
2026 404 2113 467 IN
2154 403 2425 466 DECAD-
2470 402 3072 468 CYPARISSIOT/E.
3667 411 3777 477 996

558 529 857 601 (Leontius
898 527 1027 597 Byz.
1058 535 1251 580 contra
1286 525 1817 593 Aphthortodocetas,
1849 522 2052 575 citalur
2079 520 2133 573 in
2161 518 2377 575 scholiis
2413 515 2680 573 Ταννὶαηὶ
2717 520 2786 572 ad
2828 517 2937 573 VII
2948 516 2999 584 1,
3025 518 3080 582 9,
3131 528 3322 573 auctor
3369 522 3639 580 eruditiss.
3677 526 3771 581 ho.

485 621 689 676 Contra
723 613 1035 670 Nestorium
1067 625 1117 668 et
1146 610 1448 683 Eutychen,
1478 612 1551 664 ad
1579 608 1686 674 IX,
1719 608 1775 667 9.
1804 608 1823 680 )

565 730 586 801 (
618 725 840 783 Manuel
867 724 1113 789 Calecas,
1139 724 1278 778 libro
1321 722 1397 777 De
1421 717 1690 777 Trinitate
1714 721 1915 774 citetur
1945 720 1999 773 in
2034 717 2291 776 Turriani
2329 720 2571 784 schoiiis,
2608 719 2680 773 ad
2713 718 2779 784 X,
2816 718 2952 788 I0.)

572 818 632 872 S.
671 814 945 869 Maximus
980 813 1047 868 ad
1081 812 1304 883 Dionys.
1356 811 1781 882 Areopagitam,
1822 807 1868 870 1,
1900 809 1966 874 1;
2012 806 2100 867 III.
2131 808 2187 873 8,
2232 808 2292 875 9,
2333 821 2441 866 etc.
2490 808 2894 881 Explanatioue
2956 808 3146 865 subtili
3200 810 3560 879 precationis,
3610 814 3775 873 Pater

494 916 694 970 noster,
754 901 849 967 IX,
885 903 939 957 ’5.
979 901 1035 955 In
1063 899 1416 971 theologicis,
1456 898 1522 966 II,
1559 899 1616 963 5,
1651 899 1710 963 4,
1738 897 1793 964 6,
1828 897 1882 963 7,
1916 897 1985 965 9;
2021 894 2106 962 VI,

2164 896 2499 954 LCenturia:
2535 913 2576 957 ι,
2608 899 2792 967 capite
2821 897 3077 966 septimo,
3127 895 3195 962 Χ,
3250 896 3306 951 9.
3351 898 3543 970 Capite
3595 903 3663 959 '58
3719 918 3776 960 et

494 996 563 1051 '59
601 991 864 1049 centuriae
891 990 1118 1061 quinta,
1148 982 1262 1051 VII,
1294 986 1347 1042 5.
1378 988 1529 1058 Disp.
1577 993 1776 1043 contra
1814 985 2110 1057 Pyrrhum,
2151 983 2242 1052 111,
2275 986 2347 1054 5;
2394 986 2459 1054 V,
2491 986 2566 1053 9;
2596 984 2668 1047 Χ.
2707 987 2762 1041 4.
2794 986 2848 1039 In
2878 986 3170 1040 sententiis
3201 986 3452 1058 Gregorii
3506 991 3774 1062 theologi,

490 1080 583 1145 III,
625 1080 695 1144 2;
734 1076 872 1140 VIII,
924 1077 975 1130 I.
1032 1073 1426 1144 Speculatione
1450 1074 1628 1145 magis
1659 1072 1887 1128 dilatata
1922 1074 1990 1129 de
2031 1072 2544 1144 transﬁguratioue,
2568 1072 2661 1138 VI,
2689 1072 2744 1128 5.
2796 1071 3034 1129 Basilius
3068 1072 3347 1131 aduotatis
3373 1091 3405 1130 a
3440 1075 3500 1131 8.
3533 1077 3777 1138 Maximo

494 1170 565 1223 de
604 1167 826 1235 energia
856 1174 1049 1221 contra
1092 1156 1510 1229 Monothelitas,
1554 1160 1645 1226 III,
1688 1162 1743 1216 4.
1781 1160 1973 1224 Libro,
2005 1160 2152 1231 quod
2187 1161 2243 1217 in
2272 1161 2499 1217 Christo
2529 1169 2617 1217 est
2653 1175 2861 1227 rerum,
2904 1160 2959 1217 id
2984 1172 3070 1216 est
3101 1162 3567 1230 substantim‘um,
3609 1168 3769 1224 (1111⁵8-

493 1252 791 1320 rentia,X,
825 1253 879 1308 8.
918 1252 1113 1323 Capite
1142 1250 1175 1305 9
1203 1251 1470 1306 centurize
1522 1259 1738 1321 quartas
1769 1250 1837 1305 de
1887 1250 2182 1314 charitate,
2227 1249 2339 1316 VII,
2391 1249 2443 1304 9.
2487 1248 2544 1306 In
2581 1249 2845 1306 centuriis
2885 1249 3238 1321 theologicis,
3288 1261 3503 1309 cuntur.
3553 1271 3636 1318 III,
3677 1274 3768 1314 ca.

490 1344 603 1415 pite
634 1345 817 1407 tertio,
847 1340 918 1405 Χ,
945 1343 1013 1404 8;
1055 1349 1280 1409 quarto,
1311 1338 1380 1402 Χ,
1424 1338 1494 1402 7;
1534 1338 1796 1407 septimo,
1831 1335 1941 1403 VII,
1984 1337 2079 1403 I0;
2107 1352 2235 1407 cap.
2267 1336 2362 1402 42,
2392 1337 2569 1400 ibid.;
2601 1337 2847 1393 centuria
2883 1335 3079 1408 prima,
3113 1351 3237 1407 cap.
3271 1339 3327 1405 2,
3368 1338 3507 1405 VIII,
3545 1343 3564 1396 I
3594 1360 3610 1409 ;
3641 1361 3764 1417 cap.

492 1433 586 1499 '55,
628 1430 768 1493 VIII,
808 1432 876 1493 ις
916 1445 1039 1498 cap.
1081 1428 1114 1481 6
1182 1428 1356 1482 tertiae
1396 1428 1679 1489 centuriae.
1722 1425 1862 1490 VIII.
1904 1428 1961 1481 2.
2003 1426 2208 1482 Octava
2238 1425 2525 1490 Centuria,
2563 1440 2698 1497 cap.
2729 1424 2823 1490 88,
2871 1422 3003 1492 VIII,
3044 1425 3120 1493 4;
3163 1440 3287 1496 cap.
3350 1426 3443 1495 87,
3506 1428 3645 1498 VIII,
3710 1435 3765 1489 5.

492 1521 725 1576 Centur.
762 1534 821 1572 III
865 1519 935 1572 de
960 1516 1255 1582 charitate,
1288 1530 1413 1586 cap.
1450 1514 1543 1579 2I,
1589 1511 1725 1581 VIII,
1767 1515 1839 1581 ὅς
1887 1530 2013 1585 cap.
2054 1513 2147 1579 27,
2189 1511 2331 1581 VIII,
2360 1513 2433 1580 7;
2485 1528 2609 1583 cap.
2651 1513 2744 1580 29,
2791 1513 2926 1579 VIII,
2962 1514 3020 1573 9.
3074 1513 3337 1573 Centuria
3380 1534 3457 1578 vr.
3503 1534 3622 1589 cap.
3668 1522 3762 1580 84.

495 1605 657 1670 VIII,“
678 1607 733 1661 6.
778 1606 1038 1661 Centuria
1071 1622 1151 1671 ιν,
1188 1619 1313 1676 cap.
1366 1604 1392 1658 I
1420 1612 1475 1659 et
1508 1602 1564 1668 4,
1596 1601 1692 1669 IX,
1726 1601 1830 1670 Io;
1860 1617 1986 1676 cap.
2026 1602 2083 1674 8,
2112 1603 2185 1670 Χ,
2223 1603 2298 1672 I;
2348 1602 2706 1661 adnotatione
2758 1603 3107 1661 exmsocus
3163 1604 3343 1674 posita
3402 1608 3468 1663 ad
3528 1618 3687 1678 caput
3731 1611 3766 1662 2

495 1696 775 1751 Centuriae
800 1693 1014 1764 prima,
1056 1691 1125 1759 Χ,
1159 1693 1216 1748 4.

573 1802 777 1859 Phaedo
813 1801 1194 1874 philosophus,
1239 1799 1383 1856 infra
1412 1799 1469 1855 in
1512 1798 1751 1872 synodo.

572 1893 803 1951 Photius
840 1891 1153 1962 patriarcha
1183 1889 1585 1962 questionibus
1631 1887 1700 1942 ad
1744 1886 2201 1958 Amphilochium
2234 1899 2435 1964 quast.
2470 1890 2561 1955 75,
2612 1887 2725 1956 VII,
2773 1888 2822 1945 I.
2884 1886 3115 1949 Easdem
3154 1888 3289 1949 citat
3372 1889 3663 1948 furi-ianus
3692 1892 3752 1947 in

503 1982 733 2041 scholiis
772 1981 840 2036 ad
874 1978 1014 2045 VIII,
1052 1981 1109 2035 4.

575 2070 890 2134 Sadducmi,
932 2067 1002 2136 Χ,
1038 2070 1092 2123 1.

577 2156 782 2214 Sextus
805 2156 1213 2214 ecclesiasticus
1251 2159 1646 2231 philosOphus,
1677 2162 1748 2229 X,
1786 2162 1873 2219 I0.

574 2246 943 2317 Sophronius,
971 2245 1523 2319 Hierosolymitanus,
1559 2248 1657 2313 IX,
1681 2249 1738 2305 2.
1816 2312 1830 2321 _

578 2335 836 2405 Synodus
869 2350 884 2388 I
927 2336 1271 2391 (acumenica
1301 2350 1367 2391 ex
1401 2339 1771 2409 responsione
1808 2336 2036 2394 Patrum
2061 2336 2130 2394 ad
2151 2335 2568 2409 philosophum,
2600 2348 2767 2405 quam
2804 2331 3076 2391 Eusebius
3106 2331 3305 2392 litteris
3349 2332 3647 2399 mandavit,
3677 2332 3770 2401 III,

501 2425 559 2479 4.
598 2422 910 2493 Disputatio
940 2432 1138 2478 contra
1171 2422 1505 2480 Phaedonem
1536 2426 1962 2497 philosophum,
1999 2441 2124 2498 qua:
2154 2433 2243 2481 est
2273 2424 2330 2479 in
2365 2424 2541 2494 prima
2575 2422 2813 2494 synodo,
2847 2418 2947 2485 IX,
2977 2423 3034 2477 2.
3570 2418 3575 2423 ”

582 2510 840 2581 Synodus
882 2510 1070 2565 habita
1105 2520 1303 2567 contra
1364 2512 1702 2569 Manichaos
1738 2512 1810 2567 ab
1859 2512 2115 2569 Abucara
2150 2512 2265 2569 sive
2290 2512 2549 2583 episcopo
2577 2513 2869 2567 Cari-arum
2922 2508 3025 2579 (S.
3057 2506 3368 2577 Archelao)
3407 2521 3472 2563 ex
3521 2506 3771 2565 Panariis

501 2604 523 2672 (
555 2600 935 2671 S.‘Epiphanii
960 2601 1002 2672 ),
1041 2599 1131 2666 III,
1173 2600 1353 2668 4;-V,
1383 2603 1441 2656 2.

577 2690 837 2761 Synodus
869 2707 902 2746 a
951 2690 1245 2746 Theodoro
1271 2691 1531 2747 Abucara
1577 2701 1773 2749 contra
1806 2692 2141 2749 Manichaeos
2180 2688 2392 2755 habita,
2426 2704 2549 2760 quae
2576 2683 2753 2746 fertur
2792 2686 2845 2742 in
2881 2683 2950 2742 iis
2975 2700 3096 2757 qua:
3134 2693 3325 2739 contra
3365 2701 3553 2742 omnes
3593 2688 3767 2743 hm-

500 2794 593 2836 ses
633 2778 837 2848 scripta
872 2787 1023 2841 sunt,
1065 2776 1154 2843 III,
1193 2775 1246 2832 5.
1290 2772 1569 2848 Suspicor,
1611 2777 1875 2836 Theodori
1904 2795 2097 2835 nomen
2126 2778 2396 2848 adjectum
2445 2793 2555 2834 esse
2584 2775 2653 2833 ab
2686 2775 2864 2832 aliena
2901 2790 3082 2842 manu,
3116 2781 3165 2827 et
3199 2775 3436 2828 eumdem
3454 2774 3771 2830 Archelaum

500 2878 662 2939 atque
684 2853 975 2935 Epiphanii
1005 2863 1248 2919 Panaria
1281 2865 1527 2937 intelligi.

580 2952 764 3008 Editio
805 2965 1009 3008 sanctae
1041 2962 1090 3007 et
1121 2955 1481 3009 accumenicae
1514 2954 1694 3011 tertiae
1726 2955 1944 3027 synodi,
1984 2955 2080 3021 IX,
2109 2955 2167 3010 2.

579 3038 872 3096 Confessio
901 3049 1107 3098 sancta:
1146 3047 1204 3096 et
1240 3040 1598 3097 oecumenica‘.
1624 3052 1795 3099 sexta:
1838 3044 2032 3115 synodi
2062 3041 2157 3109 IX,
2187 3042 2243 3099 2.

580 3129 826 3185 Teuthes
856 3128 1304 3198 antiquissimus,
1338 3128 1436 3199 qui
1474 3130 1703 3186 nomina
1754 3132 1921 3187 rebus
1946 3128 2232 3201 imposuit,
2263 3128 2357 3199 IV,
2389 3128 2445 3187 6.

579 3213 909 3272 Theodorus
934 3217 1215 3281 Abucara,
1258 3230 1423 3287 supra
1462 3216 1518 3271 in
1584 3217 1799 3289 synodo
1825 3228 2018 3275 contra
2057 3216 2407 3273 Manichacus.

470 3304 473 3307 ⁷
578 3300 905 3359 Theodorus
947 3301 1208 3372 Graptus,
1248 3300 1337 3370 III,
1368 3299 1422 3357 7.
1458 3298 1722 3361 Oratione
1757 3317 1949 3362 contra
1986 3305 2311 3370 Eusebium,
2360 3300 2447 3373 Vl,
2484 3306 2540 3361 4.
2575 3305 2856 3363 Adversus
2902 3302 3319 3368 Iconomacbos,
3351 3300 3441 3367 VI,
3483 3301 3557 3367 5;
3605 3299 3676 3365 Χ,
3700 3303 3767 3385 .4.

511 3390 785 3446 Tractans
815 3391 1026 3446 dictum
1051 3390 1262 3460 Basilii,
1305 3391 1377 3447 X.
1414 3394 1470 3449 4.

586 3478 803 3534 Dictum
838 3489 986 3536 esta
1043 3480 1316 3551 theologis
1369 3482 1422 3537 iu
1467 3482 1661 3553 quinta
1711 3494 1767 3540 et
1813 3494 2009 3553 quarta
2075 3484 2283 3541 decade
2341 3483 2591 3543 initiarim
2646 3486 3010 3557 expositionis
3072 3484 3385 3541 divinorum
3459 3480 3772 3547 nominum,

513 3567 628 3631 VII,
669 3566 725 3623 6.

582 3655 810 3711 Divinus
833 3654 1216 3727 Theophanes,
1251 3657 1321 3719 Χ,
1360 3659 1415 3713 5.
1448 3660 1509 3713 In
1554 3661 1786 3719 canticis
1816 3662 1958 3729 suis,
2008 3660 2128 3730 VII,
2162 3661 2222 3720 2.

581 3740 910 3803 Valentinus
941 3746 1258 3812 haereticus,
1293 3744 1389 3813 IX,
1436 3746 1488 3801 7.
