4082 6438
475 354 612 428 nm
1640 353 2001 417 narrum
2039 351 2568 414 CANTACUZENI
3573 309 3724 419 toto

1104 469 1422 524 SCIIOLIA.
1444 523 1452 533 ,
2071 471 2118 526 Α

2071 471 2118 526 Α
2805 461 3076 519 ΣΧΟΛΙΑ.

439 605 447 613 ’
539 567 731 622 Omnis
762 566 934 619 virtus
967 575 1022 618 et
1061 565 1306 633 operatio
1351 561 1687 617 sanctissimi
1717 559 1956 630 Spiritus
1985 557 2040 610 in

2220 555 2375 609 Πᾶσα
2396 556 2625 625 δύναμις
2653 558 2746 610 καὶ
2771 543 3024 627 ἐνέργεια
3055 556 3150 610 τοῦ
3183 559 3454 624 παναγίου
3477 559 3727 630 Πνεῦμα-

473 657 853 730 beataVirgine
874 658 1157 712 habitavit.
1174 657 1441 723 Quocirca
1464 654 1728 724 propheta
1749 651 2044 708 variislau-

2147 664 2237 710 τος
2273 649 2332 700 ἐν
2360 651 2426 718 τῇ
2479 648 2728 718 μακαρίᾳ
2760 650 3024 719 Παρθένῳ
3062 650 3352 720 κατῴκησε
3379 666 3393 682 °
3441 652 3613 723 ταύτῃ
3645 670 3725 708 τοι

469 755 595 806 dum
628 750 948 805 nominibus
1002 751 1173 818 ipsam
1225 747 1524 802 celebravit
1570 745 1776 802 :modo
1821 742 2042 812 quidem

2147 739 2241 791 καὶ
2266 741 2293 792 6
2314 741 2604 809 προφήτης
2623 741 2889 804 ποικίλοις
2918 742 3092 811 αὐτὴν
3120 741 3424 813 ὲξύμνησεν
3457 743 3684 815 ὀνόμασι
3710 760 3724 775 ·

465 845 748 913 appellans
800 841 1026 905 lectum,
1059 840 1223 895 modo
1269 840 1517 904 domum,
1577 845 1636 893 et
1676 837 1805 891 alibi
1864 836 2041 889 aliter.

2149 829 2283 882 ποτὶ
2335 831 2432 900 μὲν
2470 830 2699 902 κλίνην,
2741 832 2930 886 ἄλλοτε
2977 833 3034 887 δὲ
3071 831 3259 900 οἷκον,
3312 836 3406 888 καὶ
3441 838 3498 888 ὲν
3547 835 3727 898 ἄλλοις

465 934 564 988 llic
599 949 726 988 vero
752 946 1010 1002 sponsam
1032 930 1347 989 nominans,
1383 929 1516 984 dicit
1547 945 1562 981 :
1604 927 1733 982 Veni
1756 942 1789 980 ο
1819 923 2042 988 Libano,

2148 923 2317 988 ἄλλα,
2374 923 2607 978 ἐνταῦθα
2651 924 2706 978 δὲ
2747 925 2968 997 νύμφην
3004 928 3311 997 ὀνομάζων,
3344 930 3478 999 φησί
3503 945 3517 959 ·
3547 931 3728 997 Δεῦρο

462 1042 675 1093 sponsa.
702 1024 833 1091 Quae
854 1023 1106 1078 videlicet
1121 1038 1149 1076 a
1165 1022 1273 1077 Deo
1289 1021 1694 1091 generationem
1715 1017 1976 1082 habuisti,
1993 1026 2047 1071 et

2147 1015 2268 1070 ἀπὸ
2293 1014 2578 1078 Λιϐάνου,
2601 1016 2833 1085 νύμφη,
2866 1019 2898 1087 ἡ
2931 1020 2997 1071 ἐκ
3030 1019 3169 1072 Θεοῦ
3197 1019 3440 1088 δηλονότι
3459 1020 3555 1091 τὴν
3579 1023 3732 1090 γένερ

463 1127 573 1172 tota
606 1116 698 1171 Dei
729 1117 922 1172 ellecta
945 1123 1184 1185 esatque
1203 1114 1410 1168 divina.
1439 1113 1544 1166 Per
1563 1113 1832 1166 Libanum
1862 1118 2044 1166 autem

2152 1121 2238 1157 σιν
2269 1107 2555 1176 ἐσχηκυῖα,
2600 1108 2696 1160 καὶ
2727 1107 2825 1177 ὅλη
2849 1123 2908 1160 τε
2944 1109 3195 1180 θεωμένη
3227 1111 3726 1180 τυγχάνουσα.”οτι

465 1212 550 1266 hic
565 1224 782 1279 quoque
805 1209 972 1262 Deum
997 1206 1352 1269 intellexisse,
1386 1205 1556 1259 Isaias
1581 1204 1635 1258 in
1670 1217 1910 1273 praesens
1944 1215 2046 1256 suo

2147 1195 2203 1250 δὲ
2259 1196 2346 1250 διὰ.
2400 1197 2496 1250 τοῦ
2556 1197 2792 1250 Λιϐάνου
2856 1199 3138 1253 κάνταῦθα
3194 1199 3328 1252 Θεὸν
3386 1199 3727 1271 δεδήλωκεν,

461 1301 728 1370 approbet
748 1301 1064 1355 testimonio
1084 1300 1192 1366 ;a,it
1209 1299 1354 1352 enim
1379 1315 1393 1351 :
1418 1294 1601 1350 Gloria
1615 1295 1804 1350 Libani
1826 1295 1956 1348 data
1967 1303 2043 1348 est

2160 1289 2392 1351 Ἡσαΐας
2419 1287 2612 1360 παρὼν
2639 1291 3131 1362 συμμαρτυρείτω.
3171 1292 3385 1361 Ἐδόθη
3413 1292 3522 1362 γὰρ
3545 1294 3727 1362 αὐτῷ,

459 1398 508 1450 ei
523 1397 567 1429 ⁸⁸
586 1412 604 1461 ;
626 1395 850 1464 perinde
866 1409 931 1449 ac
949 1394 1180 1456 diceret,
1210 1393 1268 1445 Ei
1287 1391 1452 1446 cessit
1483 1391 1535 1444 in
1556 1397 1760 1444 sortem
1779 1388 2042 1442 Libsnns.

2171 1381 2337 1448 μησὶν,
2399 1381 2438 1449 ἡ
2504 1381 2655 1445 δόξα
2704 1381 2814 1436 τοῦ
2859 1383 3144 1438 Λιϐάνου.
3199 1382 3366 1437 Ὠσᾶιν
3408 1387 3456 1438 εί
3505 1386 3725 1454 ἔλεγεν*

465 1489 668 1552 Venies,
695 1497 744 1542 et
773 1488 1039 1556 pervenies
1073 1503 1106 1539 a
1148 1486 1338 1540 vertice
1396 1484 1556 1552 ﬁdei;
1615 1498 1680 1537 ac
1715 1483 1760 1538 si
1788 1482 1998 1536 diceret
2027 1498 2041 1535 :

2159 1473 2495 1542 Ἀφώρισται
2545 1473 2694 1543 αὐτῷ
2735 1475 2817 1538 είς
2855 1474 3060 1545 κλῆρον
3085 1475 3115 1527 6
3161 1474 3415 1538 Λίϐανος.
3466 1477 3725 1548 Ἑλεύσῃ

462 1580 565 1641 Tu,
605 1595 727 1650 quae
758 1580 874 1634 sola
919 1577 1094 1643 luisti,
1130 1587 1392 1648 tanquam
1430 1578 1482 1631 in
1525 1577 1718 1630 vertice
1749 1574 1898 1643 ﬁdei,
1957 1589 2042 1628 ve-

2148 1569 2249 1620 καὶ
2295 1566 2585 1636 dielabor;
2634 1568 2739 1622 ἀπ’
2781 1565 2975 1636 ἀρχῆς
3005 1569 3299 1635 πίστεως·
3344 1570 3466 1622 ἀντὶ
3496 1569 3611 1634 τοῦ,
3652 1571 3723 1624 Σὺ

463 1674 570 1726 nies
601 1672 667 1726 ad
703 1673 893 1736 vitam,
922 1685 1022 1725 nec
1048 1671 1114 1722 ad
1144 1670 1306 1737 hujus
1369 1673 1494 1723 vita:
1553 1668 1696 1722 mala
1746 1667 2037 1738 pervenies.

2152 1659 2288 1730 μόνη
2329 1663 2406 1722 ὡς
2453 1658 2559 1712 ἀπ’
2615 1658 2814 1728 ἀρχῆς
2863 1659 2974 1728 τῆς
3007 1659 3275 1726 πίστεως
3323 1661 3452 1714 οῦσα
3499 1661 3722 1730 Medon

463 1764 582 1826 Vel,
610 1765 653 1818 Α
686 1763 873 1817 vertice
919 1763 1046 1831 ﬁdei
1075 1761 1272 1825 venies,
1309 1771 1364 1816 et
1387 1761 1462 1815 nil
1491 1758 1696 1817 fmdum
1751 1768 1848 1815 aut
1902 1758 2044 1813 indi-
2073 1801 2075 1812 .

2107 1752 2286 1854 ιπρὸς
2321 1751 2414 1806 τὸν
2468 1751 2600 1823 βίον.
2646 1753 2740 1805 καὶ
2786 1751 2896 1805 τῶν
2933 1751 3126 1806 τούτου
3176 1752 3386 1816 κακῶν,
3436 1754 3719 1824 ἀπείρατος

463 1871 630 1924 gnum
670 1855 784 1912 Deo
807 1871 874 1911 es
911 1865 962 1911 te
983 1865 1112 1909 nato
1133 1853 1528 1924 suspicaberis.
1567 1852 1841 1907 Pervenies
1863 1869 1896 1906 α
1949 1867 2042 1905 ea-
2073 1848 2075 1856 “

2098 1843 2116 1858 '
2144 1843 2475 1912 ϐιελεύσῃ·
2515 1844 2572 1916 ἢ,
2625 1845 2748 1927 ἀπὸ
2797 1843 2995 1913 ἀρχῆς
3029 1844 3292 1911 πίστεως
3331 1845 3580 1913 ἐλεύσῃ,
3620 1845 3710 1897 καὶ

463 1950 570 2017 pile
593 1946 796 2012 Saniir,
822 1957 870 2001 et
899 1947 1152 2002 Acmon.
1177 1946 1352 2002 llosce
1390 1947 1456 2001 ad
1488 1955 1702 2001 montes
1729 1944 2040 2015 patriarcha

2149 1934 2316 2005 μηδὲν
2345 1935 2695 2006 ὑπονοήσασα
2725 1934 2984 2005 χαλεπὸν,
3025 1935 3151 2006 μηδ’
3185 1934 3402 2000 ἀνάξιον
3447 1933 3536 1994 τοῦ
3568 1935 3715 2004 παρὰ

461 2042 707 2110 confugit
736 2039 929 2104 Jacob.
957 2042 1179 2111 quando
1200 2039 1640 2111 persequebatur
1667 2053 1793 2092 eum
1830 2038 2040 2102 Laban,

2147 2027 2242 2082 σοῦ
2293 2028 2578 2098 τεχθέντος
2607 2027 2766 2081 Θεοῦ.
2827 2029 3124 2098 Διελεύσῃ
3159 2029 3280 2111 ἀπὸ
3313 2026 3580 2098 κεφαλῆς
3608 2030 3721 2083 Σα-

463 2108 718 2189 contritis
755 2136 909 2205 prius
951 2108 1004 2188 in
1039 2108 1241 2200 Galaa-d
1285 2108 1418 2202 ipsis
1446 2131 1758 2186 daemonum
1806 2129 2042 2185 simula-

2144 2121 2295 2189 rtslp
2330 2120 2433 2174 καὶ
2460 2119 2735 2190 Ἀερμών.
2779 2121 2874 2174 Ἐν
2909 2121 3092 2184 αὐτοῖς
3119 2108 3235 2184 tot?
3264 2121 3446 2192 δρεσιν
3474 2122 3502 2174 ό
3527 2137 3747 2192 πατρι--

461 2229 592 2283 cris.
616 2227 751 2283 Cum
787 2227 972 2296 itaque
1002 2225 1262 2280 laudibus
1283 2238 1509 2294 quoque
1569 2222 1869 2277 celebraret
1920 2221 2042 2277 Vir-

2146 2215 2322 2282 ἀρχης
2366 2212 2710 2283 ἐφυγαδεύθη
2774 2211 2972 2267 Ἰακὼϐ
3034 2212 3368 2283 διωκόμενος
3420 2214 3573 2280 παρὰ
3627 2210 3723 2265 τοῦ

461 2321 666 2386 ginem,
712 2335 833 2389 qua:
861 2318 1232 2374 debellaverat
1269 2314 1574 2369 adversarii
1603 2313 1714 2367 vim
1747 2323 1913 2382 atque
1938 2326 2041 2381 po-

2144 2305 2356 2377 Λάϐαν,
2406 2306 2710 2369 συνθλάσας
2756 2307 3022 2377 πρότερον
3051 2306 3111 2359 ὲν
3148 2305 3364 2360 Γαλαὰδ
3410 2307 3480 2359 τὰ
3522 2305 3721 2376 ὁμοιώ-

461 2413 709 2476 tentiarn,
744 2419 799 2466 et
831 2409 1154 2478 confugerat.
1187 2408 1243 2462 in
1273 2390 1619 2461 altitudinem
1664 2403 1984 2467 divinitatis,
2010 2417 2040 2455 a

2149 2416 2295 2468 ματα
2331 2397 2438 2453 τῶν
2469 2399 2764 2469 δαιμόνων.
2811 2397 3093 2470 Ἐξυμνῶν
3121 2393 3214 2453 οῦν
3257 2401 3348 2453 καὶ
3383 2399 3481 2466 τὴν
3512 2399 3719 2471 Παρθέ-

463 2506 740 2560 montibus
767 2510 1007 2567 revocat,
1037 2500 1267 2556 dicens:
1305 2498 1436 2554 Veni
1471 2515 1504 2551 a
1531 2497 1705 2566 capite
1752 2494 1940 2550 Saniir
1989 2501 2039 2546 et

2145 2509 2257 2555 vov,
2310 2492 2385 2555 ὡς
2421 2491 2872 2547 καταϐάλλουσαν
2895 2491 2992 2546 τοῦ
3037 2492 3418 2562 ἀντικειμένου
3441 2494 3538 2561 τὴν
3564 2493 3721 2548 δύνα-

460 2599 708 2662 Aermon,
745 2611 778 2648 a
807 2593 1066 2648 cubilibus
1099 2589 1337 2652 leonum,
1369 2607 1401 2642 a
1444 2588 1709 2642 montibus
1750 2586 2042 2656 parderum

2147 2600 2258 2652 μιν,
2291 2583 2385 2637 καὶ
2407 2584 2839 2652 φυγαδευθεῑσαν
2864 2585 2922 2636 ἂν
2947 2582 3024 2654 τῷ
3048 2583 3172 2653 ὕψει
3200 2586 3299 2655 τῆς
3319 2584 3593 2656 θεότητος,
3613 2583 3719 2638 ἀπὺ

461 2698 649 2758 utpote
701 2702 862 2756 quae,
929 2700 1054 2740 cum
1115 2697 1182 2737 ex
1243 2681 1411 2751 regi0°
1461 2693 1660 2751 genere
1712 2687 1769 2733 et
1822 2675 2042 2730 Judazo-

2216 2693 2252 2727 ιν
2319 2677 2491 2745 ὀρέων
2545 2675 2720 2738 καλεῖ,
2773 2676 2983 2745 λέγων’
3046 2677 3229 2746 Δεῦρο
3285 2675 3404 2732 ἀπὸ
3450 2676 3720 2747 κεφαλῆς
3821 2731 3828 2738 ,

461 2793 584 2834 rum
619 2778 916 2849 synagogis
959 2775 1340 2840 descenderet,
1373 2771 1822 2828 cacodaamon'um
1855 2777 2040 2823 tamen

2145 2766 2383 2836 Σανιείρ
2409 2768 2510 2822 καί
2549 2769 2823 2837 Ἇερμὼνξ
2857 2769 2976 2823 ἀπὸ
2994 2769 3277 2839 μανᾶρῶν
3305 2769 3719 2836 λεόντωνβπὸ

461 2870 756 2924 debellavit
826 2867 1137 2922 violentiam
1171 2905 1190 2934 ,
1245 2862 1685 2935 quandoquidem
1746 2871 1922 2929 usque
1973 2859 2039 2914 ad

2144 2861 2328 2928 ὁρέων
2347 2860 2709 2929 παρδάλεων
2729 2878 2742 2892 ·
2779 2862 2920 2933 ἦτοι,
2956 2865 3022 2916 ὲκ
3053 2863 3148 2917 τοῦ
3178 2863 3723 2934 βασιλικοῦααταγο-

459 2961 692 3023 Christi,
727 2975 795 3014 ex
827 2959 946 3029 ipsa
983 2956 1208 3028 Virgine
1249 2957 1386 3020 nati,
1427 2958 1754 3020 adventum,
1780 2968 1891 3008 non
1950 2967 2040 3009 se-

2146 2953 2281 3022 μὲνη
2314 2953 2530 3019 γένους,
2561 2956 2656 3008 καὶ
2683 2954 2793 3007 τῶν
2827 2955 3136 3009 Ἰουδαϊκῶν
3156 2956 3490 3024 συναγωγῶν
3511 2995 3526 3020 ,
3554 2956 3586 3027 ἢ
3613 2955 3723 3009 τῶν

461 3067 642 3108 cusac
667 3051 790 3122 agni
825 3065 854 3104 a
889 3049 1104 3119 laqueis
1167 3049 1416 3113 leonum,
1458 3046 1905 3102 adversariorum
1957 3045 2040 3099 ni-

2145 3042 2400 3112 πονηρῶν
2455 3042 2731 3112 δαιμόνων
2790 3045 2824 3114 ἡ
2877 3043 3216 3114 διαδρᾶσασα
3264 3046 3363 3118 τὴν
3419 3047 3715 3117 ἐπήρειαν·

462 3145 663 3199 nail-nm
699 3143 962 3208 hostium,
992 3141 1162 3196 vincti
1183 3139 1504 3197 fueramus:
1533 3152 1674 3207 quos
1688 3138 1892 3192 bestias
1912 3137 2036 3205 qui-
2070 3160 2074 3189 t

2109 3181 2112 3199 ,
2145 3133 2273 3205 ἄχρι
2310 3135 2420 3202 γὰρ
2465 3137 2566 3204 τῆς
2605 3136 2914 3205 παρουσίας
2943 3135 3038 3190 τοῦ
3071 3136 3244 3210 ταύτῃ
3283 3137 3562 3208 τεχθέντος
3586 3139 3721 3209 Χρι-

461 3238 585 3292 item
624 3250 767 3300 esse,
804 3248 900 3304 per
952 3233 1172 3288 beatum
1193 3231 1317 3294 Job,
1373 3230 1517 3284 Deus
1574 3230 1691 3299 ipse
1740 3223 2036 3298 praedixit:

2145 3226 2293 3288 στοῦ,
2323 3226 2400 3290 ὡς
2422 3225 2588 3298 ἄρνες
2618 3227 2725 3292 ὑπὸ
2754 3227 2986 3282 λεόντων
3010 3230 3411 3300 ὲδεσμούμεθα,
3437 3230 3547 3284 τῶν
3574 3231 3721 3285 ἀντι-

463 3331 602 3386 Ecce
635 3345 772 3383 nunc
813 3328 1062 3397 adjacent
1093 3325 1186 3380 tibi
1213 3324 1395 3378 bestia
1413 3322 1498 3388 “;
1539 3331 1595 3377 et
1627 3322 1848 3378 divinus
1887 3333 2042 3394 pater

2143 3318 2414 3387 κειμένων
2441 3317 2655 3388 ἐχθρῶν
2676 3335 2691 3350 '
2722 3318 2817 3382 οὓς
2844 3321 2942 3372 καὶ
2971 3319 3140 3390 θηρία
3165 3321 3256 3375 διὰ
3286 3320 3382 3376 τοῦ
3414 3323 3719 3392 μακαρίτου

463 3420 632 3475 David
685 3421 880 3474 bestias
917 3418 1204 3473 arundinis
1245 3414 1556 3470 nominavit
1586 3414 1676 3480 ";
1727 3423 1894 3484 atque
1939 3416 2041 3470 ite-

2154 3407 2275 3460 Ἰὼϐ
2305 3409 2332 3460 6
2378 3407 2512 3472 Θεδς
2545 3410 2934 3479 προσείρηκεν.
2979 3411 3140 3466 Ἰδοὺ
3186 3411 3312 3467 νῦν
3338 3414 3722 3483 παράκεινται

460 3533 582 3571 rum
611 3515 742 3569 dicit
779 3533 792 3568 :
829 3511 911 3566 Ne
965 3512 1156 3567 tradas
1186 3509 1368 3564 bestiis
1407 3509 1649 3563 animam
1696 3509 2038 3576 conﬁtentem

2143 3516 2244 3554 σοι
2273 3501 2450 3570 θηρία
2467 3517 2481 3529 ·
2513 3503 2610 3554 καὶ
2637 3505 2667 3556 6
2692 3502 2980 3576 θεοπάτωρ
3007 3505 3176 3560 Δαϐὶδ
3201 3506 3376 3574 θηρία
3401 3507 3510 3562 τοῦ
3535 3508 3715 3562 καλά-

464 3609 555 3664 tilu’
585 3608 650 3663 ⁸⁸.
685 3608 751 3662 Et
777 3607 951 3661 Isaias
981 3605 1089 3659 hoc
1122 3604 1284 3658 modo
1331 3603 1398 3657 de
1433 3603 1550 3672 ipsa
1618 3603 1833 3658 dixerat
1863 3619 1877 3656 :
1911 3601 2041 3655 Non

2127 3609 2259 3662 ⁴μου
2291 3592 2544 3662 ὠνόμασε
2568 3610 2584 3624 ·
2607 3595 2701 3647 καὶ
2727 3593 2884 3658 αὖθίς
2913 3611 3051 3668 φησι
3071 3614 3085 3629 '
3116 3597 3216 3667 Μὴ
3254 3598 3571 3668 παραδφης
3597 3599 3719 3667 τοῖς

459 3703 558 3756 erit
581 3701 654 3754 ibi
684 3700 786 3763 leo,
831 3713 992 3769 neque
1021 3696 1136 3749 ulla
1170 3694 1440 3750 malarum
1465 3694 1758 3749 bestiarum
1795 3694 2042 3748 ascendet

2142 3687 2372 3753 θηρίοις
2388 3685 2602 3754 ψυχὴν
2624 3685 3205 3764 ἐξομολογουμένην
3225 3703 3347 3745 σοι’
3373 3691 3466 3745 καὶ
3498 3689 3717 3756 Ἡσαΐας

458 3795 708 3848 adversus
723 3791 922 3847 eam".
964 3787 1246 3859 Virginem
1277 3788 1443 3857 igitur
1469 3788 1667 3857 ipsam,
1701 3795 1890 3856 utpote
1917 3802 2040 3857 quae

2142 3775 2288 3829 οὕτω
2322 3776 2449 3845 περὶ
2495 3777 2669 3846 αὐτῆς
2707 3776 2930 3848 εἴρηκεν
2958 3797 2971 3811 ο
3007 3783 3132 3836 Οὐκ
3163 3782 3338 3836 ἔσται
3385 3782 3517 3837 ἐκεῖ
3538 3782 3717 3846 λέων,

459 3886 887 3956 primaillorum
935 3881 1380 3938 cacodaemonum
1441 3880 1668 3950 laqueos
1723 3880 1942 3946 vitarat,
2003 3895 2035 3932 a

2143 3866 2287 3922 οὐδὲ
2314 3867 2436 3922 τῶν
2473 3870 2699 3956 θηρίων
2727 3868 2847 3923 τῶν
2872 3870 3158 3940 πονηρῶν
3190 3875 3262 3928 οὐ
3287 3873 3376 3944 μὴ
3409 3875 3602 3943 ἀναϐῇ
3634 3876 3720 3939 εἰς

460 3955 722 4032 cubilibus
751 3977 982 4042 leonum,
1009 3986 1058 4030 et
1088 3993 1121 4029 α
1157 3974 1424 4032 montibus
1465 3974 1784 4041 pardarum,
1829 3974 2042 4028 scilicet

2142 3958 2339 4023 αὐτήν
2364 3975 2376 3989 ο
2399 3960 2474 4023 ὡς
2506 3955 2601 4013 οὗν
2629 3960 2858 4031 πρώτην
2883 3963 2983 4033 τὴν
3007 3965 3310 4035 Παρθένον,
3345 3967 3470 4030 τοὺς
3501 3967 3717 4021 ἐκείνων

460 4087 488 4124 a
521 4070 970 4126 cacodacmonutu
1007 4069 1244 4139 laqueis,
1287 4081 1592 4135 eorumque
1627 4068 1817 4123 taveis
1856 4079 1908 4124 et
1944 4069 2040 4135 ,ἰη-

2141 4051 2511 4120 διαφυγοῦσαν
2559 4051 2814 4122 δεσμοὺς,
2846 4055 2967 4109 ἀπὸ
3006 4057 3293 4126 μανδρῶν
3322 4060 3586 4113 λεόντων
3617 4061 3714 4111 καὶ

461 4162 697 4226 stitutis,
725 4161 832 4216 huc
858 4171 918 4215 ut
943 4161 1122 4215 veniat.
1151 4168 1330 4215 vocat.

2143 4143 2332 4212 ὀρέων
2371 4144 2764 4214 παρδάλεων,
2793 4147 2912 4218 ἦτοι
2946 4150 3055 4203 τῶν
3079 4151 3294 4220 δεσμῶν
3345 4151 3588 4218 ἐκείνων,
3623 4150 3718 4202 καὶ

1751 4254 1754 4257 ·
2142 4236 2250 4288 τῶν
2280 4239 2402 4290 κατ’
2433 4238 2630 4302 αὐτοὺς
2652 4238 3001 4311 διαιτήσεων,
3035 4241 3210 4314 αὐτὴν
3238 4243 3402 4314 δεῦρο
3438 4243 3608 4298 καλεῖ.

1137 4339 1344 4394 CANT.

2829 4335 3041 4404 ᾼΣΜΑ.

531 4435 588 4489 9.
639 4430 950 4486 Vulnerasti
999 4447 1117 4496 nos,
1143 4448 1296 4486 soror
1329 4449 1443 4487 mea
1473 4446 1701 4504 sponsa,
1747 4435 2045 4488 vulnerasti
2074 4482 2120 4535 D

2115 4498 2120 4524 ἰ
2230 4425 2636 4495 Ἐκαρδίωσας
2667 4429 2845 4498 ἡμᾶς,
2880 4429 3114 4499 ἀδελφή
3142 4447 3262 4500 μου
3293 4433 3516 4502 νύμφη,
3545 4431 3727 4500 ἐκαρ-

463 4543 578 4593 nos,
612 4540 717 4578 uno
747 4525 810 4578 ab
840 4524 1007 4578 oculis
1037 4525 1162 4589 tuis,
1192 4528 1250 4580 in
1276 4541 1384 4581 una
1403 4526 1527 4582 colli
1564 4530 1640 4582 tui
1677 4529 1949 4582 insitione.
2074 4529 2075 4534 “

2116 4519 2117 4522 “
2147 4519 2377 4587 δίωσας
2406 4521 2566 4590 ἡμᾶς
2593 4523 2685 4576 ἐνὶ
2715 4524 2834 4579 ἀπὸ
2867 4522 3194 4594 ὀφθαλμῶν
3222 4539 3374 4591 σου,
3403 4525 3472 4579 ἐν
3492 4523 3603 4596 μιᾷ-
3626 4527 3728 4580 ὲν-

2149 4612 2352 4683 Οέματι
2383 4615 2489 4669 τοῦ
2521 4615 2828 4684 τραχήλου
2859 4633 2999 4671 σου.

874 4755 879 4762 .
1091 4703 1406 4762 SCHOLIA.

2797 4710 3075 4764 ΣΧΟΛῙΑ.

533 4795 592 4847 lu
616 4792 871 4849 cordibus
901 4795 1104 4850 nostris
1139 4796 1383 4852 insevisti
1413 4795 1577 4850 unius
1603 4793 1858 4852 videlicet
1885 4794 2038 4851 trinae

2220 4799 2316 4863 Εἰς
2355 4800 2455 4864 τὰς
2509 4801 2740 4872 καρδίας
2797 4801 2956 4872 ήμῶν
2996 4801 3263 4878 ὲνέθηδεας
3318 4802 3415 4874 τὴν
3463 4801 3558 4856 τοῦ
3609 4804 3725 4867 ἑνὸς

465 4886 828 4941 subsistentia:
889 4886 982 4942 Dei
1049 4889 1393 4958 splendorem
1453 4885 1811 4955 purissimum
1860 4904 1875 4942 :
1932 4904 2037 4942 uno

2145 4892 2584 4962 τρισυποστάτου
2641 4893 2778 4948 Θεοῦ
2829 4895 3076 4964 δηλονότι
3129 4895 3527 4967 καθαρωτάτην
3571 4895 3726 4948 διαύ-

464 4979 631 5044 cnim,
665 4986 718 5031 et
745 4978 801 5031 in
829 4996 939 5033 una
969 4979 1177 5046 dicens,
1213 4979 1278 5032 ad
1313 4976 1679 5047 theologicam
1732 4992 1835 5032 nos
1864 4978 2042 5033 elevat

2144 5000 2320 5052 γειαν.
2359 4983 2488 5040 Ἑνὶ
2528 4986 2636 5058 γὰρ
2673 4987 2767 5040 καὶ
2799 4987 2872 5042 ἐν
2898 4987 3008 5056 μιᾷ
3043 4990 3257 5060 φήσας.
3291 4991 3369 5053 εἰς
3413 4987 3725 5058 θεολογικὴν

466 5071 1000 5139 t-mnteuiplationem.
1031 5070 1188 5126 Sicut
1215 5070 1360 5125 enim
1396 5069 1538 5124 oculi
1581 5070 1880 5141 purissima
1912 5082 2042 5127 sunt

2144 5075 2292 5144 ἡμᾶς
2337 5075 2613 5144 ἀνήγαγεν
2654 5075 2886 5131 ἔννοιαν.
2912 5077 3126 5148 Ὥσπερ
3168 5077 3225 5131 δὲ
3269 5079 3319 5130 οἱ
3363 5077 3626 5148 ὀφθαλμοὶ
3663 5079 3729 5130 τδ

467 5152 712 5232 corporis
744 5180 891 5234 pars.
933 5173 986 5217 et
1015 5163 1216 5218 collum
1247 5169 1332 5215 est
1359 5163 1559 5230 capitis
1583 5162 1822 5217 linitima
1865 5165 2036 5229 basis,

2145 5167 2541 5239 καθαρώτατόν
2574 5173 2693 5224 ἐστι
2722 5170 2816 5225 τοῦ
2853 5170 3102 5238 σώματος
3121 5173 3348 5244 μόριον,
3379 5175 3408 5227 ό
3435 5175 3492 5229 δὲ
3520 5175 3727 5245 τράχη-

471 5257 539 5307 ita
575 5265 625 5309 et
662 5273 690 5309 a
727 5259 877 5324 puris
907 5253 1442 5309 considerationibus
1473 5252 1734 5321 Virginis,
1767 5265 1821 5310 ct
1849 5256 2039 5311 incon-

2140 5259 2233 5324 λος
2274 5262 2308 5330 ἠ
2347 5261 2448 5330 τῆς
2489 5263 2736 5333 κεφαλῆς
2783 5264 3056 5335 προσεχὴς
3097 5266 3271 5332 ἕδρα-ι
3312 5265 3456 5320 οῦτω
3493 5267 3584 5320 καὶ
3621 5265 3729 5318 ἀπὸ

469 5349 646 5402 t'ttssis
680 5349 964 5413 ﬁrmisque
999 5346 1118 5415 eius
1162 5344 1493 5412 virginitatis
1541 5345 1792 5412 basibus‘.
1827 5348 1881 5402 in
1920 5347 2039 5401 ani--

2149 5353 2258 5406 τῶν
2284 5356 2544 5426 καθαρῶν
2570 5355 2850 5427 λογισμῶν
2876 5359 2975 5428 τῆς
3007 5358 3310 5428 Παρθένου,
3338 5359 3433 5411 καὶ
3457 5352 3566 5411 τῶν
3589 5359 3730 5426 ἁμε-

472 5457 616 5492 nium
660 5439 1000 5499 inducemus,
1035 5451 1201 5489 unum
1225 5437 1414 5502 Deum,
1449 5439 1649 5494 trinum
1685 5443 1736 5494 in
1768 5456 2041 5511 personis,

2152 5448 2461 5515 τακινήτων
2492 5446 2594 5514 τῆς
2633 5449 2934 5518 παρθενίας
2976 5449 3149 5521 αὐτῆς
3188 5449 3490 5520 ἐδράσεων,
3524 5448 3728 5513 εἰςιν-

471 5529 523 5581 in
551 5547 656 5583 nua
683 5525 923 5583 essentia
961 5526 1075 5580 fore
1096 5528 1456 5584 adorandum.
2062 5596 2068 5603 ο

2153 5553 2303 5590 νοιαν
2336 5536 2572 5607 ἦλθομεν
2601 5538 2698 5594 ἕνα
2716 5540 2850 5596 Θεὸν
2879 5543 3314 5613 τρισυπόστατον
3341 5543 3402 5598 ἐν
3436 5541 3536 5612 μιᾷ
3557 5555 3721 5610 «peck

2155 5629 2340 5683 κυνεῖν
2369 5627 2549 5698 οὐσίᾳ.

545 5790 586 5820 ⁸⁵
617 5771 718 5843 lsa.
752 5798 917 5848 sum.
955 5786 1009 5843 2.
1089 5792 1132 5823 °°
1163 5789 1270 5848 Job
1327 5809 1405 5860 χι,
1442 5798 1539 5857 la,
1610 5793 1653 5824 "
1690 5793 1836 5852 Psal.
1879 5813 2054 5867 LXVII,
2087 5801 2153 5857 51

1799 5797 1836 5852 l.
1879 5813 2054 5867 LXVII,
2087 5801 2179 5857 51.
2262 5805 2304 5836 ⁸⁸
2343 5803 2490 5862 Psal.
2522 5823 2720 5873 LXXIII.
2764 5809 2852 5868 i9.
2934 5811 2977 5844 "
3023 5811 3131 5868 lsa.
3170 5812 3411 5870 xuv.9~
