4082 6486
454 442 474 504 ι
486 441 593 508 043

1618 446 1989 505 M.\TTII.EI
2030 446 2566 511 CANTACUZENI

3582 444 3722 510 1044

451 561 734 626 nimirum,
759 577 788 616 a
827 553 935 616 Deo
959 561 1026 616 ad
1074 561 1375 632 Virginem,
1408 577 1503 633 per
1529 563 1832 617 Gabrielem
1891 578 2033 615 nun.

2139 565 2440 632 ράδεισος,
2485 567 2638 636 μετὰ
2684 566 2922 648 καραξοῦ
2972 565 3323 634 ἀκροδρύων
3349 581 3363 595 ·
3408 568 3440 635 ἡ
3488 563 3576 618 διὰ
3620 564 3719 616 τοῦ

451 654 614 717 tium,
639 653 832 708 missa.
860 651 978 721 Ipsa
1012 667 1251 722 namque
1272 654 1586 722 paradisum
1625 669 1682 707 re
1712 669 1837 707 vera
1869 651 2032 706 nobis

453 744 740 810 reseravit,
769 754 820 798 et
850 742 1078 798 delicias
1108 742 1387 796 fructuum
1418 743 1566 798 illius
1597 744 1665 798 ad
1701 743 2032 798 vescendum

450 836 728 908 apposuit.
788 834 1006 888 Nardus
1049 847 1098 890 et
1156 852 1364 901 crocus,
1423 837 1610 906 ﬁstula
1661 844 1710 890 et
1759 836 2036 889 cinnamo-

449 948 620 996 mum,
651 946 771 984 cum
808 930 1047 983 omnibus
1098 929 1256 1000 lignis
1293 928 1510 983 Libani.
1548 928 1652 983 Per
1707 928 2036 984 emissiones

450 1027 747 1078 numerato
776 1029 1033 1078 recenset
1070 1021 1366 1091 praeclaras
1404 1023 1638 1092 gratias,
1663 1037 1786 1091 quae
1817 1021 1874 1075 in
1918 1022 2035 1091 ipsa

452 1117 811 1181 habitarunt;
844 1117 1204 1186 praeclariora
1239 1124 1426 1170 autem
1465 1115 1620 1185 eligit
1645 1127 1926 1180 aromata,
1981 1123 2040 1169 ut

447 1209 805 1264 excellentem
826 1209 1127 1280 gratiarum
1145 1207 1526 1278 fragrantiam,
1555 1208 1710 1262 nobis
1731 1208 1882 1264 hisce
1901 1209 2039 1276 ligu-

451 1299 529 1354 ris
579 1301 881 1370 exprimat.
931 1299 1164 1377 Myrrha
1223 1299 1362 1364 aloe,
1402 1315 1523 1352 cum
1561 1300 1804 1353 omnibus
1851 1301 2041 1369 primis

447 1393 764 1462 unguentis.
816 1392 919 1447 Per
951 1392 1231 1463 myrrham
1267 1392 1487 1460 quidem
1515 1392 1798 1447 mortalem
1831 1407 1890 1447 se
1916 1407 2042 1449 esse

447 1483 688 1538 declarat
713 1502 730 1549 ;
757 1499 852 1553 per
871 1485 988 1538 aloe
1011 1499 1138 1538 vero
1163 1484 1335 1554 ipsam
1363 1500 1603 1555 quoque,
1627 1494 1687 1539 ut
1708 1483 1832 1540 Eva:
1850 1485 2038 1550 ﬁliam,

369 1573 387 1643 Τ,
448 1561 766 1644 suscepisse
805 1576 1256 1641 amaritudinem,
1298 1578 1391 1633 sed
1420 1593 1531 1632 non
1553 1577 1834 1649 peperisse
1861 1578 1918 1632 in
1938 1578 2040 1633 do-

451 1667 702 1734 loribus,
763 1677 954 1738 utpote
1023 1664 1145 1738 quae
1201 1671 1640 1725 benedictionem
1701 1671 2040 1740 recepisset,

449 1774 783 1830 omnemque
839 1763 1148 1832 peperisset
1223 1765 1415 1832 gratiae
1480 1763 1901 1832 plenitudinem,
1957 1764 2042 1820 vel

451 1855 646 1919 etiam,
708 1864 930 1924 propter
975 1856 1232 1911 servandi
1273 1856 1576 1931 tuendique
1616 1858 1752 1924 vim,
1805 1872 1872 1912 ac
1910 1857 2036 1912 sine

452 1945 778 2012 poenitentia
828 1943 1178 2002 traditionem
1233 1929 1634 2005 charismatum
1689 1948 2030 2005 sanctissimi
2065 1929 2108 1985 Β

451 2035 714 2104 Spiritus.
757 2037 904 2094 Fons
939 2042 1242 2108 hortorum,
1276 2051 1465 2111 puteus
1491 2057 1644 2114 aqua:
1714 2042 1956 2105 viventis,
1983 2050 2033 2095 et

449 2130 722 2198 ﬂuentisa
753 2129 981 2186 Libano.
1043 2129 1191 2187 Fons
1232 2135 1452 2203 quidem
1509 2136 1788 2190 hortorum
1840 2145 1925 2192 est
1978 2139 2033 2191 in

453 2223 680 2292 Virgine
713 2226 1056 2280 sacrosancti
1101 2225 1338 2296 Spiritus
1367 2227 1566 2295 gratia,
1587 2243 1710 2297 qua:
1733 2228 2035 2283 obumbra-

447 2315 524 2370 vit
565 2331 686 2371 eam
749 2318 1410 2387 prapterredundantem
1442 2320 1748 2376 divinitatis
1797 2321 2035 2391 plenitu-

447 2408 659 2474 dinem,
692 2423 815 2477 quze
841 2409 1047 2481 ubique
1077 2411 1254 2475 adest,
1279 2418 1334 2466 et
1369 2415 1557 2468 omnia
1585 2414 1798 2483 implet.
1825 2413 2034 2468 Puteus

445 2513 579 2553 vero
629 2515 786 2570 aqute
815 2501 1060 2565 viventis,
1111 2510 1161 2556 et
1205 2502 1424 2572 ﬂuentis
1459 2520 1492 2556 a
1520 2502 1748 2568 Libano,
1813 2514 2038 2574 propter

445 2590 780 2661 profundam
842 2603 904 2648 et
971 2594 1406 2666 iuvestigabilcm
1470 2598 1646 2665 ipsius
1705 2615 1736 2651 a
1803 2597 1916 2652 Deo
1983 2607 2038 2652 et

444 2683 607 2740 Patre
659 2693 919 2740 azternam
975 2687 1406 2756 processionem.
1456 2687 1510 2741 bl
1569 2689 1715 2743 enim
1781 2690 2039 2745 existimo

445 2773 555 2830 illis
580 2774 923 2846 signiﬁcasse
954 2777 1138 2833 verbis
1174 2795 1186 2830 :
1219 2776 1288 2830 Et
1321 2776 1543 2848 ﬂuentis
1579 2797 1611 2833 a
1650 2779 1875 2839 Libano.

1142 2960 1348 3017 CANT.

517 3051 606 3108 i9.
632 3052 875 3123 Exsurge
898 3053 1114 3125 Aquilo,
1139 3069 1192 3111 et
1241 3059 1358 3113 veni
1379 3032 1796 3131 Auster,.perﬂa
1823 3061 2038 3118 hortum

443 3161 640 3214 meum,
664 3159 714 3204 et
743 3149 953 3219 aﬂuant
975 3159 1220 3205 aromata
1241 3167 1380 3209 mea.

1085 3241 1402 3304 SCHOLIA.

445 3427 878 3494 multitudinem,
929 3445 959 3484 a
1025 3430 1137 3486 Deo
1178 3433 1432 3488 collatam
1483 3434 1690 3504 Virgini
1751 3436 2032 3501 virtutem,

443 3518 710 3591 Exsurge,
743 3521 941 3592 inquit,
965 3521 1180 3594 Aquilo,
1213 3534 1264 3579 et
1295 3527 1434 3593 veni,
1455 3503 1671 3583 Αιιῖιειν.
1700 3528 1876 3598 Reges
1900 3547 2034 3603 gen-

444 3618 582 3670 tium
615 3616 683 3670 ad
713 3632 834 3670 eam
870 3619 1206 3674 adorandam
1241 3632 1554 3688 convocat;
1605 3633 1797 3693 utpote
1825 3640 1946 3694 qua:
1975 3624 2030 3678 in

443 3711 566 3763 sinu
603 3725 706 3767 suo
737 3727 923 3766 verum
980 3713 1294 3769 contineret
1342 3731 1527 3788 regem
1574 3717 1855 3774 Christum
1889 3737 1902 3772 :
1938 3733 2035 3775 eos

445 3804 729 3871 nimirum,
762 3805 855 3875 qui
885 3807 1180 3877 Aquilonis
1219 3824 1284 3864 ac
1311 3808 1516 3866 Persia!
1544 3812 1891 3882 imperabant
1927 3828 2029 3882 po-

444 3898 609 3966 pulis,
633 3904 689 3954 et
709 3897 1005 3969 Ethiopim
1035 3908 1090 3954 et
1116 3900 1326 3956 Austri.
1353 3900 1829 3969 Quemadmodum
1863 3905 2034 3961 lsaias

442 4005 684 4059 quoque,
735 3990 1061 4059 praevilens,
1113 3991 1252 4046 elata
1301 4007 1437 4048 voce
1491 3994 1757 4065 protulit,
1803 3995 2031 4052 dicens:

446 4079 582 4133 Ecce
629 4081 719 4133 isti
769 4081 832 4132 de
895 4083 1049 4150 longe
1081 4083 1305 4147 venient,
1344 4081 1408 4134 ab
1463 4080 1727 4150 Aquilone
1757 4091 1808 4135 et
1853 4083 2035 4148 mari;

444 4175 543 4229 alii
574 4184 751 4228 autem
781 4173 848 4227 de
877 4183 1022 4227 terra
1056 4173 1351 4230 Persarum
1381 4176 1449 4229 ⁷³.
1481 4174 1651 4231 Divus
1681 4177 1847 4231 etiam
1873 4187 2031 4246 pater

447 4267 618 4319 David
657 4268 790 4320 dicit
819 4282 834 4322 :
869 4265 1154 4332 .IEtltiopia
1185 4268 1702 4340 prwoenietmanum
1723 4268 2033 4326 suamDeo:

443 4368 492 4412 et
513 4361 709 4412 venient
725 4361 892 4428 διαειιί
906 4377 970 4413 ea:
983 4359 1058 4413 1E
1062 4361 1372 4430 ggpto".-—
1394 4359 1577 4427 Per/ia
1605 4361 1815 4415 hortum
1836 4377 2027 4429 meum,

448 4457 550 4507 hoc
577 4466 682 4516 est,
707 4453 1000 4520 laudando,
1032 4469 1152 4508 eam
1183 4454 1427 4508 adorale.
1446 4453 1512 4508 Et
1539 4454 1763 4524 efﬂuant
1783 4464 2033 4511 aromata

447 4564 584 4610 mea,
620 4549 896 4612 videlicet,
931 4564 1055 4616 qua:
1105 4563 1171 4603 ex
1210 4547 1326 4616 ipsa
1372 4548 1518 4617 apud
1555 4566 1657 4606 nos
1701 4550 1848 4607 facta
1898 4561 2030 4608 sunt

2069 3282 2118 3343 C

517 3332 648 3389 Post
692 3345 1098 3399 enumeratam.
1155 3354 1252 3410 per
1305 3341 1650 3395 innumeram
1725 3351 2073 3402 aroinatum

2142 658 2390 728 Γαϐριὴλ
2441 658 2581 728 πρὸς
2631 658 2803 727 αὐτὴν
2859 658 3011 727 παρὰ
3059 657 3155 710 τοῦ
3205 655 3341 710 Θεοῦ
3394 655 3724 724 ἀγγελθεῖσα

2139 751 2318 821 χαράο
2361 749 2500 827 αὕτη
2547 750 2658 820 γὰρ
2701 751 2794 804 τὸν
2835 749 3167 821 παράδεισον
3214 748 3292 812 ὡς
3333 747 3548 817 ἀληθῶς
3588 748 3726 816 ἡμῖν

2139 839 2372 910 ἀνέῳξε,
2417 839 2512 895 καὶ
2556 841 2657 911 τὴν
2703 841 2918 911 τρυφὴν
2959 840 3069 894 τῶν
3115 839 3324 893 ἐκείνου
3369 837 3597 908 καρπῶν
3641 835 3725 894 εἰς

2141 929 2378 997 εὐωχίαν
2410 929 2716 1000 παρέθηκε.
2769 929 3008 999 Νάρδος
3049 931 3147 984 καὶ
3179 931 3418 997 κρόκος,
3452 927 3726 995 κάλαμος

2141 1021 2241 1074 καὶ
2273 1022 2621 1097 κινάμωμον
2644 1026 2798 1092 μετὰ
2828 1022 3075 1078 πάντων
3103 1021 3226 1077 τῶν
3258 1021 3459 1086 ξύλων
3485 1019 3591 1074 τοῦ
3623 1023 3724 1073 Λι-

2144 1114 2334 1170 ϐάνου
2353 1132 2367 1148 ο
2395 1117 2494 1179 τὰς
2519 1117 2610 1171 διὰ
2635 1117 2746 1172 τῶν
2767 1116 3086 1172 ἀποστολῶν
3110 1115 3472 1184 ἐνοικησάσας
3497 1116 3554 1168 ἐν
3581 1113 3719 1180 αὐτῇ

2143 1205 2501 1272 καλλοποιοὺς
2526 1209 2758 1280 χάριτας
2784 1208 3186 1279 ἐξαριθμεῖται,
3213 1209 3282 1261 τὰ
3309 1207 3587 1279 κρείττονα
3612 1205 3723 1258 τῶν

2144 1299 2457 1369 ἀρωμάτων
2482 1301 2826 1369 καταλέγων,
2855 1300 2954 1356 καὶ
2977 1300 3065 1354 διὰ
3090 1299 3298 1353 τούτων
3323 1299 3419 1368 τὴν
3446 1298 3546 1350 ὑπε
3557 1297 3722 1367 p601)-

2143 1388 2344 1444 λουσαν
2380 1390 2564 1444 αὐτῶν
2599 1392 2830 1447 εὐωδίαν
2881 1393 3017 1461 ἡμῖν
3051 1390 3425 1462 παρεικάζων.
3464 1389 3718 1458 Σμύρνα,

2143 1483 2302 1551 tuon
2322 1493 2346 1548 ,'
2369 1483 2521 1553 μετὰ
2555 1483 2800 1538 πάντων
2829 1483 3078 1554 πρώτων
3104 1483 3330 1552 μύρων.
3364 1479 3459 1533 Διὰ
3495 1481 3592 1549 μὲν
3623 1481 3721 1547 τῆς

2145 1577 2425 1648 σμύρνης,
2463 1578 2548 1631 ὅτι
2593 1577 2846 1648 βροτείαν
2878 1574 3020 1630 εἶναι
3056 1575 3328 1646 δεδήλωκε
3354 1590 3369 1605 ⁶
3403 1574 3490 1627 διὰ
3529 1573 3584 1625 δὲ
3619 1573 3713 1642 τῆς

2145 1669 2331 1740 ἀλόης,
2363 1671 2446 1724 ὃτι
2479 1670 2576 1722 καὶ
2606 1669 2770 1740 αὑτὴ,
2797 1669 2871 1732 ὡς
2901 1671 3001 1740 τῆς
3031 1667 3173 1730 Εὔας
3206 1668 3472 1738 Θυγάτηρ,
3504 1665 3597 1737 τὴν
3626 1683 3714 1717 1::-

2147 1762 2312 1832 κριαν
2344 1760 2597 1825 ἐδέξατοο
2631 1761 2749 1815 ἀλλ’
2770 1760 2872 1814 οὐκ
2907 1760 2964 1814 ἐν
2995 1760 3198 1822 λύπαις
3233 1758 3409 1824 ἔτεκε,
3439 1759 3533 1822 τὴν
3561 1757 3707 1808 εὐλο-

2097 1898 2104 1906 .
2146 1855 2272 1923 γίαν
2304 1853 2685 1919 ἀπολαὼῦσα,
2718 1854 2814 1906 καὶ
2851 1853 2972 1907 ὅλον
3004 1852 3066 1906 τὸ
3104 1852 3379 1922 πλήρωμα
3411 1851 3499 1918 τῆς
3532 1850 3698 1918 χαρᾶς

2137 1950 2391 2002 τετοκυῖα
2412 1963 2427 1980 ·
2463 1946 2494 2015 ἣ
2527 1947 2655 2012 καὶ,
2686 1946 2776 1999 διὰ
2805 1945 2869 1999 τὸ
2898 1945 3217 2000 συνεκτικὸν
3247 1943 3343 1998 καὶ
3372 1941 3707 2012 ἀμεταμέλη-

2138 2057 2232 2094 τον
2254 2039 2363 2093 τῶν
2385 2041 2746 2110 χαρισμάτων
2766 2039 2864 2090 τοῦ
2891 2036 3162 2106 παναγεου
3188 2033 3521 2104 Πνεύματος.
3547 2029 3713 2098 Πητὴ

2137 2130 2390 2197 κήπων,
2435 2130 2624 2200 φρέαρ
2670 2129 2892 2194 ὕδατος
2942 2127 3192 2192 ζῶντος,
3239 2125 3338 2181 καὶ
3377 2121 3720 2192 ροιζοῦντος

2139 2226 2260 2281 ἀπὸ
2286 2224 2394 2279 τοῦ
2425 2223 2711 2280 Λιϐάνου.
2742 2221 2916 2292 Πηγὴ
2955 2226 3054 2294 μὲν
3084 2219 3295 2288 κήπων
3322 2220 3355 2288 ἡ
3387 2219 3443 2272 ἐν
3470 2219 3534 2287 τῇ
3569 2217 3718 2285 Παρ-

2141 2318 2282 2387 θένῳ
2314 2316 2408 2370 τοῦ
2452 2317 2726 2385 παναγὶου
2764 2313 3083 2384 Πνεύματος
3118 2310 3483 2366 ἐπισκιάσασα
3521 2308 3716 2377 χάρις,

2139 2399 2326 2466 διὰτὸ
2365 2409 2718 2481 ὑπερπλῆρες
2749 2410 2850 2480 τῆς
2889 2407 3144 2477 θεότητος
3165 2446 3179 2469 ,
3213 2403 3309 2456 καὶ
3339 2403 3402 2455 τὸ
3442 2398 3718 2468 πανταχοῦ

2142 2509 2424 2577 παρεῖναι,
2472 2505 2568 2558 καὶ
2617 2504 2795 2557 πάντα
2845 2499 3111 2571 πληροῦν.
3160 2495 3353 2566 Φρέαρ
3399 2495 3456 2547 δέ
3500 2494 3720 2557 ὕδατος

2142 2599 2391 2665 ζῶντος,
2426 2597 2524 2652 και
2544 2593 2902 2666 ροιζοῦντος
2948 2591 3068 2647 ἀπὸ
3099 2591 3206 2645 τοῦ
3235 2587 3517 2652 Λιϐάνου,
3547 2584 3633 2638 διὰ
3657 2583 3720 2637 τὸ

2145 2693 2282 2762 βαθὺ
2311 2692 2406 2745 καὶ
2430 2688 2890 2759 δυσεξερεύνητον
2919 2686 3020 2751 τῆς
3067 2682 3263 2737 ἐαυτοῦ
3291 2681 3440 2752 παρὰ
3464 2679 3555 2732 τοῦ
3583 2675 3718 2730 Θεοῦ

2143 2786 2240 2839 καὶ
2282 2784 2377 2838 τοῦ
2421 2783 2638 2852 Πατρὺς
2683 2781 2857 2834 ἀϊδίου
2902 2778 3170 2849 προόδου·
3211 2775 3374 2828 τοῦτο
3415 2773 3525 2842 γὰρ
3565 2766 3720 2842 οἶμαι

2143 2879 2338 2950 δηλοῦν
2361 2877 2444 2944 τὸ,
2476 2877 2575 2930 καὶ
2599 2873 2947 2942 ροιζοῦντος
2975 2873 3094 2929 ἀπὸ
3118 2869 3227 2926 τοῦ
3251 2865 3534 2925 Λιϐάνου.

2814 2959 3057 3036 ᾊΣΜΑ.

2219 3059 2622 3130 Ἐξεγέρθητι,
2652 3055 2869 3127 Bappo,
2892 3056 2993 3111 καὶ
3019 3055 3224 3125 ἔρχου,
3245 3051 3416 3117 Νότε,
3440 3048 3723 3103 διάπνευ-

2143 3154 2498 3224 σονσκῆπόν
2521 3170 2643 3224 μου
2663 3193 2679 3220 ,
2713 3152 2812 3206 καὶ
2845 3148 3249 3219 ρευσάτωσαν
3278 3140 3552 3215 ἀρώματά
3576 3157 3717 3212 μου.

2800 3244 3074 3299 ΣΧΟΛΙΑ.

2220 3340 2377 3399 Μετὰ
2400 3339 2461 3394 τὸ
2489 3337 2858 3410 ἐξαριθμῆσαι
2884 3335 2973 3389 διὰ.
2995 3333 3096 3404 τῆς
3121 3335 3230 3387 τῶν
3258 3331 3562 3402 ἀρωμάτων
3590 3327 3720 3380 ἀνα-

2141 3437 2468 3510 μετρήσεως
2513 3433 2616 3502 τὴν
2661 3429 3053 3500 ἐπενεχθεῖσαν
3095 3426 3244 3497 παρὰ
3287 3423 3422 3477 Θεοῦ
3465 3425 3531 3493 τῇ
3574 3423 3722 3490 Hap-

2139 3531 2279 3599 θένῳ
2298 3528 2547 3598 δύναμιν,
2565 3524 2962 3596 Ἑξεγέρθητι,
2990 3521 3146 3592 φησι,
3165 3516 3378 3588 Βορῤἇ,
3398 3513 3496 3570 καὶ
3514 3515 3713 3582 ἔρχου,

2137 3624 2316 3680 Νότε·
2347 3624 2474 3683 τοὺς
2497 3619 2608 3673 τῶν
2635 3617 2806 3672 ἐθνῶν
2833 3616 3078 3688 βασιλεῖς
3109 3616 3190 3678 εἰς
3215 3613 3314 3683 τὴν
3345 3610 3558 3681 ἐκείνης
3588 3623 3716 3673 συγ-

2137 3716 2387 3772 καλεῖται
2426 3711 2822 3785 προσκύνησιν,
2879 3711 2956 3772 ὡς
2992 3709 3084 3763 τὸν
3142 3705 3357 3776 ἀληθῶς
3397 3701 3617 3774 βασιλέα
3660 3700 3714 3752 ἐν

2135 3811 2249 3872 τοῖς
2278 3807 2503 3870 κόλποις
2530 3803 2870 3876 κατεχούσης
2899 3801 3136 3872 Χριστόν
3156 3817 3172 3832 ο
3200 3800 3326 3862 τοὺς
3353 3799 3409 3851 ἐν
3433 3795 3511 3866 τῷ
3539 3791 3715 3864 Βορρᾷ

2135 3902 2403 3974 δηλονότι,
2430 3901 2528 3953 καὶ
2553 3901 2618 3971 τῇ
2650 3897 2875 3968 Περσίδι
2903 3895 3264 3967 κυριεύοντας
3291 3893 3400 3946 τῶν
3429 3889 3592 3954 λαῶν,
3621 3889 3718 3974 καὶ

2136 3971 2200 4044 ἐν
2221 3987 2477 4059 Αἰθιοπίᾳ
2504 3991 2599 4042 καὶ
2622 3986 2778 4056 Νότῳ
2795 4002 2811 4019 ο
2841 3984 3031 4056 ὥσπερ
3057 3983 3419 4046 καὶἫσαῒας,
3436 3977 3592 4035 Ἰδοὺ
3619 3971 3716 4031 οὗο

2137 4102 2230 4139 τοι
2282 4083 2590 4154 πόρρωθεν
2637 4080 2904 4148 ἥξουσιν
2951 4077 3073 4133 ἀπὸ
3117 4074 3315 4146 Eappa
3363 4072 3724 4139 θαλάσσης,

2137 4179 2315 4232 ἄλλοι
2357 4175 2426 4229 δὲ
2486 4175 2556 4228 ἐκ
2593 4173 2704 4242 τῆς
2745 4172 2860 4243 τῆς
2898 4169 3168 4240 Περσῶν,
3211 4165 3555 4240 προκατιδὼν
3593 4165 3709 4217 ἀνε-

2137 4272 2326 4343 ϐόησε.
2354 4269 2467 4324 Καὶ
2497 4270 2525 4322 ὁ
2555 4254 2842 4337 θεοπάτωρ
2870 4263 3056 4330 Δαῆὶδ,
3080 4262 3355 4318 Αἰθιοπία
3384 4255 3711 4329 προφθάσει

2138 4365 2334 4437 χεῖρα,
2391 4361 2581 4432 φησὶν,
2637 4358 2823 4428 αὐτῆς
2869 4355 2949 4422 τῷ
2993 4355 3138 4421 Θεῷ,
3179 4353 3278 4408 καὶ
3318 4353 3538 4422 ἥξουσι
3577 4349 3751 4416 διερέ-⁴

2136 4461 2304 4526 σόεις
2320 4456 2389 4520 ἐξ
2399 4451 3181 4526 Αἰγύπτου.-Διάπνευσον
3203 4447 3543 4516 κῆπόνμουο
3565 4461 3723 4497 τουτ-

2137 4545 2274 4612 έστι,
2329 4543 2487 4598 Μετὰ
2542 4542 2806 4604 αἰνέσεως
2858 4539 3063 4610 ταύτην
3117 4537 3557 4608 προσκυνήσατε.
3609 4535 3722 4588 Καὶ

448 4644 735 4704 miracula,
766 4654 819 4696 et
852 4655 1047 4710 magna
1083 4640 1474 4697 beneﬁciorum
1501 4645 1712 4717 jugiter
1755 4646 1812 4703 in
1866 4647 2032 4704 nobis

2139 4639 2544 4710 ρευσὰτωσαν
2587 4634 2874 4706 ’ἀρώματά
2918 4651 3041 4704 μου
3068 4649 3081 4664 ’
3118 4633 3323 4703 ἤγουν,
3369 4631 3426 4684 αἱ
3460 4629 3519 4696 ἐξ
3551 4629 3723 4698 αὐτῆς

447 4735 773 4792 collatorum
824 4734 1094 4806 prodigia.

1083 5007 1312 5066 CAPUT
1346 5007 1412 5065 ν.

1131 5101 1341 5158 CANT.

519 5192 573 5248 l.
631 5191 924 5248 Descendat
969 5212 1126 5262 nepos
1180 5213 1326 5250 meus
1380 5196 1438 5248 in
1488 5197 1706 5251 hortum
1759 5215 1936 5268 suum,
1981 5210 2031 5257 et

445 5289 686 5341 comedat
707 5288 940 5358 fructum
981 5306 1175 5342 nucum
1202 5304 1449 5341 suarum.

549 5443 564 5448 Ἠ
1098 5381 1418 5435 SCHOLIA.

521 5476 866 5532 i’ernoscens
891 5475 1160 5545 propheta
1207 5487 1275 5527 ex
1328 5473 1536 5540 multis,
1589 5492 1764 5547 quaaa
1821 5479 2031 5549 Spiritu

449 5567 633 5624 fuerat
659 5572 912 5628 edoctus,
942 5565 1040 5619 Dei
1096 5563 1258 5620 Verbi
1290 5567 1753 5634 incarnationem,
1808 5583 2034 5643 exaptat

447 5659 622 5728 ipsam
687 5658 1098 5728 quamprimum
1159 5659 1312 5722 lieri,
1365 5669 1421 5715 et
1482 5661 1667 5717 dicit:
1736 5664 2032 5720 Descendat

447 5767 603 5822 nepos
658 5767 802 5806 meus
823 5752 877 5803 in
934 5748 1144 5804 hortum
1187 5768 1364 5819 suum,
1428 5754 1532 5808 hoc
1582 5765 1685 5823 est,
1748 5756 2028 5813 Acceleret

521 5943 568 5974 "
625 5944 755 6000 153.,
787 5957 933 6006 χιιι,
987 5943 1064 5995 l2.
1149 5945 1191 5975 ⁷³
1221 5944 1362 6008 l’sal.
1404 5961 1570 6011 Lxm,
1610 5945 1754 6021 51/

2141 4732 2282 4802 πρὸς
2313 4730 2463 4800 ἡμᾶς
2499 4728 2870 4798 γεγενημέναι
2905 4725 3364 4796 Θαυματουργίαι,
3399 4725 3493 4778 καὶ
3520 4720 3588 4774 τὰ
3621 4737 3720 4789 με-

2143 4825 2286 4894 γάλα
2327 4823 2440 4876 τῶν
2483 4823 2607 4876 καθ’
2634 4823 2874 4892 ἑκάστην
2918 4817 3253 4889 εὐεργεσιῶν
3297 4817 3356 4871 ἐν
3403 4818 3533 4888 ἡμῖν
3574 4815 3722 4883 γινό-

2146 4935 2284 4990 μενα
2316 4917 2600 4985 τεράστια.

2748 5007 2997 5062 ΚΕΦΑΛ.
3033 5004 3109 5061 E'.

2729 5095 2731 5098 ‘
2799 5096 3041 5173 τᾼΣΜΑ.
3140 5098 3158 5132 ι

2215 5201 2535 5269 Καταϐήτω
2584 5197 2914 5267 ἀδελφιδός
2943 5213 3064 5265 μου
3120 5197 3208 5261 εἰς
3260 5193 3461 5263 κῆπον
3505 5189 3711 5257 αὐτοῦ,

2141 5297 2241 5354 καὶ
2265 5296 2499 5368 φαγέτω
2523 5290 2758 5362 καρπὸν
2779 5288 3130 5356 ἀκροδρύων
3154 5285 3362 5341 αὐτοῦ.
3715 5273 3720 5276 ’

2795 5381 3068 5437 ΣΧΟΛΙΑ.

2212 5479 2570 5547 Κατανοήσας
2615 5477 2643 5528 ὁ
2679 5474 2970 5545 προφήτης
3001 5475 3064 5524 ἐκ
3105 5469 3338 5534 πολλῶν,
3372 5460 3446 5521 ὧν
3476 5466 3578 5518 ὑπὸ
3616 5459 3708 5514 τοῦ

2140 5571 2460 5641 Πνεύματος
2494 5568 2821 5634 ἐδεδίδακτη,
2854 5567 2955 5637 τὴν
2993 5563 3088 5616 τοῦ
3128 5562 3262 5615 Θεοῦ
3291 5562 3466 5629 Λόγου
3499 5559 3711 5628 σάρκωο

2140 5682 2248 5730 σιν,
2277 5663 2606 5718 ἐπισπεύδει
2635 5661 2843 5732 ταύτην
2875 5659 3153 5730 γενέσθαι,
3197 5655 3292 5711 καί
3321 5671 3489 5724 φησι·
3523 5657 3712 5707 Κατα-

2140 5758 2296 5824 (Trito)
2324 5755 2786 5825 ἀδε.1ε;ιδός“μοιν
2818 5757 2904 5819 εὶς
2935 5754 3134 5823 κῆπον
3168 5749 3356 5806 αὑτοῦ
3382 5767 3396 5782 ·
3442 5745 3708 5808 τουτέστι,
