4082 6442
354 384 492 455 1049

1313 396 1466 486 ΕρΜ
1483 397 1720 461 MENT.
1763 397 1850 464 IN
1900 396 2295 462 CANTICUM
2333 397 2626 461 CANTIC.

3481 397 3625 461 1050

354 507 544 562 αὐτὸν
579 507 624 577 ἠ
651 507 856 563 κοιλία
895 523 1038 578 μου.
1067 508 1277 579 "Eone;
1307 481 1440 580 τδρ,
1469 511 1604 579 Πῶς
1631 513 1808 568 ἔσται
1832 527 1934 583 μοι

2041 525 2217 571 venter
2245 531 2416 570 meus.
2456 513 2602 569 Dixit
2620 511 2767 569 enim
2799 511 3116 578 :Quomodo
3165 511 3264 567 hoc
3323 511 3453 565 mihi
3500 515 3626 578 erit,

355 600 556 668 τοῦτο,
605 600 738 654 ἐπει
784 599 976 669 ἄνδρα
1004 602 1078 656 οὐ
1104 599 1376 672 γινώσκω
1401 621 1424 670 ;
1450 605 1720 660 Μαθοῦσα
1746 605 1804 659 δὲ
1830 606 1930 677 τὴν

355 691 556 756 αἰτίαν,
605 691 763 747 Ἰδοὺ
800 691 838 760 ἠ
885 692 1080 763 δούλη
1112 695 1356 763 Κυρίου,
1392 694 1549 766 φησὶ,
1577 695 1812 766 γένοιτό
1828 713 1933 767 μοι

353 783 507 837 κατὰ
533 781 600 837 τὸ
627 782 792 853 ῥῆμὰ
821 799 962 842 σου.

1031 869 1274 946 tum.

434 963 730 1033 Ἀνέστην
756 964 873 1036 ἐγὼ
919 966 1160 1032 ἀνοῖξαι
1201 966 1286 1033 τῷ
1305 965 1610 1036 ἀδελφιδῷ
1634 985 1754 1038 μου
1778 981 1794 1000 ⁶
1817 967 1936 1035 χεῖ-

344 1057 452 1126 ρές
499 1075 623 1127 μου
677 1059 952 1124 ἐσταξαν
1006 1060 1324 1130 σμύρνανο
1383 1062 1438 1114 οὶ
1491 1058 1787 1134 δάκτυλοι
1809 1077 1934 1130 μου

351 1150 633 1218 σμύρναν
654 1149 883 1219 πλήρη,
907 1152 1010 1206 ἐπὶ
1045 1150 1253 1221 χεῖρας
1279 1149 1389 1205 τοῦ
1414 1152 1722 1219 κλείθρου.

997 1243 1276 1297 ΣΧΟΛΙΛ.

432 1332 621 1403 Ὀμὲν
659 1334 944 1402 acoetes,
987 1335 1334 1390 ἐπισπεύδων
1363 1337 1463 1408 τὴν
1499 1333 1696 1389 ἑαυτοῦ
1729 1349 1937 1404 παρου-

351 1421 495 1486 σίαν,
531 1421 600 1474 ἶν’
647 1421 820 1492 ἡμᾶς,
857 1423 928 1476 δι’
961 1424 1142 1494 ἄκραν
1183 1425 1519 1495 ἁγαθότητα,
1558 1425 1668 1479 τῶν
1717 1422 1811 1478 τοῦ
1839 1439 1940 1476 πο-

349 1512 524 1584 νηροῦ
567 1515 769 1585 χειρῶν
803 1516 1131 1586 ἁφαρπάσῃ,
1164 1516 1432 1582 τοιούτοις
1460 1519 1609 1572 τισὶν
1658 1517 1938 1586 ἐχρήσατο

352 1605 554 1674 λόγοις.
593 1606 660 1660 Ἠ
692 1606 748 1659 δὲ
805 1609 1147 1678 πανάμωμος
1180 1609 1480 1678 Παρθένος,
1517 1608 1799 1663 ἀκούσασα
1835 1607 1939 1677 τὴν

354 1696 634 1766 μακαρίαν
672 1697 768 1752 τοῦ
795 1698 1031 1766 ἀγγέλου
1085 1699 1295 1772 φωνὴν,
1343 1698 1632 1769 Ἀνέστην
1671 1699 1808 1770 ἐγὼ,
1834 1715 1940 1770 φη-

352 1791 460 1851 σιν,
487 1789 728 1855 ἀνοῖξαι
760 1788 841 1856 τῷ
868 1790 1180 1861 ἀδελφιδῷ
1203 1810 1342 1859 μου.
1384 1793 1666 1856 Τουτέστι,
1685 1793 1842 1848 Μετὰ
1874 1792 1936 1845 τὸ

349 1878 700 1948 δυσχερᾶναι,
740 1879 834 1934 καὶ
881 1881 1052 1949 φάναι
1107 1879 1248 1948 πρὸς
1295 1881 1390 1933 τδν
1436 1879 1698 1950 ἄγγελον*
1738 1881 1934 1936 Πόθεν

351 1969 525 2044 ἔσται
557 1989 658 2037 μοι
706 1971 910 2037 τοῦτο,
955 1972 1088 2029 ἐπεὶ
1123 1973 1316 2041 ἄνδρα
1365 1975 1438 2026 οὐ
1491 1971 1807 2042 Tiribazo);
1836 1971 1936 2026 καὶ

350 2063 453 2131 τὴν
479 2062 551 2134 ἢν
583 2063 720 2131 πρὸς
751 2063 924 2133 αὐτὴν
950 2066 978 2117 ὁ
1009 2065 1252 2140 Γαδριῂλ
1271 2066 1564 2136 ἀπόκρισιν
1594 2066 1890 2136 ιποιήσατο
1915 2079 1930 2093 ⁸

354 2154 599 2224 Πνεῦμα
638 2154 812 2224 ἅγιον
841 2157 1239 2211 ἐπελεύσεται
1280 2157 1380 2211 ἐπὶ
1409 2158 1518 2220 σὲ,
1547 2157 1646 2212 καί
1681 2157 1937 2226 δύναμις

364 2247 380 2266 '
393 2249 665 2315 Υψίστου
682 2249 1138 2314 ἐπισκιάσειυε,
1164 2250 1261 2304 καὶ
1280 2249 1380 2320 τὴν
1405 2249 1544 2320 μετὰ
1561 2249 1734 2304 ταῦτα
1756 2250 1937 2302 πάντα

355 2339 754 2406 συγκατάθεσιν
774 2341 873 2410 τῆς
888 2341 1190 2409 πανάγνου,
1220 2340 1535 2408 Ἀνέστην,
1561 2342 1748 2411 φησὶν,
1774 2338 1936 2394 ἀνοῖ-

355 2433 457 2496 ξαι
510 2432 592 2498 τῷ
643 2434 950 2504 ἀδελφιδῷ
979 2452 1131 2505 μου·
1179 2437 1467 2507 μονονουχὶ
1519 2436 1679 2492 τοῦτο
1726 2436 1932 2502 λέγων’

367 2523 516 2580 Ἰδοὺ
541 2524 580 2590 ἠ
607 2525 799 2595 δούλη
831 2529 1074 2595 Κυρίου,
1102 2528 1338 2598 γένοιτό
1354 2545 1460 2597 μοι
1501 2526 1651 2582 κατὰ
1681 2528 1749 2582 τὸ
1772 2525 1936 2596 ῥῆμά

363 2631 503 2671 σου.
521 2648 595 2660 -
613 2622 683 2673 Al
715 2619 916 2688 χεῖρές
938 2638 1056 2688 μου
1083 2621 1356 2686 ἐσταξαν
1385 2622 1665 2691 σμύρναν
1687 2636 1704 2652 ο
1741 2620 1932 2689 ἧγουν,

360 2704 475 2776 ἅμα
507 2711 573 2780 τῇ
611 2713 1006 2778 συγκαταθέσει
1059 2714 1150 2766 καὶ
1191 2715 1225 2784 ἠ
1285 2716 1566 2784 σάρκωσις
1612 2713 1934 2781 ἐνηργεῖτο·

359 2795 448 2850 διὰ
501 2800 603 2869 μὲν
657 2800 750 2854 οὖν
799 2802 898 2872 τῆς
926 2801 1180 2872 σμύρνης
1229 2803 1330 2872 τὴν
1370 2803 1620 2872 βροτείαν
1663 2800 1938 2870 δεδήλωκε

362 2888 561 2959 σάρκα,
587 2890 676 2944 διὰ
717 2891 774 2945 δὲ
802 2892 910 2947 τῶν
955 2894 1157 2963 χειρῶν
1186 2894 1288 2961 τὴν
1321 2897 1390 2964 τῇ
1429 2894 1625 2962 κυήσει
1677 2891 1940 2962 συνεργὸν

356 2981 610 3047 δύναμιν.
645 2983 710 3035 Οἱ
759 2980 1054 3037 δάκτυλοί
1079 3002 1199 3052 μου
1242 2985 1524 3052 σμύρναν
1569 2982 1798 3052 πλήρη.
1847 2981 1942 3034 Ἐκ

361 3070 745 3142 παραλλήλλου
777 3073 838 3125 τὸ
873 3073 1006 3126 αὑτό
1039 3091 1194 3142 φησι,
1219 3073 1430 3143 Πλήρη
1460 3072 1518 3126 δὲ
1548 3067 1694 3138 εἷπε,
1722 3070 1940 3135 δεικνὺς

2032 607 2284 673 quoniam
2317 607 2490 661 virum
2530 622 2636 660 non
2695 607 3002 675 cognosco?
3061 603 3164 661 Ubi
3218 619 3349 660 vero
3401 619 3625 659 causam

2032 697 2273 754 didicit:
2335 697 2493 762 Ecce,
2560 699 2763 768 inquit,
2817 697 3017 752 ancilla
3078 697 3437 766 Domini,ﬁat
3498 697 3628 750 mihi

2033 790 2328 846 secundum
2355 792 2569 846 verbum
2596 803 2746 846 tuum
2779 791 2850 844 εί.

2613 868 2622 877 ’
2747 881 2955 938 CANT.
3664 908 3669 949 ξ

2109 974 2163 1030 5.
2195 972 2422 1030 Surrcxi
2452 991 2544 1045 ego
2580 984 2636 1028 ut
2702 976 2964 1045 aperirem
3019 974 3196 1043 nepoti
3246 988 3359 1028 meo
3389 987 3408 1034 ;
3433 989 3628 1026 manus

2035 1083 2168 1121 mete
2227 1067 2565 1122 stillaverunt
2633 1069 2930 1137 myrrham,
3001 1067 3157 1136 digiti
3206 1065 3309 1120 mei
3359 1066 3629 1134 myrrham

2034 1156 2283 1225 plenam.
2315 1172 2478 1226 super
2505 1171 2696 1209 manus
2739 1157 2807 1209 ad
2839 1155 3156 1210 claustrum.

2685 1247 3002 1304 SCHOLIA.

2108 1341 2288 1412 Nepos
2319 1340 2541 1411 quidem
2574 1354 2700 1429 cum
2735 1355 2894 1396 suum
2925 1340 3259 1396 acceleraret
3307 1341 3627 1406 adventum,

2037 1438 2101 1489 ut
2123 1447 2247 1499 nos,
2303 1433 2375 1488 ob
2421 1447 2692 1488 summam
2753 1432 3077 1500 bonitatem,
3133 1449 3164 1488 a
3231 1432 3632 1488 cacodaemonis

2039 1525 2297 1589 manibus
2319 1524 2596 1588 liberaret,
2641 1523 2918 1593 ejusmodi
2967 1539 3103 1579 usus
3127 1533 3210 1580 est
3261 1523 3628 1579 sermonibus.

2037 1611 2318 1686 lnculpata
2377 1629 2506 1669 vero
2552 1613 2742 1686 Virgo,
2797 1629 2922 1670 cum
2987 1614 3248 1680 faustam,
3309 1613 3635 1682 felicemque

2041 1708 2286 1763 audisset
2320 1708 2497 1780 angeli
2528 1723 2715 1763 vocem
2755 1724 2770 1763 :
2806 1707 3033 1762 Surrexi
3063 1721 3181 1781 ego,
3215 1705 3367 1769 dicit,
3399 1714 3456 1760 ut
3507 1721 3635 1773 ape-

2042 1799 2206 1854 rirem
2237 1815 2352 1852 meo
2413 1797 2732 1868 nepoti.Hoc
2770 1806 2892 1854 est:
2958 1797 3090 1853 Post
3133 1796 3532 1856 haesitationem
3581 1805 3638 1854 ct

2041 1893 2528 1962 interrogationem
2559 1891 2752 1962 angelo
2783 1890 3022 1951 factam:
3056 1889 3206 1946 Unde
3232 1891 3330 1946 hoc
3351 1891 3484 1944 mihi
3508 1891 3635 1955 erit,

2039 1985 2296 2055 quoniam
2354 1983 2526 2038 virum
2572 1999 2677 2038 non
2725 1983 3114 2054 cognosco?et
3176 1991 3300 2052 post
3358 1982 3502 2034 illam
3531 1981 3639 2035 Ga-

2041 2074 2230 2130 brielis
2270 2072 2703 2143 'responsionem
2730 2073 2796 2127 ad
2853 2072 3074 2144 ipsam:
3134 2071 3366 2142 Spiritus
3417 2081 3634 2126 sanctus

2041 2163 2362 2232 superveniet
2414 2162 2468 2216 in
2501 2171 2570 2228 te,
2627 2172 2676 2217 et
2743 2163 2912 2218 virtus
2965 2161 3235 2216 Altissimi
3301 2160 3638 2218 obumbrabit

2045 2265 2096 2310 te
2110 2255 2182 2318 ε’.
2220 2262 2344 2324 post
2374 2254 2489 2309 hac
2522 2253 2728 2317 omnia,
2759 2262 2812 2308 et
2843 2253 3150 2322 purissima:
3171 2251 3414 2321 Virginis
3447 2266 3639 2307 assen-

2045 2360 2168 2400 sum
2196 2352 2252 2399 et
2293 2343 2746 2412 approbationem
2778 2360 2793 2396 :
2843 2342 3087 2410 Surrexi,
3123 2341 3324 2412 inquit,
3377 2350 3435 2393 u‘t
3463 2338 3640 2410 aperi-

2045 2435 2386 2506 remnepoti
2452 2449 2586 2496 meo,
2621 2441 2835 2487 tantum
2891 2447 2995 2485 non
3054 2431 3158 2488 hoc
3219 2431 3445 2486 dicens:
3508 2427 3639 2484 Ecce

2046 2527 2246 2582 ancilla
2279 2525 2514 2588 Domini,
2543 2526 2638 2594 ﬁat
2668 2525 2798 2579 mihi
2826 2525 3116 2579 secundum
3142 2523 3354 2578 verbum
3390 2534 3538 2576 tuum
3567 2521 3636 2575 ⁸³.

2045 2648 2116 2662 -
2147 2617 2342 2672 Manus
2369 2633 2496 2671 mete
2527 2616 2865 2671 stillaverunt
2893 2616 3189 2688 myrrham.
3235 2614 3521 2679 Videlicet,
3547 2629 3640 2670 as-

2047 2710 2301 2766 sensione
2329 2707 2592 2780 przestlta.
2629 2708 2933 2764 incarnatio
2956 2708 3160 2778 pariter
3192 2707 3332 2765 facta
3386 2715 3490 2764 est.
3526 2707 3632 2761 Per

2049 2802 2329 2872 myrrham
2362 2801 2545 2868 itaque
2577 2799 2865 2853 mortalem
2890 2797 3218 2870 signiﬁcavit
3244 2812 3466 2852 carnem
3501 2813 3514 2861 ;
3543 2809 3642 2865 per

2047 2907 2264 2958 manus,
2303 2891 2563 2944 virtutem
2615 2891 2796 2961 partui
2851 2899 3264 2959 cooperantem.
3323 2888 3492 2957 Digiti
3539 2888 3643 2942 mei

2046 2989 2318 3056 myrrham
2357 2983 2606 3053 plenam;
2641 2983 2782 3036 idem
2831 2981 2946 3037 fere
3000 2982 3231 3036 diversis
3279 2969 3641 3036 vocibusdi‘

2049 3079 2145 3132 cit.
2206 3074 2430 3130 Plenam
2468 3089 2599 3128 vero
2643 3073 2740 3138 ait,
2790 3090 2901 3148 quo
2948 3073 3289 3128 demonstret
3339 3072 3638 3141 perfectam

360 3161 460 3234 τὴν
485 3163 628 3243 κατὰ
656 3162 917 3234 ἀλήθειαν
942 3165 1334 3234 έντελεστάτην
1377 3167 1658 3236 σάρκωσιν
1696 3161 1792 3217 τοῦ
1826 3163 1939 3232 Σω-

2050 3161 2348 3237 veramque
2401 3165 2768 3234 assumpsisse
2820 3180 3066 3230 carnem,
3117 3180 3229 3218 non
3311 3173 3492 3218 autem
3547 3175 3644 3231 per

362 3254 549 3324 τῆρος.
585 3254 679 3308 καὶ
713 3255 774 3308 οὐ
837 3255 977 3308 κατὰ
1030 3255 1354 3323 φαντασίαν.
1399 3255 1534 3309 Ἐπὶ
1576 3254 1784 3324 χεζοας
1834 3251 1942 3305 τοῦ

361 3349 643 3416 κλείθρου
670 3367 682 3379 ·
715 3347 906 3418 ἡγουν,
956 3349 1012 3418 αι
1047 3347 1150 3418 μιν
1188 3349 1540 3417 ὲνεργητικαὶ
1585 3346 1848 3416 δυνᾲμεις
1876 3346 1942 3414 τῇ

367 3444 560 3509 κνήστι
590 3439 730 3493 κατὰ
751 3441 916 3509 νόμον
934 3441 1186 3509 ἐγένοντο
1219 3439 1438 3508 φύσεως
1459 3453 1475 3470 °
1507 3439 1576 3491 τὰ
1602 3438 1660 3491 δὲ
1716 3437 1946 3504 κλεῖθρα

364 3533 464 3604 τῆς
490 3532 785 3602 παρθενίας
816 3533 958 3604 ὑπὲρ
1002 3521 1168 3601 φύσιν
1211 3531 1470 3602 ἁλώὸητα
1495 3530 1941 3600 διατετήρηνται.

1045 3619 1287 3697 ᾏΣΜΑ.

440 3719 684 3782 Ἦνοιξα
707 3717 925 3789 ἐγὼ,ῖῷ
949 3716 1258 3787 ἀδελφιδῷ
1274 3735 1395 3786 μου
1415 3734 1430 3749 ο
1454 3714 1780 3785 ἀδελφιδός
1827 3731 1947 3784 μου

366 3810 660 3880 παρῆλθε.
700 3801 874 3882 Ψῖιχή
904 3831 1024 3882 μου
1046 3813 1309 3881 ἐξῆλθεν
1335 3813 1406 3866 ἐν
1435 3815 1595 3881 λόγω
1625 3810 1834 3866 αὐτοῦ.

1018 3927 1296 3983 ΣΧΟΛΙΑ.

439 4041 683 4106 Ἦνοιξα
731 4039 899 4114 αὐτῷ,
955 4045 1123 4113 φησὶν
1177 4046 1212 4114 ἡ
1273 4043 1592 4114 Παρθένος·
1644 4041 1946 4108 τουτέστιν,

368 4133 666 4188 συνέλαϐον
691 4134 877 4190 αὐτόν.
917 4136 1246 4206 Πρόσκειται
1285 4136 1342 4189 δὲ
1384 4134 1663 4190 κάνταῦθα
1698 4133 1782 4198 τὸ,
1811 4132 1949 4202 ἐγὼ,

365 4225 443 4288 ὡς
467 4225 561 4279 καὶ
588 4225 847 4297 ἀνωτέρω
865 4244 880 4259 ·
899 4228 1196 4296 Ἀνέστην
1217 4227 1334 4297 ἐγὼ
1357 4227 1597 4292 ἀνοῖξαι
1615 4242 1630 4258 ο
1659 4226 1746 4280 ἵνα
1764 4225 1950 4295 σαφῶς

367 4315 609 4390 ὲμφαίνῃ
657 4306 784 4372 ἄνευ
835 4316 1030 4389 ἀνδρὸς
1085 4319 1186 4388 τὴν
1224 4318 1366 4388 ὑπὲρ
1437 4316 1562 4371 νοῦν
1619 4313 1950 4384 γεγενῆσθαι

371 4407 654 4476 σύλληψιν.
701 4409 856 4479 Μόνη
907 4409 965 4462 δὲ
1008 4411 1042 4480 ἡ
1085 4408 1222 4480 αὐτὴ
1267 4411 1300 4478 ἡ
1332 4408 1609 4481 ιίαρθένος
1647 4405 1950 4476 αὐτουργὸς

369 4499 469 4566 τῆς
487 4499 803 4570 συλλήψεως
827 4500 1074 4568 γέγονεν.
1093 4502 1148 4555 Ἀ
1159 4499 1445 4569 δελφιδός
1459 4516 1578 4569 μου
1597 4497 1912 4568 παρῆλθεν
1930 4513 1947 4532 ο

2048 3260 2285 3330 speciem
2321 3263 2376 3310 et
2409 3265 2706 3324 spectrum.
2764 3253 2936 3324 Super
2969 3271 3156 3309 manus
3191 3254 3463 3318 claustri;
3496 3251 3648 3306 vide-

2046 3353 2197 3414 licet,
2245 3348 2481 3404 virtutcs
2529 3345 2754 3416 quidem
2819 3347 3090 3416 operaria:
3144 3360 3208 3400 ex
3279 3354 3489 3398 naturae
3527 3342 3648 3412 lege

2047 3443 2366 3501 deserviunt
2413 3435 2622 3508 partui,
2681 3436 2925 3508 Virginis
2984 3450 3117 3492 vero
3173 3435 3434 3500 claustra,
3479 3446 3648 3502 supra

2049 3545 2332 3597 naturam,
2374 3529 2542 3584 illzesa
2579 3525 2736 3582 fuere
2757 3534 3001 3582 servata.

2742 3617 2952 3674 CANT.

2120 3722 2174 3777 6.
2213 3717 2410 3782 Aperui
2438 3733 2530 3786 ego
2556 3713 2732 3784 nepoti
2777 3726 2929 3774 meo;
2991 3725 3149 3774 nepos
3187 3722 3331 3760 meus
3385 3705 3650 3761 discessit.

2050 3815 2245 3870 Anima
2278 3827 2392 3866 mea
2418 3824 2631 3880 egressa
2670 3813 2747 3858 est
2788 3803 2857 3856 ad
2885 3815 3178 3855 sermonem
3207 3815 3345 3868 ejus.

2672 3916 2966 3978 SCilOLiA
2996 3954 3012 3972 .

2125 4047 2322 4114 Aperui
2355 4045 2480 4114 ipsi,
2512 4042 2647 4099 dicit
2675 4037 2878 4107 Virgo;
2919 4035 3024 4089 hoc
3051 4040 3157 4096 est,
3192 4031 3370 4099 ipsum
3395 4021 3654 4093 concepi.

2053 4143 2220 4198 Addit
2251 4149 2433 4195 autent
2473 4131 2562 4193 hic
2579 4150 2802 4208 quoque
2831 4129 3059 4186 verbum
3093 4123 3251 4185 illud,
3271 4121 3424 4191 Ego;
3459 4129 3660 4186 quem-

2053 4231 2348 4288 admodum
2393 4239 2448 4284 et
2475 4229 2639 4299 paulo
2671 4234 2799 4282 ante
2834 4241 2850 4278 :
2889 4217 3114 4296 surrexi
3138 4229 3254 4286 ego,
3284 4220 3342 4266 ut
3374 4210 3659 4278 aperirem;

2054 4333 2117 4379 ut
2149 4323 2296 4380 clare
2333 4321 2672 4376 demonstret
2707 4319 2829 4374 sine
2859 4314 2978 4367 viro
3020 4323 3185 4378 supra
3219 4305 3490 4360 rationem
3536 4312 3659 4352 eam

2055 4417 2255 4472 factam
2285 4411 2456 4468 fuisse
2476 4412 2924 4482 conceptionem.
2963 4401 3093 4457 Sola
3119 4409 3363 4467 namque
3401 4394 3518 4462 ipsa
3543 4390 3664 4443 Vir-

1981 4532 2026 4587 ι)
2057 4523 2125 4580 go
2173 4505 2446 4577 operatrix
2491 4503 2594 4558 fuit
2641 4496 3020 4568 conceptionis
3061 4493 3236 4587 illius.
3295 4489 3470 4554 Nepos
3519 4498 3664 4587 meus

369 4591 510 4662 ἢτοι,
543 4591 636 4643 τὸν
668 4591 767 4661 τῆς
795 4592 1266 4663 ὲνανθρωπήσεως
1289 4593 1553 4654 διανύσας
1592 4589 1807 4662 χρόνον,
1845 4589 1939 4642 καὶ

2048 4575 2286 4658 discet—sil
2321 4615 2341 4656 :
2391 4611 2517 4654 cum
2563 4594 2824 4650 nimirum
2885 4589 3141 4643 humanae
3186 4580 3310 4635 vita:
3359 4575 3669 4647 peregisset

373 4685 552 4738 πάντα
591 4683 714 4738 καθ’
747 4685 894 4754 ἡμᾶς
954 4684 1134 4748 καλῶς
1192 4686 1552 4755 ὑπουργήσας
1596 4682 1674 4753 τῷ
1709 4682 1827 4752 Θεῴ
1858 4682 1939 4734 κατ

2059 4704 2293 4764 tempus,
2331 4701 2384 4747 et
2408 4689 2590 4746 omnia
2630 4701 2750 4757 qua:
2784 4691 2971 4738 nostra
3026 4685 3178 4738 sunt,
3231 4671 3438 4742 optime
3466 4666 3668 4764 perfe-
3727 4738 3732 4748 τ

376 4777 574 4845 Πατρὶ,
608 4777 916 4848 παρῆλθενο
949 4777 1006 4842 ἐξ
1044 4778 1347 4847 ἀνθρώπων
1376 4778 1614 4845 ἐγένετο,
1649 4775 1740 4829 τὸν
1784 4776 1939 4843 ὑπερ

2065 4759 2256 4849 cisset,
2298 4783 2451 4854 juxta
2480 4782 2816 4834 voluntatem
2855 4772 2946 4827 Dei
2974 4781 3029 4825 et
3060 4766 3262 4828 Patris,
3291 4773 3420 4818 tunc
3449 4759 3669 4854 discesx
3741 4781 3744 4783 λ

376 4871 490 4937 φυᾶ
529 4868 1021 4940 ἀνθρωποπρεπῶς
1075 4869 1516 4940 διακχρτερήσας
1553 4869 1808 4923 θάνατον.
1839 4868 1933 4920 Ψυ

2066 4879 2162 4944 sit,
2202 4853 2307 4931 hoc
2333 4886 2439 4940 εει,
2475 4889 2539 4928 ex
2566 4869 2892 4935 hominibus
2917 4863 3166 4926 recessit,
3199 4866 3489 4928 postquam
3521 4853 3668 4907 into-

378 4962 458 5032 χή
487 4980 607 5032 μου
642 4961 906 5031 ἐξῆλθεν
935 4963 1004 5014 ἐν
1026 4963 1188 5030 λόγῳ
1227 4960 1448 5014 αὐτοῦ·
1481 4963 1780 5025 τουτέστιν,
1804 4959 1862 5012 ὲν
1895 4961 1939 5028 τῆ

2073 4969 2374 5026 lerandam.
2407 4963 2712 5025 secundum
2743 4955 3140 5013 humanitatem
3199 4945 3424 5019 pertulit
3456 4957 3670 5000 necem.

378 5057 530 5126 φωνῇ
570 5053 759 5120 αὐτοῦ,
790 5054 860 5125 ἢν
905 5053 1115 5125 κράξας
1140 5055 1197 5105 ὲν
1225 5053 1304 5124 τῷ
1343 5049 1586 5122 σταυρῷ,
1618 5051 1870 5120 ἅπέφυκε
1905 5067 1939 5103 τι

2072 5063 2272 5119 Anima
2302 5075 2417 5113 mea
2449 5071 2661 5128 egressa
2693 5062 2768 5107 est
2801 5049 2870 5104 ad
2903 5058 3195 5102 sermonem
3236 5039 3350 5109 ejus
3384 5053 3402 5091 :
3431 5037 3534 5128 hoc
3564 5043 3672 5128 est,

381 5125 623 5218 πνεῦμα.
661 5147 837 5217 Ψυχή
892 5164 1014 5218 μου
1059 5145 1360 5215 ἐξῆλθεν·
1396 5143 1858 5216 λυποθυμήσασα,
1896 5159 1939 5196 τ;

2073 5155 2145 5210 ad
2187 5167 2378 5208 vocem
2410 5125 2607 5220 ipsius,
2635 5161 2741 5216 qua
2775 5145 2828 5199 in
2859 5154 3025 5195 cruce
3051 5137 3298 5192 clamans
3327 5125 3662 5220 emisitispi-

387 5240 643 5311 μητέρων
678 5239 950 5295 παθοῦσα.

2076 5247 2272 5301 ritum.
2301 5219 2494 5298 Anima
2528 5256 2644 5294 mea
2670 5252 2878 5308 egressa
2915 5241 2991 5286 est
3026 5247 3045 5286 :
3088 5225 3256 5284 animi
3289 5219 3672 5291 mgritudinem

2078 5354 2237 5411 passa
2273 5353 2422 5402 sum,
2469 5343 2529 5389 ut
2564 5341 2619 5388 et
2665 5341 2870 5386 matres
2911 5320 3226 5397 perturbari
3255 5319 3459 5375 solent.

1056 5440 1298 5516 ᾊΣΜΑ.

2773 5439 2981 5497 CANT.

467 5559 756 5626 Ἐζήτησα
797 5558 1008 5626 αὐτὸν,
1039 5559 1142 5614 καὶ
1178 5562 1291 5630 οὐχ
1334 5557 1516 5630 εὗρον
1543 5561 1747 5615 αὐτόν.
1796 5560 1939 5616 Ἐκά

2152 5564 2206 5630 6,
2243 5563 2297 5620 7.
2327 5561 2561 5628 Quwsivi
2584 5575 2728 5622 eum,
2756 5567 2806 5611 et
2830 5571 2931 5610 non
2956 5552 3127 5608 inveni
3157 5564 3306 5632 eum,
3331 5543 3507 5600 vocavi
3528 5556 3673 5603 eum,

386 5657 543 5707 λεσα
573 5652 782 5720 αὐτὸν,
820 5653 917 5706 καὶ
947 5656 1059 5722 οὺχ
1090 5653 1411 5723 ὑπήκουσέ
1433 5670 1581 5723 μου·
1604 5654 1874 5722 εὔροσὰν
1889 5674 1939 5726 μ

2073 5668 2122 5714 et
2151 5675 2253 5714 non
2273 5654 2479 5712 audivit
2505 5670 2604 5708 me.
2631 5650 2951 5707 Invenerunt
2979 5647 3056 5702 me
3076 5643 3317 5714 custodes
3340 5640 3676 5694 circumactu

463 5836 506 5870 ι·
541 5835 676 5903 Luc.
713 5855 749 5905 ι,
789 5837 878 5895 st.
955 5835 1278 5892 "ibid.35.
1359 5837 1681 5893 Minimas.
