4082 6512
407 423 544 492 1051

1562 405 1933 474 ΜᾹΤῚἮᾹΞΙ
1953 403 2486 468 CANTACUZENI

3501 391 3657 457 1052

386 550 466 593 tes
499 540 554 592 in
595 534 807 590 civitate
834 547 853 587 :
879 535 1252 602 percusserunt
1280 542 1382 594 me,
1427 522 1834 581 vulneraverunt
1867 536 1970 587 me,

2092 520 2132 572 at
2167 519 2461 588 φύλακες.
2519 516 2576 569 οι
2625 511 3007 576 κυκλοῦντες
3033 508 3102 562 ἐν
3153 507 3228 577 τῇ
3267 507 3479 560 πόλειο
3513 504 3658 559 ἐπά-

387 629 620 682 tulerunt
651 626 954 680 theristrum
985 637 1157 676 meum
1185 617 1429 675 custodes
1463 617 1732 673 moenium.

1010 796 1303 856 SCHOLIA
1325 838 1340 853 .

464 899 696 964 Qua'sivi
727 899 870 962 eum,
902 906 953 950 et
1010 910 1112 948 non
1150 893 1322 947 inveni
1354 905 1494 945 eum.
1524 884 1802 942 Percurrit
1844 897 1974 953 pro-

382 993 547 1072 pheta
591 999 701 1054 tum
742 989 848 1053 hic,
889 997 1001 1042 tum
1043 986 1176 1040 alibi
1225 981 1445 1038 concise
1485 993 1645 1049 pene,
1681 977 1975 1049 mysterio-

385 1100 507 1138 rum
526 1068 714 1150 capita
744 1080 942 1135 futura:
970 1075 1136 1132 Verbi
1175 1075 1268 1129 Dei
1299 1074 1353 1127 in
1398 1086 1565 1127 carne
1609 1068 1976 1139 dispensatio-

385 1178 494 1232 nis.
523 1174 792 1242 Repetens
822 1184 1044 1241 quoque
1073 1168 1142 1222 de
1172 1167 1384 1234 integro
1418 1179 1514 1232 per
1552 1161 1733 1231 capita
1767 1173 1975 1215 sermo-

385 1279 535 1329 nem,
573 1273 834 1330 tauquam
867 1276 930 1314 ex
954 1272 1188 1329 persona
1218 1264 1385 1310 casta:
1415 1253 1606 1308 Matris
1628 1249 1865 1313 Domini,
1893 1248 1977 1301 di-

384 1357 514 1408 cit:
558 1352 792 1418 Quaesivi
833 1367 974 1416 eum,
1011 1359 1064 1404 et
1112 1365 1214 1402 non
1258 1346 1434 1400 inveni
1471 1361 1612 1400 eum.
1656 1341 1811 1410 Quod
1841 1354 1978 1396 sane

385 1445 735 1516 interpretari
763 1443 980 1513 quidem
1002 1440 1219 1510 poterit,
1244 1437 1708 1509 quemadmodum
1738 1444 1867 1488 ante
1889 1432 1979 1486 diu

2069 608 2263 673 ταξάν
2283 625 2380 678 με,
2405 602 2852 677 ἐτραυμάτισάν
2902 619 2978 671 με
3000 616 3014 630 ο
3039 596 3195 669 ἦραν
3230 599 3297 652 τὸ
3341 597 3656 666 θέριστρον

2069 696 2175 755 ἀπ’
2205 697 2356 768 ἐμοῦ
2386 697 2660 770 φύλακες
2683 694 2805 749 τῶν
2833 691 3101 762 τειχέων.

2711 787 2992 840 ΣΧΟΑῙΑ.

2156 887 2456 955 Ἔζήτήσα
2492 882 2682 938 αὑτὸν
2710 881 2807 935 καὶ
2838 881 2952 948 οὐχ
2980 873 3164 945 εὖρον
3190 874 3400 929 αὐτόν.
3447 871 3658 936 Διεξελ-

2078 980 2188 1034 θὼν
2218 982 2248 1032 ὁ
2277 977 2570 1049 προφήτης
2601 979 2696 1028 καὶ
2720 973 2838 1038 νῦν,
2861 971 2960 1025 καὶ
2990 971 3048 1022 ὲν
3071 967 3312 1038 ἑτέροις,
3347 963 3422 1026 ὡς
3450 965 3508 1019 ἐν
3531 965 3657 1017 ἑπι-

2075 1073 2244 1143 τομῇ,
2276 1073 2346 1124 τά
2372 1069 2514 1144 κατά
2559 1068 2659 1138 τὴν
2705 1066 2973 1133 ἔνσαρκον
3019 1059 3336 1128 οἰκονομίαν
3391 1055 3485 1109 τοῦ
3525 1053 3658 1108 Θεοῦ

2077 1163 2254 1230 Λόγου
2297 1161 2642 1230 γενησόμενα
2677 1157 2978 1228 μυστήρια,
3014 1147 3659 1218 ὲπανακεφαλαιούμενος

2079 1254 2178 1308 καὶ
2227 1249 2383 1314 αὖθις
2415 1251 2506 1303 τὸν
2551 1249 2729 1314 λόγον,
2765 1245 2841 1310 ὡς
2877 1248 2941 1298 ὲκ
2989 1243 3089 1310 τῆς
3113 1240 3289 1308 ἁγνῆς
3317 1237 3410 1292 τοῦ
3461 1236 3658 1306 Κυρίου
3695 1281 3698 1284 .
3803 1305 3819 1318 .

2083 1342 2294 1414 μητρός
2340 1358 2546 1412 φησιν·
2595 1337 2897 1406 Ἐζήτησα
2948 1333 3161 1398 αὐτὸν,
3195 1331 3294 1386 καὶ
3341 1331 3455 1398 οὐχ
3483 1324 3664 1396 εὗρον

2081 1436 2302 1490 αὐτόν’
2361 1433 2520 1488 τοῦτο
2579 1433 2681 1503 μὲν
2728 1431 2795 1484 ἀν
2843 1447 2930 1493 τις
2977 1426 3128 1480 ὡσὰν
3156 1426 3370 1510 εἴρηται
3401 1422 3663 1492 πρότερον

385 1548 537 1593 ctum
571 1547 674 1600 est,
707 1535 814 1588 hoc
861 1535 1154 1589 verborum
1185 1531 1470 1586 involucro
1499 1528 1757 1584 eximiam
1790 1526 1982 1582 Salva-

2092 1525 2330 1592 Βκλάϐοι,
2375 1523 2475 1596 τὴν
2525 1525 2584 1576 ὲν
2615 1521 2694 1592 τῷ
2732 1523 2890 1591 τάφῳ
2919 1519 3014 1572 τοῦ
3045 1517 3295 1585 Σωτῆρος
3335 1510 3662 1566 αἰνίττεσθαι
3711 1513 3738 1530 ⁸

387 1628 530 1682 toris
575 1626 632 1680 in
674 1625 930 1696 sepulcro
970 1624 1212 1692 requiem
1268 1621 1588 1691 signiﬁcari.
1635 1619 1790 1674 Tunc
1835 1617 1981 1672 enim

2092 1619 2347 1688 ὑπερφυᾶ
2372 1615 2670 1671 κατάθεσιν
2693 1632 2706 1646 ·
2738 1611 3044 1683 τηνικαῦτα
3081 1608 3191 1678 γὰρ
3219 1605 3458 1675 ζητοῦσα
3479 1602 3664 1696 τοῦτον

388 1733 516 1773 eum
538 1733 791 1786 quaerens
810 1715 1180 1772 sacratissima
1210 1724 1405 1773 mater.
1436 1701 1544 1766 non
1569 1711 1798 1769 invenit.
1822 1708 1983 1762 Pote-

2092 1713 2122 1784 ἡ
2151 1711 2428 1778 πὲναγνος
2457 1710 2655 1779 Μήτηρ
2705 1707 2804 1776 οὐχ
2835 1699 3020 1774 εὗρεν.
3058 1701 3233 1755 Τοῦτο
3264 1698 3309 1751 δ’
3348 1696 3414 1750 ἀν
3447 1711 3527 1757 τις
3569 1693 3664 1786 καὶ

391 1807 468 1860 rit
485 1805 538 1859 id
558 1784 723 1859 etiam
746 1805 872 1875 quis
891 1805 1194 1876 intelligere
1214 1803 1278 1859 de
1296 1800 1524 1860 salutari
1560 1799 1762 1856 Clll‘lSll
1780 1798 1982 1854 Ascen-

2092 1804 2171 1866 είς
2195 1803 2297 1872 τὴν
2331 1802 2602 1869 σωτήριον
2635 1799 2775 1869 μετὰ
2809 1799 2871 1850 τὸ
2902 1797 3086 1849 πᾶσαν
3115 1788 3432 1858 οἰκονομίαν
3458 1784 3660 1853 πεπλη-

393 1899 570 1960 sione,
607 1906 730 1966 post
773 1905 1210 1952 consummatam
1262 1909 1480 1949 omnem
1520 1891 1703 1948 carnis
1751 1892 1970 1961 dispen-

2092 1893 2290 1964 ρῶσθαι
2338 1891 2432 1946 τοῦ
2459 1888 2720 1962 -Χριστοῦ
2775 1886 3090 1956 ἀνάληψιν
3147 1876 3503 1953 ἀνθρωπικῶς
3548 1876 3654 1944 γὰρ

391 1991 684 2046 sationem.
712 1992 848 2044 Cum
877 1990 1023 2044 enim
1057 2004 1180 2042 eum
1214 2000 1270 2042 ut
1297 1986 1571 2041 hominem
1599 1992 1720 2055 post
1765 1989 1975 2040 Ascen-

2092 1989 2220 2055 μετὰ
2244 1985 2416 2039 ταῦτα
2437 1984 2632 2036 τοῦτον
2660 1980 2903 2052 ζητοῦσα
2937 1977 3196 2047 παρεῖναι
3234 1969 3665 2065 ήὲὸπεράμωμος

392 2081 604 2136 sionem
636 2089 929 2152 qurercret,
964 2087 1024 2136 ut
1072 2089 1270 2149 praesto
1314 2084 1484 2143 esset,
1530 2077 1824 2147 purissima
1879 2074 1975 2130 Dei

2092 2075 2173 2129 τοῦ
2229 2074 2366 2130 Θεοῦ
2420 2073 2744 2149 λοχεύτρια,
2773 2072 2872 2141 οὐχ
2904 2069 3165 2139 εὕρισκεν
3210 2060 3371 2117 αὐτόν
3395 2075 3408 2090 ·
3439 2060 3534 2114 καὶ
3569 2074 3672 2112 κα-

391 2148 690 2239 Puerpera,
737 2185 846 2224 non
889 2148 1096 2223 invenit.
1145 2184 1292 2233 eum,
1335 2182 1510 2238 neque
1555 2166 1729 2237 ipsam
1768 2164 1980 2220 audivit

2092 2168 2247 2221 Lauso.
2278 2169 2378 2238 ούχ
2408 2148 2712 2235 ὑπήκουεν.
2748 2158 2829 2235 Ἷλί
2879 2162 2936 2215 δὲ
2991 2159 3126 2222 Θεὸς
3179 2156 3347 2225 συνῆν
3372 2154 3510 2220 αὐτῇ
3533 2167 3550 2185 ο
3574 2148 3673 2202 καὶ

392 2269 717 2326 vocantem;
761 2260 1013 2330 quamvis
1044 2269 1102 2312 ut
1139 2257 1285 2314 Deus
1312 2275 1436 2314 cum
1471 2259 1590 2329 ipsa
1630 2257 1794 2320 foret,
1840 2257 1980 2310 tilia-

2092 2261 2276 2324 υίῖκῶς
2301 2259 2438 2328 ὁμοῦ
2488 2259 2584 2311 καὶ
2615 2256 2899 2327 πατρικῶς
2927 2249 3148 2308 τά’κατ’
3190 2247 3358 2318 αὐτὴν
3381 2243 3674 2311 ἐκυϐέρνα.

396 2354 546 2422 lique
572 2351 737 2424 simul
774 2359 830 2408 et
872 2361 1100 2422 paterno
1147 2351 1370 2416 aﬂ’ectu,
1421 2367 1544 2421 quae
1579 2350 1754 2420 ipsius
1798 2357 1980 2416 erant,

2092 2353 2366 2420 Εὖροσὰν
2412 2366 2492 2422 με
2537 2352 2594 2404 οἱ
2646 2349 2944 2418 φύλακες,
2983 2350 3035 2400 οὶ
3083 2342 3460 2406 κυκλοῦντες
3489 2339 3560 2392 ἐν
3599 2334 3675 2403 τῇ

399 2445 748 2514 gubernaret.
812 2445 1130 2500 Invenerunt
1154 2460 1234 2498 me
1254 2444 1495 2498 custodes
1518 2445 1900 2497 circumeuntes
1925 2444 1978 2496 in

2092 2446 2261 2499 πόλει
2283 2459 2296 2473 ⁸
2337 2441 2531 2513 ἤγουν,
2569 2440 2810 2510 ζητοῦσα
2845 2439 3059 2502 τοῦτον,
3108 2436 3204 2490 καὶ
3238 2432 3670 2502 ἐπικαλουμένη,

397 2537 630 2591 civitate.
669 2535 957 2602 Videlicet,
991 2553 1113 2591 cum
1146 2552 1446 2606 quaererem
1477 2550 1713 2607 eumque
1758 2535 1984 2590 invoca-

399 2641 539 2684 rem.
573 2637 631 2682 et
663 2627 830 2682 Deum
863 2643 930 2682 ex
962 2643 1047 2682 me
1090 2627 1210 2684 sine
1239 2628 1448 2683 semine
1482 2635 1669 2681 natum
1701 2640 1822 2682 esse
1851 2641 1985 2681 eou-

397 2717 680 2770 tenderem
713 2732 728 2770 :
769 2716 822 2770 id
854 2731 965 2771 non
993 2716 1302 2771 ferentibus
1346 2732 1414 2771 ex
1450 2715 1746 2788 invidentia
1777 2714 1983 2785 princi-

335 2824 346 2836 ·
398 2807 564 2876 pibus
585 2807 954 2870 sacerdotum,
974 2808 1066 2878 qui
1095 2807 1420 2878 videbantur
1443 2808 1548 2877 legi
1576 2821 1832 2876 praeesse,
1862 2823 1986 2875 gra-

2085 2535 2181 2588 καὶ
2238 2533 2372 2587 Θεὸν
2420 2532 2481 2597 ἐξ
2533 2530 2669 2602 ὲμοῦ
2720 2531 2848 2585 ἄνευ
2907 2530 3118 2601 σπορᾶς
3149 2523 3556 2596 ἀνομολογοῦσα
3585 2539 3673 2574 τε·

2083 2624 2318 2692 χθέντα,
2380 2622 2457 2694 μὴ
2512 2621 2852 2690 ἐνεγκόντων
2879 2619 2969 2673 τὸν
2999 2618 3196 2688 φθόνον
3237 2615 3346 2669 τῶν
3371 2614 3672 2667 δοκούντων
3754 2669 3763 2678 ⁸

2088 2717 2396 2788 ἀρχιερέων
2413 2714 2708 2785 τοῦ“νόμου
2732 2714 3092 2784 προεστάναι,
3114 2712 3356 2780 ὑπέστην
3381 2709 3472 2762 ὑπ’
3494 2705 3672 2760 αὐτῶν

2087 2809 2258 2864 δεινά.
2295 2810 2571 2874 Φύλακες
2613 2808 2660 2861 δ’
2711 2809 2778 2862 ἂν
2831 2807 3085 2861 καλοῖντο
3114 2803 3209 2858 τοῦ
3234 2804 3404 2873 νόμου
3439 2804 3486 2854 οἱ
3515 2817 3670 2868 τηνι-

399 2899 489 2951 via
525 2898 734 2952 abillis
783 2914 944 2968 passa
991 2915 1138 2955 sum.
1189 2899 1444 2954 Custodes
1497 2910 1676 2954 autem
1724 2901 1989 2969 appellari

2092 2900 2268 2955 καῦτα
2321 2899 2430 2953 τῶν
2475 2901 2748 2953 Ἰουδαίων
2793 2900 3114 2970 ἀρχιερεῖς,
3159 2896 3234 2958 ὡς
3279 2895 3357 2964 τῷ
3387 2894 3672 2966 γράμματι

401 2997 638 3059 poSsunt
665 2989 799 3060 legis
841 2992 1126 3059 pontiﬁces
1155 2990 1471 3047 Iudaeorum
1507 3001 1658 3060 tunc,
1687 3001 1872 3060 utpote
1895 2998 1988 3061 qui

2093 2994 2243 3065 μόνῳ
2301 2994 2758 3062 προσανέχοντες,
2798 2993 2991 3064 πόρῤω
3053 2990 3110 3044 δὲ
3172 2988 3282 3041 τῶν
3344 2986 3674 3054 ἐγκειμένων

402 3079 507 3135 soli
537 3079 727 3135 littera
756 3081 1220 3148 adhaeresceutes,
1247 3082 1409 3154 longe
1446 3084 1664 3153 quidem
1709 3083 1935 3139 aberant
1958 3100 1988 3138 a

2094 3086 2318 3141 ἐννοιῶν
2358 3085 2587 3147 ἑαυτοὺς
2617 3085 3042 3148 ἀπελαύνοντες.
3077 3085 3145 3138 Οἱ
3189 3079 3562 3144 κυκλοῦντες
3606 3077 3676 3130 ἐν

403 3185 595 3236 sensu,
624 3171 717 3242 qui
751 3171 805 3227 in
833 3172 944 3228 illis
973 3173 1171 3229 inerat.
1202 3173 1604 3228 Circumeuntes
1647 3175 1703 3228 in
1735 3176 1986 3242 civitate;

2092 3179 2164 3247 τῇ
2196 3179 2394 3258 πόλει,
2445 3179 2750 3241 τουτέστιν,
2798 3179 2849 3232 οἱ
2897 3178 3028 3249 περὶ
3065 3175 3134 3230 τὰ
3179 3175 3318 3228 αύτά
3349 3174 3442 3226 καὶ
3476 3173 3533 3224 ὲν
3562 3171 3674 3231 τοῖς

404 3261 511 3315 hoc
551 3271 654 3326 est,
710 3262 806 3333 qui
860 3263 1007 3320 circa
1059 3263 1325 3333 litteram,
1377 3265 1517 3321 etin
1556 3265 1736 3321 littera
1772 3281 1988 3336 semper

2093 3272 2278 3335 αὐτοῖς
2327 3272 2417 3324 ἀεὶ
2445 3272 2900 3343 συστρεφόμενοι,
2940 3271 3032 3324 καὶ
3090 3268 3259 3340 μηδὲν
3295 3265 3501 3336 ὑψηλὸν
3549 3262 3680 3332 περὶ

405 3362 711 3420 versantes,
752 3354 890 3410 nihil
914 3355 1197 3412 excelsum
1224 3359 1292 3414 de
1322 3357 1434 3413 Deo
1463 3358 1728 3414 sentiunt.
1759 3358 1989 3414 Percus-

2092 3361 2229 3416 Θεοῦ
2252 3362 2650 3431 διανοούμενοι.
2688 3360 3036 3426 Ἐπὰταξάν
3071 3374 3174 3429 με·
3215 3359 3403 3428 ήγουν,
3436 3353 3686 3426 ἧλγυνάν·

403 3454 586 3500 serunt
621 3464 724 3514 me,
771 3449 1042 3515 videlicet,
1087 3450 1238 3520 gravi
1286 3465 1376 3505 me
1406 3451 1619 3526 Vdolore
1665 3450 1986 3518 aﬁ'ecerunt,

2095 3469 2185 3522 με,
2238 3454 2296 3506 ὲν
2340 3446 2424 3515 οἶς
2461 3451 2811 3506 ἐπεδείκνυτο
2871 3450 3068 3512 δεινοῖς
3117 3448 3255 3518 πρὸς
3285 3444 3385 3517 τὴν
3417 3442 3511 3497 τοῦ
3543 3441 3686 3495 Θεοῦ-

406 3548 532 3586 cum
566 3537 705 3589 mala
737 3538 914 3607 palam
953 3539 1219 3596 inferrent
1247 3539 1341 3597 Dei
1377 3540 1657 3609 Ecclesiae,
1714 3543 1989 3612 expellen-

2104 3542 2457 3613 Ἐκκλησίαν,
2507 3541 2912 3604 ἀπελαύνοντες
2963 3538 3092 3603 τοὺς
3134 3538 3406 3609 μαθητὰς,
3443 3537 3537 3587 καὶ
3587 3534 3690 3586 τὸν

404 3633 492 3681 tes
553 3627 870 3699 discipulos,
894 3640 950 3686 et
983 3629 1267 3702 Evangelii
1295 3634 1611 3705 progressui
1635 3635 1985 3694 obsistentes.

2092 3627 2439 3705 δρόμοντοῦ
2475 3633 2815 3704 Εὐαγγελίου
2870 3633 3198 3694 κωλύοντες.
3231 3626 3429 3699 Ἥραν
3471 3628 3535 3681 τὸ
3585 3626 3679 3680 θέ-

412 3715 668 3773 Tulerunt
707 3721 1011 3776 theristrum
1045 3738 1214 3777 meum
1243 3765 1260 3790 ,
1298 3723 1496 3794 capitis
1540 3724 1790 3780 videlicet
1825 3738 1988 3779 orna-

2092 3745 2340 3797 ριστρον
2369 3728 2472 3783 ἀπ’
2505 3727 2677 3797 ἐμοῦ,
2715 3727 2806 3781 τὸν
2834 3729 2931 3796 τῆς
2966 3725 3207 3796 κεφαλῆς
3234 3723 3439 3793 κόσμον
3464 3717 3678 3789 δηλονό·

411 3821 680 3877 mentum,
730 3813 875 3881 piam
928 3815 1191 3871 nimirum
1237 3815 1305 3871 de
1358 3815 1988 3887 Deo,iutelligentiam:

2092 3836 2167 3884 τι,
2204 3820 2304 3888 τὴν
2355 3817 2557 3888 εὐσεϐῆ
2591 3819 2721 3889 περὶ
2766 3817 2903 3872 Θεοῦ
2933 3816 3197 3880 διάνοιαν,
3233 3814 3300 3886 ἣν
3327 3810 3678 3866 ἐσπουδάκει-

406 3921 572 3971 quam
614 3905 836 3975 quidem
865 3923 1084 3964 summo
1119 3908 1305 3964 studio
1335 3908 1739 3965 contenderunt
1765 3926 1830 3965 ex
1861 3910 1989 3965 ulti-

2095 3926 2193 3962 σαν
2225 3909 2325 3980 μὲν
2351 3910 2415 3962 ὲκ
2446 3909 2556 3962 τῶν
2591 3911 2846 3980 περάτων
2876 3909 2972 3978 τῆς
3005 3907 3111 3977 γῆς
3138 3906 3380 3976 ἀφελεῖν,
3425 3904 3525 3958 οὐκ
3554 3901 3678 3971 ἠδυ-

409 3997 516 4050 mis
543 4005 700 4050 terra:
727 3996 954 4062 ﬁnibus,
978 3998 1216 4066 auferre,
1255 3999 1351 4054 sed
1388 4013 1497 4054 non
1523 3999 1835 4066 valuerunt,
1861 4015 1987 4056 cum

2097 3999 2345 4071 νήθησαν
2379 4001 2433 4054 δὲ
2464 4001 2888 4075 ὑπερϐαλλούσῃ
2932 4001 3165 4069 δυνάμει
3214 3998 3308 4052 τοῦ
3336 3995 3678 4068 κηρυττομέ‹

408 4087 608 4158 majori
641 4087 694 4143 vi
723 4088 1018 4144 obsisteret
1061 4089 1236 4146 virtus
1263 4090 1522 4159 praconii
1557 4089 1762 4147 Christi
1803 4091 1989 4148 Salva-

2093 4109 2185 4146 νου
2248 4093 2499 4164 Σωτῆρος
2557 4093 2818 4164 Χριστοῦ.
2879 4093 3156 4157 diti/laxe;-
3215 4091 3334 4144 τῶν
3397 4089 3677 4157 τειχέων·

407 4181 565 4236 toris.
601 4179 856 4235 Custodes
886 4183 1158 4245 mtenium,
1210 4179 1464 4236 videlicet
1494 4183 1671 4253 legem
1706 4186 1887 4254 specie
1913 4195 1989 4243 te-

2096 4185 2287 4253 ῆγουν,
2342 4189 2410 4256 τῇ
2454 4188 2677 4256 δοκήσει
2735 4187 2830 4239 τοῦ
2884 4185 3184 4253 φυλάσσειν
3243 4183 3334 4236 τὸν
3377 4181 3572 4250 νόμον·
3618 4179 3678 4229 οὐ

409 4286 517 4324 nus
545 4281 848 4328 servantes.
918 4271 1036 4326 Non
1073 4272 1220 4326 enim
1261 4271 1490 4343 dignum
1531 4273 1688 4330 duxit
1731 4277 1854 4332 illos
1897 4292 1996 4332 cu-

410 4361 600 4416 stodes
627 4375 750 4416 esse
791 4361 1054 4428 civitatis,
1089 4363 1184 4420 sed
1221 4371 1428 4420 tantum
1488 4366 1774 4432 mmnium,
1797 4370 1878 4426 sic
1911 4380 1994 4427 ut-

413 4465 633 4520 cunque
666 4450 992 4520 positorum,
1023 4461 1079 4508 et
1108 4469 1225 4515 non
1257 4469 1322 4510 ex
1354 4454 1447 4509 Dei
1487 4464 1691 4512 mente.

1081 4545 1266 4603 CANT
1298 4589 1313 4606 .

485 4633 539 4688 8.
581 4633 838 4702 Adiuravi
871 4653 982 4702 vos,
1014 4639 1142 4707 ﬁlia:
1168 4639 1492 4712 Jerusalem,
1529 4649 1584 4703 in
1628 4650 1910 4705 virtutibus
1939 4659 1992 4706 et

415 4727 470 4779 in
507 4727 704 4782 viribus
734 4729 872 4799 agri.
899 4731 946 4784 si
968 4731 1271 4790 inveneritis
1307 4748 1542 4806 nepotem
1569 4758 1762 4811 meum,
1799 4760 1994 4799 renun-

419 4820 546 4873 tiate
571 4820 620 4873 ei
652 4823 791 4890 quod
820 4822 1100 4878 vulnerata
1126 4841 1308 4882 amore
1337 4845 1431 4899 ego
1461 4847 1602 4885 sum.

1042 5005 1337 5063 SCHOLIA
1356 5047 1372 5063 .

486 5094 605 5151 Non
637 5097 826 5152 eodem
875 5111 1068 5163 sensu,
1113 5112 1461 5156 sacramento
1515 5104 1654 5158 ﬁlias
1713 5106 2002 5174 compellat

413 5187 742 5254 Jerusalem,
787 5205 895 5258 quo
926 5199 979 5244 et
1017 5191 1170 5259 prius
1193 5193 1555 5262 jurejurando
1595 5196 1874 5264 adegerat,
1905 5200 1999 5254 sed

419 5279 508 5334 hic
574 5278 715 5333 ﬁlias
769 5275 1079 5336 Jerusalem
1134 5289 1430 5350 sequentes
1499 5284 1790 5341 Dominum
1841 5301 2002 5343 vocat

423 5368 717 5438 discipulus
756 5387 770 5423 :
814 5385 936 5439 quas
969 5386 1066 5442 per
1113 5376 1434 5445 martyrium
1487 5379 1610 5432 vitae
1657 5380 1996 5435 curriculum

423 5462 788 5534 perfecerunt.
833 5462 893 5516 Si
933 5465 1233 5521 inveneritis
1296 5481 1535 5539 nepotem
1568 5489 1762 5539 meum,
1812 5490 2005 5527 renun-

418 5555 546 5608 ποτε
580 5555 628 5606 ei
653 5554 793 5622 quod
828 5555 1104 5611 vulnerata
1153 5575 1332 5613 amore
1372 5577 1466 5630 ego
1500 5580 1636 5616 sunt.
1686 5565 1801 5618 Non
1852 5565 2001 5634 quod

419 5643 689 5712 ejusmodi
717 5645 794 5700 rei
824 5661 985 5703 suum
1011 5649 1185 5719 ipsius
1207 5650 1406 5706 Filium
1431 5663 1483 5708 et
1516 5655 1806 5709 Dominum
1841 5655 2000 5725 igua-

2097 4277 2205 4348 γὰρ
2234 4277 2376 4344 ἀξιοῖ
2396 4280 2622 4344 τούτους
2654 4280 2906 4350 φύλακας
2924 4275 3064 4332 εἶναι
3085 4277 3291 4340 πόλεως
3311 4292 3325 4308 ⁸
3360 4275 3476 4330 ἀλλ’
3497 4272 3682 4336 ἁπλῶς

2096 4371 2207 4426 τῶν
2238 4373 2462 4442 τειχέων
2497 4373 2604 4425 τῶν
2635 4372 2778 4425 οὕτω
2817 4390 2934 4435 πως
2975 4373 3245 4442 κειμένων
3267 4387 3281 4403 ο
3333 4369 3430 4424 καὶ
3456 4367 3516 4422 ού
3555 4367 3685 4438 περὶ

2098 4463 2206 4515 τῶν
2241 4463 2336 4516 τοῦ
2363 4463 2500 4516 Θεοῦ
2530 4464 2772 4516 ἐννοιῶν.

2763 4551 3001 4628 ᾋΣΜΑ.

2173 4648 2426 4715 Ὦρκισα
2454 4645 2634 4716 ὑμᾶς,
2656 4648 2978 4716 θυγατέρες
3015 4644 3442 4715 Ἰερουσαλὴμ,
3461 4645 3531 4697 ἐν
3557 4643 3688 4707 ταῖς

2099 4739 2399 4808 δυνάμεσι
2426 4739 2526 4793 καὶ
2567 4739 2637 4792 ἐν
2683 4739 2814 4805 ταῖς
2846 4739 3137 4807 meum
3178 4738 3284 4791 τοῦ
3317 4722 3536 4805 ἀγροῦ·
3577 4738 3689 4790 sar

2098 4830 2464 4899 εὓρητειτὸν
2520 4830 2852 4899 ἁδελφιδόν
2877 4848 3016 4898 μου,
3043 4812 3450 4900 ἀπαγγείλατε
3500 4833 3688 4883 aesar

2103 4922 2547 4992 ὅτιτετρωμέτεη
2577 4923 2816 4992 ἀγάπης
2851 4921 2967 4992 εἰμὶ
2997 4923 3131 4992 ἐγώ.

2140 5049 2147 5056 .
2758 5015 3034 5070 ΣΧΟΛΙΑ.
3134 5051 3156 5071 κ

2179 5109 2293 5160 Ούκ
2324 5107 2419 5162 ἐπὶ
2446 5107 2546 5178 τὴν
2580 5109 2753 5178 αὐτὴν
2799 5110 3011 5166 ἔννοιαν
3046 5113 3138 5166 τὸν
3165 5113 3327 5167 αὐτὸν
3365 5115 3686 5184 παρήγαγεν

2103 5200 2288 5269 ὅρκον,
2329 5199 2388 5253 δν
2415 5201 2511 5253 καὶ
2542 5201 2810 5270 πρότερον
2831 5204 2970 5264 κταῖς
2999 5201 3310 5275 θυγατράσι
3343 5203 3445 5273 τῆς
3485 5205 3652 5271 Ἰερου
3672 5235 3684 5242 -

2109 5290 2319 5360 σαλήμ·
2365 5291 2483 5344 ἀλλ’
2527 5290 2764 5344 ἐνταῦθα
2813 5291 3129 5364 θυγατέρας
3179 5297 3279 5363 τῆς
3331 5293 3686 5363 Ἰερουσαλὴμ

2106 5369 2206 5446 τὰς
2249 5382 2696 5452 ἀκολουθησὰσας
2744 5384 2823 5453 τῷ
2865 5387 3113 5457 Δεσπότῃ
3150 5389 3306 5441 καλεῖ
3341 5388 3644 5459 μαθητρίας
3669 5403 3683 5415 ο

2106 5477 2163 5529 αἳ
2229 5478 2320 5530 καὶ
2362 5477 2453 5530 διὰ
2512 5479 2818 5547 μαρτυρίου
2861 5478 2954 5530 τὸν
2993 5478 3195 5548 δρόμον
3225 5481 3490 5550 ὴνύκασιν
3545 5479 3688 5550 Ἐὰν

2101 5566 2316 5633 εὕρητε
2341 5567 2448 5619 τὸν
2477 5566 2812 5634 ἀδελφιδόν
2853 5585 2996 5636 μου,
3029 5569 3432 5640 ἀπαγγεῖλατε
3477 5569 3684 5633 αὐτὸν,

2103 5660 2193 5712 ὅτι
2223 5659 2558 5728 τετρωμένη
2594 5660 2831 5728 ἀγάπης
2861 5661 2981 5730 εἰμί
3001 5663 3133 5733 ἐγώ.
3159 5666 3271 5735 Οὐχ
3300 5666 3375 5730 ὡς
3394 5663 3690 5734 ἀγνοοῦντα

425 5751 546 5790 rum
578 5737 694 5792 fore
736 5733 1150 5809 existimaserit,
1182 5746 1428 5816 principii
1484 5749 1808 5803 mulieribus
1841 5765 1989 5803 Suum

2104 5754 2194 5803 τῖν
2236 5751 2438 5822 ἑαυτῆς
2487 5750 2616 5802 Υἱόν
2654 5755 2745 5803 καὶ
2796 5755 3094 5826 Δεσπότην,
3145 5759 3529 5827 παρεγγυᾶται
3566 5758 3684 5814 ταῖς

419 5841 547 5898 (ξι-εει
583 5842 831 5902 nepotem
878 5838 1191 5894 renuntient.
1242 5856 1522 5897 uiuorum:
1559 5843 1655 5911 qui
1689 5843 1831 5897 enim
1886 5842 2003 5898 fieri

2109 5845 2325 5912 γυναιξὶ
2375 5845 2474 5914 τὴν
2524 5845 2728 5917 ταύτης
2783 5848 3006 5921 ἀγάπην
3042 5851 3174 5923 πρὸς
3214 5850 3382 5907 αὐτὸν
3422 5849 3690 5917 ἀπαγγεῖ-
