4082 6438
386 417 521 482 105⁸3

1340 406 1742 474 COMMENT.
1786 404 1868 464 IN
1912 401 2317 464 CANTICUM
2353 399 2652 461 CANTIC.

3514 373 3694 442 ιοειι·
3751 452 3755 458 ,

381 537 471 589 λαι
490 551 506 567 ο
541 533 657 596 πῶς
684 533 792 603 γὰρ
820 532 887 586 ἂν
913 531 1124 602 ἠγνόει,
1161 531 1256 583 καὶ
1287 529 1418 598 πρὶν
1449 525 1720 594 γενέσεως
1753 521 1962 573 ἕκαστα

2091 529 2304 582 totcrat,
2356 529 2414 574 ut
2455 520 2735 588 ignoraret
2787 512 2838 566 id
2888 511 2958 574 is,
3008 507 3102 577 qui
3142 498 3311 562 etiam
3361 507 3655 566 antequam

383 627 541 689 εἰδώς
568 644 582 692 ;
624 625 761 680 ἀλλὰ
791 626 884 678 τὸν
910 621 1074 676 αὑτὸν
1099 621 1264 674 πόθον
1293 621 1372 683 εἰς
1407 609 1505 687 τὴν
1532 615 1746 668 ἐκείνου
1784 612 1970 664 πίστιν

383 717 718 784 ἐπαύξουσα.
739 715 924 786 Ταύτῃ
951 731 1033 768 τοι
1063 715 1178 780 καὶ,
1204 711 1349 767 Ἐὰν
1369 711 1608 778 εὕρητε,
1636 705 1802 778 φησί’
1819 718 1973 756 τουτ-

385 810 521 878 έστι,
555 808 896 863 σπουδάσατε
928 807 1134 878 εὑρεῖν.
1941 799 1944 803 ’

421 1015 424 1017 Α
1068 981 1311 1060 ’ᾼΣΜΑ.
1749 1033 1756 1044 ,

457 1083 526 1138 Τί
549 1082 876 1152 ἀδελφιδός
903 1096 1026 1135 σου
1047 1079 1168 1136 ἀπὸ
1209 1074 1568 1146 ἀδελφιδοῦ,
1609 1074 1647 1142 ἠ
1700 1071 1860 1137 κα.λή
1903 1071 1974 1126 ἐν

383 1177 629 1246 γυναιξί
642 1193 664 1242 ;
691 1176 751 1230 τι
773 1173 1105 1245 αδελφιδὸς
1135 1171 1256 1227 ἀπὸ
1279 1165 1610 1239 ἀδελφιδοῦ
1627 1184 1647 1232 ;
1667 1165 1756 1220 ὅτι
1784 1165 1976 1231 οὕτως

382 1266 648 1337 ὥρκισας
669 1266 850 1338 ἡμᾶς.

1043 1356 1317 1413 ΣΧΟΛΙᾹ.

471 1453 560 1515 Ὠς
605 1454 716 1508 ἀπὸ
764 1453 875 1509 τῶν
911 1452 1194 1524 γυναικῶν
1220 1454 1253 1524 ἡ
1279 1449 1552 1522 ἐρώτησις
1602 1446 1682 1516 τῷ
1716 1444 1976 1515 προφήτῃ

389 1549 499 1602 eo;
516 1564 648 1615 ιται,
674 1547 769 1602 καί
794 1565 929 1619 φησι
954 1563 970 1580 ο
1004 1547 1067 1602 τι
1099 1543 1424 1614 ἁθελςοιδός
1449 1557 1568 1597 σου
1589 1539 1710 1594 ἀπὸ
1731 1537 1979 1602 ἀδελφι-

392 1641 489 1694 ῗοῦ
512 1641 826 1707 ;τουτέστι,
852 1641 904 1694 τι
937 1641 1187 1710 διαφέρει
1210 1642 1238 1692 ὁ
1268 1637 1396 1698 Υἱός
1417 1653 1512 1688 σου
1534 1633 1642 1688 ἀπὺ
1670 1631 1778 1686 τῶν
1800 1631 1978 1685 ἄλλων

395 1733 512 1787 ιιὼν
565 1731 677 1788 τῶν
702 1732 1002 1802 γυναικῶν,
1052 1733 1136 1786 ὅτι
1187 1729 1434 1801 ὧρκισσις
1459 1727 1609 1799 ἡμᾶς
1642 1725 1734 1778 ἐπ’
1767 1722 1974 1789 αὑτόν;

1064 1909 1309 1969 'AXMA.

1064 1915 1090 1934 '
1143 1915 1309 1969 ΣΜΑ.

471 2007 826 2077 Ἀδελςοιδός
848 2024 972 2078 μου
1015 1915 1263 2074 λεΐκὸς,
1311 2005 1410 2060 καὶ
1442 2002 1694 2074 πυρῤὸς,
1729 2002 1980 2056 ἐκλελο-

355 2157 365 2162 ,
388 2099 674 2171 τισμένος
693 2099 811 2154 ἀπὸ
828 2099 1163 2170 μυριάδων.

1043 2193 1325 2251 ΣΧΟΛΙΑ.

417 2304 440 2320 θ’
462 2287 793 2357 Διεγεερασα
825 2288 886 2340 τὸ
935 2286 1223 2357 πρόθυμον
1269 2285 1379 2338 τῶν
1416 2284 1758 2355 γυναικῶνή
1801 2281 1980 2336 πανά-

395 2394 589 2449 μωμος
629 2377 930 2446 Παρθένος,
959 2374 1100 2428 ὥστε
1127 2376 1209 2439 δὶς
1236 2375 1596 2446 ἐπανερωτᾷν
1627 2373 1802 2436 αὑτὰς
1851 2371 1983 2442 περὶ

389 2471 488 2525 τοῦ
515 2469 721 2542 ταύτης
747 2469 890 2536 υἱοῦ,
921 2470 1008 2534 τίς
1033 2469 1093 2522 τὲ
1125 2470 1264 2534 ἐστι,
1293 2467 1348 2521 τι
1376 2468 1624 2538 διαφέρει
1651 2466 1762 2520 τῶν
1782 2465 1982 2532 ἄλλων,

394 2565 515 2620 καθ’
552 2565 788 2618 ἕκαστον
829 2563 929 2636 τὴν
961 2563 1264 2630 ἀπολογίαν
1315 2563 1583 2625 ποιεῖται,
1618 2560 1714 2613 καί
1771 2575 1938 2630 φησιν
1964 2575 1982 2592 ο

410 2657 751 2727 Ἀδελφιδός
789 2647 912 2726 μοὺ
965 2654 1196 2721 λευκὸς
1244 2653 1344 2708 καὶ
1374 2653 1629 2722 πυρῤὁς,
1667 2653 1986 2721 ὲκλελογι-

399 2749 628 2820 σμένος
672 2748 796 2804 ἀπὸ
835 2747 1174 2818 μυριάδων·
1206 2747 1276 2800 τὰ
1309 2746 1652 2816 γνωριστικὰ
1685 2743 1787 2812 τῆς
1817 2743 1986 2798 αὐτοῦ

397 2843 652 2928 θεότητος
693 2841 786 2896 διὰ
819 2842 928 2895 τῶν
947 2839 1208 2894 τοιούτων
1231 2837 1636 2910 ἐξαριθμεῖται,
1659 2836 1947 2906 φάσκουσα
1970 2850 1985 2865 ο

407 2927 466 2989 Ὅ
498 2936 556 2987 ὲν
586 2935 711 3004 ἐμοὶ
761 2932 1075 3004 σαρκωθεις
1124 2932 1254 2995 Υἱὸς
1304 2929 1401 2984 τοῦ
1434 2928 1572 2983 Θεοῦ
1610 2929 1830 2995 λευκός
1853 2927 1989 2981 ἐστι

396 3029 496 3082 καὶ
525 3027 780 3096 πυρῤός.
811 3026 1100 3090 Τουτὲστι,
1143 3024 1262 3095 φῶς
1293 3023 1508 3094 νοερὸν,
1545 3021 1643 3076 καὶ
1683 3019 1797 3090 πῦρ
1829 3019 1989 3074 ἄστε-

394 3135 525 3173 κρτον
557 3119 653 3173 καὶ
684 3117 1152 3189 ἀπρόσψαυστον·
1172 3116 1262 3170 διὰ
1292 3116 1393 3187 μὲν
1423 3115 1534 3187 γὰρ
1567 3112 1664 3168 τοῦ
1704 3110 1902 3166 λευκοῦ
1929 3111 1989 3164 τὸ

2008 1873 2054 1929 Β

2073 623 2393 668 nasceretur
2424 609 2639 680 singula
2681 603 2882 658 norat?
2911 599 3004 655 sed
3036 613 3147 667 quo
3179 598 3325 650 hunc
3371 591 3552 660 ipsum
3584 584 3652 640 ad

2071 707 2220 760 illius
2273 705 2435 758 ﬁdem
2477 699 2646 754 animi
2702 695 2960 751 allectum
3014 693 3332 756 exaugeret.
3383 677 3653 744 Quocirca

2070 795 2207 850 dicit
2248 812 2262 849 :
2301 793 2358 849 Si
2401 787 2728 850 inveneritis,
2796 783 2977 847 idest,
3025 775 3356 838 contendite,
3403 779 3462 824 ut
3506 767 3659 821 invc-

2071 887 2259 942 uiatis.

2776 968 2984 1028 CANT.

2143 1072 2197 1128 9.
2236 1069 2425 1138 Qualis
2458 1085 2612 1140 nepos
2637 1079 2755 1121 tuus
2792 1082 2822 1118 a
2845 1071 3047 1131 nepote,
3078 1054 3302 1127 pulchra
3332 1050 3389 1104 in
3417 1045 3661 1100 mulieri-

2074 1164 2212 1219 bus?
2241 1137 2413 1231 dualis
2457 1137 2615 1232 nepos
2649 1170 2770 1214 tuus
2803 1175 2835 1212 a
2861 1151 3079 1222 nepote?
3105 1148 3230 1219 quia
3261 1145 3338 1199 sic
3385 1137 3670 1209 adjurasti.

2077 1273 2197 1311 "08.
2249 1287 2254 1292 “

2697 1337 2990 1396 SCHOLIA
3017 1379 3032 1394 .

2146 1435 2432 1506 Tanquam
2479 1449 2510 1490 a
2543 1431 2875 1488 mulieribus
2909 1424 3268 1497 interrogatio
3293 1422 3411 1477 haec
3443 1418 3604 1479 foret,
3631 1428 3663 1468 a

2074 1529 2339 1600 propheta
2380 1527 2558 1598 posita
2594 1533 2699 1581 est.
2738 1522 2875 1578 Dicit
2925 1522 3096 1584 enim,
3131 1515 3317 1584 Qualis
3350 1525 3507 1579 nepos
3544 1518 3666 1560 tuus

2076 1638 2109 1674 a
2141 1619 2360 1687 nepote?
2393 1619 2494 1673 hoc
2519 1625 2625 1680 est,
2665 1616 2719 1670 in
2755 1629 2862 1684 quo
2900 1611 3082 1667 diil‘ert
3109 1610 3252 1664 ﬁlius
3289 1615 3413 1661 tuus
3445 1617 3475 1656 a
3506 1610 3672 1654 caste-

2078 1713 2156 1767 ris
2199 1712 2433 1765 aliarum
2467 1709 2760 1764 mulierum
2791 1704 2941 1773 ﬁliis,
2972 1702 3103 1772 quia
3140 1695 3408 1769 adjurasti
3439 1705 3542 1747 nos
3569 1701 3669 1761 per

2080 1803 2300 1876 ipsum?
2863 1804 2869 1817 ‘
3301 1790 3328 1818 ‘

2075 1957 2106 1986 ,
2777 1887 2972 1948 CANT.

2145 2014 2234 2071 l0.
2272 2012 2452 2081 Nepos
2490 2027 2636 2066 meus
2679 2006 2961 2071 candidas,
3004 2015 3053 2059 et
3099 2004 3308 2073 igneus,
3349 1996 3572 2052 selectus
3605 2004 3672 2047 ea:

2081 2109 2263 2163 decem
2289 2105 2552 2160 millibus.

2725 2186 3042 2246 SGHOLIA.

2154 2289 2405 2345 Excitato
2433 2303 2461 2342 a
2486 2284 2782 2356 purissima
2797 2281 3024 2352 Virgine
3047 2277 3338 2356 mulierum
3368 2268 3670 2336 desiderio,

2083 2383 2157 2438 ita
2193 2392 2253 2438 ut
2287 2380 2457 2437 semel
2492 2388 2655 2448 atque
2695 2377 2894 2432 iterum
2931 2373 3000 2427 de
3045 2354 3149 2426 suo
3180 2370 3583 2434 interrogarent
3609 2361 3673 2416 ﬁ-
3753 2412 3760 2413 ,

2085 2478 2184 2542 lio,
2222 2475 2447 2544 quinam
2477 2470 2642 2536 foret,
2676 2479 2730 2524 et
2759 2469 2814 2522 in
2849 2480 2960 2536 quo
2994 2479 3024 2519 a
3063 2461 3282 2517 caeteris
3318 2457 3581 2517 diﬂerret,
3604 2453 3673 2506 ad
3731 2514 3733 2517 ι

2086 2569 2305 2639 singula
2351 2564 2668 2636 respondet,
2713 2573 2766 2616 et
2796 2559 2929 2614 dicit
2964 2575 2978 2611 :
3022 2555 3201 2624 Nepos
3241 2568 3386 2607 meus
3418 2547 3676 2604 candidus

2085 2673 2186 2728 est,
2225 2673 2272 2718 et
2308 2663 2512 2731 igneus,
2552 2658 2774 2712 selectus
2805 2668 2871 2709 ea:
2900 2652 3078 2706 decem
3125 2646 3383 2701 millibus.
3411 2626 3706 2697 Notionesw

2087 2757 2261 2825 ipsius
2287 2746 2590 2809 divinitatis
2639 2764 2736 2820 per
2765 2745 3034 2817 ejusmodi
3074 2740 3436 2803 enumeravit,
3469 2737 3680 2790 dicens:

2089 2849 2261 2903 Filius
2291 2846 2408 2910 Dei,
2445 2844 2536 2915 qui
2572 2818 2756 2898 exime
2783 2852 3009 2894 carnem
3058 2818 3680 2902 assumpsitfcandidus

2088 2948 2190 3002 est,
2221 2948 2271 2992 et
2300 2939 2506 3006 igneus,
2553 2934 2660 2988 hoc
2707 2939 2812 2995 est,
2866 2928 2984 2983 Lux
3037 2922 3421 2980 intellectualis
3469 2929 3574 2985 est,
3629 2928 3684 2973 et

2071 3031 2235 3103 .ignis
2263 3023 2785 3084 intolerandusJ’er
2824 3019 3121 3076 candorem
3155 3015 3301 3071 enim
3332 3013 3680 3084 splendorem

2092 3125 2384 3192 lucemque
2432 3117 2796 3190 signiﬁcavit;
2830 3130 2924 3184 per
2965 3112 3149 3182 ignem
3193 3122 3330 3164 vero
3381 3104 3687 3160 intoleran-

395 3211 652 3283 λαμπρὸν
682 3211 779 3264 καὶ
810 3207 1147 3279 φωτιστικὸν
1189 3208 1460 3279 ἐσήμανε,
1503 3206 1595 3262 διὰ
1625 3206 1682 3260 δὲ
1713 3204 1810 3258 τοῦ
1847 3206 1984 3274 πυρ-

2091 3219 2214 3274 dam
2249 3231 2352 3272 nec
2391 3213 2764 3282 attingendam
2799 3208 2920 3278 ejus
2960 3205 3324 3261 divinitatem.
3363 3199 3597 3254 Selectus
3617 3212 3684 3250 ea:

399 3304 495 3374 ῥοῦ
527 3303 589 3357 τὸ
632 3304 896 3358 ἄπεκτον
942 3303 1036 3355 καὶ
1065 3299 1498 3369 ἁπρόσψαυστον
1529 3297 1632 3367 τῆς
1663 3297 1830 3350 αὐτοῦ
1861 3295 1984 3349 θεό-

396 3387 581 3466 τητοξ.
635 3391 1180 3464 Ἐκλελογισμένος
1232 3393 1352 3446 ἀπὸ
1392 3389 1744 3463 μυριάδωνο
1790 3389 1984 3458 ἧγουν,

397 3488 837 3558 ἐκλελεγμένος
858 3503 874 3517 ο
905 3487 1037 3556 περὶ
1068 3483 1237 3538 αὐτοῦ
1269 3483 1379 3553 γὰρ
1414 3485 1441 3534 ὁ
1483 3481 1617 3544 Θεὸς
1650 3480 1746 3532 καὶ
1793 3477 1986 3547 Πατὴρ

397 3583 490 3636 διὰ
536 3583 806 3650 στόματος
859 3579 1084 3636 Ἡσαΐου
1133 3578 1338 3647 φησίν·
1380 3574 1535 3631 Ἰδοὺ
1589 3576 1622 3628 ό
1675 3571 1818 3637 παῖς
1841 3589 1984 3640 μου,

400 3673 472 3728 ὃν
512 3671 913 3744 ἐξελεξάμην,
946 3675 1037 3738 εις
1087 3669 1160 3723 ὃν
1185 3669 1530 3736 εὐδόκησεν
1567 3667 1602 3735 ἠ
1641 3663 1813 3734 ψυχή
1841 3678 1983 3732 μου.

1064 3760 1311 3834 ᾊΣΜΑ.

473 3857 726 3928 Κεφαλὴ
788 3857 981 3912 αὐτοῦ
1049 3857 1316 3925 χρυσίον
1379 3851 1599 3922 κεφὰζ,
1648 3849 1989 3917 ,βόστρυχοι

401 3955 591 4010 αὑτοῦ
619 3952 855 4016 ὲλαταῑ,
877 3950 1143 4021 μέλανες
1165 3951 1244 4015 ὠς
1267 3947 1478 4016 κόραξ.

1062 4043 1336 4096 ΣΧΟΛΙΑ.
1445 4029 1450 4034 ’

483 4143 558 4197 Ἠ
583 4138 819 4210 κεφαλὴ
849 4139 1039 4194 αὐτοῦ
1071 4136 1340 4205 χρυσίον
1391 4131 1524 4187 ἐστὶ
1562 4126 1781 4198 uescar,
1808 4125 1993 4180 τουτέ-

404 4251 522 4290 στιν
546 4236 578 4304 ἡ
606 4236 719 4288 ἄνω
746 4231 914 4285 αὐτοῦ
946 4231 1198 4298 γέννησις
1225 4225 1647 4298 ἁπρόσψαυστος
1679 4220 1774 4274 καὶ
1805 4218 1988 4285 γοερά.

405 4325 682 4396 namque
739 4324 828 4378 διὰ
874 4322 971 4377 τοῦ
1005 4319 1211 4393 χρυσοῦ
1253 4319 1492 4390 ἐδήλωσε
1535 4316 1631 4370 τοῦ
1677 4313 1850 4383 πυρὸς
1891 4311 1993 4381 τὴν

401 4421 707 4490 ἐνέργειαν.
734 4419 804 4472 Al
827 4415 895 4470 δὲ
911 4416 1150 4483 βόστρυ
1155 4431 1252 4483 χοι
1276 4410 1464 4466 αὑτοῦ
1485 4405 1714 4470 ἐλαῖαι,
1729 4405 1994 4476 μέλανες

399 4504 695 4581 ὡςκκόραξ
728 4526 742 4540 ⁸
776 4509 848 4562 τὰ
877 4509 1088 4563 ἄνωθεν
1115 4505 1363 4576 δηλονότι
1401 4505 1502 4574 τῆς
1532 4500 1776 4572 κεφαλῆς
1801 4497 1990 4564 αὐτοῦ,

399 4606 648 4662 τουτέστι
695 4604 797 4670 τῆς
842 4602 994 4666 θείας
1027 4601 1343 4672 ὑπάρξεως,
1396 4596 1690 4667 ἀθεώρητα
1734 4592 1832 4646 καὶ
1855 4592 1997 4644 ἅκα-

2087 3312 2263 3365 decem
2311 3308 2568 3370 millibus,
2605 3306 2741 3370 sive,
2790 3302 3007 3356 electus.
3044 3298 3118 3353 De
3181 3297 3302 3366 ipso
3355 3293 3502 3348 enim
3539 3289 3684 3343 Deus

2089 3411 2143 3457 et
2171 3401 2336 3456 Pater
2368 3414 2464 3469 per
2493 3414 2556 3453 os
2585 3397 2742 3452 Isaia:
2772 3395 2910 3449 dicit
2947 3411 2960 3446 :
3002 3389 3137 3444 Ecce
3183 3405 3312 3459 puer
3350 3402 3492 3440 meus
3531 3397 3684 3452 quem

2088 3495 2370 3566 elegeram,
2400 3493 2454 3546 in
2484 3506 2637 3561 quem
2669 3485 2987 3555 complacuit
3019 3484 3203 3537 anima
3233 3496 3348 3534 mea
3369 3479 3434 3534 “.

2773 3747 2956 3804 CANT
2983 3786 2998 3800 .

2167 3847 2253 3901 Η.
2279 3844 2450 3913 Caput
2483 3841 2599 3911 ejus
2629 3856 2821 3894 aurum
2858 3840 3074 3908 cephaz,
3107 3832 3336 3888 cincinni
3356 3831 3472 3901 ejus
3501 3828 3687 3899 crispi,

2094 3941 2236 4011 nigri
2269 3919 2426 3993 velut‘i
2455 3949 2664 3988 corvus.

2732 4021 3026 4078 SCHOLIA
3047 4058 3063 4075 .

2168 4122 2336 4192 Caput
2363 4117 2478 4184 eius
2508 4132 2698 4171 aurum
2727 4123 2812 4171 est
2836 4114 3050 4183 cephaz,
3082 4112 3190 4165 hoc
3219 4116 3324 4177 est,
3348 4121 3584 4177 superna
3609 4105 3694 4175 ip-

2096 4205 2214 4273 sius
2250 4212 2534 4286 generatio
2560 4219 2647 4266 est
2675 4207 3087 4270 intellectualis,
3122 4213 3177 4258 et
3220 4215 3342 4272 quae
3373 4201 3568 4269 attingi
3593 4215 3693 4253 ne-

2099 4310 2240 4381 quit.
2268 4309 2476 4362 Aurum
2499 4303 2644 4359 enim
2675 4316 2819 4372 saepe
2850 4299 3054 4370 saepius
3081 4297 3187 4351 vim
3220 4294 3366 4365 ignis
3392 4292 3688 4362 signiﬁcat.

2102 4403 2347 4460 Ciucinni
2382 4410 2561 4455 autem
2591 4396 2708 4467 ejus
2737 4395 2922 4463 crispi,
2951 4391 3094 4461 nigri
3125 4389 3290 4444 veluti
3323 4403 3532 4442 corvus.
3559 4384 3691 4451 Quae

2102 4511 2302 4568 supera
2327 4503 2479 4556 sunt,
2514 4488 2863 4560 signiﬁcavit,
2892 4485 3089 4555 capitis
3115 4483 3259 4554 ejus,
3294 4480 3397 4535 hoc
3425 4487 3511 4534 est
3550 4477 3694 4530 divi-

2106 4606 2191 4646 nae
2234 4589 2356 4659 ejus
2400 4581 2748 4647 substantiae,
2798 4592 2975 4648 eaque
3031 4573 3334 4632 invisibilia
3388 4579 3442 4626 et
3481 4570 3693 4624 incom-

400 4703 658 4772 τάληπτα
677 4713 691 4728 ·
729 4698 820 4752 διὰ
845 4697 1007 4750 τοῦτο
1034 4697 1129 4748 καὶ
1159 4691 1367 4764 μέλανα
1405 4687 1623 4760 εἴρηκε.
1654 4684 1831 4738 Τοῦτο
1855 4683 1984 4735 xuii

2102 4683 2372 4752 prehensa
2415 4676 2558 4732 fore.
2595 4673 2865 4740 Quocirca
2896 4681 2950 4724 et
2989 4669 3144 4739 nigra
3191 4665 3310 4721 fore
3343 4665 3499 4719 dixit.
3536 4661 3692 4728 Quod

402 4756 692 4867 ῦεοττὰτωρ
768 4791 936 4846 Δαὸξδ
1001 4756 1475 4858 προισιρμήνευσιι,⁷
1508 4756 1721 4848 λέγων’
1783 4776 1984 4830 "Elian

2099 4775 2284 4831 itidem
2305 4770 2524 4827 divinus
2552 4776 2707 4838 pater
2732 4763 2903 4819 David
2935 4770 3063 4817 ante
3082 4765 3432 4829 exposuerat,
3466 4756 3692 4810 dicens:

402 4894 625 4958 σκότος
678 4890 763 4952 εις
811 4879 1180 4950 ἀποκρυφὴν
1222 4875 1446 4932 αὐτοῦ·
1508 4871 1600 4926 διὰ
1621 4868 1714 4924 τοῦ
1767 4867 1998 4930 σκότους

401 4985 648 5059 δηλονότι
678 4983 740 5036 τὺ
761 4975 1196 5059 ἀκατάπληπτον
1230 4968 1493 5042 εἰρηκώς.

1074 5057 1315 5134 ᾊΣΜΑ.

480 5166 544 5219 Ul
572 5157 875 5232 ὀφθαλμοὶ
933 5152 1124 5211 αὐτοῦ
1176 5153 1256 5219 ὡς
1299 5148 1667 5222 περιστεραὶ,
1705 5145 1804 5202 ἐπὶ
1840 5147 1997 5211 πλη-

397 5256 644 5326 ρώματα
676 5252 935 5310 ὑδάτων.

1073 5339 1350 5396 ΣΧΟΛΙΑ.

477 5436 575 5495 Διὰ
604 5438 701 5493 τοῦ
732 5439 831 5507 τῆς
881 5436 1214 5508 περιστερᾶς
1243 5435 1509 5504 ὀνόματος
1537 5431 1596 5487 τὸ
1643 5433 1904 5505 ἀκέραιόν
1935 5449 1997 5486 τι

407 5536 504 5592 καὶ
559 5534 800 5603 καθαρὸν
856 5531 1096 5601 ἐδήλωσε
1140 5529 1248 5582 τῶν
1278 5525 1447 5580 αὐτοῦ
1495 5525 1816 5596 ὀφθαλμῶν.
1859 5526 1996 5581 Ἐπὶ

410 5627 811 5697 πληρώμασιν
864 5623 1138 5678 ὑδάτων·
1191 5621 1482 5702 τουτέστι,
1543 5618 1998 5690 πεπληρωμένων

410 5717 508 5774 τοῦ
547 5718 704 5787 ἁγίου
741 5713 1060 5783 Πνεῦματος
1082 5729 1098 5744 ο
1137 5710 1407 5784 πολλαχοῦ
1440 5715 1548 5781 γὰρ
1577 5711 1610 5784 ἡ
1657 5710 1777 5767 θεία
1804 5710 1998 5784 Γραφὴ

491 5901 536 5934 ⁸⁸
573 5901 678 5957 lsa.
714 5912 845 5966 XLII,
884 5899 932 5950 ι.
1025 5894 1075 5926 ⁸⁸
1104 5892 1246 5951 Paul.
1283 5905 1417 5958 xm,
1461 5889 1546 5945 l2.
1593 5936 1598 5942 .

2097 4868 2288 4923 Posuit
2318 4865 2558 4918 tenebras
2607 4858 2892 4914 latibulum
2923 4871 3080 4911 suum
3110 4854 3159 4886 ⁸⁸
3187 4895 3202 4908 .
3234 4851 3337 4919 Qui
3401 4867 3499 4920 per
3548 4859 3703 4902 tene-

2106 4962 2237 5018 bras
2268 4959 2323 5014 id
2353 4958 2547 5028 utique
2572 4952 2720 5027 quod
2751 4948 3148 5020 comprehendi
3183 4943 3376 5016 nequit
3403 4942 3701 5027 expressit.

2798 5018 3007 5098 cem.
3508 5018 3517 5027 '

2177 5144 2266 5200 12.
2294 5142 2448 5201 Oculi
2477 5142 2592 5213 ejus
2640 5141 2778 5196 sicut
2827 5123 3292 5202 columbre,supcr
3345 5125 3700 5198 plenitudines

2101 5254 2395 5310 aquarum.

2739 5319 3062 5379 SCHOLIA.

2165 5427 2271 5484 Per
2319 5419 2785 5496 hujuscolumbat
2817 5429 3018 5471 nomen
3071 5402 3477 5480 simplicitatem
3529 5409 3701 5470 atque

2102 5493 2409 5598 puritatem
2431 5517 2721 5574 oculorum
2755 5513 2874 5582 ejus
2919 5503 3267 5578 signiﬁcavit.
3319 5493 3710 5598 Super-“pleni-

2108 5582 2314 5670 ;udines
2349 5625 2634 5682 aquarum,
2682 5605 2735 5660 id
2772 5611 2881 5666 est,
2911 5599 3004 5672 qui
3038 5595 3228 5667 repleti
3280 5599 3439 5647 erant
3487 5582 3699 5656 Spiritu

2108 5711 2339 5768 sancto;
2393 5676 2597 5772 passim
2647 5696 2794 5753 enim
2854 5691 3039 5747 divina
3095 5684 3377 5754 Scriptura
3435 5676 3700 5747 Spiritum
