4082 6438
465 348 606 415 1059-
1107 425 1116 434 ο

1059 457 1377 514 SCHOHA.

535 555 632 610 Dei
673 552 833 609 Verbi
874 551 1229 608 characteres
1261 553 1468 621 optimc
1515 551 1722 606 edoctae
1773 552 2052 616 mulieres,

463 662 532 704 ac
585 648 751 701 etiam
792 649 927 714 ipsa:
981 644 1104 712 eius
1139 659 1348 700 .amore
1396 643 1623 710 sancite,
1684 659 1756 700 ex
1808 644 2054 714 ejusdem

465 737 772 800 desiderio,
813 737 1044 792 dicunt:
1083 736 1202 802 Quo
1231 737 1366 791 abiit
1395 753 1554 806 nepos
1590 746 1738 802 tuus,
1767 753 1798 790 ο
1829 735 2058 805 pulchra

463 827 522 880 iu
551 827 915 882 mulieribus!
963 843 1069 896 quo
1124 827 1256 881 abiit
1297 839 1464 895 nepos
1528 829 1699 882 tuus?
1735 825 1813 880 Ex
1866 825 2052 896 gaudii

460 921 858 990 exsuperantia
919 922 1187 977 iterarunt
1252 919 1777 988 interrogationem,
1837 917 1921 972 vel
1985 932 2052 972 ex

459 1013 779 1070 canentium
832 1027 1008 1078 more,
1067 1013 1159 1082 qui
1211 1011 1299 1066 bis
1359 1020 1415 1066 et
1466 1011 1668 1080 saepius
1727 1010 1918 1065 eadem
1965 1027 2054 1066 re-

459 1114 678 1178 petunt.
743 1103 814 1158 Et
846 1121 1144 1175 queremus
1173 1121 1294 1158 eum
1321 1115 1494 1158 tecum
1516 1118 1535 1157 :
1563 1103 1667 1156 hoc
1712 1109 1819 1167 est,
1846 1099 2052 1172 Seque-

461 1212 581 1250 mur
614 1205 688 1263 te,
713 1208 1047 1265 quocunque
1093 1193 1310 1248 tandem
1346 1193 1464 1261 ipsa
1487 1189 1786 1247 contendes
1806 1191 1874 1244 ad
1904 1206 2053 1262 quaa-

1603 343 1974 404 MATTIMEI
2007 344 2552 407 CANTACUZENI

2073 469 2124 530 Δ

3593 347 3778 412 1060'

2796 459 3074 514 ΣΧΟΛΙΑ.

2232 551 2314 606 Τὰ
2347 551 2604 623 περὶτοῦ
2630 551 2766 606 Θεοῦ
2822 553 3000 621 Λόγου
3051 551 3418 622 γνωρίσματα
3479 553 3737 622 ἀσφαλῶς

2156 646 2214 698 al
2255 646 2515 712 γυναῖκες
2542 643 2837 715 μαθοῦσαι,
2857 646 2954 698 καὶ
2983 643 3284 714 τρωθεῖσαι
3307 645 3405 699 καὶ
3450 644 3614 698 αὑταὶ
3659 642 3737 714 τῷ

2155 738 2372 792 ἐκείνου
2437 737 2630 808 ἔρωτι,
2682 737 2762 800 είς
2809 735 2976 790 πόθον
3008 732 3176 807 ἦλθον
3213 734 3403 802 αὑτοῦ,
3431 736 3527 790 καί
3562 753 3696 806 φασι
3720 753 3734 768 ⁸

2157 829 2283 902 Ποῦ
2315 829 2603 901 ἀπῆλθεν
2626 832 2661 886 ὁ
2680 829 3014 900 ἀδελφιᾶός
3041 844 3182 895 σου,
3213 829 3255 898 ἠ
3303 829 3464 898 καλὴ
3512 829 3582 884 ἐν
3637 849 3740 900 τυ-

2153 925 2322 990 ναιεί
2336 940 2358 992 ;
2390 923 2512 978 ποῦ
2539 921 2823 991 ἀπῆλθεν
2849 925 2882 976 ὀ
2910 921 3241 992 ἀδελφιδός
3272 937 3392 977 σου
3408 937 3429 988 ;
3455 921 3535 994 τῷ
3566 923 3738 994 ὕπερ-

2153 1015 2409 1072 ϐάλλοντι
2443 1015 2544 1084 τῆς
2573 1015 2751 1085 χαρᾶς
2794 1011 3231 1067 διπλασιάσασαι
3275 1012 3380 1084 τὴν
3436 1011 3732 1084 ἐρώτησιν,

2153 1106 2187 1177 ἢ
2238 1105 2335 1159 καὶ
2380 1104 2457 1167 ὡς
2490 1104 2613 1168 ἔθος
2646 1103 2766 1158 ἐστὶ
2797 1107 2912 1164 τοῖς
2963 1103 3174 1175 ᾅδουσι,
3233 1103 3316 1168 δὶς
3353 1103 3425 1158 τὰ
3454 1104 3593 1158 αὖτά
3645 1105 3742 1158 καὶ

2154 1197 2420 1260 πολλάκις
2455 1195 2965 1265 ἐπαναλαμϐάνειν.
3000 1193 3114 1250 Καὶ
3163 1195 3512 1265 ζητήσομεν
3548 1195 3736 1250 αὐτὸν

459 1287 695 1342 tendum
720 1300 882 1351 eum;
927 1299 1027 1340 nec
1047 1286 1271 1340 curiose
1300 1282 1468 1339 nimis
1488 1281 1896 1355 indagabimus,
1928 1298 2044 1354 qum

2149 1289 2302 1360 μετὰ
2339 1288 2459 1343 σοῦ
2482 1305 2498 1322 ·
2528 1288 2836 1354 τουτέστιν,
2868 1287 3349 1358 Ἀκολουθήσομὲν
3379 1305 3462 1342 σοι
3496 1288 3630 1342 ὅπου
3670 1289 3736 1342 ἀν

460 1380 532 1436 de
565 1378 687 1449 ipso
712 1377 810 1434 tibi
841 1387 971 1433 sunt
1012 1374 1236 1447 placita.

1109 1647 1343 1706 CAPUT
1365 1646 1462 1705 VI.

1167 1741 1375 1799 CANT.

2152 1383 2295 1454 αὕτη
2353 1381 2600 1456 ἀπέλθῃς
2648 1383 2730 1446 είς
2778 1381 2880 1451 τὴν
2945 1379 3161 1434 ἐκείνου
3215 1379 3494 1450 ζήτησινο
3539 1383 3635 1434 καὶ
3675 1381 3736 1434 οὐ

2151 1475 2765 1548 πολυπραγμονήσομεν
2831 1473 2902 1530 τὰ
2969 1473 3100 1544 περὶ
3175 1471 3384 1526 ἐκείνου
3453 1473 3537 1526 σοὶ
3594 1472 3733 1543 ἀρέο

2154 1586 2381 1626 σκοντα.

2732 1663 2989 1719 ΚΕΦΑΛ.
3012 1660 3104 1732 ς’.

2789 1749 3034 1829 ’ᾼΣΜΔ.

537 1837 668 1900 1.2.
694 1834 874 1904 Nepos
909 1851 1052 1890 meus
1077 1834 1350 1889 descendit
1407 1835 1465 1896 in
1523 1833 1734 1887 hortum
1775 1848 1932 1886 suum
1978 1831 2044 1885 ad

2224 1847 2568 1920 Ἀδελςοιδός
2597 1866 2719 1919 μου
2759 1846 2982 1917 κατέϐη
3031 1847 3121 1912 είς
3156 1844 3361 1915 κῆπον
3411 1844 3606 1908 αὐτοῦ,
3633 1845 3720 1910 εις

461 1931 672 1998 phialas
705 1936 1030 1991 aromatum,
1055 1936 1113 1980 ut
1139 1935 1329 1996 pascat
1363 1927 1420 1980 in
1475 1925 1666 1990 hortis,
1695 1935 1744 1978 et
1772 1924 1893 1978 lilia
1935 1924 2048 1977 col-

460 2023 614 2092 ligat.
649 2019 763 2091 Ego
809 2035 920 2074 meo
947 2021 1139 2102 nepgti,
1168 2027 1218 2074 et
1269 2033 1430 2090 nepos
1460 2033 1603 2072 meus
1631 2017 1781 2084 mihi,
1806 2018 1897 2088 qui
1951 2032 2052 2087 pa-

461 2117 564 2169 scit
596 2115 651 2169 in
685 2113 838 2168 (iliis.

1103 2291 1424 2350 SCHOLIA.

532 2388 711 2458 Supra
765 2402 796 2442 a
825 2384 1096 2458 principio
1138 2387 1321 2444 omn-is
1383 2401 1612 2457 prorsus
1654 2386 1796 2443 labis
1851 2397 2051 2456 expers

459 2493 635 2538 mater
662 2480 733 2537 de
783 2490 983 2548 nepote
1021 2478 1169 2547 apud
1193 2493 1288 2534 eas
1349 2478 1722 2535 narrationem
1785 2478 2050 2551 instituit,

457 2575 702 2645 dicitque
727 2573 810 2628 eis
845 2590 859 2628 :
890 2572 1246 2641 lnterrogatis
1278 2587 1385 2639 me,
1411 2589 1515 2643 quo
1569 2588 1718 2626 meus
1771 2572 1908 2626 abiit
1958 2587 2049 2626 ne-

457 2667 660 2736 nepos?
695 2665 876 2734 Nepos
913 2680 1057 2719 meus
1083 2663 1354 2719 descendit
1394 2665 1458 2718 in
1507 2664 1722 2721 hortum
1760 2680 1917 2720 suum
1976 2663 2048 2729 ",

458 2759 734 2822 videlicet,
776 2773 808 2812 e
836 2756 978 2813 coelo
1027 2757 1388 2823 descendens,
1418 2771 1642 2813 carnem
1686 2773 1755 2813 ex
1809 2773 1898 2812 me
1954 2772 2050 2814 as-

457 2851 714 2920 sumpsit.
750 2849 872 2920 Ipsa
901 2850 1049 2905 enim
1089 2858 1176 2905 est
1207 2849 1394 2904 hortus
1443 2850 1537 2906 ille
1587 2851 1834 2921 signatus
1869 2852 1937 2906 ’⁷.
1965 2853 2050 2908 Ad

457 2940 669 3013 phialas
704 2953 1008 2996 aromatum
1037 2957 1058 2997 :
1090 2942 1160 2998 ad
1191 2942 1502 2999 docendum
1549 2957 1767 2998 Omnem
1837 2952 2045 3002 terram

458 3037 645 3092 divina
674 3035 848 3105 ipsius
893 3047 1187 3108 praecepta,
1223 3045 1279 3090 et
1298 3036 1365 3091 ad
1389 3035 1710 3104 replendum
1748 3039 1920 3094 totius
1943 3055 2040 3095 or-

458 3128 544 3182 bis
574 3128 841 3182 ambitum
877 3128 1094 3183 illorum
1143 3129 1470 3198 fragrantia.
1517 3125 1584 3181 Ut
1609 3139 1798 3198 pascat
1833 3133 1886 3184 in
1917 3132 2045 3185 hor.

459 3220 549 3282 tis,
598 3228 648 3272 el
698 3218 818 3271 lilia
876 3218 1090 3288 colligat
1139 3234 1161 3274 ε

454 3327 584 3368 oves
612 3313 667 3366 in
700 3314 917 3382 pascuis
955 3311 1275 3368 ccelestibus
1299 3351 1315 3377 ,
1345 3317 1402 3365 et
1432 3311 1774 3377 introduoat,
1816 3325 1872 3368 et
1907 3315 2046 3370 edu-

389 3465 402 3478 ε
456 3414 545 3458 cat
590 3421 684 3460 eas
705 3421 801 3475 per
829 3405 1034 3460 ostium
1089 3403 1178 3469 ἐς
1213 3412 1267 3457 et
1316 3402 1387 3458 ab
1418 3403 1500 3458 eis
1537 3405 1759 3474 colligat
1800 3405 2041 3475 fructus,

455 3498 803 3553 dilectionem
845 3495 1126 3557 nimirum,
1154 3503 1212 3550 et
1244 3495 1704 3552 misericordiam.
1752 3497 1868 3568 Ego
1927 3517 2041 3555 meo

453 3593 652 3658 nepoti,
687 3599 738 3645 et
769 3605 929 3658 nepos
964 3605 1111 3642 meus
1155 3589 1307 3643 mihi.
1335 3588 1448 3660 Ego
1479 3591 1690 3647 scilicel
1734 3591 1786 3646 ei
1816 3607 2040 3648 carnem

455 3684 689 3756 praebui,
725 3692 780 3739 et
829 3683 946 3752 ipse
967 3682 1100 3737 mihi
1128 3681 1494 3740 divinitatem.
1543 3684 1646 3751 Qui
1671 3685 1840 3754 pascit
1874 3687 1929 3741 in
1957 3687 2043 3740 "li-

455 3778 544 3832 liis
573 3793 592 3832 :
631 3776 727 3849 qui
779 3776 1030 3832 videlicet
1076 3777 1167 3830 illa
1214 3776 1393 3844 docet,
1427 3791 1552 3847 quze
1597 3777 1664 3832 ad
1717 3778 2036 3848 paradisum

452 3881 508 3927 et
529 3887 650 3942 qua:
675 3873 730 3926 in
755 3870 853 3926 illo
879 3869 951 3925 ad
979 3869 1173 3925 llorutn
1193 3869 1423 3926 delicias
1458 3880 1743 3942 spectant.

1159 4158 1365 4218 CANT.

523 4255 580 4319 5,
609 4253 659 4307 4.
693 4251 930 4305 P-ttlcltra
963 4268 1039 4318 es,
1068 4255 1367 4325 propinqua
1409 4271 1543 4320 mea,
1571 4254 1710 4307 sicut
1740 4253 2038 4323 beneplaci-

455 4356 602 4412 tum,
632 4346 826 4398 decora
871 4345 1011 4400 sicut
1055 4345 1398 4414 Jerusalem,
1441 4346 1696 4401 terribilis
1746 4347 1881 4401 sicut
1939 4363 2036 4401 ca-

383 4449 400 4540 )
455 4446 688 4490 strorum
721 4436 949 4490 ordines.
981 4437 1169 4492 Aperte
1192 4437 1372 4493 oculos
1401 4445 1518 4489 tuos
1553 4445 1740 4489 contra
1771 4453 1872 4504 me,
1905 4437 2034 4506 quia

453 4529 537 4586 illi
558 4547 639 4585 me
671 4531 879 4586 evolare
910 4531 1168 4601 fecerunt.

1081 4621 1399 4681 SClIOLlA.

524 4717 898 4772 Commutatio
937 4717 1025 4770 hic
1056 4715 1116 4769 tit
1145 4714 1352 4772 moduli
1379 4715 1693 4784 cantionis;
1723 4729 1777 4774 et
1805 4718 1858 4774 in
1883 4719 2036 4789 prin-

395 4861 402 4866 .
448 4811 602 4881 cipio
627 4811 848 4880 quidem
889 4819 1149 4876 tanquam
1183 4809 1473 4879 pmplteta,
1512 4807 1758 4882 Virginis
1784 4812 2041 4868 decantat

455 4906 675 4968 laudes;
709 4903 796 4958 hic
822 4911 1028 4968 autem,
1058 4914 1279 4972 repente
1308 4904 1474 4959 veluti
1518 4905 1731 4963 aﬂlatus
1778 4905 2036 4976 Numine,

453 5008 676 5052 cantum
717 4997 878 5067 quasi
935 5010 1000 5068 ex
1031 4996 1141 5052 alio
1189 4999 1392 5053 attollit
1425 5000 1719 5068 principio,
1774 5009 1828 5055 et
1857 5001 2032 5057 dicit:

456 5089 690 5143 Pulchra
712 5106 789 5153 es,
806 5088 1102 5158 prapinqua
1124 5105 1262 5155 mea,
1285 5081 1835 5159 sicut'beueplacitum
1854 5110 1874 5159 ;
1890 5109 2043 5150 com-

455 5181 660 5250 placuit
709 5182 859 5234 enim
907 5178 1020 5235 Deo
1071 5189 1126 5236 et
1173 5179 1344 5246 Patri,
1387 5181 1443 5237 in
1487 5197 1551 5238 ea
1595 5183 1771 5239 nostri
1823 5190 2042 5257 generis

453 5273 671 5342 Operari
723 5271 980 5326 salutem.
1013 5272 1215 5328 Decora
1238 5274 1379 5328 sicut
1409 5273 1733 5344 Jerusalem,
1786 5278 1900 5336 sive
1923 5290 2043 5335 tan-

454 5381 622 5434 quam
655 5379 828 5418 sacrae
854 5363 1010 5434 pacis
1045 5380 1235 5432 causa,
1284 5365 1566 5438 ipsiusque
1597 5371 1746 5438 pacis
1775 5349 2040 5427 concilia-

446 5458 585 5521 trix,
611 5470 801 5526 pacem
843 5456 1099 5512 omnibus
1137 5458 1394 5528 praebuit.
1448 5460 1724 5517 Terribilis
1773 5466 1913 5519 sicut
1942 5482 2035 5518 ca-

445 5557 687 5602 strorum
716 5548 950 5614 ordines,
1002 5550 1106 5606 hoc
1149 5563 1255 5620 εει,
1289 5569 1453 5624 supra
1481 5571 1700 5611 onmem
1735 5568 1951 5627 captum
1981 5567 2038 5613 et

451 5640 722 5696 rationem
769 5653 854 5698 est
911 5643 964 5698 in
1020 5655 1072 5701 te
1115 5648 1360 5702 omnium
1425 5650 1892 5719 pulchritudinum
1943 5665 2035 5706 or-

2153 1942 2378 2013 ςοιάλας
2408 1941 2516 1997 τοῦ
2537 1941 2867 2012 ἀρώματος,
2901 1939 3248 2010 ποιμαίνειν
3279 1940 3352 1993 ἐν
3375 1939 3604 2006 κήποις,
3622 1938 3720 1990 καὶ

2151 2034 2490 2106 συλλέγειν
2521 2035 2723 2104 κρῖνα.
2762 2031 2913 2104 Ἐγὼ
2949 2033 3033 2100 τῷ
3081 2030 3391 2102 ἀδελφιδῷ
3440 2047 3582 2098 μου,
3629 2028 3729 2081 καὶ

2153 2131 2187 2183 ό
2215 2125 2550 2198 ἁδελφιδός
2572 2142 2696 2198 μου
2731 2125 2866 2196 ἐμοί
2889 2141 2906 2157 ο
2933 2127 2965 2179 ό
2988 2124 3326 2194 ποιμαίνων
3350 2122 3422 2178 ἐν
3453 2121 3574 2189 τοῖς
3605 2120 3736 2188 κρίο
3783 2187 3786 2190 ξ

2152 2239 2280 2288 νοις
2291 2261 2308 2278 .

2791 2312 3071 2367 ΣΧΟΛΙΑ.

2251 2406 2500 2461 Ἀνωθεν
2547 2405 2608 2472 ἐξ
2659 2405 2837 2477 ἀρχῆς
2890 2404 3029 2476 πρὸς
3077 2403 3251 2468 αὑτὰς
3300 2405 3336 2477 ἡ
3387 2406 3730 2478 πανάμωμος

2155 2499 2341 2570 μήτηρ
2364 2499 2464 2570 τὴν
2498 2499 2628 2569 περὶ
2683 2499 2779 2552 τοῦ
2818 2485 3107 2566 ἀδελφιδοῦ
3141 2497 3401 2570 διήγησιν
3452 2501 3684 2552 ποιεῖται
3710 2541 3727 2564 ,

2151 2591 2249 2646 καί
2278 2609 2411 2663 φησι
2439 2591 2576 2661 πρὸς
2599 2591 2770 2654 αὑτάς
2798 2607 2813 2622 ο
2846 2589 3128 2660 Ἐρωτᾶτέ
3179 2608 3268 2662 με,
3302 2589 3421 2646 ποῦ
3453 2590 3731 2660 ἀπῆλθεν

2150 2685 2184 2738 ὁ
2209 2683 2538 2754 ἀδελφιδός
2563 2701 2686 2754 μου
2707 2700 2729 2750 ;
2773 2681 2838 2736 '0
2866 2682 3196 2752 ἀδελφιδός
3217 2700 3339 2752 μου
3387 2684 3605 2752 κατέϐη
3640 2685 3728 2750 εις

2151 2775 2355 2845 κῆπον
2381 2775 2570 2831 αὑτοῦ
2594 2793 2610 2809 ο
2639 2776 2836 2846 ἤγουν,
2877 2774 2938 2841 ἐξ
2989 2772 3224 2845 οὐρανοῦ
3260 2775 3532 2842 καταϐὰς,
3560 2778 3730 2846 ἐσαρ-

2153 2848 2306 2934 itaex;
2332 2870 2390 2921 ὲν
2414 2868 2538 2940 ἐμοί
2559 2883 2574 2899 ο
2615 2866 2758 2938 αὔτη
2789 2867 2898 2938 γάρ
2930 2867 3079 2920 ἔστιν
3101 2868 3129 2919 ὁ
3155 2867 3602 2937 ἐσφραγισμένος
3631 2868 3731 2938 κῆ-

2151 2978 2276 3024 πος.
2327 2947 2436 3028 Εἳς
2474 2959 2703 3030 φιάλας
2741 2959 3083 3031 ἁρώματοςο
3117 2959 3196 3022 είς
3229 2958 3291 3011 τὸ
3307 2957 3515 3024 διδάξαι
3547 2960 3729 3014 πᾶσαν

2147 3052 2250 3122 τὴν
2279 3051 2386 3122 γῆν
2418 3052 2519 3116 τὰς
2545 3051 2844 3122 θεουργοὺς
2887 3049 3056 3104 αὑτοῦ
3090 3049 3345 3115 ἐντολὰς,
3380 3049 3476 3104 καὶ
3505 3049 3727 3122 πληρῶο

2151 3161 2240 3197 σαι
2273 3144 2370 3215 τὴν
2400 3143 2731 3216 οἰκουμένην
2761 3145 2945 3198 πᾶσαν
2976 3145 3076 3215 τῆς
3106 3141 3354 3206 εὐωδίας.
3384 3141 3730 3212 ΠοιμαΙνειν

1214 3226 1277 3272 ιιι
1329 3218 1585 3272 νίαθιίοθι
1642 3229 1834 3288 Ραδνδῑ
1880 3223 2052 3292 ῙΡ5Ῐυ8
2076 3244 2122 3308 C
2153 3236 2225 3289 ἐν
2259 3235 2504 3303 κήποις,
2536 3235 2636 3290 καὶ
2666 3235 3000 3303 συλλέγειν
3034 3233 3211 3303 κρῒνα
3238 3248 3252 3262 ·
3277 3232 3731 3304 ἦτοινποιμαίνειν

2151 3330 2224 3384 τὰ
2251 3330 2448 3384 ἑαυτοῦ
2478 3329 2725 3401 πρόϐατα
2750 3329 2843 3382 ἐπὶ
2864 3328 3037 3399 νομὰς
3074 3325 3388 3399 οὐρανίους,
3445 3325 3540 3378 καὶ
3571 3323 3728 3378 elci-

2152 3439 2272 3492 γειν
2299 3422 2466 3487 αὐτὰ,
2497 3423 2594 3476 καὶ
2615 3422 2836 3488 ἐξάγειν
2865 3419 2954 3472 διὰ
3001 3419 3100 3488 τῆς
3149 3417 3345 3490 θύρας,
3388 3417 3486 3472 καὶ
3535 3416 3724 3470 συλλέ-

2153 3529 2270 3581 γειν
2292 3512 2419 3576 τοὺς
2455 3515 2584 3584 παρ’
2626 3512 2807 3565 αὐτῶν
2845 3511 3119 3581 καρποὺς,
3154 3511 3346 3581 ἤγουν,
3375 3511 3474 3580 τὴν
3504 3511 3723 3580 ἀγάπην
3793 3542 3802 3554 ι

2151 3606 2246 3658 καὶ
2271 3605 2362 3658 τὸν
2385 3604 2558 3659 ἔλεον.
2597 3605 2745 3674 Ἐγὼ
2764 3604 2844 3670 τῷ
2871 3601 3174 3674 ἀδελφιδῷ
3190 3621 3335 3674 μου,
3369 3604 3467 3658 καὶ
3489 3606 3522 3659 δ
3549 3603 3726 3659 ἀδελ-

2149 3678 2327 3766 ςριδός
2371 3714 2492 3767 μου
2546 3697 2717 3765 ἐμοί·
2777 3697 2920 3768 ἦτοι,
2989 3695 3131 3766 Ἐγὼ
3183 3696 3362 3768 τούτῳ
3404 3696 3503 3768 τὴν
3543 3697 3718 3765 σάρκα

2151 3794 2451 3864 παρέσχον,
2483 3790 2763 3856 καὶαὺτὸς
2799 3793 2925 3862 ἐμοὶ
2973 3791 3072 3861 τὴν
3121 3790 3339 3844 θέωσιν.
3388 3792 3452 3843 Ὀ
3490 3791 3723 3859 ποιμαί-

2147 3901 2274 3940 νων
2297 3884 2368 3936 ἐν
2397 3882 2524 3949 τοῖς
2573 3882 2829 3950 κρίνας’
2863 3883 2892 3935 ὁ
2939 3881 3210 3936 διδάσκων
3246 3879 3450 3951 δηλαδὴ
3478 3879 3543 3933 τά
3592 3881 3721 3949 περὶ

2147 3977 2244 4031 τοῦ
2310 3977 2646 4048 παραδείσου
2701 3976 2804 4030 καὶ
2862 3975 2965 4047 τῆς
3023 3976 3082 4029 ὲν
3130 3973 3281 4047 αὐτῷ
3341 3974 3449 4028 τῶν
3511 3972 3721 4028 ἀνθέων

2147 4071 2387 4143 τρυφῆς.

2779 4157 3022 4236 ᾋΣΜΑ.

2219 4259 2388 4328 Καλὴ
2407 4255 2482 4323 εἷ,
2508 4259 2546 4328 ἠ
2577 4257 2851 4325 πλησίον
2866 4272 3010 4326 μου,
3029 4253 3110 4320 ὡς
3131 4253 3407 4320 εὐδοκία,
3439 4253 3621 4324 ὡραία
3637 4253 3718 4319 ὠς

2155 4353 2592 4423 Ἰερουσαλὴμ,
2630 4351 2852 4422 θάμϐος
2872 4351 2953 4417 ὠς
2985 4349 3338 4419 τεταγμέναι
3365 4365 3378 4380 ·
3421 4351 3716 4418 ἀπόστρε-
3746 4344 3753 4349 ’

2144 4451 2269 4516 ψον
2291 4447 2642 4516 ὀφθαλμούς
2671 4459 2789 4499 σου
2820 4443 3191 4520 ἀπεναντίον
3215 4459 3338 4513 μου
3362 4458 3378 4476 ο
3408 4439 3500 4496 ὅτι
3544 4439 3718 4495 αὐτοὶ

2145 4539 2579 4608 ἀνεπτέρωσάν
2605 4556 2700 4604 με.

2805 4628 3082 4684 ΣΧΟΜΔ.

2220 4725 2518 4793 Ἀλλαγμα
2576 4725 2676 4794 τῆς
2711 4724 2856 4780 κατὰ
2903 4723 3063 4777 τοῦτο
3091 4721 3153 4775 τδ
3202 4723 3370 4792 μέρος
3400 4721 3541 4796 ᾠδῆς
3569 4735 3584 4752 ⁸
3620 4721 3716 4775 καὶ

2142 4796 2362 4890 ἔναρξις
2389 4819 2496 4873 τῶν
2525 4818 2662 4886 πρὸς
2691 4817 2788 4888 τὴν
2817 4816 3094 4888 Παρθένον
3122 4815 3198 4879 ὡς
3227 4818 3338 4870 ἀπὸ
3374 4815 3468 4870 τοῦ
3496 4817 3710 4888 προσρήο

2140 4929 2236 4966 του
2264 4911 2560 4981 ἐγκωμίων
2583 4925 2596 4938 '
2615 4911 2816 4979 αἴφνης
2847 4911 2976 4978 γὰρ,
3027 4908 3216 4980 ὥσπερ
3252 4908 3443 4972 ἔνθους
3489 4909 3713 4978 γενόμε-

2144 5021 2329 5076 μενος,
2354 5004 2455 5076 τὴν
2497 5003 2643 5075 ᾠδὴν
2674 5003 2752 5066 ὡς
2801 5003 2862 5067 ἐξ
2893 5001 3063 5072 ἄλλης
3117 5002 3295 5075 ἀρχῆς
3348 5001 3711 5066 ἀνατείνεται,

2141 5095 2239 5151 καί
2273 5111 2442 5168 φησι·
2485 5095 2656 5165 Καλὴ
2690 5091 2766 5162 εἷ,
2792 5096 2830 5164 ἠ
2863 5096 3136 5164 πλησίον
3149 5113 3291 5165 μου,
3322 5095 3403 5162 ὡς
3430 5094 3670 5150 εὐδοκία
3695 5106 3713 5124 ⁶

2138 5191 2418 5264 ηὐδόκησε
2443 5193 2562 5262 γὰρ
2592 5193 2648 5244 ὲν
2680 5191 2818 5261 αὐτῇ
2846 5191 2874 5242 ὁ
2905 5190 3038 5252 Θεὸς
3065 5175 3182 5243 xui."
3223 5189 3430 5263 Πατὴρ,
3485 5187 3581 5258 τὴν
3617 5187 3711 5242 τοῦ

2139 5286 2332 5354 γένους
2385 5285 2547 5356 ἡμῶν
2617 5283 2898 5356 σωτηρίαν
2954 5281 3312 5352 ἐργάζεσθαι.
3377 5281 3578 5350 Ὠραία
3632 5280 3715 5344 ὡς

2149 5374 2553 5447 Ἰερουσαλήμ
2579 5389 2592 5403 '
2627 5376 2816 5446 ἦγουν,
2842 5374 2921 5438 ὠς
2963 5375 3114 5444 ἱερᾶς
3141 5373 3364 5444 εἰρήνης
3394 5373 3539 5426 αἰτία
3558 5411 3574 5436 ,
3619 5372 3714 5423 καὶ

2143 5473 2310 5524 πᾶσιν
2336 5470 2510 5539 αὐτῆς
2535 5468 2985 5539 εἰρηνοπαρόχως
3034 5466 3314 5534 πρόξενος.
3352 5463 3581 5535 Θὰμϐος
3631 5462 3714 5529 ὡς

2140 5560 2493 5630 τεταγμέναι
2527 5577 2540 5590 ·
2570 5561 2872 5626 τουτέστιν,
2902 5558 3042 5629 ὑπὲρ
3065 5560 3242 5613 πάντα
3269 5557 3392 5611 νοῦν
3419 5557 3512 5610 καὶ
3556 5555 3714 5622 λόγον

2143 5657 2178 5727 ὴ
2212 5655 2354 5710 κατά
2386 5655 2446 5708 σὲ
2470 5653 2579 5706 τῶν
2608 5652 2870 5707 ἁπάντων
2899 5650 3082 5706 καλῶν
3133 5647 3390 5716 σύνταξις
3426 5649 3520 5706 καὶ
3545 5647 3718 5718 εὐαρ-

523 5825 756 5882 "Cant.
785 5842 838 5895 γ,
877 5827 963 5886 l7.
1037 5835 1079 5868 ⁸⁷
1107 5833 1263 5892 Cant.
1299 5853 1372 5904 tv,
1407 5835 1490 5891 19..
1569 5835 1616 5869 ⁸⁸
1639 5833 1800 5892 Joatt.
1829 5836 1918 5905 l0,
1948 5837 1972 5892 l
2004 5851 2044 5892 ει

2371 5809 2398 5819 u-

2151 5876 2166 5890 θ

2268 5915 2280 5928 I
