4082 6454
359 378 495 443 1065
530 360 535 366 ’

1363 378 1761 443 COMMENT.
1807 377 1890 440 IN
1932 378 2254 439 CANTICA
2297 377 2589 439 CANTIC.

3474 377 3607 450 i066

353 495 492 564 αὐτῇ
528 495 596 564 τῇ
647 497 939 566 συναγωγῇ
981 496 1156 549 Δώσω
1185 509 1306 560 σοι,
1357 500 1422 568 τῇ
1457 497 1556 568 ἐμὲ
1583 496 1820 566 τεκούσῃ
1849 495 1926 564 δη-

2050 487 2164 562 ἰρςέι
2216 508 2513 563 synagoga,
2557 492 2830 558 Dabo,tibi
2878 494 3159 564 nimirum,
3193 513 3314 568 qua:
3363 514 3477 554 mea
3513 505 3622 559 eris

350 585 506 656 λαδὴ,
539 586 682 652 τοὺς
704 589 981 654 ,ιιασθούς
1002 605 1142 655 μου,
1195 588 1293 658 τὴν
1338 589 1476 659 ἐμὴν
1505 589 1823 657 συνάφειαν,
1865 586 1932 656 ἢν

357 676 638 746 ηὐδόκησα
694 677 824 730 ἄνευ
883 680 1092 748 σπορᾶς
1131 679 1194 730 ἐκ
1224 676 1318 731 σοῦ
1347 679 1665 749 προελθεῖν·
1698 679 1832 748 πρὸς
1876 677 1933 730 τὸ

351 768 598 835 πηγάσαι
638 766 714 835 τῷ
759 769 950 837 κόσμῳ
985 769 1051 820 τὰ
1080 771 1402 838 σωτηριὼδή
1444 786 1546 839 μου
1597 767 1929 838 διδάγματα.

351 857 471 908 Οὐκ
495 855 649 921 ἔγνω
679 857 716 924 ἡ
752 857 921 926 ψυχή
948 875 1067 927 μου
1089 875 1104 893 ο
1141 858 1340 912 ὡσανεὶ
1375 860 1564 928 ἔλεγε·
1608 860 1803 914 Πόθεν
1829 875 1932 927 μοι

348 944 522 998 τοῦτο
559 946 754 1012 ἔσται,
792 947 924 1001 ἐπεὶ
948 948 1138 1017 ἄνδρα
1175 951 1247 1002 οὐ
1281 948 1595 1019 γινώσκω;
1625 951 1700 1013 ὠς
1741 950 1804 1002 ὲκ
1833 952 1932 1018 τῆς

353 1034 633 1104 Παρθένου
666 1038 776 1107 γὰρ
813 1020 984 1109 ἁγνῆς
1013 1042 1040 1092 ὁ
1086 1036 1244 1112 λόγος
1295 1041 1390 1094 καὶ
1439 1036 1595 1105 αὖθις
1630 1042 1909 1112 ὲσχημάτι

349 1143 494 1180 σται.
557 1123 772 1182 Ἐθετό
817 1146 895 1198 με
947 1129 1180 1199 ἅρματα
1247 1131 1590 1200 Ἀμιναδάϐ.
1646 1132 1756 1203 Τὴν
1792 1132 1932 1201 μετὰ

345 1217 520 1270 ταῦτα
559 1219 966 1286 συγκατάθεσιν
1005 1222 1106 1289 τῆς
1161 1221 1440 1292 Παρθένου
1488 1223 1660 1292 δηλοῖ.
1702 1223 1929 1291 Ἀμινα-

342 1305 460 1359 δὰϐ
484 1307 592 1377 γὰρ
655 1307 941 1377 Ἐϐραῖστὶ
992 1311 1209 1365 εὐδοκία
1245 1311 1454 1382 πατρὸς
1481 1313 1773 1382 εἴληπται·
1808 1313 1932 1365 ἀντὶ

345 1396 440 1448 τοῦ
486 1397 795 1467 ηὐδόκησεν
852 1401 911 1451 ὲν
948 1403 1074 1470 ἐμοὶ
1127 1404 1155 1452 ὁ
1203 1403 1336 1465 Θεὸς
1369 1404 1466 1456 καὶ
1505 1404 1715 1476 Πατὴρ,
1746 1402 1930 1475 ὄχημα

346 1487 713 1558 γεγεννῆσθαι
742 1489 837 1544 τοῦ
869 1491 1196 1562 μονογενοῦς
1221 1493 1388 1547 αὐτοῦ
1421 1493 1620 1560 Λόγου.

1013 1636 1257 1733 τᾼΣΜΑ.

425 1756 802 1826 Ἔπίστρεφε,
853 1757 1181 1826 ἐπίστρεφε
1232 1757 1270 1824 ἡ
1335 1756 1694 1826 Σουλαμῖτις
1726 1774 1740 1789 ο
1799 1757 1972 1810 ἐπίο.

343 1860 585 1917 στρεφε,
614 1848 961 1917 ἐπίστρεφε.
993 1849 1056 1902 Τί
1087 1850 1358 1918 ὀψόμεθα
1384 1849 1454 1902 ἐν
1479 1849 1580 1902 σοί
1591 1865 1612 1913 ;

978 1941 1253 1996 ΣΧΟΛῙΑ.

423 2029 513 2095 ὀς
537 2032 632 2100 ἀφ’
661 2033 857 2102 ἑτέρας
900 2033 1044 2094 τινὸς
1076 2033 1385 2102 περικοπῆς
1409 2030 1510 2104 τὴν
1537 2033 1713 2106 ἀρχὴν
1745 2037 1920 2088 ποιεῖ-

342 2140 431 2177 ται
455 2139 472 2154 ο
502 2123 597 2176 καὶ
634 2122 827 2192 ὥσπερ
866 2123 1341 2193 ἀποφαινομένους
1377 2125 1531 2188 τινὰς
1561 2127 1776 2194 ὶπὰγει,
1827 2130 1922 2179 καὶ

341 2213 922 2282 διαπληκτιζομένους,
951 2215 999 2266 ει
1027 2213 1257 2267 τοιαῦτά
1297 2230 1418 2268 τινα
1463 2217 1756 2286 γενήσεται
1778 2232 1792 2247 °
1824 2217 1924 2270 καὶ

345 2307 532 2376 φασὶν,
577 2305 934 2375 Ἐπίστρεφε
964 2305 1002 2373 ἠ
1033 2307 1428 2376 Σουλαμῖτις·
1465 2299 1668 2380 τριχῶς
1693 2308 1792 2380 τὴν
1821 2309 1922 2362 αὐ-

343 2397 442 2464 τῆς
489 2395 829 2466 ἐπιστροφὴν
878 2395 1358 2465 ἀνακαλουμένους
1407 2396 1495 2450 διὰ
1548 2398 1612 2450 τὸ
1661 2397 1797 2467 βαθύ
1827 2398 1924 2450 καὶ

346 2484 782 2557 ἆποκρουστικδν
806 2486 907 2555 τῆς
940 2488 1283 2557 ἐρωτήσεως.
1308 2488 1662 2557 Σουλαμῖτις
1689 2489 1745 2540 δὲ
1769 2488 1803 2558 ἡ
1841 2488 1920 2540 εὶ-

351 2579 552 2649 ρηνικὴ
588 2577 654 2632 ἂν
695 2579 935 2643 καλοῖτο,
971 2580 1068 2632 καὶ
1114 2581 1177 2632 ὲκ
1211 2579 1307 2632 τοῦ
1341 2581 1658 2650 σπέρματος
1687 2580 1782 2634 τοῦ
1827 2581 1923 2632 Σο-

350 2667 620 2738 λομῶντος
659 2673 1030 2743 καταγομένη.
1064 2671 1126 2725 Τί
1147 2672 1418 2741 ὀψόμεθα
1439 2673 1510 2726 ἐν
1533 2673 1636 2726 σοί
1649 2689 1671 2737 ;
1697 2672 1761 2724 Τί
1787 2688 1924 2742 συμ-

350 2759 576 2832 6ἡσεταί
610 2780 714 2831 σοι,
743 2763 1014 2835 δηλονότι,
1043 2766 1140 2819 καὶ
1160 2768 1208 2818 εἰ
1232 2765 1523 2836 γενήσεται
1545 2763 1721 2819 ταῦτα
1745 2780 1760 2830 ;

946 2857 1199 2914 ΚΕΦΑΛ.
1249 2854 1327 2910 Ζ’.

992 2941 1234 3018 τᾼΣΜΑ.

421 3030 486 3086 TI
509 3032 736 3101 ὄψεσθε
775 3033 846 3088 ἐν
875 3033 949 3104 τῇ
977 3037 1390 3107 Σουλιιμίτιδι,
1430 3041 1470 3111 si
1509 3038 1802 3110 ἐρχομένη
1841 3039 1919 3106 ὡς

346 3124 511 3191 χοροὶ
542 3122 662 3177 τῶν
706 3127 1143 3194 παρεμϐολῶν;
1181 3131 1242 3183 Τί
1281 3130 1674 3200 ὡραιώθησαν
1717 3133 1924 3201 διαϐή-

339 3215 500 3286 ματά
524 3232 640 3271 σου
665 3215 737 3271 ἐν
773 3217 1147 3286 ὑποδήμασι,
1179 3222 1431 3291 θύγατερ
1453 3223 1780 3293 Ἀμιναδάϐ
1795 3241 1816 3291 ;

980 3313 1254 3368 ΣΧΟΛΙΔ.

419 3399 563 3471 Πρὸς
584 3401 686 3473 τὴν
713 3419 785 3454 ππ
799 3402 846 3474 ρ’
882 3403 1110 3457 ἐκείνων
1144 3407 1551 3478 ὲπηρεαστικὴν
1580 3411 1813 3480 ζήτησιν
1836 3412 1926 3465 τὸν

345 3490 507 3559 λόγον
553 3495 804 3562 ἐπήγαγε
835 3496 978 3549 κατὰ
1007 3497 1301 3567 ἀπόκρισιν
1329 3514 1344 3528 ·
1393 3502 1454 3553 Τί
1495 3499 1724 3568 ὄψεσθε
1754 3501 1826 3555 ἐν
1847 3501 1926 3571 τῇ

348 3586 752 3653 Σουλαμίτιδι,
807 3587 846 3654 ἠ
889 3587 1180 3657 ἐρχομένη
1228 3593 1310 3657 ὠς
1351 3592 1519 3659 χοροὶ
1558 3592 1680 3645 τῶν
1707 3607 1926 3663 παρεμ-

346 3675 579 3740 ϐολῶν;
608 3679 911 3750 Μονονουχὶ
941 3681 1139 3750 λέγων,
1163 3684 1224 3736 Et
1259 3683 1352 3736 καὶ
1387 3687 1745 3756 πεπήρωνται
1770 3688 1924 3755 ὑμῶν

343 3768 394 3818 οἰ
425 3765 738 3838 ὀφθαλμοις
789 3770 866 3832 ὼς
904 3773 998 3824 καὶ
1049 3771 1272 3837 Ἡσαΐας
1313 3775 1751 3846 συμμαρτυρῶν,
1795 3777 1926 3846 ἔφη·

347 3875 439 3911 σιν
465 3873 478 3886 ”
536 3858 930 3930 Ἐκὰμμυσιιν
984 3863 1184 3919 αὐτῶν
1220 3866 1364 3932 τοὺς
1402 3867 1773 3936 ὀφθαλμοὺς,
1825 3869 1925 3923 ἵνα

339 3948 426 4017 μὴ
453 3948 649 4004 ιδωσι.
687 3951 872 4023 Ταύτῃ
905 3969 989 4006 τοι
1013 3958 1133 4010 ’καὶ
1165 3957 1231 4010 τὰ
1263 3957 1488 4011 τοιαῦτα
1523 3959 1924 4030 ἐπηρεάζοντες

346 4043 754 4111 ἀποφαίνεσθε;
802 4045 948 4100 Ἀλλ’
982 4045 1074 4111 οὖν
1104 4049 1136 4117 ὴ
1195 4050 1464 4121 ἐρχομένη
1493 4053 1616 4116 ταῖς
1649 4052 1923 4126 οὐρανίοις

347 4135 719 4206 έφαμιλλᾶται
774 4138 1017 4202 τάξεσιν.
1059 4136 1175 4193 Εἶθ’
1232 4139 1423 4220 ὥσπερ
1483 4143 1923 4214 ἁποκρουόμενος

343 4230 404 4280 τὸ
425 4229 813 4283 δυσέντευκτον
843 4235 1073 4299 τούτων,
1110 4234 1207 4287 καὶ
1236 4233 1345 4286 οὐδ’
1377 4236 1444 4289 ἄν
1478 4234 1772 4302 πείθοιντο,
1819 4235 1923 4291 κᾶν

342 4321 502 4374 ὁποῖά
532 4338 655 4375 τινα
685 4322 820 4391 πρὸς
849 4325 1048 4390 αὐτοὺς
1077 4327 1361 4394 διεξέλθοι,
1400 4329 1598 4392 αὐτοὺς
1633 4329 1731 4400 μὲν
1754 4329 1924 4400 οἰμώ-

343 4411 460 4476 ζειν
485 4413 663 4482 ἀφῆκε
691 4416 882 4484 μακρά
901 4431 918 4447 ·
952 4418 1092 4488 πρὸς
1119 4419 1179 4472 δὲ
1217 4421 1316 4490 τὴν
1346 4421 1624 4490 Παρθένον
1653 4423 1745 4474 καὶ
1768 4422 1922 4486 αὖθις

341 4505 725 4573 ἐπιστραφείς·
785 4507 846 4560 Τί
901 4508 1316 4578 ὠραιώθησαν,
1371 4514 1528 4584 φησι,
1589 4513 1923 4584 διαδήματὰ

345 4607 460 4646 σου
491 4596 560 4646 ἐν
598 4595 985 4666 ὐποδήμασι;
1015 4602 1287 4666 τουτέστι,
1322 4604 1441 4665 Πῶς
1475 4604 1735 4678 οὐτωςααί
1786 4622 1921 4675 προ-

343 4686 513 4739 κοπαὶ
547 4685 660 4738 τῶν
711 4686 926 4757 ἀρετῶν
995 4705 1090 4742 σου
1152 4691 1600 4761 κατευθύνθησαν
1660 4700 1717 4746 ἐν
1757 4697 1924 4766 σαρκὶ

271 4837 283 4848 ,
341 4770 540 4844 οὔσαις
588 4778 906 4848 διαδήματα
928 4781 1038 4851 γὰρ
1087 4781 1186 4846 τὰς
1217 4785 1419 4851 ἀρετὰς
1450 4785 1820 4856 ὑποληπτέον
1850 4789 1927 4852 ὼς

339 4872 440 4923 καὶ
471 4873 499 4923 ὁ
523 4870 717 4925 τούτου
749 4873 936 4944 πατὴρ
968 4875 1184 4943 εἴρηκε,
1237 4878 1406 4944 Παρὰ
1439 4879 1662 4946 Κυρίου
1691 4886 1762 4935 τὰ
1801 4881 1929 4935 διαο

339 4962 582 5033 ϐήματα
633 4965 953 5035 ἀνθρώπου
1002 4971 1452 5027 κατευθύνεται.
1483 4975 1746 5044 Θύγατερ
1775 4976 1930 5046 Ἀμι-

336 5057 555 5114 ναδάϐ.
593 5057 748 5125 Ἀξία
783 5060 987 5133 δηλαδὴ
1018 5063 1116 5134 τῆς
1149 5065 1399 5130 εὐδοκίας
1416 5066 1509 5120 τοῦ
1537 5063 1673 5120 Θεοῦ
1701 5069 1796 5122 καὶ
1817 5070 1930 5124 Πα-

333 5153 491 5222 τρός.

1011 5244 1252 5322 ’ᾼΣΜΔ.

427 5338 661 5408 Ῥυθμοὶ
687 5341 899 5410 μηρῶν
949 5359 1067 5404 σου
1125 5345 1314 5416 ὅμοιοι
1355 5350 1675 5420 όρμίσκοις
1743 5353 1924 5424 ἔργον

336 5430 642 5495 τεχνίτου.

981 5529 1066 5582 ΣΧ
1075 5533 1256 5587 ΟΛῙΑ.
1443 5568 1446 5571 -
1894 5566 1897 5567 ν

417 5613 517 5666 Διὰ
549 5613 665 5668 ⁴ιιῶν
715 5616 908 5688 μηρῶν
932 5620 1024 5674 τὸν
1069 5622 1129 5688 ἐξ
1159 5623 1333 5694 αὐτῆς
1369 5628 1773 5702 τεχθησόμενον
1806 5636 1920 5690 Σω-

473 5789 612 5849 Luc.
642 5809 682 5860 ι,
744 5796 833 5852 Si.
909 5796 931 5830 ⁸
958 5795 1062 5854 Isa.
1094 5816 1175 5866 vi,
1212 5804 1268 5860 9.
1343 5807 1363 5841 '
1396 5808 1539 5869 Psal.
1577 5829 1762 5883 xxxvr,
1799 5779 1891 5872 Q3.

369 5885 371 5887 ’
659 5894 930 5956 Parnm.
980 5899 1024 5957 (ὦ
1039 5916 1094 5958 ιι.
1141 5902 1318 5966 CLII.

2038 585 2298 654 genitrix,
2348 586 2512 640 ubera
2548 602 2703 650 mea;
2757 602 2933 642 meam
2973 589 3425 655 incarnationem,
3459 609 3622 662 quam

2036 677 2220 730 arrisit
2254 677 2409 741 mihi,
2442 678 2560 732 sine
2585 680 2795 733 semine
2831 695 2897 734 ex
2951 693 3000 736 te
3045 675 3198 748 ﬁeri;
3233 693 3291 738 ut
3332 687 3619 755 mundum,

2035 767 2262 836 perenni
2291 782 2536 823 meorum
2587 769 2745 824 latice
2781 771 3104 827 salutarium
3138 774 3420 844 irrigarem
3452 780 3625 833 docu-

2036 866 2370 925 mentorum.
2438 857 2672 914 Nescirit
2744 866 2926 917 anima
2981 881 3132 932 utea;
3166 881 3231 921 ac
3284 867 3331 922 si
3381 868 3621 926 diceret:

2036 945 2182 1000 Unde
2216 949 2312 1002 hoc
2353 951 2480 1004 mihi
2511 954 2633 1014 erit,
2662 956 2911 1024 quoniam
2943 957 3114 1011 virum
3139 973 3242 1012 non
3280 975 3535 1030 cognosco
3559 963 3620 1018 3?

2034 1037 2212 1094 Veluti
2245 1041 2390 1096 enim
2450 1058 2516 1097 ex
2564 1059 2799 1113 persona
2857 1049 3076 1105 illibatae
3126 1049 3386 1123 Virginis.
3426 1064 3618 1125 postea

2037 1146 2221 1188 sermo
2269 1131 2610 1189 eﬂ‘ormatur.
2653 1136 2844 1192 Posuit
2897 1157 2979 1196 me
3033 1159 3221 1198 currus
3272 1147 3616 1204 Aminada’b:

2034 1218 2272 1290 Virginis
2306 1232 2425 1291 post
2469 1223 2587 1280 haec
2617 1242 2931 1296 assensum,
2985 1234 3274 1303 significat.
3314 1238 3617 1294 Aminadab

2031 1313 2176 1366 enim
2216 1311 2480 1370 Ilebraiee
2520 1318 2787 1384 voluntas,
2823 1336 2920 1376 seu
2983 1323 3364 1393 beueptacitum
3407 1328 3614 1398 Patris,

2034 1402 2444 1474 interpretatur.
2479 1408 2554 1462 Ac
2583 1409 2628 1464 si
2659 1409 2886 1476 diceret,
2923 1429 2987 1468 ex
3039 1432 3152 1472 suae
3185 1420 3478 1476 voluntatis
3522 1425 3616 1478 be-

2031 1485 2302 1564 nep'aeito
2341 1497 2478 1554 Deus
2505 1509 2559 1556 et
2593 1501 2768 1571 Pater,
2812 1519 3034 1564 currum
3067 1525 3154 1566 me
3187 1511 3318 1569 fecit
3349 1516 3616 1589 unigeniti

2031 1583 2195 1643 Verbi
2235 1589 2341 1644 sui.

2721 1689 2925 1748 CANT.

2103 1771 2192 1826 12.
2226 1772 2520 1844 Revertere,
2559 1791 2816 1836 revertere
2861 1783 3164 1855 Sulamitis,
3215 1801 3491 1859 revertere,
3528 1811 3617 1850 re-

1957 1865 1996 1920 Β
2030 1875 2242 1923 vertere.
2270 1868 2412 1934 Quid
2437 1872 2490 1924 in
2514 1882 2565 1928 te
2593 1874 2924 1943 inspicientus
2952 1879 2978 1932 .’

2659 1967 2973 2030 SCHOLIA.

2102 2046 2384 2118 Tanquam
2422 2067 2485 2106 ex
2515 2053 2682 2109 altera
2711 2059 2942 2125 quadam
2965 2063 2968 2065 λ
2991 2062 3240 2120 sectione
3285 2069 3566 2124 exorditur
3599 2090 3612 2126 :

2030 2149 2084 2194 et
2122 2143 2386 2208 quosdam
2446 2146 2608 2201 vetuli
2640 2139 2983 2207 enuntiantes
3017 2155 3335 2222 introducit,
3370 2177 3614 2234 quosque

2032 2230 2146 2284 haec
2177 2233 2295 2302 ipsa
2338 2234 2521 2290 futura
2548 2249 2779 2308 stupore
2809 2245 3124 2313 perculerit,
3163 2251 3477 2310 acdicant:
3515 2230 3612 2310 lie-

2030 2336 2226 2380 vertere
2253 2327 2554 2388 Sulamitis.
2589 2331 2718 2398 Ter,
2741 2343 2799 2388 ut
2827 2335 2942 2406 ipsa
2966 2349 3290 2408 revertatur,
3321 2357 3612 2414 repetunt;

2030 2408 2262 2486 propter”
2303 2421 2733 2489 profunditatem
2791 2427 3279 2500 interrogationis,
3337 2408 3458 2506 qua:
3524 2455 3615 2493 rc-

2030 2512 2332 2578 spondendi
2361 2515 2468 2568 vim
2518 2517 2730 2572 adimit.
2756 2517 3037 2576 Sulamitis
3061 2531 3242 2580 autem
3271 2531 3492 2596 paeitica
3520 2549 3616 2587 vo-

2030 2601 2144 2654 cari
2185 2611 2384 2671 potest,
2411 2614 2661 2688 atqueex
2689 2609 2998 2668 Salomonis
3021 2617 3228 2672 semine
3255 2628 3397 2676 nata.
3445 2624 3615 2688 Quid-

2031 2706 2153 2745 nam
2186 2697 2240 2747 in
2275 2707 2324 2752 te
2362 2687 2701 2768 inspiciamus
2723 2707 2749 2760 Σ)
2799 2708 2877 2762 Ae
2911 2709 2957 2762 si
3018 2697 3300 2768 dicerent:
3336 2714 3612 2782 Quidnam

2032 2783 2129 2839 tibi
2171 2789 2450 2863 continget
2481 2796 2648 2850 etiam
2683 2797 2727 2852 si
2767 2801 2894 2855 talia
2927 2803 3227 2861 evenient?

2642 2890 2872 2948 CAPUT
2895 2893 3011 2952 VII.

2718 2983 2946 3040 CANT.'

2105 3070 2156 3124 I.
2193 3071 2332 3136 Quid
2384 3074 2627 3130 videbitis
2685 3077 2738 3130 in
2793 3077 3081 3146 Sulamite,
3136 3101 3251 3154 quae
3305 3091 3440 3150 penit
3475 3094 3613 3149 sicut

1999 3189 2002 3192 ~
2032 3161 2181 3216 chori
2212 3169 2706 3221 castrametantium
2734 3170 2761 3224 ?
2803 3187 2962 3240 quam
2992 3156 3169 3231 decori
3217 3190 3342 3235 sunt
3398 3197 3608 3251 gressus

2029 3255 2108 3309 tui
2136 3257 2189 3308 in
2244 3257 2641 3325 calceamentis,
2690 3277 2719 3314 ο
2769 3262 2886 3330 ﬁlia
2917 3266 3260 3324 Aminadab!

2638 3352 2956 3413 SCHOLIA.

2096 3437 2175 3492 Ad
2214 3439 2410 3495 infesta
2472 3429 2691 3496 illorum
2745 3448 3021 3532 postulata
3055 3456 3414 3523 respondens,
3466 3459 3614 3516 hune

2027 3530 2254 3598 protulit
2285 3545 2596 3589 sermonem
2623 3553 2637 3588 :
2673 3535 2943 3602 Quidnam
2976 3530 3220 3599 videbitis
3244 3547 3298 3600 in
3325 3546 3629 3619 Sulamite,’

2026 3635 2142 3690 qua:
2181 3623 2317 3677 venit
2352 3635 2605 3694 tanquam
2627 3627 2774 3683 chori
2803 3639 3293 3690 castrametantium
3319 3641 3344 3692 ?
3372 3638 3628 3698 Tantttm’

2027 3729 2133 3768 non
2163 3714 2374 3779 dicens,
2405 3732 2532 3771 num
2566 3722 2909 3777 eaacutientes
2926 3728 3214 3782 suntoculi
3246 3723 3451 3785 vestri?
3468 3719 3628 3791 sicut:

2025 3815 2080 3860 et
2108 3805 2275 3862 Isaias
2302 3817 2552 3876 testatur,
2579 3811 2768 3868 dicens
2795 3831 2809 3868 :
2844 3812 3162 3874 Clauserunt
3195 3822 3374 3877 oculos
3398 3842 3520 3880 suos
3552 3839 3610 3882 ut

2027 3913 2129 3951 non
2162 3899 2429 3953 viderent‘
2453 3938 2468 3953 .
2499 3899 2603 3966 Qui
2631 3903 2734 3958 hac
2757 3904 2920 3959 etiam
2956 3908 3041 3962 via
3089 3909 3202 3966 haec
3233 3913 3348 3982 ipsa
3379 3917 3611 3973 eluden-

2029 3993 2127 4052 tes,
2162 3991 2521 4059 quarStionem
2552 3996 2854 4064 proponitis
2878 3998 2901 4052 ἲ
2930 3997 3127 4056 Verum
3158 4004 3458 4074 enimVero,
3487 4026 3613 4080 qua

2027 4080 2196 4147 venit,
2247 4084 2447 4140 similis
2515 4095 2600 4141 est
2649 4088 2974 4164 agminibus
3012 4095 3350 4155 cmlestibus.
3409 4103 3611 4160 Deinde

2027 4182 2284 4244 tanquam
2309 4175 2563 4233 refellens
2589 4179 2808 4236 illorum
2834 4184 3112 4255 duritiem,
3139 4198 3193 4243 et
3221 4193 3623 4264 pertinaciam,‘

2025 4280 2148 4320 cum
2170 4267 2301 4345 ipsis
2330 4268 2467 4323 nihil
2486 4272 2816 4340 persuadere
2839 4277 3108 4345 potuisset
3130 4295 3193 4336 ex
3227 4282 3294 4337 iis
3325 4300 3444 4356 qua:
3467 4289 3612 4359 apud

2027 4354 2178 4423 ipsos
2205 4359 2563 4426 disseruerat,
2588 4377 2687 4418 eos
2712 4365 2932 4434 quidem
2966 4369 3126 4441 longe
3151 4354 3379 4440 dimisit,
3416 4387 3475 4432 ut
3497 4354 3611 4435 non

2028 4448 2174 4504 leves
2199 4448 2354 4503 luant
2381 4463 2595 4519 pmnas.
2622 4454 2713 4526 Ad,
2741 4454 3016 4529 Virginem
3041 4477 3166 4519 vero
3215 4465 3410 4521 iterum
3442 4472 3610 4526 etiam

1954 4567 1998 4624 1)
2027 4553 2359 4595 conversus:
2399 4541 2568 4607 Quam
2606 4547 2808 4618 decori,
2866 4553 3064 4623 inquit,
3101 4567 3224 4610 sunt
3281 4576 3494 4628 gressus
3528 4569 3611 4618 tui

2029 4630 2084 4683 in
2111 4631 2480 4689 calceamentis
2509 4635 2536 4689 .’
2591 4637 2704 4694 Hoc
2735 4651 2858 4696 est:
2898 4644 3146 4710 Quonam
3181 4661 3338 4718 pacto
3373 4654 3508 4707 adeo
3549 4657 3607 4710 in

2027 4730 2081 4776 te
2106 4724 2364 4778 virtutum
2389 4727 2667 4795 profectus
2691 4734 2866 4792 fauste
2900 4737 3241 4808 feliciterque
3297 4755 3608 4811 cesserunt,

2029 4828 2154 4868 cum
2190 4816 2244 4869 in
2275 4832 2442 4873 carne
2481 4821 2684 4891 degas?
2711 4826 2949 4884 Gressus
2998 4833 3143 4886 enim
3179 4835 3409 4891 virtutes
3443 4841 3614 4893 inter-

2028 4915 2333 4973 pretantur,
2370 4915 2832 4979 quemadmodum
2889 4930 2944 4974 et
2991 4923 3155 4992 hujus
3183 4935 3336 4996 pater
3368 4929 3536 4984 dixit:
3565 4932 3610 4987 Α

2032 4998 2260 5054 Domino
2294 5018 2508 5072 gressus
2541 5007 2773 5064 hominis
2806 5010 3108 5084 dirigentur
3129 5017 3184 5072 ⁸.
3223 5017 3370 5074 Filia
3395 5021 3614 5078 Amina-

2029 5090 2170 5146 dab:
2204 5092 2430 5162 dignum
2466 5097 2724 5156 videlicet
2754 5104 3032 5174 delicium,
3072 5111 3218 5179 quod
3268 5110 3377 5168 Deo
3424 5125 3476 5171 et
3515 5115 3614 5170 Pa-

2031 5181 2097 5234 tri
2129 5182 2202 5236 sit
2251 5185 2424 5242 cordi.

2719 5284 2803 5340 CA
2813 5285 2924 5343 NT.

2100 5366 2307 5424 Moduli
2339 5371 2596 5441 feminum
2656 5389 2868 5433 tuorum
2899 5382 3100 5440 similes
3136 5387 3437 5456 moniiibus,
3482 5401 3613 5458 opus

2029 5474 2283 5515 manuum
2312 5465 2559 5534 artiﬁcis.

2663 5557 2980 5617 SCHOLIA.

2102 5642 2206 5701 Per
2237 5645 2467 5718 Ietnina,
2523 5653 2867 5711 nasciturum
2899 5673 2967 5714 ex
2999 5656 3218 5728 Virgine
3251 5658 3612 5732 Salvatorem,

3093 5927 3166 5986 3's-
