4082 6442
533 387 664 453 1071
793 447 796 452 .
1701 399 2069 462 ΜΑΤΤΗΕΙ
2113 403 2145 462 C

2180 402 2654 468 \NTACUZENI
3656 413 3792 481 1072

1227 508 1438 565 csur.
2136 519 2186 578 Α
2885 522 3158 598 ᾍΣΜΑ.⁴

603 596 709 650 7-9.
751 595 1062 666 Magnitudo
1120 609 1209 653 tua
1269 602 1460 655 similis
1485 611 1561 656 est
1611 604 1820 673 patinas,
1857 616 1914 659 ut
1945 607 2107 660 ubera

2293 619 2359 671 Τὸ
2395 618 2644 688 μέγεθός
2699 635 2814 674 σου
2863 595 3127 687 ὡμοιώθη
3177 616 3256 685 τῷ
3295 621 3538 689 φοίνικι,
3589 623 3687 676 καὶ
3738 629 3791 680 ol

531 696 623 739 tua
645 687 838 742 'botris.
866 687 1011 753 Dixi,
1040 689 1334 745 Ascendam
1363 695 1416 747 in
1449 699 1706 762 palmam,
1738 701 1916 764 potiar
1951 715 2110 753 cacu-

2209 713 2435 777 μαστοί
2482 687 2602 766 σου
2656 713 2784 778 τοῖς
2821 712 3102 780 βότρυσι.
3145 687 3343 778 utan,
3389 714 3792 785 Ἀναϐήσομαι

530 779 736 834 minum
791 781 928 848 ejus,
965 791 1012 836 et
1030 800 1150 852 1am
1178 796 1330 840 erunt
1376 788 1538 858 ubera
1565 800 1659 844 tua
1687 791 1822 844 sicut
1866 793 2005 847 botri
2032 796 2114 848 vi-

2211 802 2282 855 ἐν
2316 800 2394 867 τῷ
2422 804 2666 872 φοίνικι,
2710 803 2993 872 κρατήσω
3038 803 3158 857 τῶν
3190 807 3402 872 ὑψέων
3437 805 3645 871 αὐτοῦ,
3694 807 3792 860 καί

531 885 676 935 uete;
709 879 758 924 et
782 873 913 927 odor
955 876 1168 929 narium
1195 887 1410 931 tuarum
1458 880 1595 934 sicut
1633 883 1796 937 mala.
1829 887 1897 938 Et
1928 896 2110 954 guttur

2213 895 2458 950 ἔσονται
2481 895 2557 963 δὴ
2585 897 2812 966 μαστοί
2828 912 2946 950 σου
2965 897 3044 962 ὠς
3063 897 3326 963 βότρυες
3355 895 3467 966 τῆς
3494 875 3791 966 ἀμπέλου,

533 971 719 1030 tuum,
787 968 922 1021 sicut
994 971 1170 1024 vinum
1253 974 1479 1039 bonum,
1555 987 1692 1029 recte
1761 978 2108 1046 progrediens

2212 986 2308 1040 καί
2340 986 2500 1056 ὀσμὴ
2527 985 2716 1054 ῥινῶν
2748 1004 2864 1041 σου
2888 987 2969 1052 ὡς
2998 985 3185 1054 μῆλα,
3225 988 3323 1040 καὶ
3357 990 3388 1041 d
3416 987 3649 1057 λάρυγξ
3676 1005 3793 1044 σου

527 1071 640 1110 meo
673 1061 865 1128 nepoti,
900 1071 946 1114 et
980 1062 1157 1130 labiis,
1185 1072 1233 1116 et
1261 1065 1505 1121 dentibus
1522 1069 2002 1127 accommodatum.

2211 1077 2294 1142 ὡς
2332 1071 2519 1140 οἶνος,
2549 1076 2776 1144 ἀγαθὸς
2801 1081 3206 1146 πορευόμενος
3237 1076 3316 1141 τῷ
3339 1077 3662 1145 ἀδελφιδῷ,
3704 1080 3794 1146 είς

2211 1168 2531 1236 εὐθύτητα,
2563 1168 2962 1237 ίκιινούμενος
2991 1168 3225 1236 χείλεσι
3262 1166 3359 1220 καί
3394 1165 3665 1221 ὀδοῦσιν.

1152 1243 1437 1302 SCHOLIA
1449 1289 1463 1303 .

2867 1259 3141 1312 ΣΧΟΛΙΔ.

595 1329 1023 1400 Magnitudinem
1071 1336 1347 1393 virtutum
1400 1339 1644 1412 Virginis
1676 1343 1866 1401 formae
1915 1348 2110 1414 palma!
2162 1401 2168 1405 ,

2285 1355 2359 1408 Τὸ
2387 1353 2616 1423 μέγεθος
2659 1352 2767 1406 τῶν
2814 1351 3026 1421 ἀρετῶν
3057 1352 3157 1419 τῆς
3192 1349 3468 1417 Παρθένου
3501 1351 3584 1414 είς
3615 1353 3792 1420 φοίνι-

439 1457 446 1462 ο
525 1424 765 1478 similem
840 1441 963 1481 esse
1021 1429 1305 1497 perhibet,
1357 1435 1815 1502 quemadmodum
1885 1439 2051 1493 divini

2212 1467 2305 1513 κος
2333 1444 2472 1510 εἶδος
2499 1446 2806 1516 ὡμοίωσεν,
2835 1446 2908 1508 ὡς
2936 1445 3028 1498 καὶ
3051 1445 3110 1497 ἐν
3141 1443 3308 1514 βίϐλῳ
3339 1443 3586 1512 Ψαλμῶν
3622 1448 3650 1498 ὁ
3675 1445 3792 1499 θεο-

525 1530 745 1585 quoque
767 1516 930 1574 Pater
952 1518 1122 1574 David
1148 1523 1200 1576 in
1231 1523 1370 1578 libro
1409 1526 1750 1583 Psalmorum
1776 1530 1952 1586 dixit:
1983 1531 2111 1587 Jus-

2211 1543 2405 1611 πάτωρ
2430 1539 2596 1594 Διϐἰδ
2625 1539 2814 1608 εἴρηκε
2837 1552 2850 1567 ‘
2891 1538 3130 1597 Δίκαιος
3178 1535 3258 1601 ὠς
3283 1535 3485 1606 φοῖνιξ
3517 1537 3786 1606 ἀνθήσει.

527 1617 611 1661 tus
651 1620 705 1663 ut
739 1610 921 1679 palma
942 1613 1152 1681 ﬂorebit
1190 1616 1255 1670 ".
1302 1616 1432 1686 Ejus
1454 1630 1636 1675 autem
1684 1624 1852 1677 ubera
1899 1624 2108 1678 botrum

2211 1635 2352 1697 Τοὺς
2379 1610 2454 1685 δέ
2487 1649 2548 1700 γε
2581 1631 2788 1699 ταύτης
2823 1630 3065 1700 μαστοὺς
3084 1628 3321 1697 ,ϐότρυα
3351 1628 3601 1698 ὠνόμασε
3623 1646 3636 1660 ·
3664 1631 3787 1693 τούς

521 1703 848 1770 appellavit;
881 1708 1136 1775 poculum
1175 1708 1429 1766 videlicet
1464 1713 1893 1786 spirituale,quo
1921 1717 2110 1786 utique

2208 1721 2270 1775 τὸ
2316 1721 2688 1789 πνευματικὸν
2736 1720 2888 1789 πόμα
2936 1718 3140 1788 δηλαδὴ
3176 1718 3495 1782 ποτίζοντας
3525 1725 3646 1784 τοὺς
3697 1737 3788 1772 πι-

525 1795 714 1850 ﬁdeles
749 1805 1027 1866 potantur.
1056 1800 1240 1870 lnquit
1275 1815 1458 1859 autem
1493 1823 1506 1860 :
1546 1806 1695 1874 Dixi,
1734 1809 2027 1864 Ascendam
2053 1812 2107 1865 in

2209 1812 2389 1876 στούς.
2418 1813 2555 1884 Φησὶ
2584 1814 2785 1866 τοίνυνο
2815 1799 2992 1876 Είπα,
3021 1812 3428 1880 Ἀναϐήσομαι
3457 1812 3524 1866 ἐν
3553 1812 3627 1877 τῷ
3648 1813 3781 1882 φοί-

523 1889 781 1956 palmam,
817 1893 992 1958 potiar
1022 1896 1356 1949 cacuminum
1377 1896 1529 1966 ejus;
1563 1914 1625 1953 ac
1660 1900 1704 1956 si
1732 1901 1968 1957 diceret:
2000 1903 2104 1959 As-

2163 1882 2181 1937 ;
2209 1924 2351 1972 νικι,
2385 1905 2817 1974 κρατήσω-τῶν
2850 1908 3058 1974 operor
3082 1905 3292 1959 αὐτοῦ·
3329 1905 3451 1958 ἀντὶ
3480 1903 3582 1969 τοῦ,
3625 1905 3775 1957 ’Δνα-

522 1982 752 2037 condam
779 1983 832 2038 in
857 1985 996 2046 altas
1018 1986 1084 2041 de
1115 1997 1167 2044 te
1201 1991 1713 2059 contemplationes,
1768 2003 1824 2049 et
1850 1995 2102 2051 conside-

2208 2000 2455 2072 ϐήσομαι
2489 2002 2546 2054 ἐν
2569 1999 2675 2052 τῶν
2700 1998 2925 2068 ὑψηλῶν
2947 1998 3090 2052 κατὰ
3123 1999 3180 2052 σὲ
3213 1997 3478 2068 θεωριῶν,
3505 1997 3593 2050 καὶ
3617 2014 3786 2050 κατα-

523 2076 659 2131 rabo
680 2092 802 2147 qua:
843 2077 896 2132 in
925 2088 976 2134 te
1001 2088 1130 2135 sunt
1173 2082 1451 2152 mysteria.
1493 2081 1560 2136 Et
1594 2084 1711 2154 jam
1743 2097 1897 2141 erunt
1939 2089 2104 2143 ubera

2207 2093 2386 2163 νοήσω
2414 2091 2482 2145 τὰ
2507 2093 2566 2144 ὲν
2598 2091 2683 2158 σοὶ
2713 2092 3014 2161 μυστήρια.
3053 2090 3160 2143 Καὶ
3191 2090 3434 2144 ἔσονται
3469 2089 3545 2156 δὴ
3569 2089 3787 2159 μαστοί

523 2179 639 2244 tua,
659 2171 795 2224 sicut
820 2170 960 2225 botri
994 2173 1175 2228 vineaz.
1196 2173 1313 2243 Ipsa
1335 2175 1481 2230 enim
1513 2185 1598 2232 est
1625 2178 1780 2234 vinea
1806 2195 1953 2245 vera,
1981 2198 2104 2252 quae

2207 2201 2325 2240 σου
2353 2184 2435 2251 ὡς
2458 2184 2722 2252 ,βότρυες
2758 2183 2870 2251 τῆς
2899 2182 3174 2251 ἀμπέλου
3195 2199 3210 2215 ο
3247 2181 3390 2251 αὕτη
3433 2182 3541 2252 γάρ
3576 2184 3725 2234 ἔστιν
3754 2183 3801 2251 ἡ·

521 2261 740 2316 hotrum
798 2262 960 2318 nobis
992 2266 1216 2333 protulit
1246 2264 1550 2322 Christum.
1582 2268 1732 2325 lianc
1773 2287 2012 2343 namque
2047 2284 2102 2330 ut

2205 2277 2451 2346 ἄμπελος
2468 2279 2500 2347 ἡ
2515 2277 2650 2348 ἀληθ
2661 2277 2804 2348 ινὴ,ὴ
2827 2275 3178 2346 βλαστήσασα
3197 2276 3287 2329 τὸν
3306 2276 3498 2347 βότρυν
3513 2277 3644 2346 ἡμῖν
3656 2277 3700 2329 Χ
3710 2294 3787 2346 ρι-

519 2366 620 2420 par
647 2359 752 2415 est.
799 2357 1063 2425 propheta
1087 2358 1490 2438 contemplans,
1534 2360 1786 2418 laudibus
1838 2367 2100 2422 ornavit:

2207 2371 2354 2425 στόν.
2379 2369 2597 2433 Ταύτην
2631 2369 2740 2439 γὰρ
2769 2369 2844 2432 ὡς
2874 2369 3022 2431 εἰκὸς
3044 2367 3142 2438 τὴν
3166 2367 3397 2438 θεωρίαν
3427 2368 3456 2421 ὁ
3501 2369 3787 2440 Προφήτης

523 2449 641 2495 tum
675 2443 744 2496 ab
767 2459 999 2501 ascensu
1049 2449 1266 2517 palmae,
1325 2461 1463 2519 tum,
1501 2467 1625 2508 cum
1675 2455 1837 2522 patiri
1865 2457 2104 2512 cacumi-

2206 2463 2508 2533 ἐκομίσατο
2539 2462 2643 2517 ἀπὸ
2676 2461 2770 2515 τοῦ
2797 2462 3142 2526 ἀναδῆναιὲν
3175 2461 3250 2530 τῷ
3283 2463 3504 2530 φοίνικι,
3528 2460 3622 2514 καὶ
3655 2475 3786 2528 κρα-

519 2549 655 2590 num
679 2535 797 2606 ejus
819 2547 1068 2605 asserat;
1120 2541 1463 2610 conjiciendo
1495 2546 1690 2601 oculos
1721 2547 1788 2601 ad
1815 2532 2101 2619 Virginem

2203 2554 2372 2624 τῆσαι
2420 2555 2531 2610 τῶν
2584 2554 2766 2624 seem
2818 2554 3011 2615 αὐτοῦ,
3069 2556 3309 2607 κατιδεῖν
3361 2552 3460 2623 τὴν
3515 2552 3787 2622 Παρθένον

522 2627 828 2696 parituram
891 2628 1231 2688 Salvatorem
1261 2635 1565 2702 Christum,
1602 2637 1884 2709 ipsiusque
1920 2641 2104 2696 uberi-

2204 2646 2506 2717 τεξομένην
2559 2647 2651 2700 τὸν
2705 2646 2935 2716 Σωτῆρα
2994 2646 3252 2717 Χριστὸν,
3305 2645 3401 2699 καὶ
3446 2644 3572 2706 τοὺς
3619 2641 3786 2711 αὐτῆς

520 2719 629 2776 bus
653 2719 916 2777 infantem
939 2732 1202 2780 aeternum
1241 2725 1588 2784 lactaturam.
1625 2729 1693 2783 Et
1721 2731 1855 2785 odor
1887 2734 2102 2788 narium

2209 2736 2477 2807 μαστοὺς,
2514 2735 2644 2798 τοὺς
2697 2734 2757 2788 τὸ
2800 2733 3133 2811 προαιώνιον
3168 2734 3516 2803 θηλάσαντας
3568 2731 3783 2802 βρέφος.

521 2823 741 2866 tuarum
782 2815 920 2868 sicut
968 2817 1156 2884 mala;
1216 2820 1473 2875 videlicet
1497 2837 1721 2878 cessare
1746 2822 1906 2880 faciet
1932 2826 2106 2882 idolo-

2206 2829 2314 2888 Καί
2342 2828 2503 2898 ὀσμὴ
2527 2828 2717 2896 ῥινῶν
2748 2843 2889 2893 σου,
2923 2828 3006 2892 ὡς
3031 2827 3224 2896 μῆλαο
3257 2827 3402 2898 ἦτοι,
3435 2824 3784 2879 καταπαῦσαι

519 2921 646 2960 rum
703 2908 998 2977 sacrilicia,
1038 2918 1090 2966 et
1126 2925 1317 2966 eorum
1374 2915 1492 2969 vice
1526 2911 1879 2972 incruentum
1912 2919 2102 2976 suavis

2207 2923 2308 2984 τὰς
2341 2920 2631 2984 είδωλικὰς
2663 2918 2882 2984 θυσίας,
2909 2921 3005 2973 καὶ
3036 2919 3157 2972 ἀντὶ⁵
3189 2919 3416 2972 ἐκείνων
3445 2919 3785 2988 παραγαγεῖν

519 3001 859 3070 fragrantia,
894 3001 1210 3060 introducet
1266 3008 1637 3076 sacriﬁcium;
1677 3026 1776 3065 nec
1796 3012 1941 3066 enim
1990 3011 2102 3078 jam

2207 3014 2307 3084 τὴν
2329 3014 2670 3082 ἀναίμακτον
2704 3012 2800 3066 καὶ
2826 3011 3002 3082 εὐώδη
3025 3012 3236 3065 θυσίαν⁶
3264 3011 3386 3064 οὐδὲ
3409 3013 3518 3080 γὰρ
3551 3011 3785 3065 κνισσῶν

519 3092 757 3162 amplius
788 3102 874 3149 est
905 3094 1063 3150 nidor
1081 3097 1370 3152 odorarius
1403 3100 1454 3153 in
1486 3100 1794 3159 sacriﬁciis.
1826 3103 1893 3156 Et
1919 3113 2106 3175 guttur

2209 3105 2289 3159 ἔτι
2323 3105 2594 3175 δσφρησις
2651 3105 2710 3157 ὲν
2749 3093 2870 3167 ταῖς
2902 3101 3140 3166 θυσίαις.
3191 3105 3304 3156 Καὶ
3343 3105 3375 3157 ὁ
3398 3102 3633 3171 λάρυγξ
3669 3116 3785 3156 σου

520 3197 673 3240 tuum
706 3188 838 3240 sicut
866 3188 1044 3241 vinum
1073 3190 1298 3254 bonum;
1327 3190 1503 3257 idest,
1535 3195 1610 3248 Ex
1641 3203 1692 3250 te
1717 3208 1798 3252 est
1825 3198 1948 3253 vita:
1985 3199 2132 3265 dul-,

2173 3258 2174 3275 χ
2209 3199 2289 3266 ὡς
2321 3193 2485 3263 οἶνος
2514 3196 2758 3266 ἀγαθός·
2783 3197 3090 3260 τουτέστιν,
3114 3195 3142 3247 ὁ
3171 3197 3234 3248 ὲκ
3257 3193 3350 3247 σοῦ
3373 3193 3785 3263 ἀναϐλαστήσας

518 3279 656 3333 cedo
681 3280 1023 3335 'scaturiens.
1047 3281 1319 3352 Tanquam
1343 3286 1517 3339 uinum
1558 3288 1770 3353 bonum,
1804 3291 1944 3360 quod
1971 3303 2106 3347 recte

2213 3288 2534 3361 γλυκασμὸς
2589 3289 2688 3358 τῆς
2747 3285 2926 3358 ζωῆς,
2963 3287 3061 3354 Ὠς
3109 3283 3275 3352 οἷνός
3327 3286 3500 3339 ἐστιν
3543 3284 3784 3354 ἀγαθὸς,

517 3373 858 3443 progreditur
882 3375 1057 3443 nepoti
1081 3390 1215 3430 meo.
1248 3375 1549 3434 Salvatoris
1610 3396 1848 3452 namque
1878 3384 2108 3439 divinis-

2253 3383 2618 3452 ὀρευόμενος
2649 3379 2730 3446 τῷ
2776 3377 3082 3450 ἀδελφιδῷ
3127 3395 3248 3448 μου
3299 3380 3393 3445 είς
3446 3379 3784 3444 εὐθύτητα’
3861 3393 3865 3396 '

518 3468 721 3522 simum
776 3468 1101 3538 sanguinem
1158 3483 1258 3538 pro
1315 3469 1499 3533 nobis,
1532 3480 1586 3526 et
1621 3488 1719 3542 pro
1742 3474 1930 3530 multis
1971 3476 2108 3532 etfu-

2267 3502 2271 3525 ›
2300 3478 2407 3546 γὰρ
2440 3474 2534 3528 τοῦ
2569 3474 2823 3543 Σωτῆρος
2845 3471 3126 3526 θειότατον
3152 3465 3314 3544 αἷμα,
3371 3471 3431 3523 τὸ
3461 3469 3601 3539 ὑπὲρ
3633 3469 3786 3540 ἡμῶν
3874 3488 3879 3492 ·

517 3575 662 3624 sum,
689 3574 786 3630 per
810 3559 998 3615 vinum
1055 3568 1200 3616 recte
1228 3563 1581 3630 progrediens
1618 3565 1779 3621 uohis
1810 3567 2110 3636 apertissi-

2211 3568 2306 3622 καὶ
2331 3566 2542 3620 πολλῶν
2561 3563 2947 3635 ἐκχυνόμενον,
2965 3563 3054 3616 διὰ
3071 3563 3165 3615 τοῦ
3187 3561 3624 3633 ἐκπορευομένου
3643 3561 3783 3612 οίνου

516 3666 608 3707 me
639 3651 987 3721 signiﬁcavit.
1028 3653 1504 3708 Accommodatum
1539 3656 1724 3723 labiis,
1750 3667 1798 3711 et
1831 3659 2106 3726 dentibus;

2212 3661 2290 3724 εἰς
2327 3659 2604 3727 εὐθύτητα
2639 3657 2959 3724 σαφέστατα
2992 3656 3124 3724 ἡμῖν
3157 3654 3485 3724 δεδήλωκεν.
3518 3652 3783 3708 Ἰιισνού-

515 3754 706 3816 utpote
739 3754 1035 3816 penetrans
1068 3747 1314 3817 adusque
1345 3747 1631 3816 medullas,
1662 3758 1718 3803 et
1740 3762 1901 3818 ossa;
1936 3751 2107 3807 divini

2205 3771 2396 3825 μενος
2434 3753 2694 3821 χείλεσι,
2737 3751 2839 3804 καὶ
2876 3744 3150 3804 ὀδοῦσιν·
3183 3749 3305 3801 ἀντὶ
3340 3748 3435 3802 τοῦ
3481 3745 3785 3814 διικνούμε-

517 3853 760 3910 namque
812 3838 992 3912 poculi
1025 3840 1282 3909 sumptio,
1338 3841 1404 3895 iis
1451 3842 1544 3912 qui
1597 3841 1760 3912 digne
1815 3843 2106 3909 accedunt,

2211 3865 2300 3910 vo;
2350 3848 2514 3917 μέχρι
2557 3842 2771 3914 μυελῶν
2821 3841 2918 3895 καὶ
2969 3841 3198 3896 ὀστέων.
3242 3840 3317 3893 Τὸ
3352 3838 3460 3910 γὰρ
3509 3837 3606 3908 τῆς
3636 3835 3782 3899 θείας

517 3949 740 3990 omnem
775 3949 968 3989 eorum
994 3933 1266 3988 exhilarat
1298 3949 1548 3990 sensum.
1576 3933 1673 3990 Vel
1704 3934 1869 3989 etiam
1897 3937 2109 3990 suavis-

2213 3938 2574 4010 μεταλήψεως
2597 3935 2860 4005 θεουργδν
2885 3933 3146 4004 ποτήριον
3168 3934 3280 3999 τοῖς
3309 3931 3474 3998 ἀξίως
3499 3926 3785 3999 προσιοῦσι

516 4031 660 4083 sima
693 4043 816 4096 quae
869 4043 936 4083 ex
991 4028 1230 4097 Virginis
1271 4038 1494 4097 gutture
1537 4037 1864 4097 promuntur
1917 4030 2105 4094 verba,

2211 4033 2394 4086 πᾶσαν
2427 4030 2717 4101 εὐφραίνει
2741 4030 2840 4101 τὴν
2872 4028 3082 4081 τούτων
3111 4025 3388 4096 αῐσθησιν.
3417 4022 3482 4077 Ἢ
3511 4019 3692 4075 καὶτὰ
3721 4021 3785 4071 ὲκ

517 4132 778 4190 tanquam
812 4118 996 4173 viuum
1031 4119 1233 4173 bonum
1278 4119 1587 4175 exhilarant
1613 4135 1708 4174 cor
1743 4121 2106 4187 credentium,

2211 4124 2304 4178 τοῦ
2340 4124 2617 4194 λάρυγγος
2647 4124 2818 4193 αὐτῆς
2851 4121 3049 4192 ἥδιστα
3083 4119 3341 4190 ῥήματα,
3373 4115 3447 4179 ὡς
3473 4109 3615 4176 οἶνος
3646 4113 3785 4178 ἀγα-

519 4215 810 4268 incarnato
843 4223 914 4266 ex
949 4211 1064 4281 ipsa
1094 4211 1188 4267 Dei
1215 4211 1380 4266 Filio.

2211 4219 2324 4285 θὸς,
2358 4219 2716 4290 εὐφραίνουσι
2741 4219 2841 4288 τὴν
2875 4215 3106 4285 καρδίαν
3139 4211 3588 4268 πεπιστευκότων
3621 4207 3698 4278 τῷ
3725 4206 3785 4273 ἐξ

870 4314 875 4319 ’
2213 4309 2385 4379 αὐτῆς
2419 4307 2761 4379 σαρκωθὲντι
2785 4305 2901 4376 Υἱῷ
2926 4304 3020 4358 τοῦ
3045 4302 3204 4357 Θεοῦ.

1212 4392 1413 4452 CANT.

2879 4395 3128 4470 τᾼεΜΑ.
3675 4453 3685 4462 .

594 4494 682 4551 10.
719 4489 829 4562 Ego
862 4490 1037 4559 nepoti
1080 4506 1222 4545 meo:
1272 4500 1320 4544 et
1353 4492 1406 4543 in
1438 4506 1516 4545 me
1555 4491 1671 4560 ejus
1701 4499 1778 4546 est
1809 4492 2101 4546 conversio.

2294 4495 2443 4565 Ἐγὼ
2479 4493 2559 4560 τῷ
2601 4490 2908 4562 ἀδελφιδῷ
2934 4508 3054 4560 μου
3077 4507 3092 4523 ·
3131 4489 3230 4543 καὶ
3281 4486 3374 4541 ἐπ’
3427 4484 3531 4556 ἐμὲ
3579 4483 3617 4552 ἡ
3653 4482 3785 4537 ἐπι-

1824 4642 1830 4646 .
2133 4567 2188 4629 Β
2216 4588 2454 4659 στροφὴ
2487 4586 2702 4642 αὐτοῦ.

1160 4672 1473 4728 SCIIOLIA.
2709 4676 2712 4680 '

2709 4676 2712 4680 ’
2875 4674 3153 4729 ΣΧΟΛΙΑ.

591 4768 913 4841 Complexio
949 4782 1014 4822 ex
1057 4775 1212 4837 parte
1246 4767 1524 4822 cantionis
1570 4756 1677 4822 est.
1714 4765 1846 4838 Ego,
1906 4765 2128 4837 inquit,_

2299 4769 2588 4834 Ἀπόθεσις
2611 4768 2712 4839 τῆς
2743 4768 2884 4822 κατὰ
2915 4765 3074 4819 τοῦτο
3106 4765 3165 4815 τὸ
3217 4763 3385 4832 μέρος
3419 4764 3578 4836 ᾠδῆς.
3611 4759 3781 4830 Ἐγὼ.

521 4880 633 4918 meo
668 4861 865 4931 nepoti,
891 4869 942 4914 et
981 4859 1032 4912 in
1068 4875 1148 4912 me
1205 4857 1316 4927 ejus
1341 4868 1415 4912 est
1450 4859 1752 4926 conversio;
1787 4875 1850 4913 ac
1884 4859 1930 4914 si
1956 4859 2104 4914 dice-

2213 4867 2369 4937 cp'qc‘t,
2404 4865 2484 4931 τῷ
2509 4860 2816 4931 ἀδελφιδῷ
2833 4845 2974 4930 μου,
2998 4859 3092 4912 καί
3127 4856 3221 4910 ἐπ’
3250 4856 3360 4926 ἐμὲ
3388 4857 3426 4924 ὴ
3451 4853 3781 4922 ἐπιστροφὴ

521 4953 788 5023 rct:Ego
835 4952 891 5005 in
937 4950 1296 5021 purissimum
1338 4950 1385 5004 ei
1422 4950 1736 5006 vehiculum
1791 4966 1877 5005 me
1923 4951 2100 5020 ipsam

2209 4959 2433 5015 αὐτοῦ·
2471 4957 2592 5012 ἀντὶ
2640 4955 2758 5020 τοῦ,
2807 4951 2948 5022 Ἐγὼ
3000 4953 3080 5014 είς
3136 4949 3529 5020 καθαρώτατον
3578 4948 3786 5016 οἴκημα

521 5044 808 5112 composui
839 5052 895 5099 et
914 5058 1079 5112 super
1108 5057 1194 5096 me
1245 5041 1366 5112 ejus
1399 5051 1485 5098 est
1522 5044 1816 5098 conversio
1843 5061 1856 5108 ;
1895 5058 1992 5113 per
2023 5041 2110 5097 είς

2210 5052 2453 5124 ἐμαυτὴν
2475 5048 2655 5120 τούτῳ
2691 5044 3110 5116 παρεσκεύασα,
3167 5042 3263 5097 καὶ
3311 5042 3400 5097 ἐπ’
3450 5042 3550 5112 ἐμὲ
3598 5041 3630 5112 ἡ
3668 5042 3788 5092 ὲπι-

519 5139 724 5195 [υοιυοι
757 5137 1020 5191 nimirum
1055 5135 1298 5203 ﬁlialem,
1328 5135 1472 5192 facta
1501 5137 1672 5193 estad
1702 5152 1788 5192 me
1822 5135 2112 5193 conversio

2213 5145 2422 5218 στροφὴ
2453 5142 2856 5205 αὐτοῦ.ιἭτοι,
2886 5142 2918 5210 ἡ
2959 5140 3103 5192 κατὰ
3135 5138 3382 5192 διάθεσιν
3433 5135 3614 5206 υἱικὴν
3645 5149 3789 5202 γινο-

525 5232 723 5303 ipsius.

2218 5236 2358 5307 μένη
2396 5234 2530 5304 πρὸς
2566 5232 2635 5304 μὶ
2661 5230 2968 5300 ἐπιστροφὴ
3007 5229 3201 5283 αὐτοῦ.

419 5309 432 5318 ’
1211 5322 1416 5378 CANT.

2250 5387 2252 5389 ν
2891 5318 3132 5394 *ᾼΣΜΑ.

595 5417 784 5472 11-15.
813 5415 965 5483 Veni,
994 5432 1150 5486 nepos
1177 5419 1270 5482 mi,
1295 5433 1542 5472 exeamus
1565 5417 1616 5471 in
1641 5433 1852 5488 agrum,
1881 5432 2111 5470 commo-

2297 5417 2491 5482 Ἐλθὲ,
2546 5414 2835 5486 ἀδελφιδέ
2858 5431 2978 5484 μου
3004 5430 3017 5444 ο
3053 5413 3391 5482 ἐξέλθωμεν
3445 5413 3534 5476 εὶς
3564 5406 3749 5477 ἀγρόν
3774 5421 3787 5436 ·

520 5509 767 5562 remurin
798 5509 960 5563 villis.
1001 5509 1156 5562 Mane
1173 5526 1456 5580 surgamus
1490 5511 1557 5564 ad
1577 5512 1754 5565 vineas
1782 5529 1800 5577 ;
1830 5511 2104 5564 videamus

2211 5511 2599 5580 αὐλισθῶμεν
2618 5509 2686 5562 ἐν
2712 5509 2954 5576 κώμαις.
2979 5507 3382 5578 Ὀρθρίσωμεν
3411 5506 3500 5570 είς
3517 5503 3715 5571 ἀμπελ
3733 5501 3793 5550 ἶ)-

526 5601 573 5654 si
606 5601 850 5671 ﬂoruerit
889 5602 1063 5658 vinea.
1097 5601 1308 5657 Floruit
1345 5620 1579 5674 germen,
1637 5599 2107 5673 ﬂoruerunﬂnala

2210 5621 2342 5671 νας·
2381 5603 2602 5672 ἴδωμεν
2651 5603 2704 5655 εί
2750 5600 3022 5669 ἤνθησεν
3061 5603 3099 5669 ἡ
3147 5599 3440 5669 ἄμπελος.
3495 5598 3795 5660 Ἦνθησεν

524 5694 740 5762 punica,
759 5695 872 5750 illic
889 5697 1025 5750 dabo
1050 5698 1208 5752 ubera
1236 5715 1348 5752 mea
1382 5700 1500 5755 tibi.
1537 5696 1918 5769 Maudragorce
1948 5697 2108 5751 delle-

2210 5699 2243 5751 ὁ
2270 5693 2633 5764 κυπρισμός·
2667 5691 2950 5760 ἤνθησαν
2975 5691 3035 5744 al
3064 5689 3225 5759 ῥοαί.
3254 5686 3416 5742 Ἐκεῖ
3445 5683 3616 5738 δώσω
3646 5676 3795 5744 τοὺς

598 5883 646 5918 ⁸³
696 5883 842 5940 Psal.
884 5896 995 5947 λοι,
1030 5880 1116 5935 15.
