4082 6466
387 462 527 525 1οἷ3

1408 464 1814 529 COMMENT.
1841 465 1924 526 IN
1966 467 2294 531 CANTICA
2337 469 2630 536 CANTIC.

3485 466 3620 532 107!

371 575 644 645 μαστούς
663 591 782 642 μου
803 574 923 628 σοί.
946 578 1010 630 Ol
1026 576 1436 646 μανδραγόραι
1463 577 1698 645 ἔδωκαν
1717 579 1936 649 ὀσμήν.

2049 591 2176 637 runt
2195 583 2435 651 odorem,
2463 593 2512 638 et
2545 585 2605 654 ia
2621 584 2786 654 portis
2807 583 3002 637 nostris
3031 583 3209 637 omnia
3237 583 3504 652 fructuum
3537 600 3625 654 ge-

377 665 476 718 και
506 665 606 718 ἐπὶ
651 665 856 731 θύραις
907 665 1081 733 ἡμῶν
1124 667 1321 721 πάντα
1368 668 1443 720 τὰ
1496 667 1802 734 ἀκρόδρυα
1840 668 1951 722 νέα

375 755 526 823 πρὸς
559 753 807 818 παλαιὰ,
834 753 1121 825 ἀδελφιδέ
1139 766 1286 824 μου,
1318 756 1589 828 ἐτήρησά
1620 772 1742 815 σοι.

613 872 616 875 κ
1022 849 1300 902 ΣΧΟΛῙΛ.
1420 867 1425 872 ·

378 936 397 947 ⁸
457 934 544 999 Ὠς
579 936 688 989 ἀπὸ
717 937 814 1002 τῆς
845 937 1124 1008 Παρθένου
1151 941 1244 992 καὶ
1276 935 1435 1006 αὖθις
1465 940 1563 1012 τὴν
1604 942 1747 1014 ᾠδὴν
1776 943 1949 996 ποιεί·

375 1045 489 1093 ται,
521 1027 616 1082 καί
647 1046 833 1099 φησιν·
866 1030 1063 1099 Ἐλθέ,
1092 1033 1383 1102 ἀδελφιδέ
1403 1051 1548 1103 μου.
1588 1035 1820 1104 Ποίησον
1848 1034 1950 1104 τὴν

379 1117 574 1169 σαυτοῦ
610 1119 1021 1185 συγκατάὅασιν
1043 1137 1057 1152 ·
1089 1121 1429 1192 ἐξέλθωμεν
1455 1126 1542 1190 εις
1584 1125 1804 1192 ἀγρόν·
1856 1127 1950 1178 τὸν

378 1207 588 1274 κόσμον
639 1209 864 1280 δηλαδὴ,
917 1212 976 1265 ὃν
1028 1214 1057 1265 ὀ
1109 1215 1299 1286 Σωτὴρ
1347 1217 1694 1286 παραγέγονε
1755 1217 1948 1270 σῶσαι.

369 1298 761 1384 numerame,»
805 1302 877 1356 ἐν
908 1304 1154 1375 κώμαις·
1191 1307 1313 1361 ἀντὶ
1345 1307 1439 1361 τοῦ
1475 1309 1535 1360 ἐν
1567 1311 1688 1371 ταῖς
1733 1307 1949 1375 πόλεσι,

376 1391 497 1453 ταῖς
542 1391 603 1446 τὸ
665 1395 931 1465 κήρυγμα
993 1399 1488 1468 παραδεξαμέναις.
1553 1394 1952 1470 Ὀρθρίσωμέν

375 1483 464 1547 εις
494 1482 854 1552 ἀμπελῶνας
877 1503 891 1518 ο
929 1491 1007 1551 είς
1037 1489 1140 1552 τὰς
1186 1491 1456 1544 Ἰουδαίων
1488 1493 1812 1558 συναγωγὰς
1856 1491 1950 1560 δη-

376 1573 533 1644 λαδήο
569 1575 774 1647 ταύτην
799 1577 908 1648 γὰρ
956 1581 1052 1632 καὶ
1095 1580 1343 1647 Ἡσαΐας,
1385 1584 1413 1636 6
1445 1581 1710 1652 ἀμπελὼν
1743 1583 1949 1651 Κυρίου

375 1661 604 1716 Σαϐαὼθ
639 1660 788 1728 οἶκος
819 1668 913 1719 τοῦ
961 1669 1174 1738 Ἰσραήλ
1211 1674 1349 1734 ἐστι,
1393 1674 1752 1743 προείρηκεν.
1785 1675 1950 1729 Ἰδω-

369 1770 486 1821 μεν
518 1755 569 1808 si
600 1755 872 1824 ἤνθησεν
897 1759 936 1827 ἠ
964 1758 1254 1828 ἄμπελοςο
1281 1764 1468 1832 ἤγουν,
1501 1765 1534 1836 ἡ
1563 1765 1770 1819 τούτων
1827 1784 1952 1819 συν·

372 1847 586 1915 αγωγήο
606 1848 840 1919 ἦνθησεν
856 1853 885 1903 ὁ
901 1855 1238 1923 κυπρισμὸς,
1260 1855 1326 1909 ὲκ
1355 1856 1701 1927 παραλλήλου
1717 1857 1780 1912 τὸ
1796 1858 1948 1912 αὐτό·

2053 690 2181 730 nera
2215 683 2325 729 tum
2349 692 2504 741 nova,
2541 686 2650 731 tum
2673 689 2870 744 vetera,
2900 692 3056 746 nepos
3080 676 3173 744 mi,
3203 675 3402 730 servavi
3437 675 3553 732 tibi.

2674 860 2990 918 SCHOLIA.

2121 953 2402 1023 Tanquam
2455 969 2518 1009 ex
2584 952 2822 1024 Virginis
2861 965 3120 1023 persona,
3153 963 3346 1005 rursus
3406 962 3626 1018 quoque

2050 1045 2266 1101 orditur
2301 1057 2546 1106 cantum,
2582 1055 2636 1098 et
2684 1045 2814 1099 dicit
2848 1061 2863 1098 :
2915 1043 3060 1108 Veni,
3098 1058 3253 1110 nepos
3312 1038 3620 1119 mi.’Tuum

2051 1137 2138 1192 fac
2157 1138 2503 1193 descensum.
2539 1135 2808 1190 Exeamus
2841 1138 2898 1190 in
2933 1152 3142 1205 agrum,
3177 1135 3230 1189 in
3261 1135 3525 1187 mundum
3546 1132 3626 1187 vi-

2050 1228 2266 1290 delicet,
2314 1227 2380 1281 ad
2419 1242 2580 1297 quem
2635 1227 2882 1280 Salvator
2942 1227 3208 1290 accessit,
3253 1237 3313 1280 ut
3365 1227 3625 1278 salvaret.

2053 1321 2451 1375 Commoremur
2485 1321 2538 1372 in
2572 1319 2752 1383 villis;
2795 1319 2846 1371 id
2877 1327 2982 1382 est,
3011 1320 3064 1370 in
3116 1317 3430 1372 civitatibus
3485 1331 3624 1385 prae-

2050 1411 2270 1465 conium
2330 1408 2779 1477 suscipientibus.
2821 1406 2980 1462 Mane
3003 1425 3280 1477 surgamus
3307 1409 3374 1460 ad
3405 1409 3582 1461 vineas
3606 1423 3627 1469 ,'

2051 1502 2117 1557 ad
2145 1500 2456 1556 Judaeoium
2495 1500 2742 1554 videlicet
2793 1514 3140 1570 synagogas;
3201 1499 3413 1553 vineam
3469 1513 3626 1552 nam-

2049 1609 2158 1663 que
2214 1593 2422 1648 Domini
2472 1593 2754 1654 Sabaoth,
2816 1592 2935 1660 eius
2988 1592 3210 1646 domum
3267 1589 3431 1644 Israel
3504 1605 3627 1644 esse

2052 1686 2224 1741 Isaias
2291 1700 2509 1755 quoque
2583 1685 2870 1754 praedixit:
2938 1683 3223 1738 Videamus
3279 1684 3326 1737 si
3383 1683 3625 1742 floruerit

2051 1776 2200 1830 vinea
2235 1791 2504 1845 :germen
2565 1789 2824 1844 namque,
2885 1773 3100 1828 illorum
3159 1771 3626 1842 nimirum-Synar-

2051 1881 2212 1937 goga,
2270 1865 2488 1931 ﬂoruit;
2533 1867 2671 1920 idem
2729 1865 2875 1919 enim
2937 1864 3275 1934 signiﬁcant.
3314 1861 3451 1916 Nam
3509 1877 3626 1916 ma-

374 1939 688 2028 κυττρισμὸς
731 1940 840 2010 γὰρ
887 1945 916 1996 ὀ
966 1946 1266 2009 πεπανθεὶς
1298 1949 1398 2017 τῆς
1451 1949 1700 2018 ἀμπέλου
1749 1949 1936 2020 βότρυς

2052 1931 2207 2014 turus
2262 1959 2524 2028 germinis
2596 1958 2696 2014 llos
2736 1958 2948 2023 vineae,
2992 1931 3214 2012 —botrus
3267 1964 3374 2011 est.
3452 1954 3626 2008 Aliter

373 2027 542 2079 ἐστίν’
607 2030 699 2082 ἐπὶ
755 2033 853 2097 μὲν
902 2034 1001 2100 τῆς
1051 2040 1376 2106 συναγωγῆς
1406 2039 1514 2092 τῶν
1561 2041 1832 2094 Ἰουδαίων
1865 2043 1946 2095 δι-

372 2117 698 2179 στακτικῶς,
725 2122 793 2173 El
833 2121 1090 2190 ἤνθησε,
1141 2127 1338 2195 φησίν*
1373 2129 1430 2182 ὲν
1474 2130 1686 2192 τούτοις
1718 2131 1774 2184 δὲ
1808 2132 1948 2185 ἀποο

373 2210 671 2276 φαντικῶς,
693 2210 966 2277 ἤνθησεν
987 2217 1020 2268 ὁ
1042 2217 1402 2287 κυπρισμὸς,
1431 2222 1487 2273 ai
1511 2221 1569 2285 ἐξ
1589 2221 1761 2276 ἐθνῶν
1791 2223 1946 2293 δηλο-

284 2359 297 2371 .
372 2299 484 2351 νὸτι
518 2301 839 2371 Εκκλησίαι.
860 2307 1176 2375 Ἦνθησαν
1195 2312 1256 2363 al
1271 2311 1434 2379 ῥοαί.
1449 2312 1514 2364 Οἱ
1535 2312 1622 2366 διὰ
1641 2316 1942 2384 μαρτυρίου

369 2392 773 2459 τελειωθέντες,
807 2398 902 2450 καὶ
946 2399 1024 2469 τῷ
1055 2400 1268 2454 ἑαυτῶν
1302 2403 1671 2473 φοινιχθέντες
1719 2405 1938 2474 αἵματι.

380 2484 541 2539 Ἐκεῖ
581 2485 754 2538 δώσω
799 2487 942 2554 τοὺς
965 2492 1240 2559 μαστούς
1270 2494 1389 2560 μού
1434 2509 1536 2548 σοι
1570 2509 1587 2527 ·
1623 2496 1901 2550 τουτέστιν
1923 2536 1940 2561 ,

381 2577 471 2629 Ἐν
502 2577 674 2649 ταύτῃ
715 2582 783 2651 τῇ
831 2581 1128 2658 Ἐκκλησία
1159 2585 1191 2654 ή
1226 2584 1347 2638 θεία
1399 2601 1492 2640 σου
1528 2587 1942 2658 ὲνανθρώπησις

374 2670 765 2741 ὑμνηθήσεται,
798 2676 892 2728 καὶ
925 2677 1448 2749 ἐπαναπαυθήσεται
1494 2681 1555 2735 τὺ
1587 2681 1679 2736 σὺν
1716 2684 1776 2737 ὲν
1812 2686 1938 2753 ἐμοὶ

370 2760 561 2830 ὄνομα.
607 2765 672 2816 Ol
708 2765 1118 2835 μανδραγόραι
1168 2769 1402 2823 ἔδωκαν
1440 2771 1674 2840 ὀσμήνο
1707 2773 1940 2828 καὶτῶν

367 2851 424 2903 ὲν
469 2849 570 2923 ᾄδῃ
608 2857 844 2908 ποιεῖται
895 2860 1120 2928 μνήμην
1165 2860 1253 2914 διὰ
1290 2861 1494 2932 ταύτης
1545 2863 1646 2934 τῆς
1682 2863 1934 2935 βοτάνης,

365 2941 737 3014 ἀνθρωποειδῆ
773 2949 874 3017 τὴν
907 2947 1063 3018 ῥίζαν
1087 2951 1340 3022 ἐχούσης,
1371 2955 1466 3008 καὶ
1501 2956 1566 3025 τῇ
1603 2957 1672 3027 γῇ
1700 2973 1939 3011 κατακεο
1967 2989 1969 2994 ε

363 3033 675 3104 χωσμένην.
713 3037 945 3105 Ἥγουν,
985 3041 1192 3110 Καιρὸς
1217 3043 1341 3113 ἥκει
1370 3047 1497 3110 τοὺς
1526 3050 1936 3119 κατεχομένους

363 3121 441 3192 τῷ
471 3121 1017 3197 ᾂδῃ.ήλευθερῶσθαι
1062 3132 1156 3185 τοῦ
1187 3133 1466 3208 Σωτῆρος
1489 3138 1582 3192 καὶ
1620 3141 1781 3212 μέχρι
1812 3143 1936 3197 τού-ι

361 3229 472 3265 των
501 3215 586 3268 διὰ
623 3215 856 3272 θανάτου
907 3225 1372 3291 συγκαταῦἀντος.
1413 3230 1526 3284 Καὶ
1581 3233 1679 3286 ἐπὶ
1725 3236 1933 3304 θύραις

362 3306 534 3373 ἡμῶν
561 3307 759 3364 πάντα
786 3312 860 3366 τὰ
898 3313 1224 3384 ἀκρόδρυα.
1263 3320 1461 3389 Ἐγγύς
1483 3326 1598 3378 ἐστι
1629 3325 1872 3395 δηλονότι
1906 3332 1934 3383 ὁ

361 3399 554 3467 καιρὸς
597 3403 694 3471 τῆς
741 3404 1020 3475 σωτηρίας
1044 3422 1058 3437 ⁸
1094 3409 1170 3471 ὡς
1198 3409 1294 3463 καὶ
1335 3413 1500 3475 αὐτὸς
1529 3415 1556 3468 ὁ
1597 3416 1789 3487 Σωτὴρ
1821 3422 1936 3484 τοῖς

361 3490 635 3577 μαθηταῖς
667 3493 987 3561 ἐνετείλατο,
1033 3497 1230 3568 λέγων·
1264 3501 1454 3557 Ὅταν
1486 3504 1654 3574 ῖδητε
1681 3507 1795 3577 τὴν
1824 3527 1937 3567 συ-

357 3575 499 3644 κῆν,
524 3580 620 3633 καὶ
650 3581 846 3637 πάντα
876 3586 946 3639 τὰ
979 3586 1218 3656 δένδρα,
1255 3591 1345 3647 ὅτι
1387 3596 1444 3648 ol
1481 3596 1696 3652 κλάδοι
1735 3575 1937 3655 αὐτῶν

354 3666 645 3759 γένωνται
679 3673 922 3739 ἁπαλοὶ,
964 3678 1062 3730 καὶ
1095 3679 1167 3733 τὰ
1210 3683 1418 3749 φύλλα
1461 3685 1662 3740 αὐτῶν
1706 3688 1927 3759 ἐκφύῃ.

353 3756 535 3824 ἐγγύς
570 3760 740 3812 ἐστιν
770 3763 869 3816 ἐπὶ
901 3768 1126 3834 θύραις.
1151 3770 1272 3824 Νέα
1305 3773 1452 3838 πρὸς
1477 3775 1728 3840 παλαιὰ.
1753 3756 1930 3833 ἀδελ-

352 3849 489 3940 φιδέ
516 3868 654 3914 μου,
686 3853 954 3922 ἐτήρησὰ
984 3876 1105 3912 σοι·
1131 3853 1252 3914 ἀντὶ
1279 3865 1398 3928 τοῦ,
1422 3866 1529 3920 Καὶ
1561 3869 1669 3922 ἀπὸ
1699 3871 1792 3940 τῆς
1819 3891 1926 3926 πα-

2048 2063 2270 2117 quoque
2331 2048 2399 2103 de
2429 2048 2717 2120 Synagoga
2774 2047 2994 2117 quidem
3029 2045 3406 2101 haesitabdnde
3439 2043 3574 2100 dicit
3606 2060 3622 2098 :

2046 2137 2108 2194 Si
2131 2140 2398 2206 ﬂoruerit.
2463 2139 2539 2195 De
2563 2139 2774 2194 caeteris
2831 2154 2961 2194 vero
2987 2146 3366 2194 asseveranter
3394 2136 3620 2204 profert.

2048 2230 2260 2284 Flor-uit
2285 2247 2536 2300 germen;
2593 2229 2860 2296 Ecclesia,
2929 2229 3201 2294 videlicet,
3235 2243 3300 2282 ex
3342 2227 3618 2297 gentibus.
3655 2280 3666 2304 ,

2048 2321 2369 2376 Floruerunt
2411 2325 2555 2375 mala
2587 2325 2800 2389 punica.
2851 2321 2954 2388 Qui
2985 2336 3080 2392 per
3132 2320 3462 2390 martyrium
3495 2331 3623 2384 pcr-

2045 2411 2170 2469 t‘ecti
2204 2413 2400 2468 redditi
2429 2424 2576 2476 sunt,
2623 2413 2959 2485 proprioque
3017 2410 3305 2482 purpurati
3335 2407 3619 2480 sanguine.

2045 2503 2314 2574 Dabojibi
2361 2505 2473 2558 illic
2523 2506 2688 2559 ubera
2727 2519 2879 2566 utea;
2927 2503 2979 2558 id
3013 2513 3117 2570 est,
3155 2502 3208 2555 in
3231 2501 3343 2570 ipsa
3374 2497 3620 2554 Ecclesia

2041 2596 2302 2653 divinitas
2331 2606 2420 2652 tua
2447 2597 2828 2660 inhumanata,
2851 2593 3494 2658 laudibusceleln-abitur,
3523 2606 3622 2645 no-

2043 2703 2275 2758 menque
2302 2697 2452 2743 tuum
2485 2689 2794 2758 acquiescet
2821 2688 2877 2743 in
2907 2702 3016 2742 me.
3040 2685 3417 2755 Mandragorte
3459 2683 3620 2736 dede-

2041 2792 2162 2834 runt
2193 2781 2433 2848 odorem;
2461 2782 2676 2835 illorum
2707 2781 2892 2845 etiam,
2915 2779 3009 2850 qui
3045 2777 3113 2834 ad
3144 2777 3354 2832 inferos
3385 2776 3616 2832 descen-

2040 2871 2257 2934 derant,
2291 2871 2420 2927 facit
2472 2872 2572 2945 hi5
2606 2873 2960 2927 mentionem.
3006 2871 3110 2927 Per
3163 2870 3305 2923 hanc
3362 2867 3616 2930 herbam,

2037 2977 2160 3032 quae
2197 2962 2251 3017 in
2317 2964 2503 3018 radice
2556 2963 2852 3018 humanam
2909 2961 3081 3018 refert
3139 2961 3395 3022 formam,
3421 2973 3615 3028 quaeve

2039 3055 2248 3116 radices
2280 3054 2331 3109 in
2365 3062 2508 3110 terra
2539 3055 2786 3110 defossas
2822 3055 3006 3122 habet,
3049 3061 3264 3122 tempus
3302 3051 3494 3107 adesse
3526 3048 3608 3103 si-

2038 3147 2281 3218 gniﬁcat,
2319 3147 2374 3201 in
2438 3146 2643 3202 inferos
2680 3146 2955 3213 defossos,
3014 3143 3303 3208 liberandi,
3330 3141 3615 3197 Salvatore

1961 3271 2005 3329 ο
2037 3253 2307 3309 eousque
2355 3239 2518 3293 etiam
2584 3254 2679 3308 per
2734 3246 2963 3292 mortem
3022 3236 3410 3292 descendente.
3452 3231 3521 3286 Et
3555 3233 3610 3286 in

2035 3330 2203 3397 portis
2227 3329 2425 3383 nostris
2458 3330 2641 3383 omnia
2675 3327 2944 3396 fructuum
2980 3343 3198 3398 genera,
3225 3340 3394 3397 prope
3419 3324 3614 3378 videli-

2034 3429 2144 3483 cet,
2193 3427 2275 3474 est
2318 3427 2532 3489 tempus
2596 3419 2810 3475 salutis.
2870 3417 3343 3486 Quemadmodum
3392 3425 3446 3470 et
3495 3416 3616 3485 ipse

2037 3511 2285 3566 Salvator
2330 3511 2620 3582 discipulis
2670 3512 2722 3565 in
2777 3511 2920 3582 lege,
2966 3511 3142 3569 dixit;
3185 3509 3320 3564 Cum
3366 3509 3608 3563 videritis

2032 3608 2214 3678 ﬁcum,
2250 3617 2298 3662 et
2325 3622 2503 3660 omnes
2532 3605 2748 3658 arbores
2784 3621 2909 3660 suos
2957 3603 3310 3672 producentes
3335 3618 3512 3655 ramos
3538 3612 3614 3654 te-

1989 3740 1992 3742 η
2034 3715 2207 3763 neros,
2236 3715 2330 3752 nec
2375 3714 2476 3751 nou
2512 3706 2563 3750 et
2603 3698 2840 3764 ipsorum
2899 3696 3032 3764 [alia
3074 3705 3224 3757 nata,
3255 3681 3529 3761 prope'est
3555 3694 3612 3746 in

2025 3788 2206 3857 jauuis
2227 3790 2290 3843 ιδ.
2315 3817 2379 3827 -
2407 3787 2557 3842 Nova
2579 3799 2624 3841 et
2657 3798 2854 3853 vetera,
2891 3803 3046 3853 nepos
3069 3788 3159 3852 mi,
3179 3785 3382 3840 servavi
3399 3784 3514 3838 tibi.
3534 3784 3612 3835 Ac

2034 3879 2258 3947 perinde
2279 3878 2488 3933 diceret
2509 3882 2620 3932 tum
2641 3879 2806 3933 veteri
2835 3893 2899 3932 ex
2926 3877 3295 3936 Testamento.
3319 3875 3516 3929 multos
3545 3875 3613 3926 ti-
3683 3883 3691 3890 ‘

351 3939 512 4047 lata;
561 3943 838 4016 Διαθήκης
894 3948 1123 4014 πολλούς
1172 3969 1253 4005 σοι
1303 3957 1586 4026 προσῆξα,
1636 3939 1926 4034 τηρήσασα

2034 3973 2086 4029 bi
2117 3973 2337 4032 adduxi.
2375 3988 2470 4028 eos
2496 3989 2742 4036 servans,
2803 3972 2896 4038 qui
2926 3971 2992 4026 de
3017 3985 3104 4024 me
3127 3967 3408 4023 vaticinati
3443 3955 3607 4028 sunt;

347 4036 475 4132 τρῖλς
509 4036 634 4104 περὶ
663 4039 796 4106 ἐμοῦ
826 4046 1401 4114 προφητευσαμὲνους,
1445 4051 1539 4103 καὶ
1571 4053 1696 4114 τοὺς
1719 4055 1786 4108 ἐκ
1822 4055 1923 4127 τῆς

2034 4075 2140 4118 tum
2176 4078 2242 4116 ex
2277 4076 2656 4132 novoquoquc
2691 4063 2795 4116 hoc
2823 4067 3156 4116 testamento
3170 4072 3265 4128 per
3294 4070 3382 4112 me
3411 4069 3609 4126 quam-

346 4116 494 4183 Νέας
520 4125 728 4193 ταύτης
760 4127 1227 4199 ἀπειροπλασίους
1260 4137 1364 4203 σοὶ,
1394 4137 1464 4192 δι’
1487 4139 1590 4210 ἐμὲ
1626 4116 1919 4199 πεπιστεύξ

2034 4153 2294 4224 plurimos
2318 4153 2370 4206 in
2412 4163 2460 4208 te
2500 4153 2808 4222 credentes,
2845 4166 3012 4223 nepos
3047 4151 3144 4206 mi.

346 4213 531 4280 κὸτας,
569 4214 816 4286 ἀδελφιδέ
847 4237 971 4290 μου.

1741 4328 1973 4389 CAPUT
2002 4331 2143 4391 Vlll.

993 4407 1232 4486 ᾙΜΑ.
2707 4431 2914 4488 eam.

417 4498 526 4593 Τίς,
539 4497 657 4567 δῴη
696 4516 792 4568 σε,
820 4503 1108 4574 ἀδελφιδέ
1116 4527 1257 4577 μου,
1284 4513 1617 4582 θηλὰζοντα
1644 4521 1917 4588 μαστοὺς

2109 4526 2159 4590 Ι,
2192 4525 2247 4580 2.
2285 4525 2412 4591 Quis
2445 4527 2527 4580 det
2562 4535 2631 4590 te,
2677 4541 2837 4587 nepos
2872 4541 2966 4588 mt,
3005 4533 3109 4578 tuae
3135 4528 3404 4593 sttgenlent
3439 4523 3601 4578 ubera

335 4591 561 4659 μητρός
599 4609 751 4658 σου;
783 4597 1064 4664 Εὐροῦσά
1093 4617 1168 4655 σε
1225 4604 1361 4671 ἕξω,
1390 4611 1632 4677 φιλήσω
1679 4630 1774 4678 σε,
1821 4616 1924 4673 και

2034 4619 2216 4672 matris
2243 4621 2268 4673 ?
2301 4617 2576 4672 lnveuiens
2615 4627 2662 4669 te
2696 4617 2770 4685 for
2785 4617 2829 4670 is
2859 4597 3138 4669 osculabar
3167 4626 3233 4679 te,
3264 4624 3311 4668 et
3342 4632 3470 4668 sane
3499 4633 3605 4691 non

337 4699 406 4778 re
429 4686 541 4778 ουκ
579 4686 1067 4778 ἐξουδειηξώσουσί
1087 4710 1183 4760 με.
1216 4699 1662 4771 Παραλήψομαι
1689 4722 1786 4772 σε,
1818 4709 1917 4763 καὶ

2034 4709 2381 4777 ﬂoccifacient
2438 4725 2534 4762 me.
2579 4709 2976 4778 Apprehendam
3011 4715 3079 4772 te,
3111 4721 3160 4760 et
3183 4707 3521 4760 introducam
3553 4686 3603 4760 te

332 4776 556 4879 εἰσάξω
579 4795 653 4833 σε
674 4781 762 4846 εὶς
783 4777 950 4836 οἷκον
979 4755 1208 4852 μητρός
1234 4755 1372 4854 μᾶυ,
1410 4755 1508 4845 κὲἱι
1541 4755 1629 4860 εἰς
1672 4755 1917 4866 vage-io");

2034 4755 2377 4777 ,ηπ-,ηψπ
2438 4755 2534 4762 --η-
2579 4755 2974 4778 --ετ---η--π-ηη
3012 4755 3079 4772 --ν
3114 4755 3156 4760 ν
3556 4755 3597 4760 -ν

2034 4799 2071 4850 Γη
2103 4799 2314 4850 domum
2343 4800 2528 4850 matris
2555 4815 2700 4863 mete,
2731 4809 2779 4852 et
2808 4801 2859 4852 in
2903 4798 3091 4851 cellam
3118 4797 3254 4864 ejus,
3280 4814 3396 4866 qua:
3418 4815 3600 4852 conce-

331 4873 446 4935 τῆς
469 4873 910 4940 συλλαϐούσης
933 4877 1244 4942 με.Ποτιῶ
1300 4898 1376 4934 σε
1421 4885 1539 4938 ἀπὸ
1587 4888 1759 4943 οἴνου
1806 4890 1914 4946 τοῦ

2034 4892 2092 4943 iit
2110 4907 2208 4944 me.
2240 4890 2444 4945 Potabo
2505 4904 2552 4945 te
2582 4893 2701 4945 vino
2753 4891 2990 4957 condito,
3026 4891 3090 4946 de
3137 4891 3299 4945 latice
3329 4891 3596 4945 malorum

321 4964 688 5032 μυρεψικοῦ,
718 4966 840 5020 ἀπὸ
868 4965 1131 5036 νάματος
1157 4973 1322 5037 ῥοῶν
1345 4994 1486 5043 μου.

982 5049 1254 5117 ximam.

400 5149 512 5216 Τὴν
537 5149 630 5202 τοῦ
665 5153 917 5234 Σωτῆρος
969 5154 1383 5229 ὲνανθρώπησιν
1422 5161 1678 5232 διάφορον
1712 5167 1911 5234 uage).-

327 5236 438 5290 θὼν
469 5241 826 5312 ὰπροφῄτης,
869 5244 962 5297 καὶ
989 5245 1214 5316 ταύτην,
1245 5248 1320 5313 ὡς
1343 5251 1511 5317 είκὺς,
1557 5257 1902 5326 ἁνυμνήσας,

323 5331 423 5400 οὐχ
445 5326 608 5402 ἦττον
637 5336 730 5390 καὶ
760 5334 855 5388 νῦν
883 5337 950 5391 τὰ
979 5339 1116 5394 αὐτὰ
1174 5342 1338 5395 πάλιν
1379 5343 1619 5410 διέξεισι.
1671 5351 1780 5404 Καὶ
1817 5351 1906 5418 τίς

323 5420 446 5487 δῴη
481 5435 576 5488 σε,
606 5424 894 5493 ἀδελφιδέ
933 5446 1077 5496 μου,
1109 5430 1443 5496 θηλάζοντα
1473 5437 1750 5504 μαστοὺς
1793 5457 1910 5508 μη-

322 5509 466 5576 τρός
487 5526 642 5577 σου;
676 5516 858 5582 φησὶν,
892 5517 1013 5570 ἀντὶ
1035 5517 1152 5586 τοῦ,
1181 5520 1276 5583 Τίς
1301 5515 1454 5587 οὗτος
1483 5527 1672 5589 σκαιὸς
1721 5531 1812 5583 καὶ
1844 5531 1906 5583 ἁ-

326 5603 638 5672 παίδευτος,
666 5605 724 5670 ὃς
757 5609 836 5670 είς
868 5608 965 5679 τὴν
997 5611 1094 5680 σὴν
1144 5613 1580 5686 ὲνανθρώπησιν,
1617 5620 1758 5692 ὑπὲρ
1808 5623 1904 5690 τῆς

316 5696 418 5748 τοῦ
445 5697 652 5768 κόσμου
696 5703 968 5771 σωτηρίας
1009 5707 1402 5778 γεγενημένην,
1451 5711 1804 5783 βλασφήμους
1833 5715 1902 5770 ἂν

316 5786 547 5858 ἀποδοίη
591 5789 824 5859 λόγους;
883 5794 1166 5862 Εὑροῦσά
1213 5816 1287 5853 σε
1309 5800 1445 5871 ἔξω,
1512 5802 1754 5874 φιλήσω
1805 5823 1899 5862 σε*

397 5907 442 5941 ⁸⁸
470 5907 658 5965 Matth.
691 5926 838 5979 xx",
874 5911 960 5980 52,
993 5911 1080 5968 3'5.

2012 4983 2320 5050 punitorum
2351 5000 2605 5037 meorum.

2291 5127 2294 5130 .
2643 5072 2958 5129 SCHOLIA.

2083 5165 2383 5220 Salvatoris
2405 5165 2716 5236 praestantia
2760 5165 2814 5221 in
2844 5167 3094 5224 humanis
3123 5178 3374 5222 enarrata
3406 5183 3436 5222 a
3469 5183 3594 5238 pro-

2014 5256 2195 5326 pheta,
2229 5256 2457 5327 ipsaque
2505 5258 2901 5324 incarnatione,
2962 5267 3022 5313 ut
3058 5274 3154 5327 par
3181 5268 3287 5326 est,
3325 5260 3582 5316 laudibus

2014 5348 2310 5413 celebrata,
2342 5365 2449 5403 non
2487 5351 2668 5405 minus
2704 5350 2792 5402 hic
2824 5366 3045 5421 quoque
3067 5351 3255 5406 eadem
3285 5368 3474 5407 rursus
3504 5369 3589 5407 rc-

2015 5446 2222 5500 censet,
2254 5452 2317 5493 ac
2347 5438 2479 5492 dicit
2516 5455 2529 5492 :
2563 5439 2694 5503 Quis
2727 5437 2815 5492 det
2845 5449 3096 5506 te,nepos
3133 5440 3224 5500 mi.
3251 5452 3354 5493 tua:
3395 5455 3588 5509 sugen-

2015 5539 2115 5583 tem
2148 5527 2309 5582 ubera
2341 5530 2526 5583 matris
2549 5531 2574 5582 ?
2602 5532 2677 5582 Ac
2705 5532 2749 5584 si
2786 5531 3144 5600 expostulans
3168 5532 3417 5586 diceret:
3453 5531 3587 5596 Quis

2013 5622 2148 5673 adeo
2185 5621 2380 5676 nebulo
2442 5629 2548 5686 est,
2582 5629 2635 5675 et
2672 5622 2984 5692 imperitus,
3019 5622 3108 5691 qui
3146 5633 3290 5674 tuam
3325 5621 3586 5675 incarna-

2013 5717 2237 5779 tionem,
2288 5730 2390 5784 pro
2417 5714 2601 5768 mundi
2635 5714 2811 5769 salute.
2849 5714 3072 5776 factum,
3133 5713 3468 5783 blasphemis
3498 5714 3582 5766 in-

2013 5807 2207 5865 sectari
2247 5808 2444 5879 poterit
2497 5806 2710 5864 verbis?
2743 5805 3017 5862 Inveniens
3053 5816 3099 5859 te
3125 5804 3255 5874 [oris
3301 5804 3582 5860 osculabar
