4082 6452
351 383 489 453 1077

1375 385 1777 450 COMMENT.
1817 389 1901 450 IN
1942 388 2273 451 CANTICA
2317 390 2616 451 CANTIC.

3468 391 3610 459 1078

347 502 843 576 ἒπιστηριζομένην
871 520 930 558 τε
958 504 1044 557 ἐπ’
1084 502 1265 558 αὐτόν.
1323 501 1467 556 Ὑπὸ
1517 503 1724 574 μῆλον
1766 504 1910 574 ἐξή-

2044 507 2206 560 ννὸονε
2230 506 2459 561 excitavi
2492 514 2582 570 te;
2611 518 2709 576 pro
2736 518 2803 561 eo
2836 504 2983 575 quod
3016 514 3129 574 est,
3151 505 3359 563 idcirco
3384 523 3452 564 ex
3473 510 3620 565 lum"

348 596 515 666 Τειρὰ
551 612 625 651 σε
652 612 667 628 ·
698 596 820 650 ἀντὶ
848 595 966 660 τοῦ,
1029 594 1109 648 Δι’
1160 595 1294 649 αύτδ
1336 595 1496 649 τοῦτο
1543 596 1608 649 ὲκ
1645 596 1745 666 τῆς
1795 596 1937 667 ἐμῆς

348 689 549 759 ὀσφύος
576 688 880 758 γεγέννηκά
907 705 988 749 σε,
1026 688 1110 743 ἵνα
1134 688 1191 741 τὸ
1218 690 1316 757 τῆς
1348 686 1494 759 ζωῆς
1544 687 1787 760 ἀνθήσῃς
1829 689 1933 759 μῆ·

349 782 462 838 λον.
503 781 670 836 Ἐκεῖ
701 780 967 848 ὠδίνησέ
1010 797 1086 834 σε
1120 781 1158 850 ἡ
1198 779 1460 835 τεκοῦσά
1501 797 1574 835 σε
1598 796 1612 811 ’
1652 783 1792 851 ἦτοι,
1848 781 1937 835 διὰ

351 874 450 944 τὴν
472 874 643 938 αὐτὴν
675 872 876 927 αἰτίαν.
914 873 1023 940 Θές
1047 890 1122 943 με
1175 874 1255 939 ὡς
1304 872 1608 943 σφραγῖδα
1667 873 1766 926 ἐπὶ
1825 872 1938 942 τὴν

355 963 607 1032 καρδίαν
653 978 793 1020 σου.
819 963 1131 1031 Τουτέστιν,
1164 966 1287 1019 Εῐοε
1314 965 1704 1032 άνεξάλειπτον
1756 965 1935 1029 άγοις,

357 1059 455 1119 ἐμὲ
486 1059 790 1128 κατέχουσα
822 1060 880 1111 ἐν
907 1062 973 1129 τῇ
1040 1059 1239 1131 καρδίᾳ
1298 1076 1415 1112 σου.
1483 1059 1581 1123 Ὠς
1636 1056 1938 1128 σφραγῖδα

356 1147 454 1203 ἐπὶ
486 1150 595 1204 τὸν
626 1149 932 1218 βραχίονά
971 1166 1089 1205 σου
1116 1166 1129 1181 ·
1175 1153 1232 1204 ὲν
1261 1153 1329 1223 τῇ
1361 1151 1587 1220 δυνάμει
1638 1166 1752 1214 σου,
1784 1150 1940 1217 δηλο-

357 1243 493 1305 νότι,
528 1241 631 1314 ἐμὲ
677 1243 1001 1312 συνέχουσα,
1055 1244 1218 1298 οἱονεί
1255 1262 1309 1298 τι
1350 1243 1443 1297 σὺν
1499 1230 1939 1314 ἐσφραγισμένοι

358 1333 655 1403 πρόϐατον.
727 1336 858 1389 Ὀτι
914 1335 1163 1401 separaret
1219 1337 1299 1402 ὠς
1382 1336 1637 1402 θάνατος
1691 1332 1894 1402 ἀγάπη
1920 1349 1935 1365 ο

357 1424 548 1495 ἤγουν,
582 1423 647 1477 Ἦ
689 1422 756 1496 σὴ
784 1425 919 1497 πρὸς
979 1425 1082 1495 ἐμὲ
1148 1426 1341 1496 ἀγάπη
1408 1425 1776 1494 κραταιοτέρα
1824 1422 1940 1476 ἐστὶ

354 1519 451 1573 καὶ
471 1517 725 1573 θανάτου.
769 1518 979 1589 Ὠσπερ
1018 1519 1124 1590 γὰρ
1176 1518 1225 1572 οἱ
1256 1522 1337 1579 εἰς
1396 1517 1530 1589 ᾅδην
1596 1515 1941 1585 πεμφθέντες

258 1624 269 1635 ·
356 1609 417 1662 οὐ
445 1609 646 1679 ῥᾳδίως
669 1609 1105 1674 παλινοστοῦοιν,
1136 1609 1273 1665 ἀλλὰ
1332 1608 1605 1680 κραταιῶς
1640 1607 1770 1676 παρ’
1799 1607 1942 1661 ἐκει-

357 1716 450 1753 νου
479 1702 840 1772 κατέχονται·
874 1700 1019 1755 οὕτω
1052 1701 1300 1772 δηλονότι
1332 1706 1428 1754 καὶ
1463 1702 1499 1771 ἡ
1549 1698 1617 1771 σὴ
1655 1698 1793 1770 πρὸς
1840 1699 1943 1770 ἐμὲ

354 1791 542 1860 ἀγάπη
574 1792 856 1862 κραταιῶς
890 1793 1107 1861 συνέχει
1169 1791 1360 1861 ὥσπερ
1420 1790 1673 1852 θάνατος.
1700 1790 1771 1842 Ἢ
1817 1790 1933 1855 καὶ,

356 1880 462 1937 Τοῦ
495 1877 728 1938 θανάτου
771 1900 837 1954 με
867 1883 1168 1953 ἐξαρπάζει
1195 1883 1332 1954 πρὸς
1362 1882 1557 1954 ἀγήρω
1600 1878 1746 1952 ζωὴν
1801 1882 1940 1933 ἔπαιε

355 1977 615 2046 νὰγουσα.
647 1977 920 2046 Σκληρός
957 1978 1040 2042 ὡς
1096 1977 1245 2045 ᾅδης
1308 1973 1523 2043 ζῆλος-⁸
1564 1976 1591 2029 ὁ
1639 1975 1696 2027 δὲ
1752 1971 1933 2045 ζῆλος,

355 2073 477 2125 ἀντὶ
506 2070 621 2135 τοῦ,
659 2071 693 2140 ἢ
722 2071 1041 2141 ἀποστροφή
1076 2087 1171 2123 σου
1207 2069 1300 2122 καὶ
1344 2069 1405 2122 τὸ
1465 2050 1766 2137 νεμεσῆσαι
1821 2068 1935 2129 τοῖς

355 2164 534 2232 ὲμοίς,
564 2161 797 2234 σκληρὸν
820 2155 1075 2234 ὗπάρχει.
1124 2162 1221 2228 Ὠς
1271 2162 1442 2230 ᾅδης,
1479 2162 1619 2235 ἦτοι,
1676 2159 1735 2215 τὸ
1768 2159 1940 2232 χείριο

358 2270 482 2310 στον
506 2254 601 2308 καὶ
630 2252 1036 2311 ὲπωδυνότατον
1063 2256 1302 2326 ὑπάρχει
1336 2271 1462 2325 μου.
1527 2246 1538 2257 ’

1028 2342 1273 2418 τᾼΣΜΑ.

430 2439 758 2507 Περὶπτερα
796 2440 988 2508 αὐτῆς
1004 2428 1331 2509 περίπτερα
1357 2440 1548 2508 πυρὸς
1579 2441 1803 2510 φλόγες
1832 2441 1939 2493 αὐ·-

358 2529 488 2599 τῆς.
521 2529 717 2597 Ὕδωρ
746 2530 907 2586 πολὺ
943 2532 1016 2584 οὑ
1051 2530 1381 2600 δυνήσεται
1415 2532 1631 2586 σϐέσαι
1657 2518 1772 2599 sint:
1796 2530 1940 2601 ἀγά-

363 2635 486 2686 πην
509 2636 524 2652 ο
554 2620 651 2673 καὶ
674 2620 923 2688 ποταμοὶ
944 2621 1016 2674 οὐ
1036 2623 1522 2688 συγκλείσουσιν
1542 2620 1759 2691 αὐτὴν.
1805 2620 1940 2675 Ἐὰν

364 2711 448 2776 δῷ
485 2712 636 2780 ἀνὴρ
660 2715 770 2766 τὸν
806 2710 1005 2766 πάντα
1036 2712 1182 2777 βίον
1214 2714 1403 2768 αὐτοῦ
1463 2714 1534 2767 ἐν
1589 2713 1662 2784 τῇ
1714 2714 1936 2785 ἀγάπῃ,

361 2800 752 2867 ἐξουδενὼσει
788 2799 1317 2866 ἐξουδενώσουσιν
1338 2801 1546 2856 αὐτόν.

1013 2894 1286 2949 ΣΧΟΛῙΛ.

430 2987 542 3041 Καὶ
569 2987 626 3040 ἐν
658 2988 872 3050 τούτοις
897 2986 958 3040 τδ
979 2986 1181 3056 ὑψηλὸν
1206 2986 1300 3039 καὶ
1336 2986 1611 3060 μετέωρον
1678 2987 1778 3060 τῆς
1839 3006 1943 3043 πα-

364 3077 630 3149 ναμώμου
663 3078 1249 3147 Παρθένουίδείκνυσιν
1278 3080 1305 3131 ὀ
1341 3079 1634 3152 Προφήτης
1660 3096 1674 3114 ο
1706 3081 1802 3134 καὶ
1839 3080 1937 3152 οὐχ

2039 598 2123 653 bis
2170 598 2307 653 meis
2343 584 2389 652 te
2414 598 2603 668 gettui,
2634 606 2695 653 ut
2724 599 2848 653 vitae
2876 613 3098 669 pomum
3135 602 3494 672 produceres.
3525 604 3616 660 Ibi

2037 692 2234 761 peperit
2276 702 2325 744 te
2378 699 2543 744 mater
2607 700 2736 757 tua;
2800 699 3023 762 propter
3051 694 3301 747 eamdem
3351 693 3615 750 nimirum

2038 797 2283 836 causam.
2329 780 2471 835 Pone
2507 799 2586 836 me
2636 783 2711 836 uti
2740 782 3099 852 signaculum,
3140 800 3298 854 super
3330 795 3617 851 cortuum,

2040 874 2091 926 id
2118 880 2241 929 est:
2275 871 2492 926 Utinam
2546 873 2620 927 ita
2658 889 2808 942 agas,
2844 885 2902 929 ut
2933 874 3215 930 indelebili
3255 875 3420 929 modo
3449 890 3534 929 me
3561 877 3614 928 in

2041 971 2135 1017 tuo
2210 961 2453 1017 detineas
2504 962 2689 1017 corde.
2738 961 2888 1017 Sicut
2945 965 3278 1035 signaculum
3311 981 3467 1034 super
3500 964 3623 1019 bra-

2040 1053 2216 1109 chium
2245 1067 2417 1121 tuum,
2451 1057 2504 1110 in
2541 1067 2629 1111 tua
2654 1057 2908 1113 videlicet
2933 1060 3173 1129 potentia
3201 1072 3286 1113 me
3311 1058 3617 1126 contineas,

2040 1161 2150 1200 non
2184 1162 2345 1202 secus
2383 1163 2449 1202 ac
2480 1154 2650 1203 unum
2695 1149 2912 1221 aliquod
2952 1166 3017 1206 ex
3046 1152 3273 1223 signatis
3314 1153 3423 1208 tuis
3450 1167 3619 1221 pecu-

2039 1235 2224 1293 dibus.
2259 1238 2399 1306 Quia
2428 1247 2607 1307 potens
2635 1251 2709 1293 est
2745 1251 2803 1294 ut
2835 1258 2974 1295 mors
3022 1242 3273 1298 dilectio:
3299 1241 3452 1298 Tuus
3471 1242 3620 1300 vidc-

2002 1394 2010 1401 _
2041 1329 2171 1386 licet
2198 1333 2255 1385 in
2291 1346 2378 1385 me
2406 1340 2608 1396 ‘amor,
2643 1340 2817 1387 morte
2839 1333 3005 1387 etiam
3043 1334 3157 1403 ipsa
3193 1335 3468 1405 potentior
3497 1346 3618 1413 est;

2041 1421 2507 1491 quemadmodum
2533 1422 2680 1477 enim
2723 1423 2817 1493 qui
2854 1423 2908 1476 in
2950 1423 3166 1479 inferna
3215 1435 3344 1480 sunt
3371 1426 3618 1492 demissi,

2040 1514 2187 1569 haud
2214 1513 2372 1569 facile
2395 1524 2764 1576 revertuntur,
2796 1516 2890 1570 sed
2923 1531 3118 1585 magna
3142 1517 3192 1569 vi
3224 1526 3378 1571 arcte
3400 1517 3620 1572 stricte-

2042 1623 2152 1678 que
2210 1614 2355 1679 apud
2423 1609 2630 1665 inferos
2664 1610 3017 1665 detinentur:
3060 1613 3142 1667 sic
3189 1611 3471 1677 nimirum,
3527 1621 3623 1667 tua

2012 1715 2262 1773 quoque
2284 1703 2338 1773 in
2380 1716 2468 1756 me
2499 1701 2740 1766 dilectio,
2785 1718 2893 1757 non
2947 1717 3111 1759 secus
3143 1717 3207 1759 ac
3238 1718 3387 1759 mors
3427 1719 3623 1772 magna
3720 1710 3725 1717 ‘

1965 1837 2014 1898 B

2043 1811 2131 1850 me
2158 1795 2207 1850 ri
2239 1807 2388 1849 arcte
2414 1795 2682 1850 continet.
2712 1794 2805 1851 Vel
2832 1802 3037 1850 etiam:
3068 1796 3110 1850 Α
3145 1806 3322 1851 morte
3355 1810 3443 1851 me
3473 1797 3624 1851 abri-

2044 1888 2180 1958 pias,
2225 1887 2291 1942 ad
2328 1887 2494 1945 vitam
2521 1886 2800 1944 deducens
2845 1889 3246 1959 incorruptam.
3275 1889 3456 1943 Durus
3481 1891 3622 1946 sicut

2040 1980 2279 2049 infernus
2310 1979 2495 2044 zelus;
2530 1980 2682 2035 zelus
2712 1994 2861 2044 vero,
2895 1981 2951 2035 id
2985 1993 3093 2043 θοι.
3124 1988 3176 2035 te
3207 1996 3236 2034 a
3269 1996 3390 2037 meo
3421 1997 3618 2037 averso

2039 2070 2263 2141 populo,
2301 2071 2463 2139 eique
2488 2080 2847 2126 succensente
2876 2072 3012 2127 dura
3038 2087 3128 2127 res
3152 2080 3255 2128 est.
3289 2070 3625 2141 Sicutinfer-

2040 2179 2176 2226 nus;
2242 2162 2515 2227 videlicet,
2583 2164 2913 2233 gravissima
2976 2179 3068 2233 res
3100 2172 3208 2231 est,
3237 2175 3293 2220 et
3319 2180 3619 2230 summum,

2040 2252 2431 2325 ingentemque
2458 2254 2592 2317 mihi
2624 2254 2890 2321 dolorem,
2915 2254 3093 2319 aliert.

2724 2343 2930 2399 CANT.

2111 2435 2164 2503 6,
2194 2436 2251 2490 7.
2284 2435 2473 2493 Pinna:
2501 2437 2665 2507 ipsius
2697 2454 2815 2507 qua:
2840 2438 2891 2490 in
2916 2438 3092 2492 orbem
3121 2448 3266 2501 sunt,
3296 2440 3627 2508 pinnteiguis

2039 2527 2270 2596 ﬂamma:
2290 2522 2427 2600 ejus.
2455 2531 2607 2600 Aqua
2627 2530 2794 2584 multa
2825 2547 2927 2584 non
2953 2532 3146 2599 poterit
3175 2533 3507 2604 exstinguere
3534 2532 3624 2587 di-

2043 2621 2336 2688 lectionem,
2375 2631 2426 2676 et
2463 2622 2688 2689 ﬂumina
2726 2639 2825 2677 non
2852 2623 3166 2679 Concludent
3201 2641 3364 2692 eam;
3397 2626 3443 2677 si
3467 2625 3624 2679 dede-

2044 2713 2111 2767 rit
2143 2714 2225 2768 vir
2252 2729 2457 2768 omnem
2490 2731 2639 2789 suam
2666 2716 2835 2770 vitam
2885 2732 2981 2786 pro
3014 2717 3315 2783 dilectione,
3360 2716 3515 2770 illum
3539 2718 3627 2773 ni-

2020 2805 2141 2859 Jtili
2167 2807 2417 2875 pendent.
2454 2872 2459 2875 _

2628 2899 2633 2905 ’
2672 2898 2985 2956 SCilOLlA.
3134 2956 3139 2960 .

2115 2985 2171 3043 in
2213 2988 2298 3045 his
2358 3006 2579 3060 quoque
2604 2992 2923 3054 sublimem,
2955 2992 3274 3064 celsamque
3325 2992 3623 3064 inculpatae

2044 3081 2283 3153 Virginis
2357 3084 2757 3151 prmstantiam,
2787 3084 3050 3155 propheta
3107 3086 3490 3154 demonstrat;
3524 3102 3627 3144 uec

362 3170 553 3235 ἁπλῶς
585 3172 749 3241 μέχρι
780 3171 924 3233 τινὸς
950 3171 1165 3225 ἵσταται
1192 3185 1205 3200 °
1239 3170 1376 3224 ἀλλὰ
1407 3172 1502 3227 καὶ
1528 3172 1635 3226 τῶν
1694 3173 1941 3244 Σεραφὶμ

2050 3172 2368 3242 simpliciter
2400 3173 2451 3227 in
2505 3174 2692 3244 aliquo
2725 3176 2958 3245 quodam
2998 3173 3140 3244 loco,
3167 3191 3286 3231 eam
3316 3171 3626 3245 constituit,

362 3262 638 3322 δείκνυσιν
662 3262 833 3334 αὐτὴν
865 3262 1173 3331 ἁγιωτέραν
1206 3277 1221 3291 ο
1263 3264 1360 3314 καί
1395 3278 1536 3333 φησι
1568 3279 1584 3294 ο
1612 3264 1944 3332 Ιΐεριπτερα

362 3353 567 3422 αὐτῆς.
605 3354 929 3422 περίπτερα
979 3351 1171 3419 πυρὸς
1221 3352 1445 3421 φλόγες
1474 3368 1490 3385 ’
1520 3354 1640 3407 ἀντὶ
1696 3353 1813 3417 τοῦ,
1882 3352 1945 3407 Ἦ

362 3444 567 3517 ταύτης
595 3444 922 3514 δωροφορῐα,
996 3443 1092 3496 καὶ
1131 3443 1507 3514 προσκύνησις
1537 3459 1553 3475 ⁶
1608 3443 1783 3496 ταῦτα
1837 3443 1947 3514 γάρ

362 3537 536 3605 αὐτῆς
568 3537 637 3590 τὰ
661 3537 971 3607 περίπτερα
1009 3535 1183 3615 πυρὸς
1239 3536 1438 3606 φλόγες
1493 3535 1631 3589 εἰσιν
1657 3551 1671 3566 ο
1721 3535 1944 3602 ὡσανεὶ,

363 3629 412 3681 εἰ
456 3628 662 3695 ἔλεγεν,
729 3628 1091 3698 Ἐπικάθηται
1146 3628 1256 3681 τῶν
1305 3628 1573 3698 Σεραφὶμ,
1626 3627 1721 3683 καὶ
1765 3628 1946 3682 αὐτῶν

364 3717 473 3771 τῶν
507 3718 828 3788 ύπερτάτων
862 3721 1017 3788 νύων,
1071 3720 1359 3787 ὲγκὸλπιον
1408 3720 1650 3791 φέρουσα
1712 3720 1805 3774 τὸν
1844 3721 1948 3789 An-

368 3811 650 3880 μιουργδν,
680 3811 775 3863 καὶ
804 3811 1045 3881 κτίστην
1072 3811 1166 3864 τοῦ
1194 3812 1418 3874 παντός.
1451 3810 1636 3881 ’Υὸωρ
1675 3811 1833 3866 πολὺ
1873 3812 1946 3866 οὐ

362 3902 691 3971 δυνήσεται
716 3900 931 3956 σϐέσαι
972 3900 1090 3971 τὴν
1142 3901 1407 3971 ἀγάπην.
1460 3903 1639 3969 Ἤτοι,
1697 3903 1798 3973 τῆς
1856 3903 1949 3959 tua

363 3994 458 4048 καὶ
496 3994 614 4064 θεῷ
644 3994 1120 4064 δορυφορουμένης
1158 3992 1263 4046 ὑπὸ
1315 3993 1425 4049 τῶν
1487 3993 1946 4065 λειτουργούντων

363 4085 512 4155 αύτῷ
548 4104 560 4117 ·
594 4085 739 4139 οὗτοι
764 4087 872 4156 γὰρ
907 4085 973 4140 ἂν
1012 4080 1121 4139 εἷεν
1147 4085 1236 4139 καὶ
1299 4086 1471 4154 πυρὸς
1534 4086 1749 4155 φλόγες,
1804 4087 1879 4150 ὠς
1916 4085 1946 4138 ὁ

363 4179 530 4232 Δαὸἱδ
589 4195 753 4249 φησιν
782 4194 797 4209 ο
842 4178 907 4231 '0
955 4175 1142 4233 ποιῶν
1213 4175 1357 4242 τοὺς
1400 4177 1699 4247 ἀγγέλους
1757 4178 1945 4234 αὐτοῦ

363 4271 698 4338 πνεύματα,
733 4268 1028 4336 καὶιτοὺς
1065 4270 1455 4340 λειτουργοὺς
1488 4270 1698 4335 αυτοῦ,
1756 4270 1947 4339 πυρὸς

361 4366 584 4434 φλόγα.
652 4364 764 4432 Τὴν
823 4362 920 4416 οὖν
977 4361 1202 4430 ἀγάπην
1241 4362 1443 4432 ταύτην
1493 4364 1568 4417 οὑ
1617 4361 1947 4429 δυνήσεται

362 4454 582 4508 σϐέσαι
624 4452 782 4522 ὕδωρ
821 4454 983 4508 πολύ
1008 4470 1024 4487 °
1061 4454 1361 4520 τουτέστιν,
1420 4457 1477 4511 αἱ
1504 4455 1741 4510 ἐναντίαι
1764 4456 1942 4512 ’δυνά-

364 4562 512 4616 μεις.
546 4546 607 4598 El
632 4546 742 4616 γὰρ
770 4529 818 4599 οἳ
859 4545 939 4613 τῷ
970 4545 1091 4616 Θεῷ
1116 4545 1558 4618 λειτουργοῦντες
1611 4550 1782 4620 πυρός
1833 4551 1942 4604 εἰσι

363 4641 582 4710 φλόγες,
641 4640 691 4692 οἱ
748 4639 1115 4708 ἀντικείμενοι
1166 4639 1245 4709 τῷ
1299 4640 1491 4693 τούτου
1553 4642 1941 4712 προστάγματι

361 4730 508 4801 ὕδωρ
529 4730 596 4783 ἂν
625 4724 738 4782 εἶεν
760 4726 985 4790 τούτους
1014 4745 1029 4756 '
1059 4727 1154 4780 καὶ
1185 4730 1212 4781 ὁ
1243 4728 1410 4781 Δαὸὶδ
1459 4730 1602 4800 ὕδωρ
1635 4732 1943 4785 ἀνυπόστα-

358 4838 453 4877 τον
481 4819 657 4882 καλεῖ,
687 4818 764 4883 ὥς
798 4834 966 4889 φησν
1003 4820 1153 4887 Ἀρα
1178 4818 1430 4887 διῆλθεν
1460 4820 1499 4889 ἡ
1548 4823 1720 4892 ψυχὴ
1775 4824 1945 4893 ἡμῶν

304 4916 313 4921 ’
358 4912 430 4966 τὸ
462 4911 621 4980 ὕδωρ
652 4910 720 4964 τὸ
746 4911 1197 4966 ἀνυπόστατον.
1226 4910 1336 4965 Καὶ
1371 4912 1624 4984 ποταμοὶ
1663 4917 1734 4969 οὐ
1793 4932 1941 4988 συγ-

360 5004 726 5058 κλείσουσιν
754 4999 972 5067 αὐτήν.
1007 5000 1125 5055 Κᾶν
1157 5001 1467 5074 ῥᾳδιουργοί
1496 5019 1641 5067 τινες
1673 4989 1773 5058 ὦσι
1797 5006 1954 5077 δηλο-

362 5097 498 5162 νότι,
527 5095 623 5150 καὶ
654 5094 900 5166 σφοδρῶς
929 5095 1064 5165 ἡμῖν
1095 5095 1490 5166 ἐπιτιθέμενοι,
1538 5098 1588 5150 οι
1650 5098 1751 5168 τῆς
1801 5098 1949 5169 ζωῆς

362 5188 522 5257 ἡμῶν
548 5187 834 5242 ἀντίπαλοι
865 5187 1136 5258 δαίμονες.
1173 5186 1357 5251 Οὕτως
1373 5170 1634 5261 ἐάλωδτῆς
1680 5192 1818 5260 πρὸς
1846 5191 1949 5263 τὴν

363 5278 639 5350 Παρθένον
676 5282 901 5354 ἀγάπης
943 5282 999 5335 ὁ¹
1043 5283 1359 5355 Προφήτης,
1418 5284 1514 5338 καὶ
1557 5282 1729 5350 οὕτως
1775 5284 1943 5356 αὐτὴν

364 5373 613 5442 ἠγάσατο
639 5390 653 5406 ο
687 5373 984 5427 καὶταῦτα
1047 5378 1188 5446 μετὰ
1236 5375 1504 5440 τοσαύτας
1544 5376 1693 5447 αὑτῷ
1749 5376 1942 5445 γενεάς

363 5461 593 5532 ὕστερον
616 5464 1077 5534 προσδοκωμένην
1105 5465 1274 5537 αὐτὴν
1339 5466 1721 5537 τεχθήσεσθαι.
1801 5467 1943 5522 Ἐὰν

360 5552 449 5619 δῷ
481 5554 637 5623 ἀνὴρ
660 5555 766 5609 τὸν
797 5556 995 5611 πάντα
1045 5558 1194 5622 ,ϐίον
1230 5559 1421 5613 αὐτοῦ
1486 5558 1555 5612 ἐν
1607 5557 1682 5627 τῇ
1738 5560 1941 5631 ἀγάπῃ

361 5647 763 5712 ἐξουδενώσει
796 5636 1321 5717 ἑξουδενώῖουσιν
1348 5653 1558 5708 αὐτόν.
1622 5653 1769 5707 ’Δντὶ
1821 5654 1938 5724 τοῦ,

440 5820 647 5878 “Psal.
671 5838 784 5892 cut,
826 5825 879 5879 4.
958 5826 999 5856 "
1023 5824 1167 5883 Psai.
1193 5838 1383 5895 cum,
1417 5829 1471 5885 5.

2049 3263 2142 3318 sed
2176 3261 2496 3329 Seraphinis
2521 3269 2850 3322 sanctiorem
2874 3283 2995 3329 esse
3024 3268 3365 3337 pronuntiat,
3390 3269 3622 3326 etdicit:

2050 3353 2236 3411 Pinna:
2261 3374 2374 3428 qum
2391 3359 2554 3427 ipsius
2580 3344 2834 3414 in‘orbem
2856 3369 2998 3427 sunt,
3021 3361 3199 3430 pinna:
3216 3361 3450 3432 ﬂaminia
3467 3363 3624 3432 ignis.

2047 3447 2125 3503 Ac
2153 3448 2200 3505 si
2233 3447 2465 3504 diceret:
2503 3450 2857 3517 Satellitium,
2913 3454 3061 3523 quod
3124 3470 3246 3509 eam
3309 3459 3620 3522 comitatur,

2047 3551 2101 3594 et
2121 3541 2339 3609 cultus;
2401 3542 2485 3597 lite
2523 3558 2759 3614 namque
2795 3544 2971 3615 pinna:
3015 3554 3145 3601 sunt
3189 3547 3303 3615 ejus
3362 3548 3417 3601 in
3448 3550 3625 3601 orbem

2047 3632 2279 3700 ﬂammae
2322 3635 2482 3704 ignis.
2524 3634 2757 3691 Perinde
2789 3652 2853 3691 ac
2886 3637 3114 3701 diceret,
3149 3636 3304 3693 Sedit
3333 3653 3496 3708 super
3528 3640 3629 3693 Se-

2050 3725 2284 3793 raphin»,
2317 3735 2371 3780 et
2400 3742 2563 3796 super
2597 3727 2744 3800 ipsas
2795 3742 3085 3809 supremas
3114 3729 3530 3799 intelligentias,
3568 3730 3626 3787 in

2050 3818 2172 3873 sinu
2197 3816 2379 3874 ferens
2402 3818 2677 3888 opiﬁcem,
2719 3827 2773 3874 et
2797 3819 3137 3877 conditorem
3167 3820 3437 3901 universi.
3467 3822 3626 3891 Aqua

2049 3908 2216 3963 multa
2241 3911 2564 3985 nonxpoterit
2597 3911 2927 3981 exstinguere
2956 3911 3313 3967 dilectionem.
3339 3913 3623 3983 Tanquam

2047 3999 2243 4069 aequali
2305 4017 2430 4056 cum
2463 4001 2576 4057 Deo
2604 4001 2862 4058 satellitio
2903 4004 3133 4077 stipata,
3169 4003 3238 4059 ab
3263 4002 3507 4072 ejusdem
3533 4006 3627 4059 ni-

2047 4093 2247 4147 mirum
2282 4092 2456 4162 ipsius
2490 4092 2884 4150 ministristti
2911 4111 3018 4150 non
3056 4105 3181 4152 sunt
3205 4096 3434 4152 flamma:
3459 4099 3622 4169 ignis,

2046 4185 2506 4253 quemadmodum
2570 4186 2742 4241 David
2772 4202 2991 4259 quoque
3021 4189 3155 4245 dicit
3177 4208 3201 4245 τι
3236 4190 3341 4256 Qui
3364 4191 3499 4257 facit
3524 4210 3628 4247 an-

2046 4274 2189 4344 gelos
2247 4291 2394 4341 suos,
2447 4279 2690 4345 spiritus.
2754 4278 2823 4334 Et
2873 4283 3145 4337 ministros
3169 4300 3314 4349 suos,
3348 4285 3627 4354 ﬂammam
3664 4310 3681 4329 κ

2047 4367 2182 4440 ignis
2209 4367 2277 4423 ¹⁶.
2306 4368 2459 4425 lianc
2494 4371 2664 4441 igitur
2702 4372 2821 4443 ejus
2883 4374 3235 4431 dilectionem
3290 4394 3391 4433 non
3432 4382 3624 4447 poterit
3662 4408 3665 4415 ι

2048 4460 2380 4545 exstinguere
2413 4479 2552 4533 aqua
2580 4464 2751 4519 multa
2772 4482 2795 4533 ;
2819 4465 2921 4522 hoc
2958 4478 3043 4523 est
3071 4470 3359 4524 contraria?
3384 4481 3625 4540 potesta-

2050 4561 2146 4610 tes.
2186 4553 2245 4609 Si
2278 4554 2426 4609 euim
2469 4553 2563 4610 Dei
2598 4556 2836 4612 ministri
2882 4556 3115 4612 ﬂammae
3161 4570 3287 4615 sunt
3334 4562 3497 4632 ignis,
3525 4565 3623 4634 qui

2050 4642 2145 4699 Dei
2197 4645 2561 4700 adversantur
2616 4647 2868 4719 imperio,
2897 4664 3035 4720 aqua
3060 4650 3167 4705 dici
3204 4662 3450 4722 possunt,
3481 4670 3623 4724 quos

2050 4749 2182 4790 sane
2203 4737 2551 4792 adversarios
2577 4754 2774 4809 aquam
2806 4736 3206 4799 intolerabilem
3236 4744 3410 4801 David
3442 4760 3623 4813 vocat,

2054 4843 2178 4883 cum
2241 4829 2417 4884 dicit:
2486 4830 2747 4887 Forsitan
2807 4837 3392 4904 pertransissetan‘ima
3441 4853 3629 4897 nostra

2050 4935 2247 4988 aquam
2309 4921 2696 4978 intolerabilem
2736 4923 2798 4980 ".
2831 4926 2897 4979 Et
2931 4926 3156 4994 [lumina
3175 4945 3278 4983 non
3312 4932 3627 4989 concludens

2049 5014 2239 5082 ipsam.
2292 5011 2445 5068 Licet
2477 5015 2775 5074 facinerosi
2812 5018 3000 5082 utique
3033 5029 3087 5074 et
3138 5029 3476 5081 veteratores
3506 5027 3631 5096 qui-

2050 5100 2175 5157 dam
2208 5103 2340 5163 sint.
2389 5116 2445 5159 et
2473 5106 2630 5162 valde
2657 5107 2819 5164 nobis
2852 5108 3209 5177 insidientur,
3258 5107 3492 5185 vitaeque
3529 5134 3630 5171 no-

2050 5207 2175 5252 strae
2237 5198 2600 5256 adversentur
2637 5201 2937 5258 daemones.
2994 5204 3146 5259 Adeo
3204 5204 3475 5276 Propheta
3511 5220 3629 5266 erat

2048 5286 2293 5359 Virginis
2346 5306 2532 5347 amore
2567 5306 2782 5363 captus,
2810 5294 2999 5364 sicque
3029 5298 3204 5368 ipsam
3237 5300 3624 5357 venerabatur.

2048 5378 2215 5449 quue
2235 5393 2360 5434 cum
2394 5390 2519 5450 post
2563 5382 2879 5438 innumeras
2908 5385 2975 5439 ab
3011 5384 3126 5454 ipso
3152 5387 3366 5441 futuras
3402 5404 3628 5458 genera-

2049 5470 2252 5536 tiones,
2304 5474 2581 5528 nascitura
2632 5483 3050 5544 exspectaretur
3109 5475 3299 5547 Virgo.
3331 5477 3390 5531 Si
3419 5478 3625 5533 dederit

2047 5562 2137 5616 υἷι-⁷
2151 5578 2304 5616 suam
2335 5580 2539 5617 onmem
2575 5568 2736 5619 vitam
2766 5566 3195 5636 pro‘dilectione,
3233 5565 3369 5621 nihil
3390 5570 3627 5636 'pendent

2048 5655 2244 5720 illum;
2270 5657 2372 5713 hoc
2405 5666 2510 5723 est,
2546 5669 2673 5714 sunt
2698 5661 2836 5715 adeo
2857 5662 3270 5716 cacodzcmoncs
3303 5659 3495 5725 invidi,
3523 5659 3625 5713 lto-
