4082 6442
501 409 652 494 107i

1668 415 2036 477 ΜΑΤΤΗᾸΞΙ
2070 411 2609 475 CANTACUZENI

3633 408 3772 476 1080

512 546 837 612 minumque
894 554 1108 603 osores,
1152 547 1205 592 et
1254 537 1394 606 legis
1461 534 1668 589 amoris
1726 543 2100 604 repugnantes

2211 529 2392 592 Οὕτως
2422 529 2564 582 εἰσὶν
2594 527 2642 581 οἱ
2669 525 2922 597 δαίμονες
2953 525 3225 596 φθενεροῖ,
3249 523 3342 579 καὶ
3382 525 3783 598 μισάνθρωποιν

514 639 726 702 hostes,
766 643 828 689 ut
857 634 904 688 si
926 633 1009 686 vir
1041 631 1218 701 egerit
1253 644 1408 686 suam
1465 617 1893 682 omnem‘vitam
1929 625 1981 679 in
2023 625 2104 679 di-

513 727 773 790 lccdone,
803 723 980 792 ipsum
1007 721 1379 791 despicantes,
1407 721 1462 774 in
1484 718 1713 773 nihilum
1737 716 1988 788 redigere
2009 730 2102 772 co-

513 829 734 876 nentur.

1232 902 1434 958 CANT.

513 1057 516 1060 ,
580 998 696 1062 8,9.
731 997 900 1054 Soror
917 1007 1100 1052 nostra
1124 1012 1289 1066 parva
1319 1005 1419 1060 est,
1444 1003 1520 1045 et.
1551 991 1712 1046 ubera
1753 1006 1860 1043 non
1901 988 2051 1042 habet
2081 1005 2100 1053 ;

510 1093 639 1162 quid
668 1093 923 1160 faciemus
947 1092 1119 1145 sorori
1145 1101 1343 1145 nostris
1396 1089 1452 1141 in
1484 1086 1588 1149 die,
1645 1100 1750 1154 qua
1771 1098 1941 1142 sermo
2002 1083 2101 1136 erit

511 1184 582 1236 ad
609 1185 778 1252 ipsam
821 1183 845 1236 1’
875 1180 937 1236 Si
970 1197 1155 1234 murus
1179 1190 1281 1246 est,
1316 1177 1701 1246 a'di/icabimus
1728 1191 1884 1244 super
1930 1175 2103 1244 ipsum

509 1275 911 1346 propugnacula
941 1282 1191 1343 argentea
1221 1288 1240 1336 ;
1268 1283 1315 1324 et
1357 1272 1402 1324 si
1424 1281 1576 1340 porta
1612 1281 1710 1333 est,
1735 1269 2099 1338 impingemus,

509 1373 564 1423 iu
593 1371 754 1437 ipsam
785 1366 1022 1421 tabulam
1043 1365 1337 1419 cedrinam.

1149 1543 1466 1601 SCIlOlJA.

591 1639 760 1706 Quasi
788 1655 852 1692 ex
882 1638 989 1691 alio
1022 1639 1283 1694 interciso
1316 1649 1480 1693 cantu
1529 1639 1810 1693 exorditur
1847 1656 1858 1691 :
1895 1647 1946 1691 et
1987 1645 2104 1691 tan-

515 1748 682 1802 quam
716 1731 782 1786 ad
814 1729 1112 1800 prophetia:
1153 1728 1316 1784 linem
1363 1729 1650 1795 accedens,
1701 1728 1834 1784 dicit
1867 1747 1881 1783 :
1938 1727 2105 1783 Soror

2208 617 2304 671 καὶ
2326 617 2404 688 τῷ
2431 615 2620 688 θεσμῷ
2652 617 2751 686 τῆς
2803 617 3025 686 ἀγάπης
3085 616 3618 688 ἀντικαθιστάμενοι,
3675 621 3778 682 ﬁt.

2205 709 2302 764 ἐὰν
2340 709 2415 780 δῷ
2443 710 2583 781 ἀνὴρ
2617 709 2710 763 τὸν
2741 711 2918 763 πάντα
2945 710 3062 778 βίον
3125 709 3292 763 αὑτοῦ
3321 703 3378 766 ὲν
3436 713 3502 783 τῇ
3567 713 3780 782 ἀγάπῃ,

2207 798 2557 872 ἑξουδενὼσει
2589 799 3041 869 ὲξουδενὼσουσιν
3069 799 3255 854 αὐτόν.

2874 885 3117 964 *ᾼΣΜΑ.

2301 986 2373 1038 Ἦ
2419 983 2658 1054 ἀδελφὴ
2709 981 2883 1054 ἡμῶν·
2922 985 3109 1054 μικρὰ
3137 1024 3153 1051 ,
3195 985 3296 1041 καὶ
3344 987 3619 1056 μαστοὺς
3665 990 3779 1044 οὐκ

2207 1077 2352 1144 ἔχει·
2387 1079 2446 1131 τί
2490 1075 2828 1146 ποιήσομεν
2871 1077 2949 1146 τῇ
2991 1077 3232 1148 ἀδελφῇ
3261 1078 3431 1148 ἡμῶν
3468 1079 3540 1133 ἐν
3568 1079 3776 1149 ἡμέρᾳ,

2205 1165 2246 1242 ᾖ
2299 1166 2377 1224 ἂν
2408 1167 2651 1237 λαληθῇ
2693 1168 2764 1222 ἐν
2807 1167 2964 1237 αὑτῇ
2990 1186 3010 1234 ;
3057 1171 3126 1224 Ei
3160 1170 3358 1238 τεῖχός
3385 1170 3592 1236 ἐστιν,
3622 1175 3777 1227 οικο-

2207 1262 2558 1332 δομήσομεν
2599 1262 2692 1316 ἐπ’
2717 1261 2917 1330 αὐτὴν
2964 1262 3252 1330 ἐπάλξεις
3283 1264 3572 1335 ἀργυρᾶς·
3603 1265 3699 1319 καὶ
3727 1267 3779 1319 ει

2208 1356 2359 1422 θύρα
2404 1353 2562 1418 ἐστὶ,
2615 1354 3032 1425 διαγρὰψομεν
3064 1355 3380 1426 ἐπάὺτὴν
3422 1357 3643 1412 σανίδα
3683 1375 3775 1412 xs-

2205 1447 2443 1516 δρίνην.

2868 1539 3145 1595 ΣΧΟΛΙΔ.

2289 1625 2378 1690 Ὠς
2409 1626 2470 1694 ἐξ
2504 1627 2673 1698 ἄλλης
2723 1629 3036 1699 περικοπῆς
3067 1629 3169 1699 τῆς
3214 1628 3357 1702 ᾠδῆς
3389 1629 3643 1702 ἄρχεταιο
3677 1629 3770 1685 καὶ

2205 1722 2267 1774 τὸ
2309 1720 2486 1792 πέρας
2541 1720 2646 1789 τῆς
2688 1723 3032 1792 προφητείας
3081 1721 3273 1794 ὥσπερ
3306 1723 3769 1793 ἐπαναλαμϐἀνων

515 1835 698 1880 nostra
726 1841 888 1894 parva
927 1833 1026 1889 est,
1061 1831 1112 1878 et
1138 1823 1301 1876 ubera
1324 1837 1427 1875 non
1458 1821 1648 1887 habet;
1679 1835 1818 1892 quzr,
1853 1835 1873 1876 ς
1898 1821 2102 1876 ulclicet

2211 1808 2375 1878 φησιν
2400 1825 2414 1840 ’
2457 1810 2531 1864 Ἦ
2557 1811 2794 1882 ἀδελφὴ
2830 1811 3000 1882 ἡμῶν
3021 1813 3224 1883 μικρὰ,
3255 1815 3351 1869 καὶ
3370 1816 3625 1884 μαστοὺς
3647 1815 3762 1868 οὐκ

511 1933 580 1972 ex
621 1916 780 1972 Patre
809 1931 933 1972 meo
969 1915 1245 1970 nuscitura
1277 1923 1361 1969 est
1382 1913 1515 1969 ﬁlia.
1558 1912 1710 1969 Hanc
1733 1915 1880 1969 enim
1943 1929 2099 1968 suam

2211 1901 2353 1972 ἔχει.
2389 1903 2569 1969 Ἤτοι,
2618 1905 2652 1976 ἡ
2708 1909 2774 1959 ἐκ
2805 1905 2900 1959 τοῦ
2934 1909 3142 1978 πατρδς
3168 1907 3290 1978 ἐμοὶ
3329 1906 3762 1979 γεννηθησομινη

513 2019 672 2064 vocat
734 2022 1011 2063 sororem.
1077 2007 1250 2063 Parva
1307 2018 1407 2072 est,
1443 2017 1492 2061 et
1542 2008 1708 2061 ubera
1766 2022 1870 2060 non
1921 2005 2100 2071 habet,

517 2100 762 2155 nomium
785 2099 930 2154 enim
954 2099 1154 2154 idonea
1177 2097 1409 2163 scilicet,
1436 2106 1540 2163 est,
1566 2098 1630 2153 ad
1651 2097 2099 2166 concipiendum.

422 2209 438 2232 ο
515 2192 661 2257 Quid
685 2192 942 2260 faciemus
962 2193 1136 2246 sorori
1169 2202 1366 2246 nostra:
1394 2191 1449 2244 in
1497 2191 1604 2254 die,
1636 2207 1741 2260 qua
1790 2191 1890 2244 erit
1932 2205 2104 2243 sermo

419 2281 426 2287 ’
514 2283 586 2336 ad
615 2299 732 2337 eam
759 2283 998 2339 ?Sermo
1026 2283 1310 2348 nimirum,
1332 2280 1602 2337 Gabrielis
1622 2282 1819 2351 angeli.
1846 2281 1905 2337 Si
1923 2297 2104 2335 murus

514 2384 616 2442 est,
643 2376 1024 2447 mdiﬁcabimus
1048 2392 1206 2445 super
1225 2376 1390 2444 ipsam
1413 2375 1812 2446 propugnacula
1834 2386 2102 2446 argentea;

511 2467 622 2524 hoc
659 2480 746 2525 est
773 2487 785 2524 :
816 2467 872 2523 Si
907 2477 960 2522 et
987 2483 1152 2538 parva
1182 2477 1286 2532 est,
1320 2475 1376 2522 et
1421 2483 1530 2522 non
1587 2469 1786 2530 idonea
1809 2469 1874 2522 ad
1917 2469 2100 2523 conci-

512 2558 801 2631 piendum,
854 2563 1046 2614 saltem
1078 2558 1508 2614 accelerahimus
1537 2559 1853 2626 aedilicium,
1907 2559 2108 2628 ipsam-

520 2665 632 2721 que
669 2651 985 2705 instaura're
1045 2648 1391 2716 conabimur,
1449 2665 1557 2704 non
1587 2665 1747 2704 secus
1772 2665 1837 2704 ac
1886 2663 2102 2702 murum

514 2743 955 2815 propugnaculis
984 2751 1288 2798 carentem.
1307 2739 1418 2796 Nec
1435 2741 1704 2813 simplicia
1725 2742 1824 2810 ipsi
1851 2740 2107 2812 apposuit

515 2835 958 2906 propugnacula,
1009 2835 1104 2891 sed
1167 2844 1442 2906 argentea,
1503 2834 1830 2906 purissimas
1899 2833 2109 2889 scilicet

515 2928 903 2999 cogitationes,
929 2934 984 2982 et
1023 2927 1201 2982 instar
1241 2926 1476 2998 argenti,
1538 2935 1779 2982 mentem
1835 2935 2104 2992 nostram,

514 3018 822 3090 principem
852 3019 1048 3073 animae
1081 3027 1312 3088 partem,
1344 3019 1755 3074 collustrantes.
1801 3019 1922 3089 Ipsa
1961 3018 2106 3072 enim

515 3125 708 3167 revera
727 3119 809 3166 est
831 3109 1410 3177 coelestisJerusalem,
1427 3125 1592 3182 super
1609 3125 1771 3180 quam
1794 3125 2108 3181 propugna-

2208 1996 2481 2068 θυγάτηρο
2515 1996 2758 2069 ἀδελφὴν
2809 2000 2915 2070 γὰρ
2963 1999 3130 2054 αὐτοῦ
3179 2000 3356 2059 καλεῖ.
3385 1999 3576 2070 Μικρά
3617 2002 3774 2065 ἐστι,

2207 2089 2306 2144 καὶ
2334 2090 2614 2160 μαστοὺς
2645 2093 2758 2146 οὐκ
2777 2092 2924 2160 ἔχει.
2951 2091 3120 2146 Οὔπω
3144 2093 3254 2164 γὰρ
3279 2093 3562 2166 ἐπιτηδεία
3591 2093 3776 2163 δηλον-

2205 2183 2290 2236 ότι
2354 2183 2494 2254 πρὸς
2555 2183 2844 2255 σύλληψιν.
2909 2186 2970 2240 Τί
3021 2184 3360 2256 ποιήσομεν
3414 2187 3488 2256 τῇ
3543 2185 3777 2256 ἀδελφῇ

2207 2274 2378 2346 ἡμῶν
2405 2276 2476 2330 ἐν
2502 2276 2713 2346 ἡμέρᾳ,
2740 2271 2781 2348 ᾖ
2815 2273 2892 2331 ἂν
2932 2276 3178 2348 λαληθῇ
3207 2277 3276 2332 ἐν
3304 2277 3497 2346 non};
3539 2278 3598 2332 '0
3628 2279 3778 2348 παρά

2206 2371 2302 2424 τοῦ
2342 2370 2577 2438 ἀγγέλου
2606 2370 2809 2441 δηλαδὴ
2859 2370 3036 2439 λόγος.
3066 2372 3135 2424 El
3175 2369 3370 2438 τεῖχός
3396 2371 3585 2436 ἐστιν,
3621 2373 3774 2423 οἱκο-

2207 2462 2563 2533 δομήσομεν
2596 2462 2690 2517 ἐπ’
2717 2463 2914 2531 αὐτὴν
2945 2463 3231 2529 ἐπάλξεις
3256 2462 3515 2532 ἀργυρᾶς
3534 2478 3548 2494 ⁶
3588 2463 3770 2533 ἡγουνο

2209 2555 2271 2607 Et
2306 2557 2402 2608 καὶ
2443 2558 2655 2623 σμικρά
2693 2556 2834 2618 ἐστι,
2875 2557 2968 2606 καὶ
3003 2553 3357 2623 ἁνεπιτηδεία
3401 2553 3538 2623 πρὸς
3589 2552 3779 2618 σύλλη-

2205 2646 2324 2716 ψιν,
2381 2646 2519 2700 ἀλλὰ
2569 2645 2663 2700 οὖν
2711 2646 3130 2715 ὲπισπεύσομεν
3173 2644 3600 2715 ἀνοικοδομῆσαι
3629 2684 3644 2709 ,
3679 2644 3776 2696 καὶ

2209 2743 2665 2812 ἀποκαταστῆσαι
2736 2742 2942 2810 ταύτην
3021 2741 3212 2814 ὥσπερ
3293 2740 3541 2794 ἐλλεῖπον
3600 2741 3776 2808 τεῖχος

2209 2833 2535 2900 ἐπάλξεωνο
2586 2835 2684 2887 καὶ
2741 2835 2822 2912 οὐ.
2881 2835 2981 2897 τὰς
3027 2834 3201 2897 ἁπλᾶς
3246 2833 3550 2888 ἐπιτιθέναι
3608 2832 3774 2902 ταύτῃ

2208 2925 2486 2992 δπάλξεις,
2509 2927 2646 2982 ἀλλὰ
2677 2928 2952 2999 ἀργυρᾶς·
2983 2930 3101 2997 ἤτοι
3127 2927 3524 3000 καθαρωτάτας
3555 2928 3775 2990 ἑννοίας,

2208 3022 2304 3072 καὶ
2355 3019 2516 3090 δίκην
2569 3019 2816 3091 ἀργύρου
2855 3021 2916 3073 τὸ
2949 3020 3279 3091 ἡγεμονικὸν
3311 3019 3468 3090 ἡμῶν
3513 3019 3780 3094 περιλαμο

2211 3113 2441 3178 πούσας.
2495 3111 2650 3184 Αὕτη
2705 3115 2814 3185 γάρ
2872 3115 3022 3168 ἐστιν
3078 3114 3155 3178 ὡς
3212 3112 3429 3186 ἀληθῶς
3467 3115 3499 3183 ἠ
3535 3113 3778 3182 οὐράνιος

519 3203 666 3268 cula,
700 3203 963 3259 Ecclesiae
987 3202 1166 3274 opifex
1205 3203 1478 3269 Christus,
1527 3203 1845 3268 a'dilicavit,
1895 3203 1963 3258 de
1994 3217 2101 3271 qua

2221 3208 2608 3280 Ἰερουσαλὴμ,
2637 3208 2779 3277 ὑπὲρ
2801 3201 2868 3279 ἧς
2887 3207 2985 3271 τὰς
3015 3205 3268 3272 ἐπάλξεις
3290 3209 3317 3258 ὁ
3344 3208 3442 3276 τῆς
3459 3207 3780 3276 Ἑκκλησὶας

521 3295 774 3358 etlsaias
807 3295 982 3352 dicit:
1013 3295 1150 3351 Ecce
1180 3297 1234 3352 in
1280 3299 1524 3352 manibus
1579 3298 1708 3352 meis
1730 3313 1822 3367 ego
1853 3297 2110 3368 descripsi

518 3405 701 3444 muros
734 3399 874 3457 mos,
911 3399 960 3443 et
987 3405 1166 3443 coram
1192 3405 1273 3444 me
1299 3406 1353 3444 es
1397 3405 1619 3459 semper.
1655 3387 1721 3442 Et
1746 3391 1791 3442 si
1838 3398 1990 3457 porta
2011 3397 2110 3454 est,

523 3481 888 3537 describamus
912 3481 968 3536 in
1024 3481 1198 3552 ipsam
1245 3480 1480 3536 tabulam
1522 3482 1786 3534 cedrinam
1833 3481 1900 3533 ’⁸.
1957 3480 2110 3534 Adeo

518 3574 666 3628 enim
696 3573 962 3644 propheta
995 3573 1414 3644 prastolabatur
1439 3573 1654 3630 Domini
1707 3573 2022 3636 adventum,
2053 3579 2111 3628 ut

521 3668 567 3723 si
603 3675 757 3736 porta
788 3666 1024 3733 deﬁciet,
1053 3665 1462 3736 videlicet,quia
1495 3667 1735 3720 nondum
1797 3666 1862 3720 ad
1907 3665 2111 3735 puber-

521 3762 653 3816 tatis
715 3760 1000 3816 devenerit
1061 3774 1258 3816 annos.
1322 3758 1733 3824 Describemus,
1802 3758 2002 3826 inquit,
2053 3757 2108 3811 in

523 3855 724 3923 ipsam,
797 3833 1043 3906 tabulam
1099 3853 1397 3918 cedrinam,
1443 3851 1546 3906 hoc
1601 3860 1708 3918 cst,
1759 3849 2109 3920 Replebimus

526 3949 703 4019 ipsam
767 3943 1196 4015 cogitationibus
1247 3944 1560 3999 divinarum
1616 3945 1914 4010 rationum,
1968 3959 2108 4013 quas

519 4039 668 4094 nulla
691 4037 933 4095 exedunt
961 4035 1268 4092 adulterina
1308 4043 1364 4090 et
1398 4035 1584 4105 spuria
1622 4037 1900 4107 dogmata.

1264 4303 1466 4360 CANT.

602 4397 693 4454 10.
729 4394 846 4467 Ego
874 4410 1079 4463 murus,
1103 4404 1153 4451 et
1192 4397 1354 4452 ubera
1397 4414 1512 4451 mea
1539 4407 1732 4454 turres.
1788 4397 1898 4468 Ego
1961 4413 2108 4451 eram

525 4495 589 4548 in.
616 4490 784 4547 oculis
811 4489 978 4560 ipsius
1007 4490 1270 4545 inveniens
1294 4506 1503 4559 pacem.

1167 4689 1485 4748 SCHOLIA.

607 4784 932 4856 Complexio
967 4794 1053 4841 est
1079 4786 1396 4840 cantionem
1436 4783 1719 4852 claudens,
1748 4799 1870 4856 quae
1919 4800 2118 4856 propo-

528 4880 650 4933 sitae
703 4894 734 4933 a
766 4879 1029 4948 prOpheta
1078 4878 1391 4948 quaestioni,
1453 4876 1602 4947 quod
1632 4892 1799 4948 parva
1845 4885 2010 4944 esset,
2029 4893 2117 4932 re-

534 4969 789 5038 spondet.
839 4965 996 5020 Tune
1042 4967 1189 5020 en'nn
1242 4966 1295 5019 in
1326 4965 1525 5021 Sancta
1584 4977 1902 5022 sanctorum
1944 4967 2114 5038 ipsam

2215 3301 2476 3372 δομὴτωρ
2523 3301 2762 3372 Χριστὸς
2794 3300 3113 3371 ᾠκοδόμησε
3134 3317 3146 3331 ε
3175 3299 3308 3371 περὶ
3341 3294 3408 3372 ἦς
3431 3301 3522 3353 καὶ
3559 3299 3781 3360 Ἡσαΐας

2215 3391 2418 3461 φησιν·
2451 3391 2612 3446 Ἰδοὺ
2645 3391 2745 3444 ἐπὶ
2805 3390 2926 3444 τῶν
2970 3390 3187 3460 χειρῶν
3226 3408 3348 3461 μου
3398 3389 3781 3461 ἐζωγράφησά

2213 3501 2331 3537 σου
2364 3483 2435 3536 τὰ
2463 3485 2654 3553 τείχη·
2685 3483 2781 3536 καὶ
2827 3483 3087 3538 ἐνώπιόν
3133 3500 3252 3552 μου
3283 3478 3342 3536 sl
3390 3482 3487 3537 διὰ
3536 3485 3778 3548 παντός.

2213 3573 2326 3629 Καὶ
2363 3575 2416 3627 ει
2447 3575 2601 3642 θύρα
2643 3573 2798 3640 ἐστὶ,
2835 3573 3252 3644 διαγράψομεν
3307 3573 3400 3628 ἐπ’
3443 3573 3637 3642 αὐτὴν
3670 3591 3778 3627 σα-

2213 3667 2357 3721 νίδα
2388 3666 2700 3734 κεδρίνηνο
2734 3665 2905 3730 οὕτως
2937 3670 2964 3720 ὁ
3004 3668 3301 3737 Προφήτης
3341 3667 3655 3720 ἐπισπεύδει
3686 3668 3780 3736 τὴν

2213 3757 2308 3810 τοῦ
2355 3758 2627 3810 Δεσπότου
2679 3757 3021 3826 παρουσίαν,
3055 3761 3151 3811 καὶ
3186 3755 3238 3812 εἱ
3271 3759 3411 3830 θύρα
3453 3760 3596 3812 ἐστὶν
3625 3759 3782 3812 ἐλλει-

2213 3849 2343 3920 πής’
2375 3849 2647 3918 δηλονότι,
2678 3849 2765 3903 διὰ
2797 3849 2858 3902 τὸ
2894 3849 3118 3919 ἅνηϐον,
3158 3850 3562 3922 διαγράψομεν,
3598 3853 3778 3922 φησὶν,

2211 3939 2307 3993 ἐπ’
2354 3941 2552 4008 αὐτὴν
2614 3941 2840 3995 σανίδα
2904 3940 3212 4009 κεδρίνην.
3255 3943 3581 4008 Τουτέστιν.
3629 3943 3782 3996 Ἀνα-

2213 4031 2584 4103 πληρώσομεν
2632 4035 2803 4104 αὐτὴν
2857 4035 3088 4099 ἐννοίαις
3143 4036 3423 4104 λογισμῶν
3473 4036 3778 4105 θειοτέρων,

2172 4127 2305 4179 -καὶ
2364 4125 2442 4196 μὴ
2475 4126 2938 4200 βιϐρωσκομέ·.ων
2996 4129 3273 4201 κιϐδήλοις
3322 4131 3430 4184 τισὶ
3486 4108 3580 4184 {at
3612 4131 3781 4194 νόθοις

2212 4219 2506 4289 δόγμασιν.
2803 4287 2810 4292 ι

2884 4310 3129 4387 *ᾼΣΜΑ.

2296 4407 2446 4480 Ἐγὼ
2480 4408 2700 4478 τεῖχος,
2735 4409 2835 4462 καὶ
2883 4412 2940 4464 οι
2960 4409 3188 4479 μαστοί
3226 4427 3342 4480 μου
3374 4412 3608 4481 πύργοι.
3643 4411 3788 4482 Ἐγὼ

2216 4501 2381 4572 ἢμην
2430 4503 2501 4557 ἐν
2546 4502 2874 4574 ὀφθαλμοῖς
2919 4505 3145 4574 αὐτοῦ,
3199 4506 3575 4574 εὐρίσκουσα
3627 4507 3790 4575 εἰρή-

2133 4596 2188 4656 D
2215 4612 2354 4664 νην.

2869 4691 3144 4748 ΣΧΟΛΙᾹ.
3248 4692 3276 4710 ’⁵

2289 4783 2600 4849 ’Λπόϐεσις’
2636 4785 2738 4854 τῆς
2785 4784 2929 4856 ᾠδῆς
2979 4785 3118 4855 πρὸς
3163 4784 3524 4856 προτεθεῖσαν
3550 4784 3626 4854 τῷ
3654 4785 3792 4855 Προ-

2221 4878 2370 4950 φήτῃ
2396 4878 2834 4950 ἀμφισϐήτησιν,
2867 4878 2951 4932 ὅτι
2992 4878 3170 4950 μικρά
3196 4880 3371 4936 ἔστιν.
3429 4880 3519 4933 Ἐν
3549 4879 3653 4949 γὰρ
3679 4879 3790 4940 τοῖς

2232 4968 2438 5036 ’Δγίοις
2477 4969 2588 5022 τῶν
2623 4970 2797 5038 ἁγίων
2828 4968 3248 5041 ὲνδιαιτωμένην
3279 4970 3452 5040 αὐτὴν
3475 4970 3623 5038 ἑώρα
3645 4985 3792 5039 τηνιο

530 5064 822 5131 degentem
882 5060 1120 5124 viderat,
1176 5070 1232 5114 et
1289 5061 1353 5114 ad
1408 5061 1828 5130 concipiendum
1890 5061 2106 5116 minime

2220 5061 2416 5127 καῦτα,
2462 5062 2558 5117 καὶ
2592 5061 2727 5133 πρὸς
2757 5061 2820 5115 τὸ
2854 5061 3146 5116 συλλαϐεῖν
3183 5061 3359 5133 αὐτὴν
3391 5061 3790 5131 ἀνεπιτηδείαν.

533 5157 831 5211 idoneam.-
866 5153 1214 5224 Responsum
1253 5161 1337 5206 est
1371 5152 1554 5222 igitur,
1615 5152 1777 5206 veluti
1811 5168 1842 5207 a
1891 5151 2114 5224 Virgine

533 5257 709 5302 matre
745 5263 760 5303 :
794 5244 932 5314 Ego,
967 5244 1166 5314 inquit,
1198 5258 1403 5308 murus,
1445 5252 1494 5296 et
1529 5241 1686 5297 ubera
1725 5259 1838 5297 mea
1885 5257 2056 5299 turres
2092 5263 2112 5310 ;

535 5339 704 5403 idest,
737 5353 846 5391 non
883 5335 1025 5390 sicut
1056 5344 1114 5388 tu
1149 5349 1343 5389 censes
1370 5350 1534 5404 parva
1577 5352 1721 5402 sum,
1775 5338 1870 5393 sed
1925 5354 2110 5391 mm'us

538 5447 660 5485 sum
697 5432 749 5484 in
771 5428 1116 5483 altitudinem
1154 5443 1328 5497 usque
1360 5430 1483 5484 cozli
1534 5430 1804 5494 videlicet,
1870 5441 2112 5498 erectus,

533 5533 586 5576 et
618 5523 682 5577 ad
717 5523 896 5590 ipsum
956 5520 1116 5589 plane
1179 5519 1304 5574 coeli
1353 5535 1617 5576 cacumen
1676 5537 1735 5576 se
1786 5523 2110 5577 extendens.

2238 5155 2557 5228 Ἀπόκρισις
2581 5156 2658 5218 ὼς
2683 5157 2746 5208 ὲκ
2775 5157 2875 5225 τῆς
2899 5155 3177 5225 Παρθένου
3202 5156 3427 5226 μητρός.
3452 5153 3620 5224 Ἐγὼ,
3640 5155 3791 5224 φησι,

2227 5246 2426 5316 τεῖχος
2449 5288 2466 5311 ,
2522 5245 2623 5300 καὶ
2678 5248 2732 5300 oi
2763 5246 2992 5314 μαστοί
3024 5263 3145 5314 μου
3175 5247 3392 5314 πύργοι
3420 5261 3434 5280 ο
3466 5247 3651 5318 ἢγουν,
3682 5245 3794 5315 Οὐχ

2226 5340 2300 5402 ὡς
2335 5342 2398 5393 σὺ
2433 5338 2850 5408 ὑπολαμϐάνεις
2877 5379 2892 5401 ,
2936 5339 3110 5410 μικρά
3156 5340 3294 5410 εἰμι,
3345 5340 3478 5394 ἀλλὰ
3508 5340 3682 5410 τεῖχος
3713 5340 3796 5401 εἰς

2223 5433 2472 5504 οὐρανῶν
2530 5431 2667 5502 ὓψος
2720 5432 2987 5503 ἠρμένον,
3033 5433 3300 5502 δηλονότι,
3337 5437 3428 5487 καὶ
3456 5433 3592 5504 πρὸς
3626 5432 3797 5500 αὐτὴν

2222 5524 2482 5594 ἄντικρυς
2521 5524 2711 5594 διῆκον
2741 5525 2840 5595 τὴν
2869 5523 2966 5579 τοῦ
3021 5525 3252 5595 οὐρανοῦ
3299 5529 3565 5596 κορυφήν.
3604 5524 3709 5579 Καὶ
3741 5526 3798 5577 cl

539 5612 608 5666 Et
669 5619 831 5667 ubera
885 5629 1000 5666 mea
1067 5624 1281 5678 turres;
1336 5615 1670 5670 munitiones
1721 5615 2006 5679 nimirum,
2056 5626 2106 5670 et

2217 5619 2442 5688 μαστοί
2473 5634 2594 5688 μου
2629 5618 2848 5688 πύργοι
2876 5635 2891 5651 ⁸
2947 5619 3072 5674 ἀντὶ
3129 5619 3248 5685 τοῦ,
3301 5621 3668 5690 ὀλυρώματα,
3701 5617 3802 5670 καὶ

538 5706 810 5774 civitates,
841 5706 893 5760 in
926 5707 1124 5778 quibus
1154 5724 1308 5764 suam
1369 5711 1571 5781 regiam
1623 5709 1804 5766 firmet
1861 5712 2108 5766 omnium

624 5888 670 5922 “
701 5891 802 5948 lsa.
839 5906 926 5959 XL,
963 5891 1050 5946 l6.

2220 5710 2406 5777 πόλεις
2460 5712 2540 5774 εἰς
2571 5712 2996 5785 κατοικητήριον
3050 5713 3146 5768 τοῦ
3208 5713 3600 5785 παμϐασιλέως
3661 5711 3802 5782 Χρι.

3434 5949 3678 5990 6.-‘c-.
