4082 6454
413 431 544 501 1031

1404 427 1803 493 COMMENT.
1851 429 1934 491 IN
1969 431 2297 494 CANTICA
2332 430 2642 494 CANTIC.

3533 428 3596 492 10
3615 429 3669 492 :2

407 553 555 608 στοῦ.
592 553 657 608 Ἐ
667 550 741 622 γὼ
761 523 939 621 ’ἥμην
968 551 1039 606 ἐν
1059 549 1395 620 ὀφθαλμοῖς
1423 549 1636 613 αὐτοῦ,
1665 550 1986 617 εὑρίσκου-

2101 563 2182 604 rex
2237 547 2511 604 Christus.
2547 548 2660 619 Ego
2711 564 2856 602 eram
2902 548 2956 602 in
2987 546 3154 602 oculis
3193 545 3362 615 ipsius
3401 541 3669 600 inveniens

407 663 490 702 σα
538 646 820 715 είρήνην·
853 648 974 713 ἢτοι
1003 646 1111 716 πρὸ
1139 643 1437 714 ὀφθαλμῶν
1467 641 1631 696 αὑτοῦ
1667 642 1756 695 ἀεὶ
1797 641 1985 709 κειμέ-

406 757 494 809 νη,
525 742 616 792 καὶ
666 739 775 807 πρὸ
823 737 1130 807 καταϐολῆς
1162 739 1373 806 κόσμου
1410 736 1509 804 τὴν
1536 732 1637 787 τοῦ
1672 734 1983 802 μυστηρίου

407 833 549 902 πρὸς
581 833 684 899 ἐμὲ
719 833 894 902 ἄκραν
921 832 1090 883 αὐτοῦ
1119 830 1538 898 συγκατάόασιν
1560 825 1982 899 προορίσαντος.

411 923 804 989 Εὑρίσκουσα
851 913 1138 991 etprima-4
1188 923 1348 992 χάριν
1389 920 1592 991 δηλαδὴ
1643 918 1734 971 καὶ
1773 917 1987 986 ποιρῤη-

413 1013 548 1071 σίαν,
567 1015 710 1083 πρὸς
739 1013 925 1068 αὐτόν.

1079 1103 1318 1179 ᾊΣΜΑ.

491 1199 799 1270 Ἀμπελὼν
842 1201 1099 1271 ἐγενήθη
1176 1198 1258 1264 τῷ
1301 1197 1593 1268 Σαλομὼν
1648 1197 1719 1251 ἐν
1771 1199 1989 1250 Recla-

401 1291 554 1360 μώνο
589 1291 778 1344 ἔδωκε
805 1290 914 1345 τὸν
939 1289 1268 1360 ἀμπελῶνα
1303 1289 1492 1344 αὑτοῦ
1521 1289 1646 1354 τοῖς
1670 1287 1986 1369 τηροῦσιν.

421 1388 603 1455 Ἀνὴρ
637 1389 794 1442 οἷο-ει
835 1389 904 1442 ἐν
936 1387 1146 1457 καρπῷ
1177 1387 1362 1441 αὐτοῦ
1410 1386 1646 1455 χιλίους
1677 1384 1988 1453 ἀργυρίου.

341 1529 344 1531 .
407 1473 723 1544 ’Διιπελών-
765 1494 886 1546 μου
932 1477 1076 1545 ἐμὸς
1107 1475 1369 1530 ἐνώπιόν
1407 1488 1565 1545 μου*
1594 1476 1652 1528 οι
1685 1475 1868 1542 χίλιοι
1909 1472 1989 1538 τῷ

409 1568 762 1637 Σαλομῶνι,
822 1567 921 1622 καὶ
977 1571 1031 1623 ot
1070 1567 1370 1623 διακόσιοι
1408 1566 1535 1632 τοῖς
1573 1564 1832 1634 τηροῦσι
1883 1565 1991 1620 τὸν

408 1660 644 1730 καρπὸν
674 1660 886 1716 αὑτοῦ.

773 1767 777 1770 ’
1057 1755 1336 1809 ΣΧΟΛΙΑ.

478 1845 592 1915 Τῆς
629 1847 730 1916 μὲν
756 1845 898 1918 πρὸς
927 1846 1028 1917 τὴν
1060 1847 1339 1916 Παρθένον
1361 1847 1737 1918 προφητείαςι’
1765 1849 1859 1902 καὶ
1892 1848 1992 1919 τῆς

2085 655 2266 706 pacem
2298 655 2319 694 :
2348 656 2411 696 ac
2441 642 2486 696 si
2535 642 2785 696 diceret:
2822 642 2966 696 Ante
3023 641 3172 694 illius
3227 638 3418 694 oculos
3452 653 3673 708 semper

2087 733 2398 797 manebam,
2481 733 2576 803 qui
2637 743 2692 788 et
2757 745 2886 788 ante
2950 726 3139 787 mundi
3212 731 3670 788 constitutionem

2087 822 2335 888 mysterii
2395 822 3078 893 magnitudinem,'ipsius
3127 823 3413 886 nimirum,
3469 822 3524 876 in
3583 836 3672 877 me

2085 907 2783 987 decreverabdescensum.
2833 911 3110 968 Inveniens
3157 928 3338 982 pacem
3373 928 3394 978 ,°
3435 913 3665 984 gratiam

2089 1000 2324 1069 scilicet,
2353 1013 2410 1058 et
2462 1002 2720 1060 ﬁduciam
2757 1007 2927 1060 ineo.

2769 1095 2974 1152 CANT.

2195 1183 2283 1247 Η,
2322 1183 2408 1238 12.
2454 1183 2615 1240 Vinea
2644 1187 2791 1255 facta
2819 1199 2899 1244 est
2935 1189 3214 1245 Salomoni
3236 1189 3290 1243 in
3340 1189 3671 1257 Beelamon;

2089 1272 2234 1327 dedit
2272 1277 2480 1330 vineam
2511 1293 2664 1332 suam
2692 1281 3018 1337 custodibus.
3056 1282 3149 1337 Vir
3179 1285 3341 1338 solvet
3370 1286 3426 1336 in
3491 1285 3671 1352 fructu

2089 1368 2204 1437 ejus
2255 1369 2401 1423 mille
2457 1379 2752 1441 argenteos.
2804 1373 2967 1428 Vinea
2999 1391 3116 1428 mea
3147 1361 3278 1428 mihi
3304 1378 3358 1430 in
3393 1387 3672 1446 conspectu
3757 1413 3760 1418 -

2091 1475 2206 1514 meo
2235 1475 2256 1514 :
2301 1460 2446 1517 mille
2479 1462 2782 1530 Salomoni,
2812 1475 2862 1522 et
2890 1467 3101 1520 ducenti
3127 1467 3433 1521 custodibus
3463 1467 3674 1537 {ructus

2091 1566 2230 1620 ejus.

2173 1624 2206 1648 ,ο

2715 1738 3036 1799 SCHOLIA.

2165 1827 2301 1886 Cum
2338 1830 2408 1886 de
2433 1817 2720 1901 prophetia
2747 1835 2967 1904 quidem
3007 1833 3262 1906 Virginis,
3315 1835 3493 1908 deque
3551 1836 3676 1892 Sal-

405 1940 504 1994 τοῦ
545 1939 913 2012 Σωτῆρος-ἐξ
975 1940 1152 2008 αὐτῆς
1201 1939 1695 2011 ἐνανθρωπὴσεως,
1748 1942 1846 1996 καὶ
1889 1942 1984 1996 τοῦ

2101 1931 2280 1979 vatore
2308 1938 2378 1980 ex
2402 1924 2896 1994 ipsaincarnando,
2935 1937 2991 1982 et
3009 1927 3075 1982 de
3099 1929 3358 1998 passione
3385 1943 3450 1984 ac
3487 1943 3678 1985 resur-

339 2096 344 2102 Ι
411 2033 615 2094 πάθεος
639 2071 655 2095 ,
689 2033 786 2085 καὶ
820 2032 920 2100 τῆς
951 2032 1326 2096 ἀναστάσεως,
1363 2033 1564 2096 ἱκανῶς
1609 2033 1746 2102 πρὸς
1774 2035 1990 2088 ἀπόδει-

413 2123 516 2188 ξιν,
572 2123 660 2177 διὰ
720 2122 934 2176 πολλῶν
967 2124 1078 2177 τῶν
1120 2123 1276 2193 ᾠδῶν
1328 2123 1389 2175 ἐν
1437 2123 1785 2188 πολλοίς’τὸν
1831 2125 1995 2193 λόγον

412 2216 779 2285 ὲνεστήσατο·
818 2215 915 2268 νῦν
960 2215 1018 2268 δὲ
1065 2215 1140 2278 ὡς
1188 2217 1246 2268 ὲν
1294 2213 1536 2285 ἐπιλόγῳ
1567 2217 1831 2286 περὶτῆς
1865 2217 1993 2279 νέας

424 2309 756 2380 Ἐκκλησίας
807 2309 910 2378 τὴν
961 2309 1309 2380 προφητείαν
1371 2314 1630 2372 ποιεῖται,
1670 2309 1860 2378 ὥσπερ
1896 2310 1994 2363 καὶ

411 2401 472 2454 ὲν
505 2403 573 2469 τῇ
603 2401 748 2470 ἀρχῇ
785 2401 914 2471 περὶ
959 2400 1168 2470 ταύτην
1200 2419 1382 2473 μεμνη
1395 2403 1646 2471 μόνευκε,
1672 2401 1768 2454 καί
1800 2417 1990 2470 φησιν’

423 2492 728 2564 Ἄμπελὼν
771 2494 1032 2564 ἐγενήθη
1074 2495 1182 2550 τοῦ
1212 2493 1506 2564 Σολομὼν
1539 2497 1610 2548 ἐν
1653 2496 1992 2564 Βεελαμών.

425 2587 572 2642 Ἀντί.
625 2587 744 2652 τοῦ,
779 2587 843 2640 'H
880 2588 975 2642 νέα
1021 2589 1319 2658 Ἐκκλησία
1346 2589 1424 2660 τῷ
1455 2587 1720 2658 εἰρηνικῷ
1746 2587 1993 2658 Χριστῷ.

417 2681 551 2750 Περὶ
579 2681 786 2750 ταύτης
817 2681 911 2733 καὶ
956 2680 1192 2744 Ἡσαΐας
1224 2681 1414 2750 φησίν·
1455 2680 1767 2750 Ἀμπελὼν
1795 2680 1995 2751 ἐγενή.

415 2777 489 2841 θη
517 2765 594 2839 τῷ
619 2774 1008 2844 ἠγαπημένῳ.
1042 2773 1273 2828 Ἔδωκε
1301 2773 1410 2828 τόν
1444 2772 1776 2842 ἀμπελῶνα
1807 2773 1997 2829 αὑτοῦ

418 2865 543 2933 τοῖς
582 2865 880 2935 τηροῦσιν
905 2882 918 2896 °
956 2867 1100 2937 ἦτοι,
1145 2866 1284 2937 μετὰ
1311 2865 1373 2919 τὸ
1404 2863 1872 2937 περιποιήσασθαι
1898 2864 1997 2918 αὐ-

414 2959 509 3012 τὸν
545 2958 624 3029 τῷ
657 2959 845 3028 οἰκείῳ
878 2957 1096 3029 αἵματι.
1143 2956 1371 3012 Ἔδωκε
1408 2956 1535 3021 τοῖς
1570 2957 1843 3026 τηροῦσι.
1878 2957 1995 3011 Μαι

415 3053 631 3124 θηταῖς,
664 3055 776 3116 τοῖς
809 3052 1072 3123 μάρτυσι,
1110 3054 1225 3112 τοῖς
1268 3050 1639 3115 διδασκάλοις.
1678 3050 1850 3106 Ὰύτοὶ
1889 3049 1997 3120 γὰρ

420 3147 486 3201 ἂν
529 3141 643 3200 εἷεν
694 3147 743 3198 οἱ
795 3145 1162 3214 φυλάσσοντες
1202 3144 1302 3216 τὴν
1354 3145 1450 3198 τοῦ
1498 3143 1741 3215 Χριστοῦ
1774 3142 2000 3215 Ἐκκλη-

423 3238 570 3304 σίαν,
618 3239 668 3291 oi
698 3237 808 3292 τῶν
839 3236 936 3290 τοῦ
971 3237 1309 3305 Εὐαγγελίου
1350 3235 1639 3304 δογμάτων
1675 3237 1998 3307 ἀκραιφνεῖς
2029 3262 2073 3322 c

419 3333 682 3402 φύλακες.
725 3332 898 3400 Ἀνὴρ
935 3330 1094 3386 οίσει
1145 3330 1216 3383 ἐν
1271 3327 1490 3397 καρπῷ¹
1520 3328 1708 3384 αὐτοῦ
1764 3329 2004 3397 χιλίους

417 3429 736 3496 ἀργυρίου.
791 3426 948 3479 Οὕτω
1001 3423 1114 3494 γὰρ
1163 3424 1228 3475 τὸ
1288 3423 1558 3493 κήρυγμα
1616 3421 2006 3475 πεπολλαπλα-

419 3521 663 3587 σίασται,
705 3520 780 3583 ὡς
837 3518 900 3571 οὐ
964 3517 1128 3588 μόνον
1181 3518 1261 3578 είς
1311 3515 1600 3586 ἑξήκοντα,
1661 3515 1758 3567 καὶ
1785 3514 2002 3578 ἑκατὸν,

420 3613 560 3668 ἀλλὰ
615 3614 714 3666 καὶ
759 3614 840 3674 εἰς
889 3611 1098 3682 χιλίους
1152 3609 1402 3681 προϐἁν,
1433 3607 1544 3661 τῶν
1599 3606 2005 3674 διαυγεστάτων

419 3704 772 3772 διδαγμάτων
800 3705 936 3773 ὁμοῦ
985 3703 1079 3758 καὶ
1103 3683 1400 3770 δογμάτων
1418 3700 1584 3753 πᾶσιν
1609 3699 1867 3768 ἀφορμὰς
1897 3714 2004 3750 πα·-

424 3797 651 3867 ρασχόν.
701 3794 1018 3864 Ἀμπελών
1075 3811 1196 3864 μου
1252 3793 1394 3864 ἐμὸς
1436 3793 1697 3846 ἐνώπιόν
1737 3808 1858 3860 μου
1883 3807 1896 3823 ο
1929 3789 2005 3854 ὡς

387 3890 490 3965 ,ἂν
543 3890 594 3941 εί
641 3887 848 3956 ἔλεγεν·
898 3890 960 3940 Oi
995 3886 1294 3956 ὀφθαλμοί
1349 3902 1470 3954 μου
1548 3883 1652 3938 ἐπὶ
1705 3883 2003 3947 δικαίους,

421 3981 520 4034 καὶ
561 3981 633 4034 τὰ
658 3975 780 4034 ὦτά
819 3995 942 4048 μου
997 3978 1084 4042 είς
1139 3975 1356 4045 δέησιν
1378 3973 1599 4030 αὐτῶν.
1655 3974 1742 4037 Ὠς
1772 3973 1882 4028 ἀπὸ
1911 3973 2004 4027 τοῦ

423 4071 678 4144 Σωτῆρος
724 4072 831 4143 γὰρ
864 4068 1127 4141 Χριστοῦ,
1164 4069 1303 4140 πρὸς
1345 4069 1448 4138 τὴν
1490 4067 1816 4136 Ἐκκλησίαν
1856 4065 2009 4134 εἵρηο

421 4187 532 4232 ται,
581 4169 839 4238 ἄντικρυς
893 4165 1214 4233 φὲσκοντοςο
1276 4159 1427 4231 Ἐγὼ
1483 4161 1601 4230 εἰμί
1639 4160 1786 4230 ,μεθ’
1836 4158 2005 4228 ἡμῶν

423 4265 630 4328 πάσας
686 4260 794 4325 τὰς
840 4259 1108 4329 ἡμέρας,
1159 4255 1273 4322 ἓως
1320 4257 1434 4322 τῆς
1485 4253 1845 4319 συντελείας
1896 4251 2004 4307 τοῦ

423 4348 662 4420 αἰῶνος.
705 4353 772 4408 Ol
808 4353 990 4423 χίλιοι
1022 4350 1102 4416 τῷ
1128 4348 1440 4417 Σαλομὼν,
1467 4347 1568 4400 καὶ
1607 4348 1661 4400 oi
1705 4344 2004 4399 διακόσιοι

424 4447 550 4514 τοῖς
576 4445 832 4514 τηροῦσι
873 4446 984 4519 (or
1011 4443 1250 4513 καρπὸν
1274 4441 1484 4496 αὐτοῦ.
1521 4440 1596 4493 Οὐ
1643 4439 1752 4509 γὰρ
1788 4437 2002 4491 ἀδάπα-

425 4558 517 4594 νον
563 4542 624 4593 τδ
666 4538 1026 4606 Εὐαγγέλιον,
1077 4535 1191 4589 οὐδ’
1227 4534 1484 4605 ἄμισθον,
1534 4531 1674 4585 ἀλλὰ
1729 4529 2004 4583 πεπολλα-

2093 2017 2360 2084 rectione,
2395 2024 2457 2071 ut
2491 2032 2554 2072 ea
2589 2017 2999 2097 demonstraret
3033 2020 3270 2086 abunde,
3323 2020 3512 2074 multis
3543 2035 3680 2074 can-

2095 2109 2361 2176 tionibus,
2395 2125 2494 2181 per
2520 2112 2689 2166 multa
2719 2119 3045 2183 argumenta
3065 2127 3376 2170 sermonem
3407 2112 3678 2168 instituis-

2093 2207 2197 2267 set,
2235 2216 2389 2256 nunc
2419 2217 2555 2258 sane
2585 2203 2734 2258 velut
2763 2204 2818 2258 in
2849 2203 3080 2275 epilogo,
3115 2204 3184 2260 de
3232 2219 3375 2260 nova
3431 2204 3679 2261 Ecclesia

2093 2296 2437 2364 prophetiam
2468 2295 2647 2364 atl’ert,
2697 2299 2890 2354 eodem
2946 2299 3107 2369 plane
3156 2298 3344 2365 modo,
3392 2306 3576 2370 quoet
3624 2303 3679 2353 iu

2095 2387 2370 2456 principio
2413 2388 2480 2444 de
2539 2404 2608 2446 ea
2664 2400 3094 2447 memoraverat.
3153 2389 3455 2460 Dicitque:
3516 2391 3682 2447 Vinea

2092 2473 2244 2548 Tacta
2259 2488 2336 2533 est
2365 2479 2669 2548 Saiomoni,
2698 2483 2755 2536 in
2777 2481 3064 2538 Beelamon
3093 2501 3119 2550 ;
3147 2485 3404 2540 videlicet
3433 2484 3682 2542 Ecclesia

2101 2584 2251 2624 nova
2285 2571 2514 2640 paciﬂco
2543 2573 2790 2641 Chrism,
2831 2576 2899 2630 de
2925 2576 3216 2646 qualsaias
3245 2594 3466 2650 quoque
3519 2580 3684 2636 dicit:

2108 2662 2274 2720 Vinea
2307 2666 2452 2736 facto
2481 2678 2557 2722 est
2582 2668 2858 2725 dilecto".
2887 2671 3041 2726 Dedit
3078 2674 3284 2728 vineam
3312 2690 3466 2728 suam
3505 2685 3685 2729 custo-

2098 2756 2252 2812 dibus
2273 2774 2296 2824 ;
2319 2758 2598 2824 videlicet.
2626 2773 2921 2833 postquam
2949 2779 3070 2820 eam
3092 2765 3197 2823 sibi
3225 2783 3325 2822 suo
3343 2771 3688 2838 comparavit

2098 2851 2405 2921 sanguine;
2480 2853 2626 2908 dedit
2677 2855 3003 2923 custodibus,
3061 2857 3346 2928 discipulis
3399 2861 3690 2926 nimirum,

2099 2942 2434 3014 martyribus
2461 2953 2517 3000 et
2565 2945 2906 3005 doctoribus.
2951 2948 3046 3005 isti
3085 2950 3231 3006 enim
3290 2951 3404 3008 dici
3456 2965 3691 3023 possunt

2100 3033 2359 3092 custodes
2387 3033 2646 3092 Ecclesiae
2666 3036 2899 3104 Christi,
2933 3040 3029 3110 qui
3078 3051 3209 3096 sum
3239 3043 3688 3112 evangelicorum

2100 3123 2417 3196 dogmatum
2447 3129 2710 3185 custodes
2742 3131 3068 3204 incorrupti.
3104 3131 3200 3187 Vir
3221 3134 3386 3190 solvet
3404 3137 3458 3190 in
3507 3136 3689 3205 fructu

2102 3215 2217 3286 ejus
2279 3218 2425 3274 mille
2471 3230 2743 3290 argenteos
2799 3238 2815 3288 ;
2867 3224 3004 3279 adeo
3059 3239 3298 3296 namque
3357 3231 3688 3297 prazcouium

2105 3310 2282 3379 ipsius
2315 3315 2579 3380 excrevit,
2613 3329 2673 3370 ut
2694 3330 2802 3370 non
2825 3316 3406 3386 modosexagesimum
3434 3329 3532 3375 aut
3562 3337 3691 3378 cen-

2109 3402 2390 3470 lesimum,
2417 3405 2513 3461 sed
2531 3405 2696 3461 etiam
2725 3407 3080 3465 millesimum
3113 3409 3353 3467 fructum
3379 3415 3692 3484 percipien-

2106 3494 2185 3562 di,
2207 3498 2594 3566 praaclararmn
2613 3499 2994 3556 doctrinarum
3019 3501 3246 3572 pariter,
3263 3518 3326 3559 ac
3345 3505 3688 3576 dogmatum.

2105 3594 2363 3651 omnibus
2403 3595 2696 3665 praebuerit
2761 3598 3105 3654 occasiones.
3177 3597 3340 3654 Vinea
3391 3617 3510 3656 mea
3557 3606 3690 3660 mihi

2105 3686 2160 3740 in
2190 3695 2471 3755 conspectu
2504 3703 2660 3754 meo;
2713 3702 2777 3741 ac
2801 3689 2846 3741 si
2905 3689 3337 3746 diceret:0culi
3385 3696 3485 3747 mei
3537 3712 3695 3766 super
3781 3737 3786 3741 .

2098 3777 2298 3848 justas,
2352 3787 2401 3833 et
2433 3795 2588 3833 aures
2615 3795 2743 3833 mete
2777 3780 2846 3833 ad
2880 3797 3054 3850 preces
3087 3799 3266 3836 eorum
3282 3783 3349 3838 ”.
3380 3783 3496 3840 Non
3534 3802 3695 3844 secus

2108 3871 2254 3926 enim
2284 3886 2350 3928 ac
2386 3886 2419 3926 a
2447 3870 2732 3926 Salvatore
2757 3871 2976 3928 Christo
3005 3874 3070 3928 ad
3090 3873 3392 3930 Ecclesiam
3409 3876 3686 3946 prolatum

2106 3972 2210 4028 est,
2241 3965 2532 4036 perspicue
2561 3966 2777 4020 dicente
2806 3983 2820 4020 :
2857 3965 2968 4036 Ego
2992 3968 3259 4022 vobiscum
3297 3984 3416 4023 sum
3443 3973 3687 4028 omnibus

2107 4059 2289 4113 diebus
2306 4074 2468 4128 usque
2489 4059 2559 4112 ad
2570 4061 3075 4114 consummationem
3093 4062 3275 4116 saeculi
3286 4061 3354 4096 “°
3373 4062 3524 4119 Mille
3537 4063 3694 4121 Salo-

2108 4150 2272 4214 moni,
2297 4160 2347 4204 et
2377 4151 2591 4205 ducenti
2623 4151 2928 4206 custodibus
2963 4151 3170 4221 fructus
3195 4155 3331 4222 ejus.
3367 4154 3484 4211 Non
3541 4159 3690 4213 enim

2108 4241 2316 4300 fenoris
2365 4257 2560 4314 expers
2625 4244 2978 4316 Evangelium
3034 4255 3145 4323 est,
3199 4263 3378 4319 neque
3434 4252 3691 4307 mercede

2107 4344 2280 4405 caret,
2311 4336 2406 4393 sed
2433 4337 2668 4392 multum
2693 4339 2896 4408 ubique
2924 4335 3197 4396 terrarum
3234 4344 3482 4399 excrevit
3505 4339 3686 4400 Evan-

2107 4430 2310 4500 gelium
2340 4430 2446 4486 sub
2483 4429 2749 4498 apostolis
2795 4430 2887 4485 Dei
2927 4432 3268 4511 praeconibus
3300 4449 3316 4499 ;
3363 4445 3718 4511 receperunt.

2108 4527 2292 4578 autem
2325 4520 2524 4590 singuli
2552 4536 2741 4577 eorum
2779 4508 3094 4592 centuplum
3125 4537 3227 4594 pro
3251 4524 3505 4581 mercede
3532 4527 3692 4580 labo-

427 4633 733 4688 πλασίαστο
768 4605 868 4700 μὲν
900 4631 962 4683 τὸ
990 4629 1328 4698 Εὑαγγέλιον
1354 4629 1435 4690 εἰς
1480 4628 1664 4679 πᾶσαν
1696 4623 1796 4694 τὴν
1819 4625 2000 4677 οίκου-
2030 4605 2082 4666 Ῑ)
2109 4633 2228 4672 rum
2254 4633 2501 4673 suorum.
3485 4649 3510 4678 χ

439 4727 613 4798 μένην
650 4724 758 4778 ὑπὸ
812 4722 919 4774 τῶν
975 4721 1332 4792 θεοκηρύκων
1371 4717 1718 4773 ἀποστόλων.
1756 4703 1961 4770 Ἔλαϐε
1997 4711 2043 4766 δ’
2076 4712 2309 4774 ἕκαστος
2368 4711 2550 4764 αὐτῶν
2620 4711 3194 4775 ἑκατονταπλασίονας
3233 4711 3359 4774 τοὺς
3429 4709 3652 4780 μισθοὺς
3678 4750 3694 4776 ,

428 4823 573 4895 ὑπὲρ
601 4815 676 4877 ὧν
709 4818 1036 4875 κεκοπίακε.
1218 4861 1227 4869 .

1106 4905 1338 4980 ᾋΣΜΑ.

507 5007 574 5062 '0
604 5005 941 5074 καθήμενος
961 5003 1031 5057 ἐν
1055 5002 1295 5072 κήποις,
1316 4999 1535 5068 ἐταῖρρι
1559 4997 2017 5068 προσσχόντες,

433 5101 540 5173 τῆς
566 5099 772 5172 φωνῆς
812 5113 930 5152 σου
955 5095 1280 5151 ἀκούτισόν
1309 5108 1407 5161 με.

1080 5191 1355 5245 ΣΧΟΛΙΑ.

516 5288 868 5352 ‘Aoquérm;~
897 5287 1071 5341 ταῦτα
1132 5285 1380 5354 ἐκφέρει,
1440 5281 1531 5335 διὰ
1583 5280 1643 5332 τ’)
1707 5277 1900 5342 εἰωθὸς
1951 5279 2010 5330 ὲν

432 5381 554 5442 ταῖς
592 5381 801 5448 εὐχαῖς,
853 5379 951 5431 καὶ
1011 5377 1245 5446 μάλιστα
1302 5375 1430 5428 ὅταν
1483 5369 1723 5440 γνησίως
1782 5368 2010 5430 ταύταις

435 5469 834 5539 προσκείμεθα.
887 5465 1044 5519 Οὕτω
1091 5467 1197 5536 γάρ
1249 5481 1450 5534 φαμεν,
1498 5462 1600 5516 Θεέ
1650 5478 1776 5537 μου,
1818 5459 2012 5528 Σωτήρ

441 5576 568 5630 μου,
598 5560 851 5624 θεοτόκε,
907 5560 1304 5622 παντάνασσα,
1352 5555 1501 5623 ἆγιοι
1570 5555 1798 5617 πάντες,
1851 5552 2016 5615 ὅσιοι,

437 5653 534 5704 καὶ
563 5651 789 5705 δίκαιοι.
825 5650 1089 5710 Εὑκτικός
1125 5649 1275 5700 ἐστιν
1327 5649 1355 5699 ὁ
1400 5645 1582 5714 λόγος,
1607 5644 1702 5696 καὶ
1733 5640 1898 5694 οἱονεί
1933 5657 2018 5701 τις

435 5745 752 5805 ἁπόπαυσις
784 5741 892 5795 τῶν
931 5740 1102 5810 ᾠδῶνο
1136 5740 1258 5794 ἀντὶ
1301 5739 1418 5802 τοῦ,
1446 5737 1559 5791 εῖοε
1600 5737 1908 5800 ἁκουτίζοις
1948 5753 2016 5800 με

2816 4898 3022 4958 CANT.

2225 4992 2312 5047 15.
2401 4991 2506 5059 Qui
2541 4993 2750 5049 habitas
2771 4995 2826 5048 in
2897 4993 3087 5058 hortis,
3149 4993 3310 5048 amici
3365 4993 3694 5050 intendentes

2115 5094 2239 5142 sunt
2272 5102 2292 5153 ;
2329 5101 2505 5140 vocem
2545 5093 2695 5140 tuam
2736 5085 2829 5155 [ac
2859 5102 2938 5140 me
2973 5087 3183 5140 audire.

2759 5177 3074 5247 SCHOLIA.

2191 5273 2324 5330 Sine
2354 5274 2746 5345 conjunctione
2783 5275 2900 5328 haec
2929 5274 3045 5343 ipsa
3075 5270 3306 5342 profert,
3335 5283 3526 5329 nostro
3557 5287 3692 5342 sup-

2118 5365 2438 5437 plicantium
2501 5380 2675 5430 more,
2722 5372 2778 5420 et
2824 5365 3063 5419 maxime
3120 5364 3344 5434 quando
3399 5379 3464 5419 ex
3510 5364 3698 5416 animo

2114 5457 2604 5527 supplicationibus
2675 5457 2986 5514 innitimur.
3044 5455 3138 5513 Sic
3190 5458 3335 5512 enim
3387 5455 3624 5509 dicimus
3680 5471 3693 5506 :

2117 5549 2260 5607 Deus
2291 5567 2468 5618 meus,
2490 5550 2745 5606 Salvator
2777 5551 3188 5620 meus,Deipara
3209 5548 3396 5618 regina
3419 5546 3696 5608 omnium,

2116 5643 2290 5698 sancti
2314 5659 2528 5708 omnes,
2560 5644 2902 5708 innocentes,
2928 5655 2984 5699 et
3005 5643 3159 5714 justi.
3187 5641 3383 5696 Sermo
3399 5651 3486 5696 est
3506 5632 3701 5708 optan-

2118 5731 2209 5796 tis,
2241 5746 2305 5788 ac
2327 5732 2624 5803 precantis,
2644 5745 2699 5790 et
2715 5734 2874 5805 quasi
2900 5734 3062 5789 linem
3083 5732 3325 5787 Canticis
3343 5729 3705 5802 imponentis,

512 5922 553 5956 "
601 5921 705 5977 Isa.
743 5936 798 5990 v,
854 5919 905 5973 l.
983 5918 1028 5951 ὀ
1075 5917 1219 5974 Psal.
1250 5918 1542 5985 xxxm,l6.
1623 5917 1665 5949 “
1711 5915 1901 5975 Matth.
1953 5929 2144 5983 una,
2182 5914 2273 5970 '20.

2557 6030 2568 6034 _
2577 6027 2748 6035 -.ηψο-ν..
