4082 6436
322 391 344 410 ι
441 363 580 428 10θῖ

1389 353 1715 414 ΙΟᾹΝΝΙΞ
1754 351 2028 413 GLYCIS
2081 348 2192 408 CP.
2236 346 2751 410 PATRIARCIME

3552 339 3696 404 1396

452 475 651 540 Ἀγίας
685 467 886 537 Σοφίας
913 464 1010 522 καὶ
1035 466 1097 519 π)
1111 465 1197 518 έον
1237 462 1410 520 οὐδέν.
1442 464 1590 536 Αὕτη
1645 466 1794 519 ἐστὶν
1823 465 1856 534 ἡ
1888 464 2019 532 ἀλή-
2046 462 2095 521 Α
2126 461 2286 531 ξένης
2312 462 2474 530 δῆθεν
2500 459 2698 523 ἐλθὼν,
2728 455 2822 510 καὶ
2855 454 2930 526 μὴ
2957 451 3242 524 γινώσκων
3270 453 3366 517 τὰς
3396 453 3503 507 τῶν
3535 473 3696 510 σκανο

440 569 582 627 θεια,
633 567 729 617 καὶ
783 561 947 614 πλέον
1013 559 1074 612 οὒ
1106 559 1384 625 γινώσκω.
1437 558 1497 611 Ὀ
1555 560 1742 627 μέντοι
1783 558 2014 628 μοναχδς

450 656 716 722 Ἰγνάτιος
741 651 934 719 παρὼν
966 650 1058 702 καὶ
1109 649 1463 719 ἀκροώμενος
1503 649 1742 718 ἀνέφερε
1797 649 1892 701 καὶ
1921 647 2020 700 αύ-

436 744 549 807 τὸς,
597 745 672 805 ὡς
723 743 958 810 πατρίδα
993 739 1094 809 μὲν
1127 738 1254 808 ἔσχε
1313 737 1409 808 τὴν
1472 738 1791 802 Ἀθαναῒδα,
1819 738 1920 806 ἔφυ
1958 739 2016 790 δέ

440 835 695 903 πατέρων
731 833 796 884 τὰ
822 830 1168 900 Χριστιανῶν
1209 830 1636 899 πρεσϐευόντων
1688 830 1785 882 καὶ
1819 830 2016 897 εὐσεϐῆ

441 926 541 992 τὴν
566 923 660 976 τοῦ
687 921 877 990 γένους
900 923 1110 976 ἀνωθεν
1136 922 1406 978 ἑλκόντων
1433 922 1647 992 σειρὰν,
1675 923 1771 992 τῆς
1802 921 2019 992 ἡλικίας

441 1017 496 1068 δὲ
532 1016 834 1069 δωδέκατον
890 1015 1007 1080 ἐτος
1048 1016 1202 1090 ἄγων
1257 1015 1364 1071 ὑπὸ
1400 1017 1665 1086 παιδευτῇ
1702 1016 1780 1086 τῷ
1811 1015 2020 1085 ἀνεψιῷ

439 1109 530 1162 τοῦ
599 1109 1081 1178 ἀρχιερατεύοντος
1141 1110 1321 1160 ἐκεῖσε
1380 1107 1450 1161 τὰ
1525 1108 1645 1161 θεῖα
1709 1108 2021 1163 ἐδιδάσκετο

441 1202 764 1273 γράμματα,
789 1196 834 1272 ᾧ
863 1204 927 1273 δὴ
964 1205 1057 1257 καὶ
1103 1204 1263 1269 δόξαν
1295 1204 1438 1256 κατά
1485 1204 1758 1274 μοναχοὺς
1791 1205 2021 1259 ἀποκεί-

443 1296 642 1364 ρασθαι
682 1295 776 1348 καὶ⁵
836 1296 1268 1366 ἀποκειραμένῳ
1323 1297 1513 1363 μέντοι
1566 1297 1626 1348 ἐν
1676 1299 1741 1366 τῇ
1802 1299 1932 1368 περὶ
1961 1297 2022 1351 τὸ

417 1385 824 1455 θ’Δτραμύτιον
854 1391 994 1457 μονῇ
1030 1389 1139 1440 τῶν
1169 1387 1342 1454 ἁγίων
1389 1388 1738 1458 θεοπατόρων
1761 1389 2024 1460 ἰωακείμ

444 1477 544 1530 καὶ
572 1478 771 1545 ’Δννης
820 1478 1163 1549 ἠκολούθησε
1215 1480 1310 1532 καὶ
1339 1477 1517 1545 οὗτος,
1547 1481 1640 1535 καὶ
1670 1482 1764 1535 τοῦ
1799 1500 2022 1554 μοναχι-

445 1566 543 1620 κοῦ
578 1569 720 1620 κατὰ
741 1569 840 1636 τὴν
874 1569 1045 1640 αὐτὴν
1082 1569 1248 1641 μονὴν
1274 1571 1503 1640 ἠξίωται
1535 1575 1839 1643 σχήματος.
1869 1576 2024 1629 Μετά

444 1661 674 1726 χρόνους
705 1659 762 1711 δέ
787 1661 939 1728 τρεῖς
976 1662 1189 1714 ἐκεῖθεν
1222 1663 1500 1726 ἐξελθόντι
1531 1668 1628 1716 καὶ⁵
1672 1665 1751 1728 εἰς
1774 1683 1828 1720 τι
1858 1667 2026 1737 μονύ-

443 1744 592 1814 δριον
625 1749 756 1816 περὶ
801 1747 901 1818 τὴν
939 1750 1113 1820 αὐτὴν
1164 1749 1479 1820 Ἀθαναῖδα,
1529 1754 1608 1824 τῷ
1654 1754 1885 1827 τοιούτῳ
1926 1775 2024 1826 μο-

450 1836 598 1905 ναχῷ
633 1839 879 1908 Ἰγνατίῳ
907 1840 1166 1911 διαφέρον
1205 1845 1268 1896 ἐκ
1300 1846 1672 1914 γονικότητος,
1710 1847 1880 1918 συνῆν
1930 1848 2025 1902 καὶ

451 1926 737 1994 συνδιῆγεν
762 1928 932 1998 αὐτῷ,
967 1929 1322 2001 ἑξαμηνιαῖον
1359 1935 1417 1989 δέ
1465 1937 1662 2008 καιρὸν
1692 1939 1770 2002 εἰς
1805 1939 1868 1992 τὸ
1894 1939 2026 1993 αὐτὸ

452 2015 737 2088 μονύδριον
766 2016 935 2088 ἀμφω
958 2020 1385 2086 διαϐιϐάσαντες
1409 2026 1720 2096 ἀκηκόασιν
1747 2030 1810 2083 ἐκ
1836 2031 2026 2102 φήμης

451 2109 741 2179 ἐπιστῆναι
763 2127 884 2163 τινα
905 2112 983 2181 τῷ
1006 2117 1159 2184 τόπῳ
1197 2117 1460 2186 μοναχὸν,
1489 2120 1830 2189 καλούμενον
1859 2123 2025 2194 Σερα-

453 2201 632 2254 πίωνα
672 2201 1112 2277 Ἱεροσολυμίτην
1147 2211 1242 2265 καὶ
1268 2212 1328 2264 ἐν
1361 2212 1440 2280 τῷ
1467 2214 1670 2286 Σιναῖῳ
1695 2215 1816 2286 δρει
1846 2218 2026 2288 ἀσκή-

451 2307 636 2355 σαντα,
687 2293 783 2346 καὶ
813 2295 1053 2367 ἐντυχὼν
1079 2299 1230 2369 αὐτῷ
1276 2301 1305 2354 6
1359 2303 1717 2375 ἰερομόναχος
1756 2307 2026 2379 Κύριλλος

456 2381 628 2451 (οὕτω
653 2384 760 2453 γὰρ
785 2385 812 2437 6
836 2386 932 2439 τοῦ
967 2389 1272 2444 ἐπισκόπου
1299 2391 1524 2464 ἀνεψιὸς
1559 2399 2024 2471 μετωνόμασται)

448 2474 545 2527 καὶ
582 2476 927 2549 ὑποστρέψας
988 2481 1160 2546 πολὺς
1201 2478 1272 2555 ἦν
1306 2483 1628 2561 ἐπαινέτης
1681 2491 1920 2556 ἐκείνου,
1965 2493 2026 2546 τὸ

446 2565 749 2641 εὔστροφόν
777 2589 838 2626 τε
867 2577 969 2645 τῆς
999 2576 1250 2650 γλώττης
1281 2580 1375 2632 καὶ
1405 2581 1509 2651 τὴν
1544 2583 1756 2654 πλοκὴν
1811 2585 1905 2639 τοῦ
1943 2586 2026 2640 λό-

442 2677 543 2732 γου
575 2664 668 2716 καὶ
699 2665 760 2718 τὸ
789 2668 927 2737 πρδς
978 2669 1184 2741 ἀρετὴν
1228 2673 1525 2727 σπουδαῖον
1579 2676 1751 2741 τιθεὶς
1805 2678 1860 2731 ἐν
1893 2678 2025 2732 θαύ-

447 2770 600 2822 ματι.
637 2750 770 2808 Εἶτα
802 2757 938 2827 πρὸς
979 2759 1080 2830 τήν
1101 2762 1286 2815 αὐτῶν
1343 2767 1513 2834 μονὴν
1545 2766 1759 2820 ἐκεῖνον
1784 2770 2024 2824 καταλαο

443 2843 608 2896 ϐόντα
630 2840 736 2896 εἶδε
763 2862 794 2899 τ
825 2883 841 2900 .
877 2881 894 2900 .
924 2885 938 2900 .
979 2885 994 2898 .
1027 2849 1123 2901 καὶ
1147 2850 1176 2902 6
1198 2849 1440 2914 τοιοῦτος
1465 2853 1702 2924 μοναχὸς
1739 2855 2023 2924 Ἰγνάτιος,

443 2936 537 2986 καὶ
555 2931 813 3003 δεύτερον
843 2934 1004 2989 πάλιν
1027 2935 1137 2990 εἶδε
1171 2939 1445 3008 πεμφθεὶς
1481 2942 1622 3012 πρὸς
1651 2942 1817 2996 αὑτὸν
1850 2961 2022 3016 προσ-

443 3025 705 3094 αγορείας
735 3027 897 3099 χάριν
918 3030 1074 3099 παρά
1112 3031 1208 3084 τοῦ
1242 3033 1506 3104 ῥηθέντος
1555 3037 1851 3105 Κυρίλλου.
1888 3037 2024 3094 Εἶτα

2121 553 2450 615 δαλιζόντων
2473 550 2634 620 δῆθεν
2662 547 2860 608 αὐτοὺς
2887 544 3164 615 ἀφορμὰς,
3191 545 3258 613 τῇ
3290 542 3335 596 δ’
3363 543 3587 615 ἀληθείᾳ
3602 545 3694 616 ἐπὶ

2119 648 2198 712 τῷ
2227 643 2407 714 εὑρεῖν
2438 643 2529 695 τὸν
2589 639 3029 709 ὑποχωρήσαντα
3080 636 3188 705 πρὸ
3240 633 3437 705 μικροῦ
3491 635 3554 687 ἐκ
3587 635 3694 686 τῶν

2120 734 2282 790 αὐτοῦ
2319 731 2600 805 μαθητῶν,
2660 731 2736 794 ὡς
2768 729 2999 798 ὕστερον
3028 727 3320 784 δέδεικται.
3367 724 3557 796 Εἰσῄει
3583 726 3694 796 γάρ

2122 826 2285 880 αὑτὸν
2312 822 2514 888 ἔννοια,
2545 823 2619 892 μὴ
2654 819 2950 890 φανερωθῇ
2979 817 3073 871 ὑπ’
3099 816 3290 880 αὐτοῦ,
3325 817 3472 885 ὅμως
3513 833 3693 886 παρα-

2123 913 2300 968 ϐαλὼν
2335 915 2393 967 ἐν
2443 913 2628 976 αὐτοῖς
2675 910 2772 964 καὶ
2822 907 3002 978 εὑρὼν
3030 907 3120 960 τὸν
3170 905 3524 977 ζητούμενον,
3558 905 3694 973 πρὸς

2121 1008 2219 1080 τὴν
2269 1006 2559 1061 ’Δθαναῖδα
2591 1004 2758 1059 πάλιν
2787 1003 3103 1071 ὑπέστρεφε
3145 999 3261 1070 μετ’
3307 996 3493 1052 αὐτοῦ.
3534 985 3694 1050 Ὑπο-

2127 1101 2428 1171 στρέφοντα
2473 1099 2542 1152 δέ.
2571 1097 2836 1167 κατέσχον
2871 1095 2999 1164 περί
3053 1110 3157 1147 που
3208 1091 3268 1146 τὸ
3307 1090 3691 1161 Ἀτραμύτιον,

2122 1193 2318 1255 οἵτινες
2374 1191 2438 1243 ἐκ
2480 1171 2590 1242 τῶν
2623 1183 2924 1257 βασιλικῶν
2965 1183 3303 1255 παραμονῶν
3348 1181 3571 1250 ἐζήτουν
3602 1181 3694 1235 καὶ

2124 1283 2437 1353 ἀνηρεύνων
2467 1281 2629 1336 αὐτὸν
2668 1279 3074 1342 ἀποσταλέντες
3125 1277 3240 1332 ἐπὶ,
3281 1277 3458 1344 τούτῳ
3511 1274 3693 1326 λαϐεῖν

2125 1376 2492 1444 ἐπειγόμενοι.
2528 1371 2698 1426 Ἔνθα
2721 1373 2785 1442 δὴ
2809 1374 2905 1425 καὶ
2926 1368 3166 1438 φανεροῦ
3199 1367 3506 1435 γεγονότος,
3533 1365 3693 1418 αὑτὸν

2124 1469 2329 1521 ἐκεῖνον
2357 1464 2493 1520 εἰναι
2523 1468 2614 1518 τδν
2639 1465 2907 1534 θεοστυγῆ
2965 1466 3062 1518 καὶ
3098 1462 3409 1529 ἀπόϐλητον
3437 1461 3529 1513 καὶ
3558 1461 3693 1512 ἀπο-

2125 1562 2539 1631 κεκηρυγμένον
2568 1559 2852 1628 Θεόφιλον,
2893 1561 2920 1612 6
2949 1556 3182 1626 μοναχδς
3213 1554 3496 1622 Ἰγνάτιος,
3531 1569 3695 1621 προσ-

2126 1653 2296 1707 ελθὼν
2326 1654 2422 1708 καὶ
2449 1651 2743 1723 ἐξυϐρίσας
2775 1652 2852 1714 ὡς
2889 1651 3182 1703 ἀπατεῶνα
3235 1646 3328 1700 καί⁹
3374 1645 3568 1699 πλάνον
3601 1644 3692 1696 καὶ

2126 1746 2431 1815 ἀναθέματι
2458 1742 2860 1799 καθυποϐαλὼν
2881 1742 2987 1796 ὑπὸ
3012 1740 3290 1812 παρουσίᾳ
3314 1739 3409 1793 καὶ
3438 1738 3530 1792 τοῦ
3549 1754 3690 1806 upw-

2060 1813 2097 1868 Β
2127 1813 2392 1900 τοψάλτου
2427 1837 2528 1904 τῆς
2561 1833 2863 1905 ἐκκλησίας
2909 1830 3299 1902 Ἀτραμυτίου,
3356 1827 3437 1880 ἐτι
3473 1826 3562 1878 νῦν
3591 1842 3681 1878 πε-

2132 1934 2336 2001 ριόντος
2367 1931 2446 2002 τῷ
2478 1931 2580 2002 βίῳ
2611 1930 2708 1984 καὶ
2746 1932 2812 2000 τῇ
2841 1929 2991 1999 νήσῳ
3019 1927 3306 1998 Μιτυλήνῃ
3335 1923 3684 1992 ἐνδιατρίϐον-

2125 2042 2237 2088 τος.
2274 2028 2354 2088 εἰς
2386 2026 2487 2093 τὴν
2524 2024 2662 2077 ἰδίαν
2715 2021 2873 2084 αὖθις
2922 2019 3196 2090 ἐπανῆλθε
3263 2017 3431 2089 μονήν
3467 2016 3563 2086 τὴν
3595 2016 3691 2083 τῆς

2137 2118 2327 2186 Ἀγίας
2352 2119 2576 2187 Ἀννης.
2617 2117 2705 2170 Ἑν
2733 2117 2868 2186 αὐτῇ
2901 2116 3010 2183 γάρ
3039 2109 3107 2185 ἦν
3135 2114 3274 2184 μετά
3301 2112 3692 2182 τοῦείρημένου

2127 2211 2396 2282 Κυρίλλου
2430 2207 2813 2280 κατηντηκὼς,
2838 2209 2912 2272 ὡς
2935 2209 3177 2277 εἰρηται,
3203 2208 3297 2258 καὶ
3323 2205 3546 2273 διάγων,
3570 2203 3696 2256 ἔνθα

2125 2304 2190 2372 δὴ
2219 2305 2310 2356 καὶ
2344 2303 2518 2373 εὑρὼν
2551 2303 2642 2355 τὸν
2669 2299 2906 2370 μοναχὸν
2932 2300 3234 2365 Θεοδόσιον,
3262 2299 3319 2362 ὃς
3345 2298 3461 2351 ἐστι
3494 2299 3692 2352 διέπων

2126 2394 2228 2465 ἤδη
2255 2393 2323 2447 τά
2355 2393 2457 2460 τῆς
2485 2390 2716 2445 ἐνταῦθα
2748 2390 3051 2460 σεϐασμίας
3078 2389 3246 2458 μονῆς
3277 2387 3369 2440 τοῦ
3403 2388 3557 2455 ἁγίου
3577 2387 3693 2439 Ἀν-

2125 2487 2304 2557 δρέου,
2347 2485 2638 2558 ἀνήγγειλε
2666 2483 2735 2539 τὰ
2767 2482 2896 2554 περί⁵
2926 2481 3120 2537 τούτου
3156 2480 3325 2551 αὐτῷ.
3362 2482 3516 2535 Μετά
3546 2483 3692 2552 τρεῖς

2123 2579 2188 2632 δέ-
2216 2581 2389 2650 μῆνας
2435 2577 2648 2632 ἐκεῖθεν
2683 2576 3059 2647 ὑποχωρήσας,
3105 2575 3203 2628 καί
3243 2574 3378 2644 πρὸς
3410 2573 3469 2626 τδ
3505 2573 3694 2639 Ἀγιον

2128 2673 2295 2741 Ὄρος
2323 2670 2418 2724 τοῦ
2454 2668 2604 2723 Ἀθω
2627 2668 2973 2734 καταλαϐὼν,
3007 2667 3172 2737 συνῆν
3209 2665 3283 2737 τῷ
3305 2665 3617 2736 τιμιωτάτῳ
3637 2666 3696 2717 ἐν

2127 2765 2382 2835 μοναχοῖς
2440 2762 2546 2834 κῦρ
2582 2759 2846 2831 Γερμανῷ
2901 2760 2979 2830 τῷ
3029 2759 3312 2828 Φιλαρέτῳ
3362 2757 3568 2827 χρόνων
3591 2751 3692 2826 ήδη

2123 2855 2504 2926 παρελθόντων
2531 2855 2591 2919 ἐξ
2620 2854 2830 2908 ἐκείνου
2862 2851 3040 2905 εἰκοσι
3087 2851 3200 2904 δύο.
3243 2849 3352 2903 Καὶ
3383 2849 3567 2902 ἔκτοτε
3596 2847 3695 2915 οὐχ

2123 2949 2351 3020 εὕρηται
2371 2948 2491 3002 ούδέ
2519 2940 2699 3001 ὦπται
2721 2945 2828 2998 ὑπό
2853 2959 3001 3006 τινος
3024 2942 3158 2996 οὐδὲ.
3185 2938 3688 3010 καταμεμαρτύρηι

2123 3059 2212 3095 ται
2251 3039 2328 3111 τῷ
2360 3039 2604 3108 κακίστῳ
2627 3037 2873 3107 Θεοφίλῳ
2901 3036 3088 3107 τρόπῳ
3121 3033 3392 3104 οἱῳδήτινι
3429 3031 3686 3100 ἐντυχὼν,

444 3119 696 3183 κάκεῖνος
725 3121 853 3182 τοὺς
913 3123 1078 3187 ἰδίους
1115 3126 1367 3195 μαθητὰς
1417 3128 2090 3212 ἀντιπροσαγορεύσον-ο
2121 3132 2325 3201 ὥστεῆ
2373 3134 2454 3195 είς
2505 3129 2726 3200 ὁμιλίαν
2779 3126 2932 3198 αὐτῷ
3001 3126 3343 3195 συνελοείνῆ
3403 3125 3686 3178 κοινωνίαν

443 3228 543 3272 τας
573 3206 722 3282 αύτῷ
755 3213 1126 3282 ἐξαπέστειλε,
1155 3218 1282 3280 τοὺς
1318 3207 1518 3283 αὐτοὺς
1547 3220 1605 3273 δέ
1637 3223 1734 3274 καὶ
1766 3225 1903 3290 πρὸς
1933 3223 2024 3278 τὸν

435 3303 747 3376 ’χατζύκην,
773 3306 986 3359 δειλιῶν
1012 3308 1122 3378 γὰρ
1145 3304 1214 3381 ἦν
1244 3311 1373 3362 ἰδεῖν
1394 3310 1612 3377 τοῦτον,
1644 3314 1720 3384 μὴ
1749 3315 2022 3382 ἐντεῦθεν,

445 3397 592 3459 ὅστις
617 3397 754 3465 ἐστὶ,
783 3400 1149 3470 φανερωθείη,
1165 3403 1555 3474 πληροφορίαν
1579 3406 1634 3459 δέ
1664 3407 1816 3475 ὅμως
1843 3408 2024 3461 λαϐὼν

446 3485 542 3540 τοῦ
578 3486 652 3558 μὴ
682 3490 1027 3559 ἐγνωσμένος
1059 3493 1209 3563 αὐτῷ
1243 3489 1384 3548 εἶναι
1416 3495 1635 3567 ἐνέτυχε
1659 3498 1832 3569 τούτῳ
1859 3501 1924 3571 δὴ
1947 3501 2026 3570 τῷ

448 3577 719 3653 χατζύκῃ.
758 3583 993 3637 Ἔπειτα
1027 3585 1239 3656 μαθὼν,
1275 3587 1371 3640 καὶ
1405 3589 1530 3650 τοὺς
1564 3590 1693 3660 περί
1721 3590 1820 3661 τὴν
1857 3591 2025 3663 μονὴν

447 3671 558 3723 τῶν
591 3673 825 3728 Σανίδων
855 3679 1058 3740 τόπους
1106 3678 1584 3752 ἐπιτηδειοτέρους
1627 3683 1709 3745 εἰς
1738 3681 2028 3755 ἀναχώρη-

449 3788 538 3824 σιν
571 3768 715 3826 είναι
771 3775 869 3828 καὶ
923 3775 1036 3829 τῶν
1071 3778 1358 3846 κοσμικῶν
1391 3779 1637 3850 θορύϐων
1669 3779 2028 3849 ἀπηλλαγμέ·

448 3881 574 3937 νους
603 3867 697 3917 καὶ
731 3867 1027 3936 ἐπιστῆναι
1049 3869 1234 3932 αὐτοῖς
1263 3869 1613 3941 βουλόμενος,
1642 3853 1822 3943 ζητῶν
1847 3866 1914 3941 ἦν
1935 3869 2027 3924 τὸν

449 3957 600 4017 αὐτῷ
629 3959 1047 4027 συνοδεύσοντα,
1077 3961 1177 4014 καὶ
1197 3962 1320 4014 ἐπεὶ
1337 3963 1502 4026 αὐτὸς
1530 3964 1596 4034 δὴ
1622 3964 1826 4043 οὗτοςῄ
1854 3963 2028 4032 Ἰγνάο

448 4067 566 4114 τιος
603 4047 714 4120 εἶχέ
741 4069 864 4105 τινα
894 4054 1334 4124 κατεπείγουσαν
1356 4057 1548 4127 χρείαν
1593 4059 1685 4110 ἐπὶ
1713 4056 1792 4126 τῷ
1824 4056 2028 4128 βμϐλίον

446 4156 500 4194 τι
526 4140 714 4194 λαϐεῖν
773 4142 984 4196 ἐκεῖθεν
1041 4145 1136 4198 καὶ
1172 4147 1526 4218 μεταγράψαι
1565 4147 1644 4217 τῷ
1692 4147 1773 4210 εἰς
1826 4148 2030 4217 ἐκκλη-

450 4232 678 4302 σίαρχον
708 4231 916 4302 ἀρτίως
940 4234 1320 4306 εὑρισκομένῳ
1354 4237 1456 4307 τῆς
1484 4237 1658 4306 αὐτῆς
1678 4236 1772 4290 τοῦ
1812 4239 2030 4309 Πιπερᾶ

450 4323 620 4392 μονῆς
661 4323 883 4394 μοναχῷ
946 4325 1255 4398 Ἀρκαδίῳ,
1319 4329 1621 4382 συνώδευσε
1682 4330 1776 4381 τὸν
1826 4330 2028 4401 τρόπον

443 4414 637 4468 τοῦτον
663 4415 876 4486 ἐκείνῳ,
907 4417 1066 4488 πλὴν,
1095 4422 1559 4491 καταντησάντων
1585 4411 1916 4492 ἀμφοτέρων
1947 4423 2027 4484 εἰς

2125 3228 2261 3286 ὅλως
2296 3227 2444 3296 σχεῖν
2466 3240 2588 3277 τινα
2613 3223 2746 3292 πρὸς
2769 3222 2954 3288 αὐτὸν,
2987 3219 3094 3282 ἕως
3124 3220 3182 3272 ἐν
3208 3220 3318 3281 τοῖς
3351 3219 3516 3283 ζῶσιν
3549 3216 3688 3270 ἐκεῖ·

2124 3337 2210 3382 νος
2240 3315 2330 3390 ἦν.
2391 3317 2666 3384 Τοιαύτην
2709 3316 2802 3368 καὶ
2843 3316 2872 3367 δ
2901 3310 3143 3374 τοιοῦτος
3177 3311 3405 3382 μοναχὸς
3442 3309 3695 3378 Ἰγνάτιος

2099 3411 2222 3481 χυτὴν
2255 3411 2534 3480 ἀναφορὰν
2563 3408 2936 3476 ποιησάμενος
2970 3406 3259 3475 μάρτυρας
3287 3405 3368 3466 εἰς
3407 3403 3690 3472 παράσταο

2127 3519 2212 3556 σιν
2245 3500 2579 3572 προεϐάλετο
2609 3499 2721 3553 ἀπὺ
2759 3500 2860 3568 μὲν
2898 3500 3001 3568 τῆς
3041 3497 3342 3569 εἰρημένης
3388 3496 3552 3565 μονῆς
3596 3494 3695 3560 τῆς

2138 3595 2324 3663 Ἀγίας
2352 3592 2694 3663 Ἀννηςντοὺς
2725 3593 3151 3662 εὑρισκομένους
3180 3591 3238 3644 ἐν
3259 3592 3324 3660 τῇ
3349 3588 3571 3658 τοιαύτῃ
3601 3585 3695 3640 τοῦ

2126 3689 2345 3760 Πιπερᾶ
2380 3691 2540 3759 μονῇ,
2567 3686 2659 3740 τόν
2689 3703 2748 3738 τε
2769 3683 3082 3754 δηλωθέντα
3105 3682 3502 3751 ἐκκλησίαρχον
3530 3678 3695 3745 αὐτῆς

2125 3781 2215 3834 τὸν
2255 3777 2688 3858 ’Δρκάδιον,,τδν
2723 3776 3048 3840 Κάλλιστον,
3099 3776 3192 3829 τὸν
3250 3773 3570 3844 Νίκανδρον.
3604 3770 3694 3822 τὸν

2125 3875 2398 3944 Νέστορα,
2449 3871 2541 3926 τὸν
2590 3870 2859 3941 Κύριλλον
2893 3871 2989 3922 καὶ
3035 3869 3128 3922 τὸν
3159 3865 3472 3930 Ὑάκινθον,
3507 3864 3612 3918 ἀπδ
3637 3863 3693 3916 δέ

2126 3967 2225 4036 τῆς
2257 3964 2426 4035 μονῆς
2474 3963 2584 4016 τῶν
2643 3961 2908 4030 Ζυγανῶν
2931 3963 2994 4014 ἐκ
3019 3961 3279 4028 γειτόνων
3319 3958 3485 4030 οὔσης
3508 3961 3572 4030 τῇ
3600 3960 3695 4028 τῆς

2139 4057 2328 4125 Ἀγίας
2365 4057 2567 4125 Ἀννης
2602 4056 2761 4124 μονῇ,
2800 4051 2931 4116 τοὺς
2978 4051 3407 4122 εὑρισκομένους
3429 4052 3486 4104 ἐν
3508 4053 3570 4119 τῇ
3602 4046 3694 4100 τοῦ

2127 4147 2440 4216 Μυρελαίου
2507 4145 2666 4215 μονῇ,
2699 4142 2790 4196 τὸν
2822 4142 3204 4210 ὴγουμενικῶς
3255 4141 3424 4210 αὐτῆς
3449 4138 3696 4211 προϊστάο

2133 4259 2293 4312 μενον
2325 4242 2659 4310 τιμιώτατον
2690 4238 2748 4289 ἐν
2779 4236 3041 4304 μοναχοῖς
3074 4233 3181 4304 κῦρ
3204 4235 3575 4298 Γαλακτίωνα,
3607 4233 3693 4284 τδν

2132 4335 2364 4404 μοναχὸν
2421 4331 2722 4392 Θεοδόσιον,
2772 4329 2866 4379 τὸν
2913 4325 3228 4396 Μακάριον,
3282 4327 3372 4380 τὸν
3403 4326 3693 4395 Δωρόθεον,

2130 4428 2222 4481 τὸν
2241 4424 2526 4479 Γεννάδιον
2555 4421 2650 4474 καί¹
2671 4421 2797 4484 τοὺς
2824 4415 3244 4487 διαληφθέντας,
3269 4417 3358 4469 τόν
3383 4433 3440 4467 τε
3473 4415 3700 4483 μοναχὸν

443 4507 542 4580 τὴν
575 4506 916 4577 δηλωθείσαν
946 4512 1056 4564 τῶν
1089 4513 1332 4566 Σανίδων
1363 4514 1554 4582 μονὴν,
1602 4513 1841 4568 δέδωκεν
1872 4515 2022 4584 εἴδη⁶
2056 4505 2105 4564 D
2132 4520 2534 4590 Θεοστήρικτον
2567 4515 2659 4568 τὸν
2693 4511 2973 4584 χατζύκην
3001 4509 3210 4562 καὶτὸν
3242 4507 3478 4579 μοναχὸν
3512 4506 3701 4558 Θεοδό-

444 4604 807 4675 σινόρηθεὶς
873 4607 1135 4675 Ἰγνάτιος
1191 4607 1323 4676 περὶ
1381 4606 1575 4660 τούτου
1632 4607 1711 4679 τῷ
1743 4608 2022 4680 χρηματί-

442 4711 599 4747 σαντι
657 4697 1064 4769 καθηγουμένῳ
1111 4699 1212 4769 τῆς
1260 4699 1432 4764 αὐτῆς
1483 4700 1654 4770 μονῆς
1681 4703 1878 4773 ἐκείνῳ
1907 4701 2016 4772 κῦρ

454 4787 742 4855 Ἀγάθωνι,
771 4793 926 4863 ἀνδρὶ
972 4794 1041 4844 τὰ
1073 4792 1190 4844 θεῖα
1217 4793 1599 4866 ἐξησκημένῳ,
1628 4799 1726 4849 καὶ
1752 4796 1852 4866 τὴν
1889 4797 2012 4848 ἐπι-

440 4879 642 4950 δημίαν
668 4884 878 4937 ἐκείνου
917 4887 944 4938 6
979 4885 1143 4949 αὐτὸς
1191 4885 1296 4956 κύρ
1323 4886 1576 4954 Ἀγάθων
1608 4889 1698 4943 διά
1749 4891 1848 4959 τὴν
1878 4906 2015 4960 κρα-

442 4971 640 5026 τοῦσαν
680 4973 824 5042 ὑπὲρ
853 4972 1018 5028 αὐτοῦ
1052 4979 1243 5047 φήμην
1273 4979 1711 5049 ἀποδεξάμενος,
1747 4983 2016 5049 προσεῖπε

442 5065 542 5133 μὲν
566 5065 729 5120 αὑτὸν
756 5065 926 5136 ἡδέως
972 5069 1070 5120 καὶ
1097 5070 1570 5140 προσεφθέγξατο,
1623 5071 1924 5141 κατενόησε
1959 5074 2018 5128 δέ

439 5157 588 5225 ὅμως
617 5160 828 5212 ἐκεῖνον
857 5158 916 5224 ἐξ
949 5153 1026 5214 ὧν
1070 5161 1238 5232 ῆκουε
1268 5161 1497 5231 λέγοντά
1523 5179 1582 5216 τε
1614 5163 1713 5216 καὶ
1737 5163 2022 5234 ἐγκαυχώ-

446 5265 608 5316 μενον
638 5249 806 5321 μηδὲν
831 5253 1206 5322 πνευματικὸν
1249 5253 1416 5325 ἐχειν,
1465 5254 1602 5308 ἀλλά
1623 5257 1736 5319 τοῖς
1768 5257 2023 5326 ματαίοις

445 5341 526 5393 ἐτι
557 5344 746 5412 φέρειν
792 5344 1212 5415 ἐπιχάσκουσαν
1254 5348 1351 5418 τὴν
1382 5347 1565 5419 ψυχὴν
1588 5349 1904 5420 φιλοτιμίας
1930 5351 2024 5402 καὶ

445 5434 751 5502 φιλοδοξίας
775 5437 937 5490 πάθει
968 5438 1064 5508 τῆς
1096 5439 1190 5492 ἐπὶ
1227 5442 1343 5504 τοῖς
1370 5440 1549 5510 λόγοις
1591 5443 1685 5498 καὶ
1714 5443 1809 5496 τοῦ
1839 5443 1907 5496 δι’
1929 5443 2028 5497 αὐ·-

445 5526 554 5578 τῶν
589 5528 956 5597 σεμνύνεσθαι
986 5532 1359 5603 ἐνισχόμενον.
1417 5536 1563 5607 Πλὴν
1607 5537 1815 5590 ἐκεῖθεν
1853 5554 2020 5607 μετα-

445 5617 646 5682 ϐάντες
679 5619 759 5684 εἰς
786 5622 844 5674 τὺ
874 5623 1146 5696 Χαρίορος
1177 5627 1252 5699 τῷ
1281 5631 1594 5701 φαινομένῳ
1627 5631 1748 5700 μὲν,
1769 5629 1842 5692 ὡς
1866 5630 2029 5692 αὐτὸς

449 5706 662 5777 ἔλεγεν,
695 5712 782 5766 ἰνα
812 5716 938 5782 τοὺς
963 5718 1141 5770 ἐκεῖσε
1173 5718 1603 5791 διαφερομένους
1637 5723 1704 5792 τῇ
1730 5719 2029 5791 Ἐκκλησία

455 5799 543 5872 {an
566 5805 658 5860 καὶ
693 5807 802 5863 τῶν
829 5808 958 5865 παρ’
999 5811 1181 5867 αὐτῶν
1219 5813 1532 5885 λεγομένων
1568 5811 1870 5884 ἐπακούσῃ,
1922 5814 2030 5868 ἀπὸ

2137 4631 2251 4668 σιον
2283 4611 2376 4663 τὸν
2402 4607 2680 4675 εὐνοῦχον.
2718 4600 2820 4656 Ὧν
2848 4603 2912 4672 δὴ
2946 4602 3040 4655 καὶ
3078 4598 3542 4668 μαρτυρησάντων
3561 4593 3702 4647 οὕτω

2121 4709 2216 4764 καὶ
2250 4704 2324 4775 μὴ
2351 4702 2526 4763 ἄλλως
2554 4699 2700 4769 ἐχειν
2721 4695 2790 4749 τὰ
2819 4693 3088 4764 εἰρημένα
3124 4690 3427 4757 διέγνωμεν
3454 4688 3544 4739 καὶ
3564 4687 3694 4738 ἀπε-

2122 4795 2439 4870 φηνάμεθα,
2487 4792 2669 4846 ἀθῶον
2719 4785 3070 4841 παντάπασιν
3130 4783 3195 4835 ἐκ
3251 4782 3347 4834 τοῦ
3406 4781 3694 4850 εἰρημένου

2121 4869 2473 4962 ἐγκλήματος
2498 4883 2793 4954 τυγχάνειν
2825 4881 2917 4933 τὸν
2937 4877 3249 4948 δηλωθέντα
3277 4872 3506 4945 μοναχὸν
3524 4869 3693 4962 ἰγνάο

2122 4960 2238 5036 τιον
2295 4979 2358 5032 οὐ
2414 4977 2597 5046 μόνον,
2632 4975 2715 5027 ὃτι
2749 4971 2825 5041 μὴ
2853 4968 3010 5032 εἰδὼς
3060 4966 3137 5034 τῷ
3177 4965 3465 5031 θεοστυγεῖ
3503 4960 3690 5028 ἐκείνῳ

2123 5075 2350 5143 ἐνέτυχε
2381 5072 2475 5124 καὶ
2505 5069 2600 5122 ἐπὶ
2643 5065 2794 5138 τρισὶ
2827 5062 3021 5134 μόναις
3069 5059 3307 5131 ἡμέραις
3344 5058 3536 5126 ἐκείνῳ
3571 5072 3700 5106 συν-

2125 5165 2353 5226 ὥδευσε,
2383 5159 2694 5230 ποιουμένῳ
2723 5157 2824 5227 τὴν
2862 5154 3167 5224 εἰρημένην
3197 5148 3527 5219 ὁδοιπορίαν,
3567 5147 3700 5200 ἀλλὰ

2125 5260 2222 5311 καὶ
2247 5254 2424 5324 πολλῷ
2459 5253 2684 5324 μᾶλλον,
2725 5245 3151 5316 ὅτι’γνωσθέντα
3180 5242 3369 5295 τοῦτον
3395 5241 3488 5293 καὶ
3516 5235 3701 5291 ἀνεθε-

2133 5350 2330 5418 μάτισε
2361 5326 2466 5399 καὶ
2504 5333 2878 5411 ἀπεκήρυξε,’
2906 5337 3001 5389 καὶ
3027 5334 3087 5398 ἐξ
3132 5332 3350 5386 ἐκείνου
3403 5329 3700 5396 ἀποϐεϐλη-

2133 5441 2294 5511 μένον
2329 5437 2440 5507 ἔχει
2486 5433 2580 5488 καὶ
2613 5430 2941 5502 ἀνομολογεῖ
2986 5429 3081 5511 καὶ
3113 5427 3210 5496 τῆς
3245 5423 3408 5491 ἀγίας
3439 5421 3532 5474 τοῦ
3567 5419 3700 5472 Θεοῦ

2144 5528 2475 5594 Ἐκκλησίας
2508 5524 2824 5594 ἀλλότριον,
2859 5509 3000 5574 ὅθεν
3040 5519 3133 5571 καὶ
3175 5515 3434 5585 οὐδεμίαν
3466 5512 3574 5564 ἀπὸ
3606 5511 3701 5580 τῆς

2810 5575 2959 5679 ’ἕξει
2995 5613 3054 5664 τὸ
3112 5608 3220 5664 ἀπὸ
3253 5575 3406 5661 τοῦδε
3438 5575 3702 5675 μέμψιν-ἦ

2137 5721 2484 5782 κατάγνωσιν
2542 5712 2570 5764 6
2629 5708 2792 5770 αὐτὸς
2846 5693 3088 5776 ιμοναχὸς
3140 5698 3582 5771 Ἱγνάτιος,ἀλ>.ἀ
3626 5695 3704 5760 ὡς

2137 5813 2201 5862 ἀν
2237 5811 2474 5878 γκλητον
2505 5806 2599 5879 καί
2625 5805 2721 5856 ἕνα
2747 5799 2856 5854 τῶν
2894 5797 3191 5869 ὀρθοδόξων
3223 5797 3314 5849 καὶ
3348 5789 3586 5845 εὐσεϐῶν
3609 5791 3702 5846 καὶ
