4082 6460
485 438 620 501 209

1436 433 1757 495 JOANNIS
1799 434 2071 496 GLYCIS
2112 436 2221 496 ΟΡ.
2262 436 2771 498 PATRIARCILE

3592 432 3725 496 Ῑίθθ

479 574 617 620 σεως
672 568 767 608 και
827 552 1156 616 συνδικάσας
1214 553 1346 623 ἡμῖν
1380 553 1471 604 καὶ
1501 552 2049 625 συναποφηνάμενος.
2087 558 2129 613 Δ
2159 553 2312 620 άγίου
2344 571 2445 623 μου
2471 553 2897 623 αὐτοκράτορος,
2932 549 3146 622 μεγάλη
3175 550 3468 615 παπίαινα,
3490 569 3726 623 γνησιω-

476 648 683 703 Τούτου
715 647 823 716 γάρ
850 647 1013 716 χάριν
1045 644 1349 698 ἐπιδέδοται
1384 644 1461 714 τῷ
1494 644 1850 714 διαληφθέντι
1898 645 2054 697 Κων-

477 742 743 812 σταντίνῳ
792 740 871 807 τῷ
920 737 1138 809 Παλάτῃ
1196 737 1289 791 καὶ
1347 738 1407 791 τδ
1439 735 1615 807 παρὸν
1660 735 1904 807 γράμμα·
1951 735 2054 807 τῆς

475 832 634 902 ήμῶν
667 831 1048 902 μετριότητος.

470 947 610 1004 VIII.
661 943 979 1017 Episcopum
1011 944 1210 1026 Chii-l1
1251 943 1453 998 clericis
1487 945 1599 998 ειιὶε
1642 949 1954 997 accusatum
1999 943 2054 995 in

1130 1032 1216 1067 ms
1248 1023 1416 1067 vocat.

1119 1032 1216 1086 ⁸τιιε
1248 1031 1416 1069 vocat.

543 1132 584 1202 -ι-
614 1130 1014 1201 Θεοφιλέστατε
1048 1128 1317 1182 ἐπίσκοπε
1350 1128 1508 1190 Χίου,
1552 1128 1715 1197 χάρις
1741 1126 1826 1196 εἴη
1852 1128 1949 1180 καὶ
1976 1126 2056 1178 εί-

474 1229 617 1296 ρήνη
647 1225 799 1295 παρά
825 1224 963 1279 Θεοῦ
1008 1226 1075 1295 τῇ
1111 1226 1177 1295 σῇ
1214 1224 1483 1293 ίερότητι.
1540 1221 1735 1292 ι’ραφη
1763 1220 2056 1289 ἀπεστάλη

476 1318 632 1387 παρὰ
672 1317 780 1369 τῶν
803 1317 1087 1387 κληρικῶν
1122 1317 1220 1384 τῆς
1251 1314 1397 1368 κατά
1441 1313 1505 1367 σὲ
1533 1313 1794 1384 τοιαύτης
1819 1312 2059 1380 ἁγιωτά-

471 1428 573 1481 της
604 1410 937 1489 ἐπισκοπῆς,
961 1408 1268 1479 αἰτιάματα
1295 1406 1744 1477 διαλαμϐάνουσα
1772 1405 2058 1461 καθαπτό-

478 1519 617 1571 μενα
671 1502 774 1572 τῆς
833 1499 1144 1569 θεοφιλείας
1201 1516 1297 1553 σου
1334 1501 1431 1553 καὶ
1496 1500 1786 1571 συνοδικῆς
1827 1501 2062 1572 δεόμενα

472 1594 777 1661 ἐξετάσεως
802 1610 860 1645 τε
890 1592 988 1646 καὶ
1013 1592 1382 1661 διαγνώσεως.
1422 1592 1817 1663 Παρεγγυᾶται
1859 1593 1955 1649 οῦν
1991 1599 2058 1666 τῇ
2103 1586 2107 1591 ’

472 1686 756 1755 θεοφιλείᾳ
777 1702 873 1738 σου
899 1685 933 1756 ή
965 1683 1259 1755 μετριότης
1287 1685 1446 1754 ἡμῶν
1466 1686 1803 1741 καταλαϐεῖν
1823 1688 2062 1744 ἐνταῦθα

477 1779 579 1832 ἐπὶ
611 1776 690 1848 τῷ
723 1776 1172 1846 ἀπολογήσασθαι
1196 1775 1377 1830 ταῦτα
1397 1776 1461 1849 δὴ
1502 1778 1571 1831 τά
1610 1778 1907 1850 κινηθέντα
1935 1782 2064 1836 κατ’

477 1871 649 1939 αὐτῆς
672 1871 1000 1939 αἰτιάματα,
1050 1868 1159 1932 ἕως
1191 1868 1419 1929 εὔθετός
1468 1870 1586 1924 ἐστι
1617 1872 1745 1943 περὶ
1766 1872 1860 1925 τὸν
1888 1874 2060 1927 πλοῦν
2090 1901 2134 1962 Β

478 1961 575 2012 καὶ
602 1959 909 2028 ἐπιτήδειος
939 1958 969 2010 δ
991 1960 1206 2029 καιρός.
1244 1959 1308 2012 ΕΞ
1341 1960 1454 2031 γάρ
1481 1959 1558 2031 μὴ
1591 1960 1942 2034 άπαντήσῃς,
1962 1964 2059 2017 καὶ

483 2051 637 2121 μόνοι
659 2052 708 2105 oi
739 2052 808 2105 τά
857 2050 1086 2105 τοιαῦτα
1120 2051 1428 2121 αἰτιάματα
1483 2051 1762 2117 κινοῦντες
1801 2053 2059 2125 κληρικοὶ

462 2141 881 2207 καταλάϐωσιν,
907 2142 1095 2196 οὐκέτι
1120 2141 1357 2211 γράμμα
1379 2142 1507 2214 δέξῃ
1531 2145 1627 2213 τῆς
1648 2144 1681 2213 ή
1691 2143 1808 2214 μῶν
1840 2144 2061 2215 μετριό-

476 2249 639 2303 τητος
668 2232 858 2304 ἕτερόν
880 2250 940 2288 σε
967 2234 1106 2304 πρὸς
1130 2235 1199 2288 τά
1229 2228 1335 2290 ὧδε
1384 2236 1887 2306 μετακαλούμενον,
1921 2236 2059 2291 ἀλλά

476 2340 538 2377 το
567 2324 738 2393 παρὸν
771 2324 925 2377 ἔσται
986 2341 1072 2378 σοι
1121 2326 1219 2378 καὶ⁵
1251 2327 1377 2381 ἀντὶ
1435 2328 1694 2397 δευτέρου
1747 2330 1842 2382 καὶ
1867 2330 2057 2399 τρίτου

477 2416 822 2488 μηνύματος,
878 2418 975 2471 καὶ
1007 2419 1265 2487 συνοδικὴ
1313 2420 1589 2488 ἀπόφασις
1640 2419 2058 2491 ἐξενεχθήσεται

474 2510 568 2563 ἐπὶ
597 2510 683 2563 σοὶ
707 2510 784 2573 ὡς
817 2500 1228 2578 φυγοδικοῦντι,
1263 2513 1407 2565 κατά
1434 2512 1536 2581 τήν
1559 2511 1670 2565 τῶν
1698 2513 1862 2584 ἱερῶν
1892 2511 2057 2566 κανό-

475 2621 582 2656 νων
602 2603 813 2673 ἀκριϐῆ
842 2604 1257 2675 παρατήρησιν.
1285 2605 1387 2658 Διά
1416 2604 1579 2658 τοῦτο
1600 2606 1666 2673 δὴ
1692 2606 1786 2658 καὶ
1818 2604 2060 2658 καταλα-

452 2696 622 2750 ιϐἐτω
654 2697 688 2768 ἡ
721 2696 788 2764 σὴ
825 2695 1104 2766 θεοφίλεια
1136 2695 1521 2765 προσλαϐοῦσα
1555 2696 1677 2767 μεθ’
1725 2696 1934 2767 ἑαυτῆς
1964 2697 2058 2749 καὶ

473 2791 568 2844 τὸν
594 2788 985 2859 χαρτοφύλακα
1039 2789 1139 2858 τῆς
1192 2792 1290 2859 σῆς
1331 2789 1646 2857 ἁγιωτάτης
1688 2788 2055 2856 ιἘκκλησίας,

476 2881 553 2944 ὡς
602 2879 669 2933 ἂν
720 2879 815 2932 καὶ
851 2879 1006 2943 οὗτος
1042 2877 1482 2949 ἀπολογήσηται,
1539 2878 1684 2946 άπερ
1741 2877 1862 2931 κατ’
1893 2877 2058 2931 αὐτοῦ

477 2973 629 3042 παρὰ
651 2972 758 3025 τῶν
779 2972 1038 3025 τοιούτων
1059 2970 1344 3041 κληρικῶν
1366 2954 1702 3041 ἐκινήθησαν
1726 2972 2053 3040 αἰτιάματα.

490 3062 556 3116 Ἦ
582 3063 739 3133 χάρις
773 3061 865 3114 τοῦ
895 3058 1033 3114 Θεοῦ
1056 3059 1144 3129 εἴη
1172 3059 1315 3131 μετά
1347 3059 1449 3129 τῆς
1477 3057 1790 3127 θεοφιλείας
1831 3075 1953 3113 σου.

472 3198 569 3255 1Κ.
606 3199 834 3256 Clericos
863 3196 1052 3253 insula:
1082 3197 1199 3253 Chii
1220 3199 1275 3251 in
1307 3198 1567 3269 synodum
1594 3207 1765 3262 vocat,
1794 3205 1850 3250 ut
1893 3214 2054 3251 arcu-

2161 647 2295 715 τάτη
2329 645 2471 699 κατά
2503 644 2723 715 πνεῦμα
2752 645 3002 714 θυγάτηρ
3041 643 3140 714 τῆς
3162 644 3322 713 ήμῶν
3354 644 3725 715 μετριότητος,

2158 736 2526 806 εὐγενεστάτη
2581 738 2726 809 κυρά
2782 736 3075 807 Εὐδοκίαή
3124 734 3572 804 Νεστογγόνισσα
3598 738 3727 806 ἀνή-

2160 846 2322 899 νεγκε
2355 828 2648 893 συνοδικῶς
2678 831 2743 900 τῇ
2779 831 2940 900 ήμῶν
2969 831 3313 899 μετριότητι,
3338 829 3413 892 ὡς
3445 830 3735 897 ἀνεδέξατο

2162 924 2259 978 καὶ
2290 924 2681 995 είσεποιήσατό
2704 941 2823 977 τινα
2846 913 3017 996 κόρην
3039 924 3299 993 ἑπταετῆ,
3333 925 3430 977 καὶ
3454 924 3736 992 ἐπιμελῶς

2161 1019 2425 1090 ἀνέτρεφε
2457 1019 2664 1089 ταύτην
2692 1018 2789 1070 ἐπί
2827 1017 3045 1087 χρόνοις
3071 1019 3302 1081 ἱκανοῖς,
3353 1017 3446 1071 καὶ
3470 1010 3560 1069 οία
3598 1032 3734 1083 γνη-

2164 1111 2286 1165 σίαν
2320 1111 2481 1165 παῖδα
2508 1111 2695 1182 σχεδὸν
2723 1110 3006 1180 ἔστεργεν,
3027 1110 3104 1174 ὡς
3125 1113 3221 1164 καὶ
3249 1110 3348 1163 ούκ
3374 1108 3531 1174 ὀλίγα
3557 1107 3737 1176 πράγ-

2165 1220 2313 1273 ματα
2355 1201 2795 1286 καταπιστεῦσαι
2835 1202 3083 1273 αὐτῇ,τὰ
3109 1203 3209 1273 μὲν
3238 1202 3317 1264 είς
3344 1199 3737 1271 παρακαταθή-

2162 1312 2287 1365 κην,
2325 1298 2395 1350 τά
2422 1295 2481 1349 δέ
2530 1295 2618 1349 ῖνα
2675 1295 2819 1365 ὑπὲρ
2865 1295 3094 1365 προικὸς
3147 1295 3290 1364 αὐτῇ
3328 1291 3515 1353 δώσει,
3571 1291 3732 1360 ήνίκα

2163 1388 2400 1463 συζεύξῃ
2442 1390 2651 1461 ταύτην
2710 1391 2852 1444 κατά
2892 1389 3091 1460 νόμους
3126 1386 3315 1458 ἀνδρί·
3370 1386 3406 1455 ή
3438 1384 3516 1451 δὲ,
3544 1381 3733 1454 ὥσπερ

2162 1481 2533 1552 ἐπιλαθομένη
2587 1482 2699 1535 τῶν
2728 1481 2867 1552 προς
2895 1480 3071 1550 αὐτὴν
3122 1478 3343 1545 ἐκείνης
3378 1476 3732 1546 εὐεργεσιῶν,

2163 1575 2281 1638 τοῖς
2311 1574 2580 1637 ἐναντίοις
2605 1574 2779 1643 αὐτὴν
2803 1571 3106 1643 ἠμείψατο,
3134 1572 3231 1624 καὶ
3255 1568 3735 1628 ἀπαυθαδειάσασα

2161 1667 2225 1720 οὐ
2258 1669 2424 1733 μόνον
2448 1666 2669 1722 διέϐαλε
2697 1666 2902 1735 ταύτην
2933 1668 3026 1720 καὶ
3056 1666 3352 1736 περιέευρε
3377 1663 3476 1719 καὶ
3514 1661 3733 1718 ἐπιϐού-

2162 1754 2271 1820 λως
2319 1756 2697 1825 ἐξουθένησεν,
2759 1756 2897 1810 ἀλλά
2959 1758 3056 1809 καὶ
3102 1754 3277 1825 ἀνδρα
3312 1753 3464 1825 παρά
3509 1752 3728 1825 γνώμην

2163 1849 2336 1917 αὐτῆς
2357 1847 2619 1919 ήγάγετο,
2656 1850 2753 1901 καὶ
2781 1849 2849 1902 τά
2872 1848 3102 1902 τοιαῦτα
3145 1850 3452 1917 πράγματα
3487 1846 3559 1899 ἐτι
3582 1862 3716 1899 κατ-

2161 1942 2278 2011 έχει
2313 1941 2443 2012 παρ’
2476 1941 2673 2012 ἑαυτῇ.
2720 1933 2823 1994 Ὧν
2853 1940 3018 2012 χάριν
3049 1940 3146 1995 καὶ
3175 1939 3368 2011 ἐδεήθη
3404 1940 3437 2009 ή
3466 1938 3602 2008 αὐτὴ
3630 1954 3724 2007 με-

2161 2033 2301 2102 γάλη
2332 2036 2601 2088 παπίαινα
2629 2033 2731 2103 τῆς
2764 2035 2924 2103 ήμῶν
2960 2033 3319 2105 μετριότητος
3371 2031 3509 2085 ὥστε
3533 2033 3733 2084 ἐπανα-

2162 2125 2407 2195 σωθῆναι
2470 2124 2635 2178 πάλιν
2685 2124 2864 2179 ταῦτα
2921 2126 3085 2197 αὐτῇ,
3118 2125 3191 2178 δι’
3238 2128 3305 2197 ἣν
3355 2122 3729 2195 ἐπεδείξατοή

2162 2219 2434 2288 εἰρημένη
2483 2218 2814 2287 ἀχαριστίαν
2865 2218 2960 2271 καὶ
2990 2218 3277 2272 ἐπίϐουλον
3328 2219 3554 2287 γνώμην
3595 2218 3734 2286 πρὸς

2158 2312 2352 2383 αὐτήν.
2406 2312 2618 2381 Διέγνω
2667 2312 2847 2365 τοίνυν
2878 2313 2911 2381 ή
2944 2311 3237 2382 μετριότης
3277 2310 3438 2382 ήμῶν
3462 2309 3599 2380 μετά
3619 2311 3727 2363 τῶν

2159 2407 2289 2475 περὶ
2317 2407 2491 2476 αὐτὴν
2522 2405 2835 2473 ίερωτάτων
2869 2403 3198 2475 ἀρχιερέων,
3241 2403 3338 2456 τοῦ
3380 2401 3728 2472 Ἡρακλείας,

2157 2498 2253 2551 τοῦ
2285 2498 2560 2570 Σάρδεων,
2605 2496 2701 2551 τοῦ
2734 2496 3133 2567 Νικομηδείας,
3180 2494 3277 2549 τοῦ
3317 2494 3576 2558 Νικαίας,
3635 2495 3730 2549 τοῦ

2172 2591 2537 2660 Χαλκηδόνος,
2591 2591 2687 2645 τοῦ
2715 2590 3142 2661 Θεσσαλονίκης,
3189 2590 3285 2644 τοῦ
3315 2590 3729 2660 Μονεμϐασίας,

2158 2686 2252 2739 τοῦ
2283 2684 2778 2755 Ποντοηρακλείας,
2826 2683 2920 2737 τοῦ
2972 2685 3254 2754 Προύσης,
3279 2685 3373 2738 τοῦ
3414 2685 3732 2753 Περγάμου,

2157 2777 2251 2829 τοῦ
2283 2775 2538 2829 Παλαιῶν
2562 2775 2817 2848 Πατρῶν,
2841 2777 2936 2830 τοῦ
2969 2778 3216 2847 Σερρῶι,
3256 2778 3349 2831 τοῦ
3384 2778 3728 2848 Χριστουπιί⁴

2159 2869 2314 2933 λεως,
2372 2866 2469 2921 τοῦ
2515 2868 2847 2939 Δυρραχίου,
2903 2869 2999 2921 τοῦ
3026 2870 3365 2941 Μυτιλήνης,
3417 2873 3512 2926 τοῦ
3541 2873 3728 2944 Μηθύο

2163 2979 2322 3031 μνης,
2357 2960 2451 3015 τοῦ
2478 2961 2888 3032 Διδυμοτείχου,
2937 2962 3033 3017 τοῦ
3064 2961 3284 3036 Βιζύης,
3328 2967 3423 3020 τοῦ
3455 2967 3608 3034 Κίου,
3638 2968 3736 3024 τοῦ

2160 3053 2441 3124 Γαρέλλης
2471 3056 2567 3108 καὶ
2597 3054 2693 3108 τοῦ
2724 3055 2994 3125 Μηδείας,
3028 3058 3249 3113 δικαίαν
3275 3054 3421 3114 εἶναι
3458 3060 3558 3133 τὴν
3582 3061 3735 3132 αἴτη-

2161 3166 2245 3202 σιν
2278 3148 2379 3219 τῆς
2399 3148 2659 3219 τοιαύτης
2690 3150 2939 3222 μεγάλης
2972 3152 3302 3223 παπιαίνης,
3334 3153 3456 3208 ὅθεν
3499 3156 3591 3208 καὶ
3623 3154 3733 3208 ἐδι-

522 3272 782 3325 sationem
815 3281 1002 3323 contra
1034 3242 1723 3337 episcopumacomparatam
1750 3242 1993 3338 ’probeut.

2162 3242 2387 3303 καίωσε,
2447 3242 2883 3311 προηγουμένως
2916 3243 3016 3314 μὲν
3064 3244 3250 3298 λαϐεῖν
3301 3245 3403 3316 τήν
3435 3245 3734 3316 εἰρημένην

543 3382 586 3454 ἰ-
616 3382 1022 3435 Εὐλαϐέστατοι
1083 3380 1343 3453 κληρικοὶ
1398 3382 1499 3452 τῆς
1553 3381 1697 3436 κατὰ
1733 3383 1831 3455 τὴν
1891 3384 2056 3454 νῆσον

474 3479 607 3532 Χίον
637 3476 950 3545 ἁγιωτάτης
974 3477 1309 3544 ἐπισκοπῆς,
1335 3474 1400 3529 σύ
1424 3492 1484 3529 τε
1505 3474 1785 3546 οἰκονόμε,
1815 3476 1879 3530 οὐ
1904 3493 2056 3546 πρω-

470 3570 710 3636 mam,
748 3569 812 3622 σύ
843 3568 1192 3639 πρεσϐύτερε
1234 3568 1456 3639 Νικῆτα
1510 3566 1811 3639 βεστάρχα,
1848 3568 1943 3622 καὶ
1985 3572 2052 3622 σὺ

473 3664 609 3719 Δέον
642 3661 935 3725 Καλόθετε,
995 3661 1262 3730 ἀγαπητά
1315 3660 1461 3714 κατά
1519 3659 1727 3731 Κύριον
1758 3660 1926 3715 τέκνα
1953 3662 2057 3732 τῆς

472 3756 631 3827 ἡμῶν
656 3753 1031 3824 μετριότητος,
1061 3754 1095 3823 ή
1125 3752 1315 3824 γραφὴ
1365 3750 1521 3822 ὐμῶν
1576 3751 1903 3822 διεκομίσθη
1957 3754 2057 3806 καὶ

470 3848 790 3918 ἀνεγνώσθη
817 3848 884 3917 τῇ
918 3844 1077 3916 ήμῶν
1112 3845 1452 3914 μετριότητι,
1475 3844 1596 3914 ἥτις
1626 3845 1721 3896 καὶ
1747 3842 2043 3912 διελάμϐα-

473 3958 564 3995 νεν
595 3940 899 4008 αἰτιάματα
938 3936 1082 3990 κατὰ
1132 3934 1225 3988 τοῦ
1281 3935 1706 4004 θεοφιλεστάτου
1740 3935 2054 3988 ἐπισκόπου

466 4034 574 4102 τῆς
602 4032 723 4085 καθ’
755 4031 899 4100 ὑμᾶς
928 4028 1187 4098 τοιαύτης
1217 4028 1534 4099 ἁγιωτάτης
1583 4027 1923 4098 Ἐκκλησίας
1958 4032 2055 4082 καὶ

470 4124 566 4180 τοῦ
602 4122 1021 4194 χαρτοιρύλακος
1039 4119 1131 4174 τοῦ
1160 4120 1554 4191 Πετζιμέντου,
1584 4117 1818 4189 δεόμενα
1844 4120 2058 4173 συνοδι-

475 4219 582 4287 κῆς
615 4216 916 4281 ἐξετάσεως
945 4231 1005 4266 τε
1037 4215 1130 4267 καὶ
1162 4213 1535 4282 διαγνώσεως.
1579 4212 1864 4283 Ἔγραψεν
1900 4212 1995 4267 οῦν
2022 4215 2057 4284 ή

478 4308 770 4380 μετριότης
803 4306 982 4376 ἡμῶν,
1021 4305 1107 4358 ἵνα
1134 4305 1421 4376 καταλάϐῃ
1470 4303 1706 4357 ἐνταῦθα
1746 4307 1781 4371 ῤ
1806 4304 2053 4371 τοιοῦτος

477 4400 634 4470 ὐμῶν
665 4398 959 4470 ἀρχιερεὺς
990 4400 1131 4468 μετά
1162 4398 1254 4452 τοῦ
1287 4398 1453 4452 αὐτοῦ
1484 4400 1927 4469 χαρτοφύλακος,
1959 4404 2055 4455 καὶ

472 4494 911 4565 ἀπολογήσονται
960 4496 1268 4565 ἀμφότεροι
1294 4534 1311 4559 ,
1364 4494 1494 4565 περὶ
1549 4487 1626 4548 ὧν
1672 4496 2051 4563 ἐγκαλοῦνται.

475 4585 924 4657 Ιίαρακελεύεται
960 4587 1015 4640 δὲ
1048 4586 1385 4641 καταλαϐεῖν
1411 4586 1507 4637 καὶ
1550 4586 1697 4656 ὑμᾶς
1731 4588 1826 4642 ἐπὶ
1847 4590 1927 4660 τῷ
1952 4591 2056 4645 άπ-
2093 4618 2135 4671 D

472 4680 687 4749 ελέγξαι
713 4680 809 4734 καὶ
846 4681 1202 4752 παραστῆσαι
1236 4677 1451 4741 τούτοις
1474 4681 1542 4733 τά
1585 4682 1813 4737 τοιαῦτα
1847 4684 2052 4756 ἐγκλή-

478 4787 659 4844 ματα*
694 4772 819 4826 εἶδ’
854 4773 987 4835 ῖσως
1017 4772 1078 4823 οὐ
1120 4769 1402 4841 βούλονται
1426 4773 1766 4843 ἀπαντῆσαι,
1806 4776 2053 4829 καταλάέ

473 4868 598 4917 ϐετε
630 4865 811 4935 ὑμεῖς,
841 4863 930 4917 ἵνα
967 4862 1224 4933 συνοδικὴ
1279 4862 1558 4931 ἀπόφασις
1592 4864 1687 4916 ἐπὶ
1742 4863 1955 4929 τούτοις
1981 4864 2058 4928 ὡς

476 4955 863 5026 φυγοδικοῦσιν
888 4953 1141 5025 ἐξενεχθῇ
1177 4955 1317 5008 κατὰ
1351 4957 1448 5025 τὴν
1482 4955 1594 5009 τῶν
1627 4956 1791 5028 ίερῶν
1814 4961 2056 5012 κανόνων

475 5046 683 5119 ἀκριϐῆ
711 5048 1122 5115 παρατήρησιν.
1168 5046 1231 5098 Ἦ
1270 5047 1430 5118 χάρις
1479 5047 1574 5099 τοῦ
1626 5048 1763 5101 Θεοῦ
1799 5049 1885 5116 εἴη
1934 5050 2057 5119 μεθ’

424 5142 431 5145 ’
479 5140 657 5209 ὐμῶν.

478 5273 549 5329 Χ.
599 5275 844 5347 Synodus
898 5275 1243 5347 "myropolin
1291 5274 1657 5343 Pliilipporum
1700 5280 1953 5338 mandat.
2003 5291 2058 5334 ιιι

546 5345 719 5420 εἰᾼηιίιί.
734 5360 848 5396 cum
876 5345 1261 5414 archiepiscopo
1292 5347 1504 5400 Drama:
1528 5363 1740 5401 εειιιειιιιι
1772 5354 2058 5420 quamdam

546 5415 821 5485 dijudicet.

547 5527 590 5598 τι
633 5526 922 5593 Ἰερὼτατε
987 5529 1359 5599 μητροπολῖτα
1411 5531 1717 5602 Φιλίππων,
1755 5536 2053 5607 ὐπέρτιμε,

477 5620 733 5689 ἀγαπητὲ
766 5618 905 5671 κατὰ
939 5619 1143 5691 Κύριον
1186 5624 1380 5695 ἀδελφέ
1414 5628 1513 5697 τῆς
1569 5630 1731 5701 ἡμῶν
1765 5632 2059 5703 μετριότη-

476 5725 573 5771 τος
628 5711 723 5762 καὶ
776 5709 1179 5787 συλλειτουργὲ,
1218 5720 1379 5790 χάρις
1422 5723 1508 5791 εἴη
1544 5723 1640 5775 καὶ
1682 5725 1873 5793 εἰρήνη
1909 5724 2063 5795 παρά

477 5799 616 5854 Θεοῦ
648 5802 712 5873 τῇ
767 5805 831 5874 σῇ
874 5807 1139 5886 ίερότητι.
1220 5811 1286 5868 Ἠ
1321 5816 1439 5869 θεία
1486 5816 1581 5869 τοῦ
1635 5818 1931 5887 κρατίστου
1966 5821 2062 5873 καὶ

455 5918 469 5947 ι’

2163 3334 2408 3403 μεγάλην
2453 3334 2758 3389 παπίαιναν
2791 3335 2856 3386 ἐκ
2885 3335 2986 3404 τῆς
3029 3337 3290 3407 τοιαύτης
3323 3340 3596 3407 γυναικὸς,
3630 3339 3733 3393 ὅσα

2162 3425 2645 3497 παρακαταθήκης
2685 3428 2782 3481 καὶ
2810 3431 3061 3501 φυλακῆς
3089 3430 3251 3501 χάριν
3283 3433 3458 3504 ταύτῃ
3508 3449 3736 3486 κατεπι-

2165 3518 2452 3586 στεύσατο,
2504 3517 2625 3574 εἶτα
2677 3522 2926 3588 ἐξέτασιν
2960 3523 3213 3591 γενέσθαι
3236 3564 3251 3589 ,
3279 3526 3328 3577 εί
3375 3525 3559 3589 κακῶς
3589 3522 3733 3577 οὕτω

2160 3612 2376 3684 διετέθη
2409 3615 2548 3685 πρδς
2575 3615 2748 3686 αὐτὴν
2788 3616 2995 3686 ἐκείνη,
3040 3618 3131 3670 καὶ
3161 3617 3337 3672 ταῦτα
3371 3617 3435 3689 δὴ
3460 3618 3529 3672 τά
3556 3618 3728 3687 ἄτιμα

2162 3707 2256 3762 καὶ
2283 3708 2556 3778 ἀχάριστα
2608 3710 2918 3780 ἐτόλμησεν
2959 3709 3047 3763 ἐπ’
3075 3710 3215 3781 αὐτῇ
3250 3711 3371 3765 ἀντὶ
3396 3715 3493 3781 τῆς
3518 3711 3735 3782 ὀφειλο-

2165 3800 2332 3869 μένης
2361 3800 2809 3871 εὐγνωμοσύνης,
2837 3801 2932 3854 καὶ
2955 3800 3165 3855 τούτων
3189 3801 3403 3871 ἀληθῶς
3428 3800 3572 3871 ἔχειν
3601 3800 3730 3855 ἀνα-

2161 3896 2440 3962 φανέντων
2477 3896 2775 3950 ἀπολαϐεῖν
2807 3895 2981 3964 αὐτὴν
3014 3896 3110 3949 καὶ
3144 3897 3247 3951 ὅσα
3276 3900 3357 3961 είς
3388 3902 3588 3967 προῖκα
3611 3897 3729 3950 δοῦ-

2161 4005 2247 4042 ναι
2306 3991 2443 4059 πρδς
2497 3990 2714 4060 εκείνην
2774 3990 3064 4061 προέθετο,
3129 3992 3255 4046 ἐπεὶ
3312 3992 3464 4063 παρά
3499 3992 3729 4060 γνώμην

2162 4082 2353 4153 αὐτῆς,
2393 4083 2532 4150 μετά
2562 4081 2655 4134 τοῦ
2708 4081 2878 4146 δεῖξαι
2912 4082 3009 4135 καὶ
3040 4082 3142 4154 τὴν
3176 4084 3446 4152 τοσαύτην
3473 4085 3729 4152 ἀγνωμο-

2162 4175 2350 4243 σύνην,
2379 4173 2539 4227 ἔλαϐε
2568 4174 2661 4225 τὸν
2683 4173 2876 4243 ἀνδρα,
2901 4174 2961 4229 ὃν
2990 4175 3336 4239 αὐτοϐούλως
3361 4177 3507 4245 ἔσχε.
3539 4177 3722 4245 Παρα-

2161 4267 2312 4337 δηλοῖ
2345 4283 2439 4320 σου
2491 4266 2675 4320 τοίνυν
2742 4270 2808 4340 τῇ
2858 4268 3101 4338 ῑερότητι
3159 4271 3193 4340 ή
3243 4271 3537 4341 μετριότης
3570 4268 3723 4341 ήμῶν

2163 4359 2566 4431 προσλαϐέσθαι
2617 4363 2712 4415 καὶ
2761 4363 2852 4416 τὸν
2932 4362 3232 4433 ἱερώτατον
3294 4365 3725 4435 ἀρχιεπίσκοπον

2163 4440 2410 4523 Δράμας,
2437 4455 2721 4524 ἀγαπητὸν
2748 4457 2905 4526 ήμῶν
2941 4458 3088 4511 κατά
3119 4458 3328 4528 Κύριον
3360 4458 3586 4526 ἀδελφὸν
3635 4458 3733 4510 και

2164 4543 2602 4613 συλλειτουργὸν,
2636 4545 2731 4598 καὶ
2753 4544 2871 4615 ἅμα
2916 4546 3092 4616 τούτῳ
3119 4545 3218 4601 τὴν
3266 4544 3522 4600 ὑπόθεσιν
3549 4544 3733 4608 ἐξετά-

2164 4653 2275 4699 σαι,
2310 4641 2406 4691 καὶ
2435 4637 2670 4707 ἐχούσης
2702 4641 2932 4709 ταύτης,
2969 4640 3049 4705 ὡς
3080 4640 3374 4713 ἀνηνέχθη,
3407 4640 3610 4711 πρᾶξαι
3638 4638 3733 4693 καὶ

2165 4729 2543 4799 οἰκονομῆσαι,
2575 4729 2716 4783 ὥστε
2747 4733 3048 4786 ἀπολαϐεῖν
3080 4733 3289 4804 ταύτην
3336 4732 3401 4804 δὴ
3434 4733 3535 4801 τὴν
3556 4732 3726 4800 μεγά-

2165 4822 2265 4891 λην
2296 4821 2603 4876 παπίαιναν
2634 4824 2733 4876 καὶ
2788 4824 2889 4879 ὅσα
2916 4823 3147 4895 προικὸς
3178 4826 3341 4895 χάριν
3391 4824 3572 4878 δοῦναι
3601 4823 3735 4891 πρὸς

2167 4913 2387 4983 ἐκείνην
2419 4913 2690 4985 ὑπέσχετο
2713 4932 2727 4945 ο
2772 4916 3201 4980 καταδικάζεται
3248 4916 3358 4986 γάρ
3388 4915 3491 4968 ὐπὸ
3522 4914 3627 4967 τῶν
3652 4914 3734 4965 νό-

2170 5021 2284 5073 μων
2326 5007 2358 5073 ἡ
2388 5006 2615 5075 τοιαύτη
2638 5007 2778 5077 γυνὴ
2807 5008 3061 5058 ἐκπεσεῖν
3086 5008 3184 5075 τῆς
3224 5003 3479 5075 τοιαύτης
3510 5006 3730 5075 χάριτος

2167 5097 2262 5149 καὶ
2300 5096 2524 5165 δόσεως,
2556 5101 2616 5151 τὸ
2655 5100 2753 5168 μὲν
2783 5099 2858 5163 ὡς
2911 5101 3006 5152 ἐπὶ
3036 5099 3292 5153 τοσοῦτον
3333 5100 3733 5169 ἐξουθενήσασα

2165 5188 2264 5254 τὴν
2298 5189 2500 5260 ἑαυτῆς
2552 5192 2857 5262 εὐεργέτιν,
2891 5193 2951 5245 τὸ
3003 5193 3060 5245 δὲ
3110 5194 3206 5245 καὶ
3259 5193 3334 5255 ὡς
3366 5192 3496 5263 παρ’
3538 5191 3735 5259 εἴδησιν

2167 5279 2340 5349 αὐτῆς
2370 5284 2690 5354 ἀγαγομένη
2722 5285 2812 5339 τὸν
2834 5286 3022 5354 ἄνδρα.
3056 5286 3301 5339 Γενέσθω
3327 5287 3529 5348 τοίνυν,
3553 5283 3734 5346 καθὼς

2152 5371 2200 5437 ,ἡ
2243 5373 2533 5443 μετριότης
2582 5376 2740 5445 ήμῶν
2792 5380 3102 5448 παραδηλοῖ
3157 5398 3251 5433 σου
3282 5383 3346 5451 τῇ
3380 5380 3611 5453 ἱερότητι
3650 5381 3738 5432 διά

2170 5466 2263 5517 τοῦ
2297 5469 2565 5538 παρόντος
2622 5471 2977 5542 γράμματος,
3010 5472 3037 5525 ὃ
3069 5475 3162 5528 καὶ
3201 5475 3622 5547 ἀντιστραφήτω
3660 5476 3741 5545 τῷ

2172 5560 2325 5627 μέρει
2384 5561 2483 5629 τῆς
2519 5562 2913 5637 διαληφθείσης
2968 5565 3122 5629 θείας
3173 5566 3266 5619 τοῦ
3322 5568 3612 5637 κρατίστου
3648 5568 3742 5620 καὶ

2171 5650 2329 5717 ἁγίου
2372 5669 2476 5720 μου
2536 5656 2977 5728 αὐτοκράτορος,
3035 5658 3283 5729 μεγάλης
3326 5660 3625 5728 παπιαίνης
3668 5659 3743 5712 δι’

2171 5742 2499 5811 ἀσφάλειαν.
2568 5747 2631 5799 Ἠ
2690 5749 2849 5820 χάρις
2906 5749 3000 5803 τοῦ
3031 5750 3167 5805 Θεοῦ
3191 5751 3275 5820 εἴη
3315 5753 3454 5823 μετᾶ
3504 5751 3601 5821 τῆς
3640 5750 3744 5821 σῆς

2174 5831 2478 5903 ίερότητος.
