4082 6442
364 416 504 495 ιίὲθ

1443 379 1837 474 SYNODICA!
1868 406 2554 473 CONSTITUTIONES.

3485 409 3623 476 1130

360 535 699 607 ἐξωνήσατο,
755 530 940 593 καθὼς
982 527 1224 600 εἴρηται,
1276 527 1367 582 διὸ.
1409 528 1516 582 τῶν
1569 526 1933 608 ύπερπύρων,
1961 526 2192 596 Απαρά
2248 527 2345 580 τοῦ
2407 527 2705 596 ίερωτάτον
2771 525 3179 600 μητροπολίτου
3240 527 3470 597 Μύρων,
3530 531 3628 583 καὶ

359 627 507 696 ἅπερ
537 625 729 679 ἐλαϐεν
773 623 914 692 ὑπὲρ
950 620 1058 674 τῶν
1095 617 1388 690 προικῴων
1418 618 1699 689 όσπητίων
1747 616 1938 682 αὑτοῦ,

359 718 485 781 δοὺς
523 716 700 770 ταῦτα
731 712 1069 784 ἐνεχυρικῶς
1102 711 1200 764 σὺν
1225 713 1340 774 τοῖς
1389 709 1519 780 περὶ
1549 710 1751 771 αὐτοὺς
1790 708 1939 780 εὑρι-

365 808 654 877 σκομένοις
701 807 1020 877 οἰκήμασιν,
1056 806 1149 860 καὶ
1206 806 1299 858 τὸν
1345 805 1548 875 τρόπιν
1592 802 1783 855 τοῦτον
1815 801 1943 853 ἀνα-

367 900 537 954 σῶσαι
575 901 640 970 τῇ
693 898 932 970 θυγατρὶ⁵
961 899 1028 952 τὰ
1059 897 1293 970 ρηθέντα
1346 893 1596 966 προικῷα
1627 894 1835 963 ταύτης
1865 892 1942 944 οἰ-

367 993 589 1062 κήματα
618 990 714 1044 καὶ
755 989 819 1044 τὸ
866 989 1139 1061 ἀμπέλιον
1173 988 1267 1040 ἐπὶ
1311 985 1390 1057 τῷ
1439 982 1771 1056 κατέχεσθαι
1805 981 1943 1052 παρ’

367 1083 536 1150 αὐτῆς
562 1081 760 1146 ταῦτα,
803 1083 1000 1153 μέχρις
1045 1081 1132 1147 ἂν,
1180 1078 1256 1143 ὡς
1288 1079 1529 1149 εἴρηται,
1567 1077 1597 1130 ὁ
1627 1075 1767 1146 ἀνὴρ
1801 1073 1944 1146 πρὸς

367 1177 539 1247 αὐτὴν
585 1175 882 1246 ἐπανέλθῃ.
917 1175 1108 1238 Οὑδείς
1140 1174 1321 1228 τοίνυν
1362 1168 1622 1242 ἐμποδὼν
1654 1170 1830 1240 τούτῳ
1854 1184 1943 1238 γε-

365 1269 591 1337 νήσεται
618 1269 867 1338 νομίμως
894 1267 1070 1322 ταῦτα
1105 1265 1500 1336 πιπράσκοντι,
1545 1261 1667 1316 ἀλλ’
1692 1261 1946 1314 ἐάσουσιν

366 1359 535 1412 αὑτὸν
590 1357 794 1421 πάντες
847 1355 1268 1426 ἀνεμποδίστως
1323 1354 1426 1423 τὴν
1479 1351 1688 1404 τούτων
1740 1347 1946 1418 πρᾶσιν

366 1450 726 1521 ποιήσασθαι.
769 1449 972 1504 Τούτου
1015 1449 1126 1519 γάρ
1162 1447 1325 1518 χάριν
1367 1444 1672 1498 ἐπιδέδοται
1709 1440 1788 1511 τῷ
1833 1441 1950 1493 δια-

368 1541 628 1611 ληφθέντι
660 1540 914 1612 σεϐαστῷ
947 1540 1056 1611 κῦρ
1100 1537 1387 1608 Εὑσταθίῳ
1415 1536 1494 1606 τῷ
1541 1535 1808 1605 Κιννάμῳ
1854 1530 1950 1585 καὶ

365 1635 428 1688 τὸ
461 1637 637 1704 παρὸν
660 1636 896 1706 γράμμα
933 1637 1030 1704 τῆς
1059 1633 1221 1702 ἡμῶν
1253 1629 1638 1702 μετριότητος.

434 1727 476 1798 1-
506 1724 648 1796 Εῒχε
680 1729 747 1782 τό
770 1743 784 1756 ·
825 1727 985 1795 Μηνὶ
1019 1726 1186 1790 Μαΐῳ
1214 1724 1332 1779 ὶνδ.
1368 1723 1462 1777 ιδ’.

365 1858 559 1916 XXXI.
595 1857 831 1913 Joannes
851 1855 1242 1926 metropolilam
1265 1856 1482 1926 Attalida
1513 1861 1655 1909 velat
1679 1855 1734 1908 in
1762 1852 1950 1907 alienis

603 1929 904 1982 dioecesibus
930 1925 1065 1997 jura
1097 1925 1423 1996 ερὶεεοροίία
1447 1941 1705 1980 exercere.

438 2045 479 2117 1-
528 2042 819 2114 Ἱερώτατε
872 2039 1249 2111 μητροπολῖτα
1292 2039 1613 2104 Ἀτταλείας
1645 2040 1742 2093 καὶ
1777 2038 1951 2108 ὑπέρο

368 2155 520 2206 τιμε,
554 2138 611 2190 ἐν
639 2135 786 2204 ἁγίῳ
809 2133 1099 2200 Πνεύματι
1130 2131 1388 2202 ἀγαπητέ
1422 2132 1624 2202 ἀδελφὲ
1654 2133 1754 2201 τῆς
1793 2133 1951 2203 ἡμῶν

375 2229 734 2301 μετριότητος
765 2225 863 2281 καὶ
901 2223 1313 2294 συλλειτουργὲ,
1343 2224 1505 2294 χάρις
1531 2223 1619 2293 είη
1641 2224 1736 2278 καὶ
1759 2225 1952 2294 εἰρήνη

373 2323 528 2392 παρά
578 2318 714 2373 Θεοῦ
767 2321 834 2389 τῇ
891 2320 958 2388 σῇ
1013 2317 1273 2387 ἱερότητι.
1327 2315 1391 2368 Ἦ
1448 2317 1746 2386 μετριότης
1794 2315 1953 2386 ἡμῶν

373 2411 696 2482 ἐγνώρισεν,
735 2410 840 2475 ὅτι,
878 2409 962 2463 διὸ
986 2408 1312 2480 εὑρίσκοντο
1346 2409 1404 2461 αἰ
1437 2407 1630 2462 αὐτόθι
1663 2405 1953 2476 ἐκκλησίαι

375 2505 452 2575 μὴ
492 2504 718 2574 ἔχουσαι
761 2500 1038 2572 γνησίους
1076 2502 1382 2572 ἀρχιερεῖς,
1419 2492 1581 2570 εὗρες
1623 2499 1810 2553 ἄδειαν
1858 2500 1956 2550 καὶ

375 2597 569 2668 ἐξέρχῃ
601 2593 711 2650 ἀπὸ
754 2595 854 2664 τῆς
899 2592 1114 2665 ἐνορίας
1155 2609 1275 2656 σου,
1313 2592 1408 2645 καὶ
1442 2593 1831 2663 ἰεροπρακτεῖς
1863 2589 1956 2643 καὶ

379 2688 620 2758 ἐναργεῖς
665 2686 736 2740 τὰ
781 2685 892 2739 τῶν
941 2686 1249 2757 ἀρχιερέων
1296 2684 1375 2747 εἰς
1425 2685 1526 2744 τὰς
1572 2682 1788 2747 ἐνορίας
1844 2681 1956 2736 τῶν

376 2779 550 2834 ἄλλων
590 2777 926 2850 ἐκκλησιῶν,
973 2777 1070 2830 καὶ
1116 2775 1275 2830 τοῦτο
1323 2775 1480 2829 οὐδὲν
1533 2776 1619 2828 ἔνι
1667 2774 1957 2830 κανονικὸν

374 2871 494 2926 οὐδὲ
524 2872 754 2936 δίκαιον,
786 2869 875 2923 ἵνα
905 2869 1125 2939 γίνηται
1147 2869 1301 2938 παρά
1330 2868 1446 2920 σοῦ·
1475 2869 1572 2922 καὶ
1600 2867 1787 2936 ἐπειδὴ
1814 2867 1958 2937 ἐχει-

377 2963 642 3033 ροτονήθη
672 2962 769 3016 καὶ
812 2959 1232 3029 καταλαμϐάνει
1263 2959 1359 3012 καὶ
1399 2959 1700 3029 ἀρχιερεὺς
1744 2961 1826 3022 εἰς
1857 2959 1958 3028 τὴν

375 3054 689 3124 ἀγιωτάτην
749 3051 1086 3122 μητρόπολιν
1130 3051 1359 3121 Μύρων,
1415 3053 1510 3103 καὶ
1563 3051 1958 3122 ἀπεστάλησαν

377 3146 468 3197 καὶ
513 3145 693 3213 ἕτεροι
747 3143 1027 3212 ἀρχιερεῖς
1089 3143 1169 3204 είς
1225 3141 1326 3203 τὰς
1383 3141 1574 3194 αὐτόθι
1631 3142 1956 3212 ἐκκλησίας,
2012 3166 2018 3170 ·

375 3236 641 3308 χωρεῖσθε
692 3227 773 3297 εἷς
816 3233 1050 3296 ἕκαστος
1091 3235 1186 3286 καὶ
1237 3233 1497 3302 ἀρκεῖσθε
1530 3235 1611 3297 είς
1659 3235 1764 3306 τὴν
1814 3235 1956 3288 ίδίαν

375 3328 614 3399 ἐνορίαν,
651 3329 744 3380 καὶ
799 3325 968 3394 μηδὲν
1001 3324 1384 3397 παρεκϐαίνῃς
1427 3328 1521 3378 καὶ
1575 3328 1956 3398 ίεροπρακτῇς

377 3422 456 3483 είς
486 3420 656 3490 ἄλλης
687 3416 986 3488 ἐκκλησίας
1027 3418 1266 3488 ἐνορίαν,
1293 3416 1380 3469 ὃτι
1419 3417 1579 3471 τοῦτο
1613 3421 1695 3482 εἰς
1733 3420 1955 3472 καταδί-

377 3527 481 3579 κην
512 3513 606 3565 καὶ
650 3500 882 3580 εὗθύνην
927 3507 988 3561 σὲ
1020 3507 1178 3578 φέρει
1209 3507 1521 3579 κανονικὴν,
1556 3509 1650 3562 καὶ
1680 3512 1777 3563 ἐὰν
1801 3511 1956 3564 οὺδέν

378 3602 596 3673 παύσῃς
635 3600 734 3654 τοῦ
767 3603 944 3654 ποιεῖν
973 3602 1043 3655 τά
1071 3601 1322 3666 τοιαῦτα,
1347 3601 1505 3674 ἥπερ
1540 3605 1679 3658 είσίν
1708 3603 1815 3672 ἔξω
1847 3604 1955 3658 τῶν

378 3694 637 3757 κανόνων,
692 3693 908 3763 μέλλεις
954 3694 1424 3764 καταδικασθῆναι
1479 3697 1574 3750 καὶ
1626 3696 1957 3768 εύθυνθῆναι

378 3779 531 3853 παρά
561 3783 661 3852 τῆς
685 3786 717 3854 ἠ
728 3785 844 3854 μῶν
873 3788 1226 3858 μετριότητος
1255 3789 1350 3840 καὶ
1375 3787 1480 3856 τῆς
1507 3787 1657 3852 θείας
1681 3792 1778 3845 καὶ
1805 3791 1955 3860 ίερᾶς

380 3875 602 3929 συνόδου
657 3877 981 3940 κανονικῶς.
1015 3878 1115 3931 Διὰ
1162 3880 1325 3933 τοῦτο
1379 3881 1476 3933 καὶ
1535 3882 1803 3952 συντήρου
1861 3886 1958 3936 καὶ

380 3969 526 4022 ποίει
574 3968 684 4022 ἀπὸ
730 3967 824 4022 τοῦ
877 3969 994 4035 νῦν,
1053 3969 1239 4033 καθὼς
1309 3971 1615 4043 παραδηλοῖ
1660 3975 1800 4043 πρὸς
1856 3976 1955 4046 τὴν

382 4057 638 4129 ίερότητά
690 4075 785 4112 σου
846 4060 878 4129 ή
939 4060 1232 4130 μετριότης
1285 4061 1465 4133 ἡμῶν.
1515 4063 1581 4116 Ἦ
1637 4063 1798 4133 χάρις
1859 4065 1956 4118 τοῦ

379 4152 514 4205 Θεοῦ
551 4153 637 4223 εἴη
673 4153 813 4224 μετά
841 4153 964 4208 σοῦ.
1423 4141 1428 4144 ’

447 4241 489 4314 1-
525 4239 666 4314 Εἷχε
703 4245 790 4298 τόο
819 4245 976 4313 Μηνὶ
1006 4246 1174 4310 Μαΐῳ
1200 4245 1314 4300 ινδ.
1348 4247 1440 4302 ιδ’.

380 4379 596 4435 XXXII.
624 4378 866 4451 Synodus
885 4380 1189 4459 eleqtiqnem
1206 4387 1434 4459 εριεεορί
1457 4385 1510 4440 31
1517 4405 1654 4444 acra:
1680 4402 1728 4443 ει
1755 4387 1954 4459 Libysii

967 4455 1179 4508 irritam
1208 4455 1359 4524 facit.

2004 656 2005 659 η
2044 619 2252 691 ἀγιάζῃ
2280 620 2376 673 καὶ
2402 620 2672 692 ποιμαίνῃ
2705 621 2798 674 τὸν
2823 620 3004 673 ἐκεῖσε
3052 619 3445 690 εὑρισκόμενον
3493 621 3631 690 Χριο

2049 710 2492 766 στιανικδνλαόν.
2510 711 2706 765 Τοίνυν
2735 711 2830 765 καὶ
2855 710 3060 780 ὀφείλει
3089 710 3312 782 στέρξαι
3347 713 3442 768 καὶ
3467 713 3630 776 αὐτὸς
3747 709 3766 714 ”

2042 801 2140 872 τὴν
2168 801 2454 873 παροῦσαν
2497 803 2784 874 συνοδικὴν
2819 803 3248 874 παρακέλευσιν,
3290 803 3426 874 μηδέ
3482 805 3634 856 ἀντι-

2046 893 2237 962 στῆναι
2273 891 2410 962 μηδὲ
2432 893 2728 962 ἀπειθῆσαι
2744 893 2880 957 ὅλως
2899 896 2978 958 είς
3004 895 3230 964 ταύτην.
3248 894 3553 962 Ὀφείλουσι
3573 896 3632 948 δὲ

2047 982 2268 1057 στέρξαι
2299 988 2395 1039 καὶ
2441 988 2784 1058 συντηρῆσαι
2819 989 2914 1042 καὶ
2959 990 3007 1042 οἰ
3056 990 3239 1042 ἐκεῖσε
3284 990 3630 1060 Χριστιανοὶ,

2045 1076 2173 1130 ὅσον
2198 1077 2328 1148 περὶ
2360 1077 2555 1132 τούτου
2602 1079 2992 1149 πνευματικῶς
3031 1080 3331 1152 διορίζεται
3364 1081 3506 1152 μετά
3532 1082 3634 1153 τῆς

2047 1167 2200 1231 θείας
2228 1169 2450 1223 συνόδου
2489 1171 2523 1240 ἡ
2560 1172 2853 1241 μετριότης
2890 1172 3072 1241 ἡμῶν.

2119 1262 2160 1331 ἰ·
2192 1257 2334 1329 Εἶχε
2363 1263 2451 1316 τό’
2486 1261 2647 1330 Μηνὶ
2683 1265 2848 1329 Μαΐῳ
2886 1263 3004 1319 ινδ.
3043 1263 3134 1318 ιδ’.

2051 1422 2293 1478 XXXIII.
2325 1420 2562 1478 Joanne:
2589 1423 2939 1496 metropolitw
2967 1423 3214 1480 Melenici
3239 1425 3296 1479 in
3319 1425 3411 1496 jus
3446 1435 3634 1480 vocato

2433 1495 2668 1548 concedit
2695 1495 3005 1549 dilationem
3033 1497 3261 1550 termini.

2122 1629 2162 1701 -ί-
2210 1629 2498 1700 ἰερὼτατε
2537 1630 2914 1702 μητροπολῖτα
2967 1629 3274 1686 Μελενίκου
3317 1633 3413 1686 καὶ
3467 1633 3637 1704 ὑπέρ-

2053 1741 2204 1794 τιμε,
2233 1725 2293 1778 ἐν
2321 1722 2465 1796 ἁγίῳ
2507 1722 2787 1793 Πνεύματι
2818 1723 3076 1793 ἀγαπητὲ
3107 1723 3304 1793 ἀδελφέ
3353 1725 3448 1797 τῆς
3479 1725 3637 1796 ἡμῶν

2057 1814 2417 1886 μετριότητος
2440 1815 2537 1868 καὶ
2561 1813 2974 1885 συλλειτουργέ,
3016 1815 3180 1886 χάρις
3210 1817 3297 1887 είη
3323 1817 3418 1870 καὶ
3441 1817 3637 1888 εἰρήνη

1981 1887 2024 1944 Β
2055 1907 2208 1977 παρά
2233 1907 2372 1960 Θεοῦ
2401 1900 2566 1979 τῇ’σῇ
2599 1908 2862 1979 ἰερότητι.
2897 1907 2968 1961 Ἥ
3001 1907 3191 1978 γραφὴ
3223 1909 3324 1978 τῆς
3359 1909 3459 1980 σῆς
3496 1887 3640 1980 ἱερόέ

2051 2015 2216 2065 τητος
2248 1999 2572 2070 διεκομίσθη
2609 2002 2748 2072 πρὸς
2788 2001 2890 2072 τὴν
2940 2001 3098 2070 ἡμῶν
3152 2003 3514 2072 μετριότητα,
3545 2004 3640 2056 καὶ

2054 2091 2472 2160 ἀναγνωσθεῖσα
2527 2092 2851 2164 ἐγνώρισεν,
2900 2094 3002 2147 ὅσα
3055 2093 3124 2146 δι’
3176 2093 3351 2164 αὐτῆς
3397 2094 3640 2166 παρεδή-

2055 2182 2198 2252 λους,
2229 2184 2399 2257 ἤγουν
2430 2186 2580 2249 ὅπως
2609 2184 2750 2256 μετά
2790 2185 2995 2256 πολλῆς
3031 2185 3348 2256 προθυμίας
3383 2185 3641 2241 ἐϐούλετο

1958 2291 1970 2306 ο
2051 2277 2089 2346 ᾖ
2116 2277 2328 2346 ίερότης
2362 2293 2457 2330 σου
2480 2275 2817 2330 καταλαϐεῖν
2843 2276 3083 2332 ἐνταῦθα
3108 2278 3202 2331 ἐπὶ
3226 2277 3306 2351 τῷ
3336 2279 3641 2348 ἀπολογίαν

2054 2369 2245 2423 δοῦναι
2283 2370 2379 2423 καί
2427 2369 2916 2424 ἀποσκευάσασθαι
2960 2371 3031 2424 τὰ
3069 2371 3192 2425 κατ’
3245 2372 3418 2443 αὑτῆς
3473 2373 3641 2446 λαληι

2057 2464 2218 2517 θέντα
2278 2465 2598 2532 συνοδικῶς,
2636 2463 2942 2535 διεκωλύθη
3008 2465 3064 2518 δέ
3125 2466 3279 2535 ὅμως
3337 2467 3446 2521 ὑπό
3494 2485 3642 2533 τινος

2057 2557 2412 2630 ἐνσκηψάσης
2442 2559 2520 2629 τῷ
2547 2557 2762 2629 σώματι
2788 2559 2958 2627 αὐτῆς
2994 2558 3308 2626 ἀσθενείας,
3339 2561 3436 2615 καὶ
3473 2577 3643 2631 παρε.

2054 2647 2249 2718 δήλους
2293 2650 2386 2703 καὶ
2433 2647 2674 2720 ἐζήτεις,
2722 2648 2800 2711 ὡς
2843 2647 2910 2703 ἀν
2963 2649 3194 2719 γένηταί
3240 2668 3324 2716 τις
3361 2651 3451 2706 διά
3481 2652 3642 2706 τοῦτο

2060 2739 2376 2810 ὑπέρθεσις,
2424 2742 2518 2796 καί
2563 2741 2812 2814 παρέλθῃ
2853 2744 2880 2796 ό
2915 2744 3108 2814 καιρὸς
3156 2743 3251 2797 τοῦ
3304 2744 3518 2815 θέρους,
3547 2749 3643 2800 καὶ

2061 2833 2204 2886 κατὰ
2242 2832 2303 2887 τδ
2335 2833 2679 2904 φθινόπωρον
2709 2835 3028 2908 καταλάϐῃς
3056 2837 3317 2906 ἐνταῦθα,
3345 2840 3421 2902 ὡς
3453 2856 3644 2893 συντε-

2060 2925 2277 2989 λοῦντος
2321 2928 2402 2992 εἰς
2444 2927 2603 2982 τοῦτο
2650 2929 2745 2982 καὶ
2795 2929 2888 2982 τοῦ
2939 2929 3160 3000 καιροῦ.
3217 2931 3466 2996 Ἐδέξατο
3512 2934 3646 3004 γοῦν

2061 3017 2217 3071 τοῦτο
2252 3020 2282 3088 ἡ
2321 3020 2619 3090 μετριότης
2662 3020 2844 3091 ἡμῶν,
2882 3021 2974 3074 καί
3021 3022 3327 3093 παραδηλοῖ
3372 3026 3511 3094 πρὸς
3543 3026 3646 3098 τὴν

2065 3109 2323 3182 ίερότητά
2360 3127 2478 3171 σου,
2515 3111 2590 3172 ὡς
2627 3111 2717 3174 ἂν,
2757 3101 2893 3166 ἐπεὶ
2920 3110 3015 3165 ὑπ’
3053 3113 3343 3178 ἀσθενείας
3374 3116 3645 3172 κωλύεται

2062 3197 2292 3270 ἐλθεῖνή
2328 3200 2547 3270 ίερότης
2577 3217 2672 3254 σου
2708 3204 2805 3256 καὶ
2840 3202 3104 3274 τοιαύτης
3135 3202 3421 3269 ἀσθενείας
3450 3206 3647 3279 ἀκινη-

2017 3286 2026 3334 ἓ
2065 3289 2188 3342 σίαν
2216 3291 2459 3359 παντελῆ
2489 3294 2896 3365 παρεχομένης,
2933 3286 3397 3369 προσκαρτερήσει
3430 3299 3644 3369 αὑτόθι,

2065 3383 2158 3434 καὶ
2195 3382 2489 3454 διαϐιϐάσῃ
2521 3383 2612 3436 τὸν
2662 3383 2756 3438 τοῦ
2791 3385 2987 3457 θέρους
3020 3387 3236 3456 καιρὸν,
3275 3390 3554 3465 σπουδάσῃ
3588 3392 3647 3446 δὲ

2064 3474 2160 3526 καί.
2204 3473 2595 3542 διαγωνίσηται
2629 3475 2807 3530 ἐλθεῖν
2855 3476 2926 3530 δι’
2950 3479 3078 3532 ὅλου
3126 3480 3224 3541 τοῦ
3260 3483 3646 3554 Σεπτεμϐρίου

2069 3566 2240 3637 μηνὸς
2265 3569 2436 3637 χωρὶς
2462 3567 2731 3639 ἀναϐολῆς
2765 3569 2861 3622 καί
2896 3571 3247 3640 ὑπερθέσεως
3280 3575 3644 3646 οἱασδήτινος·

2061 3657 2187 3710 ὅθεν
2214 3659 2309 3710 καὶ
2342 3660 2622 3728 ποιησάτω
2654 3661 2686 3730 ἡ
2720 3661 2940 3732 ίερότης
2968 3680 3086 3730 σου,
3129 3665 3272 3719 καθὰ
3303 3667 3649 3738 παραδηλοῦ-

2063 3765 2168 3814 μεν
2217 3751 2380 3822 αὐτῇ.
2418 3751 2485 3804 Ἦ
2530 3753 2690 3822 χάρις
2738 3754 2832 3807 τοῦ
2884 3755 3020 3809 Θεοῦ
3075 3757 3162 3830 εῐη
3221 3760 3360 3830 μετά
3395 3764 3494 3832 τῆς
3544 3764 3646 3832 σῆς

1982 3867 1996 3881 ο
2067 3839 2361 3912 ίερότητος.

2133 3932 2174 4004 -ζ-
2213 3929 2358 4005 Εἷχε
2385 3938 2475 3991 τό·
2510 3939 2665 4007 Μηνὶ
2703 3937 2870 4006 Μαΐῳ
2909 3942 3027 3996 ινδ.
3056 3942 3144 3998 ιδ’.

2061 4090 2305 4148 XXXIV.
2338 4091 2588 4171 ξῃηοάαε
2643 4096 2863 4171 αὺεοίυίι
2919 4100 3275 4171 presbyterum
3344 4101 3642 4162 Garianum

2348 4163 2742 4235 B'ogomilorum
2769 4163 3024 4224 hwreéeos
3050 4163 3380 4238 a'ccusatum.

2133 4300 2174 4372 -ί-
2223 4303 2283 4355 '0
2318 4302 2610 4373 ἱερώτατος
2659 4307 3067 4379 μητροπολίτης
3115 4308 3465 4383 Ἡρακλείας,
3501 4317 3645 4384 πρό-

2063 4393 2218 4463 εδρος
2251 4394 2360 4448 τῶν
2393 4395 2715 4467 ὑπερτίμων
2761 4399 2856 4452 καὶ
2900 4399 3131 4472 ἔξαρχος
3181 4403 3363 4475 πάσης
3418 4405 3642 4478 Θρᾴκης

2062 4485 2160 4536 καὶ
2187 4485 2554 4552 Μακεδονίας,
2588 4489 2643 4540 ἐν
2673 4488 2816 4558 ἀγίῳ
2851 4491 3131 4562 Πνεύματι
3167 4494 3456 4566 ἀγαπητὸς
3486 4496 3640 4549 ἀδελ-

448 4566 491 4639 1-
541 4564 774 4661 'Emwh‘
796 4565 1097 4661 ἐγνιῦρισεν
1155 4569 1188 4639 ἡ
1241 4572 1534 4644 μετριότης
1589 4575 1768 4644 ἡμῶν,
1817 4576 1891 4641 ὡς
1927 4579 1956 4631 ό
1990 4605 2032 4661 D
2064 4576 2164 4646 φὺς
2192 4581 2292 4650 τῆς
2340 4579 2498 4648 ήμῶν
2533 4583 2888 4652 μετριότητος
2929 4585 3024 4638 καὶ
3051 4564 3484 4659 συλλειτουργὸς,
3527 4591 3641 4644 ἐνε-

382 4657 807 4729 ὑποψήφιος,’θ;
855 4658 1172 4728 εὑρίσκεται
1224 4663 1445 4731 κρατῶν
1489 4665 1588 4735 τὴν
1641 4667 1957 4741 ἁγιωτάτην

381 4751 686 4822 ἐπισκοπὴν
735 4752 968 4824 Μάκρης
1015 4752 1110 4805 καί⁵
1146 4754 1432 4819 Λιϐυσίου,
1467 4757 1588 4828 ἥτις
1639 4761 1956 4831 εὑρίσκεται

383 4845 489 4899 ὑπὸ
517 4845 616 4916 τὴν
639 4844 954 4916 άγιωτάτην
985 4847 1324 4917 μητρόπολιν
1351 4847 1587 4921 Μύρων,
1604 4853 1757 4906 οὐδὲν
1782 4862 1956 4925 πρόιτ⁹

381 4953 464 4990 τει
509 4936 959 5000 κανονικῶςκαὶ
1007 4939 1410 5007 Χριστιανικῶς
1460 4944 1540 5006 είς
1592 4947 1685 4997 τὸν
1712 4947 1956 5002 τοιοῦτον

381 5028 572 5094 τόπον,
599 5028 735 5082 ἀλλά
767 5028 966 5092 καίίὼς
999 5025 1164 5100 ἦλθεν
1199 5032 1434 5086 ἐνταῦθα
1468 5036 1547 5098 εἰς
1580 5035 1677 5107 τὴν
1702 5036 1956 5106 βασιλεύ·

385 5135 553 5172 ουσαν
600 5119 780 5186 πόλιν,
813 5121 1058 5192 ἀνεφάνη
1093 5121 1267 5186 δόλιος
1313 5126 1408 5178 καὶ
1441 5128 1827 5198 ἀνυπόληπτος
1877 5135 1957 5195 είς

385 5213 512 5274 τοὺς
559 5213 621 5264 ἐκ
654 5211 790 5265 Θεοῦ
839 5213 1266 5278 εὑσεϐεστάτους
1317 5216 1413 5269 καὶ
1448 5218 1637 5285 ἀγίους
1689 5220 1954 5288 βασιλεῖς,

388 5303 895 5375 παρακελεύεταιὴ
945 5307 1237 5377 μετριότης
1294 5309 1453 5379 ἡμῶν
1502 5312 1642 5380 μετά
1679 5312 1781 5380 τῆς
1825 5315 1958 5383 περὶ
2007 5333 2026 5353 ο

387 5393 559 5464 αὐτὴν
595 5395 748 5465 ἱερᾶς
799 5397 894 5448 καὶ
927 5397 1078 5462 θείας
1127 5399 1369 5466 συνόδου,
1421 5401 1509 5456 ἵνα
1559 5403 1808 5472 μηδόλως
1856 5405 1954 5478 ἔχῃ

387 5487 582 5558 ἐνοχην
633 5488 1018 5558 πνευματικὴν
1071 5491 1148 5554 εἰς
1182 5490 1282 5561 τὴν
1331 5493 1592 5563 τοιαύτην
1645 5495 1956 5566 ἐπισκοπὴν

385 5579 621 5648 Μάκρης
653 5581 749 5633 καὶ
792 5580 1072 5648 Διϐυσίου,
1118 5583 1252 5654 μηδὲ
1303 5584 1721 5655 παραδέχωνται
1763 5585 1956 5640 τοῦτον

385 5671 438 5724 οἰ
479 5671 656 5724 ἐκεῖσε
690 5671 1030 5742 Χριστιανοὶ.
1066 5675 1200 5729 ἀλλά
1245 5678 1487 5751 σχολάσῃ
1519 5679 1612 5731 καὶ
1646 5679 1830 5750 παύσῃ
1863 5682 1958 5734 καί

387 5762 797 5834 ἀπέχῃτέλεον
834 5763 1087 5833 ἀπδπῆς
1137 5769 1392 5836 τοιαύτης
1436 5769 1765 5835 ἐπισκοπῆς,
1805 5772 1954 5836 ὅπως

386 5854 607 5920 γενηται
636 5852 859 5921 γνήσιος
896 5853 1187 5922 ἀρχιερεὺς
1219 5859 1310 5908 καὶ
1342 5857 1642 5921 ἐπίσκοπος
1674 5861 1752 5921 εἰς
1781 5861 1955 5932 αὐτὴν

671 5949 940 6008 Parum.
977 5952 1094 6011 (in.
1131 5951 1310 6012 CLII.

2016 4715 2030 4723 .
2063 4675 2256 4744 φάνισε
2288 4664 2582 4740 σύνοδικῶς
2614 4678 2680 4745 τῇ
2717 4677 2874 4746 ἡμῶν
2903 4677 3217 4748 μετριότητι
3245 4681 3466 4750 γραφήν
3494 4698 3641 4746 τινος

2060 4769 2124 4820 ἐκ
2152 4768 2249 4838 τῆς
2289 4767 2472 4838 χώρας
2505 4767 2600 4821 τοῦ
2649 4770 2954 4839 Παμφύλου
2987 4771 3270 4843 Μανουὴλ,
3302 4772 3640 4845 καλουμένου
3705 4793 3724 4808 ο

2058 4860 2155 4913 τοῦ
2189 4859 2649 4924 Χαλκεωπούλου,
2686 4863 2824 4934 πρὸς
2857 4863 2960 4916 τὸν
2982 4867 3061 4927 εἰς
3098 4863 3283 4935 ἔνοχον
3313 4866 3643 4938 εὑρισκόμε-

2059 4968 2151 5005 νον
2195 4952 2305 5005 τῶν
2337 4952 2467 5022 περὶ
2503 4953 2601 5024 τὴν
2647 4955 3019 5026 Χαριούπολιν
3058 4957 3336 5029 δημοσίων
3373 4963 3641 5034 πραγμά-

2057 5061 2167 5097 των
2219 5043 2310 5097 τὸν
2361 5045 2721 5118 Βλαστάριον,
2777 5048 3259 5119 διαλαμϐάνουσαν
3322 5055 3463 5124 μετά
3526 5055 3635 5108 τῶν

2059 5137 2234 5191 ἄλλων
2277 5137 2407 5208 περί
2436 5157 2578 5203 τινος
2619 5141 2807 5212 ἱερέως
2843 5144 2938 5194 καὶ
2985 5143 3179 5198 ταῦτα’
3214 5146 3242 5198 ό
3291 5145 3347 5199 δὲ
3401 5153 3634 5214 παππᾶς

2060 5229 2324 5298 Γαριάνος
2369 5227 2534 5304 ἦλθεν
2581 5234 2660 5298 είς
2711 5234 2840 5299 τοὺς
2887 5237 3242 5306 Ιίατερίνους,
3290 5240 3384 5292 καὶ
3430 5240 3637 5294 ἔδωκαν

2060 5320 2222 5374 αὐτὸν
2251 5323 2548 5396 ὑπέρπυρα
2573 5326 2914 5394 πεντήκοντα
2935 5329 3030 5381 καὶ
3055 5328 3273 5397 ἄλογον,
3300 5331 3392 5383 καὶ
3419 5333 3640 5399 ἐγένετο

2060 5406 2138 5472 εἷς
2178 5412 2295 5480 μετ’
2321 5412 2542 5476 αὐτούς.
2593 5411 2724 5469 Εἶτα
2768 5416 2954 5487 ἀπῆρε
3003 5419 3425 5490 δισκοποτήριον
3467 5424 3640 5491 ἀργυ-

2066 5500 2196 5569 ροῦν
2221 5505 2314 5554 καὶ
2335 5504 2650 5574 χουλιὰριον
2683 5505 2776 5559 καὶ
2803 5507 2894 5560 τὸν
2925 5511 3283 5579 μαγαρισμὸν
3308 5509 3511 5576 αὐτῶν,
3540 5511 3638 5564 καὶ

2061 5593 2391 5662 ἀπέδρασεν,
2422 5595 2537 5666 ἔχει
2559 5596 2615 5650 δὲ
2646 5597 2738 5651 τὸν
2770 5600 3127 5671 μαγαρισμδν
3158 5603 3237 5664 είς
3268 5599 3330 5653 τὸ
3365 5601 3637 5656 σκιάδειον

2061 5683 2249 5740 αὐτοῦ.
2297 5686 2408 5738 Καὶ
2455 5687 2555 5755 τῆς
2604 5688 2865 5759 τοιαύτης
2917 5691 3363 5760 ἀναγνωσθείσης
3415 5693 3640 5761 γραφῆς

2061 5772 2310 5844 παρέστη
2345 5775 2373 5825 ό
2405 5773 2648 5838 τοισῦτος
2697 5779 3094 5848 πρεσϐύτερος,
3135 5780 3228 5832 καὶ
3259 5779 3546 5852 ἀνέφερεν,
3577 5779 3638 5846 ἐξ

2074 5862 2368 5932 ’Δνατολῆς
2402 5865 2504 5935 μὲν
2530 5868 2867 5939 ὁρμηθῆναι,
2905 5871 3070 5940 φῦναι
3119 5872 3176 5924 δὲ
3219 5874 3312 5925 καὶ
3363 5873 3641 5944 τραφῆναι
