4046 6452
517 351 670 413 ιῖ135

1508 350 1838 416 IOANNIS
1875 347 2149 412 GLYtllS
2184 346 2296 411 CP.
2342 335 2851 411 PATRIARCHIE

3644 346 3754 414 1136

515 471 738 540 κλήρου
795 468 864 522 τὰ
900 467 999 537 τῆς
1034 468 1286 536 προικός.
1321 467 1382 522 '0
1413 467 1469 521 δέ
1513 469 1835 539 ἀπαντῆσαι
1887 466 1990 537 μὲν
2015 466 2117 520 οὐκ
2149 477 2193 534 Α
2223 481 2311 518 ναι
2357 465 2440 528 είς
2489 463 2790 535 ὑπέρπυρα
2825 463 3196 536 πεντήκοντα,
3251 466 3350 519 καὶ
3392 465 3592 540 δοθῆναι
3631 467 3744 539 ὑπὲρ

527 565 752 632 ῐσχυσεν
807 559 912 614 ὑπό
963 559 1252 624 ἀσθενείας
1314 559 1688 630 ἐμποδισθεὶς,
1743 559 2006 628 πέπομφε
2060 557 2116 610 δέ

525 656 767 725 γράμμα
791 655 1086 724 ὑπογραφῇ
1121 654 1286 720 αὐτοῦ
1311 653 1912 723 πεπιστωμένον,ὃπερ
1929 651 2118 714 καὶείς

526 746 766 814 ἐπήκοον
787 746 1136 812 ἀναγνωσθέν
1156 744 1545 815 διελάμϐανεν,
1565 746 1642 809 ὡς
1674 744 1811 814 μόνα
1839 761 1898 798 τε
1908 742 2120 813 σσαρά-

527 857 693 892 κοντα
713 839 770 890 τέ
781 855 958 908 σσαρα
972 838 1266 911 ὑπέρπυρα
1285 837 1610 902 λοιπάξεται
1635 839 1715 908 τῷ
1730 837 1956 906 τοιούτῳ
1973 853 2118 907 γαμ-

527 933 647 1003 ϐρῷ
665 932 827 985 αὑτοῦ
847 933 955 985 ἀπὸ
972 933 1072 1002 τῆς
1097 932 1348 1003 προικὸς,
1376 933 1524 1003 άπερ
1544 931 1640 986 καὶ
1657 932 1758 984 οὐκ
1785 930 2118 984 ἀποδίδωσιν

513 1027 599 1089 ιὼς
659 1026 735 1097 μή
787 1026 1060 1095 εὐπορῶν,
1099 1027 1424 1095 ὑπισχνεῖτο
1469 1027 1526 1079 δέ
1572 1025 1662 1078 διά
1721 1024 1817 1078 τοὺ
1867 1023 2115 1078 τοιούτου

525 1119 888 1187 γράμματος..
923 1118 999 1180 ὡς
1035 1119 1083 1170 εἱ
1121 1116 1222 1186 μὲν
1253 1117 1480 1182 δυνατὸς
1517 1118 1750 1186 γένηται
1795 1114 2118 1184 ἁποφλῆσαι

523 1213 622 1264 καὶ
671 1211 868 1275 ταῦτα,
906 1211 1013 1275 ἐως
1063 1210 1147 1265 ἐτι
1205 1209 1482 1281 περίεστι,
1523 1211 1732 1264 καλόν·
1791 1208 1842 1264 ει
1883 1208 1930 1263 δ’
1984 1209 2117 1272 ἴσως

523 1311 741 1379 φθάσας
779 1313 1104 1382 τελευτήσει
1153 1313 1248 1366 τὸν
1283 1312 1420 1381 βίον,
1455 1311 1542 1366 ῐνα
1659 1300 2059 1382 προτιμότερος
2088 1311 2118 1363 6

521 1404 774 1467 τοιοῦτος
823 1405 1076 1475 γαμϐρὸς
1119 1399 1292 1458 αὐτοῦ
1341 1404 1680 1475 ἱκανωθῆναι
1728 1404 1838 1458 ἀπὸ
1885 1403 1985 1474 τῆς
2019 1422 2118 1458 κα-

526 1489 889 1569 θευρεθείσης
945 1499 1095 1569 αὐτῷ
1129 1499 1448 1570 περιουσίας
1480 1501 1577 1552 καὶ
1608 1499 1677 1555 τά
1729 1499 1958 1553 τοιαῦτα
1994 1516 2120 1552 τεσ-

526 1591 1093 1663 σαρακοντατέσσαρα
1135 1593 1454 1663 ὑπέρπυρα.
1500 1592 1630 1645 Ἐπὶ
1684 1592 1818 1660 γοῦν
1878 1590 2118 1660 ἐγνώρι-

468 1670 477 1677 ’
525 1699 622 1734 σεν
659 1682 692 1749 ὴ
730 1668 1024 1752 μετριότης
1067 1683 1248 1753 ήμῶν,
1289 1683 1365 1747 ὡς
1411 1683 1637 1754 ἀπόρως
1670 1683 1788 1753 ἐχει
1832 1681 1930 1736 νῦν
1977 1682 2118 1736 κατά

523 1774 790 1846 ἀλήθειαν
831 1777 910 1838 είς
942 1776 1042 1846 τήν
1074 1777 1185 1829 τῶν
1219 1774 1563 1846 ὑπερπύρων
1591 1774 1850 1828 ἀπόδοσιν
1886 1775 1915 1826 6
1942 1772 2118 1842 δηλω-

524 1855 643 1932 θεῖς
683 1870 1081 1942 Χριστοφόρος,
1115 1869 1299 1942 ἔκρινε
1337 1872 1478 1940 μετά
1514 1869 1634 1924 τῶν
1670 1868 1799 1938 περὶ
1832 1868 2004 1938 αὑτήν
2035 1868 2110 1919 ίε·

527 1963 790 2032 ρωτάτων
809 1963 1114 2033 ἀρχιερέων
1148 1963 1244 2016 τοῦ
1273 1962 1626 2033 Ἡρακλείας,
1653 1961 1749 2014 τοῦ
1787 1962 2109 2031 Περγάμου,

522 2052 620 2106 τοῦ
648 2053 1126 2124 Χριστουπόλεως,
1163 2052 1262 2106 τοῦ
1290 2053 1598 2125 Δυρραχίου
1651 2053 1748 2106 καὶ
1784 2050 1879 2104 τοῦ
1927 2053 2112 2120 ἀρχιε-

523 2145 804 2198 πισκόπου
863 2143 1152 2210 Ξανθείας,
1189 2143 1450 2212 γενέσθαι
1506 2143 1655 2196 κατά
1705 2142 1807 2211 τὴν
1845 2140 2112 2210 τοιαύτην

524 2237 719 2291 τούτου
748 2238 1064 2306 ὑπόσχεσιν,
1101 2238 1226 2290 ὅθεν
1261 2237 1359 2290 καὶ
1392 2235 1647 2304 οὐδαμῶς
1678 2234 1887 2304 ὀφείλει
1917 2233 2114 2304 πειρά-

529 2331 730 2384 σασθαι
767 2332 844 2394 είς
880 2331 1142 2400 ἀθέτησιν
1189 2329 1283 2383 καὶ
1336 2327 1656 2401 ἀνατροπὴν
1709 2328 1959 2400 χωρῆσαι
2012 2326 2113 2396 τῆς

511 2420 787 2490 ’τοιαύτης
818 2420 1140 2490 συμφωνίας
1167 2417 1360 2486 αὑτοῦ,
1406 2418 1524 2472 ἀλλ’
1586 2418 1864 2472 ἀποδώσει
1902 2417 2003 2486 μὲν
2035 2416 2115 2482 τῷ

524 2510 770 2582 γαμϐρῷ
803 2510 972 2564 αὑτοῦ
1005 2510 1102 2564 καὶ
1130 2511 1202 2563 τά
1229 2508 1544 2580 δηλωθέντα
1579 2505 2118 2577 τεσσαρακοντατέσ-

525 2619 675 2672 σαρα
734 2602 836 2673 τῆς
869 2601 1099 2672 προικὸς
1134 2601 1454 2672 ὑπέρπυρα,
1507 2601 1670 2671 εῐπερ
1703 2600 1949 2663 δυνατῶς
2001 2599 2116 2664 ἕξει

509 2695 824 2750 ἀποδοῦναι
855 2695 995 2748 αὐτά
1018 2710 1030 2723 ·
1060 2696 1108 2747 εί
1135 2693 1180 2747 δ’
1230 2692 1316 2760 οὓ,
1355 2693 1840 2764 προτιμηθήσεται
1869 2690 2028 2754 οὗτος
2051 2689 2116 2762 δὴ

522 2789 553 2839 6
599 2787 852 2857 γαμϐρὸς
883 2785 1050 2839 αὑτοῦ
1090 2787 1230 2856 μετά
1259 2786 1359 2856 τὴν
1394 2786 1610 2838 ἐκείνου
1652 2783 1939 2852 τελευτὴν,
1973 2782 2118 2835 ὥστε

525 2877 866 2946 ίκανωθῆναι
893 2876 964 2929 τὰ
1007 2876 1388 2947 λοιπαζόμενα
1433 2879 1531 2946 τῆς
1565 2875 1795 2946 προικὸς
1822 2875 2118 2944 ὑπέρπυρα

522 2969 638 3024 ἀπὸ
680 2968 788 3021 τῶν
824 2968 1167 3038 εὑρεθέντων
1205 2970 1401 3038 ἐκείνῳ
1454 2966 1826 3037 πραγμάτων,
1888 2966 2121 3038 μηδενὸς

523 3063 838 3132 ὀφείλοντος
879 3062 1136 3134 ἐμποδὼν
1174 3062 1431 3131 γενέσθαι
1489 3059 1667 3130 τούτῳ
1718 3060 1800 3121 είς
1849 3060 1950 3132 τήν
2009 3059 2120 3115 τῶν

523 3152 786 3207 τοιούτων
839 3151 1181 3222 ὑπερπύρων
1241 3151 1504 3206 ίκάνωσιν
1567 3155 1635 3220 τῇ
1696 3152 1972 3221 ἐμφανείᾳ
2022 3150 2118 3205 τοῦ

527 3243 798 3312 παρόντος
850 3241 1137 3296 συνοδικοῦ
1169 3240 1507 3316 γράμματος
1537 3240 1640 3310 τῆς
1695 3242 1852 3312 ήμῶν
1895 3243 2121 3313 μετριό-

525 3351 714 3402 τητος,
749 3333 1095 3395 ἐπιδοθέντος
1127 3331 1278 3403 αὑτῷ
1307 3316 1514 3401 είςτήν
1540 3335 1670 3402 περὶ
1709 3332 1905 3387 τούτου
1936 3332 2113 3402 ἀσφά-

510 3442 702 3479 κλείων.

745 3514 786 3587 1-
822 3511 965 3586 Εῖχε
1002 3515 1070 3570 τό
1089 3530 1102 3545 ·
1125 3512 1278 3584 Μηνὶ
1307 3515 1633 3585 Ὀκτωϐρίῳ
1663 3517 1778 3571 ινδ.
1818 3523 1905 3573 ιε’.

592 3700 676 3753 ⁵11.
712 3698 751 3769 -ι-
781 3684 1038 3770 Παρέστη
1067 3698 1144 3770 τῷ
1170 3698 1292 3752 καθ’
1329 3697 1476 3768 ἡμᾶς
1505 3695 1639 3768 ῖερῷ
1669 3695 1937 3768 συνοδικῷ
1968 3697 2121 3752 δικα-

520 3791 754 3863 στηρίῳ,
783 3793 811 3844 6
853 3790 1211 3855 Ἐξάκουστος
1240 3790 1525 3858 Μανουὴλ,
1564 3793 1661 3844 καὶ
1714 3792 2007 3861 ἀνέφερεν,
2041 3791 2120 3854 ὡς

512 3881 686 3956 --εῐχεν
731 3885 809 3946 είς
852 3885 1090 3952 γυναῖκα
1121 3883 1372 3952 νομίμως
1401 3882 1503 3953 τὴν
1544 3883 1824 3953 θυγατέρα
1850 3881 1944 3954 τοὺ
1983 3900 2118 3955 πρε-

537 3978 810 4047 σϐυτέρου
861 3977 1185 4044 Πανωραοίου
1220 3975 1316 4029 τοῦ
1350 3975 1662 4046 Τζυμισχῆ,
1703 3980 1800 4030 καὶ
1827 3976 2115 4047 διεζεύχθη

531 4069 742 4140 ταύτης
773 4067 909 4138 πρὸς
936 4067 1256 4136 ἀλλοτρίους
1281 4067 1493 4138 ἔρωτας
1516 4069 1867 4140 ὲκκλινάσης,
1896 4070 2118 4125 δικαιω-

508 4163 647 4224 -θεὶς
679 4160 766 4213 διὰ
807 4158 1096 4211 συνοδικοὺ
1129 4159 1464 4229 γράμματος
1507 4161 1602 4214 τοῦ
1637 4162 2117 4232 πατριαρχεύσαν-

528 4273 624 4318 τος
666 4253 772 4324 πρὸ
802 4251 961 4322 ἡμῶν
989 4252 1364 4322 ἀποκερδῆσαι
1411 4255 1506 4307 καὶ
1537 4254 1638 4324 τήν
1685 4258 1893 4324 προῖκα
1933 4255 2117 4307 πᾶσαν

514 4345 744 4414 αὐτῆς,
809 4343 996 4413 μέντοι
1051 4343 1144 4396 καὶ
1197 4345 1600 4416 ἀπεκέρδησεν.
1643 4341 1777 4398 Εἶτα
1825 4346 2144 4419 δυναστείᾳ-

535 4439 885 4512 χρησάμενος
914 4438 943 4489 6
989 4436 1227 4500 τοιοῦτος
1257 4438 1635 4509 πρεσϐύτερος
1683 4435 1983 4490 ἐπελάϐετο
2009 4439 2118 4492 τῶν

2222 557 2322 628 τῆς
2351 557 2634 626 γυναικὸς,
2664 559 2742 620 είς
2769 558 2838 631 ἢν
2871 558 3012 630 αὑτη
3057 558 3230 630 μονὴν
3258 558 3590 629 ἀποκαρῆναι
3621 562 3748 615 συνὲ-

2223 651 2370 717 θετο,
2405 651 2565 720 εῖπερ
2590 650 2946 723 ἐκπληρώσει
2976 653 3156 716 τοῦτο,
3195 653 3288 706 καὶ
3315 651 3465 706 οὐδὲν
3491 651 3750 722 προέληται

2223 743 2364 796 κατὰ
2386 746 2667 813 κοσμικὰς
2706 744 2786 798 ἐτι
2822 745 3058 814 διάγειν,
3084 744 3150 798 τὰ
3193 744 3248 797 δέ
3279 743 3441 797 λοιπά
3464 745 3751 814 κατέχεσθαι

2223 835 2377 904 παρά
2405 833 2503 888 τοῦ
2543 833 2931 903 Ἑξακούστου,
2962 836 3012 888 εί
3045 835 3103 889 δέ
3138 834 3214 905 μὴ
3237 834 3530 906 προαιρεθῇ
3573 835 3656 888 τὸν
3680 852 3753 904 μο-

2221 927 2364 998 νήρη
2403 925 2520 998 βίον
2548 927 2933 994 ἐπανελέσθαι,
2977 927 3234 998 κατέχειν
3264 927 3333 980 τά
3379 926 3601 980 τοιαῦτα
3631 928 3759 991 οἰκή-

2223 1035 2372 1088 ματα
2421 1017 2484 1083 ἐξ
2519 1018 2822 1089 ὁλοκλήρου
2851 1018 3045 1073 τοῦτον
3078 1019 3143 1090 δὴ
3176 1019 3268 1072 τὸν
3296 1019 3596 1089 δηλωθέντα
3633 1018 3761 1084 Ἐξά-

2221 1125 2451 1163 κουστον
2473 1111 2567 1164 καὶ
2595 1110 2718 1164 κατ’
2767 1112 3026 1177 ἐξουσίαν
3047 1113 3236 1177 αὐτοῖς
3264 1112 3530 1182 χρῆσθαι,
3552 1111 3760 1180 ὀφείλον-

2219 1219 2314 1266 τος
2372 1201 2470 1256 τοῦ
2525 1203 2822 1274 είρημένου
2881 1205 3266 1276 πρεσϐυτέρου
3324 1202 3418 1257 τοὺ
3474 1203 3758 1271 Πανωραίου

2222 1294 2565 1365 ὑπεκστῆναι
2596 1295 2674 1360 ὡς
2719 1297 3021 1366 ἀλλοτρίων
3051 1296 3234 1352 αὑτῶν
3295 1297 3392 1381 καὶ
3437 1295 3677 1348 οὐδέποτε
3707 1292 3760 1345 δι’

2219 1386 2382 1457 ὄχλου
2413 1387 2670 1456 γενέσθαι
2698 1388 2872 1460 αὐτῷ,
2896 1389 3305 1460 δεδικαιωμένῳ
3326 1378 3482 1458 ’παρά
3505 1385 3604 1440 τῶν
3628 1378 3759 1455 ἱερῶν

2221 1479 2403 1549 νόμων
2430 1481 2527 1534 καὶ
2557 1481 2997 1551 προτρεπομένῳ
3038 1481 3147 1533 πᾶν
3181 1480 3242 1532 τὸ
3266 1479 3410 1534 κατά
3451 1475 3663 1546 γνώμην
3687 1477 3761 1527 ἐπὶ

2220 1569 2438 1634 τούτοις
2472 1573 2670 1626 ποιεῖν.
2724 1573 2930 1626 Τούτου
2988 1571 3118 1643 γάρ,
3155 1572 3321 1643 χάριν
3368 1569 3658 1622 ἐπιδέδοται
3699 1564 3760 1634 τῷ

2219 1665 2578 1736 διαληφθέντι
2626 1665 2976 1737 Ἐξακούστῳ
3003 1667 3101 1720 καὶ⁵
3137 1667 3200 1720 τὸ
3223 1663 3406 1736 παρὸν
3435 1662 3654 1735 γράμμα
3683 1660 3758 1730 τῆς

2221 1759 2383 1830 ἡμῶν
2421 1760 2802 1830 μετριότητος.
2985 1757 3003 1774 ”

2421 1850 2462 1922 ἰ·
2490 1848 2635 1922 Εἶχε
2659 1854 2760 1907 τό·
2791 1853 2950 1922 Μηνὶ
2992 1851 3325 1921 Ὀκτωϐριῳ
3361 1849 3473 1905 ινδ.
3513 1846 3593 1904 ιε’.

2291 2032 2382 2086 ΙΙΙ.
2416 2032 2456 2102 -ι-
2490 2034 2746 2107 Παρέστη
2769 2038 2834 2107 τῇ
2865 2036 3024 2107 ήμῶν
3058 2037 3378 2108 μετριότητι
3409 2028 3760 2106 προκαθημένῃ

2220 2125 2517 2190 συνοδικῶς
2549 2128 2875 2196 δ’Ἃγγελος
2911 2130 3192 2201 Ἰωάννης,
3219 2132 3317 2182 καὶ
3350 2130 3620 2199 ἀνέφερεν,
3651 2123 3758 2190 ὤντί]

2223 2217 2408 2288 μήτηρ
2426 2219 2592 2275 αὑτοῦ
2611 2221 2921 2276 τελευτῶσα
2940 2223 3146 2277 διέθετο
3162 2225 3257 2276 καὶ
3275 2225 3510 2294 διένειμε
3527 2221 3589 2275 τά
3601 2219 3759 2272 καθευ-

2223 2311 2450 2382 ρεθέντα
2474 2315 2611 2385 αὑτῇ
2644 2316 2952 2387 πράγματα
2996 2318 3309 2387 τηνικαῦτα
3359 2320 3493 2388 πρὸς
3517 2315 3688 2369 τοῦτον
3709 2310 3759 2377 δὴ

2222 2405 2319 2458 καὶ
2344 2405 2480 2475 πρὸς
2507 2408 2636 2471 τοὺς
2661 2408 2882 2474 λοιποὺς
2914 2414 3111 2476 παῖδας
3145 2413 3344 2484 αὐτῆς,
3365 2411 3607 2480 ἐπαφῆκε
3621 2407 3671 2461 δέ
3689 2405 3761 2459 καὶ

2224 2495 2494 2563 ἀμπέλιόν
2516 2516 2569 2552 τι
2593 2500 2790 2571 ἑαυτῆς
2829 2503 2964 2574 πρὸς
2985 2506 3080 2558 τὸν
3101 2505 3442 2574 αὐτάδελφον
3468 2502 3662 2565 τούτου,
3689 2499 3759 2549 τὸν

2228 2587 2496 2657 ¹Ἄγγελον
2528 2581 2948 2651 Κωνσταντῖνον³
2968 2614 2981 2627 ·
3013 2598 3204 2652 ἔπειτα
3226 2600 3499 2653 τελευτῶν
3522 2597 3610 2652 καὶ
3629 2591 3758 2654 αὐτὸς

2224 2679 2290 2750 δὴ
2332 2682 2634 2752 όἊγγελος
2660 2687 3070 2755 Κωνσταντῖνος
3107 2694 3212 2746 καῖ’
3231 2694 3378 2763 μήτε
3399 2693 3619 2762 γυναῖκα
3649 2687 3758 2759 μήτε

2225 2773 2422 2838 παῖδας
2451 2775 2592 2846 ἔχων
2620 2777 2878 2851 ἐπαφῆκε
2933 2782 3074 2853 πρὸς
3105 2784 3303 2840 τοῦτον
3337 2787 3397 2840 τὸ
3440 2785 3657 2851 τοιοῦτον
3677 2781 3760 2852 άμ-

2227 2863 2417 2918 πέλιον
2470 2873 2564 2921 καὶ
2592 2871 2721 2924 εἴτι
2773 2873 2963 2944 ἓτερον
3009 2871 3181 2946 εἶχεν,
3211 2878 3326 2933 ὑπὸ
3358 2879 3604 2950 μάρτυσι,
3631 2868 3696 2946 τῷ
3718 2889 3762 2926 τε

2227 2957 2330 3029 υίῷ
2365 2959 2461 3013 τοῦ
2490 2965 2872 3020 πανσεϐάστου
2898 2968 3166 3024 σεϐαστοῦ
3195 2973 3408 3026 οἰκείου
3435 2972 3510 3043 τῷ
3533 2970 3766 3042 κρατίστῳ

2226 3053 2320 3106 καὶ
2354 3053 2499 3124 ἀγίῳ
2533 3073 2638 3126 μου
2696 3059 3069 3131 αὐτοκράτορι
3106 3067 3434 3136 πραῐτωρος
3462 3066 3551 3119 τοῦ
3597 3064 3762 3133 δήμου.

2227 3146 2304 3217 τῷ
2345 3146 2570 3221 Ῥαῖάνῃ
2603 3153 2928 3225 Δημητρίῳ,
2975 3157 3172 3227 καὶτῷ
3209 3159 3569 3229 πρεσϐυτέρῳ
3583 3156 3768 3226 Ἰωάννῃ

2225 3240 2303 3312 τῷ
2341 3242 2660 3316 Ἀγαπητῷ,
2694 3248 2817 3300 ἐπεὶ
2876 3250 3174 3322 ηὑρίσκετο
3209 3255 3302 3318 είς
3359 3254 3611 3322 ταξείδιον
3646 3248 3765 3307 ἐντὸς

2224 3334 2494 3406 κατέργου
2531 3341 2670 3409 μετά
2702 3340 2798 3394 τοῦ
2847 3341 3184 3413 δηλωθέντος
3209 3348 3535 3421 πραίτωρος
3569 3343 3653 3404 τινῦ
3692 3341 3767 3410 δή·

2225 3443 2351 3494 μου,
2381 3430 2472 3482 καὶ
2503 3435 2603 3484 οὐκ
2627 3433 2867 3506 ἠδυνήθη
2898 3436 3128 3506 ποιῆσαι
3161 3439 3442 3512 διαθήκην
3468 3459 3482 3474 ·
3516 3437 3767 3498 διαναστὰς

2220 3517 2278 3571 δέ
2307 3522 2335 3572 6
2364 3520 2452 3573 ἐπ’
2500 3523 2706 3596 ἀδελφῇ
2738 3527 2989 3599 γαμϐρὸς
3029 3531 3197 3585 αὐτοῦ
3229 3535 3437 3601 Φωκᾶς
3466 3536 3491 3589 6
3530 3537 3768 3588 Σπαντου-

2221 3611 2342 3681 νῆς,
2371 3613 2736 3671 ἀντιποιεῖται
2760 3617 2854 3672 τοῦ
2879 3621 3127 3676 τοιούτου
3157 3624 3463 3693 ἀμπελίου,
3497 3624 3765 3692 συγκληρο-

2225 3708 2410 3773 νομεῖν
2439 3707 2840 3780 διατεινόμενος
2875 3712 2969 3768 ἐπὶ
3025 3719 3138 3780 τοῖς
3173 3723 3446 3784 τοιούτοις
3489 3719 3762 3788 πράγμασιν

2222 3796 2320 3849 καὶ
2349 3797 2552 3870 ἐδεήθη
2588 3801 2780 3855 τούτου
2807 3805 2970 3876 χάριν
3000 3808 3029 3859 6
3053 3809 3323 3878 δηλωθεὶς
3357 3811 3612 3881 Ἀγγελος
3641 3810 3762 3862 ἀντι-

2224 3889 2482 3960 κριθῆναι
2539 3892 2617 3964 np
2645 3897 2878 3968 τοιούτῳ
2938 3899 3285 3974 Σπαντουνῇ.
3343 3905 3538 3975 Παρὼν
3589 3903 3640 3956 δέ
3686 3899 3761 3954 καὶ

2221 3985 2387 4047 αὐτὸς
2424 3987 2520 4039 καὶ
2558 3987 2780 4042 ἀκούων
2802 3989 2912 4044 τῶν
2961 3993 3111 4064 παρά
3142 3995 3237 4047 τοῦ
3281 3997 3541 4065 Ἀγγέλου
3568 3992 3764 4064 είρημέο

2221 4095 2350 4145 νων,
2391 4080 2460 4131 τά
2491 4081 2688 4152 πρῶτα
2728 4085 2829 4152 μέν
2865 4083 3078 4154 ἔλεγεν,
3113 4089 3481 4158 ἀμφιϐάλλειν
3533 4083 3764 4160 περὶτῶν

2225 4172 2544 4242 μαρτύρων,
2591 4175 2640 4227 εί
2693 4175 3084 4246 ἀληθεύουσιν,
3136 4181 3213 4245 ὡς
3252 4185 3279 4234 ὁ
3315 4185 3580 4250 Ἀγγελος
3641 4180 3765 4232 Κων-

2223 4264 2504 4326 σταντῖνος
2554 4266 2826 4319 τελευτῶν
2862 4270 3115 4338 ἐπαφῆκε
3179 4275 3317 4341 προς
3375 4273 3565 4326 τοῦτον
3597 4271 3657 4340 δὴ
3694 4267 3765 4318 τὸν

2222 4354 2556 4424 αὐτάδελφον
2610 4359 2801 4426 αὑτοῦ,
2839 4361 2929 4413 τὸν
2971 4364 3241 4431 Ἄγγελον
3284 4366 3563 4432 Ἰωάννην,
3598 4366 3658 4417 τὰ
3690 4377 3765 4413 κα·

2222 4443 2549 4514 θευρεθέντα
2585 4450 2734 4520 αὑτῴ
2779 4453 3108 4522 πράγματα,
3160 4458 3255 4508 καὶ
3311 4457 3497 4528 ἐζήτει
3546 4452 3767 4521 δέξασθαι

531 4536 602 4602 τῇ
652 4531 1027 4600 πατριαρχικῇ
1059 4527 1240 4598 κρίσει
1272 4527 1573 4621 Αὼθέγτων-
1609 4527 1933 4621 (ζῐκημάτωγ
1964 4529 2113 4599 αὐτῷ
2149 4543 2194 4600 ι)
2223 4537 2418 4601 αὐτοὺς
2455 4539 2620 4609 βάρος
2675 4545 2976 4614 ἐπιτιμίου,
3005 4549 3090 4616 ἐφ’
3124 4542 3168 4617 ᾧ
3211 4550 3272 4602 τὸ
3299 4527 3500 4621 ἀληθὲς
3538 4546 3766 4617 ἀνομολο·

533 4626 618 4685 είς
645 4621 1039 4693 ἀναπλήρωσιν
1093 4619 1331 4692 μερικὴν
1381 4619 1482 4689 τῆς
1515 4617 1692 4682 αὐτῆς
1738 4619 1988 4692 προικὸς,
2021 4622 2116 4675 καὶ⁵

470 4724 475 4729 ’
534 4717 632 4770 ἐπὶ
661 4716 840 4787 τρισὶν
863 4715 962 4784 ήδη
995 4715 1210 4784 χρόνοις
1237 4712 1480 4781 κατέχει,
1506 4705 1584 4764 ὧν
1613 4714 1774 4784 χάριν
1803 4713 1898 4767 καὶ
1920 4713 2114 4785 ἐδεήθη

533 4811 636 4878 τῆς
670 4807 830 4878 ἡμῶν
867 4806 1223 4876 μετριότητος
1247 4806 1276 4856 6
1305 4803 1470 4866 αὐτὸς
1513 4804 1896 4872 Ἐξάκουστος,
1931 4807 2117 4878 φέρων

536 4899 644 4955 ἀνά
664 4901 862 4970 χεῖρας
894 4899 990 4950 καὶ
1019 4897 1080 4948 τὸ
1105 4893 1350 4948 τοιοῦτον
1386 4893 1671 4948 συνοδικὺν
1697 4897 1934 4968 γράμμα
1953 4913 1968 4929 ο
2011 4915 2116 4950 πα-

537 4991 648 5063 ρὼν
676 4991 734 5043 δέ
767 4992 861 5043 καὶ
883 4990 911 5042 6
939 4987 1205 5056 δηλωθεὶς
1237 4985 1614 5057 πρεσϐύτερος
1637 4989 1732 5042 καὶ
1762 4989 2118 5079 ἀγὶροὼμενος

525 5083 628 5137 τοῦ
676 5081 922 5136 τοιούτου
963 5078 1329 5143 Ἐξακούστου
1357 5079 1428 5131 τά
1483 5080 1751 5149 εἰρημένα
1797 5078 2112 5147 διεξιόντος,

529 5176 671 5231 ἄλλα
727 5167 817 5226 ἐπ’
849 5171 1030 5232 ἄλλοις
1063 5168 1539 5240 προφασιζόμενος
1568 5167 1657 5240 ἦν,
1694 5172 1776 5224 ἔτι
1810 5173 1865 5225 δὲ
1913 5177 2008 5226 καὶ
2039 5175 2117 5239 ὡς

529 5270 631 5338 τῆς
667 5264 928 5334 γυναικὸς
978 5263 1058 5324 εἰς
1092 5261 1462 5332 μοναστήριον
1487 5263 1754 5316 εἰσελθεῖν
1784 5264 2119 5336 βουλομένης

526 5356 803 5413 καὶκατὰ
838 5356 1078 5424 μοναχάς
1109 5353 1460 5423 ἀποκαρῆναι
1499 5357 1726 5426 κατέχει
1774 5359 1842 5412 τά
1885 5359 2116 5413 τοιαῦτα

521 5451 661 5520 om,
674 5465 820 5519 ματα
843 5447 939 5498 ἐπὶ
960 5445 1036 5515 τῷ
1058 5450 1450 5516 προσενεγκεῖν
1472 5449 1613 5502 αὑτά
1633 5448 1712 5519 τῷ
1741 5454 2112 5522 μοναστηρίῳ,

531 5544 590 5594 ἐν
622 5535 667 5610 ᾧ
698 5541 1049 5612 ἀποκαρῆναι
1079 5540 1338 5594 συνέθετο
1367 5541 1535 5612 αὕτη.
1568 5542 1734 5596 Ὅθεν
1759 5545 1855 5597 καὶ
1897 5546 2116 5612 ἔκρινεν

532 5634 570 5704 ή
605 5632 891 5704 μετριότης
918 5633 1075 5703 ήμῶν
1121 5635 1338 5703 σύναμα
1366 5636 1479 5698 τοῖς
1519 5636 1855 5706 περὶ·αύτὴν
1890 5637 2115 5706 ἱερωτά-

531 5740 646 5787 τοις
677 5724 1029 5796 ἀρχιερεῦσιν
1063 5724 1494 5796 ύπεξαιρεθῆναι
1545 5727 1654 5779 ἀπὸ
1707 5727 1819 5781 τῶν
1858 5729 2116 5781 τοιούτων

528 5817 853 5889 οἰκημάτων
885 5820 950 5873 τά
979 5822 1280 5891 οἰκήματα.
1314 5818 1475 5876 ἀτινα
1504 5819 1753 5889 ἔφθασαν
1782 5821 2112 5892 διατιμηθῆ-

2223 4630 2506 4698 γήσουσιν,
2543 4634 2570 4685 ὃ
2597 4635 2662 4704 δὴ
2714 4639 2808 4688 καὶ
2840 4639 3154 4710 δεξαμένων
3209 4645 3307 4697 καὶ
3360 4641 3765 4711 πιστωσαμένων

2218 4723 2287 4772 τὰ
2321 4723 2448 4789 περὶ
2482 4725 2694 4786 τούτου,
2729 4728 3098 4799 ἐρωτηθέντος
3135 4732 3190 4785 δέ
3227 4735 3324 4786 καὶ
3358 4735 3456 4788 τοῦ
3505 4728 3764 4802 εἰρημένου

2220 4814 2598 4868 πανσεϐἀστου
2648 4821 2913 4873 σεϐαστού
2961 4824 3277 4894 πραίτωρος
3321 4825 3417 4877 τοῦ
3474 4825 3638 4896 δήμου
3688 4817 3763 4870 καὶ

2219 4903 2746 4975 άνομολογήσαντος,
2775 4909 2993 4979 ἀληθῶς
3037 4912 3200 4982 ἔχειν,
3235 4915 3363 4967 ὅσον
3397 4915 3424 4967 ὃ
3450 4932 3508 4967 τε
3557 4913 3660 4971 υἱὸς
3687 4907 3763 4960 αὖ·

2218 4991 2312 5044 τοὺ
2337 4996 2430 5047 καὶ
2459 4995 2487 5047 6
2513 4998 2887 5068 πρεσϐύτερος
2929 5002 3339 5074 ἐμαρτύρησεν,
3375 5005 3571 5075 ἑτέραν
3597 5003 3762 5055 ἔπειτα

2219 5086 2470 5155 ἐκίνησεν
2503 5090 2750 5162 ἀγωγὴν,
2777 5093 2854 5157 ὡς
2908 5096 2940 5164 ή
2984 5095 3217 5165 σύζυγος
3251 5099 3442 5151 τούτου
3469 5097 3656 5151 δέδωκε
3691 5092 3766 5143 δα-

2217 5181 2451 5244 νειακῶς
2503 5187 2568 5252 τῇ
2606 5187 2776 5254 μητρὶ⁸
2833 5189 3058 5257 ταύτης,
3105 5190 3201 5257 ἀφ’
3249 5182 3324 5242 ὧν
3366 5181 3760 5260 ἐπροικοδοτήθη

2219 5276 2565 5344 πραγμάτων
2597 5277 2891 5347 ὑπέρπυρα
2915 5281 3146 5347 ἑκατὸν,
3163 5283 3252 5335 καὶ
3277 5282 3588 5334 τελευτῶσαι
3605 5277 3759 5341 ἐκείνη

2217 5369 2283 5417 τά
2315 5367 2716 5435 καθευρεθέντα
2751 5371 2888 5442 αὐτῇ
2915 5373 3218 5441 πράγματα
3246 5376 3604 5442 διανέμουσα,
3629 5364 3760 5421 οὐδὶν

2219 5457 2468 5527 ἐμνήσθη
2506 5459 2598 5510 καὶ
2655 5461 2784 5529 περὶ
2831 5462 2941 5514 τῶν
2991 5465 3252 5517 τοιιύτων
3299 5463 3646 5534 ὑπερπύρων,
3681 5451 3758 5507 καὶ

2217 5547 2400 5616 ἐζήτει
2434 5548 2617 5600 λαϐεῖν
2647 5551 2900 5605 ἐντεῦθεν
2933 5556 2991 5606 τ’)
3027 5563 3268 5610 τοιοῦτον
3300 5555 3588 5626 ἀμπέλων.
3631 5543 3758 5601 Ἐπεὶ

2214 5637 2271 5690 δὲ
2306 5640 2564 5712 ἁπῃτήθη
2598 5641 2782 5697 δοῦναι
2816 5647 3167 5716 παράστασιν
3227 5649 3329 5714 τῆς
3360 5648 3608 5710 τοιαύτης
3650 5641 3760 5692 ὑπο·

2216 5729 2438 5796 θέσεως,
2475 5735 2824 5803 παράστασιν
2858 5738 2959 5806 μὲν
2985 5740 3180 5806 ἑτέραν
3222 5739 3384 5795 οὐδὲν
3415 5740 3628 5807 ίσχυσεν
3649 5732 3762 5782 ἀπο·

2214 5824 2418 5893 δοῦναι,
2471 5828 2752 5893 ἐνεφάνισε
2802 5831 2858 5882 δὲ
2899 5833 3136 5904 γράμμα
3163 5837 3256 5906 τῆς
3319 5831 3578 5899 πενθερᾶς
3603 5819 3764 5880 αὑτοῦ,
