4046 6448
473 439 607 504 11339

1422 446 1749 508 JOANNIS
1789 449 2054 512 GLYCIS
2089 453 2200 519 ΟΡ.
2245 453 2756 514 ΡΑἹῊΙΑΒΕΗᾸΞ

3580 395 3714 504 mh

463 553 564 604 οὐκ
604 551 730 619 ὲνῆν
761 552 934 620 τούτῳ
963 551 1026 621 δὴ
1071 551 1149 622 τῷ
1186 552 1280 622 τὴν
1328 555 1671 622 χειροτονίαν
1715 556 1847 626 παρ’
1879 559 2040 628 ήμῶν
2072 579 2116 633 Α
2147 562 2242 613 καὶ
2291 561 2460 614 πλείω
2503 560 2947 630 προσλαμϐάνειν
2993 555 3311 623 ζητοῦντας.
3345 555 3412 608 ἵν’
3459 555 3609 608 αὐτοί
3657 574 3716 608 τε

464 643 746 713 δεξαμένῳ
772 642 861 696 διὰ
901 643 999 710 τὴν
1031 643 1335 713 εἰρημένην
1356 645 1477 721 -ςτῶν
1503 645 1719 697 ἀσεϐῶν
1746 647 1838 699 τοῦ
1866 648 2034 702 τόπου

463 737 812 807 καταδρομήν
839 738 931 789 καὶ
976 736 1243 814 ἐπίθεσιν,
1277 737 1464 805 ἔτερόν
1513 754 1636 790 τινα
1665 739 1865 808 τρόπον
1899 742 2022 794 οὐδὲ

463 831 648 882 τοῦτον
674 829 965 899 ἀσυντελῆ,
992 829 1106 881 ἀλλ’
1129 830 1281 899 αὐτῷ
1308 847 1366 884 τε
1395 830 1489 883 καὶ
1512 833 1579 900 τῇ
1607 832 1804 885 ἑαυτοῦ
1831 833 2036 904 ποίμνῃ

461 921 717 990 λυσιτελῆ
738 925 790 985 ἐς
813 924 881 976 τὰ.
914 923 1150 992 μάλιστα
1173 923 1270 993 τὴν
1292 923 1635 994 προμήθειαν
1660 925 2032 993 πεποιήμεθα.

461 1014 760 1082 Τοιγαροῦν
812 1018 909 1070 καὶ
961 1016 1161 1086 γνώμῃ
1215 1016 1310 1069 καὶ
1371 1015 1594 1086 θελήσει·
1642 1016 1880 1085 θεοφιλεῖ
1939 1019 2035 1070 καὶ

461 1105 665 1175 σπουδῇ
705 1107 804 1160 τοῦ
869 1107 1240 1178 περιποθήτου
1298 1107 1523 1178 ἀνεψιοῦ
1570 1106 1668 1161 τοῦ
1738 1108 2034 1179 κρατίστου

459 1197 554 1248 καὶ
613 1197 772 1266 ἁγίου
848 1215 952 1268 μου
997 1200 1424 1269 αὐτοκράτορος,
1479 1199 1861 1252 ποθεινοτάτου
1915 1200 2035 1252 υἱοῦ

457 1289 556 1359 τῆς
583 1291 616 1360 ή
626 1290 746 1359 μῶν
775 1292 1156 1360 μετριότητος,
1187 1291 1450 1346 αὑθέντου
1478 1292 1576 1361 τῆς
1599 1291 2032 1362 Τραπεζοῦντος,

458 1381 552 1434 τοῦ
613 1384 1224 1454 μεγάλου,Κομνηνοῦ,
1255 1385 1356 1452 τὴν
1392 1387 1451 1438 ἐν
1501 1387 1566 1456 τῇ
1602 1388 1826 1457 τοιαύτῃ
1878 1385 2035 1456 χώρᾳ

459 1472 625 1525 αὐτοῦ
676 1474 984 1544 ἐπισκοπὴν
1011 1477 1120 1528 τῶν
1151 1477 1422 1546 Λιμνίων,
1463 1477 1630 1532 οὖσαν
1670 1478 1771 1547 μὲν
1798 1477 1906 1531 ὑπὸ
1933 1478 2035 1548 τὴν

458 1561 722 1632 τοιαύτην
784 1566 1120 1635 μητρόπολιν
1163 1568 1486 1637 Ἀμασείας,
1547 1569 1811 1623 τελοῦσαν
1869 1569 1925 1622 δὲ
1977 1570 2034 1624 ἔν

463 1655 722 1724 στερήσει
755 1658 1062 1728 ἀρχιερέως
1093 1659 1190 1712 καὶ
1245 1660 1333 1714 διὰ
1363 1654 1523 1715 τοῦτο
1571 1662 1664 1714 καὶ
1693 1661 1786 1715 τοῦ
1818 1661 1908 1716 ὑπ’
1936 1661 2036 1715 αὐ·-

459 1747 559 1814 τήν
590 1748 991 1818 Χριστωνύμου
1025 1749 1156 1804 λαοῦ
1189 1752 1284 1821 τῆς
1335 1751 1586 1806 ἐντεῦθεν
1628 1753 1898 1822 ὠφελείας
1945 1755 2038 1806 ἐσ-

459 1846 788 1909 τερημένου,
823 1843 899 1912 τῷ
934 1845 1032 1911 τὴν
1067 1845 1406 1914 χειροτονίαν
1434 1845 1715 1917 δεξαμένῳ
1743 1849 1840 1918 τῆς
1858 1849 2033 1916 Ἀμα-

2149 655 2410 722 ποιμένες
2450 653 2519 706 δι’
2549 652 2827 718 ἀξιολόγου
2881 651 2974 705 τοῦ
3033 649 3269 719 πλήθους
3306 647 3572 709 καλοῖντο,
3623 651 3715 702 καὶ

2151 745 2248 816 ἀμ’
2283 745 2456 814 ἔχοιεν
2480 744 2775 798 ἀπολαύειν
2806 742 2998 811 ἱκανῆς
3026 743 3124 809 τῆς
3143 743 3205 794 ὲκ
3231 739 3338 792 τῶν
3364 741 3690 809 ποιμαινομέ

2149 853 2258 891 νων
2291 836 2554 904 προσόδου
2591 836 2682 888 καὶ
2710 835 2810 903 τῆς
2831 834 2940 886 τῶν
2973 832 3179 884 ἐκεῖθεν
3206 830 3433 898 καρπῶν
3461 831 3715 898 εὑφορία,

2149 929 2242 981 καὶ
2273 927 2548 997 εὐθηνίας,
2581 929 2628 980 εί
2649 927 2700 986 δῖ
2726 925 2817 979 ἐπὶ
2849 925 2998 992 σφῶν
3028 924 3209 976 αὐτῶν
3235 924 3430 976 ἐκεῖνοι
3465 939 3720 990 πραγμα-

2145 1020 2396 1073 τεύονται
2440 1020 2507 1073 τὰ
2552 1018 2653 1084 τῆς
2682 1019 2941 1087 εὐπορίας
2979 1017 3160 1071 αὐτῶν
3199 1016 3342 1068 οὕτω
3379 1015 3471 1066 καὶ
3499 1031 3714 1081 προμη-

2147 1111 2322 1176 θείας,
2344 1111 2464 1174 πῶς
2485 1111 2586 1165 οὒκ
2607 1111 2672 1165 ἂν
2704 1115 2736 1180 ὴ
2771 1109 2866 1163 τοῦ
2892 1110 3026 1162 Θεοῦ
3062 1107 3354 1176 Ἐκκλησία
3379 1106 3588 1171 κήδοιτο
3608 1105 3716 1156 τῶν

2146 1205 2348 1274 ἑαυτῆς
2382 1205 2659 1273 ποιμένων
2703 1205 2797 1258 καὶ
2839 1202 3067 1256 πλεῖστά
3118 1217 3182 1267 γε
3231 1200 3468 1268 κήδοιτο,
3505 1196 3569 1249 ἵν’
3601 1196 3716 1265 ἄμα

2147 1296 2246 1352 καὶ
2298 1296 2394 1362 τὴν
2435 1296 2579 1348 κατά
2615 1293 2856 1365 τοῦνομα
2897 1294 3182 1348 πλουτοῐεν
3217 1291 3588 1360 προσηγορίαν
3623 1289 3718 1372 καὶ

2145 1390 2245 1456 τῆς
2291 1389 2473 1442 αὐτῶν
2514 1388 2726 1459 διαίτης
2771 1387 3026 1441 ἐντεῦθεν
3059 1386 3322 1456 εὐπορίαν
3354 1385 3600 1449 ἀνενδεᾶς
3627 1383 3713 1435 Δί-

2147 1495 2306 1533 καιον
2355 1481 2451 1533 καὶ
2499 1478 2610 1545 γὰρ
2671 1477 3034 1548 σχολάζοντας
3085 1475 3281 1535 αὐτοὺς
3335 1473 3463 1544 περὶ
3491 1473 3716 1544 τὴντῶν

2151 1573 2595 1642 ποιμαινομένων
2630 1572 2890 1642 φροντίδα
2928 1572 3022 1625 καὶ
3070 1570 3168 1641 τήν
3201 1570 3384 1629 αὐτοῖς
3417 1567 3716 1620 πιστευθεῖ-

2152 1684 2253 1720 σαν
2283 1667 2390 1720 τῶν
2426 1665 2615 1737 ψυχῶν
2650 1666 2968 1735 ἐπιμέλειαν
3016 1664 3124 1717 τῶν
3149 1663 3254 1728 ἔξω
3285 1659 3711 1731 καταμελοῦντσς

2149 1757 2211 1811 ἔκ
2260 1774 2321 1824 γε
2375 1757 2486 1810 τῶν
2534 1758 2890 1827 πονουμένων
2919 1757 2980 1809 οὗ
3020 1758 3178 1826 μόνον
3213 1755 3285 1807 τά
3318 1753 3454 1823 προς
3484 1754 3569 1806 τὸν
3603 1752 3714 1820 βίον

2151 1849 2356 1912 ἱκανῶς
2400 1851 2598 1914 αὐτοὺς
2649 1849 2814 1920 ἔχειν,
2848 1850 2983 1904 ἀλλά
3016 1850 3112 1902 καὶ
3162 1849 3278 1910 τοῖς
3323 1845 3503 1908 ἄλλοις
3543 1861 3705 1912 προσ-

463 1930 637 1993 σεεας,
675 1932 748 1992 ὡς
772 1932 1014 2002 εἴρηται,
1038 1933 1312 1986 ὲκδεδώκα
1323 1935 1421 2003 μέν
1448 1952 1506 1987 τε
1539 1935 1636 1986 καὶ
1657 1934 2038 2004 ἐπετρέψαμεν
2071 1934 2113 1988 Β
2142 1944 2409 2011 επαρκεῖν
2438 1943 2604 2011 ἔχειν,
2631 1937 2711 2005 οἷς
2737 1943 2976 2011 ἀπορίαν
3005 1943 3032 1994 ὁ
3060 1941 3254 2012 χρόνος
3277 1939 3546 2007 ἐπήνεγκε
3577 1935 3703 2006 βίον·

462 2022 551 2074 διά
580 2039 638 2075 τε
675 2024 734 2076 τὸ
772 2025 948 2095 πάντη
997 2025 1174 2088 ἐνδεὲς
1203 2026 1302 2093 τῆς
1347 2027 1602 2096 τοιαύτης
1647 2025 2034 2096 μητροπόλεως

476 2113 777 2182 Ἀμασείας
800 2117 894 2168 καὶ
956 2116 1016 2169 τὸ
1067 2116 1161 2169 τοῦ
1189 2118 1556 2188 κατάρχοντος
1620 2118 1806 2180 ἔθνους
1855 2117 2033 2169 ἐκεῖσε

467 2205 703 2273 μάλιστα
750 2207 1219 2278 δυσπαράδεκτον,
1267 2208 1408 2262 ὥστε
1464 2209 1741 2280 καθῆσθαι
1795 2209 1894 2278 μὲν
1943 2208 2037 2260 καὶ

464 2297 671 2365 διάγειν
728 2298 819 2352 τὸν
857 2299 1102 2354 τοιοῦτον
1160 2299 1458 2372 ἱερώτατον
1518 2300 1926 2372 μητροπολίτην
1977 2301 2034 2352 ὲν

466 2393 608 2460 αὐτῇ
665 2393 730 2461 τῇ
764 2392 870 2445 τῶν
904 2393 1152 2463 Λιμνίων
1201 2395 1482 2466 ἁγιωτάτῃ
1526 2396 1828 2464 ἐπισκοπῇ,
1859 2393 1950 2446 τόν
1976 2409 2034 2444 τε

465 2486 647 2538 ἐκεῖσε
691 2486 1080 2553 Χριστιανικδν
1107 2487 1235 2540 λαὸν
1273 2486 1678 2558 ἀρχιερατικῶς
1722 2487 2038 2557 ποιμαίνειν

463 2578 561 2631 καὶ
599 2577 866 2648 βελτιοῦν,
899 2584 966 2634 τὰ
1007 2582 1146 2652 πρὸς
1189 2584 1464 2653 σωτηρίαν
1501 2582 1899 2653 εἰσηγούμενον
1946 2581 2042 2634 καὶ

463 2669 808 2736 διδάσκοντα,
861 2674 1170 2743 ἱερουργεῖν
1203 2691 1263 2725 τε
1296 2676 1356 2726 ἐν
1409 2675 1578 2743 αὐτῇ,
1629 2675 1761 2728 ἄνευ
1799 2673 1899 2741 τῆς
1945 2672 2039 2724 τοῦ

467 2762 615 2829 ἱεροῦ
647 2764 940 2832 συνθρόνου
975 2764 1433 2833 ὲγκαθιδρύσεως,
1476 2766 1569 2818 καὶ
1601 2764 1884 2826 διακόνους
1911 2780 2042 2831 προ·-

465 2854 714 2918 6ι6άζειν
743 2855 836 2908 καὶ
877 2856 1284 2926 πρεσσυτέρους
1312 2857 1405 2909 καὶ
1448 2855 1628 2909 πάντα
1657 2856 1829 2910 τᾶλλα
1858 2857 2039 2924 πράτο

465 2963 600 3012 τειν,
639 2949 740 3000 ὅσα
774 2947 869 3000 καὶ
899 2947 978 3017 τῷ
1016 2949 1226 3019 γνησίῳ
1260 2950 1726 3018 ἀρχιερεῖδίδοται
1769 2949 1865 3002 καὶ
1891 2947 2042 3017 νομί-

467 3042 644 3106 ζεται,
680 3040 1022 3110 ἀπέρχεσθαι
1055 3040 1132 3106 δὲ,
1166 3042 1254 3094 ὅτε
1288 3040 1500 3105 ἔξεστιν
1527 3042 1677 3111 αὐτῷ
1704 3042 1799 3094 καὶ
1824 3040 2042 3095 δίδωσιν

465 3135 494 3186 ὁ
533 3133 750 3201 καιρὸς,
788 3134 882 3186 καὶ
930 3134 1010 3196 είς
1064 3135 1164 3197 τὴν
1198 3133 1522 3204 ’Δμάσειαν,
1575 3135 1669 3187 καὶ
1729 3135 2043 3203 ποιμαίνειν

465 3226 592 3288 τοὺς
623 3228 681 3278 ὲν
713 3226 852 3295 αὐτῇ
884 3226 976 3278 τὸν
997 3227 1184 3294 ὅμοιον
1219 3226 1425 3297 τρόπον
1459 3227 1554 3280 καὶ
1587 3227 1764 3280 πάντα
1806 3225 2038 3279 καθόλου

467 3317 756 3386 πράττειν,
792 3317 893 3370 ὅσα
936 3319 1048 3382 τοῖς
1079 3319 1325 3387 γνησίοις
1359 3319 1790 3388 μητροπολίταις
1819 3318 2040 3371 οἱ·θεῖοι

467 3408 561 3461 καὶ
599 3409 738 3480 ἱεροὶ
770 3411 996 3473 κανόνες
1033 3411 1354 3466 ὲνδιδόασιν.
1390 3412 1621 3477 Καθέξει
1667 3411 1847 3465 τοίνυν
1879 3412 1910 3463 ό
1947 3410 2043 3462 αὺ-

466 3499 558 3563 τδς
590 3499 885 3571 ἱερώτατος
917 3503 1322 3575 μητροπολίτης
1365 3504 1662 3572 ’Δμασείας
1703 3503 1806 3574 τὴν
1857 3501 2044 3556 τοιαύ-

467 3610 570 3662 την
601 3594 912 3665 ἀγιωτάτην
939 3596 1252 3664 ἐπισκοπὴν
1293 3595 1402 3650 τῶν
1449 3595 1696 3666 Λιμνίων
1737 3597 1832 3649 καὶ
1862 3597 2045 3648 πάντα

467 3685 537 3740 τά
562 3685 656 3740 ὑπ’
681 3686 874 3758 αὐτὴν,
911 3687 1008 3740 καὶ
1054 3687 1166 3754 ἔξει
1215 3689 1302 3740 ἐπ’
1332 3687 1540 3753 ἀδείας,
1572 3689 1764 3757 ὥσπερ
1801 3690 2041 3758 εἴρηται,

470 3780 859 3849 ἱεροπρακτετν
909 3781 966 3834 ἐν
1003 3781 1166 3852 αὐτῇ,
1204 3781 1345 3834 ὥστε
1393 3782 1490 3835 καὶ
1513 3783 1802 3845 διακόνους
1850 3781 2043 3851 προϐι-

467 3870 659 3936 ϐάζειν
705 3873 799 3927 καὶ
835 3873 1268 3944 πρεσϐυτέρους,
1302 3873 1384 3928 ἔτι
1407 3891 1472 3942 γε
1515 3873 1622 3944 μὴν
1683 3874 1761 3937 ὡς
1814 3873 2044 3927 δυνατὸν

467 3969 566 4020 καὶ
599 3964 668 4021 τὰ
699 3967 758 4021 ιν
782 3969 850 4038 τῇ
881 3967 1159 4038 ἁγιωτάτῃ
1176 3967 1512 4039 μητροπόλει
1546 3965 1851 4035 ’Λμασείας
1879 3981 2044 4035 προσ-

467 4057 714 4122 καθέξει,
737 4058 813 4122 ὡς
847 4060 1071 4130 γνήσιος
1107 4059 1208 4130 τῆς
1229 4059 1487 4127 τοιαύτης
1508 4057 1824 4126 ἁγιωτάτης
1845 4057 2044 4124 ἔκκλη-

465 4148 591 4212 σίας
621 4148 942 4218 ἀρχιερεὺς,
973 4149 1097 4202 ὅθεν
1136 4150 1231 4202 καὶ
1257 4148 1568 4217 ὀφείλουσιν
1605 4148 1758 4202 ora
1791 4148 2046 4220 κληρικοὶ

463 4240 566 4306 τῆς
587 4237 924 4309 δηλωθείσης
949 4240 1268 4312 ἁγιωτάτης
1295 4241 1686 4311 μητροπόλεως
1720 4243 2041 4311 ’Δμασείας,

463 4331 608 4382 οἵτε
681 4329 784 4398 τῆς
835 4329 933 4383 ὑπ’
980 4331 1512 4402 αὐτήνοάγιωτάτης
1573 4332 1883 4401 ἐπισκοπῆς
1933 4333 2043 4386 τῶν

465 4419 712 4491 Λιμνίων
741 4422 836 4474 καὶ⁵
887 4421 938 4474 οἱ
971 4421 1078 4476 ὑπὸ
1105 4422 1207 4486 τὰς
1253 4424 1467 4495 ὲνορίας
1494 4423 1701 4476 τούτων
1733 4423 2041 4491 τελοῦντες,

467 4514 760 4583 ίερωμένοι
789 4531 848 4566 τε
883 4513 977 4567 καὶ
1006 4515 1334 4583 μονάζοντες
1364 4518 1458 4570 καὶ
1485 4518 1546 4570 τὸ
1575 4517 1765 4572 λοιπὸν
1792 4519 2042 4588 Χριστώ·

2144 2034 2206 2086 οὐ
2237 2036 2346 2105 γὰρ
2376 2036 2438 2089 ὲκ
2460 2038 2740 2104 παρέργου
2771 2037 2884 2098 τοῖς
2905 2034 3119 2101 ἀληθῶς
3150 2031 3402 2099 ποιμέσιν
3429 2028 3713 2098 ἐμέλησεν,

2143 2127 2293 2190 ὅπως
2327 2129 2456 2192 τοὺς
2503 2129 2608 2182 ὑπὸ
2639 2127 2853 2198 χρείαις
2884 2126 2995 2179 τισὶ.
3038 2125 3464 2191 δεδουλωμένους
3500 2120 3711 2174 ἐλευθέ-

2144 2236 2269 2287 ρους
2292 2219 2474 2273 αύτῶν
2498 2219 2672 2290 ἔχοιεν
2703 2218 3045 2288 ἀποφαίνειν,
3065 2215 3199 2268 ἀλλὰ
3221 2215 3314 2269 τοῦ
3342 2212 3536 2274 παντὸς
3556 2211 3709 2264 τοῦτο

2140 2311 2430 2380 τιμῶνται,
2472 2314 2564 2366 καὶ⁵
2592 2313 2661 2366 τὰ
2697 2311 2911 2365 ἑαυτῶν
2939 2311 3072 2380 παρ’
3102 2309 3256 2363 οὐδὲν
3299 2307 3532 2361 τίθενται
3579 2305 3709 2372 πρδς

2142 2405 2203 2456 τὸ
2247 2406 2384 2458 πᾶσι
2427 2408 2539 2468 τοῖς
2571 2405 2664 2458 ὐπ’
2696 2406 2896 2467 αὐτοὺς
2939 2403 3154 2457 τελοῦσι
3205 2403 3421 2454 πάντων
3450 2397 3559 2450 τῶν
3590 2396 3712 2448 καλ-

2142 2493 2338 2556 λίστων
2371 2496 2618 2562 γίνεσθαι
2650 2495 2964 2566 βραϐευταί.
2997 2493 3156 2551 Οὕτω
3203 2493 3310 2561 γὰρ
3359 2490 3425 2543 ἂν
3461 2493 3552 2543 καὶ
3591 2487 3712 2549 τοὺς

2141 2589 2336 2653 ἀλλους
2392 2591 2751 2661 προτρέποιεν
2787 2590 2880 2643 ἐπὶ
2929 2589 3020 2643 τὸν
3064 2588 3175 2641 τῶν
3219 2586 3396 2640 καλῶν
3431 2583 3585 2652 ζῆλον
3631 2580 3708 2647 τῷ

2142 2681 2266 2736 καθ’
2287 2683 2519 2744 ἑαυτοὺς
2553 2682 2910 2750 ὑποδείγματι
2951 2681 3042 2751 οἵᾳ
3076 2679 3182 2732 τινὶ
3210 2679 3360 2749 βιαίᾳ
3389 2674 3549 2739 ἕλξει,
3577 2672 3710 2741 πρδς

2141 2775 2210 2828 τὰ
2259 2773 2336 2842 τῷ
2393 2774 2514 2844 Θεῷ
2558 2776 2822 2828 δοκοῦντα
2851 2773 3251 2843 καταρτύοντες
3285 2771 3375 2823 καὶ
3409 2769 3711 2838 προσάγον-

2142 2882 2254 2927 τες.
2291 2865 2400 2919 Καὶ
2445 2866 2498 2919 τί
2541 2867 2622 2920 δεῖ
2653 2866 2776 2919 καθ’
2807 2864 3038 2917 ἕκαστον
3071 2863 3270 2932 λέγειν,
3293 2862 3328 2916 ἃ
3358 2860 3465 2912 τῶν
3510 2858 3581 2928 μὴ
3611 2874 3707 2909 πε-

2142 2957 2233 3028 νίᾳ
2293 2957 2772 3028 πολιορκουμένων
2823 2957 3104 3028 ποιμένων
3172 2955 3507 3023 ἀναφύεται,
3567 2948 3703 3002 ναῶν

2144 3052 2413 3118 ποιήσεις,
2461 3051 2652 3117 ἱερέων
2697 3050 3021 3118 διαπρεπεῖς
3065 3048 3282 3115 κόσμοι,
3315 3041 3528 3096 σεπτῶν
3572 3040 3710 3091 εἰκό-

2142 3159 2248 3194 νων
2297 3143 2391 3196 κκὶ
2422 3141 2792 3212 ἀναθημάτων
2837 3141 3140 3210 φιλοτιμία,
3175 3135 3572 3206 πτωχοτροφίαι
3619 3133 3714 3185 καὶ

2145 3233 2312 3300 ξένων
2361 3234 2622 3301 ὑποδοχαὶ
2676 3236 2796 3304 μεθ’
2829 3234 3018 3302 ἱλαρᾶς
3079 3233 3346 3301 εὐθυμίας
3400 3229 3709 3297 γινόμεναιῖ

2144 3325 2446 3382 ταῦτακαὶ
2482 3327 2661 3397 πολλῷ
2703 3327 2871 3379 πλείω
2925 3325 3155 3396 παρῆκο-
3225 3326 3240 3342 ⁹
3281 3323 3436 3391 λόγος
3487 3320 3554 3373 τὰ
3601 3318 3712 3371 τῶν

2143 3422 2526 3491 εὐπορούντων
2565 3420 2888 3490 προστατῶν
2935 3420 3029 3472 καὶ
3060 3431 3352 3487 ποιμένων,
3385 3416 3435 3468 εἰ
3465 3414 3519 3466 δὲ
3553 3413 3709 3482 κοινή

2141 3529 2227 3574 τις
2265 3512 2532 3584 εὐκληρία
2584 3514 2794 3581 γίνεται
2842 3511 2937 3565 τοῦ
2978 3511 3230 3579 ποιμνίου
3273 3508 3423 3578 ήτοῦ
3457 3504 3712 3574 ποιμένος

2144 3606 2397 3674 εὐπορία,
2441 3603 2751 3673 τοῦμπαλιν
2788 3605 2821 3672 ή
2852 3603 3050 3666 σπάνις
3079 3602 3252 3655 δεινὸν
3278 3600 3372 3654 καὶ
3395 3598 3535 3668 πέρα
3569 3611 3708 3648 πανο

2143 3699 2234 3759 τός
2259 3714 2320 3764 γε
2354 3695 2531 3750 δεινοῦ
2557 3713 2571 3726 ·
2613 3697 2702 3750 ἵνα
2753 3697 2866 3764 γὰρ
2906 3694 3074 3749 τάλλα
3118 3691 3402 3764 παρῶμεν,
3430 3689 3579 3758 παρά
3611 3689 3708 3758 μὲν

2141 3790 2257 3852 τοῖς
2291 3787 2588 3842 συνειδόσιν
2615 3787 2768 3855 αὐτῷ
2797 3787 2898 3856 τὴν
2927 3784 3119 3838 πενίαν
3148 3783 3310 3854 ἔτερα
3335 3782 3621 3852 ὑφίσταται
3645 3780 3712 3833 τά

2143 3880 2486 3951 ἐγκλήματα,
2519 3880 2672 3950 παρὰ
2699 3879 2757 3932 δὲ
2789 3881 2901 3942 τοῖς
2947 3878 3023 3948 μὴ
3066 3877 3164 3939 τὰς
3208 3875 3424 3946 ψήφους
3469 3873 3711 3944 ὴκριὸω-

2146 3971 2324 4042 μένως
2347 3971 2676 4041 τιθεμένοις,
2708 3969 2826 4026 ἀλλ’
2851 3972 2917 4025 ὲκ
2953 3969 3065 4022 τῶν
3097 3969 3323 4022 εἰκότων
3349 3968 3442 4022 καὶ
3472 3966 3712 4020 π.θανῶν

2143 4063 2319 4116 δοκῶν
2363 4062 2464 4134 μὲν
2509 4062 2658 4132 ἔχειν
2680 4062 2858 4127 οὗτος,
2889 4060 3166 4132 φείδεσθαι
3199 4060 3278 4126 δὲ,
3314 4059 3481 4129 μυρία
3525 4059 3587 4128 δὴ
3617 4059 3710 4111 καὶ

2145 4155 2574 4226 βλασφημεῖται,
2628 4157 2658 4208 ό
2696 4155 2753 4208 δὲ
2799 4155 2890 4208 τὸν
2935 4155 3172 4225 Χριστὸν
3207 4153 3415 4222 γυμνὸν
3454 4153 3515 4205 οὐ
3563 4169 3712 4220 περι-

2145 4248 2377 4313 ϐάλλων,
2405 4250 2434 4302 ὸ
2453 4247 2510 4302 δὲ
2538 4249 2812 4302 πεινῶντα
2845 4246 2918 4318 μὴ
2942 4249 3160 4316 τρέφων
3188 4247 3280 4300 καὶ
3301 4248 3398 4300 ὅσα
3423 4246 3486 4316 δὴ
3515 4245 3706 4315 ἐφεξῆς

2143 4340 2493 4405 ὀνειδίζονται
2533 4341 2583 4394 οί
2614 4339 2690 4411 μὴ
2723 4338 3094 4411 ὲπαρκοῦντες
3129 4339 3265 4410 πρδς
3294 4341 3420 4403 τοὺς
3462 4341 3520 4393 ὲν
3558 4339 3710 4410 χρείᾳ

2146 4435 2241 4486 καὶ
2291 4435 2494 4496 δειναὶς
2546 4433 2825 4501 ἀπορίαις.
2878 4431 3061 4486 Ταῦτα
3113 4431 3178 4496 δὴ
3213 4431 3308 4485 καὶ
3346 4433 3380 4502 ή
3426 4433 3710 4502 μετριότης

2146 4521 2302 4592 ήμῶν
2333 4522 2572 4592 συνεχῶς
2621 4521 2745 4576 καθ’
2800 4521 3003 4592 ἑαυτὴν
3051 4521 3408 4574 ἀνελίττουσα
3449 4523 3548 4574 οὐκ
3586 4525 3710 4576 ἀναα-

465 4622 636 4675 νυμον
669 4605 942 4677 πλήρωμα
975 4606 1231 4674 δέξασθαι
1267 4608 1457 4662 τοῦτον
1494 4611 1812 4680 χαιρούσαις
1841 4611 2039 4680 ψυχαῖς
2074 4640 2116 4693 ι)
2149 4613 2338 4683 σχετὸν
2388 4615 2634 4683 ἡγήσατο
2678 4614 2772 4666 καὶ
2810 4614 2900 4666 τὸν
2945 4612 3242 4682 ἱερώτατον
3285 4615 3710 4684 ἀρχιεπίσκοπον

465 4700 560 4752 καὶ
585 4698 675 4752 διὰ
707 4699 887 4769 πάσης
912 4701 1067 4768 ἄγειν
1093 4701 1279 4765 αίδοῦς
1303 4703 1398 4756 καὶ
1419 4706 1586 4775 τιμῆς
1609 4704 1702 4759 καὶ
1720 4703 1820 4776 τὴν
1838 4708 2042 4776 προσή-

463 4810 668 4846 κουσαν
691 4785 976 4864 ὑποταγήν
994 4811 1052 4847 τε
1075 4798 1168 4848 καὶ
1197 4795 1510 4850 εὐπείθειαν
1531 4798 1828 4868 ἀπονέμειν
1842 4795 2040 4868 τούτῳ,

459 4885 537 4946 ὡς
559 4885 807 4955 ἀρχιερεῖ
827 4886 1006 4939 αὐτῶν
1034 4889 1127 4940 καὶ
1153 4888 1322 4957 πατρὶ
1338 4889 1434 4942 καὶ
1455 4888 1762 4958 διδασκάλῳ
1788 4905 2038 4958 πνευμα-

463 4977 622 5046 τικῷ,
661 4980 747 5047 ἐφ’
776 4973 858 5043 οἷς
885 4977 952 5032 ἂν
992 4979 1085 5032 ὑπ’
1113 4980 1279 5034 αὑτοῦ
1313 4980 1652 5034 διδάσκοιντο
1685 4982 1822 5052 πρὸς
1861 4999 2038 5050 σωτη-

466 5070 589 5136 ρίαν
626 5071 980 5126 συντείνουσι.
1002 5068 1123 5126 Ἐπὶ
1147 5057 1321 5142 τούτῳ
1348 5074 1457 5142 γὰρ
1497 5074 1590 5126 καὶ
1619 5074 1680 5125 τὸ
1701 5074 1876 5143 παρὸν
1914 5091 2064 5128 συν--

462 5163 639 5216 οδικὸν
673 5165 770 5232 τῆς
819 5165 978 5232 ἡμῶν
1026 5166 1385 5234 μετριότητος
1410 5165 1646 5233 γράμμα
1671 5167 1846 5235 τούτῳ
1873 5166 1936 5237 δή
1963 5167 2041 5237 τῷ

460 5256 810 5324 διαληφθέντι
832 5257 1112 5325 ίερωτάτῳ
1143 5257 1514 5340 μητροπολίτῃ
1553 5258 1871 5325 Ἀμασείας,
1897 5261 2037 5327 ἀγα-

463 5348 621 5416 πητῴ
656 5346 799 5400 κατὰ
832 5347 1038 5418 Κύριον
1071 5348 1285 5418 ἀδελφῷ
1333 5350 1426 5400 καὶ
1482 5350 1882 5422 συλλειτουργῷ
1939 5356 2036 5422 τῆς

460 5440 619 5507 ἡμῶν
660 5439 1036 5508 μετριότητος,
1075 5441 1153 5502 είς
1178 5441 1481 5510 ἀσφάλειαν
1523 5444 1858 5501 ὲπιδέδοται.

531 5530 570 5598 -ί-
616 5527 758 5598 ΙιἸχε
790 5530 858 5583 τό
879 5531 1072 5599 ’Μηνὶ
1111 5532 1334 5597 Ἰουλίῳ
1373 5533 1488 5587 ενδ.
1526 5541 1612 5590 ιε’.

462 5642 705 5698 XXXIX.
759 5642 1002 5721 Sygwdu;
1068 5647 1456 5721 ατεΙιίερὶεεορο
1512 5649 1769 5706 Messenes
1832 5652 2032 5721 confert

569 5717 900 5785 melropoh'm
942 5717 1346 5789 ArcadiOpolcos
1380 5736 1474 5788 per
1517 5722 1928 5788 adjunclionem.

535 5809 571 5877 ’ξι
611 5810 721 5864 Καὶ
759 5809 887 5874 τοὺς
935 5811 1046 5866 τῶν
1087 5812 1420 5883 θρεμμάτων
1467 5815 1682 5884 ὁρῶμεν
1742 5818 2032 5884 ποιμένας,

461 5899 662 5955 ὁπόταν
700 5903 775 5974 μὴ
822 5904 964 5958 κατὰ
995 5904 1194 5977 πλῆθος
1226 5907 1335 5961 τῶν
1375 5905 1739 5976 βοσκημάτων
1769 5906 2031 5978 ήγῶνται,

2145 4707 2426 4776 Μεσήνης,
2457 4705 2742 4776 ἀγαπητὸν
2777 4706 2919 4760 κατά
2944 4706 3149 4775 Κύριον
3195 4705 3423 4775 ἀδελφὸν
3468 4707 3561 4760 καὶ
3591 4706 3712 4759 συλ-

2144 4796 2461 4866 λειτουργδν
2521 4797 2622 4864 τῆς
2675 4797 2835 4867 ἡμῶν
2887 4776 3266 4869 μετριότητος,
3302 4801 3564 4871 περιορᾷν
3619 4800 3710 4853 τοῦ

2142 4889 2271 4943 καθ’
2294 4889 2507 4960 ἡμέραν
2535 4889 2651 4960 βίου
2679 4889 3073 4958 ἀπορούμενον,
3103 4889 3272 4960 ἄνδρα
3301 4891 3562 4961 τρόφιμον
3584 4892 3709 4944 ὄντα

2140 4982 2206 5033 ὲκ
2234 4981 2426 5044 παιδὸς
2458 4982 2568 5035 τῶν
2599 4981 3074 5049 ὲκκλησιαστικῶν
3103 4982 3321 5052 θεσμῶν
3353 4985 3447 5037 καὶ
3485 4983 3708 5047 πολλοὺς

2144 5072 2376 5141 ἱδρῶτας
2409 5074 2779 5141 ύπενεγκόντα
2815 5073 2910 5124 καὶ
2955 5072 3210 5142 μόχθους,
3257 5073 3710 5145 ὲνασχολούμενον

2140 5166 2260 5227 ταῖς
2313 5165 2442 5234 περὶ
2470 5163 2569 5235 τὴν
2612 5164 2940 5234 Ἐκκλησία-ν
2983 5164 3303 5230 διακονίαις,
3334 5166 3547 5231 ἀλλ’ὡς
3597 5167 3712 5221 ἐνὸν

2140 5258 2268 5330 περὶ
2329 5257 2496 5310 αὑτοῦ
2543 5257 2781 5326 γνησίως
2817 5258 3175 5326 φροντίσασα,
3207 5260 3376 5331 πόρον
3413 5260 3569 5331 εὗρεν
3614 5264 3712 5314 ἔπ-

2139 5350 2558 5420 ανορθώσασθαι
2616 5351 2716 5420 τὴν
2763 5351 2887 5404 κατ’
2936 5353 3098 5405 αὑτὸν
3149 5354 3362 5408 ἔνδειαν
3419 5357 3712 5427 ἐκκλησίας

2138 5444 2453 5513 προσθήκῃ,
2487 5443 2619 5512 περὶ⁵
2649 5435 2710 5494 οὗ
2741 5444 2834 5497 καὶ
2860 5446 3240 5516 κοινωσαμένη
3267 5449 3380 5510 τοῖς
3405 5447 3713 5518 ἱερωτάτοις

2136 5538 2478 5607 ἀρχιερεῦσι,
2534 5538 2612 5606 τῷ
2662 5537 3026 5606 Χαλκηδόνος,
3066 5541 3145 5608 τῷ
3183 5541 3604 5608 Θεσσαλονίκης,
3635 5542 3713 5610 τῷ

2137 5631 2458 5702 Μελιτινῆς,
2491 5629 2573 5699 τῷ
2626 5629 2917 5699 Γαγγρῶν,
2956 5632 3034 5701 τῷ
3099 5633 3591 5704 Ποντοηρακλείας,
3634 5633 3713 5702 τῷ

2134 5722 2414 5799 Βρούσης,
2446 5721 2524 5790 τῷ
2553 5721 2775 5790 Πηγῶν,
2813 5723 2890 5791 τῷ
2915 5724 3202 5795 Βερροίας,
3247 5725 3323 5794 τῷ
3363 5726 3599 5795 Σερρῶν,
3635 5727 3713 5794 τῷ

2133 5816 2438 5878 Φιλίππων,
2483 5816 2562 5883 τῷ
2616 5815 3092 5882 Χριστουπόλεως,
3143 5819 3220 5889 τῷ
3263 5820 3585 5890 Δυρραχίου,
3637 5819 3714 5888 τῷ

2136 5907 2477 5982 Μιτυλήνης,
2517 5906 2596 5978 τῷ
2636 5905 2886 5972 Ῥωσίου,
2914 5909 2990 5979 τῷ
3016 5911 3232 5982 Ἀπρω,
3264 5910 3340 5980 τῷ
3373 5911 3705 5977 Καυκασίου,
