  <div class='ocr_page' id='page_1' title='image "/cluster/home/n/w/nwhite01/storage/ocr_20150623/152/coo.31924054870575/579.png"; bbox 0 0 4046 6464; ppageno 0'>
   <div class='ocr_carea' id='block_1_1' title="bbox 439 361 581 429">
    <p class='ocr_par' dir='ltr' id='par_1_1' title="bbox 439 361 581 429">
     <span class='ocr_line' id='line_1_1' title="bbox 439 361 581 429; baseline 0.021 -3"><span class='ocrx_word' id='word_1_1' title='bbox 439 361 581 429; x_wconf 73' lang='lat' dir='ltr'>1M3</span> 
     </span>
    </p>
   </div>
   <div class='ocr_carea' id='block_1_2' title="bbox 1421 370 2749 438">
    <p class='ocr_par' dir='ltr' id='par_1_2' title="bbox 1421 370 2749 438">
     <span class='ocr_line' id='line_1_2' title="bbox 1421 370 2749 438; baseline 0.005 -6"><span class='ocrx_word' id='word_1_2' title='bbox 1421 370 1749 434; x_wconf 78' lang='lat' dir='ltr'>IDANNIS</span> <span class='ocrx_word' id='word_1_3' title='bbox 1777 371 2049 434; x_wconf 82' lang='lat' dir='ltr'>GLYCIS</span> <span class='ocrx_word' id='word_1_4' title='bbox 2088 373 2194 434; x_wconf 75' lang='grc' dir='ltr'>(ΣΡ.</span> <span class='ocrx_word' id='word_1_5' title='bbox 2241 373 2749 438; x_wconf 75' lang='lat' dir='ltr'>PATRIARCII/E</span> 
     </span>
    </p>
   </div>
   <div class='ocr_carea' id='block_1_3' title="bbox 3563 377 3699 444">
    <p class='ocr_par' dir='ltr' id='par_1_3' title="bbox 3563 377 3699 444">
     <span class='ocr_line' id='line_1_3' title="bbox 3563 377 3699 444; baseline -0.029 -1"><span class='ocrx_word' id='word_1_6' title='bbox 3563 377 3699 444; x_wconf 73' lang='grc' dir='ltr'>ιτιι</span> 
     </span>
    </p>
   </div>
   <div class='ocr_carea' id='block_1_4' title="bbox 436 477 3695 561">
    <p class='ocr_par' dir='ltr' id='par_1_4' title="bbox 436 477 3695 561">
     <span class='ocr_line' id='line_1_4' title="bbox 436 477 3695 561; baseline 0.005 -31"><span class='ocrx_word' id='word_1_7' title='bbox 436 477 612 548; x_wconf 86' lang='grc' dir='ltr'>νομάς</span> <span class='ocrx_word' id='word_1_8' title='bbox 645 477 1006 550; x_wconf 81' lang='grc' dir='ltr'>ὀδηγήσοντος</span> <span class='ocrx_word' id='word_1_9' title='bbox 1051 479 1144 533; x_wconf 76' lang='grc' dir='ltr'>τὸν</span> <span class='ocrx_word' id='word_1_10' title='bbox 1175 481 1234 534; x_wconf 87' lang='grc' dir='ltr'>ἐν</span> <span class='ocrx_word' id='word_1_11' title='bbox 1266 480 1406 552; x_wconf 81' lang='grc' dir='ltr'>αὐτῇ</span> <span class='ocrx_word' id='word_1_12' title='bbox 1438 481 1836 552; x_wconf 87' lang='grc' dir='ltr'>Χριστώνυμον</span> <span class='ocrx_word' id='word_1_13' title='bbox 1867 483 2018 550; x_wconf 73' lang='grc' dir='ltr'>λαὸν,</span> <span class='ocrx_word' id='word_1_14' title='bbox 2050 498 2095 555; x_wconf 68' lang='grc' dir='ltr'><strong>Α</strong></span> <span class='ocrx_word' id='word_1_15' title='bbox 2126 486 2428 539; x_wconf 82' lang='grc' dir='ltr'>ποιούντων</span> <span class='ocrx_word' id='word_1_16' title='bbox 2486 489 2628 542; x_wconf 77' lang='grc' dir='ltr'>αὐτὰ</span> <span class='ocrx_word' id='word_1_17' title='bbox 2673 491 2747 560; x_wconf 73' lang='grc' dir='ltr'>τῇ</span> <span class='ocrx_word' id='word_1_18' title='bbox 2773 488 2868 541; x_wconf 89' lang='grc' dir='ltr'>τοῦ</span> <span class='ocrx_word' id='word_1_19' title='bbox 2913 487 3217 561; x_wconf 70' lang='grc' dir='ltr'>ἀρχιερέως</span> <span class='ocrx_word' id='word_1_20' title='bbox 3253 491 3574 560; x_wconf 73' lang='grc' dir='ltr'>παραινέσει</span> <span class='ocrx_word' id='word_1_21' title='bbox 3601 495 3695 547; x_wconf 75' lang='grc' dir='ltr'>καὶ</span> 
     </span>
    </p>
   </div>
   <div class='ocr_carea' id='block_1_5' title="bbox 432 569 2018 644">
    <p class='ocr_par' dir='ltr' id='par_1_5' title="bbox 432 569 2018 644">
     <span class='ocr_line' id='line_1_5' title="bbox 432 569 2018 644; baseline 0.003 -20"><span class='ocrx_word' id='word_1_22' title='bbox 432 569 690 639; x_wconf 81' lang='grc' dir='ltr'>διδόαμεν</span> <span class='ocrx_word' id='word_1_23' title='bbox 738 569 889 641; x_wconf 85' lang='grc' dir='ltr'>αύτῷ</span> <span class='ocrx_word' id='word_1_24' title='bbox 931 571 1074 625; x_wconf 80' lang='grc' dir='ltr'>κατὰ</span> <span class='ocrx_word' id='word_1_25' title='bbox 1116 572 1275 640; x_wconf 91' lang='grc' dir='ltr'>λόγον</span> <span class='ocrx_word' id='word_1_26' title='bbox 1322 573 1616 637; x_wconf 78' lang='grc' dir='ltr'>ἐπιδόσεως</span> <span class='ocrx_word' id='word_1_27' title='bbox 1661 576 1814 644; x_wconf 80' lang='grc' dir='ltr'>κοινῇ</span> <span class='ocrx_word' id='word_1_28' title='bbox 1848 573 2018 644; x_wconf 86' lang='grc' dir='ltr'>ψήφῳ</span> 
     </span>
    </p>
   </div>
   <div class='ocr_carea' id='block_1_6' title="bbox 434 660 2018 739">
    <p class='ocr_par' dir='ltr' id='par_1_6' title="bbox 434 660 2018 739">
     <span class='ocr_line' id='line_1_6' title="bbox 434 660 2018 739; baseline 0.006 -27"><span class='ocrx_word' id='word_1_29' title='bbox 434 660 545 712; x_wconf 84' lang='grc' dir='ltr'>τῶν</span> <span class='ocrx_word' id='word_1_30' title='bbox 595 660 723 729; x_wconf 76' lang='grc' dir='ltr'>περὶ</span> <span class='ocrx_word' id='word_1_31' title='bbox 776 662 925 732; x_wconf 83' lang='grc' dir='ltr'>ἡμᾶς</span> <span class='ocrx_word' id='word_1_32' title='bbox 988 663 1301 732; x_wconf 83' lang='grc' dir='ltr'>ίερωτάτων</span> <span class='ocrx_word' id='word_1_33' title='bbox 1355 666 1661 737; x_wconf 62' lang='grc' dir='ltr'>ἀρχιερέων</span> <span class='ocrx_word' id='word_1_34' title='bbox 1709 667 2018 739; x_wconf 40' lang='lat'>106.1194-</span> 
     </span>
    </p>
   </div>
   <div class='ocr_carea' id='block_1_7' title="bbox 436 751 2014 831">
    <p class='ocr_par' dir='ltr' id='par_1_7' title="bbox 436 751 2014 831">
     <span class='ocr_line' id='line_1_7' title="bbox 436 751 2014 831; baseline 0.005 -27"><span class='ocrx_word' id='word_1_35' title='bbox 436 751 645 816; x_wconf 87' lang='grc' dir='ltr'>κλείας,</span> <span class='ocrx_word' id='word_1_36' title='bbox 676 752 770 806; x_wconf 88' lang='grc' dir='ltr'>τοῦ</span> <span class='ocrx_word' id='word_1_37' title='bbox 819 754 1186 824; x_wconf 80' lang='grc' dir='ltr'>Χαλκηδόνος,</span> <span class='ocrx_word' id='word_1_38' title='bbox 1229 757 1325 810; x_wconf 89' lang='grc' dir='ltr'>τοῦ</span> <span class='ocrx_word' id='word_1_39' title='bbox 1354 759 1870 831; x_wconf 80' lang='grc' dir='ltr'>Ἀδριανουπόλεως,</span> <span class='ocrx_word' id='word_1_40' title='bbox 1915 759 2014 813; x_wconf 91' lang='grc' dir='ltr'>τοῦ</span> 
     </span>
    </p>
   </div>
   <div class='ocr_carea' id='block_1_8' title="bbox 319 843 2019 922">
    <p class='ocr_par' dir='ltr' id='par_1_8' title="bbox 319 843 2019 922">
     <span class='ocr_line' id='line_1_8' title="bbox 319 843 2019 922; baseline 0.008 -28"><span class='ocrx_word' id='word_1_41' title='bbox 319 879 324 882; x_wconf 94' lang='grc'><strong>-</strong></span> <span class='ocrx_word' id='word_1_42' title='bbox 435 843 756 915; x_wconf 83' lang='grc' dir='ltr'>Μελιτινῆς,</span> <span class='ocrx_word' id='word_1_43' title='bbox 811 845 906 899; x_wconf 80' lang='grc' dir='ltr'>τοῦ</span> <span class='ocrx_word' id='word_1_44' title='bbox 953 847 1370 914; x_wconf 76' lang='grc' dir='ltr'>Μονεμϐασίας,</span> <span class='ocrx_word' id='word_1_45' title='bbox 1441 850 1536 904; x_wconf 90' lang='grc' dir='ltr'>τοῦ</span> <span class='ocrx_word' id='word_1_46' title='bbox 1585 851 1874 922; x_wconf 85' lang='grc' dir='ltr'>Γαγγρῶν,</span> <span class='ocrx_word' id='word_1_47' title='bbox 1924 853 2019 908; x_wconf 89' lang='grc' dir='ltr'>τοῦ</span> 
     </span>
    </p>
   </div>
   <div class='ocr_carea' id='block_1_9' title="bbox 436 933 2020 1017">
    <p class='ocr_par' dir='ltr' id='par_1_9' title="bbox 436 933 2020 1017">
     <span class='ocr_line' id='line_1_9' title="bbox 436 933 2020 1017; baseline 0.008 -30"><span class='ocrx_word' id='word_1_48' title='bbox 436 933 712 1005; x_wconf 82' lang='grc' dir='ltr'>Προύσης,</span> <span class='ocrx_word' id='word_1_49' title='bbox 748 936 843 991; x_wconf 89' lang='grc' dir='ltr'>τοῦ</span> <span class='ocrx_word' id='word_1_50' title='bbox 901 939 1125 1008; x_wconf 77' lang='grc' dir='ltr'>Πηγῶν,</span> <span class='ocrx_word' id='word_1_51' title='bbox 1159 940 1254 994; x_wconf 91' lang='grc' dir='ltr'>τοῦ</span> <span class='ocrx_word' id='word_1_52' title='bbox 1310 942 1594 1014; x_wconf 80' lang='grc' dir='ltr'>Βερροίας,</span> <span class='ocrx_word' id='word_1_53' title='bbox 1643 943 1737 996; x_wconf 93' lang='grc' dir='ltr'>τοῦ</span> <span class='ocrx_word' id='word_1_54' title='bbox 1776 944 2020 1017; x_wconf 80' lang='grc' dir='ltr'>Σερρῶν,</span> 
     </span>
    </p>
   </div>
   <div class='ocr_carea' id='block_1_10' title="bbox 433 1025 2020 1106">
    <p class='ocr_par' dir='ltr' id='par_1_10' title="bbox 433 1025 2020 1106">
     <span class='ocr_line' id='line_1_10' title="bbox 433 1025 2020 1106; baseline 0.01 -29"><span class='ocrx_word' id='word_1_55' title='bbox 433 1025 529 1078; x_wconf 90' lang='grc' dir='ltr'>τοῦ</span> <span class='ocrx_word' id='word_1_56' title='bbox 568 1027 879 1094; x_wconf 82' lang='grc' dir='ltr'>Φιλίππων,</span> <span class='ocrx_word' id='word_1_57' title='bbox 931 1030 1027 1083; x_wconf 91' lang='grc' dir='ltr'>τοῦ</span> <span class='ocrx_word' id='word_1_58' title='bbox 1063 1033 1399 1105; x_wconf 78' lang='grc' dir='ltr'>Δυρραχίου,</span> <span class='ocrx_word' id='word_1_59' title='bbox 1427 1033 1520 1086; x_wconf 88' lang='grc' dir='ltr'>τοῦ</span> <span class='ocrx_word' id='word_1_60' title='bbox 1560 1035 1895 1106; x_wconf 75' lang='grc' dir='ltr'>Μιτυλήνης,</span> <span class='ocrx_word' id='word_1_61' title='bbox 1927 1039 2020 1092; x_wconf 87' lang='grc' dir='ltr'>τοῦ</span> 
     </span>
    </p>
   </div>
   <div class='ocr_carea' id='block_1_11' title="bbox 443 1117 2019 1200">
    <p class='ocr_par' dir='ltr' id='par_1_11' title="bbox 443 1117 2019 1200">
     <span class='ocr_line' id='line_1_11' title="bbox 443 1117 2019 1200; baseline 0.009 -31"><span class='ocrx_word' id='word_1_62' title='bbox 443 1117 695 1185; x_wconf 85' lang='grc' dir='ltr'>Ῥωσίου,</span> <span class='ocrx_word' id='word_1_63' title='bbox 745 1120 844 1175; x_wconf 86' lang='grc' dir='ltr'>τοῦ</span> <span class='ocrx_word' id='word_1_64' title='bbox 877 1123 1098 1194; x_wconf 81' lang='grc' dir='ltr'>Ἀπρω,</span> <span class='ocrx_word' id='word_1_65' title='bbox 1142 1123 1238 1178; x_wconf 90' lang='grc' dir='ltr'>τοῦ</span> <span class='ocrx_word' id='word_1_66' title='bbox 1285 1125 1631 1188; x_wconf 85' lang='grc' dir='ltr'>Καυκασίου,</span> <span class='ocrx_word' id='word_1_67' title='bbox 1663 1126 1758 1180; x_wconf 90' lang='grc' dir='ltr'>τοῦ</span> <span class='ocrx_word' id='word_1_68' title='bbox 1790 1127 2019 1200; x_wconf 79' lang='grc' dir='ltr'>Βιζύης,</span> 
     </span>
    </p>
   </div>
   <div class='ocr_carea' id='block_1_12' title="bbox 430 1210 2020 1290">
    <p class='ocr_par' dir='ltr' id='par_1_12' title="bbox 430 1210 2020 1290">
     <span class='ocr_line' id='line_1_12' title="bbox 430 1210 2020 1290; baseline 0.008 -28"><span class='ocrx_word' id='word_1_69' title='bbox 430 1211 526 1263; x_wconf 91' lang='grc' dir='ltr'>τοῦ</span> <span class='ocrx_word' id='word_1_70' title='bbox 560 1210 840 1283; x_wconf 77' lang='grc' dir='ltr'>Μεσήνης,</span> <span class='ocrx_word' id='word_1_71' title='bbox 872 1214 968 1268; x_wconf 91' lang='grc' dir='ltr'>τοῦ</span> <span class='ocrx_word' id='word_1_72' title='bbox 999 1213 1287 1281; x_wconf 87' lang='grc' dir='ltr'>Ξανθείας,</span> <span class='ocrx_word' id='word_1_73' title='bbox 1330 1217 1427 1270; x_wconf 81' lang='grc' dir='ltr'>τοῦ</span> <span class='ocrx_word' id='word_1_74' title='bbox 1480 1219 1576 1271; x_wconf 82' lang='grc' dir='ltr'>Κῶ</span> <span class='ocrx_word' id='word_1_75' title='bbox 1624 1219 1720 1272; x_wconf 67' lang='grc' dir='ltr'>καὶ⁹</span> <span class='ocrx_word' id='word_1_76' title='bbox 1758 1220 1854 1273; x_wconf 91' lang='grc' dir='ltr'>τοῦ</span> <span class='ocrx_word' id='word_1_77' title='bbox 1897 1222 2020 1290; x_wconf 85' lang='grc' dir='ltr'>Μη-</span> 
     </span>
    </p>
   </div>
   <div class='ocr_carea' id='block_1_13' title="bbox 430 1301 2024 1380">
    <p class='ocr_par' dir='ltr' id='par_1_13' title="bbox 430 1301 2024 1380">
     <span class='ocr_line' id='line_1_13' title="bbox 430 1301 2024 1380; baseline 0.006 -26"><span class='ocrx_word' id='word_1_78' title='bbox 430 1301 604 1368; x_wconf 90' lang='grc' dir='ltr'>δείας,</span> <span class='ocrx_word' id='word_1_79' title='bbox 638 1303 713 1368; x_wconf 85' lang='grc' dir='ltr'>ὡς</span> <span class='ocrx_word' id='word_1_80' title='bbox 747 1303 814 1359; x_wconf 79' lang='grc' dir='ltr'>ἂν</span> <span class='ocrx_word' id='word_1_81' title='bbox 841 1305 1004 1368; x_wconf 79' lang='grc' dir='ltr'>αὐτὸς</span> <span class='ocrx_word' id='word_1_82' title='bbox 1030 1306 1132 1375; x_wconf 85' lang='grc' dir='ltr'>μὲν</span> <span class='ocrx_word' id='word_1_83' title='bbox 1183 1307 1440 1378; x_wconf 79' lang='grc' dir='ltr'>βοηθείας</span> <span class='ocrx_word' id='word_1_84' title='bbox 1470 1309 1682 1363; x_wconf 87' lang='grc' dir='ltr'>ἐκεῖθεν</span> <span class='ocrx_word' id='word_1_85' title='bbox 1726 1311 2024 1380; x_wconf 62' lang='grc' dir='ltr'>ἐπιτυγχά-</span> 
     </span>
    </p>
   </div>
   <div class='ocr_carea' id='block_1_14' title="bbox 430 1392 2020 1472">
    <p class='ocr_par' dir='ltr' id='par_1_14' title="bbox 430 1392 2020 1472">
     <span class='ocr_line' id='line_1_14' title="bbox 430 1392 2020 1472; baseline 0.006 -25"><span class='ocrx_word' id='word_1_86' title='bbox 430 1411 513 1447; x_wconf 89' lang='grc' dir='ltr'>νοι</span> <span class='ocrx_word' id='word_1_87' title='bbox 557 1395 728 1464; x_wconf 79' lang='grc' dir='ltr'>τινὸς,</span> <span class='ocrx_word' id='word_1_88' title='bbox 769 1397 856 1465; x_wconf 78' lang='grc' dir='ltr'>ἐφ’</span> <span class='ocrx_word' id='word_1_89' title='bbox 895 1392 978 1461; x_wconf 79' lang='grc' dir='ltr'>οἷς</span> <span class='ocrx_word' id='word_1_90' title='bbox 1016 1401 1076 1451; x_wconf 89' lang='grc' dir='ltr'>ἐν</span> <span class='ocrx_word' id='word_1_91' title='bbox 1121 1399 1284 1472; x_wconf 82' lang='grc' dir='ltr'>χρείᾳ</span> <span class='ocrx_word' id='word_1_92' title='bbox 1331 1399 1695 1470; x_wconf 79' lang='grc' dir='ltr'>καθέστηκεν,</span> <span class='ocrx_word' id='word_1_93' title='bbox 1727 1401 1757 1454; x_wconf 92' lang='grc' dir='ltr'>ὀ</span> <span class='ocrx_word' id='word_1_94' title='bbox 1803 1401 1859 1455; x_wconf 83' lang='grc' dir='ltr'>δέ</span> <span class='ocrx_word' id='word_1_95' title='bbox 1900 1403 2020 1456; x_wconf 88' lang='grc' dir='ltr'>κατ’</span> 
     </span>
    </p>
   </div>
   <div class='ocr_carea' id='block_1_15' title="bbox 429 1485 2022 1566">
    <p class='ocr_par' dir='ltr' id='par_1_15' title="bbox 429 1485 2022 1566">
     <span class='ocr_line' id='line_1_15' title="bbox 429 1485 2022 1566; baseline 0.004 -26"><span class='ocrx_word' id='word_1_96' title='bbox 429 1485 652 1559; x_wconf 79' lang='grc' dir='ltr'>ἐκὶίνην</span> <span class='ocrx_word' id='word_1_97' title='bbox 684 1487 813 1552; x_wconf 75' lang='grc' dir='ltr'>λαὸς</span> <span class='ocrx_word' id='word_1_98' title='bbox 836 1491 902 1561; x_wconf 76' lang='grc' dir='ltr'>τῇ</span> <span class='ocrx_word' id='word_1_99' title='bbox 939 1491 1132 1544; x_wconf 88' lang='grc' dir='ltr'>τούτου</span> <span class='ocrx_word' id='word_1_100' title='bbox 1164 1493 1536 1562; x_wconf 82' lang='grc' dir='ltr'>προσσχόντες</span> <span class='ocrx_word' id='word_1_101' title='bbox 1567 1493 1894 1566; x_wconf 75' lang='grc' dir='ltr'>διδασκαλίᾳ</span> <span class='ocrx_word' id='word_1_102' title='bbox 1929 1494 2022 1547; x_wconf 75' lang='grc' dir='ltr'>καὶ</span> 
     </span>
    </p>
   </div>
   <div class='ocr_carea' id='block_1_16' title="bbox 433 1574 2023 1654">
    <p class='ocr_par' dir='ltr' id='par_1_16' title="bbox 433 1574 2023 1654">
     <span class='ocr_line' id='line_1_16' title="bbox 433 1574 2023 1654; baseline 0.007 -27"><span class='ocrx_word' id='word_1_103' title='bbox 433 1574 692 1649; x_wconf 75' lang='grc' dir='ltr'>ὑποθήκῃ</span> <span class='ocrx_word' id='word_1_104' title='bbox 721 1576 833 1631; x_wconf 87' lang='grc' dir='ltr'>τῶν</span> <span class='ocrx_word' id='word_1_105' title='bbox 881 1577 1066 1633; x_wconf 86' lang='grc' dir='ltr'>καλῶν</span> <span class='ocrx_word' id='word_1_106' title='bbox 1115 1579 1416 1650; x_wconf 84' lang='grc' dir='ltr'>ώφελοῖντο</span> <span class='ocrx_word' id='word_1_107' title='bbox 1477 1581 1605 1653; x_wconf 81' lang='grc' dir='ltr'>περὶ</span> <span class='ocrx_word' id='word_1_108' title='bbox 1669 1581 1874 1654; x_wconf 80' lang='grc' dir='ltr'>ψυχὴν.</span> <span class='ocrx_word' id='word_1_109' title='bbox 1928 1585 2023 1638; x_wconf 76' lang='grc' dir='ltr'>καὶ</span> 
     </span>
    </p>
   </div>
   <div class='ocr_carea' id='block_1_17' title="bbox 431 1668 2024 1746">
    <p class='ocr_par' dir='ltr' id='par_1_17' title="bbox 431 1668 2024 1746">
     <span class='ocr_line' id='line_1_17' title="bbox 431 1668 2024 1746; baseline 0.006 -27"><span class='ocrx_word' id='word_1_110' title='bbox 431 1668 796 1736; x_wconf 81' lang='grc' dir='ltr'>ἐπανάγοιντο</span> <span class='ocrx_word' id='word_1_111' title='bbox 844 1671 1121 1742; x_wconf 77' lang='grc' dir='ltr'>ὁσημέραι</span> <span class='ocrx_word' id='word_1_112' title='bbox 1177 1671 1315 1743; x_wconf 82' lang='grc' dir='ltr'>πρὸς</span> <span class='ocrx_word' id='word_1_113' title='bbox 1371 1671 1471 1742; x_wconf 84' lang='grc' dir='ltr'>τὴν</span> <span class='ocrx_word' id='word_1_114' title='bbox 1525 1675 1606 1737; x_wconf 82' lang='grc' dir='ltr'>είς</span> <span class='ocrx_word' id='word_1_115' title='bbox 1660 1674 1731 1728; x_wconf 90' lang='grc' dir='ltr'>τά</span> <span class='ocrx_word' id='word_1_116' title='bbox 1787 1675 2024 1746; x_wconf 78' lang='grc' dir='ltr'>κρείττω</span> 
     </span>
    </p>
   </div>
   <div class='ocr_carea' id='block_1_18' title="bbox 430 1759 2022 1838">
    <p class='ocr_par' dir='ltr' id='par_1_18' title="bbox 430 1759 2022 1838">
     <span class='ocr_line' id='line_1_18' title="bbox 430 1759 2022 1838; baseline 0.008 -28"><span class='ocrx_word' id='word_1_117' title='bbox 430 1759 697 1827; x_wconf 87' lang='grc' dir='ltr'>ἐπίδοσιν,</span> <span class='ocrx_word' id='word_1_118' title='bbox 735 1762 998 1835; x_wconf 88' lang='grc' dir='ltr'>συνάρσει</span> <span class='ocrx_word' id='word_1_119' title='bbox 1028 1767 1126 1819; x_wconf 76' lang='grc' dir='ltr'>καὶ</span> <span class='ocrx_word' id='word_1_120' title='bbox 1157 1766 1378 1838; x_wconf 72' lang='grc' dir='ltr'>εὐδοκία</span> <span class='ocrx_word' id='word_1_121' title='bbox 1423 1766 1585 1822; x_wconf 91' lang='grc' dir='ltr'>Θεοῦ.</span> <span class='ocrx_word' id='word_1_122' title='bbox 1624 1767 1862 1835; x_wconf 80' lang='grc' dir='ltr'>Καθέξει</span> <span class='ocrx_word' id='word_1_123' title='bbox 1911 1769 2022 1822; x_wconf 88' lang='grc' dir='ltr'>τοί-</span> 
     </span>
    </p>
   </div>
   <div class='ocr_carea' id='block_1_19' title="bbox 2128 570 3695 647">
    <p class='ocr_par' dir='ltr' id='par_1_19' title="bbox 2128 570 3695 647">
     <span class='ocr_line' id='line_1_19' title="bbox 2128 570 3695 647; baseline 0.004 -23"><span class='ocrx_word' id='word_1_124' title='bbox 2128 570 2432 643; x_wconf 81' lang='grc' dir='ltr'>συμϐουλῇ,</span> <span class='ocrx_word' id='word_1_125' title='bbox 2457 571 2768 643; x_wconf 78' lang='grc' dir='ltr'>ὀφείλουσιν</span> <span class='ocrx_word' id='word_1_126' title='bbox 2789 575 2839 627; x_wconf 81' lang='grc' dir='ltr'>οἱ</span> <span class='ocrx_word' id='word_1_127' title='bbox 2857 573 3092 628; x_wconf 89' lang='grc' dir='ltr'>τοιοῦτοι</span> <span class='ocrx_word' id='word_1_128' title='bbox 3115 573 3398 645; x_wconf 87' lang='grc' dir='ltr'>ίερώτατοι</span> <span class='ocrx_word' id='word_1_129' title='bbox 3427 575 3695 647; x_wconf 73' lang='grc' dir='ltr'>ἀρχιερεῖς</span> 
     </span>
    </p>
   </div>
   <div class='ocr_carea' id='block_1_20' title="bbox 2127 662 3698 735">
    <p class='ocr_par' dir='ltr' id='par_1_20' title="bbox 2127 662 3698 735">
     <span class='ocr_line' id='line_1_20' title="bbox 2127 662 3698 735; baseline 0.003 -19"><span class='ocrx_word' id='word_1_130' title='bbox 2127 663 2358 734; x_wconf 85' lang='grc' dir='ltr'>ποιῆσαι</span> <span class='ocrx_word' id='word_1_131' title='bbox 2419 662 2760 734; x_wconf 89' lang='grc' dir='ltr'>ἐπιφώνησιν</span> <span class='ocrx_word' id='word_1_132' title='bbox 2805 665 2942 734; x_wconf 82' lang='grc' dir='ltr'>πρὸς</span> <span class='ocrx_word' id='word_1_133' title='bbox 2979 667 3070 720; x_wconf 80' lang='grc' dir='ltr'>τὸν</span> <span class='ocrx_word' id='word_1_134' title='bbox 3103 667 3282 720; x_wconf 80' lang='grc' dir='ltr'>ἐκεῖσε</span> <span class='ocrx_word' id='word_1_135' title='bbox 3319 667 3698 735; x_wconf 81' lang='grc' dir='ltr'>Χριστιανικδν</span> 
     </span>
    </p>
   </div>
   <div class='ocr_carea' id='block_1_21' title="bbox 2125 754 3698 830">
    <p class='ocr_par' dir='ltr' id='par_1_21' title="bbox 2125 754 3698 830">
     <span class='ocr_line' id='line_1_21' title="bbox 2125 754 3698 830; baseline 0.005 -22"><span class='ocrx_word' id='word_1_136' title='bbox 2125 754 2274 818; x_wconf 82' lang='grc' dir='ltr'>λαὸν,</span> <span class='ocrx_word' id='word_1_137' title='bbox 2307 754 2384 820; x_wconf 84' lang='grc' dir='ltr'>ὡς</span> <span class='ocrx_word' id='word_1_138' title='bbox 2431 757 2498 810; x_wconf 82' lang='grc' dir='ltr'>ἂν</span> <span class='ocrx_word' id='word_1_139' title='bbox 2548 757 2716 827; x_wconf 79' lang='grc' dir='ltr'>μηδὲν</span> <span class='ocrx_word' id='word_1_140' title='bbox 2765 759 3010 830; x_wconf 89' lang='grc' dir='ltr'>τολμῶσί</span> <span class='ocrx_word' id='word_1_141' title='bbox 3067 776 3120 813; x_wconf 88' lang='grc' dir='ltr'>τι</span> <span class='ocrx_word' id='word_1_142' title='bbox 3166 760 3425 829; x_wconf 84' lang='grc' dir='ltr'>τοιοῦτον,</span> <span class='ocrx_word' id='word_1_143' title='bbox 3479 763 3562 815; x_wconf 85' lang='grc' dir='ltr'>ὅτι</span> <span class='ocrx_word' id='word_1_144' title='bbox 3618 765 3698 824; x_wconf 85' lang='grc' dir='ltr'>είς</span> 
     </span>
    </p>
   </div>
   <div class='ocr_carea' id='block_1_22' title="bbox 2127 850 3698 924">
    <p class='ocr_par' dir='ltr' id='par_1_22' title="bbox 2127 850 3698 924">
     <span class='ocr_line' id='line_1_22' title="bbox 2127 850 3698 924; baseline 0.004 -22"><span class='ocrx_word' id='word_1_145' title='bbox 2127 850 2306 920; x_wconf 89' lang='grc' dir='ltr'>κρίμα</span> <span class='ocrx_word' id='word_1_146' title='bbox 2333 850 2430 904; x_wconf 73' lang='grc' dir='ltr'>καὶ</span> <span class='ocrx_word' id='word_1_147' title='bbox 2453 851 2731 906; x_wconf 86' lang='grc' dir='ltr'>ἀπώλειαν</span> <span class='ocrx_word' id='word_1_148' title='bbox 2755 853 2834 906; x_wconf 77' lang='grc' dir='ltr'>ἔνι</span> <span class='ocrx_word' id='word_1_149' title='bbox 2858 853 2956 922; x_wconf 84' lang='grc' dir='ltr'>τῆς</span> <span class='ocrx_word' id='word_1_150' title='bbox 2983 852 3166 924; x_wconf 80' lang='grc' dir='ltr'>ψυχῆς</span> <span class='ocrx_word' id='word_1_151' title='bbox 3200 853 3402 917; x_wconf 79' lang='grc' dir='ltr'>αὐτῶν,</span> <span class='ocrx_word' id='word_1_152' title='bbox 3430 855 3526 910; x_wconf 77' lang='grc' dir='ltr'>καὶ</span> <span class='ocrx_word' id='word_1_153' title='bbox 3547 855 3698 909; x_wconf 83' lang='grc' dir='ltr'>ούδέν</span> 
     </span>
    </p>
   </div>
   <div class='ocr_carea' id='block_1_23' title="bbox 2128 943 3695 1019">
    <p class='ocr_par' dir='ltr' id='par_1_23' title="bbox 2128 943 3695 1019">
     <span class='ocr_line' id='line_1_23' title="bbox 2128 943 3695 1019; baseline 0.004 -23"><span class='ocrx_word' id='word_1_154' title='bbox 2128 943 2405 1012; x_wconf 88' lang='grc' dir='ltr'>ὀφείλουσι</span> <span class='ocrx_word' id='word_1_155' title='bbox 2428 947 2772 1017; x_wconf 82' lang='grc' dir='ltr'>παρακούειν</span> <span class='ocrx_word' id='word_1_156' title='bbox 2796 945 2890 1000; x_wconf 90' lang='grc' dir='ltr'>τοῦ</span> <span class='ocrx_word' id='word_1_157' title='bbox 2915 946 3142 1016; x_wconf 75' lang='grc' dir='ltr'>γνησίου</span> <span class='ocrx_word' id='word_1_158' title='bbox 3167 948 3348 1003; x_wconf 82' lang='grc' dir='ltr'>αὐτῶν</span> <span class='ocrx_word' id='word_1_159' title='bbox 3376 948 3695 1019; x_wconf 84' lang='grc' dir='ltr'>ἀρχιερέως,</span> 
     </span>
    </p>
   </div>
   <div class='ocr_carea' id='block_1_24' title="bbox 2127 1033 3702 1106">
    <p class='ocr_par' dir='ltr' id='par_1_24' title="bbox 2127 1033 3702 1106">
     <span class='ocr_line' id='line_1_24' title="bbox 2127 1033 3702 1106; baseline 0.003 -17"><span class='ocrx_word' id='word_1_160' title='bbox 2127 1033 2255 1089; x_wconf 75' lang='grc' dir='ltr'>οὔτε</span> <span class='ocrx_word' id='word_1_161' title='bbox 2286 1037 2380 1089; x_wconf 80' lang='grc' dir='ltr'>ἐπὶ</span> <span class='ocrx_word' id='word_1_162' title='bbox 2412 1039 2526 1098; x_wconf 85' lang='grc' dir='ltr'>τοῖς</span> <span class='ocrx_word' id='word_1_163' title='bbox 2551 1039 2839 1103; x_wconf 87' lang='grc' dir='ltr'>τοιούτοις,</span> <span class='ocrx_word' id='word_1_164' title='bbox 2863 1037 2988 1092; x_wconf 76' lang='grc' dir='ltr'>οὔτε</span> <span class='ocrx_word' id='word_1_165' title='bbox 3017 1039 3111 1094; x_wconf 72' lang='grc' dir='ltr'>ἐπὶ</span> <span class='ocrx_word' id='word_1_166' title='bbox 3138 1041 3254 1102; x_wconf 83' lang='grc' dir='ltr'>τοῖς</span> <span class='ocrx_word' id='word_1_167' title='bbox 3291 1039 3490 1106; x_wconf 75' lang='grc' dir='ltr'>ἄλλοις,</span> <span class='ocrx_word' id='word_1_168' title='bbox 3517 1034 3596 1104; x_wconf 75' lang='grc' dir='ltr'>οἷς</span> <span class='ocrx_word' id='word_1_169' title='bbox 3616 1041 3702 1094; x_wconf 83' lang='grc' dir='ltr'>λέ-</span> 
     </span>
    </p>
   </div>
   <div class='ocr_carea' id='block_1_25' title="bbox 2128 1129 3696 1204">
    <p class='ocr_par' dir='ltr' id='par_1_25' title="bbox 2128 1129 3696 1204">
     <span class='ocr_line' id='line_1_25' title="bbox 2128 1129 3696 1204; baseline 0.004 -23"><span class='ocrx_word' id='word_1_170' title='bbox 2128 1144 2214 1196; x_wconf 86' lang='grc' dir='ltr'>γει</span> <span class='ocrx_word' id='word_1_171' title='bbox 2254 1130 2393 1199; x_wconf 81' lang='grc' dir='ltr'>πρὸς</span> <span class='ocrx_word' id='word_1_172' title='bbox 2422 1129 2620 1195; x_wconf 79' lang='grc' dir='ltr'>αὐτοὺς</span> <span class='ocrx_word' id='word_1_173' title='bbox 2671 1133 2753 1195; x_wconf 88' lang='grc' dir='ltr'>είς</span> <span class='ocrx_word' id='word_1_174' title='bbox 2793 1132 3067 1202; x_wconf 83' lang='grc' dir='ltr'>ὠφέλειαν</span> <span class='ocrx_word' id='word_1_175' title='bbox 3111 1133 3220 1187; x_wconf 90' lang='grc' dir='ltr'>τῶν</span> <span class='ocrx_word' id='word_1_176' title='bbox 3262 1134 3450 1204; x_wconf 83' lang='grc' dir='ltr'>ψυχῶν</span> <span class='ocrx_word' id='word_1_177' title='bbox 3485 1135 3696 1197; x_wconf 82' lang='grc' dir='ltr'>αὐτῶν,</span> 
     </span>
    </p>
   </div>
   <div class='ocr_carea' id='block_1_26' title="bbox 2129 1220 3698 1296">
    <p class='ocr_par' dir='ltr' id='par_1_26' title="bbox 2129 1220 3698 1296">
     <span class='ocr_line' id='line_1_26' title="bbox 2129 1220 3698 1296; baseline 0.003 -22"><span class='ocrx_word' id='word_1_178' title='bbox 2129 1220 2268 1274; x_wconf 87' lang='grc' dir='ltr'>ἀλλά</span> <span class='ocrx_word' id='word_1_179' title='bbox 2320 1221 2418 1276; x_wconf 73' lang='grc' dir='ltr'>καὶ</span> <span class='ocrx_word' id='word_1_180' title='bbox 2448 1223 2501 1276; x_wconf 86' lang='grc' dir='ltr'>εῐ</span> <span class='ocrx_word' id='word_1_181' title='bbox 2524 1241 2579 1277; x_wconf 91' lang='grc' dir='ltr'>τι</span> <span class='ocrx_word' id='word_1_182' title='bbox 2616 1224 2958 1279; x_wconf 89' lang='grc' dir='ltr'>συνοικέσιον</span> <span class='ocrx_word' id='word_1_183' title='bbox 2985 1225 3326 1296; x_wconf 83' lang='grc' dir='ltr'>εὑρίσκεται,</span> <span class='ocrx_word' id='word_1_184' title='bbox 3358 1225 3562 1294; x_wconf 85' lang='grc' dir='ltr'>ὀφείλει</span> <span class='ocrx_word' id='word_1_185' title='bbox 3583 1227 3698 1279; x_wconf 88' lang='grc' dir='ltr'>δια-</span> 
     </span>
    </p>
   </div>
   <div class='ocr_carea' id='block_1_27' title="bbox 2131 1312 3698 1390">
    <p class='ocr_par' dir='ltr' id='par_1_27' title="bbox 2131 1312 3698 1390">
     <span class='ocr_line' id='line_1_27' title="bbox 2131 1312 3698 1390; baseline 0.002 -25"><span class='ocrx_word' id='word_1_186' title='bbox 2131 1312 2465 1384; x_wconf 78' lang='grc' dir='ltr'>σπασθῆναι.</span> <span class='ocrx_word' id='word_1_187' title='bbox 2505 1313 2598 1377; x_wconf 88' lang='grc' dir='ltr'>Είς</span> <span class='ocrx_word' id='word_1_188' title='bbox 2629 1315 2741 1386; x_wconf 86' lang='grc' dir='ltr'>γάρ</span> <span class='ocrx_word' id='word_1_189' title='bbox 2769 1316 2869 1385; x_wconf 81' lang='grc' dir='ltr'>τὴν</span> <span class='ocrx_word' id='word_1_190' title='bbox 2894 1315 3028 1390; x_wconf 61' lang='grc' dir='ltr'>περ).</span> <span class='ocrx_word' id='word_1_191' title='bbox 3057 1316 3250 1370; x_wconf 85' lang='grc' dir='ltr'>τούτου</span> <span class='ocrx_word' id='word_1_192' title='bbox 3280 1317 3575 1385; x_wconf 82' lang='grc' dir='ltr'>ἀσφάλειαν</span> <span class='ocrx_word' id='word_1_193' title='bbox 3606 1317 3698 1369; x_wconf 82' lang='grc' dir='ltr'>καὶ</span> 
     </span>
    </p>
   </div>
   <div class='ocr_carea' id='block_1_28' title="bbox 2128 1404 3697 1480">
    <p class='ocr_par' dir='ltr' id='par_1_28' title="bbox 2128 1404 3697 1480">
     <span class='ocr_line' id='line_1_28' title="bbox 2128 1404 3697 1480; baseline 0.003 -24"><span class='ocrx_word' id='word_1_194' title='bbox 2128 1404 2192 1457; x_wconf 81' lang='grc' dir='ltr'>τὸ</span> <span class='ocrx_word' id='word_1_195' title='bbox 2234 1405 2408 1476; x_wconf 79' lang='grc' dir='ltr'>παρὸν</span> <span class='ocrx_word' id='word_1_196' title='bbox 2442 1407 2726 1461; x_wconf 82' lang='grc' dir='ltr'>συνοδικὸν</span> <span class='ocrx_word' id='word_1_197' title='bbox 2757 1407 2996 1479; x_wconf 88' lang='grc' dir='ltr'>γράμμα</span> <span class='ocrx_word' id='word_1_198' title='bbox 3039 1407 3139 1480; x_wconf 81' lang='grc' dir='ltr'>τῆς</span> <span class='ocrx_word' id='word_1_199' title='bbox 3173 1409 3332 1480; x_wconf 89' lang='grc' dir='ltr'>ήμῶν</span> <span class='ocrx_word' id='word_1_200' title='bbox 3357 1409 3697 1480; x_wconf 80' lang='grc' dir='ltr'>μετριότητος</span> 
     </span>
    </p>
   </div>
   <div class='ocr_carea' id='block_1_29' title="bbox 2129 1481 2940 1553">
    <p class='ocr_par' dir='ltr' id='par_1_29' title="bbox 2129 1481 2940 1553">
     <span class='ocr_line' id='line_1_29' title="bbox 2129 1481 2940 1553; baseline 0.007 -2"><span class='ocrx_word' id='word_1_201' title='bbox 2129 1481 2482 1553; x_wconf 82' lang='grc' dir='ltr'>ἀπολέλυται.</span> <span class='ocrx_word' id='word_1_202' title='bbox 2935 1539 2940 1543; x_wconf 77' lang='lat'><em>.</em></span> 
     </span>
    </p>
   </div>
   <div class='ocr_carea' id='block_1_30' title="bbox 2199 1585 3283 1661">
    <p class='ocr_par' dir='ltr' id='par_1_30' title="bbox 2199 1585 3283 1661">
     <span class='ocr_line' id='line_1_30' title="bbox 2199 1585 3283 1661; baseline 0 -15"><span class='ocrx_word' id='word_1_203' title='bbox 2199 1589 2240 1661; x_wconf 68' lang='grc' dir='ltr'>’ἰ-</span> <span class='ocrx_word' id='word_1_204' title='bbox 2269 1585 2413 1661; x_wconf 79' lang='grc' dir='ltr'>Εἷχε</span> <span class='ocrx_word' id='word_1_205' title='bbox 2446 1589 2729 1660; x_wconf 73' lang='grc' dir='ltr'>τό·Μην-ί</span> <span class='ocrx_word' id='word_1_206' title='bbox 2761 1629 2780 1646; x_wconf 89' lang='grc'><strong>.</strong></span> <span class='ocrx_word' id='word_1_207' title='bbox 2821 1630 2838 1646; x_wconf 94' lang='grc'><strong>.</strong></span> <span class='ocrx_word' id='word_1_208' title='bbox 2882 1631 2898 1647; x_wconf 93' lang='grc'><strong>.</strong></span> <span class='ocrx_word' id='word_1_209' title='bbox 2941 1629 2957 1646; x_wconf 93' lang='grc'><strong>.</strong></span> <span class='ocrx_word' id='word_1_210' title='bbox 2999 1632 3016 1648; x_wconf 93' lang='grc'><strong>.</strong></span> <span class='ocrx_word' id='word_1_211' title='bbox 3060 1593 3176 1648; x_wconf 75' lang='grc' dir='ltr'>ινδ.</span> <span class='ocrx_word' id='word_1_212' title='bbox 3209 1599 3283 1648; x_wconf 88' lang='lat' dir='ltr'>a&#39;.</span> 
     </span>
    </p>
   </div>
   <div class='ocr_carea' id='block_1_31' title="bbox 2129 1705 3696 1831">
    <p class='ocr_par' dir='ltr' id='par_1_31' title="bbox 2129 1705 3696 1831">
     <span class='ocr_line' id='line_1_31' title="bbox 2129 1705 3696 1831; baseline 0.001 -70"><span class='ocrx_word' id='word_1_213' title='bbox 2129 1705 2292 1762; x_wconf 74' lang='lat' dir='ltr'>XLII.</span> <span class='ocrx_word' id='word_1_214' title='bbox 2329 1708 2572 1831; x_wconf 49' lang='lat' dir='ltr'>ignodus</span> <span class='ocrx_word' id='word_1_215' title='bbox 2602 1709 2885 1794; x_wconf 63' lang='grc' dir='ltr'>νιξεροιιιίει⁸</span> <span class='ocrx_word' id='word_1_216' title='bbox 2903 1713 2973 1763; x_wconf 83' lang='lat' dir='ltr'>ad</span> <span class='ocrx_word' id='word_1_217' title='bbox 3012 1711 3316 1794; x_wconf 64' lang='grc' dir='ltr'>ρειξιὶοηεηι</span> <span class='ocrx_word' id='word_1_218' title='bbox 3367 1707 3696 1791; x_wconf 64' lang='grc' dir='ltr'>ηιςενοροίξιω</span> 
     </span>
     <span class='ocr_line' id='line_1_32' title="bbox 2199 1777 3694 1831; baseline 0.001 -1"><span class='ocrx_word' id='word_1_219' title='bbox 2199 1777 2325 1831; x_wconf 80' lang='lat' dir='ltr'>Aua</span> <span class='ocrx_word' id='word_1_220' title='bbox 2352 1794 2418 1831; x_wconf 74' lang='grc' dir='ltr'>ιω</span> <span class='ocrx_word' id='word_1_221' title='bbox 2443 1779 2505 1831; x_wconf 81' lang='lat' dir='ltr'>de</span> <span class='ocrx_word' id='word_1_222' title='bbox 2536 1795 2710 1831; x_wconf 70' lang='lat' dir='ltr'>oratus</span> <span class='ocrx_word' id='word_1_223' title='bbox 2750 1781 2978 1831; x_wconf 72' lang='lat' dir='ltr'>monan</span> <span class='ocrx_word' id='word_1_224' title='bbox 3020 1797 3112 1831; x_wconf 81' lang='lat' dir='ltr'>am</span> <span class='ocrx_word' id='word_1_225' title='bbox 3151 1781 3206 1831; x_wconf 71' lang='lat' dir='ltr'>in</span> <span class='ocrx_word' id='word_1_226' title='bbox 3245 1797 3360 1831; x_wconf 79' lang='lat' dir='ltr'>em</span> <span class='ocrx_word' id='word_1_227' title='bbox 3389 1780 3586 1831; x_wconf 68' lang='lat' dir='ltr'>duum</span> <span class='ocrx_word' id='word_1_228' title='bbox 3610 1796 3694 1831; x_wconf 80' lang='lat' dir='ltr'>m-</span> 
     </span>
    </p>
   </div>
   <div class='ocr_carea' id='block_1_32' title="bbox 2199 1777 3694 1851">
    <p class='ocr_par' dir='ltr' id='par_1_32' title="bbox 2199 1777 3694 1851">
     <span class='ocr_line' id='line_1_33' title="bbox 2199 1777 3694 1851; baseline 0.003 -21"><span class='ocrx_word' id='word_1_229' title='bbox 2199 1777 2418 1851; x_wconf 70' lang='grc' dir='ltr'>Αιζαίὶὶε</span> <span class='ocrx_word' id='word_1_230' title='bbox 2443 1779 2505 1833; x_wconf 79' lang='lat' dir='ltr'>de</span> <span class='ocrx_word' id='word_1_231' title='bbox 2536 1781 2710 1849; x_wconf 76' lang='lat' dir='ltr'>pravis</span> <span class='ocrx_word' id='word_1_232' title='bbox 2750 1781 2978 1835; x_wconf 68' lang='lat' dir='ltr'>moribus</span> <span class='ocrx_word' id='word_1_233' title='bbox 3013 1777 3112 1838; x_wconf 61' lang='grc' dir='ltr'>σαί</span> <span class='ocrx_word' id='word_1_234' title='bbox 3151 1781 3206 1836; x_wconf 71' lang='lat' dir='ltr'>in</span> <span class='ocrx_word' id='word_1_235' title='bbox 3245 1781 3360 1851; x_wconf 74' lang='lat' dir='ltr'><strong><em>ejus</em></strong></span> <span class='ocrx_word' id='word_1_236' title='bbox 3389 1780 3587 1833; x_wconf 72' lang='lat' dir='ltr'>diwcesi</span> <span class='ocrx_word' id='word_1_237' title='bbox 3610 1780 3694 1834; x_wconf 76' lang='grc' dir='ltr'>ειε-</span> 
     </span>
    </p>
   </div>
   <div class='ocr_carea' id='block_1_33' title="bbox 430 1848 2500 1931">
    <p class='ocr_par' dir='ltr' id='par_1_33' title="bbox 430 1848 2500 1931">
     <span class='ocr_line' id='line_1_34' title="bbox 430 1848 2500 1931; baseline 0.006 -26"><span class='ocrx_word' id='word_1_238' title='bbox 430 1868 526 1906; x_wconf 87' lang='grc' dir='ltr'>νυν</span> <span class='ocrx_word' id='word_1_239' title='bbox 551 1855 578 1906; x_wconf 84' lang='grc' dir='ltr'><strong>ὁ</strong></span> <span class='ocrx_word' id='word_1_240' title='bbox 601 1853 762 1918; x_wconf 76' lang='grc' dir='ltr'>αὐτὸς</span> <span class='ocrx_word' id='word_1_241' title='bbox 790 1854 1085 1926; x_wconf 75' lang='grc' dir='ltr'>ἱερώτατος</span> <span class='ocrx_word' id='word_1_242' title='bbox 1115 1859 1520 1931; x_wconf 83' lang='grc' dir='ltr'>μητροπολίτης</span> <span class='ocrx_word' id='word_1_243' title='bbox 1552 1861 2022 1931; x_wconf 85' lang='grc' dir='ltr'>Ποντοηρακλείας</span> <span class='ocrx_word' id='word_1_244' title='bbox 2054 1861 2095 1916; x_wconf 87' lang='grc' dir='ltr'>Β</span> <span class='ocrx_word' id='word_1_245' title='bbox 2197 1848 2500 1904; x_wconf 60' lang='lat' dir='ltr'>“lucrum-</span> 
     </span>
    </p>
   </div>
   <div class='ocr_carea' id='block_1_34' title="bbox 433 1945 2019 2024">
    <p class='ocr_par' dir='ltr' id='par_1_34' title="bbox 433 1945 2019 2024">
     <span class='ocr_line' id='line_1_35' title="bbox 433 1945 2019 2024; baseline 0.008 -28"><span class='ocrx_word' id='word_1_246' title='bbox 433 1945 528 1999; x_wconf 80' lang='grc' dir='ltr'>καὶ</span> <span class='ocrx_word' id='word_1_247' title='bbox 557 1946 858 2018; x_wconf 82' lang='grc' dir='ltr'>ὑπέρτιμος</span> <span class='ocrx_word' id='word_1_248' title='bbox 889 1949 986 2020; x_wconf 77' lang='grc' dir='ltr'>τήν</span> <span class='ocrx_word' id='word_1_249' title='bbox 1027 1951 1330 2023; x_wconf 77' lang='grc' dir='ltr'>εἰρημένην</span> <span class='ocrx_word' id='word_1_250' title='bbox 1365 1953 1682 2024; x_wconf 88' lang='grc' dir='ltr'>ἀγιωτάτην</span> <span class='ocrx_word' id='word_1_251' title='bbox 1708 1955 2019 2023; x_wconf 79' lang='grc' dir='ltr'>ἐπισκοπὴν</span> 
     </span>
    </p>
   </div>
   <div class='ocr_carea' id='block_1_35' title="bbox 431 2036 2018 2115">
    <p class='ocr_par' dir='ltr' id='par_1_35' title="bbox 431 2036 2018 2115">
     <span class='ocr_line' id='line_1_36' title="bbox 431 2036 2018 2115; baseline 0.005 -25"><span class='ocrx_word' id='word_1_252' title='bbox 431 2036 526 2090; x_wconf 86' lang='grc' dir='ltr'>τοῦ</span> <span class='ocrx_word' id='word_1_253' title='bbox 561 2037 854 2108; x_wconf 82' lang='grc' dir='ltr'>Ἀμυκλίου</span> <span class='ocrx_word' id='word_1_254' title='bbox 884 2043 1021 2113; x_wconf 89' lang='grc' dir='ltr'>μετά</span> <span class='ocrx_word' id='word_1_255' title='bbox 1046 2043 1268 2097; x_wconf 88' lang='grc' dir='ltr'>πάντων</span> <span class='ocrx_word' id='word_1_256' title='bbox 1307 2044 1417 2098; x_wconf 89' lang='grc' dir='ltr'>τῶν</span> <span class='ocrx_word' id='word_1_257' title='bbox 1448 2044 1543 2097; x_wconf 80' lang='grc' dir='ltr'>ὑπ’</span> <span class='ocrx_word' id='word_1_258' title='bbox 1572 2044 1768 2115; x_wconf 80' lang='grc' dir='ltr'>αὐτὴν,</span> <span class='ocrx_word' id='word_1_259' title='bbox 1801 2046 1900 2099; x_wconf 73' lang='grc' dir='ltr'>καὶ</span> <span class='ocrx_word' id='word_1_260' title='bbox 1931 2045 2018 2098; x_wconf 86' lang='grc' dir='ltr'>ἐπ’</span> 
     </span>
    </p>
   </div>
   <div class='ocr_carea' id='block_1_36' title="bbox 432 2131 2018 2212">
    <p class='ocr_par' dir='ltr' id='par_1_36' title="bbox 432 2131 2018 2212">
     <span class='ocr_line' id='line_1_37' title="bbox 432 2131 2018 2212; baseline 0.004 -26"><span class='ocrx_word' id='word_1_261' title='bbox 432 2131 624 2195; x_wconf 84' lang='grc' dir='ltr'>ἀδείας</span> <span class='ocrx_word' id='word_1_262' title='bbox 652 2133 764 2198; x_wconf 79' lang='grc' dir='ltr'>ἕξει</span> <span class='ocrx_word' id='word_1_263' title='bbox 797 2135 1105 2206; x_wconf 77' lang='grc' dir='ltr'>ἱερουργεῖν</span> <span class='ocrx_word' id='word_1_264' title='bbox 1127 2140 1184 2190; x_wconf 79' lang='grc' dir='ltr'>ἐν</span> <span class='ocrx_word' id='word_1_265' title='bbox 1211 2138 1349 2210; x_wconf 80' lang='grc' dir='ltr'>αὐτῇ</span> <span class='ocrx_word' id='word_1_266' title='bbox 1382 2139 1476 2192; x_wconf 75' lang='grc' dir='ltr'>καὶ</span> <span class='ocrx_word' id='word_1_267' title='bbox 1509 2137 1793 2194; x_wconf 82' lang='grc' dir='ltr'>διακόνους</span> <span class='ocrx_word' id='word_1_268' title='bbox 1825 2139 2018 2212; x_wconf 84' lang='grc' dir='ltr'>προϐι-</span> 
     </span>
    </p>
   </div>
   <div class='ocr_carea' id='block_1_37' title="bbox 433 2222 1462 2291">
    <p class='ocr_par' dir='ltr' id='par_1_37' title="bbox 433 2222 1462 2291">
     <span class='ocr_line' id='line_1_38' title="bbox 433 2222 1462 2291; baseline 0.013 -16"><span class='ocrx_word' id='word_1_269' title='bbox 433 2223 625 2291; x_wconf 78' lang='grc' dir='ltr'>ϐάζειν</span> <span class='ocrx_word' id='word_1_270' title='bbox 654 2227 772 2282; x_wconf 79' lang='grc' dir='ltr'>και.</span> <span class='ocrx_word' id='word_1_271' title='bbox 800 2267 816 2286; x_wconf 95' lang='grc'><strong>.</strong></span> <span class='ocrx_word' id='word_1_272' title='bbox 845 2268 861 2285; x_wconf 93' lang='grc'><strong>.</strong></span> <span class='ocrx_word' id='word_1_273' title='bbox 895 2266 955 2284; x_wconf 94' lang='grc'><strong>..</strong></span> <span class='ocrx_word' id='word_1_274' title='bbox 993 2227 1146 2285; x_wconf 74' lang='lat' dir='ltr'>Finis</span> <span class='ocrx_word' id='word_1_275' title='bbox 1175 2231 1341 2286; x_wconf 75' lang='lat' dir='ltr'>deest.</span> <span class='ocrx_word' id='word_1_276' title='bbox 1449 2222 1462 2232; x_wconf 87' lang='lat'><strong>&#39;</strong></span> 
     </span>
    </p>
   </div>
   <div class='ocr_carea' id='block_1_38' title="bbox 433 2385 2016 2460">
    <p class='ocr_par' dir='ltr' id='par_1_38' title="bbox 433 2385 2016 2460">
     <span class='ocr_line' id='line_1_39' title="bbox 433 2385 2016 2460; baseline 0.003 -17"><span class='ocrx_word' id='word_1_277' title='bbox 433 2385 574 2443; x_wconf 82' lang='lat' dir='ltr'>XLI.</span> <span class='ocrx_word' id='word_1_278' title='bbox 607 2385 852 2460; x_wconf 76' lang='lat' dir='ltr'>Synodus</span> <span class='ocrx_word' id='word_1_279' title='bbox 893 2388 1045 2458; x_wconf 74' lang='lat' dir='ltr'><strong><em>jubet</em></strong></span> <span class='ocrx_word' id='word_1_280' title='bbox 1077 2391 1378 2460; x_wconf 72' lang='lat' dir='ltr'>examinqn&#39;</span> <span class='ocrx_word' id='word_1_281' title='bbox 1422 2405 1612 2443; x_wconf 70' lang='lat' dir='ltr'>causa:</span> <span class='ocrx_word' id='word_1_282' title='bbox 1638 2389 2016 2448; x_wconf 69' lang='lat' dir='ltr'>ecciesiauicas</span> 
     </span>
    </p>
   </div>
   <div class='ocr_carea' id='block_1_39' title="bbox 895 2459 1554 2532">
    <p class='ocr_par' dir='ltr' id='par_1_39' title="bbox 895 2459 1554 2532">
     <span class='ocr_line' id='line_1_40' title="bbox 895 2459 1554 2532; baseline 0.002 -18"><span class='ocrx_word' id='word_1_283' title='bbox 895 2462 951 2514; x_wconf 78' lang='lat' dir='ltr'><strong><em>in</em></strong></span> <span class='ocrx_word' id='word_1_284' title='bbox 984 2460 1262 2531; x_wconf 77' lang='lat' dir='ltr'>metropoli</span> <span class='ocrx_word' id='word_1_285' title='bbox 1289 2459 1554 2532; x_wconf 72' lang='lat' dir='ltr'>Sugdwa.</span> 
     </span>
    </p>
   </div>
   <div class='ocr_carea' id='block_1_40' title="bbox 433 2597 2015 2670">
    <p class='ocr_par' dir='ltr' id='par_1_40' title="bbox 433 2597 2015 2670">
     <span class='ocr_line' id='line_1_41' title="bbox 433 2597 2015 2670; baseline 0.004 -18"><span class='ocrx_word' id='word_1_286' title='bbox 433 2635 450 2652; x_wconf 93' lang='lat'><em>.</em></span> <span class='ocrx_word' id='word_1_287' title='bbox 494 2635 516 2654; x_wconf 81' lang='lat'><em>.</em></span> <span class='ocrx_word' id='word_1_288' title='bbox 556 2635 572 2652; x_wconf 90' lang='lat'><strong><em>.</em></strong></span> <span class='ocrx_word' id='word_1_289' title='bbox 614 2635 629 2651; x_wconf 90' lang='lat'><em>.</em></span> <span class='ocrx_word' id='word_1_290' title='bbox 676 2639 690 2654; x_wconf 93' lang='lat'><em>.</em></span> <span class='ocrx_word' id='word_1_291' title='bbox 734 2634 757 2652; x_wconf 64' lang='grc' dir='ltr'>ι</span> <span class='ocrx_word' id='word_1_292' title='bbox 798 2637 811 2648; x_wconf 95' lang='grc'><strong><em>.</em></strong></span> <span class='ocrx_word' id='word_1_293' title='bbox 854 2597 1260 2669; x_wconf 78' lang='grc' dir='ltr'>(οί)κοδομῆσαι</span> <span class='ocrx_word' id='word_1_294' title='bbox 1299 2599 1585 2670; x_wconf 84' lang='grc' dir='ltr'>μέλλοντες</span> <span class='ocrx_word' id='word_1_295' title='bbox 1627 2597 1804 2664; x_wconf 89' lang='grc' dir='ltr'>θείους</span> <span class='ocrx_word' id='word_1_296' title='bbox 1832 2600 2015 2664; x_wconf 89' lang='grc' dir='ltr'>ναούς.</span> 
     </span>
    </p>
   </div>
   <div class='ocr_carea' id='block_1_41' title="bbox 430 2689 2020 2764">
    <p class='ocr_par' dir='ltr' id='par_1_41' title="bbox 430 2689 2020 2764">
     <span class='ocr_line' id='line_1_42' title="bbox 430 2689 2020 2764; baseline 0.002 -20"><span class='ocrx_word' id='word_1_297' title='bbox 430 2690 500 2747; x_wconf 81' lang='grc' dir='ltr'>Οί,</span> <span class='ocrx_word' id='word_1_298' title='bbox 547 2689 603 2744; x_wconf 83' lang='grc' dir='ltr'>δέ</span> <span class='ocrx_word' id='word_1_299' title='bbox 637 2691 987 2762; x_wconf 80' lang='grc' dir='ltr'>κατέστησαν</span> <span class='ocrx_word' id='word_1_300' title='bbox 1020 2691 1160 2745; x_wconf 77' lang='grc' dir='ltr'>αύτά</span> <span class='ocrx_word' id='word_1_301' title='bbox 1195 2694 1276 2756; x_wconf 84' lang='grc' dir='ltr'>είς</span> <span class='ocrx_word' id='word_1_302' title='bbox 1308 2690 1437 2756; x_wconf 83' lang='grc' dir='ltr'>τοὺς</span> <span class='ocrx_word' id='word_1_303' title='bbox 1477 2693 1586 2762; x_wconf 86' lang='grc' dir='ltr'>πρὸ</span> <span class='ocrx_word' id='word_1_304' title='bbox 1630 2693 1839 2764; x_wconf 82' lang='grc' dir='ltr'>χρόνων</span> <span class='ocrx_word' id='word_1_305' title='bbox 1883 2693 2020 2762; x_wconf 87' lang='grc' dir='ltr'>φθά-</span> 
     </span>
    </p>
   </div>
   <div class='ocr_carea' id='block_1_42' title="bbox 431 2783 2016 2855">
    <p class='ocr_par' dir='ltr' id='par_1_42' title="bbox 431 2783 2016 2855">
     <span class='ocr_line' id='line_1_43' title="bbox 431 2783 2016 2855; baseline -0.001 -16"><span class='ocrx_word' id='word_1_306' title='bbox 431 2799 636 2846; x_wconf 73' lang='grc' dir='ltr'>σαντας</span> <span class='ocrx_word' id='word_1_307' title='bbox 670 2783 1062 2854; x_wconf 80' lang='grc' dir='ltr'>ἀνεγερθῆναι,</span> <span class='ocrx_word' id='word_1_308' title='bbox 1094 2784 1171 2849; x_wconf 82' lang='grc' dir='ltr'>ὡς</span> <span class='ocrx_word' id='word_1_309' title='bbox 1205 2787 1459 2855; x_wconf 62' lang='grc' dir='ltr'>εἴρηται,</span> <span class='ocrx_word' id='word_1_310' title='bbox 1493 2785 1678 2852; x_wconf 83' lang='grc' dir='ltr'>ναοὺς,</span> <span class='ocrx_word' id='word_1_311' title='bbox 1708 2786 1802 2838; x_wconf 80' lang='grc' dir='ltr'>καὶ</span> <span class='ocrx_word' id='word_1_312' title='bbox 1830 2786 2016 2839; x_wconf 74' lang='grc' dir='ltr'>ἔκτοτε</span> 
     </span>
    </p>
   </div>
   <div class='ocr_carea' id='block_1_43' title="bbox 432 2873 2016 2949">
    <p class='ocr_par' dir='ltr' id='par_1_43' title="bbox 432 2873 2016 2949">
     <span class='ocr_line' id='line_1_44' title="bbox 432 2873 2016 2949; baseline 0.001 -21"><span class='ocrx_word' id='word_1_313' title='bbox 432 2873 825 2930; x_wconf 79' lang='grc' dir='ltr'>ίδιοποιοῦνται</span> <span class='ocrx_word' id='word_1_314' title='bbox 885 2875 1089 2939; x_wconf 67' lang='grc' dir='ltr'>αὐτοὺς</span> <span class='ocrx_word' id='word_1_315' title='bbox 1133 2876 1210 2938; x_wconf 84' lang='grc' dir='ltr'>ὡς</span> <span class='ocrx_word' id='word_1_316' title='bbox 1254 2875 1719 2947; x_wconf 70' lang='grc' dir='ltr'>πατριαρχικούς.</span> <span class='ocrx_word' id='word_1_317' title='bbox 1757 2879 2016 2949; x_wconf 82' lang='grc' dir='ltr'>Ἀνέφερε</span> 
     </span>
    </p>
   </div>
   <div class='ocr_carea' id='block_1_44' title="bbox 430 2967 2018 3041">
    <p class='ocr_par' dir='ltr' id='par_1_44' title="bbox 430 2967 2018 3041">
     <span class='ocr_line' id='line_1_45' title="bbox 430 2967 2018 3041; baseline 0.003 -21"><span class='ocrx_word' id='word_1_318' title='bbox 430 2967 527 3020; x_wconf 78' lang='grc' dir='ltr'>καὶ</span> <span class='ocrx_word' id='word_1_319' title='bbox 558 2967 635 3030; x_wconf 87' lang='grc' dir='ltr'>ὡς</span> <span class='ocrx_word' id='word_1_320' title='bbox 669 2967 778 3038; x_wconf 79' lang='grc' dir='ltr'>πρὸ</span> <span class='ocrx_word' id='word_1_321' title='bbox 819 2969 1030 3040; x_wconf 83' lang='grc' dir='ltr'>χρόνων</span> <span class='ocrx_word' id='word_1_322' title='bbox 1074 2970 1272 3041; x_wconf 89' lang='grc' dir='ltr'>συνέϐη</span> <span class='ocrx_word' id='word_1_323' title='bbox 1333 2970 1702 3040; x_wconf 84' lang='grc' dir='ltr'>ἐξοικισθῆναί</span> <span class='ocrx_word' id='word_1_324' title='bbox 1737 2989 1858 3024; x_wconf 91' lang='grc' dir='ltr'>τινα</span> <span class='ocrx_word' id='word_1_325' title='bbox 1908 2972 2018 3025; x_wconf 86' lang='grc' dir='ltr'>τῶν</span> 
     </span>
    </p>
   </div>
   <div class='ocr_carea' id='block_1_45' title="bbox 431 3059 2018 3133">
    <p class='ocr_par' dir='ltr' id='par_1_45' title="bbox 431 3059 2018 3133">
     <span class='ocr_line' id='line_1_46' title="bbox 431 3059 2018 3133; baseline 0.003 -20"><span class='ocrx_word' id='word_1_326' title='bbox 431 3060 654 3131; x_wconf 90' lang='grc' dir='ltr'>χωρίων</span> <span class='ocrx_word' id='word_1_327' title='bbox 710 3059 813 3130; x_wconf 81' lang='grc' dir='ltr'>τῆς</span> <span class='ocrx_word' id='word_1_328' title='bbox 876 3062 1092 3133; x_wconf 83' lang='grc' dir='ltr'>ἐνορίας</span> <span class='ocrx_word' id='word_1_329' title='bbox 1142 3061 1307 3115; x_wconf 86' lang='grc' dir='ltr'>αὑτοῦ</span> <span class='ocrx_word' id='word_1_330' title='bbox 1352 3064 1418 3115; x_wconf 89' lang='grc' dir='ltr'>ἐκ</span> <span class='ocrx_word' id='word_1_331' title='bbox 1449 3065 1549 3132; x_wconf 85' lang='grc' dir='ltr'>τῆς</span> <span class='ocrx_word' id='word_1_332' title='bbox 1588 3062 1698 3115; x_wconf 85' lang='grc' dir='ltr'>τῶν</span> <span class='ocrx_word' id='word_1_333' title='bbox 1731 3064 2018 3133; x_wconf 87' lang='grc' dir='ltr'>Ταταρίων</span> 
     </span>
    </p>
   </div>
   <div class='ocr_carea' id='block_1_46' title="bbox 429 3153 2019 3224">
    <p class='ocr_par' dir='ltr' id='par_1_46' title="bbox 429 3153 2019 3224">
     <span class='ocr_line' id='line_1_47' title="bbox 429 3153 2019 3224; baseline 0.005 -20"><span class='ocrx_word' id='word_1_334' title='bbox 429 3153 761 3224; x_wconf 83' lang='grc' dir='ltr'>ἐπιδρομῆς,</span> <span class='ocrx_word' id='word_1_335' title='bbox 795 3154 1204 3209; x_wconf 78' lang='grc' dir='ltr'>ἐπανελθόντων</span> <span class='ocrx_word' id='word_1_336' title='bbox 1231 3155 1287 3208; x_wconf 88' lang='grc' dir='ltr'>δέ</span> <span class='ocrx_word' id='word_1_337' title='bbox 1321 3154 1486 3210; x_wconf 86' lang='grc' dir='ltr'>πάλιν</span> <span class='ocrx_word' id='word_1_338' title='bbox 1517 3157 1596 3220; x_wconf 90' lang='grc' dir='ltr'>είς</span> <span class='ocrx_word' id='word_1_339' title='bbox 1619 3156 1759 3211; x_wconf 84' lang='grc' dir='ltr'>αύτά</span> <span class='ocrx_word' id='word_1_340' title='bbox 1785 3157 1897 3212; x_wconf 91' lang='grc' dir='ltr'>τῶν</span> <span class='ocrx_word' id='word_1_341' title='bbox 1919 3160 2019 3212; x_wconf 80' lang='grc' dir='ltr'>ἐπ-</span> 
     </span>
    </p>
   </div>
   <div class='ocr_carea' id='block_1_47' title="bbox 430 3246 2019 3320">
    <p class='ocr_par' dir='ltr' id='par_1_47' title="bbox 430 3246 2019 3320">
     <span class='ocr_line' id='line_1_48' title="bbox 430 3246 2019 3320; baseline 0.004 -22"><span class='ocrx_word' id='word_1_342' title='bbox 430 3246 595 3299; x_wconf 90' lang='grc' dir='ltr'>οίκων</span> <span class='ocrx_word' id='word_1_343' title='bbox 641 3246 825 3300; x_wconf 85' lang='grc' dir='ltr'>αὐτῶν</span> <span class='ocrx_word' id='word_1_344' title='bbox 852 3250 947 3299; x_wconf 60' lang='grc' dir='ltr'>καὶ⁷</span> <span class='ocrx_word' id='word_1_345' title='bbox 975 3247 1426 3318; x_wconf 64' lang='grc' dir='ltr'>κατοικησάντων</span> <span class='ocrx_word' id='word_1_346' title='bbox 1459 3249 1517 3301; x_wconf 90' lang='grc' dir='ltr'>ἐν</span> <span class='ocrx_word' id='word_1_347' title='bbox 1539 3248 1745 3316; x_wconf 83' lang='grc' dir='ltr'>αὐτοῖς,</span> <span class='ocrx_word' id='word_1_348' title='bbox 1776 3249 2019 3320; x_wconf 82' lang='grc' dir='ltr'>ἀπῆλθον</span> 
     </span>
    </p>
   </div>
   <div class='ocr_carea' id='block_1_48' title="bbox 429 3341 2019 3413">
    <p class='ocr_par' dir='ltr' id='par_1_48' title="bbox 429 3341 2019 3413">
     <span class='ocr_line' id='line_1_49' title="bbox 429 3341 2019 3413; baseline 0 -17"><span class='ocrx_word' id='word_1_349' title='bbox 429 3344 479 3396; x_wconf 77' lang='grc' dir='ltr'>οἱ</span> <span class='ocrx_word' id='word_1_350' title='bbox 514 3341 736 3412; x_wconf 78' lang='grc' dir='ltr'>ἐξαρχοι</span> <span class='ocrx_word' id='word_1_351' title='bbox 762 3341 857 3394; x_wconf 90' lang='grc' dir='ltr'>τοῦ</span> <span class='ocrx_word' id='word_1_352' title='bbox 892 3343 1190 3411; x_wconf 87' lang='grc' dir='ltr'>ίερωτάτου</span> <span class='ocrx_word' id='word_1_353' title='bbox 1227 3341 1632 3413; x_wconf 88' lang='grc' dir='ltr'>μητροπολίτου</span> <span class='ocrx_word' id='word_1_354' title='bbox 1677 3342 1900 3409; x_wconf 89' lang='grc' dir='ltr'>Γοτθίας</span> <span class='ocrx_word' id='word_1_355' title='bbox 1925 3343 2019 3398; x_wconf 74' lang='grc' dir='ltr'>καὶ</span> 
     </span>
    </p>
   </div>
   <div class='ocr_carea' id='block_1_49' title="bbox 432 3433 2018 3506">
    <p class='ocr_par' dir='ltr' id='par_1_49' title="bbox 432 3433 2018 3506">
     <span class='ocr_line' id='line_1_50' title="bbox 432 3433 2018 3506; baseline 0.001 -20"><span class='ocrx_word' id='word_1_356' title='bbox 432 3434 765 3502; x_wconf 81' lang='grc' dir='ltr'>ὑπερτίμου,</span> <span class='ocrx_word' id='word_1_357' title='bbox 799 3433 895 3487; x_wconf 71' lang='grc' dir='ltr'>καὶ</span> <span class='ocrx_word' id='word_1_358' title='bbox 949 3435 1212 3506; x_wconf 88' lang='grc' dir='ltr'>ἐποίησαν</span> <span class='ocrx_word' id='word_1_359' title='bbox 1252 3436 1312 3488; x_wconf 88' lang='grc' dir='ltr'>ἐν</span> <span class='ocrx_word' id='word_1_360' title='bbox 1356 3436 1472 3495; x_wconf 82' lang='grc' dir='ltr'>τοῖς</span> <span class='ocrx_word' id='word_1_361' title='bbox 1504 3435 1772 3501; x_wconf 81' lang='grc' dir='ltr'>τοιούτοις</span> <span class='ocrx_word' id='word_1_362' title='bbox 1796 3437 2018 3506; x_wconf 78' lang='grc' dir='ltr'>χωρίοις</span> 
     </span>
    </p>
   </div>
   <div class='ocr_carea' id='block_1_50' title="bbox 433 3524 2015 3595">
    <p class='ocr_par' dir='ltr' id='par_1_50' title="bbox 433 3524 2015 3595">
     <span class='ocr_line' id='line_1_51' title="bbox 433 3524 2015 3595; baseline 0.001 -17"><span class='ocrx_word' id='word_1_363' title='bbox 433 3525 824 3592; x_wconf 86' lang='grc' dir='ltr'>σταυροπήγια</span> <span class='ocrx_word' id='word_1_364' title='bbox 853 3525 952 3590; x_wconf 81' lang='grc' dir='ltr'>τῆς</span> <span class='ocrx_word' id='word_1_365' title='bbox 981 3524 1372 3595; x_wconf 85' lang='grc' dir='ltr'>μητροπόλεως</span> <span class='ocrx_word' id='word_1_366' title='bbox 1402 3525 1652 3591; x_wconf 90' lang='grc' dir='ltr'>Γοτθίας,</span> <span class='ocrx_word' id='word_1_367' title='bbox 1701 3527 1804 3582; x_wconf 76' lang='grc' dir='ltr'>καὶ,</span> <span class='ocrx_word' id='word_1_368' title='bbox 1829 3526 2015 3581; x_wconf 70' lang='grc' dir='ltr'>ἔκτοτε</span> 
     </span>
    </p>
   </div>
   <div class='ocr_carea' id='block_1_51' title="bbox 431 3614 2018 3687">
    <p class='ocr_par' dir='ltr' id='par_1_51' title="bbox 431 3614 2018 3687">
     <span class='ocr_line' id='line_1_52' title="bbox 431 3614 2018 3687; baseline 0.002 -18"><span class='ocrx_word' id='word_1_369' title='bbox 431 3614 758 3675; x_wconf 82' lang='grc' dir='ltr'>ἀπαιτοῦσιν</span> <span class='ocrx_word' id='word_1_370' title='bbox 809 3616 966 3670; x_wconf 76' lang='grc' dir='ltr'>αὐτοὶ</span> <span class='ocrx_word' id='word_1_371' title='bbox 1012 3617 1166 3687; x_wconf 85' lang='grc' dir='ltr'>παρά</span> <span class='ocrx_word' id='word_1_372' title='bbox 1195 3616 1305 3670; x_wconf 90' lang='grc' dir='ltr'>τῶν</span> <span class='ocrx_word' id='word_1_373' title='bbox 1337 3617 1578 3671; x_wconf 87' lang='grc' dir='ltr'>ἐποίκων</span> <span class='ocrx_word' id='word_1_374' title='bbox 1608 3618 1721 3671; x_wconf 88' lang='grc' dir='ltr'>τῶν</span> <span class='ocrx_word' id='word_1_375' title='bbox 1753 3617 2018 3673; x_wconf 78' lang='grc' dir='ltr'>τοιούτων</span> 
     </span>
    </p>
   </div>
   <div class='ocr_carea' id='block_1_52' title="bbox 431 3708 2016 3784">
    <p class='ocr_par' dir='ltr' id='par_1_52' title="bbox 431 3708 2016 3784">
     <span class='ocr_line' id='line_1_53' title="bbox 431 3708 2016 3784; baseline 0.001 -22"><span class='ocrx_word' id='word_1_376' title='bbox 431 3709 650 3784; x_wconf 76' lang='grc' dir='ltr'>χωρίων</span> <span class='ocrx_word' id='word_1_377' title='bbox 700 3709 799 3763; x_wconf 82' lang='grc' dir='ltr'>καὶ</span> <span class='ocrx_word' id='word_1_378' title='bbox 853 3708 911 3761; x_wconf 81' lang='grc' dir='ltr'>τὸ</span> <span class='ocrx_word' id='word_1_379' title='bbox 955 3709 1268 3776; x_wconf 82' lang='grc' dir='ltr'>κανονικὸν,</span> <span class='ocrx_word' id='word_1_380' title='bbox 1313 3711 1437 3764; x_wconf 77' lang='grc' dir='ltr'>ὅσον</span> <span class='ocrx_word' id='word_1_381' title='bbox 1468 3710 1745 3780; x_wconf 86' lang='grc' dir='ltr'>ὀφείλεται</span> <span class='ocrx_word' id='word_1_382' title='bbox 1788 3710 1925 3780; x_wconf 85' lang='grc' dir='ltr'>πρὸς</span> <span class='ocrx_word' id='word_1_383' title='bbox 1954 3709 2016 3764; x_wconf 83' lang='grc' dir='ltr'>τὸ</span> 
     </span>
    </p>
   </div>
   <div class='ocr_carea' id='block_1_53' title="bbox 433 3799 2016 3872">
    <p class='ocr_par' dir='ltr' id='par_1_53' title="bbox 433 3799 2016 3872">
     <span class='ocr_line' id='line_1_54' title="bbox 433 3799 2016 3872; baseline 0.002 -20"><span class='ocrx_word' id='word_1_384' title='bbox 433 3799 602 3869; x_wconf 81' lang='grc' dir='ltr'>μέρος</span> <span class='ocrx_word' id='word_1_385' title='bbox 657 3799 761 3870; x_wconf 81' lang='grc' dir='ltr'>τῆς</span> <span class='ocrx_word' id='word_1_386' title='bbox 799 3799 1190 3872; x_wconf 80' lang='grc' dir='ltr'>μητροπόλεως</span> <span class='ocrx_word' id='word_1_387' title='bbox 1235 3802 1558 3871; x_wconf 87' lang='grc' dir='ltr'>Σουγδαίας,</span> <span class='ocrx_word' id='word_1_388' title='bbox 1601 3803 1698 3856; x_wconf 78' lang='grc' dir='ltr'>καὶ</span> <span class='ocrx_word' id='word_1_389' title='bbox 1743 3803 2016 3872; x_wconf 78' lang='grc' dir='ltr'>ἐζήτησαν</span> 
     </span>
    </p>
   </div>
   <div class='ocr_carea' id='block_1_54' title="bbox 429 3892 2015 3967">
    <p class='ocr_par' dir='ltr' id='par_1_54' title="bbox 429 3892 2015 3967">
     <span class='ocr_line' id='line_1_55' title="bbox 429 3892 2015 3967; baseline -0.001 -17"><span class='ocrx_word' id='word_1_390' title='bbox 429 3894 528 3950; x_wconf 68' lang='grc' dir='ltr'>ἐπὶ</span> <span class='ocrx_word' id='word_1_391' title='bbox 563 3892 774 3961; x_wconf 87' lang='grc' dir='ltr'>τούτοις</span> <span class='ocrx_word' id='word_1_392' title='bbox 822 3896 1009 3965; x_wconf 79' lang='grc' dir='ltr'>τυχεῖν</span> <span class='ocrx_word' id='word_1_393' title='bbox 1052 3894 1342 3962; x_wconf 80' lang='grc' dir='ltr'>συνοδικῆς</span> <span class='ocrx_word' id='word_1_394' title='bbox 1385 3893 1752 3963; x_wconf 83' lang='grc' dir='ltr'>διαγνώσεως.</span> <span class='ocrx_word' id='word_1_395' title='bbox 1788 3895 2015 3967; x_wconf 88' lang='grc' dir='ltr'>’Έκρινε</span> 
     </span>
    </p>
   </div>
   <div class='ocr_carea' id='block_1_55' title="bbox 429 3986 2016 4059">
    <p class='ocr_par' dir='ltr' id='par_1_55' title="bbox 429 3986 2016 4059">
     <span class='ocr_line' id='line_1_56' title="bbox 429 3986 2016 4059; baseline 0.002 -22"><span class='ocrx_word' id='word_1_396' title='bbox 429 3986 610 4041; x_wconf 84' lang='grc' dir='ltr'>τοίνυν</span> <span class='ocrx_word' id='word_1_397' title='bbox 665 3987 704 4057; x_wconf 46' lang='grc' dir='ltr'>ὴ,</span> <span class='ocrx_word' id='word_1_398' title='bbox 765 3987 1060 4058; x_wconf 80' lang='grc' dir='ltr'>μετριότης</span> <span class='ocrx_word' id='word_1_399' title='bbox 1117 3986 1276 4056; x_wconf 84' lang='grc' dir='ltr'>ἡμῶν</span> <span class='ocrx_word' id='word_1_400' title='bbox 1329 3987 1468 4058; x_wconf 88' lang='grc' dir='ltr'>μετά</span> <span class='ocrx_word' id='word_1_401' title='bbox 1501 3987 1610 4041; x_wconf 89' lang='grc' dir='ltr'>τῶν</span> <span class='ocrx_word' id='word_1_402' title='bbox 1664 3987 1794 4058; x_wconf 72' lang='grc' dir='ltr'>περὶ</span> <span class='ocrx_word' id='word_1_403' title='bbox 1845 3986 2016 4059; x_wconf 76' lang='grc' dir='ltr'>αὐτὴν</span> 
     </span>
    </p>
   </div>
   <div class='ocr_carea' id='block_1_56' title="bbox 434 4076 2012 4149">
    <p class='ocr_par' dir='ltr' id='par_1_56' title="bbox 434 4076 2012 4149">
     <span class='ocr_line' id='line_1_57' title="bbox 434 4076 2012 4149; baseline -0.001 -15"><span class='ocrx_word' id='word_1_404' title='bbox 434 4077 750 4148; x_wconf 78' lang='grc' dir='ltr'>ίερωτάτων</span> <span class='ocrx_word' id='word_1_405' title='bbox 776 4078 1103 4148; x_wconf 83' lang='grc' dir='ltr'>ἀρχιερέων,</span> <span class='ocrx_word' id='word_1_406' title='bbox 1133 4076 1226 4135; x_wconf 90' lang='grc' dir='ltr'>τοῦ</span> <span class='ocrx_word' id='word_1_407' title='bbox 1257 4079 1611 4149; x_wconf 78' lang='grc' dir='ltr'>Ἡρακλείας,</span> <span class='ocrx_word' id='word_1_408' title='bbox 1630 4079 1725 4132; x_wconf 90' lang='grc' dir='ltr'>τοῦ</span> <span class='ocrx_word' id='word_1_409' title='bbox 1752 4077 2012 4142; x_wconf 77' lang='grc' dir='ltr'>Νικαίας,</span> 
     </span>
    </p>
   </div>
   <div class='ocr_carea' id='block_1_57' title="bbox 429 4169 2014 4242">
    <p class='ocr_par' dir='ltr' id='par_1_57' title="bbox 429 4169 2014 4242">
     <span class='ocr_line' id='line_1_58' title="bbox 429 4169 2014 4242; baseline -0.003 -14"><span class='ocrx_word' id='word_1_410' title='bbox 429 4169 528 4228; x_wconf 75' lang='grc' dir='ltr'>τοῦ</span> <span class='ocrx_word' id='word_1_411' title='bbox 563 4169 978 4233; x_wconf 75' lang='grc' dir='ltr'>Φιλαδελφείας,</span> <span class='ocrx_word' id='word_1_412' title='bbox 1025 4169 1122 4223; x_wconf 87' lang='grc' dir='ltr'>τοῦ</span> <span class='ocrx_word' id='word_1_413' title='bbox 1177 4171 1454 4242; x_wconf 86' lang='grc' dir='ltr'>Προύσης,</span> <span class='ocrx_word' id='word_1_414' title='bbox 1498 4171 1592 4224; x_wconf 90' lang='grc' dir='ltr'>τοῦ</span> <span class='ocrx_word' id='word_1_415' title='bbox 1647 4171 1873 4240; x_wconf 85' lang='grc' dir='ltr'>Πηγῶν,</span> <span class='ocrx_word' id='word_1_416' title='bbox 1918 4170 2014 4224; x_wconf 88' lang='grc' dir='ltr'>τοῦ</span> 
     </span>
    </p>
   </div>
   <div class='ocr_carea' id='block_1_58' title="bbox 431 4262 2015 4336">
    <p class='ocr_par' dir='ltr' id='par_1_58' title="bbox 431 4262 2015 4336">
     <span class='ocr_line' id='line_1_59' title="bbox 431 4262 2015 4336; baseline 0.001 -22"><span class='ocrx_word' id='word_1_417' title='bbox 431 4263 676 4334; x_wconf 84' lang='grc' dir='ltr'>Σερρῶν,</span> <span class='ocrx_word' id='word_1_418' title='bbox 729 4262 825 4316; x_wconf 89' lang='grc' dir='ltr'>τοῦ</span> <span class='ocrx_word' id='word_1_419' title='bbox 877 4264 1208 4336; x_wconf 71' lang='grc' dir='ltr'>Δυρραχίου,</span> <span class='ocrx_word' id='word_1_420' title='bbox 1258 4263 1354 4320; x_wconf 86' lang='grc' dir='ltr'>τοῦ</span> <span class='ocrx_word' id='word_1_421' title='bbox 1418 4264 1736 4328; x_wconf 81' lang='grc' dir='ltr'>Ἀτταλείας</span> <span class='ocrx_word' id='word_1_422' title='bbox 1792 4265 1886 4318; x_wconf 70' lang='grc' dir='ltr'>καὶ</span> <span class='ocrx_word' id='word_1_423' title='bbox 1919 4262 2015 4316; x_wconf 91' lang='grc' dir='ltr'>τοῦ</span> 
     </span>
    </p>
   </div>
   <div class='ocr_carea' id='block_1_59' title="bbox 430 4347 2015 4428">
    <p class='ocr_par' dir='ltr' id='par_1_59' title="bbox 430 4347 2015 4428">
     <span class='ocr_line' id='line_1_60' title="bbox 430 4347 2015 4428; baseline 0.001 -19"><span class='ocrx_word' id='word_1_424' title='bbox 430 4357 717 4426; x_wconf 81' lang='grc' dir='ltr'>Μεσήνης,</span> <span class='ocrx_word' id='word_1_425' title='bbox 749 4355 837 4410; x_wconf 85' lang='grc' dir='ltr'>ἵνα</span> <span class='ocrx_word' id='word_1_426' title='bbox 869 4347 1096 4428; x_wconf 80' lang='grc' dir='ltr'>γένηται</span> <span class='ocrx_word' id='word_1_427' title='bbox 1145 4359 1386 4422; x_wconf 82' lang='grc' dir='ltr'>τοπικῶς</span> <span class='ocrx_word' id='word_1_428' title='bbox 1420 4357 1491 4411; x_wconf 75' lang='grc' dir='ltr'>δι’</span> <span class='ocrx_word' id='word_1_429' title='bbox 1534 4356 1860 4418; x_wconf 69' lang='grc' dir='ltr'>ἐπιστασίας</span> <span class='ocrx_word' id='word_1_430' title='bbox 1905 4355 2015 4410; x_wconf 90' lang='grc' dir='ltr'>τῶν</span> 
     </span>
    </p>
   </div>
   <div class='ocr_carea' id='block_1_60' title="bbox 434 4443 2013 4520">
    <p class='ocr_par' dir='ltr' id='par_1_60' title="bbox 434 4443 2013 4520">
     <span class='ocr_line' id='line_1_61' title="bbox 434 4443 2013 4520; baseline -0.002 -20"><span class='ocrx_word' id='word_1_431' title='bbox 434 4446 970 4518; x_wconf 74' lang='grc' dir='ltr'>πλησιοχωρούντων</span> <span class='ocrx_word' id='word_1_432' title='bbox 1036 4447 1346 4520; x_wconf 78' lang='grc' dir='ltr'>ἀρχιερέων</span> <span class='ocrx_word' id='word_1_433' title='bbox 1411 4443 1688 4510; x_wconf 83' lang='grc' dir='ltr'>ἐξέτασις,</span> <span class='ocrx_word' id='word_1_434' title='bbox 1761 4447 2013 4515; x_wconf 84' lang='grc' dir='ltr'>παρεῖναι</span> 
     </span>
    </p>
   </div>
   <div class='ocr_carea' id='block_1_61' title="bbox 2194 1961 3694 2034">
    <p class='ocr_par' dir='ltr' id='par_1_61' title="bbox 2194 1961 3694 2034">
     <span class='ocr_line' id='line_1_62' title="bbox 2194 1961 3694 2034; baseline -0.001 -17"><span class='ocrx_word' id='word_1_435' title='bbox 2194 1961 2235 2033; x_wconf 73' lang='grc' dir='ltr'>ἰ·</span> <span class='ocrx_word' id='word_1_436' title='bbox 2283 1962 2346 2017; x_wconf 83' lang='grc' dir='ltr'><strong>Ὀ</strong></span> <span class='ocrx_word' id='word_1_437' title='bbox 2401 1961 2697 2034; x_wconf 77' lang='grc' dir='ltr'>ἱερώτατος</span> <span class='ocrx_word' id='word_1_438' title='bbox 2756 1962 3167 2034; x_wconf 88' lang='grc' dir='ltr'>μητροπολίτης</span> <span class='ocrx_word' id='word_1_439' title='bbox 3228 1963 3543 2026; x_wconf 81' lang='grc' dir='ltr'>Ἀτταλείας</span> <span class='ocrx_word' id='word_1_440' title='bbox 3600 1962 3694 2016; x_wconf 71' lang='grc' dir='ltr'>καὶ</span> 
     </span>
    </p>
   </div>
   <div class='ocr_carea' id='block_1_62' title="bbox 2121 2053 3695 2126">
    <p class='ocr_par' dir='ltr' id='par_1_62' title="bbox 2121 2053 3695 2126">
     <span class='ocr_line' id='line_1_63' title="bbox 2121 2053 3695 2126; baseline 0 -19"><span class='ocrx_word' id='word_1_441' title='bbox 2121 2053 2448 2124; x_wconf 79' lang='grc' dir='ltr'>ὑπέρτιμος,</span> <span class='ocrx_word' id='word_1_442' title='bbox 2478 2057 2534 2108; x_wconf 85' lang='grc' dir='ltr'>ἐν</span> <span class='ocrx_word' id='word_1_443' title='bbox 2556 2055 2700 2126; x_wconf 89' lang='grc' dir='ltr'>ἀγίῳ</span> <span class='ocrx_word' id='word_1_444' title='bbox 2729 2054 3008 2124; x_wconf 82' lang='grc' dir='ltr'>Πνεύματι</span> <span class='ocrx_word' id='word_1_445' title='bbox 3036 2054 3326 2123; x_wconf 82' lang='grc' dir='ltr'>ἀγαπητὸς</span> <span class='ocrx_word' id='word_1_446' title='bbox 3349 2053 3570 2122; x_wconf 83' lang='grc' dir='ltr'>ἀδελφὸς</span> <span class='ocrx_word' id='word_1_447' title='bbox 3595 2053 3695 2122; x_wconf 82' lang='grc' dir='ltr'>τῆς</span> 
     </span>
    </p>
   </div>
   <div class='ocr_carea' id='block_1_63' title="bbox 2119 2145 3694 2219">
    <p class='ocr_par' dir='ltr' id='par_1_63' title="bbox 2119 2145 3694 2219">
     <span class='ocr_line' id='line_1_64' title="bbox 2119 2145 3694 2219; baseline -0.001 -21"><span class='ocrx_word' id='word_1_448' title='bbox 2119 2145 2278 2216; x_wconf 81' lang='grc' dir='ltr'>ἡμῶν</span> <span class='ocrx_word' id='word_1_449' title='bbox 2304 2147 2660 2217; x_wconf 87' lang='grc' dir='ltr'>μετριότητος</span> <span class='ocrx_word' id='word_1_450' title='bbox 2703 2147 2800 2202; x_wconf 75' lang='grc' dir='ltr'>καὶ</span> <span class='ocrx_word' id='word_1_451' title='bbox 2850 2147 3288 2219; x_wconf 82' lang='grc' dir='ltr'>συλλειτουργδς,</span> <span class='ocrx_word' id='word_1_452' title='bbox 3319 2147 3581 2216; x_wconf 82' lang='grc' dir='ltr'>ἀνέφερεν</span> <span class='ocrx_word' id='word_1_453' title='bbox 3611 2145 3694 2207; x_wconf 91' lang='grc' dir='ltr'>είς</span> 
     </span>
    </p>
   </div>
   <div class='ocr_carea' id='block_1_64' title="bbox 2118 2232 3693 2306">
    <p class='ocr_par' dir='ltr' id='par_1_64' title="bbox 2118 2232 3693 2306">
     <span class='ocr_line' id='line_1_65' title="bbox 2118 2232 3693 2306; baseline 0.001 -20"><span class='ocrx_word' id='word_1_454' title='bbox 2118 2237 2219 2304; x_wconf 75' lang='grc' dir='ltr'>τὴν</span> <span class='ocrx_word' id='word_1_455' title='bbox 2243 2233 2368 2287; x_wconf 77' lang='grc' dir='ltr'>καθ’</span> <span class='ocrx_word' id='word_1_456' title='bbox 2398 2236 2546 2305; x_wconf 80' lang='grc' dir='ltr'>ἡμᾶς</span> <span class='ocrx_word' id='word_1_457' title='bbox 2573 2235 2728 2306; x_wconf 87' lang='grc' dir='ltr'>ίεράν</span> <span class='ocrx_word' id='word_1_458' title='bbox 2755 2236 2852 2289; x_wconf 71' lang='grc' dir='ltr'>καὶ</span> <span class='ocrx_word' id='word_1_459' title='bbox 2875 2236 3026 2292; x_wconf 84' lang='grc' dir='ltr'>θείαν</span> <span class='ocrx_word' id='word_1_460' title='bbox 3057 2232 3299 2306; x_wconf 76' lang='grc' dir='ltr'>σύνοδον,</span> <span class='ocrx_word' id='word_1_461' title='bbox 3319 2235 3393 2300; x_wconf 84' lang='grc' dir='ltr'>ῶς</span> <span class='ocrx_word' id='word_1_462' title='bbox 3417 2253 3560 2298; x_wconf 87' lang='grc' dir='ltr'>τινες</span> <span class='ocrx_word' id='word_1_463' title='bbox 3585 2235 3693 2288; x_wconf 85' lang='grc' dir='ltr'>τῶν</span> 
     </span>
    </p>
   </div>
   <div class='ocr_carea' id='block_1_65' title="bbox 2120 2327 3693 2402">
    <p class='ocr_par' dir='ltr' id='par_1_65' title="bbox 2120 2327 3693 2402">
     <span class='ocr_line' id='line_1_66' title="bbox 2120 2327 3693 2402; baseline -0.001 -20"><span class='ocrx_word' id='word_1_464' title='bbox 2120 2327 2400 2398; x_wconf 89' lang='grc' dir='ltr'>κληρικῶν</span> <span class='ocrx_word' id='word_1_465' title='bbox 2424 2329 2522 2399; x_wconf 83' lang='grc' dir='ltr'>τῆς</span> <span class='ocrx_word' id='word_1_466' title='bbox 2551 2332 2673 2384; x_wconf 73' lang='grc' dir='ltr'>κατ’</span> <span class='ocrx_word' id='word_1_467' title='bbox 2708 2330 2872 2384; x_wconf 81' lang='grc' dir='ltr'>αὐτὸν</span> <span class='ocrx_word' id='word_1_468' title='bbox 2901 2330 3156 2400; x_wconf 87' lang='grc' dir='ltr'>τοιαύτης</span> <span class='ocrx_word' id='word_1_469' title='bbox 3188 2331 3568 2402; x_wconf 84' lang='grc' dir='ltr'>μητροπόλεως</span> <span class='ocrx_word' id='word_1_470' title='bbox 3599 2329 3693 2381; x_wconf 79' lang='grc' dir='ltr'>καὶ</span> 
     </span>
    </p>
   </div>
   <div class='ocr_carea' id='block_1_66' title="bbox 2117 2418 3693 2492">
    <p class='ocr_par' dir='ltr' id='par_1_66' title="bbox 2117 2418 3693 2492">
     <span class='ocr_line' id='line_1_67' title="bbox 2117 2418 3693 2492; baseline 0 -20"><span class='ocrx_word' id='word_1_471' title='bbox 2117 2418 2229 2472; x_wconf 92' lang='grc' dir='ltr'>τῶν</span> <span class='ocrx_word' id='word_1_472' title='bbox 2264 2419 2449 2473; x_wconf 81' lang='grc' dir='ltr'>ἐκεῖσε</span> <span class='ocrx_word' id='word_1_473' title='bbox 2489 2423 2777 2491; x_wconf 90' lang='grc' dir='ltr'>κοσμικῶν</span> <span class='ocrx_word' id='word_1_474' title='bbox 2812 2420 3117 2492; x_wconf 84' lang='grc' dir='ltr'>ἀνθρώπων</span> <span class='ocrx_word' id='word_1_475' title='bbox 3155 2422 3399 2491; x_wconf 81' lang='grc' dir='ltr'>ἔφθασαν</span> <span class='ocrx_word' id='word_1_476' title='bbox 3444 2420 3693 2485; x_wconf 85' lang='grc' dir='ltr'>ἀναδέξα-</span> 
     </span>
    </p>
   </div>
   <div class='ocr_carea' id='block_1_67' title="bbox 2121 2509 3691 2584">
    <p class='ocr_par' dir='ltr' id='par_1_67' title="bbox 2121 2509 3691 2584">
     <span class='ocr_line' id='line_1_68' title="bbox 2121 2509 3691 2584; baseline 0 -22"><span class='ocrx_word' id='word_1_477' title='bbox 2121 2509 2246 2563; x_wconf 90' lang='grc' dir='ltr'>σθαί</span> <span class='ocrx_word' id='word_1_478' title='bbox 2275 2527 2400 2564; x_wconf 89' lang='grc' dir='ltr'>τινα</span> <span class='ocrx_word' id='word_1_479' title='bbox 2431 2511 2553 2565; x_wconf 75' lang='grc' dir='ltr'>ἀπὸ</span> <span class='ocrx_word' id='word_1_480' title='bbox 2584 2512 2694 2565; x_wconf 93' lang='grc' dir='ltr'>τῶν</span> <span class='ocrx_word' id='word_1_481' title='bbox 2726 2513 3112 2584; x_wconf 89' lang='grc' dir='ltr'>μοναστηρίων</span> <span class='ocrx_word' id='word_1_482' title='bbox 3159 2516 3256 2583; x_wconf 80' lang='grc' dir='ltr'>τῆς</span> <span class='ocrx_word' id='word_1_483' title='bbox 3299 2512 3466 2581; x_wconf 77' lang='grc' dir='ltr'>αὐτῆς</span> <span class='ocrx_word' id='word_1_484' title='bbox 3499 2527 3691 2581; x_wconf 86' lang='grc' dir='ltr'>μητρο-</span> 
     </span>
    </p>
   </div>
   <div class='ocr_carea' id='block_1_68' title="bbox 2121 2600 3690 2673">
    <p class='ocr_par' dir='ltr' id='par_1_68' title="bbox 2121 2600 3690 2673">
     <span class='ocr_line' id='line_1_69' title="bbox 2121 2600 3690 2673; baseline -0.001 -21"><span class='ocrx_word' id='word_1_485' title='bbox 2121 2601 2352 2668; x_wconf 85' lang='grc' dir='ltr'>πόλεως,</span> <span class='ocrx_word' id='word_1_486' title='bbox 2383 2601 2649 2666; x_wconf 84' lang='grc' dir='ltr'>ὡσαύτως</span> <span class='ocrx_word' id='word_1_487' title='bbox 2677 2603 2772 2656; x_wconf 89' lang='grc' dir='ltr'>καί</span> <span class='ocrx_word' id='word_1_488' title='bbox 2794 2619 2947 2666; x_wconf 89' lang='grc' dir='ltr'>τινας</span> <span class='ocrx_word' id='word_1_489' title='bbox 2975 2604 3084 2656; x_wconf 82' lang='grc' dir='ltr'>ἀπὸ</span> <span class='ocrx_word' id='word_1_490' title='bbox 3105 2603 3212 2658; x_wconf 91' lang='grc' dir='ltr'>τῶν</span> <span class='ocrx_word' id='word_1_491' title='bbox 3235 2603 3328 2656; x_wconf 79' lang='grc' dir='ltr'>ὑπ’</span> <span class='ocrx_word' id='word_1_492' title='bbox 3348 2601 3513 2673; x_wconf 80' lang='grc' dir='ltr'>αὐτὴν</span> <span class='ocrx_word' id='word_1_493' title='bbox 3537 2600 3690 2654; x_wconf 80' lang='grc' dir='ltr'>θείων</span> 
     </span>
    </p>
   </div>
   <div class='ocr_carea' id='block_1_69' title="bbox 2123 2687 3689 2766">
    <p class='ocr_par' dir='ltr' id='par_1_69' title="bbox 2123 2687 3689 2766">
     <span class='ocr_line' id='line_1_70' title="bbox 2123 2687 3689 2766; baseline -0.001 -18"><span class='ocrx_word' id='word_1_494' title='bbox 2123 2693 2271 2748; x_wconf 86' lang='grc' dir='ltr'>ναῶν</span> <span class='ocrx_word' id='word_1_495' title='bbox 2303 2693 2634 2749; x_wconf 81' lang='grc' dir='ltr'>ἐκδοθέντων</span> <span class='ocrx_word' id='word_1_496' title='bbox 2661 2697 2758 2750; x_wconf 76' lang='grc' dir='ltr'>καὶ</span> <span class='ocrx_word' id='word_1_497' title='bbox 2786 2696 2895 2750; x_wconf 91' lang='grc' dir='ltr'>τῶν</span> <span class='ocrx_word' id='word_1_498' title='bbox 2917 2687 3176 2750; x_wconf 86' lang='grc' dir='ltr'>τοιούτων</span> <span class='ocrx_word' id='word_1_499' title='bbox 3206 2696 3575 2766; x_wconf 87' lang='grc' dir='ltr'>μοναστηρίων</span> <span class='ocrx_word' id='word_1_500' title='bbox 3600 2695 3689 2746; x_wconf 78' lang='grc' dir='ltr'>καὶ</span> 
     </span>
    </p>
   </div>
   <div class='ocr_carea' id='block_1_70' title="bbox 2119 2785 3690 2859">
    <p class='ocr_par' dir='ltr' id='par_1_70' title="bbox 2119 2785 3690 2859">
     <span class='ocr_line' id='line_1_71' title="bbox 2119 2785 3690 2859; baseline -0.001 -19"><span class='ocrx_word' id='word_1_501' title='bbox 2119 2785 2228 2840; x_wconf 87' lang='grc' dir='ltr'>τῶν</span> <span class='ocrx_word' id='word_1_502' title='bbox 2267 2785 2410 2839; x_wconf 85' lang='grc' dir='ltr'>ναῶν</span> <span class='ocrx_word' id='word_1_503' title='bbox 2466 2787 2620 2858; x_wconf 85' lang='grc' dir='ltr'>παρά</span> <span class='ocrx_word' id='word_1_504' title='bbox 2669 2787 2781 2841; x_wconf 88' lang='grc' dir='ltr'>τῶν</span> <span class='ocrx_word' id='word_1_505' title='bbox 2823 2787 2968 2842; x_wconf 90' lang='grc' dir='ltr'>κατά</span> <span class='ocrx_word' id='word_1_506' title='bbox 3003 2788 3230 2859; x_wconf 72' lang='grc' dir='ltr'>καιροὺς</span> <span class='ocrx_word' id='word_1_507' title='bbox 3265 2786 3566 2857; x_wconf 78' lang='grc' dir='ltr'>ἀρχιερέων</span> <span class='ocrx_word' id='word_1_508' title='bbox 3594 2786 3690 2854; x_wconf 84' lang='grc' dir='ltr'>τῆς</span> 
     </span>
    </p>
   </div>
   <div class='ocr_carea' id='block_1_71' title="bbox 2119 2853 3692 2950">
    <p class='ocr_par' dir='ltr' id='par_1_71' title="bbox 2119 2853 3692 2950">
     <span class='ocr_line' id='line_1_72' title="bbox 2119 2853 3692 2950; baseline -0.001 -19"><span class='ocrx_word' id='word_1_509' title='bbox 2119 2877 2293 2948; x_wconf 81' lang='grc' dir='ltr'>αὐτῆς</span> <span class='ocrx_word' id='word_1_510' title='bbox 2322 2853 2634 2948; x_wconf 76' lang='grc' dir='ltr'>ἁγιωτάτης</span> <span class='ocrx_word' id='word_1_511' title='bbox 2657 2879 2957 2950; x_wconf 85' lang='grc' dir='ltr'>ἐκκλησίας</span> <span class='ocrx_word' id='word_1_512' title='bbox 2983 2853 3480 2934; x_wconf 22' lang='grc' dir='ltr'>κατάοσκοπδνῠτοῦ</span> <span class='ocrx_word' id='word_1_513' title='bbox 3507 2853 3692 2948; x_wconf 78' lang='grc' dir='ltr'>ἐπιμε-</span> 
     </span>
    </p>
   </div>
   <div class='ocr_carea' id='block_1_72' title="bbox 2118 2969 3693 3042">
    <p class='ocr_par' dir='ltr' id='par_1_72' title="bbox 2118 2969 3693 3042">
     <span class='ocr_line' id='line_1_73' title="bbox 2118 2969 3693 3042; baseline -0.003 -18"><span class='ocrx_word' id='word_1_514' title='bbox 2118 2970 2269 3033; x_wconf 89' lang='grc' dir='ltr'>λείας</span> <span class='ocrx_word' id='word_1_515' title='bbox 2299 2971 2430 3040; x_wconf 80' lang='grc' dir='ltr'>παρ’</span> <span class='ocrx_word' id='word_1_516' title='bbox 2463 2970 2649 3025; x_wconf 80' lang='grc' dir='ltr'>αὐτῶν</span> <span class='ocrx_word' id='word_1_517' title='bbox 2697 2971 2984 3038; x_wconf 78' lang='grc' dir='ltr'>ἀξιοῦσθαι</span> <span class='ocrx_word' id='word_1_518' title='bbox 3040 2973 3135 3026; x_wconf 84' lang='grc' dir='ltr'>καὶ</span> <span class='ocrx_word' id='word_1_519' title='bbox 3175 2971 3580 3042; x_wconf 82' lang='grc' dir='ltr'>περιποιήσεως</span> <span class='ocrx_word' id='word_1_520' title='bbox 3616 2969 3693 3032; x_wconf 89' lang='grc' dir='ltr'>είς</span> 
     </span>
    </p>
   </div>
   <div class='ocr_carea' id='block_1_73' title="bbox 2119 3061 3692 3136">
    <p class='ocr_par' dir='ltr' id='par_1_73' title="bbox 2119 3061 3692 3136">
     <span class='ocr_line' id='line_1_74' title="bbox 2119 3061 3692 3136; baseline 0.001 -22"><span class='ocrx_word' id='word_1_521' title='bbox 2119 3063 2180 3114; x_wconf 77' lang='grc' dir='ltr'>τὸ</span> <span class='ocrx_word' id='word_1_522' title='bbox 2228 3064 2585 3119; x_wconf 86' lang='grc' dir='ltr'>συνίστασθαι</span> <span class='ocrx_word' id='word_1_523' title='bbox 2641 3067 2738 3120; x_wconf 80' lang='grc' dir='ltr'>καὶ</span> <span class='ocrx_word' id='word_1_524' title='bbox 2791 3064 3134 3136; x_wconf 86' lang='grc' dir='ltr'>βελτιοῦσθαι</span> <span class='ocrx_word' id='word_1_525' title='bbox 3180 3063 3518 3132; x_wconf 84' lang='grc' dir='ltr'>αύτά,διέ6η</span> <span class='ocrx_word' id='word_1_526' title='bbox 3561 3061 3630 3115; x_wconf 75' lang='grc' dir='ltr'>δέ</span> <span class='ocrx_word' id='word_1_527' title='bbox 3659 3061 3692 3128; x_wconf 90' lang='grc' dir='ltr'>ή</span> 
     </span>
    </p>
   </div>
   <div class='ocr_carea' id='block_1_74' title="bbox 2123 3151 3691 3225">
    <p class='ocr_par' dir='ltr' id='par_1_74' title="bbox 2123 3151 3691 3225">
     <span class='ocr_line' id='line_1_75' title="bbox 2123 3151 3691 3225; baseline -0.001 -17"><span class='ocrx_word' id='word_1_528' title='bbox 2123 3154 2332 3225; x_wconf 85' lang='grc' dir='ltr'>κατοχὴ</span> <span class='ocrx_word' id='word_1_529' title='bbox 2381 3155 2588 3211; x_wconf 89' lang='grc' dir='ltr'>τούτων</span> <span class='ocrx_word' id='word_1_530' title='bbox 2632 3158 2731 3212; x_wconf 79' lang='grc' dir='ltr'>καὶ</span> <span class='ocrx_word' id='word_1_531' title='bbox 2769 3158 2853 3222; x_wconf 87' lang='grc' dir='ltr'>είς</span> <span class='ocrx_word' id='word_1_532' title='bbox 2897 3157 3023 3220; x_wconf 78' lang='grc' dir='ltr'>τοῦς</span> <span class='ocrx_word' id='word_1_533' title='bbox 3053 3154 3356 3222; x_wconf 79' lang='grc' dir='ltr'>ἀπογόνους</span> <span class='ocrx_word' id='word_1_534' title='bbox 3389 3155 3496 3206; x_wconf 91' lang='grc' dir='ltr'>τῶν</span> <span class='ocrx_word' id='word_1_535' title='bbox 3525 3151 3691 3206; x_wconf 74' lang='grc' dir='ltr'>τοιούο</span> 
     </span>
    </p>
   </div>
   <div class='ocr_carea' id='block_1_75' title="bbox 2121 3245 3696 3321">
    <p class='ocr_par' dir='ltr' id='par_1_75' title="bbox 2121 3245 3696 3321">
     <span class='ocr_line' id='line_1_76' title="bbox 2121 3245 3696 3321; baseline -0.002 -19"><span class='ocrx_word' id='word_1_536' title='bbox 2121 3264 2242 3302; x_wconf 83' lang='grc' dir='ltr'>των</span> <span class='ocrx_word' id='word_1_537' title='bbox 2270 3248 2549 3318; x_wconf 89' lang='grc' dir='ltr'>κληρικῶν</span> <span class='ocrx_word' id='word_1_538' title='bbox 2594 3252 2691 3304; x_wconf 58' lang='grc' dir='ltr'>καὶ⁵</span> <span class='ocrx_word' id='word_1_539' title='bbox 2740 3248 3023 3321; x_wconf 88' lang='grc' dir='ltr'>κοσμικῶν</span> <span class='ocrx_word' id='word_1_540' title='bbox 3055 3246 3361 3318; x_wconf 89' lang='grc' dir='ltr'>ἀνθρώπων</span> <span class='ocrx_word' id='word_1_541' title='bbox 3395 3287 3412 3313; x_wconf 93' lang='grc'>,</span> <span class='ocrx_word' id='word_1_542' title='bbox 3439 3245 3576 3300; x_wconf 83' lang='grc' dir='ltr'>κατὰ</span> <span class='ocrx_word' id='word_1_543' title='bbox 3606 3263 3696 3315; x_wconf 85' lang='grc' dir='ltr'>μι-</span> 
     </span>
    </p>
   </div>
   <div class='ocr_carea' id='block_1_76' title="bbox 2121 3339 3695 3413">
    <p class='ocr_par' dir='ltr' id='par_1_76' title="bbox 2121 3339 3695 3413">
     <span class='ocr_line' id='line_1_77' title="bbox 2121 3339 3695 3413; baseline 0 -21"><span class='ocrx_word' id='word_1_544' title='bbox 2121 3340 2253 3411; x_wconf 77' lang='grc' dir='ltr'>κρὸν</span> <span class='ocrx_word' id='word_1_545' title='bbox 2301 3341 2358 3394; x_wconf 86' lang='grc' dir='ltr'>δέ</span> <span class='ocrx_word' id='word_1_546' title='bbox 2400 3342 2497 3395; x_wconf 78' lang='grc' dir='ltr'>ἐπὶ</span> <span class='ocrx_word' id='word_1_547' title='bbox 2527 3341 2786 3397; x_wconf 89' lang='grc' dir='ltr'>τοσοῦτον</span> <span class='ocrx_word' id='word_1_548' title='bbox 2828 3343 3179 3413; x_wconf 80' lang='grc' dir='ltr'>κατήντησαν</span> <span class='ocrx_word' id='word_1_549' title='bbox 3211 3343 3290 3404; x_wconf 87' lang='grc' dir='ltr'>είς</span> <span class='ocrx_word' id='word_1_550' title='bbox 3324 3342 3595 3412; x_wconf 88' lang='grc' dir='ltr'>ἐρήμωσιν</span> <span class='ocrx_word' id='word_1_551' title='bbox 3625 3339 3695 3392; x_wconf 75' lang='grc' dir='ltr'>τὰ</span> 
     </span>
    </p>
   </div>
   <div class='ocr_carea' id='block_1_77' title="bbox 2117 3429 3693 3506">
    <p class='ocr_par' dir='ltr' id='par_1_77' title="bbox 2117 3429 3693 3506">
     <span class='ocr_line' id='line_1_78' title="bbox 2117 3429 3693 3506; baseline -0.003 -20"><span class='ocrx_word' id='word_1_552' title='bbox 2117 3431 2341 3486; x_wconf 80' lang='grc' dir='ltr'>τοιαῦτα</span> <span class='ocrx_word' id='word_1_553' title='bbox 2389 3436 2733 3506; x_wconf 86' lang='grc' dir='ltr'>μοναστήρια</span> <span class='ocrx_word' id='word_1_554' title='bbox 2765 3437 2861 3489; x_wconf 75' lang='grc' dir='ltr'>καὶ</span> <span class='ocrx_word' id='word_1_555' title='bbox 2885 3436 2934 3488; x_wconf 88' lang='grc' dir='ltr'>οί</span> <span class='ocrx_word' id='word_1_556' title='bbox 2963 3433 3081 3488; x_wconf 78' lang='grc' dir='ltr'>ναοὶ</span> <span class='ocrx_word' id='word_1_557' title='bbox 3113 3432 3173 3498; x_wconf 80' lang='grc' dir='ltr'>ἐξ</span> <span class='ocrx_word' id='word_1_558' title='bbox 3203 3431 3464 3502; x_wconf 80' lang='grc' dir='ltr'>ἀμελείας</span> <span class='ocrx_word' id='word_1_559' title='bbox 3492 3429 3693 3497; x_wconf 84' lang='grc' dir='ltr'>αὐτῶν,</span> 
     </span>
    </p>
   </div>
   <div class='ocr_carea' id='block_1_78' title="bbox 2116 3524 3694 3597">
    <p class='ocr_par' dir='ltr' id='par_1_78' title="bbox 2116 3524 3694 3597">
     <span class='ocr_line' id='line_1_79' title="bbox 2116 3524 3694 3597; baseline -0.001 -19"><span class='ocrx_word' id='word_1_560' title='bbox 2116 3525 2192 3590; x_wconf 80' lang='grc' dir='ltr'>ὼς</span> <span class='ocrx_word' id='word_1_561' title='bbox 2224 3526 2360 3596; x_wconf 81' lang='grc' dir='ltr'>μηδέ</span> <span class='ocrx_word' id='word_1_562' title='bbox 2393 3528 2666 3597; x_wconf 74' lang='grc' dir='ltr'>μοναχοὺς</span> <span class='ocrx_word' id='word_1_563' title='bbox 2699 3527 2845 3597; x_wconf 79' lang='grc' dir='ltr'>ἔχειν</span> <span class='ocrx_word' id='word_1_564' title='bbox 2875 3528 3192 3597; x_wconf 76' lang='grc' dir='ltr'>οἰκήτορας,</span> <span class='ocrx_word' id='word_1_565' title='bbox 3227 3525 3321 3578; x_wconf 83' lang='grc' dir='ltr'>καὶ</span> <span class='ocrx_word' id='word_1_566' title='bbox 3351 3526 3416 3578; x_wconf 70' lang='grc' dir='ltr'>τὰ</span> <span class='ocrx_word' id='word_1_567' title='bbox 3441 3524 3694 3593; x_wconf 84' lang='grc' dir='ltr'>κτήματα</span> 
     </span>
    </p>
   </div>
   <div class='ocr_carea' id='block_1_79' title="bbox 2117 3609 3692 3691">
    <p class='ocr_par' dir='ltr' id='par_1_79' title="bbox 2117 3609 3692 3691">
     <span class='ocr_line' id='line_1_80' title="bbox 2117 3609 3692 3691; baseline -0.004 -22"><span class='ocrx_word' id='word_1_568' title='bbox 2117 3617 2175 3669; x_wconf 84' lang='grc' dir='ltr'>δέ</span> <span class='ocrx_word' id='word_1_569' title='bbox 2219 3615 2408 3691; x_wconf 77' lang='grc' dir='ltr'>αὐτῶν¹</span> <span class='ocrx_word' id='word_1_570' title='bbox 2436 3621 2508 3670; x_wconf 83' lang='grc' dir='ltr'>τὰ</span> <span class='ocrx_word' id='word_1_571' title='bbox 2541 3618 2640 3687; x_wconf 84' lang='grc' dir='ltr'>μὲν</span> <span class='ocrx_word' id='word_1_572' title='bbox 2687 3609 3067 3688; x_wconf 79' lang='grc' dir='ltr'>διεπράθησαν</span> <span class='ocrx_word' id='word_1_573' title='bbox 3109 3617 3259 3685; x_wconf 82' lang='grc' dir='ltr'>παρά</span> <span class='ocrx_word' id='word_1_574' title='bbox 3302 3615 3409 3668; x_wconf 89' lang='grc' dir='ltr'>τῶν</span> <span class='ocrx_word' id='word_1_575' title='bbox 3438 3612 3692 3667; x_wconf 88' lang='grc' dir='ltr'>τοιούτων</span> 
     </span>
    </p>
   </div>
   <div class='ocr_carea' id='block_1_80' title="bbox 2119 3705 3692 3779">
    <p class='ocr_par' dir='ltr' id='par_1_80' title="bbox 2119 3705 3692 3779">
     <span class='ocr_line' id='line_1_81' title="bbox 2119 3705 3692 3779; baseline -0.003 -17"><span class='ocrx_word' id='word_1_576' title='bbox 2119 3707 2401 3779; x_wconf 87' lang='grc' dir='ltr'>κληρικῶν</span> <span class='ocrx_word' id='word_1_577' title='bbox 2428 3709 2525 3762; x_wconf 74' lang='grc' dir='ltr'>καὶ</span> <span class='ocrx_word' id='word_1_578' title='bbox 2555 3709 2836 3778; x_wconf 85' lang='grc' dir='ltr'>κοσμικῶν</span> <span class='ocrx_word' id='word_1_579' title='bbox 2867 3707 2964 3764; x_wconf 88' lang='grc' dir='ltr'>ἀνθ</span> <span class='ocrx_word' id='word_1_580' title='bbox 2974 3708 3194 3776; x_wconf 85' lang='grc' dir='ltr'>ρώπων,</span> <span class='ocrx_word' id='word_1_581' title='bbox 3217 3705 3287 3760; x_wconf 89' lang='grc' dir='ltr'>τά</span> <span class='ocrx_word' id='word_1_582' title='bbox 3305 3705 3361 3760; x_wconf 78' lang='grc' dir='ltr'>δὲ</span> <span class='ocrx_word' id='word_1_583' title='bbox 3377 3707 3692 3773; x_wconf 84' lang='grc' dir='ltr'>κατέχουσιν</span> 
     </span>
    </p>
   </div>
   <div class='ocr_carea' id='block_1_81' title="bbox 2119 3797 3692 3870">
    <p class='ocr_par' dir='ltr' id='par_1_81' title="bbox 2119 3797 3692 3870">
     <span class='ocr_line' id='line_1_82' title="bbox 2119 3797 3692 3870; baseline -0.002 -19"><span class='ocrx_word' id='word_1_584' title='bbox 2119 3799 2198 3852; x_wconf 73' lang='grc' dir='ltr'>ἔτι</span> <span class='ocrx_word' id='word_1_585' title='bbox 2229 3801 2325 3853; x_wconf 75' lang='grc' dir='ltr'>καὶ</span> <span class='ocrx_word' id='word_1_586' title='bbox 2367 3801 2624 3870; x_wconf 84' lang='grc' dir='ltr'>νέμονται</span> <span class='ocrx_word' id='word_1_587' title='bbox 2669 3801 2849 3863; x_wconf 77' lang='grc' dir='ltr'>αὐτοὶ.</span> <span class='ocrx_word' id='word_1_588' title='bbox 2875 3802 2970 3854; x_wconf 80' lang='grc' dir='ltr'>καὶ</span> <span class='ocrx_word' id='word_1_589' title='bbox 2999 3800 3098 3862; x_wconf 88' lang='grc' dir='ltr'>τάς</span> <span class='ocrx_word' id='word_1_590' title='bbox 3138 3799 3198 3864; x_wconf 81' lang='grc' dir='ltr'>ἐξ</span> <span class='ocrx_word' id='word_1_591' title='bbox 3231 3797 3411 3854; x_wconf 82' lang='grc' dir='ltr'>αὐτῶν</span> <span class='ocrx_word' id='word_1_592' title='bbox 3458 3797 3692 3862; x_wconf 83' lang='grc' dir='ltr'>ἀποκερ-</span> 
     </span>
    </p>
   </div>
   <div class='ocr_carea' id='block_1_82' title="bbox 2116 3889 3690 3963">
    <p class='ocr_par' dir='ltr' id='par_1_82' title="bbox 2116 3889 3690 3963">
     <span class='ocr_line' id='line_1_83' title="bbox 2116 3889 3690 3963; baseline -0.004 -18"><span class='ocrx_word' id='word_1_593' title='bbox 2116 3890 2362 3945; x_wconf 87' lang='grc' dir='ltr'>δαίνουσι</span> <span class='ocrx_word' id='word_1_594' title='bbox 2395 3893 2722 3963; x_wconf 87' lang='grc' dir='ltr'>προσόδους.</span> <span class='ocrx_word' id='word_1_595' title='bbox 2759 3891 3022 3963; x_wconf 80' lang='grc' dir='ltr'>’Δνέφερε</span> <span class='ocrx_word' id='word_1_596' title='bbox 3059 3891 3156 3944; x_wconf 77' lang='grc' dir='ltr'>καὶ</span> <span class='ocrx_word' id='word_1_597' title='bbox 3190 3890 3264 3952; x_wconf 85' lang='grc' dir='ltr'>ὥς</span> <span class='ocrx_word' id='word_1_598' title='bbox 3292 3905 3433 3952; x_wconf 89' lang='grc' dir='ltr'>τινες</span> <span class='ocrx_word' id='word_1_599' title='bbox 3469 3889 3574 3940; x_wconf 87' lang='grc' dir='ltr'>τῶν</span> <span class='ocrx_word' id='word_1_600' title='bbox 3607 3903 3690 3939; x_wconf 88' lang='grc' dir='ltr'>το-</span> 
     </span>
    </p>
   </div>
   <div class='ocr_carea' id='block_1_83' title="bbox 2119 3978 3692 4054">
    <p class='ocr_par' dir='ltr' id='par_1_83' title="bbox 2119 3978 3692 4054">
     <span class='ocr_line' id='line_1_84' title="bbox 2119 3978 3692 4054; baseline -0.003 -17"><span class='ocrx_word' id='word_1_601' title='bbox 2119 3984 2551 4054; x_wconf 80' lang='grc' dir='ltr'>πικῶν-γυναιξὶ</span> <span class='ocrx_word' id='word_1_602' title='bbox 2603 3984 2748 4040; x_wconf 87' lang='grc' dir='ltr'>κατά</span> <span class='ocrx_word' id='word_1_603' title='bbox 2796 3984 2996 4054; x_wconf 89' lang='grc' dir='ltr'>νόμους</span> <span class='ocrx_word' id='word_1_604' title='bbox 3045 3982 3442 4052; x_wconf 88' lang='grc' dir='ltr'>συναπτόμενοι</span> <span class='ocrx_word' id='word_1_605' title='bbox 3474 3982 3567 4034; x_wconf 70' lang='grc' dir='ltr'>καὶ</span> <span class='ocrx_word' id='word_1_606' title='bbox 3593 3978 3692 4044; x_wconf 86' lang='grc' dir='ltr'>τῆς</span> 
     </span>
    </p>
   </div>
   <div class='ocr_carea' id='block_1_84' title="bbox 2119 4071 3688 4148">
    <p class='ocr_par' dir='ltr' id='par_1_84' title="bbox 2119 4071 3688 4148">
     <span class='ocr_line' id='line_1_85' title="bbox 2119 4071 3688 4148; baseline -0.004 -18"><span class='ocrx_word' id='word_1_607' title='bbox 2119 4076 2582 4148; x_wconf 84' lang='grc' dir='ltr'>συμφωνηθείσης</span> <span class='ocrx_word' id='word_1_608' title='bbox 2623 4077 2760 4146; x_wconf 80' lang='grc' dir='ltr'>πρὸς</span> <span class='ocrx_word' id='word_1_609' title='bbox 2793 4077 2998 4138; x_wconf 74' lang='grc' dir='ltr'>αὐτοὺς</span> <span class='ocrx_word' id='word_1_610' title='bbox 3036 4075 3266 4146; x_wconf 77' lang='grc' dir='ltr'>προικὸς</span> <span class='ocrx_word' id='word_1_611' title='bbox 3298 4071 3688 4142; x_wconf 80' lang='grc' dir='ltr'>ἀποδιδομένης</span> 
     </span>
    </p>
   </div>
   <div class='ocr_carea' id='block_1_85' title="bbox 2119 4162 3690 4238">
    <p class='ocr_par' dir='ltr' id='par_1_85' title="bbox 2119 4162 3690 4238">
     <span class='ocr_line' id='line_1_86' title="bbox 2119 4162 3690 4238; baseline -0.004 -17"><span class='ocrx_word' id='word_1_612' title='bbox 2119 4166 2400 4238; x_wconf 80' lang='grc' dir='ltr'>βιάζονται</span> <span class='ocrx_word' id='word_1_613' title='bbox 2458 4170 2553 4222; x_wconf 77' lang='grc' dir='ltr'>καὶ</span> <span class='ocrx_word' id='word_1_614' title='bbox 2611 4168 3144 4236; x_wconf 77' lang='grc' dir='ltr'>καταναγκάζουσιν,</span> <span class='ocrx_word' id='word_1_615' title='bbox 3177 4167 3264 4222; x_wconf 76' lang='grc' dir='ltr'>ἵνα</span> <span class='ocrx_word' id='word_1_616' title='bbox 3323 4166 3391 4219; x_wconf 83' lang='grc' dir='ltr'>τὰ</span> <span class='ocrx_word' id='word_1_617' title='bbox 3449 4165 3548 4234; x_wconf 78' lang='grc' dir='ltr'>μὲν</span> <span class='ocrx_word' id='word_1_618' title='bbox 3584 4162 3690 4215; x_wconf 86' lang='grc' dir='ltr'>τῶν</span> 
     </span>
    </p>
   </div>
   <div class='ocr_carea' id='block_1_86' title="bbox 2116 4251 3690 4332">
    <p class='ocr_par' dir='ltr' id='par_1_86' title="bbox 2116 4251 3690 4332">
     <span class='ocr_line' id='line_1_87' title="bbox 2116 4251 3690 4332; baseline -0.004 -20"><span class='ocrx_word' id='word_1_619' title='bbox 2116 4259 2490 4331; x_wconf 88' lang='grc' dir='ltr'>προικιμαίων</span> <span class='ocrx_word' id='word_1_620' title='bbox 2507 4261 2854 4332; x_wconf 87' lang='grc' dir='ltr'>πραγμάτων</span> <span class='ocrx_word' id='word_1_621' title='bbox 2882 4260 3134 4314; x_wconf 77' lang='grc' dir='ltr'>δίδωνται</span> <span class='ocrx_word' id='word_1_622' title='bbox 3165 4258 3304 4328; x_wconf 85' lang='grc' dir='ltr'>πρὸς</span> <span class='ocrx_word' id='word_1_623' title='bbox 3331 4251 3528 4319; x_wconf 68' lang='grc' dir='ltr'>αὐτοὺς</span> <span class='ocrx_word' id='word_1_624' title='bbox 3552 4255 3690 4309; x_wconf 88' lang='grc' dir='ltr'>κατά</span> 
     </span>
    </p>
   </div>
   <div class='ocr_carea' id='block_1_87' title="bbox 2115 4347 3688 4424">
    <p class='ocr_par' dir='ltr' id='par_1_87' title="bbox 2115 4347 3688 4424">
     <span class='ocr_line' id='line_1_88' title="bbox 2115 4347 3688 4424; baseline -0.004 -18"><span class='ocrx_word' id='word_1_625' title='bbox 2115 4354 2272 4422; x_wconf 78' lang='grc' dir='ltr'>λόγον</span> <span class='ocrx_word' id='word_1_626' title='bbox 2319 4353 2518 4420; x_wconf 80' lang='grc' dir='ltr'>ξενίου,</span> <span class='ocrx_word' id='word_1_627' title='bbox 2568 4353 2638 4407; x_wconf 90' lang='grc' dir='ltr'>τά</span> <span class='ocrx_word' id='word_1_628' title='bbox 2691 4353 2750 4407; x_wconf 72' lang='grc' dir='ltr'>δὲ</span> <span class='ocrx_word' id='word_1_629' title='bbox 2795 4351 3262 4424; x_wconf 84' lang='grc' dir='ltr'>προικοδοτῶνται</span> <span class='ocrx_word' id='word_1_630' title='bbox 3295 4351 3416 4408; x_wconf 82' lang='grc' dir='ltr'>ταῖς</span> <span class='ocrx_word' id='word_1_631' title='bbox 3454 4347 3688 4418; x_wconf 79' lang='grc' dir='ltr'>γυναιξὶ,</span> 
     </span>
    </p>
   </div>
   <div class='ocr_carea' id='block_1_88' title="bbox 2115 4440 3693 4518">
    <p class='ocr_par' dir='ltr' id='par_1_88' title="bbox 2115 4440 3693 4518">
     <span class='ocr_line' id='line_1_89' title="bbox 2115 4440 3693 4518; baseline -0.006 -18"><span class='ocrx_word' id='word_1_632' title='bbox 2115 4448 2210 4500; x_wconf 78' lang='grc' dir='ltr'>καὶ</span> <span class='ocrx_word' id='word_1_633' title='bbox 2282 4447 2331 4500; x_wconf 88' lang='grc' dir='ltr'>εί</span> <span class='ocrx_word' id='word_1_634' title='bbox 2392 4445 2576 4518; x_wconf 76' lang='grc' dir='ltr'>συμϐῇ</span> <span class='ocrx_word' id='word_1_635' title='bbox 2641 4445 3079 4516; x_wconf 69' lang='grc' dir='ltr'>προτελευτῆσαι</span> <span class='ocrx_word' id='word_1_636' title='bbox 3146 4443 3244 4514; x_wconf 78' lang='grc' dir='ltr'>τὴν</span> <span class='ocrx_word' id='word_1_637' title='bbox 3307 4443 3543 4510; x_wconf 85' lang='grc' dir='ltr'>γυναῖκα</span> <span class='ocrx_word' id='word_1_638' title='bbox 3603 4440 3693 4492; x_wconf 75' lang='grc' dir='ltr'>καὶ</span> 
     </span>
    </p>
   </div>
   <div class='ocr_carea' id='block_1_89' title="bbox 433 4524 3693 4614">
    <p class='ocr_par' dir='ltr' id='par_1_89' title="bbox 433 4524 3693 4614">
     <span class='ocr_line' id='line_1_90' title="bbox 433 4524 3693 4614; baseline -0.005 -16"><span class='ocrx_word' id='word_1_639' title='bbox 433 4540 744 4610; x_wconf 83' lang='grc' dir='ltr'>ὀφείλοντος</span> <span class='ocrx_word' id='word_1_640' title='bbox 781 4543 850 4614; x_wconf 71' lang='grc' dir='ltr'>τῇ</span> <span class='ocrx_word' id='word_1_641' title='bbox 904 4541 1132 4614; x_wconf 80' lang='grc' dir='ltr'>τοιαύτῃ</span> <span class='ocrx_word' id='word_1_642' title='bbox 1179 4524 1428 4605; x_wconf 71' lang='grc' dir='ltr'>ἐξετάσει</span> <span class='ocrx_word' id='word_1_643' title='bbox 1462 4539 1556 4592; x_wconf 77' lang='grc' dir='ltr'>καὶ</span> <span class='ocrx_word' id='word_1_644' title='bbox 1591 4537 1685 4592; x_wconf 89' lang='grc' dir='ltr'>τοῦ</span> <span class='ocrx_word' id='word_1_645' title='bbox 1713 4539 2011 4609; x_wconf 83' lang='grc' dir='ltr'>ίερωτάτου</span> <span class='ocrx_word' id='word_1_646' title='bbox 2047 4538 2491 4611; x_wconf 82' lang='grc' dir='ltr'>ι),ἀπαιτηθῆναι</span> <span class='ocrx_word' id='word_1_647' title='bbox 2535 4538 2639 4609; x_wconf 82' lang='grc' dir='ltr'>τὴν</span> <span class='ocrx_word' id='word_1_648' title='bbox 2683 4539 2911 4608; x_wconf 85' lang='grc' dir='ltr'>προῖκα,</span> <span class='ocrx_word' id='word_1_649' title='bbox 2962 4537 3391 4606; x_wconf 89' lang='grc' dir='ltr'>ἀντιστρέφηται</span> <span class='ocrx_word' id='word_1_650' title='bbox 3441 4535 3598 4605; x_wconf 89' lang='grc' dir='ltr'>μόνον</span> <span class='ocrx_word' id='word_1_651' title='bbox 3635 4532 3693 4585; x_wconf 84' lang='grc' dir='ltr'>τὸ</span> 
     </span>
    </p>
   </div>
   <div class='ocr_carea' id='block_1_90' title="bbox 434 4632 2019 4708">
    <p class='ocr_par' dir='ltr' id='par_1_90' title="bbox 434 4632 2019 4708">
     <span class='ocr_line' id='line_1_91' title="bbox 434 4632 2019 4708; baseline -0.003 -19"><span class='ocrx_word' id='word_1_652' title='bbox 434 4636 738 4708; x_wconf 78' lang='grc' dir='ltr'>ἀρχιερέως</span> <span class='ocrx_word' id='word_1_653' title='bbox 785 4635 1037 4703; x_wconf 81' lang='grc' dir='ltr'>Γοτθίας,</span> <span class='ocrx_word' id='word_1_654' title='bbox 1099 4632 1194 4688; x_wconf 78' lang='grc' dir='ltr'>καὶ</span> <span class='ocrx_word' id='word_1_655' title='bbox 1231 4633 1308 4697; x_wconf 85' lang='grc' dir='ltr'>ὡς</span> <span class='ocrx_word' id='word_1_656' title='bbox 1359 4632 1663 4703; x_wconf 73' lang='grc' dir='ltr'>εὑρεθῶσιν</span> <span class='ocrx_word' id='word_1_657' title='bbox 1709 4633 1902 4705; x_wconf 76' lang='grc' dir='ltr'>ἔχοντα</span> <span class='ocrx_word' id='word_1_658' title='bbox 1937 4634 2019 4697; x_wconf 89' lang='grc' dir='ltr'>είς</span> 
     </span>
    </p>
   </div>
   <div class='ocr_carea' id='block_1_91' title="bbox 435 4721 2016 4797">
    <p class='ocr_par' dir='ltr' id='par_1_91' title="bbox 435 4721 2016 4797">
     <span class='ocr_line' id='line_1_92' title="bbox 435 4721 2016 4797; baseline -0.002 -17"><span class='ocrx_word' id='word_1_659' title='bbox 435 4727 696 4797; x_wconf 86' lang='grc' dir='ltr'>ἀλήθειαν</span> <span class='ocrx_word' id='word_1_660' title='bbox 741 4725 809 4780; x_wconf 82' lang='grc' dir='ltr'>τά</span> <span class='ocrx_word' id='word_1_661' title='bbox 865 4726 976 4778; x_wconf 90' lang='grc' dir='ltr'>τῶν</span> <span class='ocrx_word' id='word_1_662' title='bbox 1021 4721 1281 4778; x_wconf 84' lang='grc' dir='ltr'>τοιούτων</span> <span class='ocrx_word' id='word_1_663' title='bbox 1329 4722 1667 4788; x_wconf 75' lang='grc' dir='ltr'>ὑποθέσεων,</span> <span class='ocrx_word' id='word_1_664' title='bbox 1727 4724 2016 4796; x_wconf 80' lang='grc' dir='ltr'>σημειωθῇ</span> 
     </span>
    </p>
   </div>
   <div class='ocr_carea' id='block_1_92' title="bbox 433 4816 2015 4890">
    <p class='ocr_par' dir='ltr' id='par_1_92' title="bbox 433 4816 2015 4890">
     <span class='ocr_line' id='line_1_93' title="bbox 433 4816 2015 4890; baseline -0.001 -18"><span class='ocrx_word' id='word_1_665' title='bbox 433 4820 566 4888; x_wconf 84' lang='grc' dir='ltr'>παρ’</span> <span class='ocrx_word' id='word_1_666' title='bbox 594 4819 776 4874; x_wconf 82' lang='grc' dir='ltr'>αὐτῶν</span> <span class='ocrx_word' id='word_1_667' title='bbox 806 4819 902 4875; x_wconf 72' lang='grc' dir='ltr'>καὶ</span> <span class='ocrx_word' id='word_1_668' title='bbox 938 4816 1164 4890; x_wconf 80' lang='grc' dir='ltr'>πεμφθῇ</span> <span class='ocrx_word' id='word_1_669' title='bbox 1201 4816 1261 4870; x_wconf 82' lang='grc' dir='ltr'>τὸ</span> <span class='ocrx_word' id='word_1_670' title='bbox 1292 4817 1592 4888; x_wconf 86' lang='grc' dir='ltr'>σημείωμα</span> <span class='ocrx_word' id='word_1_671' title='bbox 1625 4817 1886 4884; x_wconf 86' lang='grc' dir='ltr'>ἐνταῦθα,</span> <span class='ocrx_word' id='word_1_672' title='bbox 1918 4817 2015 4871; x_wconf 74' lang='grc' dir='ltr'>καὶ</span> 
     </span>
    </p>
   </div>
   <div class='ocr_carea' id='block_1_93' title="bbox 431 4909 2018 4981">
    <p class='ocr_par' dir='ltr' id='par_1_93' title="bbox 431 4909 2018 4981">
     <span class='ocr_line' id='line_1_94' title="bbox 431 4909 2018 4981; baseline -0.004 -12"><span class='ocrx_word' id='word_1_673' title='bbox 431 4912 623 4971; x_wconf 76' lang='grc' dir='ltr'>ἔπειτα</span> <span class='ocrx_word' id='word_1_674' title='bbox 676 4916 926 4981; x_wconf 86' lang='grc' dir='ltr'>γένηται,</span> <span class='ocrx_word' id='word_1_675' title='bbox 989 4911 1118 4964; x_wconf 82' lang='grc' dir='ltr'>ὅσον</span> <span class='ocrx_word' id='word_1_676' title='bbox 1177 4911 1432 4981; x_wconf 74' lang='grc' dir='ltr'>ἀναφανῇ</span> <span class='ocrx_word' id='word_1_677' title='bbox 1483 4911 1693 4967; x_wconf 76' lang='grc' dir='ltr'>δίκαιον</span> <span class='ocrx_word' id='word_1_678' title='bbox 1755 4910 1864 4964; x_wconf 84' lang='grc' dir='ltr'>ἀπὸ</span> <span class='ocrx_word' id='word_1_679' title='bbox 1917 4909 2018 4978; x_wconf 79' lang='grc' dir='ltr'>τῆς</span> 
     </span>
    </p>
   </div>
   <div class='ocr_carea' id='block_1_94' title="bbox 429 5003 2015 5078">
    <p class='ocr_par' dir='ltr' id='par_1_94' title="bbox 429 5003 2015 5078">
     <span class='ocr_line' id='line_1_95' title="bbox 429 5003 2015 5078; baseline -0.002 -18"><span class='ocrx_word' id='word_1_680' title='bbox 429 5007 718 5078; x_wconf 85' lang='grc' dir='ltr'>συνοδικῆς</span> <span class='ocrx_word' id='word_1_681' title='bbox 773 5003 1144 5073; x_wconf 83' lang='grc' dir='ltr'>διαγνώσεως.</span> <span class='ocrx_word' id='word_1_682' title='bbox 1209 5003 1599 5072; x_wconf 80' lang='grc' dir='ltr'>Ἀνατιθέαμεν</span> <span class='ocrx_word' id='word_1_683' title='bbox 1652 5004 1708 5056; x_wconf 86' lang='grc' dir='ltr'>δέ</span> <span class='ocrx_word' id='word_1_684' title='bbox 1754 5005 1822 5056; x_wconf 84' lang='grc' dir='ltr'>τὰ</span> <span class='ocrx_word' id='word_1_685' title='bbox 1883 5005 2015 5074; x_wconf 80' lang='grc' dir='ltr'>περὶ</span> 
     </span>
    </p>
   </div>
   <div class='ocr_carea' id='block_1_95' title="bbox 428 5094 2012 5167">
    <p class='ocr_par' dir='ltr' id='par_1_95' title="bbox 428 5094 2012 5167">
     <span class='ocr_line' id='line_1_96' title="bbox 428 5094 2012 5167; baseline -0.004 -14"><span class='ocrx_word' id='word_1_686' title='bbox 428 5099 622 5154; x_wconf 89' lang='grc' dir='ltr'>τούτου</span> <span class='ocrx_word' id='word_1_687' title='bbox 652 5101 768 5163; x_wconf 84' lang='grc' dir='ltr'>τοῖς</span> <span class='ocrx_word' id='word_1_688' title='bbox 797 5097 1114 5167; x_wconf 76' lang='grc' dir='ltr'>ἱερωτάτοις</span> <span class='ocrx_word' id='word_1_689' title='bbox 1161 5095 1482 5167; x_wconf 82' lang='grc' dir='ltr'>ἀρχιερεῦσι</span> <span class='ocrx_word' id='word_1_690' title='bbox 1529 5095 1626 5148; x_wconf 80' lang='grc' dir='ltr'>καὶ</span> <span class='ocrx_word' id='word_1_691' title='bbox 1662 5094 2012 5164; x_wconf 85' lang='grc' dir='ltr'>ὑπερτίμοις,</span> 
     </span>
    </p>
   </div>
   <div class='ocr_carea' id='block_1_96' title="bbox 426 5185 2010 5264">
    <p class='ocr_par' dir='ltr' id='par_1_96' title="bbox 426 5185 2010 5264">
     <span class='ocr_line' id='line_1_97' title="bbox 426 5185 2010 5264; baseline -0.003 -19"><span class='ocrx_word' id='word_1_692' title='bbox 426 5193 505 5264; x_wconf 82' lang='grc' dir='ltr'>τῷ</span> <span class='ocrx_word' id='word_1_693' title='bbox 533 5193 808 5255; x_wconf 77' lang='grc' dir='ltr'>Ἀλανίας,</span> <span class='ocrx_word' id='word_1_694' title='bbox 839 5189 916 5259; x_wconf 82' lang='grc' dir='ltr'>τῷ</span> <span class='ocrx_word' id='word_1_695' title='bbox 962 5189 1214 5258; x_wconf 77' lang='grc' dir='ltr'>Βιτζίνης</span> <span class='ocrx_word' id='word_1_696' title='bbox 1257 5187 1352 5241; x_wconf 81' lang='grc' dir='ltr'>καὶ</span> <span class='ocrx_word' id='word_1_697' title='bbox 1378 5187 1454 5257; x_wconf 84' lang='grc' dir='ltr'>τῷ</span> <span class='ocrx_word' id='word_1_698' title='bbox 1487 5185 1730 5256; x_wconf 85' lang='grc' dir='ltr'>Ζηκχίας</span> <span class='ocrx_word' id='word_1_699' title='bbox 1763 5187 1860 5239; x_wconf 82' lang='grc' dir='ltr'>καὶ</span> <span class='ocrx_word' id='word_1_700' title='bbox 1890 5186 2010 5241; x_wconf 85' lang='grc' dir='ltr'>Μα-</span> 
     </span>
    </p>
   </div>
   <div class='ocr_carea' id='block_1_97' title="bbox 426 5277 2013 5355">
    <p class='ocr_par' dir='ltr' id='par_1_97' title="bbox 426 5277 2013 5355">
     <span class='ocr_line' id='line_1_98' title="bbox 426 5277 2013 5355; baseline -0.003 -19"><span class='ocrx_word' id='word_1_701' title='bbox 426 5287 668 5355; x_wconf 90' lang='grc' dir='ltr'>τράχων,</span> <span class='ocrx_word' id='word_1_702' title='bbox 731 5285 782 5336; x_wconf 79' lang='grc' dir='ltr'>οἳ</span> <span class='ocrx_word' id='word_1_703' title='bbox 842 5281 908 5350; x_wconf 75' lang='grc' dir='ltr'>δὴ</span> <span class='ocrx_word' id='word_1_704' title='bbox 944 5282 1038 5334; x_wconf 73' lang='grc' dir='ltr'>καὶ</span> <span class='ocrx_word' id='word_1_705' title='bbox 1090 5279 1397 5347; x_wconf 69' lang='grc' dir='ltr'>ὀφείλουσιν</span> <span class='ocrx_word' id='word_1_706' title='bbox 1445 5277 1750 5348; x_wconf 72' lang='grc' dir='ltr'>ἐνδημῆσαι</span> <span class='ocrx_word' id='word_1_707' title='bbox 1799 5280 1878 5341; x_wconf 86' lang='grc' dir='ltr'>είς</span> <span class='ocrx_word' id='word_1_708' title='bbox 1919 5278 2013 5332; x_wconf 86' lang='grc' dir='ltr'>τὸν</span> 
     </span>
    </p>
   </div>
   <div class='ocr_carea' id='block_1_98' title="bbox 429 5367 2012 5440">
    <p class='ocr_par' dir='ltr' id='par_1_98' title="bbox 429 5367 2012 5440">
     <span class='ocr_line' id='line_1_99' title="bbox 429 5367 2012 5440; baseline -0.005 -13"><span class='ocrx_word' id='word_1_709' title='bbox 429 5367 612 5430; x_wconf 80' lang='grc' dir='ltr'>ἐκεῖσε</span> <span class='ocrx_word' id='word_1_710' title='bbox 655 5375 822 5427; x_wconf 90' lang='grc' dir='ltr'>τόπον</span> <span class='ocrx_word' id='word_1_711' title='bbox 877 5370 972 5425; x_wconf 75' lang='grc' dir='ltr'>καὶ</span> <span class='ocrx_word' id='word_1_712' title='bbox 1022 5367 1423 5440; x_wconf 85' lang='grc' dir='ltr'>ἀποπληρῶσαι</span> <span class='ocrx_word' id='word_1_713' title='bbox 1475 5368 1546 5421; x_wconf 79' lang='grc' dir='ltr'>τά</span> <span class='ocrx_word' id='word_1_714' title='bbox 1578 5369 1678 5438; x_wconf 82' lang='grc' dir='ltr'>τῆς</span> <span class='ocrx_word' id='word_1_715' title='bbox 1727 5368 2012 5437; x_wconf 82' lang='grc' dir='ltr'>συνοδικῆς</span> 
     </span>
    </p>
   </div>
   <div class='ocr_carea' id='block_1_99' title="bbox 429 5459 2011 5538">
    <p class='ocr_par' dir='ltr' id='par_1_99' title="bbox 429 5459 2011 5538">
     <span class='ocr_line' id='line_1_100' title="bbox 429 5459 2011 5538; baseline -0.005 -18"><span class='ocrx_word' id='word_1_716' title='bbox 429 5469 635 5538; x_wconf 86' lang='grc' dir='ltr'>ταύτης</span> <span class='ocrx_word' id='word_1_717' title='bbox 659 5467 752 5519; x_wconf 74' lang='grc' dir='ltr'>καὶ</span> <span class='ocrx_word' id='word_1_718' title='bbox 779 5464 1062 5534; x_wconf 73' lang='grc' dir='ltr'>ἡμετέρας</span> <span class='ocrx_word' id='word_1_719' title='bbox 1087 5459 1453 5530; x_wconf 84' lang='grc' dir='ltr'>διαγνώσεως.</span> <span class='ocrx_word' id='word_1_720' title='bbox 1477 5459 1632 5514; x_wconf 76' lang='grc' dir='ltr'>Ἐπεὶ</span> <span class='ocrx_word' id='word_1_721' title='bbox 1663 5461 1717 5514; x_wconf 87' lang='grc' dir='ltr'>δέ</span> <span class='ocrx_word' id='word_1_722' title='bbox 1743 5461 2011 5530; x_wconf 84' lang='grc' dir='ltr'>ἀνέφερεν</span> 
     </span>
    </p>
   </div>
   <div class='ocr_carea' id='block_1_100' title="bbox 429 5552 2011 5628">
    <p class='ocr_par' dir='ltr' id='par_1_100' title="bbox 429 5552 2011 5628">
     <span class='ocr_line' id='line_1_101' title="bbox 429 5552 2011 5628; baseline -0.004 -18"><span class='ocrx_word' id='word_1_723' title='bbox 429 5561 458 5610; x_wconf 89' lang='grc' dir='ltr'>ὁ</span> <span class='ocrx_word' id='word_1_724' title='bbox 484 5560 648 5622; x_wconf 80' lang='grc' dir='ltr'>αὐτὸς</span> <span class='ocrx_word' id='word_1_725' title='bbox 677 5556 970 5626; x_wconf 83' lang='grc' dir='ltr'>ἱερώτατος</span> <span class='ocrx_word' id='word_1_726' title='bbox 997 5554 1290 5628; x_wconf 80' lang='grc' dir='ltr'>ἀρχιερεὺς</span> <span class='ocrx_word' id='word_1_727' title='bbox 1321 5552 1644 5623; x_wconf 79' lang='grc' dir='ltr'>Σουγδαίας,</span> <span class='ocrx_word' id='word_1_728' title='bbox 1671 5553 1746 5616; x_wconf 86' lang='grc' dir='ltr'>ὡς</span> <span class='ocrx_word' id='word_1_729' title='bbox 1776 5552 2011 5624; x_wconf 78' lang='grc' dir='ltr'>προϐαί-</span> 
     </span>
    </p>
   </div>
   <div class='ocr_carea' id='block_1_101' title="bbox 431 5636 2010 5724">
    <p class='ocr_par' dir='ltr' id='par_1_101' title="bbox 431 5636 2010 5724">
     <span class='ocr_line' id='line_1_102' title="bbox 431 5636 2010 5724; baseline -0.002 -23"><span class='ocrx_word' id='word_1_730' title='bbox 431 5667 618 5704; x_wconf 88' lang='grc' dir='ltr'>νουσιν</span> <span class='ocrx_word' id='word_1_731' title='bbox 639 5651 722 5714; x_wconf 85' lang='grc' dir='ltr'>είς</span> <span class='ocrx_word' id='word_1_732' title='bbox 751 5636 852 5724; x_wconf 81' lang='grc' dir='ltr'>τὴν</span> <span class='ocrx_word' id='word_1_733' title='bbox 877 5650 1095 5723; x_wconf 83' lang='grc' dir='ltr'>ἐνορίαν</span> <span class='ocrx_word' id='word_1_734' title='bbox 1124 5648 1291 5703; x_wconf 82' lang='grc' dir='ltr'>αὐτοῦ</span> <span class='ocrx_word' id='word_1_735' title='bbox 1315 5647 1627 5702; x_wconf 86' lang='grc' dir='ltr'>συνοικέσια</span> <span class='ocrx_word' id='word_1_736' title='bbox 1651 5646 2010 5715; x_wconf 89' lang='grc' dir='ltr'>κεκωλυμένα</span> 
     </span>
    </p>
   </div>
   <div class='ocr_carea' id='block_1_102' title="bbox 429 5736 2028 5813">
    <p class='ocr_par' dir='ltr' id='par_1_102' title="bbox 429 5736 2028 5813">
     <span class='ocr_line' id='line_1_103' title="bbox 429 5736 2028 5813; baseline -0.002 -21"><span class='ocrx_word' id='word_1_737' title='bbox 429 5745 585 5810; x_wconf 86' lang='grc' dir='ltr'>παρά</span> <span class='ocrx_word' id='word_1_738' title='bbox 616 5743 723 5798; x_wconf 89' lang='grc' dir='ltr'>τῶν</span> <span class='ocrx_word' id='word_1_739' title='bbox 756 5743 914 5798; x_wconf 91' lang='grc' dir='ltr'>θείων</span> <span class='ocrx_word' id='word_1_740' title='bbox 959 5743 1056 5797; x_wconf 73' lang='grc' dir='ltr'>καὶ</span> <span class='ocrx_word' id='word_1_741' title='bbox 1098 5739 1438 5813; x_wconf 83' lang='grc' dir='ltr'>φιλευσεϐῶν</span> <span class='ocrx_word' id='word_1_742' title='bbox 1485 5738 1686 5807; x_wconf 82' lang='grc' dir='ltr'>νόμων,</span> <span class='ocrx_word' id='word_1_743' title='bbox 1719 5737 1787 5789; x_wconf 82' lang='grc' dir='ltr'>τὰ</span> <span class='ocrx_word' id='word_1_744' title='bbox 1819 5736 1918 5805; x_wconf 79' lang='grc' dir='ltr'>μὲν</span> <span class='ocrx_word' id='word_1_745' title='bbox 1950 5737 2028 5812; x_wconf 81' lang='grc' dir='ltr'>ἐξ</span> 
     </span>
    </p>
   </div>
   <div class='ocr_carea' id='block_1_103' title="bbox 431 5828 2009 5909">
    <p class='ocr_par' dir='ltr' id='par_1_103' title="bbox 431 5828 2009 5909">
     <span class='ocr_line' id='line_1_104' title="bbox 431 5828 2009 5909; baseline -0.001 -23"><span class='ocrx_word' id='word_1_746' title='bbox 431 5832 686 5904; x_wconf 74' lang='grc' dir='ltr'>αἵματος,</span> <span class='ocrx_word' id='word_1_747' title='bbox 727 5841 792 5896; x_wconf 80' lang='grc' dir='ltr'>τὰ</span> <span class='ocrx_word' id='word_1_748' title='bbox 823 5839 878 5895; x_wconf 84' lang='grc' dir='ltr'>δέ</span> <span class='ocrx_word' id='word_1_749' title='bbox 912 5837 970 5906; x_wconf 85' lang='grc' dir='ltr'>ἐξ</span> <span class='ocrx_word' id='word_1_750' title='bbox 999 5836 1341 5909; x_wconf 83' lang='grc' dir='ltr'>ἀγχιστείας,</span> <span class='ocrx_word' id='word_1_751' title='bbox 1377 5831 1454 5904; x_wconf 81' lang='grc' dir='ltr'>μὴ</span> <span class='ocrx_word' id='word_1_752' title='bbox 1514 5828 1856 5901; x_wconf 83' lang='grc' dir='ltr'>πειθομένων</span> <span class='ocrx_word' id='word_1_753' title='bbox 1900 5829 2009 5884; x_wconf 84' lang='grc' dir='ltr'>τῶν</span> 
     </span>
    </p>
   </div>
   <div class='ocr_carea' id='block_1_104' title="bbox 2122 4626 3690 4701">
    <p class='ocr_par' dir='ltr' id='par_1_104' title="bbox 2122 4626 3690 4701">
     <span class='ocr_line' id='line_1_105' title="bbox 2122 4626 3690 4701; baseline -0.005 -17"><span class='ocrx_word' id='word_1_754' title='bbox 2122 4629 2475 4701; x_wconf 83' lang='grc' dir='ltr'>καταγραφέν</span> <span class='ocrx_word' id='word_1_755' title='bbox 2516 4630 2659 4698; x_wconf 79' lang='grc' dir='ltr'>ὑπὲρ</span> <span class='ocrx_word' id='word_1_756' title='bbox 2694 4628 2946 4699; x_wconf 75' lang='grc' dir='ltr'>προικὸς,</span> <span class='ocrx_word' id='word_1_757' title='bbox 2976 4628 3039 4681; x_wconf 78' lang='grc' dir='ltr'>τὸ</span> <span class='ocrx_word' id='word_1_758' title='bbox 3081 4628 3140 4681; x_wconf 86' lang='grc' dir='ltr'>δέ</span> <span class='ocrx_word' id='word_1_759' title='bbox 3181 4628 3436 4680; x_wconf 85' lang='grc' dir='ltr'>ἐπέκεινα</span> <span class='ocrx_word' id='word_1_760' title='bbox 3465 4626 3690 4695; x_wconf 84' lang='grc' dir='ltr'>πρᾶγμα</span> 
     </span>
    </p>
   </div>
   <div class='ocr_carea' id='block_1_105' title="bbox 2121 4713 3689 4791">
    <p class='ocr_par' dir='ltr' id='par_1_105' title="bbox 2121 4713 3689 4791">
     <span class='ocr_line' id='line_1_106' title="bbox 2121 4713 3689 4791; baseline -0.004 -19"><span class='ocrx_word' id='word_1_761' title='bbox 2121 4721 2435 4791; x_wconf 81' lang='grc' dir='ltr'>ἐναπομένῃ</span> <span class='ocrx_word' id='word_1_762' title='bbox 2487 4721 2675 4784; x_wconf 80' lang='grc' dir='ltr'>αὐτοῖς</span> <span class='ocrx_word' id='word_1_763' title='bbox 2703 4718 3076 4789; x_wconf 78' lang='grc' dir='ltr'>ἀναπαίτητον</span> <span class='ocrx_word' id='word_1_764' title='bbox 3107 4717 3182 4778; x_wconf 84' lang='grc' dir='ltr'>ὡς</span> <span class='ocrx_word' id='word_1_765' title='bbox 3213 4715 3389 4783; x_wconf 78' lang='grc' dir='ltr'>ξενίου</span> <span class='ocrx_word' id='word_1_766' title='bbox 3433 4714 3575 4785; x_wconf 74' lang='grc' dir='ltr'>λόγῳ</span> <span class='ocrx_word' id='word_1_767' title='bbox 3606 4713 3689 4766; x_wconf 77' lang='lat'><strong>50-</strong></span> 
     </span>
    </p>
   </div>
   <div class='ocr_carea' id='block_1_106' title="bbox 2121 4806 3684 4885">
    <p class='ocr_par' dir='ltr' id='par_1_106' title="bbox 2121 4806 3684 4885">
     <span class='ocr_line' id='line_1_107' title="bbox 2121 4806 3684 4885; baseline -0.005 -18"><span class='ocrx_word' id='word_1_768' title='bbox 2121 4814 2216 4867; x_wconf 76' lang='grc' dir='ltr'>θέν</span> <span class='ocrx_word' id='word_1_769' title='bbox 2250 4814 2386 4885; x_wconf 76' lang='grc' dir='ltr'>πρὸς</span> <span class='ocrx_word' id='word_1_770' title='bbox 2437 4813 2656 4877; x_wconf 78' lang='grc' dir='ltr'>αὐτοὺς,</span> <span class='ocrx_word' id='word_1_771' title='bbox 2685 4812 2828 4866; x_wconf 82' lang='grc' dir='ltr'>ὥστε</span> <span class='ocrx_word' id='word_1_772' title='bbox 2863 4811 2955 4865; x_wconf 76' lang='grc' dir='ltr'>καὶ</span> <span class='ocrx_word' id='word_1_773' title='bbox 2991 4809 3367 4880; x_wconf 83' lang='grc' dir='ltr'>ἐπεκράτησεν</span> <span class='ocrx_word' id='word_1_774' title='bbox 3406 4809 3439 4878; x_wconf 85' lang='grc' dir='ltr'>ή</span> <span class='ocrx_word' id='word_1_775' title='bbox 3470 4806 3684 4874; x_wconf 88' lang='grc' dir='ltr'>τοιαύτη</span> 
     </span>
    </p>
   </div>
   <div class='ocr_carea' id='block_1_107' title="bbox 2121 4895 3690 4980">
    <p class='ocr_par' dir='ltr' id='par_1_107' title="bbox 2121 4895 3690 4980">
     <span class='ocr_line' id='line_1_108' title="bbox 2121 4895 3690 4980; baseline -0.007 -22"><span class='ocrx_word' id='word_1_776' title='bbox 2121 4905 2404 4975; x_wconf 81' lang='grc' dir='ltr'>συνήθεια,</span> <span class='ocrx_word' id='word_1_777' title='bbox 2437 4905 2536 4959; x_wconf 80' lang='grc' dir='ltr'>καὶ</span> <span class='ocrx_word' id='word_1_778' title='bbox 2570 4906 2875 4972; x_wconf 85' lang='grc' dir='ltr'>ἐνεργεῖται</span> <span class='ocrx_word' id='word_1_779' title='bbox 2919 4899 3271 4980; x_wconf 65' lang='grc' dir='ltr'>παραλόγως,</span> <span class='ocrx_word' id='word_1_780' title='bbox 3332 4899 3406 4969; x_wconf 81' lang='grc' dir='ltr'>μὴ</span> <span class='ocrx_word' id='word_1_781' title='bbox 3441 4895 3690 4965; x_wconf 85' lang='grc' dir='ltr'>βουλομέ-</span> 
     </span>
    </p>
   </div>
   <div class='ocr_carea' id='block_1_108' title="bbox 2119 4985 3689 5062">
    <p class='ocr_par' dir='ltr' id='par_1_108' title="bbox 2119 4985 3689 5062">
     <span class='ocr_line' id='line_1_109' title="bbox 2119 4985 3689 5062; baseline -0.01 -10"><span class='ocrx_word' id='word_1_782' title='bbox 2119 5015 2228 5052; x_wconf 90' lang='grc' dir='ltr'>νων</span> <span class='ocrx_word' id='word_1_783' title='bbox 2281 4998 2458 5060; x_wconf 84' lang='grc' dir='ltr'>άλλως</span> <span class='ocrx_word' id='word_1_784' title='bbox 2508 4995 2882 5050; x_wconf 85' lang='grc' dir='ltr'>συνάπτεσθαι</span> <span class='ocrx_word' id='word_1_785' title='bbox 2912 4995 2994 5052; x_wconf 81' lang='grc' dir='ltr'>εἰς</span> <span class='ocrx_word' id='word_1_786' title='bbox 3022 4993 3203 5062; x_wconf 86' lang='grc' dir='ltr'>γάμον</span> <span class='ocrx_word' id='word_1_787' title='bbox 3228 4992 3336 5044; x_wconf 88' lang='grc' dir='ltr'>τῶν</span> <span class='ocrx_word' id='word_1_788' title='bbox 3369 4990 3506 5059; x_wconf 66' lang='grc' dir='ltr'>πρὸς</span> <span class='ocrx_word' id='word_1_789' title='bbox 3537 4985 3689 5040; x_wconf 88' lang='grc' dir='ltr'>τοῦτο</span> 
     </span>
    </p>
   </div>
   <div class='ocr_carea' id='block_1_109' title="bbox 2119 5081 3686 5162">
    <p class='ocr_par' dir='ltr' id='par_1_109' title="bbox 2119 5081 3686 5162">
     <span class='ocr_line' id='line_1_110' title="bbox 2119 5081 3686 5162; baseline -0.007 -19"><span class='ocrx_word' id='word_1_790' title='bbox 2119 5089 2432 5162; x_wconf 78' lang='grc' dir='ltr'>ἐρχομένων</span> <span class='ocrx_word' id='word_1_791' title='bbox 2455 5089 2687 5160; x_wconf 86' lang='grc' dir='ltr'>ἀνδρῶν,</span> <span class='ocrx_word' id='word_1_792' title='bbox 2715 5086 3011 5144; x_wconf 88' lang='grc' dir='ltr'>κάντεῦθεν</span> <span class='ocrx_word' id='word_1_793' title='bbox 3033 5084 3472 5153; x_wconf 77' lang='grc' dir='ltr'>ἀναγκαζόμενοι</span> <span class='ocrx_word' id='word_1_794' title='bbox 3509 5083 3556 5134; x_wconf 84' lang='grc' dir='ltr'>οί</span> <span class='ocrx_word' id='word_1_795' title='bbox 3588 5081 3686 5140; x_wconf 89' lang='grc' dir='ltr'>τάς</span> 
     </span>
    </p>
   </div>
   <div class='ocr_carea' id='block_1_110' title="bbox 2119 5167 3730 5250">
    <p class='ocr_par' dir='ltr' id='par_1_110' title="bbox 2119 5167 3730 5250">
     <span class='ocr_line' id='line_1_111' title="bbox 2119 5167 3730 5250; baseline -0.006 -16"><span class='ocrx_word' id='word_1_796' title='bbox 2119 5179 2341 5250; x_wconf 91' lang='grc' dir='ltr'>θηλείας</span> <span class='ocrx_word' id='word_1_797' title='bbox 2370 5178 2586 5249; x_wconf 78' lang='grc' dir='ltr'>ἔχοντες</span> <span class='ocrx_word' id='word_1_798' title='bbox 2632 5176 2830 5239; x_wconf 88' lang='grc' dir='ltr'>παῖδας</span> <span class='ocrx_word' id='word_1_799' title='bbox 2862 5175 2959 5228; x_wconf 81' lang='grc' dir='ltr'>καὶ</span> <span class='ocrx_word' id='word_1_800' title='bbox 2987 5173 3064 5245; x_wconf 79' lang='grc' dir='ltr'>μὴ</span> <span class='ocrx_word' id='word_1_801' title='bbox 3100 5174 3313 5244; x_wconf 73' lang='grc' dir='ltr'>ἔχοντες</span> <span class='ocrx_word' id='word_1_802' title='bbox 3348 5169 3523 5234; x_wconf 80' lang='grc' dir='ltr'>ἄλλως</span> <span class='ocrx_word' id='word_1_803' title='bbox 3556 5167 3687 5236; x_wconf 73' lang='grc' dir='ltr'>πρὸς</span> <span class='ocrx_word' id='word_1_804' title='bbox 3721 5178 3730 5185; x_wconf 88' lang='grc'><em>’</em></span> 
     </span>
    </p>
   </div>
   <div class='ocr_carea' id='block_1_111' title="bbox 2116 5259 3688 5344">
    <p class='ocr_par' dir='ltr' id='par_1_111' title="bbox 2116 5259 3688 5344">
     <span class='ocr_line' id='line_1_112' title="bbox 2116 5259 3688 5344; baseline -0.01 -16"><span class='ocrx_word' id='word_1_805' title='bbox 2116 5273 2297 5344; x_wconf 83' lang='grc' dir='ltr'>γάμον</span> <span class='ocrx_word' id='word_1_806' title='bbox 2325 5272 2620 5327; x_wconf 84' lang='grc' dir='ltr'>συνάπτειν</span> <span class='ocrx_word' id='word_1_807' title='bbox 2641 5269 2836 5335; x_wconf 83' lang='grc' dir='ltr'>αὐτὰς,</span> <span class='ocrx_word' id='word_1_808' title='bbox 2854 5266 3180 5338; x_wconf 78' lang='grc' dir='ltr'>ζημιοῦνται</span> <span class='ocrx_word' id='word_1_809' title='bbox 3209 5264 3275 5317; x_wconf 87' lang='grc' dir='ltr'>τὰ</span> <span class='ocrx_word' id='word_1_810' title='bbox 3304 5262 3513 5333; x_wconf 84' lang='grc' dir='ltr'>μεγάλα</span> <span class='ocrx_word' id='word_1_811' title='bbox 3539 5259 3688 5328; x_wconf 85' lang='grc' dir='ltr'>παρά</span> 
     </span>
    </p>
   </div>
   <div class='ocr_carea' id='block_1_112' title="bbox 2115 5350 3688 5436">
    <p class='ocr_par' dir='ltr' id='par_1_112' title="bbox 2115 5350 3688 5436">
     <span class='ocr_line' id='line_1_113' title="bbox 2115 5350 3688 5436; baseline -0.008 -19"><span class='ocrx_word' id='word_1_812' title='bbox 2115 5364 2334 5436; x_wconf 78' lang='grc' dir='ltr'>τὴντῶν</span> <span class='ocrx_word' id='word_1_813' title='bbox 2352 5363 2532 5430; x_wconf 88' lang='grc' dir='ltr'>νόμων</span> <span class='ocrx_word' id='word_1_814' title='bbox 2549 5360 2836 5429; x_wconf 79' lang='grc' dir='ltr'>διαταγὴν,</span> <span class='ocrx_word' id='word_1_815' title='bbox 2855 5358 3207 5428; x_wconf 87' lang='grc' dir='ltr'>στερούμενοι</span> <span class='ocrx_word' id='word_1_816' title='bbox 3223 5355 3333 5408; x_wconf 88' lang='grc' dir='ltr'>τῶν</span> <span class='ocrx_word' id='word_1_817' title='bbox 3345 5353 3576 5417; x_wconf 81' lang='grc' dir='ltr'>οἰκείων,</span> <span class='ocrx_word' id='word_1_818' title='bbox 3591 5350 3688 5405; x_wconf 80' lang='grc' dir='ltr'>καὶ</span> 
     </span>
    </p>
   </div>
   <div class='ocr_carea' id='block_1_113' title="bbox 2116 5441 3683 5525">
    <p class='ocr_par' dir='ltr' id='par_1_113' title="bbox 2116 5441 3683 5525">
     <span class='ocr_line' id='line_1_114' title="bbox 2116 5441 3683 5525; baseline -0.008 -19"><span class='ocrx_word' id='word_1_819' title='bbox 2116 5453 2383 5525; x_wconf 75' lang='grc' dir='ltr'>ἐζήτησεν</span> <span class='ocrx_word' id='word_1_820' title='bbox 2436 5451 2531 5504; x_wconf 75' lang='grc' dir='ltr'>ἐπὶ</span> <span class='ocrx_word' id='word_1_821' title='bbox 2559 5449 2772 5513; x_wconf 91' lang='grc' dir='ltr'>τούτοις</span> <span class='ocrx_word' id='word_1_822' title='bbox 2792 5447 3295 5516; x_wconf 29' lang='grc' dir='ltr'>συνοδικῆςετυχεῖν</span> <span class='ocrx_word' id='word_1_823' title='bbox 3324 5441 3683 5511; x_wconf 86' lang='grc' dir='ltr'>διαγνώσεως.</span> 
     </span>
    </p>
   </div>
   <div class='ocr_carea' id='block_1_114' title="bbox 2119 5537 3686 5614">
    <p class='ocr_par' dir='ltr' id='par_1_114' title="bbox 2119 5537 3686 5614">
     <span class='ocr_line' id='line_1_115' title="bbox 2119 5537 3686 5614; baseline -0.007 -15"><span class='ocrx_word' id='word_1_824' title='bbox 2119 5547 2378 5614; x_wconf 85' lang='grc' dir='ltr'>Ἔκρινεν</span> <span class='ocrx_word' id='word_1_825' title='bbox 2410 5539 2505 5597; x_wconf 88' lang='grc' dir='ltr'>οῦν</span> <span class='ocrx_word' id='word_1_826' title='bbox 2538 5544 2573 5613; x_wconf 86' lang='grc' dir='ltr'>ή</span> <span class='ocrx_word' id='word_1_827' title='bbox 2606 5542 2900 5613; x_wconf 87' lang='grc' dir='ltr'>μετριότης</span> <span class='ocrx_word' id='word_1_828' title='bbox 2941 5541 3100 5612; x_wconf 79' lang='grc' dir='ltr'>ἡμῶν</span> <span class='ocrx_word' id='word_1_829' title='bbox 3134 5540 3270 5610; x_wconf 89' lang='grc' dir='ltr'>μετά</span> <span class='ocrx_word' id='word_1_830' title='bbox 3307 5539 3414 5591; x_wconf 89' lang='grc' dir='ltr'>τῶν</span> <span class='ocrx_word' id='word_1_831' title='bbox 3442 5538 3569 5607; x_wconf 76' lang='grc' dir='ltr'>περὶ</span> <span class='ocrx_word' id='word_1_832' title='bbox 3590 5537 3686 5588; x_wconf 83' lang='grc' dir='ltr'>αύ-</span> 
     </span>
    </p>
   </div>
   <div class='ocr_carea' id='block_1_115' title="bbox 2114 5628 3684 5710">
    <p class='ocr_par' dir='ltr' id='par_1_115' title="bbox 2114 5628 3684 5710">
     <span class='ocr_line' id='line_1_116' title="bbox 2114 5628 3684 5710; baseline -0.006 -20"><span class='ocrx_word' id='word_1_833' title='bbox 2114 5640 2214 5710; x_wconf 72' lang='grc' dir='ltr'>τὴν</span> <span class='ocrx_word' id='word_1_834' title='bbox 2245 5637 2559 5709; x_wconf 79' lang='grc' dir='ltr'>ίερωτάτων</span> <span class='ocrx_word' id='word_1_835' title='bbox 2591 5635 2917 5706; x_wconf 85' lang='grc' dir='ltr'>ἀρχιερέων,</span> <span class='ocrx_word' id='word_1_836' title='bbox 2946 5633 3040 5687; x_wconf 77' lang='grc' dir='ltr'>τοῦ</span> <span class='ocrx_word' id='word_1_837' title='bbox 3082 5630 3430 5705; x_wconf 83' lang='grc' dir='ltr'>Ἡρακλείας,</span> <span class='ocrx_word' id='word_1_838' title='bbox 3463 5629 3556 5682; x_wconf 90' lang='grc' dir='ltr'>τοῦ</span> <span class='ocrx_word' id='word_1_839' title='bbox 3585 5628 3684 5681; x_wconf 76' lang='grc' dir='ltr'>Νι-</span> 
     </span>
    </p>
   </div>
   <div class='ocr_carea' id='block_1_116' title="bbox 2114 5721 3679 5798">
    <p class='ocr_par' dir='ltr' id='par_1_116' title="bbox 2114 5721 3679 5798">
     <span class='ocr_line' id='line_1_117' title="bbox 2114 5721 3679 5798; baseline -0.008 -13"><span class='ocrx_word' id='word_1_840' title='bbox 2114 5731 2299 5793; x_wconf 89' lang='grc' dir='ltr'>καίας.</span> <span class='ocrx_word' id='word_1_841' title='bbox 2337 5727 2431 5782; x_wconf 89' lang='grc' dir='ltr'>τοῦ</span> <span class='ocrx_word' id='word_1_842' title='bbox 2463 5729 2879 5796; x_wconf 82' lang='grc' dir='ltr'>Φιλαδελφείας,</span> <span class='ocrx_word' id='word_1_843' title='bbox 2912 5727 3008 5780; x_wconf 84' lang='grc' dir='ltr'>τοῦ</span> <span class='ocrx_word' id='word_1_844' title='bbox 3036 5725 3306 5798; x_wconf 79' lang='grc' dir='ltr'>[Ιρούσης.</span> <span class='ocrx_word' id='word_1_845' title='bbox 3338 5721 3432 5776; x_wconf 88' lang='grc' dir='ltr'>τοῦ</span> <span class='ocrx_word' id='word_1_846' title='bbox 3467 5721 3679 5789; x_wconf 84' lang='grc' dir='ltr'>Πηγῶν,</span> 
     </span>
    </p>
   </div>
   <div class='ocr_carea' id='block_1_117' title="bbox 2113 5811 3681 5894">
    <p class='ocr_par' dir='ltr' id='par_1_117' title="bbox 2113 5811 3681 5894">
     <span class='ocr_line' id='line_1_118' title="bbox 2113 5811 3681 5894; baseline -0.009 -14"><span class='ocrx_word' id='word_1_847' title='bbox 2113 5824 2206 5880; x_wconf 86' lang='grc' dir='ltr'>τοῦ</span> <span class='ocrx_word' id='word_1_848' title='bbox 2253 5822 2498 5894; x_wconf 78' lang='grc' dir='ltr'>Σερρῶν,</span> <span class='ocrx_word' id='word_1_849' title='bbox 2539 5821 2635 5876; x_wconf 88' lang='grc' dir='ltr'>τοῦ</span> <span class='ocrx_word' id='word_1_850' title='bbox 2678 5819 3010 5893; x_wconf 76' lang='grc' dir='ltr'>Δυρραχίου,</span> <span class='ocrx_word' id='word_1_851' title='bbox 3041 5818 3136 5873; x_wconf 91' lang='grc' dir='ltr'>τοῦ</span> <span class='ocrx_word' id='word_1_852' title='bbox 3181 5815 3429 5880; x_wconf 82' lang='grc' dir='ltr'>Ἀλανίας</span> <span class='ocrx_word' id='word_1_853' title='bbox 3479 5815 3569 5870; x_wconf 84' lang='grc' dir='ltr'>καὶ</span> <span class='ocrx_word' id='word_1_854' title='bbox 3588 5811 3681 5867; x_wconf 81' lang='grc' dir='ltr'>τοῦ</span> 
     </span>
    </p>
   </div>
  </div>
