4046 6528
328 481 466 548 1145

1401 483 1799 546 ΞΥΝΟΒῘΟΕ
1839 483 2540 548 CONSTITUTIONES.

3452 481 3588 559 1146

327 599 606 672 Μεσήνης,
650 598 782 668 περὶ
829 598 930 669 μὲν
979 597 1090 653 τῶν
1148 599 1503 668 ὲκδοθέντων,
1544 599 1621 664 ὡς
1665 599 1906 670 εἴρηται,
1937 613 1984 670 Α
2012 621 2113 675 της
2143 603 2304 675 ήμῶν
2353 605 2448 659 καὶ
2477 605 2553 667 ὼς
2579 603 2720 658 ἑπτά
2752 619 2898 666 τινες
2939 602 3050 658 τῶν
3084 601 3591 672 προϐαθμιωτέρων

331 692 714 763 μοναστηρίων
744 691 839 745 καὶ
866 692 977 745 τῶν
1017 692 1160 747 ναῶν
1175 692 1278 768 ’ἐπ’
1305 692 1484 756 ἀδείας
1519 691 1663 764 ἔχειν
1689 693 1781 746 τὸν
1806 693 1904 763 δη·
2008 687 2403 769 πρεσϐυτέρων
2425 698 2523 753 τοῦ
2553 699 2760 769 κλήρου
2789 697 2890 765 τῆς
2913 694 3172 768 τοιαύτης
3196 695 3592 765 μητροπόλεως

328 786 566 839 λωθέντα
624 785 924 855 ἱερώτατον
975 784 1079 855 τῆς
1119 784 1436 848 Ἀτταλείας
1463 785 1726 855 ἀρχιερέα
1763 786 1903 838 ἀπο-

332 879 539 956 σπάσαι
568 877 744 932 ταῦτα
781 877 890 932 ἀπὸ
920 878 1030 931 τῶν
1065 879 1410 948 κατεχόντων
1439 879 1580 932 αὐτὰ
1625 877 1907 948 κληρικῶν

330 969 423 1024 καὶ
453 971 742 1040 κοσμικῶν
773 970 1080 1042 ἀνθρώπων
1111 970 1207 1023 καὶ
1246 970 1550 1023 σπουδάσαι
1583 971 1680 1023 καὶ
1713 972 1910 1040 ἐπιμε-

330 1063 578 1134 ληθῆναι,
617 1063 758 1117 ὥστε
813 1065 1156 1133 καταστῆσαι
1204 1063 1301 1117 καὶ
1330 1062 1614 1127 ἀποδεῖξαι
1641 1061 1808 1115 πάλιν
1842 1061 1910 1115 τὰ

332 1157 553 1212 τοιαῦτα
584 1161 927 1229 μοναστήρια
954 1159 1275 1225 καταγώγια
1316 1155 1588 1229 μοναχῶν,
1633 1154 1911 1210 ἀνασῶσαί

332 1264 388 1301 τε
416 1249 624 1316 αὐτοῖς,
661 1249 745 1302 ἐτι
772 1250 828 1304 δὲ
872 1250 965 1304 καὶ
992 1252 1107 1314 τοῖς
1132 1251 1400 1313 τοιούτοις
1433 1249 1598 1312 θείοις
1627 1250 1778 1311 ναοῖς
1818 1248 1912 1300 καὶ

333 1340 397 1393 τά
455 1342 716 1411 κτήματα
764 1342 966 1409 αὐτῶν,
999 1343 1100 1396 ὅσα
1138 1343 1387 1412 ἔφθασαν
1415 1340 1808 1411 διαπραθῆναι,
1837 1337 1914 1400 ὡς

331 1435 570 1504 εἴρηται,
606 1434 758 1503 παρὰ
782 1434 892 1489 τῶν
922 1434 1264 1506 κατεχόντων
1294 1434 1452 1501 αὐτὰ,
1482 1433 1670 1488 ἄδικον
1693 1431 1802 1500 γὰρ
1834 1429 1916 1482 Evr.

334 1525 428 1580 καὶ
462 1527 610 1596 μέγα
645 1527 911 1598 ὲπιφέρον
948 1528 1012 1580 τὸ
1052 1529 1229 1598 κρῖμα
1260 1506 1390 1588 ταῖς.
1410 1525 1610 1596 ψυχαῖς
1639 1525 1750 1578 τῶν
1780 1541 1917 1578 κατ-

333 1622 568 1692 εχόντων
597 1621 792 1690 ταῦτα,
846 1623 907 1676 τὸ
963 1622 1057 1676 ἐπὶ
1106 1622 1254 1694 λύμῃ
1306 1622 1400 1675 καὶ
1443 1621 1768 1690 καινοτομίᾳ
1820 1620 1918 1673 καὶ

338 1713 512 1786 βλάϐῃ
547 1713 658 1770 τῶν
703 1715 1018 1785 προσόντων
1064 1717 1175 1778 τοῖς
1227 1713 1492 1774 τοιούτοις
1527 1713 1921 1783 μοναστηρίοις

335 1807 428 1860 καὶ
451 1807 566 1868 τοῖς
600 1809 750 1868 ναοῖς
775 1804 1207 1876 κατακυριεύειν
1237 1805 1332 1860 καὶ
1364 1803 1652 1868 δεσπόζειν
1675 1803 1772 1856 καὶ
1792 1820 1922 1856 κατ-

335 1899 477 1970 έχειν
525 1898 705 1952 αὐτάο
763 1898 834 1951 τά
885 1901 994 1970 γὰρ
1039 1898 1190 1962 ἅπαξ
1241 1897 1621 1968 ἀφιερωθέντα
1677 1897 1755 1964 τῷ
1800 1895 1924 1965 Θεῷ

2021 793 2341 855 Ἀτταλείας
2373 792 2784 848 ἀντιποιοῦνται
2827 792 2928 860 τῆς
2983 791 3328 860 τεταγμένης
3365 787 3595 843 ἀκολου-

2012 885 2136 948 θίας
2160 884 2255 939 τοῦ
2284 883 2591 954 εὐχελαίου,
2623 883 2766 938 ὥστε
2823 885 2960 953 παρ’
3007 880 3186 935 αὐτῶν
3231 882 3409 949 μόνων
3441 880 3597 932 ὲκτε.

2011 975 2224 1030 λεῖσθαι
2263 975 2363 1048 τὴν
2397 975 2659 1046 τοιαύτην
2688 973 3014 1028 ἀκολουθίαν
3062 973 3157 1027 καὶ
3206 970 3282 1041 μὴ
3331 969 3463 1039 παρ’
3496 970 3597 1023 ἄ).-

2012 1068 2124 1122 λων
2173 1069 2339 1122 τινῶν
2399 1067 2812 1136 πρεσϐυτέρων,
2884 1066 2966 1138 τῷ
3020 1065 3187 1135 λόγῳ,
3252 1063 3334 1116 ὅτι
3391 1061 3595 1129 ἔφθασε

2015 1161 2280 1231 ταχθῆναι
2335 1159 2498 1214 τοῦτο
2543 1161 2651 1228 πρὸ
2679 1161 2889 1229 χρόνων
2919 1159 3072 1226 παρὰ
3096 1155 3191 1211 τοῦ
3220 1155 3298 1223 τῷ
3327 1155 3448 1208 τότε
3494 1155 3600 1221 ἀρ-

2016 1251 2247 1324 χιερέως
2275 1252 2375 1318 τῆς
2398 1250 2654 1320 τοιαύτης
2686 1250 3097 1320 μητροπόλεως,
3128 1247 3226 1302 καὶ⁹
3264 1245 3442 1300 ταῦτα
3481 1243 3602 1314 μετ’

2018 1345 2200 1413 ὀλίγον
2230 1344 2399 1399 πάλιν
2422 1345 2803 1414 ἀκυρωθέντος
2833 1343 3026 1397 τούτου
3069 1341 3159 1395 διὰ
3196 1336 3602 1410 πατριαρχικοῦ

2019 1438 2375 1506 γράμματος,
2409 1435 2548 1505 ὅπερ
2580 1434 2910 1505 ὲνεφανίσθη
2950 1434 3043 1487 καὶ
3077 1437 3142 1504 τῇ
3185 1434 3344 1503 ήμῶν
3383 1429 3605 1500 μετριό-

2019 1546 2168 1598 τητι,
2225 1527 2664 1598 παρακελεύεται
2718 1528 2752 1598 ἡ
2809 1527 3102 1597 μετριότης
3152 1524 3331 1594 ήμῶν,
3370 1524 3459 1576 ἵνα
3510 1519 3605 1574 τοῦ

2021 1619 2214 1675 λοιποῦ
2256 1622 2349 1674 καὶ
2376 1621 2456 1684 είς
2484 1621 2545 1673 τὸ
2578 1619 2708 1688 ἑξῆς
2736 1618 3058 1673 παύσωνται
3113 1617 3164 1670 οἱ
3193 1615 3428 1669 τοιοῦτοι
3473 1631 3607 1683 πρε-

2025 1713 2282 1780 σϐύτεροι
2311 1711 2833 1767 τοῦάντιποιεῖσθαι
2854 1711 2957 1780 τῆς
2990 1710 3250 1781 τοιαύτης
3281 1705 3608 1771 ἀκολουθίας

2023 1808 2120 1862 τοῦ
2157 1807 2466 1878 εὐχελαίου.
2494 1807 2570 1870 ὡς
2595 1805 2964 1875 διαφερούσης
3001 1804 3097 1858 καὶ
3121 1801 3433 1871 ἀνηκούσης
3466 1801 3612 1862 ἰδίως

2027 1901 2233 1965 αὐτοῖς,
2265 1901 2359 1954 καὶ
2393 1900 2467 1970 μὴ
2495 1897 2629 1969 παρ’
2660 1897 2844 1953 αὐτῶν
2882 1899 3063 1967 μόνων
3098 1895 3388 1964 ὲκτελῆται
3422 1895 3491 1946 τὰ
3515 1891 3614 1960 τῆς

334 1993 789 2064 ἀπαρεγχείρητα
815 1991 1194 2062 διατηρεῖσθαι
1220 1989 1494 2066 ὀφείλουσι
1519 1991 1614 2044 καὶ
1641 1989 1911 2059 ἀμείωτα,
1948 1989 1996 2050 Β
2023 1987 2282 2062 τοιαύτης
2315 1991 2665 2056 ἀκολουθίας,
2720 1989 2858 2044 ἀλλά
2915 1979 3092 2059 (παρά
3133 1987 3266 2050 τῶν)
3314 1985 3617 2056 πρεσϐυτέ-

336 2083 396 2136 οὐ
453 2083 616 2153 μόνον
665 2083 821 2151 παρά
872 2085 986 2136 τῶν
1028 2083 1446 2152 ἀναδεχομένων
1494 2081 1926 2150 τοιουτοτρόπως

335 2173 498 2240 αὐτὰ,
536 2174 674 2227 ἀλλὰ
705 2176 801 2229 καὶ
823 2174 936 2227 τῶν
969 2173 1186 2228 οἴκοθεν
1211 2175 1591 2228 συνιστὼντων
1626 2173 1722 2227 καὶ
1755 2189 1927 2244 προσ-

340 2266 603 2320 τιθέντων
646 2267 742 2319 καὶ
789 2265 1053 2334 καθάπαξ
1111 2267 1508 2337 προσαγόντων
1555 2268 1624 2320 τά
1654 2266 1930 2338 προσόντα

337 2357 546 2420 αὐτοῖς.
581 2358 720 2429 ΠερὶΙ
751 2358 806 2412 δὲ
838 2358 946 2411 τῶν
975 2360 1302 2429 γινομένων,
1338 2359 1415 2422 ὡς
1452 2359 1774 2428 δεδήλωται,
1806 2375 1933 2410 συν-

337 2448 709 2520 αλλαγμάτων
764 2451 860 2505 καὶ
922 2451 1277 2506 συνοικεσίων
1328 2451 1526 2520 διέγνω
1573 2451 1670 2504 καὶ⁹
1715 2450 1933 2518 ἀπεφή·

338 2558 470 2596 νατο
499 2544 532 2611 ἡ
564 2543 855 2614 μετριότης
891 2544 1052 2615 ἡμῶν
1079 2543 1221 2612 μετὰ
1255 2542 1357 2612 τῆς
1391 2541 1524 2613 περὶ
1575 2541 1746 2611 αὐτὴν
1781 2540 1934 2610 ἱερᾶς

342 2635 438 2690 καὶ
491 2636 646 2700 θείας
707 2637 954 2704 συνόδου,
1004 2637 1212 2708 ἄκυρον
1280 2630 1422 2690 εἶναι
1480 2634 1582 2708 τὴν
1639 2633 1935 2704 γινομένην

343 2729 657 2800 παράλογον
687 2729 784 2782 καὶ
809 2729 1013 2783 ἄτοπον
1045 2727 1338 2800 συνήθειαν
1370 2727 1466 2781 καὶ⁸
1495 2726 1770 2794 ἀϐέϐαιον,
1803 2724 1935 2779 ἔνθα

347 2825 550 2895 προϐῇ,
576 2824 670 2878 καὶ
691 2824 853 2876 ὁπότε
885 2824 1068 2895 συμϐῇ
1096 2823 1504 2894 τελευτησάσης
1536 2823 1636 2893 τῆς
1673 2819 1937 2890 γυναικὸς

345 2901 703 2972 ἀπαιτεῖσθαι
729 2918 798 2971 τά
826 2916 928 2987 τῆς
958 2917 1190 2988 προικὸς
1217 2916 1548 2986 πράγματα,
1584 2912 1936 2984 ἀποδίδοσθαι

344 3012 522 3066 ταῦτα
584 3011 693 3066 ἀπὸ
744 3010 839 3065 τοῦ
889 3009 1094 3082 μέρους
1153 3010 1251 3064 τοῦ
1289 3010 1485 3080 ἀνδρὸς
1536 3009 1596 3074 ἐξ
1632 3008 1937 3078 ὁλοκλήρου

345 3107 490 3159 κατά
528 3105 654 3169 τοὺς
686 3104 865 3167 θείους
901 3105 997 3156 καὶ
1027 3103 1374 3172 φιλευσεϐεῖς
1404 3103 1631 3173 νόμους,
1682 3101 1850 3173 μηδέν
1884 3117 1940 3155 τι

344 3201 658 3270 ὀφείλοντος
679 3200 936 3268 κατέχειν
968 3198 1066 3251 καί⁵
1093 3197 1516 3269 ἀποκερδαίνειν
1545 3196 1604 3263 ἐξ
1631 3195 1834 3261 αὐτῶν,
1864 3195 1942 3259 ὡς

348 3294 490 3347 κατὰ
538 3294 698 3360 λόγον
740 3292 916 3358 ξενίου
945 3291 1119 3356 δοθὲν,
1153 3291 1252 3346 am
1300 3290 1616 3361 παραλόγου
1655 3288 1942 3352 παντελῶς

349 3385 519 3458 οὔσης
577 3385 676 3453 τῆς
729 3383 986 3455 τοιαύτης
1043 3384 1323 3455 πράξεως,
1386 3384 1479 3438 καὶ⁸
1525 3383 1613 3437 διὰ
1671 3383 1832 3436 τοῦτο
1881 3382 1942 3435 τὸ

349 3479 558 3550 ἄκυρον
582 3477 910 3548 ὀφειλούσης
943 3476 1090 3548 ἔχειν
1125 3477 1206 3539 είς
1236 3475 1387 3530 ἅπαν
1413 3475 1472 3530 τὸ
1501 3475 1656 3546 ἑξῆς.
1700 3475 1856 3529 Ἐπεὶ
1885 3475 1943 3528 δὲ

351 3571 621 3643 ἀνέφερεν
671 3573 701 3625 ό
753 3568 995 3633 τοιοῦτος
1058 3567 1352 3640 ἱερώτατος
1392 3568 1690 3640 ἀρχιερεὺς
1751 3569 1944 3622 Ἀττα-

355 3663 505 3724 λείας
573 3662 668 3716 καὶ
733 3661 810 3726 ὡς
881 3659 1125 3730 εφθασάν
1181 3677 1327 3724 τινες
1389 3660 1562 3729 ἀδίκῳ
1615 3661 1807 3732 τρόπῳ
1848 3661 1944 3714 καὶ

358 3756 732 3825 πλεονεκτικῷ
797 3754 1242 3827 ἰδιοποιήσασθαι
1311 3755 1405 3808 τὸν
1469 3755 1947 3825 ἐπισυναγόμενον

357 3849 530 3920 κηρὸν
553 3848 735 3902 καὶτὸ
765 3847 948 3902 ἔλαιον
981 3851 1061 3912 είς
1108 3849 1200 3903 τὸν
1245 3850 1431 3902 ἐκεῖσε
1478 3849 1624 3905 θεῖον
1673 3850 1820 3904 va?»
1846 3849 1946 3918 τῆς

358 3939 484 3994 κατ’
534 3940 703 3994 αὐτὸν
757 3939 1170 4010 μητροπόλεως,
1199 3939 1279 3992 ἔτι
1319 3941 1378 3995 δὲ
1409 3941 1506 3994 καὶ
1539 3941 1642 4010 τήν
1686 3941 1798 3994 ἀπὸ
1834 3942 1947 3994 τῶν

355 4031 728 4101 διαφερόντων
771 4032 852 4101 τῷ
897 4032 1126 4098 τοιούτῳ
1153 4031 1267 4103 ναῷ
1305 4033 1765 4105 ὲργαστηριακῶν
1794 4034 1949 4103 οἰκη-

362 4122 552 4192 μάτων
583 4123 680 4175 καὶ
729 4122 830 4191 τὴν
882 4124 978 4190 ἀφ’
1023 4123 1214 4193 ἐτέρου
1253 4123 1402 4185 τινὸς
1446 4122 1652 4192 τρόπου
1684 4123 1949 4194 πρόσοδον

360 4217 443 4278 εἰς
477 4215 569 4268 τὸν
604 4212 847 4268 τοιοῦτον
876 4213 1021 4267 θεῖον
1044 4214 1173 4266 ναὸν
1201 4216 1296 4267 καὶ
1333 4214 1590 4282 κατέχειν
1619 4214 1716 4267 καὶ
1760 4214 1948 4268 ἀναλί-

367 4326 523 4361 σκειν
563 4307 772 4372 ταύτην
809 4307 888 4369 εἰς
934 4305 1071 4368 ἰδίας
1111 4305 1295 4358 αὐτῶν
1326 4305 1540 4376 χρείας,
1573 4305 1848 4376 ἐκράτησε
1891 4306 1948 4359 δὲ

359 4401 513 4467 ὅμως
545 4399 707 4453 πάλιν
762 4399 860 4467 τὴν
885 4397 1153 4468 τοιαύτην
1210 4397 1479 4467 πρόσοδον
1530 4398 1559 4450 ό
1600 4399 1709 4468 πρὸ
1759 4397 1948 4452 τούτου

361 4490 668 4566 ἀρχιερεὺς
691 4495 790 4548 καὶ
823 4494 872 4546 οἱ
907 4493 1162 4562 κληρικοὶ
1211 4491 1314 4560 τῆς
1357 4489 1618 4562 τοιαύτης
1675 4492 1952 4563 μητροπό-

361 4586 520 4653 λεως,
553 4585 647 4638 καὶ
675 4583 900 4650 ἔταξαν,
931 4583 1024 4636 ἵνα
1051 4583 1354 4652 κατέχηται
1383 4583 1530 4646 ίδίως
1556 4583 1649 4637 καὶ
1677 4583 1953 4652 φυλάσση·

2035 2102 2164 2154 ρων.
2187 2083 2281 2146 οὓς
2313 2083 2379 2137 ἂν
2408 2083 2612 2154 θελήσῃ
2641 2083 2736 2136 καὶ
2765 2077 3214 2153 προσκαλέσηται
3249 2078 3482 2140 ἕκαστος
3507 2077 3618 2130 τῶν
3712 2099 3726 2114 ο

2033 2176 2380 2248 βουλομένων
2434 2173 2677 2228 ἐκτελεῖν
2728 2174 2822 2226 τὸν
2876 2171 3121 2226 τοιοῦτον
3159 2170 3456 2241 ἁγιασμόν,
3495 2171 3620 2221 ἐπεὶ

2033 2270 2129 2323 καὶ
2180 2267 2460 2337 ἐπιτίμιον
2506 2251 2803 2337 ἠπέίληται
2855 2267 2971 2327 τοῖς
3015 2263 3286 2326 τοιούτοις
3314 2261 3618 2330 πρεσϐυτέ-

2037 2379 2173 2431 ροις,
2206 2362 2254 2412 εἰ
2283 2360 2449 2413 πάλιν
2482 2359 2640 2413 αὐτοὶ
2672 2358 2829 2429 μόνοι
2865 2358 3112 2427 ἐνεργεῖν
3139 2356 3211 2409 τὰ
3234 2356 3334 2424 τῆς
3361 2355 3621 2426 τοιαύτης

2035 2453 2358 2516 ἀκολουθίας
2405 2452 2857 2524 πειραθήσονται.
2903 2451 3028 2504 Ἐπὶ
3061 2450 3240 2522 τούτῳ
3269 2452 3379 2520 γὰρ
3430 2452 3526 2504 καὶ
3559 2449 3624 2503 ca

2035 2546 2212 2617 παρὸν
2271 2547 2553 2600 συνοδικδν
2602 2547 2840 2617 γράμμα
2888 2543 2990 2612 τῆς
3043 2543 3202 2615 ήμῶν
3263 2543 3622 2614 μετριότητος

2036 2639 2387 2694 ἀπολέλυται.

2363 2731 2404 2802 -ι-
2439 2727 2582 2801 Εἶχε
2612 2731 2682 2784 τό
2705 2747 2720 2763 ο
2752 2729 3031 2798 Μηνὶ.....
3059 2729 3177 2785 ινδ.
3220 2736 3295 2786 a'.
3406 2779 3410 2786 .

2039 2875 2230 2933 XLIII.
2287 2874 2553 2947 Synodusi
2596 2870 3342 2947 metropolilwuLarissensi,
3397 2876 3488 2940 qui
3563 2875 3627 2947 ob

2113 2947 2308 3002 bellum
2331 2943 2486 3002 Euam
2520 2943 2771 3000 diaecesin'
2795 2943 2999 3012 ingredi
3050 2960 3153 2996 non
3183 2953 3373 3011 potest,
3411 2945 3630 3007 permi:—

2114 3019 2174 3089 ιξι
2253 3028 2310 3072 ιιι
2360 3019 2496 3087 jura
2557 3014 2879 3089 episcopalia
2923 3022 3166 3069 exerceat
3225 3015 3283 3068 in
3323 3015 3629 3087 episcopatu

2114 3087 2478 3145 Charmwnes.

2118 3208 2160 3280 ἰ·
2193 3207 2415 3276 Ἐπειδὴ
2457 3207 2486 3259 ό
2535 3204 2830 3274 ἱερώτατος
2879 3202 3285 3275 μητροπολίτης
3327 3203 3631 3272 Λαρίσσης,

1971 3337 2015 3399 c
2049 3303 2376 3372 ύπέρτιμος,
2433 3299 2492 3353 ὲν
2544 3297 2685 3369 ἀγίῳ
2726 3297 3010 3367 Πνεύματι
3062 3296 3348 3366 ἀγαπητὸς
3402 3295 3634 3364 ἀδελφὸς

2048 3396 2150 3464 τῆς
2201 3393 2362 3464 ἡμῶν
2398 3393 2756 3463 μετριότητος
2795 3390 2894 3445 καὶ
2950 3389 3387 3472 συλλειτουργὸς,
3422 3387 3636 3458 ἔγραψε

2049 3487 2148 3541 καὶ⁵
2176 3486 2481 3556 ἀνήνεγκεν
2533 3484 2614 3545 είς
2651 3484 2753 3552 τὴν
2800 3481 2924 3536 καθ’
2954 3477 3106 3551 ἡμᾶς
3159 3482 3314 3553 ίεράν
3342 3483 3436 3535 καὶ
3486 3481 3639 3536 θείαν

2053 3579 2296 3642 σύνοδον,
2328 3577 2407 3640 ὡς
2438 3577 2503 3630 ἐκ
2533 3576 2630 3644 τῆς
2669 3573 3060 3644 ἐπισυμϐἀσης
3090 3573 3172 3636 είς
3203 3572 3298 3625 τὸν
3335 3573 3515 3625 ἐκεῖσε
3546 3573 3636 3625 τό-

2051 3687 2154 3722 πον
2197 3666 2518 3740 συγχύσεως
2549 3667 2647 3719 καὶ⁵
2688 3663 3010 3733 ἀνωμαλίας
3046 3662 3156 3716 ἀπὸ
3184 3662 3285 3732 τῆς
3319 3662 3502 3730 μάχης
3541 3662 3641 3730 έμο

2052 3747 2352 3828 ποδίζεται,
2391 3761 2490 3814 καῖ’
2517 3759 2670 3812 οὐδὲν
2700 3758 2815 3826 ἔχει
2854 3757 2942 3809 ἐπ’
2974 3748 3159 3817 ἀδείας
3199 3752 3530 3807 καταλαϐεῖν
3559 3753 3643 3815 είς

2051 3855 2150 3926 τὴν
2180 3851 2460 3924 λαχοῦσαν
2493 3851 2656 3904 αὑτὸν
2701 3849 3019 3919 ἀγιωτάτην
3060 3846 3396 3917 μητρόπολιν
3432 3845 3640 3915 Λαρίσ-

2056 3964 2158 4016 σης
2187 3947 2300 4000 ’καὶ
2365 3942 2722 4014 εὑρίσκεσθαι
2770 3942 2866 3995 καὶ
2915 3942 3126 4010 διάγειν
3167 3940 3227 3994 έν
3270 3940 3407 4009 αὐτῇ
3440 3937 3537 3991 καὶ
3575 3941 3643 3990 τα

2054 4036 2321 4104 ἐφειμένα
2372 4034 2547 4104 τούτῳ
2575 4032 2982 4105 ἀρχιερατικῶς
3033 4029 3468 4103 διαπράττεσθαι
3488 4069 3506 4096 ,
3536 4031 3644 4082 ἀπ·

2054 4130 2187 4200 ἦλθε
2252 4127 2312 4182 δὲ
2346 4126 2436 4181 διὰ
2462 4125 2626 4180 τοῦτο
2654 4127 2750 4180 καὶ
2781 4126 3100 4194 εὑρίσκεται
3122 4125 3200 4188 είς
3230 4124 3331 4196 τὴν
3361 4123 3454 4176 ὑπ’
3476 4122 3646 4176 αὐτὸν

2057 4221 2372 4293 ἀγιωτάτην
2407 4219 2721 4290 ἐπισκοπὴν
2781 4217 3134 4290 Χαρμαίνης,
3169 4219 3226 4270 ἐν
3257 4218 3517 4288 στερήσει
3558 4217 3647 4270 εύ-

2059 4315 2394 4387 ρισκομένην
2425 4297 2732 4384 ἀρχιερέως
2782 4311 3032 4384 γνησίου,
3075 4309 3172 4365 καὶ
3217 4310 3504 4380 ἐζήτησεν,
3558 4309 3648 4362 ἵνα

2058 4411 2338 4479 ἐπιτραπῇ
2368 4407 2690 4472 συνοδικῶς,
2721 4405 2864 4460 ὥστε
2918 4406 3057 4475 πρὸς
3091 4407 3310 4474 καιρὸν,
3353 4404 3552 4474 μέχρις
3581 4403 3649 4458 ἂν

2058 4504 2303 4576 δηλονότι
2333 4503 2403 4558 τὰ
2440 4502 2540 4572 τῆς
2577 4501 2761 4572 μάχης
2791 4499 3044 4569 διαλυθῇ,
3077 4500 3175 4552 καὶ
3207 4498 3459 4568 εἰρηνικὴ
3487 4496 3651 4549 πάλιν

2060 4597 2398 4658 κατάστασις
2457 4594 2539 4657 είς
2589 4594 2683 4647 τὸν
2715 4594 2898 4645 ὲκεῖσε
2950 4591 3177 4661 γένηται
3231 4590 3422 4652 τόπον,
3475 4590 3532 4641 ὲν
3583 4591 3648 4657 τῇ

361 4696 473 4746 ται,
523 4678 619 4730 καὶ
662 4676 725 4730 τὸ
783 4676 882 4746 μὲν
933 4675 1300 4746 ἀναλίσκηται
1361 4677 1442 4740 είς
1472 4675 1810 4745 λυχνοκαΐαν
1855 4675 1951 4730 τοῦ
1986 4700 2039 4761 D
2066 4689 2298 4760 τοιαύτη
2326 4686 2424 4756 τῆς
2449 4684 2781 4756 Χαρμαίνης
2807 4673 3086 4753 ὲπῖσκοπῇ
3113 4681 3328 4749 διάγειν
3365 4684 3460 4736 καὶ⁵
3485 4681 3553 4735 τὰ
3582 4684 3656 4752 τῇ

361 4771 610 4825 τοιούτου
632 4767 781 4822 θείου
814 4767 968 4834 ναοῦ,
994 4765 1059 4820 τὸ
1083 4768 1142 4821 δὲ
1169 4767 1469 4820 ὑπόλοιπον
1493 4769 1576 4831 είς
1599 4769 1960 4840 περιποίησιν

363 4865 532 4921 αὑτοῦ
573 4865 672 4918 καὶ
701 4856 994 4917 σύστασιν
1026 4866 1120 4918 καὶ
1157 4863 1468 4934 βελτίωσιν,
1518 4864 1961 4936 παρακελεύεται

176 4937 190 4955 Ι
294 5043 298 5046 ,
365 4965 399 5031 ἡ
434 4961 732 5032 μετριότης
786 4959 947 5030 ἡμῶν
1011 4959 1152 5028 μετά
1184 4959 1288 5026 τῆς
1316 4960 1446 5026 περὶ
1481 4960 1653 5029 αὐτὴν
1685 4960 1840 5030 ἱερᾶς
1865 4952 1962 5014 καὶ

367 5055 516 5117 θείας
549 5054 790 5120 συνόδου,
826 5055 916 5108 ῖνα
947 5055 1040 5108 καὶ
1061 5056 1140 5118 εἰς
1173 5055 1230 5107 τὸ
1266 5053 1394 5121 ἑξῆς
1427 5053 1833 5123 ἑπισυνάγηται
1870 5052 1964 5107 καὶ

369 5147 718 5218 φυλάσσηται
785 5148 816 5218 ή
870 5147 1100 5215 τοιαύτη
1149 5145 1418 5218 πρόσοδος
1453 5145 1606 5214 παρά
1654 5145 1964 5216 ἀνθρώπων

273 5273 280 5278 -
369 5242 665 5312 χρησίμων
704 5241 1010 5311 κληρικῶν,
1049 5239 1143 5304 οὒς
1198 5239 1266 5294 ἂν
1319 5239 1575 5312 διακρίνῃ
1622 5239 1716 5293 καὶ
1760 5239 1900 5311 τάξῃ
1935 5241 1963 5291 ό

337 5369 348 5372 -
372 5334 514 5387 κατὰ
550 5333 779 5404 καιροὺς
809 5334 1125 5404 ἀρχιερεὺς,
1168 5333 1244 5396 ὡς
1273 5333 1374 5404 τῆς
1405 5333 1660 5402 φυλακῆς
1710 5335 1805 5385 καὶ
1831 5350 1964 5386 συν-

371 5427 661 5496 τηρήσεως
685 5427 786 5494 τῆς
813 5423 1072 5490 τοιαύτης
1101 5424 1370 5494 προσόδου
1391 5424 1494 5497 τὴν
1527 5425 1786 5495 φροντίδα
1816 5425 1964 5495 ἔχειν

371 5517 682 5585 ὀφείλοντος
729 5517 826 5569 τοῦ
879 5515 1129 5570 τοιούτου
1171 5515 1478 5588 ἀρχιερέως
1511 5519 1652 5586 μετά
1687 5517 1779 5569 καὶ
1817 5518 1966 5589 εἰδή-

373 5627 513 5674 σεως
540 5609 648 5665 τῶν
678 5610 984 5680 κληρικῶν,
1026 5611 1121 5664 καὶ
1151 5611 1344 5681 μηδεὶς
1379 5609 1490 5664 τῶν
1534 5610 1802 5663 τοιούτων
1833 5609 1890 5663 κ)
1904 5629 1969 5679 ην

376 5705 552 5777 ρικῶν
579 5705 614 5775 ή
648 5721 735 5767 τις
763 5705 954 5770 ἔτερος
994 5703 1082 5756 ἐπ’
1113 5703 1297 5767 ἀδείας
1328 5702 1430 5774 ἔχῃ
1464 5703 1841 5756 ίδιοποιεῖσθαι
1872 5706 1968 5756 καὶ

369 5797 696 5851 ἀναλίσκειν
729 5796 903 5866 αὐτὴν
935 5781 1016 5859 εἰς
1041 5795 1180 5857 ίδίας
1205 5793 1373 5849 αὑτοῦ
1399 5794 1610 5866 χρείας,
1649 5794 1768 5849 ἀλλ’
1786 5795 1969 5850 ἀναλί-

372 5906 578 5958 σκηται
612 5891 691 5952 είς
718 5888 1045 5958 λυχνοκαῖαν
1075 5889 1170 5941 καὶ
1203 5889 1565 5960 περιποίησιν
1599 5888 1696 5943 τοῦ
1721 5889 1967 5944 τοιούτου

373 5981 529 6036 θείου
559 5981 712 6038 ναοῦ.
749 5980 1051 6050 Ὡσαύτως,
1090 5981 1281 6052 ἐπειδὴ
1321 5979 1623 6053 ἐγνώρισεν
1676 5983 1708 6053 ἡ
1744 5983 1968 6054 μετριό-

2064 4778 2452 4854 ἀρχιερωσύνῃ
2474 4775 2642 4833 αὐτοῦ
2672 4777 2945 4847 ἀνήκοντα
2975 4773 3429 4844 διαπράττεσθαι,
3454 4772 3662 4842 διέγνω

2065 4877 2099 4945 ἠ
2133 4873 2431 4943 μετριότης
2466 4871 2630 4942 ἡμῶν
2659 4869 2878 4938 σύναμα
2913 4869 3023 4930 τοῖς
3056 4866 3188 4935 περὶ
3224 4864 3396 4936 αὐτὴν
3424 4865 3659 4937 ἱερωτά-

2064 4983 2180 5028 τοις
2222 4961 2568 5035 ἀρχιερεῦσι,
2617 4959 2694 5028 τῷ
2734 4957 3090 5029 Ἡρακλείας,
3131 4955 3210 5026 τῷ
3259 4955 3536 5027 Σάρδεων,
3574 4955 3655 5025 τῷ

2065 5057 2330 5121 Νικαίας,
2369 5053 2446 5125 τῷ
2467 5052 2836 5124 Χαλκηδόνος,
2869 5049 2949 5121 τῷ
2983 5050 3072 5103 Φι)
3086 5047 3397 5116 αδελφείας,
3438 5045 3515 5119 τῷ
3540 5047 3656 5102 Με-

2064 5151 2311 5222 λιτηνῆς,
2353 5149 2431 5220 τῷ
2491 5145 2982 5218 Ποντοηρακλείας,
3016 5143 3095 5213 τῷ
3157 5143 3378 5214 Πηγῶν,
3407 5141 3486 5213 τῷ
3515 5143 3660 5213 Δυῤ-

2070 5245 2285 5314 ῥαχίου,
2318 5240 2395 5312 τῷ
2430 5241 2651 5312 Ἀπρω,
2691 5239 2770 5308 τῷ
2808 5239 3073 5310 Μεσήνης
3107 5237 3204 5291 καὶ
3232 5236 3312 5308 τῷ
3362 5234 3661 5306 ύποψηφίῳ

2067 5335 2396 5398 Μελενίκου,
2441 5335 2564 5387 δέον
2612 5331 2752 5386 εἶναι
2795 5332 2880 5386 διά
2923 5331 3024 5403 τὴν
3063 5331 3315 5400 ἀνάγκην
3341 5329 3450 5384 τῶν
3476 5329 3657 5382 ἐκεῖσε

2070 5426 2420 5496 πραγμάτων
2448 5429 2542 5478 καὶ
2568 5425 2693 5487 τοὺς
2725 5423 3093 5494 βουλομένους
3119 5422 3372 5492 ἱερᾶσθαι
3397 5419 3489 5474 καὶ
3513 5418 3659 5472 κατὰ

2066 5519 2167 5591 τὴν
2201 5519 2360 5586 τάξιν
2405 5515 2753 5588 προάγεσθαι
2810 5516 2911 5586 τὴν
2969 5512 3459 5586 ὲκκλησιαστικὴν,
3508 5510 3661 5581 εὑρί-

2073 5611 2302 5666 σκεσθαι
2337 5611 2428 5665 τὸν
2468 5611 2783 5674 δηλωθέντα
2821 5610 3118 5681 ἱερώτατον
3148 5606 3410 5678 ἀρχιερέα
3448 5602 3660 5676 Λαρίσ-

2072 5722 2169 5776 σης
2204 5705 2263 5758 έν
2304 5706 2372 5776 τῇ
2407 5703 2683 5775 εἰρημένῃ
2712 5703 2989 5774 ἐπισκοπῇ
3042 5701 3140 5770 τῆς
3169 5695 3526 5767 Χαρμαίνης,
3550 5691 3662 5756 ἕως

2072 5799 2139 5853 ἂν
2165 5797 2420 5869 εἰρηνική
2449 5796 2611 5850 πάλιν
2639 5797 2974 5854 κατάστασις
3002 5792 3230 5862 γένηται
3255 5791 3336 5850 είς
3357 5789 3450 5842 τὸν
3479 5785 3659 5841 τοιοῦ-

2072 5907 2165 5943 τον
2194 5891 2382 5952 τόπον,
2427 5889 2523 5942 καὶ
2566 5889 2876 5957 ἱερουργεῖν
2910 5887 2968 5938 ὲν
3000 5885 3137 5954 αὐτῇ
3173 5883 3271 5936 καὶ
3320 5877 3660 5952 χειροτονίας

2073 5982 2338 6038 διακόνων
2383 5981 2477 6036 καὶ
2505 5980 2897 6050 πρεσϐυτέρων
2936 5975 3028 6030 καὶ
3076 5974 3272 6041 τᾶλλα,
3304 5974 3418 6027 ὅσα
3441 5971 3659 6039 ἐφεῖται
