4046 6466
537 455 668 519 1151

1483 427 1817 521 ιοΑΝΝἰέ
1853 459 2126 523 GLYCIS
2163 457 2254 521 CP
2323 453 2849 520 PATBIARCH‘E

3647 447 3760 516 “52

531 581 652 630 γειν
683 564 778 618 καὶ
810 564 1058 634 μηδόλως
1087 565 1383 632 ταράττειν
1412 566 1547 637 μηδὲ
1576 565 1976 638 διενοχλεῖν.⁷Η
2007 569 2118 638 γὰρ
2147 569 2196 630 Α
2224 569 2318 622 καὶ
2345 569 2486 623 κατά
2517 567 2686 640 μέρος
2734 565 3033 622 καὶταῦτα
3081 565 3590 640 ὑπανεγνώσθησαν,
3615 573 3762 626 πολλὰ

531 653 600 710 ἂν
627 657 698 710 δι’
737 657 936 721 αἰῶνος
968 656 1253 727 ἀπέραντα
1287 659 1503 710 πονοῖεν
1549 659 1598 710 οἱ
1645 658 1819 712 ταῦτα
1874 677 2121 730 προῃρη-

537 749 712 816 μένοι,
746 750 906 818 σῐπερ
939 748 1048 800 τῶν
1076 749 1181 818 πρὸ
1205 749 1387 802 αὑτῶν
1416 749 1680 813 πολλάκις
1710 752 1806 804 καὶ⁵
1837 751 2123 821 ἀποχρώνο

535 859 642 902 τως
671 841 1054 911 δικασαμένων
1089 843 1180 894 καὶ
1215 843 1649 909 ἀγωνισαμένων
1681 845 1731 896 οῖ
1767 841 2001 912 καθεξῆς
2033 843 2123 897 ἀεὶ

411 945 428 959 ’
533 937 647 995 τοῖς
679 933 897 1002 ὁμοίοις
944 934 1240 1002 ἐμμένοιέν
1272 936 1366 986 καὶ
1395 935 1668 1004 πειρῷντο
1714 936 1808 988 τὸν
1857 936 1972 988 ἴσον
1999 936 2126 1004 τρό-

534 1044 636 1080 πον
659 1027 974 1095 διενοχλεῖν.
1015 1029 1080 1079 Ὃ
1107 1026 1172 1096 δὴ
1218 1027 1520 1098 καθορᾶται
1555 1027 1859 1096 συμϐαῖνον
1893 1027 1987 1080 καὶ
2028 1028 2125 1081 ἐπὶ

530 1123 597 1191 τῇ
638 1122 844 1186 μεταξὺ
901 1121 999 1174 νῦν
1030 1100 1296 1175 ὑποθέσει
1324 1119 1418 1174 τοῦ
1449 1138 1509 1174 τε
1555 1121 1855 1190 ίερωτάτου
1911 1138 2122 1191 μητρο-

531 1213 751 1266 πολίτου
809 1214 1116 1283 Λαρίσσης,
1163 1215 1489 1284 ὑπερτίμου,
1529 1213 1673 1268 κατὰ
1715 1214 1939 1284 πνεῦμα
1962 1213 2122 1267 ἀδελ-

532 1305 635 1374 φοῦ
672 1309 764 1359 καὶ
799 1307 1224 1378 συλλειτουργοῦ
1263 1309 1363 1375 τῆς
1404 1310 1436 1376 ἡ
1449 1308 1566 1374 μῶν
1616 1310 1992 1381 μετριότητος,
2025 1310 2122 1362 καὶ

530 1395 644 1448 τῶν
698 1397 1179 1467 Μαρμαριανιτῶν
1237 1397 1513 1467 μοναχῶν.
1567 1394 1736 1460 Οὗτος
1785 1402 1880 1454 καὶ
1929 1399 2040 1468 γὰρ
2094 1399 2123 1452 ό

534 1487 832 1556 ἱερώτατος
869 1486 1298 1558 μητροπολίτης,
1334 1489 1602 1558 πρότερον
1637 1489 1738 1558 μὲν
1767 1490 2000 1556 ταυτησὶ
2022 1491 2123 1559 τῆς

537 1581 707 1648 μονῆς
741 1579 1124 1646 ἡγουμενικῶς
1150 1582 1574 1651 προϊστάμενος.
1607 1583 1701 1636 καὶ
1733 1583 1893 1646 είδὼς
1941 1582 2121 1636 ὁπόσα

536 1669 680 1736 αὕτη
717 1671 984 1739 κέκτηται
1048 1673 1398 1742 δικαιώματα
1432 1675 1629 1746 (ταῦτα
1662 1675 1708 1728 δ’
1763 1677 1870 1729 είσὶ
1923 1676 2123 1747 χρυσό-

534 1761 751 1815 ϐουλλοι
797 1761 948 1829 λόγοι
981 1763 1074 1816 καὶ
1130 1766 1508 1836 πατριαρχικά
1559 1765 1976 1836 ὑπομνήματα),
2016 1766 2123 1821 ὑπὸ

531 1855 632 1923 τὴν
665 1857 952 1927 περιωπήν
998 1862 1098 1929 τῆς
1130 1859 1254 1913 καθ’
1285 1860 1434 1930 ἡμᾶς
1473 1862 1791 1930 ἁγιωτάτης
1842 1860 1939 1913 τοῦ
1981 1859 2118 1914 Θεοῦ

532 1948 797 2018 Μεγάλης
837 1951 1168 2022 Ἐκκλησίας
1201 1952 1377 2007 τελεῖν
1409 1954 1510 2024 τὴν
1538 1957 1710 2026 μονὴν
1738 1955 2120 2022 ἐπιτάττοντα,

533 2039 629 2091 ἆτε
655 2039 715 2107 δὴ
738 2041 832 2092 ἐπὶ
859 2044 1256 2114 σταυροπηγίῳ
1289 2047 1678 2117 πατριαρχικῷ
1709 2047 2119 2113 ἀνιδρυθείσαν,

531 2133 559 2184 ό
588 2133 645 2186 δέ
689 2135 784 2187 καὶ
816 2133 963 2190 οὕτω
994 2138 1107 2200 τοῖς
1146 2139 1405 2208 μοναχοῖς
1436 2138 1503 2191 δι’
1547 2139 1707 2209 ὄχλου
1751 2138 2122 2192 καθίσταται·

533 2223 660 2293 ἄρτι
713 2226 814 2296 μὲν
848 2228 948 2298 τῆς
971 2228 1082 2283 τῶν
1129 2231 1478 2298 Λαρισσαίων
1533 2232 1943 2303 ἀρχιερατικῶς
1976 2231 2126 2301 ἠγεῖ-

535 2319 661 2372 σθαι
700 2319 886 2391 λαχὼν
920 2323 1338 2392 μητροπόλεως,
1375 2325 1578 2380 αὐτίκα
1606 2325 1664 2378 δὲ
1702 2326 1798 2380 καὶ
1832 2329 1947 2388 τοῖς
1973 2327 2129 2397 είρη·

537 2413 724 2482 μένοις
753 2415 1128 2485 δικαιώμασιν
1159 2417 1403 2489 ἐντυχὼν
1447 2419 1545 2472 καὶ
1576 2420 1790 2484 τούτοις
1819 2419 1982 2473 οἱονεί
2012 2435 2125 2472 τισι

532 2507 784 2578 κέντροις
819 2509 956 2580 πρὸς
989 2512 1086 2581 τὴν
1115 2511 1217 2581 τῆς
1260 2511 1429 2582 μονῆς
1461 2513 1899 2582 ὐπονυττόμενος
1935 2511 2125 2580 ἔφεσιν

447 2639 450 2643 .
531 2601 628 2653 καὶ
685 2602 784 2674 τὴν
833 2603 1158 2659 δεσποτείαν
1217 2605 1399 2676 ἐαυτῷ
1451 2605 1794 2676 πειρώμενος
1845 2605 2126 2660 κατακτᾶ-

534 2694 684 2761 σθαι,
728 2698 937 2766 ταύτην
987 2698 1166 2769 αὐτὴν
1217 2699 1625 2754 ὑποτάττεσθαι
1672 2703 1738 2771 τῇ
1785 2697 2124 2770 μητροπόλει

532 2791 719 2862 ζητῶν
741 2793 836 2846 καὶ
869 2793 995 2854 τοὺς
1033 2797 1090 2846 ἐν
1121 2797 1259 2866 αὐτῇ
1301 2797 1576 2866 μοναχοῦς
1632 2792 2026 2864 ἀνακρίνεσθαί
2061 2809 2124 2844 τε

530 2887 623 2938 καὶ
654 2890 966 2951 κανονικῶς
989 2887 1083 2941 ὑπ’
1107 2887 1276 2942 αὑτοῦ
1305 2887 1678 2956 διεξάγεσθαι.
1717 2887 1820 2940 Διά
1845 2885 2006 2940 τοῦτο
2029 2883 2125 2938 καί

531 2995 688 3041 τινας
729 2979 898 3034 αὑτοῦ
954 2981 1228 3049 μοναχοὺς
1267 2981 1409 3051 πρὸς
1460 2983 1562 3048 τὴν
1611 2977 1739 3034 καθ’
1776 2979 1928 3048 ἡμᾶς
1971 2978 2126 3032 θείαν

536 3071 631 3124 καὶ
682 3072 833 3141 ἱερὰν
871 3072 1092 3126 σύνοδον
1125 3073 1694 3144 ἀντικριθησομένους
1728 3074 1845 3136 τοῖς
1880 3073 2126 3141 Μαρμα-

534 3165 804 3235 ριανίταις
834 3166 1138 3235 ἐκπέμπει.
1177 3167 1288 3221 Καὶ
1323 3166 1387 3236 δὴ
1406 3166 1794 3237 παραστάντες
1823 3159 1971 3221 οὑτοι
1999 3183 2124 3221 συν-

2224 679 2286 715 τε
2311 663 2445 718 δντα
2475 665 2573 719 καὶ
2596 663 2668 718 τὰ
2698 662 2800 730 τῆς
2832 663 3150 726 ὑποθέσεως
3184 663 3423 734 ἐξαρχῆς
3468 665 3655 720 διιόντα
3681 668 3760 722 καὶ

2225 757 2308 815 ἔτι
2333 758 2688 827 παλαιτέρων
2719 759 2901 814 ἀλλων
2938 758 3032 812 ἐπὶ
3062 757 3345 812 δικαιώσει
3371 761 3472 830 τῆς
3505 762 3658 831 μονῆς
3677 761 3761 830 τὴν

2229 854 2466 925 μνήμην
2509 853 2836 924 ποιούμεια,
2875 853 3310 925 χρυσοϐούλλων,
3352 852 3585 924 δηλονότι
3634 853 3762 924 παρὰ

2225 945 2335 998 τῶν
2358 945 2624 1015 ἀοιδίμων
2643 945 2948 1014 γεγονότων
2974 943 3262 1016 βασιλέων,
3282 945 3378 999 τοῦ
3403 963 3461 999 τε
3493 944 3762 1014 κῦρΊσαα-

2218 1037 2346 1092 ηκίου
2373 1039 2470 1094 καὶ
2505 1037 2594 1093 τοῦ
2626 1039 2969 1109 αὑταδέλφου
3021 1039 3212 1104 αὐτοῦ,
3264 1040 3370 1110 κῦρ
3416 1039 3663 1106 Ἀλεξίου,
3698 1039 3765 1092 ἔτι

2215 1129 2282 1183 ’δέ
2317 1129 2410 1182 καὶ
2445 1130 2870 1201 πατριαρχικῶν
2914 1129 3330 1202 ὑπομνημάτων
3362 1131 3454 1183 καὶ
3490 1129 3680 1184 λοιπῶν
3703 1129 3768 1182 δι-

2228 1227 2591 1292 καιωμάτων,
2645 1223 2706 1276 ἐν
2733 1217 2814 1287 οἷς
2854 1222 2919 1295 δὴ
2967 1224 3083 1286 τοῖς
3138 1221 3556 1292 προκομισθεῖσι
3597 1219 3765 1289 δηλαδὴ

2226 1313 2361 1383 παρ’
2389 1315 2572 1369 αὐτῶν
2595 1315 2933 1387 δικαιώμασι
2977 1318 3073 1370 καὶ
3107 1315 3346 1386 γράμμα
3376 1314 3581 1384 προσῆν
3607 1313 3766 1382 ἕτερον

2224 1407 2320 1462 τοῦ
2352 1408 2741 1479 διαληφθέντος
2791 1410 3083 1475 δεσπότου,
3133 1409 3241 1482 κῦρ
3282 1409 3524 1482 Μιχαὴλ,
3563 1408 3621 1462 τὸ
3651 1423 3765 1477 προ-

2225 1501 2450 1569 γεγονὸς
2481 1504 2546 1571 τῇ
2578 1504 2917 1574 μητροπόλει
2938 1504 3250 1575 ἀνατρέπον
3279 1505 3374 1557 καὶ
3401 1501 3669 1572 ἀναιροῦν,
3692 1499 3768 1554 καὶ

2225 1593 2348 1663 τὴν,
2387 1594 2512 1649 ὅθεν
2537 1595 2698 1650 τοῦτο
2725 1597 2964 1668 προέϐη,
2994 1598 3176 1652 αίτίαν
3207 1597 3470 1668 καθαρῶς
3495 1594 3764 1668 παριστῶν,

2227 1689 2290 1741 ἐκ
2329 1688 2558 1758 ψεύδους
2580 1689 2828 1761 δηλονότι
2858 1691 2955 1744 καὶ
2985 1691 3205 1762 ἀπάτης
3242 1692 3309 1763 τῇ
3345 1690 3439 1746 τοῦ
3480 1687 3765 1760 Γοριανίτου

2225 1782 2408 1851 κρίσει
2461 1784 2863 1850 συσκευασθὲν,
2915 1785 3034 1855 ἅμα
3087 1784 3146 1839 δὲ
3204 1785 3299 1838 καὶ
3337 1782 3666 1851 δηλοποιοῦν,
3709 1779 3768 1843 ὡς

2227 1876 2370 1930 κατά
2406 1875 2639 1946 ζήτησιν
2668 1877 2936 1948 αὐτοῦ’δὴ
2962 1879 3058 1931 τοῦ
3086 1877 3353 1932 δεσπότου
3397 1879 3491 1931 καὶ
3521 1875 3768 1944 παράκλη-

2230 1987 2317 2023 σιν
2347 1971 2441 2023 ἐπὶ
2463 1970 2752 2042 διορθώσει
2782 1973 2885 2044 τῆς
2927 1972 3246 2037 ὑποθέσεως
3283 1973 3377 2028 καὶ
3417 1974 3483 2026 τὸ
3517 1972 3605 2025 τοῦ
3631 1968 3770 2024 ἀοιδίσ

2230 2073 2335 2132 μου
2374 2063 2640 2134 βασιλέως
2667 2065 2774 2136 κῦρ
2810 2065 3062 2120 Ἰωάννου
3093 2064 3493 2143 χρυσόϐουλλον
3525 2062 3614 2118 ἐπὶ
3639 2064 3769 2116 ἀναι·

2228 2157 2378 2227 ρέσει
2410 2159 2504 2212 καὶ
2537 2157 2820 2230 ἀκυρώσει
2854 2158 2949 2214 τοῦ
2979 2159 3252 2229 προτέρου
3283 2159 3450 2215 αὑτοῦ
3482 2155 3770 2230 χρυσοϐούλ-

2226 2251 2321 2305 λου
2362 2254 2427 2322 τῇ
2467 2255 2603 2324 μονῇ
2634 2253 2868 2323 προέϐη,
2901 2253 2998 2308 ἅτε
3027 2253 3091 2320 δὴ
3129 2251 3236 2322 τῆς
3267 2252 3528 2322 ἀληθείας
3548 2247 3768 2318 καθαρὰ

2225 2344 2596 2416 αίθριασάσης
2630 2345 2860 2400 καὶτῶν
2889 2348 2954 2417 τῇ
2994 2347 3130 2416 μονῇ
3166 2345 3484 2413 προσόντων
3507 2339 3770 2410 δικαιωμά-

2224 2455 2335 2491 των
2361 2431 2669 2509 ’ἐσύστερον
2719 2438 3129 2507 ἀναφανέντων,
3173 2438 3284 2492 ὑπὸ
3337 2439 3437 2508 τῆς
3467 2436 3558 2491 τοῦ
3607 2429 3766 2506 καιροῦ

2224 2532 2550 2601 ἀνωμαλίας
2587 2533 2648 2586 τὸ
2689 2533 2956 2603 πρότερον
3006 2532 3426 2604 ἀφανισθέντων
3464 2531 3554 2585 καὶ
3581 2530 3666 2583 ἐπὶ
3691 2542 3770 2596 μα-

2225 2621 2359 2691 κρὸν
2388 2622 2607 2692 συμϐὰν
2633 2623 2774 2678 αὑτὰ
2810 2624 3183 2696 κρύπτεσθαι,
3225 2625 3310 2678 ἐτι
3336 2642 3400 2694 γε
3438 2623 3542 2694 μὴν
3582 2621 3664 2675 καὶ
3694 2615 3768 2673 τοῦ

2230 2717 2569 2787 μυροϐλύτοιι
2597 2719 2692 2771 καὶ
2720 2716 3174 2789 θαυματοϐρύτου
3203 2717 3520 2790 Δημητρίου
3569 2713 3638 2786 μὴ
3671 2715 3772 2767 ἀνα·

2228 2811 2422 2879 σχετὸν
2455 2812 2835 2882 ποιησαμένου
2892 2811 2964 2864 τὰ
3014 2810 3115 2879 τῆς
3144 2810 3411 2880 ἀληθείας
3443 2812 3521 2874 είς
3566 2807 3699 2869 τέλος
3726 2803 3772 2856 ἐν

2225 2907 2425 2972 ἀφανεῖ
2481 2904 2861 2974 κρύπτεσθαι,
2899 2903 3040 2959 ἀλλά
3080 2904 3396 2974 θαυμάσιόν
3421 2921 3540 2958 τινα
3585 2899 3771 2970 τρόπον,

2229 2999 2434 3067 μᾶλλον
2487 2999 2546 3053 δὲ
2593 2999 2745 3068 αὐτῷ
2779 2998 3006 3075 ’συνήθη
3063 2999 3162 3052 καὶ
3192 3000 3482 3068 πρέποντα
3523 2996 3772 3065 φοϐήτροις

2223 3092 2338 3146 τισὶ
2375 3092 2469 3144 καὶ
2525 3093 2782 3162 φάσμασι
2818 3094 2914 3146 καὶ
2967 3091 3447 3161 ἐκδειματώσεσιν
3491 3093 3546 3144 ἐν
3598 3087 3772 3146 τούτοις

2225 3185 2322 3238 καὶ
2361 3185 2535 3239 νόσων
2570 3185 2894 3253 ἐπαγωγαῖς
2927 3185 3024 3238 καὶ
3087 3185 3362 3247 ποικίλοις
3393 3184 3506 3238 τισὶ
3549 3177 3772 3236 τοιούτοις

526 3259 725 3319 οδικῶξ
775 3257 1209 3328 προκαθημένης
1233 3258 1337 3329 τῆς
1358 3258 1517 3331 ἡμῶν
1554 3261 1932 3349 μετριότητος.
1957 3259 2125 3330 πωλέ’·
2151 3285 2196 3346 c
2228 3278 2324 3332 τὸν
2359 3277 2471 3349 κῦρ
2518 3277 2745 3349 Μιχαὴλ
2778 3279 2989 3332 ἐκεῖνον
3033 3277 3126 3332 τὸν
3151 3277 3430 3347 δεσπότην
3454 3276 3585 3346 πρὸς
3621 3266 3774 3325 συναί-

531 3371 720 3407 τειναν
755 3352 856 3421 μὲν
892 3352 1170 3422 δικαίωμα
1216 3355 1281 3425 τῇ
1318 3347 1657 3424 μητροπόλει
1699 3355 1927 3426 γεγονὸς
1964 3357 2122 3427 ’πῖαρἁ
2231 3371 2426 3443 σθησιν
2442 3347 2777 3439 ἀγαγόντος,
2804 3371 2890 3435 ὡς.
2925 3371 2988 3425 ού
3022 3370 3207 3435 καλῶς
3237 3370 3352 3441 ἀρα
3384 3370 3461 3442 τῷ
3486 3369 3573 3424 τοῦ
3598 3363 3774 3435 Λαρίσ-

527 3445 625 3500 τοῦ
653 3447 755 3514 τὴν
789 3447 971 3498 ἐκεῖσε
1003 3447 1192 3518 χώραν
1220 3447 1300 3518 τῷ
1333 3449 1456 3502 τότε
1488 3447 1613 3502 κατ’
1638 3448 1892 3514 ἐξουσίαν
1920 3449 2120 3506 αὐθεν-

527 3539 690 3609 τικὴν
731 3537 1039 3602 διέποντος,
1065 3537 1161 3592 τοῦ
1187 3539 1455 3594 δεσπότου
1487 3539 1702 3593 ἐκείνου
1731 3537 1840 3608 κῦρ
1870 3539 2118 3612 Μιχαὴλ,

529 3631 608 3694 ὡς
652 3631 856 3698 μεταξὺ
897 3633 995 3685 καὶ
1029 3632 1152 3686 τότε
1201 3633 1296 3687 τοῦ
1330 3650 1392 3686 τε
1430 3634 1532 3704 τῆς
1571 3633 1966 3705 μητροπόλεως
2018 3635 2119 3705 μέ-

536 3743 668 3796 ρους
699 3728 789 3779 καὶ
820 3726 918 3796 τῆς
941 3727 1245 3800 εἰρημένης
1298 3728 1472 3798 μονῆς
1518 3729 1992 3800 ἀμφισϐητήσεως
2025 3730 2124 3782 καὶ

529 3818 815 3884 διενέξεως
846 3822 1190 3891 κατεχούσης
1217 3821 1347 3892 περὶ
1375 3821 1552 3892 αὐτῆς
1580 3822 1644 3894 δὴ
1669 3821 1772 3890 τῆς
1812 3821 1986 3891 μονῆς
2014 3821 2121 3876 ὑπὸ

531 3912 630 3982 τὴν
661 3913 1001 3984 μητρόπολιν
1027 3913 1263 3983 ἄγεσθαι
1289 3915 1384 3970 τοῦ
1433 3916 1559 3970 κατ’
1599 3915 1772 3984 αὐτὴν
1812 3916 2120 3987 ἀρχιερέως

529 3999 808 4068 ἀξιοῦντός
843 4021 904 4057 τε
937 4005 1032 4058 καὶ
1085 4005 1452 4070 δικαιοῦντος.
1502 4008 1615 4062 Καὶ
1651 4008 1840 4079 μέντοι
1868 4008 1965 4062 καὶ
1998 4006 2122 4078 κρί-

529 4112 674 4160 σεως
719 4095 814 4149 ἐπὶ
848 4095 1028 4165 τούτῳ
1075 4097 1382 4168 γενομένης
1445 4099 1600 4168 παρά
1649 4097 1746 4152 τοῦ
1797 4098 2120 4168 Γοριανίτου

529 4189 745 4242 ἐκείνου
785 4187 892 4242 ὑπὸ
923 4188 1002 4259 τῷ
1029 4189 1271 4265 δεσπότῃ
1323 4192 1611 4256 τελοῦντος
1656 4191 1752 4245 καὶ
1789 4191 1858 4246 τὰ
1889 4192 2122 4247 τοιαῦτα

529 4280 1028 4351 ἐξυπηρετοῦντος,
1063 4282 1146 4338 ἔτι
1172 4285 1229 4337 δὲ
1263 4286 1355 4338 καὶ
1381 4286 1553 4339 αὑτοῦ
1582 4283 1678 4339 τοῦ
1711 4285 1978 4340 δεσπότου
2011 4287 2121 4358 κῦρ

532 4372 753 4445 Μιχαὴλ
797 4373 878 4446 τῷ
927 4377 1208 4448 είρημένῳ
1239 4378 1536 4448 γράμματι
1569 4379 1662 4430 καὶ
1687 4377 2024 4445 δικαιώματι
2055 4380 2125 4434 τὰ

531 4468 634 4537 τῆς
664 4467 904 4538 κρίσεως
935 4467 1289 4540 βεϐαιοῦντος
1313 4486 1328 4502 ’
1367 4469 1685 4541 προέτεινον
1714 4471 1764 4524 οἱ
1794 4470 1892 4525 τοῦ
1917 4471 2126 4544 Λαρίσ-
2171 4501 2174 4510 ·

515 4577 633 4629 ’σης
665 4560 762 4615 καὶ
791 4562 1196 4632 χρυσόϐουλλον
1225 4562 1418 4632 ἕτερον
1462 4561 1558 4628 τοῦ
1593 4564 1869 4634 βασιλέως
1894 4567 1990 4620 τοῦ
2019 4583 2126 4621 πα-

531 4651 659 4725 τρδς
691 4654 785 4708 τοῦ
819 4658 1117 4724 κρατίστου
1142 4656 1238 4709 καὶ
1262 4656 1422 4725 ἀγίου
1453 4674 1554 4728 μου
1587 4658 2020 4731 αὐτοκράτορος,
2051 4661 2123 4714 τά

535 4749 633 4815 τῆς
663 4749 980 4814 ὑποθέσεως
1007 4750 1069 4803 ὲν
1101 4749 1316 4822 ὑστέρῳ
1351 4751 1446 4804 καὶ
1483 4750 1618 4806 αὑτὸ
1645 4751 2004 4807 ἐπιϐεϐαιοῦν
2030 4755 2128 4807 καὶ

536 4842 603 4911 τῇ
630 4842 915 4913 Λαρίσσης
947 4841 1046 4913 τὴν
1072 4843 1171 4912 τῆς
1221 4843 1389 4914 μονῆς
1437 4845 1798 4916 ἐπιστηρίζον
1857 4842 2015 4909 αὖθις
2043 4846 2129 4898 δε-

538 4934 803 4988 σποτείαν
831 4935 1217 5008 πνευματικὴν
1243 4939 1338 4991 καὶ
1358 4939 1692 5017 ἐπιτροπήν.
1714 4938 1824 4992 Καὶ
1855 4933 2000 5007 ἦσαν
2029 4939 2134 5009 μὲν

540 5029 608 5080 τὰ
632 5027 860 5082 τοιαῦτα
894 5027 1274 5100 δικαιώματα,
1306 5029 1382 5094 ὡς
1415 5031 1558 5084 οὕτω
1592 5047 1659 5099 γε
1690 5029 1952 5096 ἀκοῦσαι,
1981 5032 2132 5102 ίσχυ-

529 5105 614 5190 ’ρὰ
640 5124 705 5191 τῇ
737 5121 1021 5193 Λαρίσσης
1050 5124 1148 5177 καὶ
1200 5123 1601 5193 ἀναντίρρητα,
1642 5123 1774 5194 πρίν
1803 5140 1868 5191 γε
1923 5125 2033 5196 μὴν
2063 5126 2132 5180 τὰ

536 5214 646 5268 τῶν
685 5215 1169 5287 Μαρμαριανιτῶν
1201 5217 1281 5280 είς
1319 5216 1488 5284 μέσον
1521 5217 1810 5286 ἐνεχθῆναι
1839 5217 1933 5272 καὶ
1955 5219 2135 5289 ἐμφα⁸

539 5308 806 5374 νίζεσθαι,
835 5309 1018 5363 καίτοι
1053 5325 1117 5376 γε
1167 5308 1270 5360 οὐκ
1311 5307 1452 5360 αὐτὰ
1479 5308 1548 5361 τΞι
1578 5309 1745 5378 κύρια
1777 5310 2133 5383 δικαιώματα

541 5396 940 5467 ἐμφανίζοντες
969 5393 1111 5467 ἦσαν
1139 5397 1190 5449 οῖ
1222 5395 1316 5449 τοῦ
1342 5397 1648 5469 Λαρίσσης,
1679 5399 1815 5454 ἀλλὰ
1845 5401 1956 5454 τῶν
1983 5419 2136 5472 πρω-

541 5493 792 5544 τοτύπων
848 5491 962 5554 ίσα,
1011 5489 1087 5553 ὡς
1135 5491 1317 5544 αὑτῶν
1343 5490 1407 5562 δὴ
1463 5493 1574 5546 τῶν
1617 5493 1998 5564 πρωτοτύπων
2039 5494 2134 5548 ὑπ’

544 5584 748 5648 ἄλλοις,
779 5583 854 5645 ὡς
882 5583 1110 5652 ἔφασαν,
1147 5586 1588 5658 εὑρισκομένων,
1623 5588 1768 5643 οὕτω
1803 5588 1900 5643 τοῦ
1937 5589 2136 5662 καιροῦ

548 5675 975 5746 σχεδιάσαντοςο
1031 5676 1171 5733 ἀλλά
1234 5678 1411 5734 ταῦτα
1462 5681 1564 5751 μὲν
1608 5681 1659 5734 οι
1707 5680 1801 5734 τοῦ
1851 5682 2138 5754 Λαρίσσης

485 5790 509 5806 ι
548 5769 934 5838 προτείνοντες
985 5766 1151 5844 ἦσαν,
1187 5773 1263 5837 ὡς
1311 5773 1553 5845 εἴρηται,
1586 5777 1678 5828 καὶ
1708 5774 1803 5829 ἐπὶ
1839 5774 2054 5841 τούτοις
2077 5777 2140 5830 τὸ

551 5865 658 5916 πᾶν
721 5866 1147 5937 ἰσχυριζόμενοι.
1199 5869 1582 5940 Προεκόμισαν
1629 5868 1688 5922 δὲ
1741 5870 1891 5940 ὅμως
1941 5870 2037 5924 καὶ
2086 5871 2138 5925 οί

555 5958 1017 6038 Μαρμαριανῖται
1063 5966 1133 6022 τὰ
1162 5965 1457 6053 ξπροσόντα
1497 5968 1563 6036 τῇ
1603 5969 1740 6038 μονῇ
1781 5966 2190 6038 δικαιώματα,’

2233 3481 2336 3536 σης
2368 3465 2524 3535 μέρει
2557 3463 2656 3534 τὴν
2683 3465 2785 3534 τῆς
2813 3463 3129 3528 ὑποθέσεως
3153 3463 3449 3519 δικαίωσιν
3479 3464 3563 3519 διὰ
3596 3458 3682 3516 τοῦ
3714 3457 3774 3511 εί-

2235 3557 2478 3629 ρημένου
2542 3557 2879 3628 γράμματος
2949 3558 3360 3630 ποιησάμενον.
3428 3559 3548 3613 Ἐπὶ
3602 3553 3775 3612 τούτοις

2185 3683 2192 3689 -
2235 3651 2424 3722 μέντοι
2471 3650 2609 3704 πᾶσι
2656 3649 2754 3703 καὶ
2786 3649 3166 3720 ὑπομνήματα
3207 3651 3586 3722 πατριαρχικὰ
3610 3649 3703 3701 τῶν
3732 3645 3776 3696 ἐν

2236 3742 2490 3814 μακαρία
2527 3743 2595 3812 τῇ
2635 3741 2789 3813 λήξει
2825 3743 3209 3814 πατριαρχῶν,
3235 3746 3338 3799 τοῦ
3365 3763 3422 3799 τε
3454 3744 3556 3813 κῦρ
3598 3741 3776 3810 Γερμα·
3805 3730 3808 3734 ’

2233 3834 2328 3889 νοῦ
2357 3835 2450 3889 καὶ
2489 3835 2584 3889 τοῦ
2611 3835 2722 3906 κῦρ
2758 3835 3041 3906 Μανουὴλ,
3083 3836 3235 3905 παρά
3265 3839 3383 3892 τῶν
3419 3834 3656 3907 μοναχῶν
3673 3844 3777 3898 προ-

2234 3926 2573 3996 κομισθέντα
2609 3928 2704 3981 καὶ
2752 3928 3174 3996 ἀναγνωσθέντα
3205 3929 3301 3982 καὶ
3339 3930 3516 3985 ταῦτα
3544 3925 3672 3999 ἦσαν
3701 3921 3776 3991 μὲν

2233 4020 2509 4091 ἀριδήλως
2542 4021 2900 4091 παριστῶντα
2932 4021 3032 4075 σῦν
3063 4025 3176 4087 τοῖς
3223 4023 3438 4090 λοιποῖς
3485 4017 3776 4087 δικαιώμασι

2231 4113 2334 4183 τῆς
2363 4113 2557 4183 μονῆς,
2583 4113 2736 4177 ὅπως
2768 4131 2828 4166 τε
2874 4114 2970 4168 καὶ
2999 4113 3124 4168 ὅθεν
3155 4114 3216 4167 τὸ
3241 4115 3298 4182 ἐξ
3341 4117 3513 4188 ἀρχῆς
3536 4115 3568 4186 ἠ
3593 4112 3681 4182 τῆς
3707 4122 3779 4177 μο-

2236 4208 2332 4274 νῆς
2359 4205 2716 4276 πνευματικὴ
2737 4205 3030 4260 δεσποτεία
3052 4207 3149 4260 καὶ
3178 4209 3446 4279 κυριότης
3467 4208 3532 4278 τῇ
3555 4213 3778 4273 πατριαρ-

2235 4300 2366 4368 χικῇ
2405 4298 2764 4370 προσήκουσα
2802 4297 3192 4368 μεγαλειότητι
3222 4299 3549 4365 διετέλεσεν,
3594 4292 3717 4367 ἦσαν
3737 4287 3779 4341 δὲ

2237 4391 2334 4444 καὶ
2387 4390 2456 4444 δι’
2510 4390 2811 4460 ἐπιτιμίων
2869 4390 3336 4462 φρικωδεστάτων
3383 4391 3461 4462 τῷ
3501 4387 3681 4456 δικαίῳ
3707 4379 3780 4449 τὴν

2210 4483 2398 4553 ’ἰσχὺν
2423 4483 2797 4552 ἀπονέμοντα.
2847 4485 2922 4537 Τὸ
2963 4483 3023 4538 δὲ
3077 4478 3168 4556 ἦν,
3207 4483 3478 4557 μηδαμῶς
3523 4482 3610 4552 ὑφ’
3652 4474 3781 4544 ἐτέρίί⁸

2241 4573 2376 4627 ποτέ
2423 4573 2720 4643 δεσποτεία
2751 4576 2849 4627 καὶ
2895 4574 3186 4645 ἀνακρίσει
3237 4569 3671 4645 πνευματικῇτά
3705 4563 3781 4630 τῆς

2237 4669 2411 4741 μονῆς
2445 4669 2706 4737 γενέσθαι
2763 4669 2823 4722 τὸ
2876 4667 3124 4730 σύνολον,
3160 4667 3284 4722 ἀλλ’
3322 4669 3357 4740 ἢ
3419 4668 3554 4738 μόνῃ
3595 4664 3656 4734 τῇ
3702 4672 3781 4710 πα-

2232 4761 2530 4830 τριαρχικῇ
2559 4760 2822 4830 περιωπῇ
2879 4757 3306 4831 προσηρμόσθαι
3355 4759 3443 4812 διὰ
3484 4753 3674 4816 παντὸς
3698 4744 3771 4802 καὶ

2232 4851 2405 4922 ταύτῃ
2445 4853 2580 4923 μόνῃ
2614 4851 2695 4914 είς
2720 4851 2811 4904 τὸν
2842 4852 2971 4920 ἑξῆς
3001 4851 3223 4905 ἅπαντα
3266 4852 3460 4924 χρόνον
3490 4846 3781 4904 ύποκύπτειν

2233 4943 2331 4998 καὶ
2363 4943 2764 4999 ὑποτάττεσθαι
2795 4942 2890 4997 καὶ
2913 4942 3010 4996 τοῦ
3036 4941 3445 5014 πατριαρχικοῦ
3475 4939 3629 5010 μόνου
3651 4929 3781 4987 ποιεῖ-

2237 5037 2364 5090 σθαι
2392 5036 2674 5106 ἀναφορὰν
2705 5036 2972 5104 ὀνόματος
2993 5035 3135 5088 κατά
3166 5035 3228 5088 τὸ
3260 5033 3492 5089 παλαιὸν
3521 5027 3780 5092 δικαίωμα»

2239 5129 2530 5202 βασιλικὴν
2585 5129 2753 5183 οὖσαν
2802 5127 2921 5196 ἅμα
2976 5129 3071 5182 καὶ¹
3124 5128 3556 5199 πατριαρχικήν.
3596 5120 3781 5172 Τούτοις

2237 5226 2398 5292 ἡμεῖς
2432 5224 2640 5278 ἅπασιν
2675 5220 2926 5292 ἀκριϐῶς
2979 5221 3347 5292 προσσχόντες
3376 5219 3470 5273 καὶ
3499 5216 3590 5286 τὴν
3620 5208 3702 5264 τοῦ
3721 5203 3780 5255 δι-

2239 5316 2397 5369 καίου
2429 5315 2604 5386 ῥοπὴν
2633 5317 2749 5378 τοῖς
2783 5313 3100 5384 εἰρημένοις
3130 5313 3356 5383 τρόποις
3384 5310 3478 5366 καὶ
3521 5299 3782 5386 δικαιώμας

2241 5428 2327 5463 σιν
2385 5383 2694 5479 ὁλοσχερῶς
2742 5383 3238 5477 ἀπονενεμημένην
3289 5402 3704 5486 κατανοήσαντες
3729 5383 3782 5486 τῇ

2244 5505 2406 5572 μονῇ.
2437 5472 2738 5572 ’τῷ-δικαίῳ
2771 5501 2866 5555 καὶ
2896 5472 3455 5569 αὐτοι-τὴντνικῶσαν
3479 5491 3646 5562 ψῆφον
3668 5472 3783 5534 κάτά

2241 5597 2302 5650 τὸ
2340 5595 2621 5666 προσῆκον
2681 5593 3137 5649 ἀποδεδώκαμεν.
3182 5591 3386 5646 Μέντοι
3433 5584 3525 5638 καὶ
3577 5582 3784 5666 παρακε-

2242 5687 2466 5742 λεύεται
2502 5665 2598 5741 καὶ
2655 5686 3010 5740 διατάττεται
3048 5687 3106 5739 ἐν
3163 5682 3304 5754 ἁγίῳ
3344 5677 3613 5746 Πνεύματι
3651 5665 3679 5733 ἡ
3710 5673 3784 5754 μξ·

2243 5782 2469 5850 τριότης
2500 5777 2660 5848 ἡμῶν
2697 5777 2836 5848 μετά
2864 5777 2966 5847 τῆς
2995 5779 3126 5846 περὶ
3159 5748 3328 5845 αύτην
3363 5768 3511 5831 θείας
3549 5748 3782 5850 καὶνὶερᾶς

2249 5849 2472 5928 συνόδου
2506 5873 2603 5925 καὶ
2645 5869 2977 5942 όμηγύρεως
3001 5869 3112 5923 τῶν
3161 5865 3469 5940 ίερωτάτων
3505 5854 3593 5911 καὶ
3626 5849 3781 5942 ἀμπ’

2238 5969 2400 6040 ρέων,
2437 5965 2500 6020 τὸ
2529 5935 2940 6036 στέργοννέχειν
2967 5963 3064 6018 καὶ
3095 5935 3322 6034 ἐνεργὸν
3351 5957 3418 6011 τὰ
3458 5935 3773 6016 διειλημμένα
