4046 6508
316 425 456 493 1153

1379 418 1778 483 SYNODICI‘E
1813 376 2531 483 CONSTITUTIONES;

3449 415 3587 481 ιιςι

312 544 409 614 τῆς
441 539 609 611 μονῆς
639 535 988 606 δικαιώματα
1021 533 1117 588 καὶ
1151 533 1295 586 κατὰ
1324 530 1424 602 τὴν
1457 529 1640 584 αὐτῶν
1671 528 1896 602 περίλη-
1922 535 1975 594 Α
1998 546 2107 584 των
2131 531 2227 585 καὶ
2243 532 2470 586 δικαίων
2493 529 2630 597 ἐστὶ,
2657 528 2786 594 τούς
2808 529 2868 584 ἐν
2883 530 2998 595 τοῖς
3020 529 3352 602 πράγμασιν
3376 531 3588 587 εὐδοκι-
3651 575 3654 578 .

312 637 403 706 ψιν
433 629 724 702 βασιλικὴν
755 629 848 681 καὶ
899 622 1308 695 πατριαρχικὴν
1349 622 1453 677 κάν
1501 620 1582 690 τῷ
1624 619 1754 689 ἑξῆς
1797 619 1894 672 καὶ

312 727 552 798 διηνεκεῖ
579 723 760 796 χρόνῳ
794 721 888 774 καὶ
930 715 1072 772 εἶναι
1109 723 1205 771 καὶ
1237 715 1608 788 ὀνομάζεσθαι
1643 714 1746 784 τὴν
1782 729 1895 766 τοι-

315 819 488 888 αύτην
514 817 620 870 τῶν
655 811 1066 882 Μαρμαριάνων
1108 809 1294 881 μονὴν,
1327 807 1556 878 ἀπέχειν
1583 807 1641 860 δὲ
1686 804 1896 874 ταύτης

315 907 406 960 τόν
435 923 495 960 τε
527 903 622 958 νῦν
671 901 1079 975 μητροπολίτην
1113 901 1397 970 Λαρίσσης
1446 900 1544 952 καὶ
1593 896 1722 960 τοὺς
1776 893 1896 966 μετ’

319 999 479 1054 αὑτὸν
521 1000 620 1068 τὴν
657 995 960 1066 ἐκκλησίαν
992 993 1202 1064 ταύτην
1244 991 1672 1063 ἀναδεξομὲνους
1707 991 1898 1060 ἀρχιε-

220 1153 225 1158 ,
321 1092 454 1163 ρεῖς,
487 1089 569 1142 ἔτι
597 1089 656 1143 δὲ
683 1087 893 1142 καὶτὸν
916 1084 1404 1157 πλησιοχωροῦντα
1441 1083 1542 1153 τῆς
1568 1082 1899 1153 Χαρμαίνης

319 1184 640 1246 ἐπίσκοπον,
662 1180 758 1235 διτε
791 1179 1107 1252 μηδαμόθεν
1136 1178 1263 1250 μηδ’
1291 1177 1458 1232 αὐτὸν
1478 1177 1572 1231 ἐπί
1597 1192 1744 1230 τισιν
1759 1175 1900 1239 ὅλως

318 1275 422 1328 τῶν
448 1273 551 1345 τῆς
595 1275 764 1345 μονῆς
804 1271 1214 1342 δικαιούμενον,
1244 1269 1557 1341 ὑφορᾶσθαι
1580 1267 1900 1338 ὀφείλοντας

215 1409 222 1414 .
317 1368 412 1438 τὴν
471 1367 862 1436 ὲπηρτημένην
901 1364 1202 1435 κανονικην
1259 1361 1565 1429 καταδίκην
1629 1361 1742 1422 τοῖς
1801 1359 1901 1412 οὐκ

319 1460 618 1530 ἐμμένουσι
657 1463 772 1524 τοῖς
803 1459 976 1528 ὁρίοις
1003 1457 1186 1512 αὐτῶν
1209 1456 1307 1510 καὶ
1331 1454 1442 1508 τῶν
1467 1453 1770 1522 ἀλλοτρίων
1797 1468 1897 1504 κα-

317 1549 772 1622 τεπεμϐαίνουσι.
804 1552 896 1603 Διὸ
944 1548 1044 1604 καὶ
1094 1548 1248 1602 ἔσται
1306 1547 1547 1618 μένουσα
1597 1546 1633 1616 ἡ
1673 1543 1901 1613 τοιαύτη

321 1642 480 1712 μονὴ,
510 1642 595 1712 ἐφ’
615 1637 683 1716 ἦς
710 1641 969 1696 τέτακται
991 1641 1052 1694 τὸ
1077 1639 1329 1709 ἀπαρχῆς
1350 1635 1558 1702 τάξεώς
1576 1653 1636 1689 τε
1657 1641 1752 1692 καὶ⁵
1777 1634 1904 1688 ἰδιό-

317 1753 502 1806 τητος,
523 1737 620 1789 καὶ
641 1736 747 1790 ὑπὸ
761 1737 860 1805 τὴν
879 1735 1003 1790 καθ²
1030 1736 1180 1806 ἡμᾶς
1200 1731 1512 1803 ἀγιωτάτην
1526 1730 1622 1784 τοῦ
1639 1725 1777 1783 Θεοῦ
1793 1728 1906 1782 Με-

316 1827 490 1898 γάλην
521 1827 849 1897 Ἐκκλησίαν
873 1826 1117 1897 δηλόνοτι
1147 1824 1634 1896 συναριθμουμένη
1662 1821 1759 1876 καὶ
1774 1838 1908 1874 τατ-

317 1924 520 1991 τομένη
555 1923 771 1992 μοναῖς,
802 1920 1017 1975 ἔσονται
1047 1920 1104 1974 δὲ
1119 1919 1323 1989 ὁμοίως
1355 1919 1496 1990 αὐτῇ
1527 1919 1624 1971 καὶ
1661 1917 1712 1969 οῑ
1746 1916 1898 1986 παρά

318 2013 412 2068 τοῦ
436 2017 638 2082 μέρους
668 2014 872 2084 ταύτης
905 2012 1296 2084 ἀνεγερθέντες
1322 2010 1454 2064 θεῖοι
1478 2009 1619 2074 ναοὶ,
1655 2008 1752 2063 καὶ
1781 2009 1900 2062 ὅσοι

318 2106 398 2167 είς
413 2105 473 2157 τὸ
494 2103 624 2174 ἑξῆς
643 2103 1108 2176 ἀνεγερθήσονται
1125 2105 1271 2158 κατά
1290 2105 1383 2158 τδν
1401 2104 1582 2156 ἐκεῖσε
1613 2102 1782 2154 τόπον
1803 2100 1900 2154 καὶ

316 2195 388 2248 τὰ
428 2195 558 2264 ὅρια
605 2194 713 2249 τῶν
755 2199 1022 2266 μετοχίων
1052 2195 1152 2266 τῆς
1186 2194 1358 2265 μονῆς
1396 2197 1492 2248 κα)⁸
1524 2193 1729 2247 λοιπῶν
1764 2208 1899 2263 κτη-

322 2290 526 2358 μάτων,
563 2290 715 2356 παρά
747 2288 977 2358 μηδενὸς
1007 2287 1102 2342 καὶ
1129 2287 1241 2340 τῶν
1286 2288 1345 2340 ὲν
1375 2288 1560 2348 αὐτοῖς
1595 2283 1902 2354 ἱερατεύειν

322 2377 626 2448 μελλόντων
654 2380 756 2448 τὴν
787 2380 1079 2450 ἀνάκρισιν
1109 2378 1255 2449 ἔχειν
1289 2378 1616 2446 ὀφειλόντων
1649 2377 1748 2430 καὶ
1779 2374 1901 2440 ἐξέ-

317 2483 498 2535 τασιν,
534 2467 715 2540 ἀλλ’ἢ
755 2469 920 2540 μόνον
960 2469 1116 2540 παρὰ
1144 2469 1255 2523 τῶν
1283 2470 1389 2523 ὑπὸ
1429 2469 1528 2538 τῆς
1567 2484 1901 2539 πατριαρχι-

290 2559 421 2630 ’κῆς
455 2559 876 2631 μεγαλειότητος
932 2562 1014 2626 είς
1058 2562 1158 2632 τὴν
1191 2560 1301 2626 τῷν
1354 2561 1538 2614 ἐκεῖσε
1590 2561 1903 2632 έξαρχικῶν

320 2650 584 2722 διοίκησιν
611 2651 1103 2723 ἀποστελλομένων
1133 2655 1279 2708 κατά
1306 2653 1368 2707 τὸ
1396 2653 1603 2726 προσὸν
1629 2653 1903 2707 ἀνέκαθεν

319 2747 385 2816 τῇ
419 2745 552 2817 ἁγίᾳ
575 2745 672 2800 τοῦ
701 2745 838 2800 Θεοῦ
881 2746 1183 2819 Ἐκκλησία
1215 2747 1534 2819 προνόμιον.
1565 2749 1679 2801 Καὶ
1723 2746 1903 2811 οὐδεὶς

317 2837 573 2892 οὐδέποτε
604 2839 935 2911 πειραθῆναι
991 2840 1199 2911 ὀφείλει
1237 2842 1337 2894 οὐκ
1364 2840 1684 2911 ἀρχιερεὺς,
1719 2840 1779 2893 οὐ
1812 2855 1906 2892 κο·

319 2932 524 3003 σμικὴν
563 2931 723 2998 ἀξίαν
771 2933 1230 3005 ἐπανῃρημένος,
1269 2933 1368 3002 οὐχ
1418 2933 1607 3004 ἕτερός
1645 2949 1730 2996 τις
1791 2931 1904 2989 τῶν

319 3024 578 3079 ἁπάντων
624 3027 704 3088 είς
743 3025 1060 3096 ἀνατροπὴν
1091 3028 1187 3078 καὶ
1219 3025 1478 3095 ἀθέτησιν
1506 3025 1758 3096 χωρῆσαι
1791 3025 1903 3077 τῶν

318 3119 387 3189 τῇ
421 3121 556 3188 μονῇ
585 3120 898 3187 προσόντων
932 3119 1195 3170 τοιούτων
1222 3115 1618 3187 δικαιωμάτων
1647 3115 1745 3168 καὶ
1770 3131 1904 3186 προ-

2001 623 2241 690 μοῦντας
2273 625 2383 678 τῶν
2432 623 2734 694 βασιλικῶν
2782 623 2881 678 οὐκ
2921 624 3179 695 ἀμοιρεῖν
3213 625 3476 696 χαρίτων,
3512 621 3589 682 ὧν

1998 716 2121 771 κατ’
2173 717 2378 787 ἀρετὴν
2439 715 2824 786 πνευματικὴν
2874 717 2907 787 ή
2969 715 3370 787 εὐδοκίμησις,
3433 718 3589 785 ἀξίας

1999 809 2453 881 ἀντιμετρεῖσθαι
2498 811 2598 874 τὰς
2654 811 2805 880 παρὰ
2852 809 3124 881 βασιλέως
3171 810 3340 881 τιμάς
3375 829 3436 864 τε
3493 814 3591 868 καὶ

1999 904 2231 975 χάριτας
2254 903 2462 970 αὐτοῖς,
2486 902 2645 956 τοῦτο
2665 904 2722 958 δὲ
2762 903 2859 957 καὶ
2885 903 2995 957 τῶν
3029 904 3237 974 σφόδρα
3268 904 3592 972 ἀναγκαίων

2000 985 2087 1064 εἴη
2121 992 2207 1060 ἂν,
2243 993 2433 1063 ἐπειδὴ
2466 994 2603 1062 πρὸς
2633 993 2812 1066 ψυχὴν
2844 993 3112 1048 διαϐαίνει
3157 997 3219 1048 τὸ
3249 997 3351 1066 τῆς
3383 996 3592 1050 εὐδοκιο

2004 1087 2225 1155 μήσεως
2248 1083 2482 1140 ἐνταῦθα
2513 1083 2826 1149 κάλλιστον,
2860 1090 2956 1140 καὶ
2979 1087 3068 1142 διά
3093 1087 3252 1140 τοῦτο
3283 1087 3468 1141 πλεῖον
3494 1088 3592 1142 καὶ¹

1999 1177 2062 1230 τὸ
2091 1176 2192 1248 τῆς
2238 1176 2409 1246 τιμῆς
2455 1176 2722 1248 ὑπερέχον
2751 1179 3028 1249 ὀφείλεται
3073 1181 3189 1243 τοῖς
3236 1179 3358 1233 κατ’
3387 1179 3592 1249 ἀρετὴν

2003 1269 2388 1340 πνευματικὴν
2414 1269 2801 1338 εὐδοκιμοῦσιν
2825 1271 2857 1342 ἢ
2889 1274 3001 1334 τοῖς
3025 1273 3149 1326 καθ’
3173 1274 3356 1326 ὅντινα
3374 1273 3440 1343 δὴ
3466 1275 3592 1343 τρό-

2003 1378 2106 1415 πον
2128 1376 2146 1394 ο
2196 1361 2292 1427 κα).
2325 1360 2506 1416 τοίνυν
2530 1361 2626 1416 καὶ
2665 1362 2803 1418 ἀλλα
2853 1363 3025 1418 πολλὰ
3056 1365 3158 1434 μὲν
3199 1365 3587 1434 τυγχάνουσιν,

2004 1452 2151 1524 ἆπερ
2179 1455 2342 1524 ἡμεῖς
2390 1453 2481 1508 διὰ
2507 1455 2607 1519 τῆς
2673 1457 2738 1508 ὲκ
2788 1454 2923 1509 Θεοῦ
2969 1456 3217 1526 δοθείσης
3257 1458 3390 1528 ἡμῖν
3434 1456 3593 1527 βασι-

2003 1545 2152 1607 λείας
2189 1545 2514 1616 κεκτήμεθα
2541 1544 2613 1599 τά
2644 1546 2922 1617 προνόμια
2947 1548 3044 1601 καὶ
3074 1547 3425 1615 δικαιώματα
3456 1550 3594 1617 πρὸς

2007 1633 2107 1706 τὴν
2136 1633 2232 1687 τοῦ
2258 1634 2394 1688 Θεοῦ
2423 1636 2590 1704 ἀγίαν
2616 1634 2974 1708 Ἐκκλησίαν,
3009 1632 3086 1693 ὧν
3116 1638 3382 1693 ἀπάντων
3427 1639 3595 1692 ἕνεκα

2005 1725 2214 1796 ὁπόσην
2242 1725 2546 1795 ποιούμεθα
2574 1727 2673 1800 τὴν
2697 1731 2956 1800 φροντίδα
2986 1731 3084 1784 καὶ
3107 1731 3210 1802 τὴν
3243 1730 3505 1802 σπουδὴν,
3533 1730 3598 1785 τὸ

2009 1818 2288 1888 προσῆκον
2316 1820 2572 1884 ἑκάστοις
2602 1822 2913 1879 ἐπιτιθέναι
2942 1825 3118 1890 τέλος,
3155 1825 3253 1880 καὶ
3279 1827 3469 1880 ὁποῖον
3502 1825 3596 1879 τὸν

2009 1909 2176 1981 ζῆλον
2202 1911 2483 1982 τρέφομεν
2510 1916 2576 1985 τῇ
2605 1914 2701 1968 τοῦ
2729 1915 2866 1969 Θεοῦ
2903 1917 3092 1987 χάριτι
3119 1916 3265 1987 ὑπὲρ
3289 1916 3496 1987 ταύτης
3530 1914 3598 1986 δὴ

2006 2005 2106 2074 τῆς
2147 2004 2501 2077 Ἐκκλησίας,
2533 2008 2611 2072 ὡς
2645 2009 2714 2062 ἂν
2745 2009 3102 2075 διασώζοιντο
3126 2011 3220 2063 καὶ
3242 2010 3590 2080 διατηροῖντο

2006 2094 2182 2170 ταύτῃ
2193 2097 2378 2160 καλῶς
2392 2115 2450 2152 τε
2463 2101 2556 2154 καὶ
2568 2099 2643 2164 ὡς
2659 2099 2778 2172 Θεῷ
2791 2101 2942 2171 φίλον
2954 2143 2970 2168 ,
2980 2103 3082 2155 ὅσα
3094 2103 3174 2165 είς
3192 2101 3256 2155 σύ
3264 2096 3476 2168 στάσιν,
3494 2101 3598 2155 ὅσα

2009 2187 2093 2250 είς
2115 2187 2380 2260 καλλονήν
2406 2206 2466 2243 τε
2494 2191 2589 2245 καὶ
2607 2192 2913 2263 εὐκοσμίαν
2947 2194 3045 2247 καὶ
3065 2193 3164 2246 ὅσα
3194 2193 3277 2256 εἰς
3305 2191 3367 2245 τὸ
3382 2193 3479 2261 τῆς
3507 2192 3600 2244 εὐ-

2010 2280 2227 2344 σεϐείας
2241 2283 2425 2354 ἀφορᾷ
2443 2285 2668 2353 κράτος,
2691 2287 2914 2354 ἀγνοεῖν
2935 2280 3094 2356 οἶμαι
3115 2286 3223 2340 τῶν
3235 2286 3495 2341 ἀπάντων
3507 2286 3598 2340 οὐ·

2007 2372 2264 2428 δένα.“Εν
2278 2374 2506 2445 δ’ὃμως,
2532 2376 2608 2440 ὡς
2627 2379 2868 2448 εἴρηται,
2888 2379 2982 2432 καὶ
3016 2379 3200 2445 τοῦτο,
3219 2375 3294 2434 ὢν
3330 2382 3595 2449 κέκτηται

2007 2463 2042 2533 ἡ
2068 2462 2320 2533 βασιλεία
2341 2467 2500 2537 ἡμῶν
2520 2469 2580 2521 ὲν
2601 2471 2716 2533 τοῖς
2747 2470 3225 2542 ὲκκλησιαστικοῖς
3256 2472 3592 2541 προνομίων,

2007 2557 2072 2609 τὸ
2100 2555 2193 2620 οὓς
2228 2557 2296 2611 ἂν
2329 2558 2590 2631 βούληται
2626 2561 2736 2615 τῶν
2770 2562 3081 2632 ίερωτάτων
3109 2563 3438 2634 ἀρχιερέων,
3473 2563 3597 2632 μεί-

2010 2646 2160 2712 ζοσιν
2187 2649 2368 2715 ἀξίαις
2395 2653 2563 2724 τιμᾷν
2592 2653 2688 2706 καὶ
2724 2653 2834 2707 ἀπὸ
2863 2655 3271 2726 ταπεινοτέρων
3300 2655 3440 2723 πρὸς
3458 2653 3601 2724 ὑψη-

2009 2739 2264 2812 λοτέρους
2299 2743 2662 2816 προϐιϐἀζειν
2717 2745 2947 2817 θρόνους
2978 2746 3068 2800 διὰ
3118 2745 3180 2799 τὸ
3239 2745 3343 2816 τῆς
3395 2747 3601 2816 ἀρετῆς

2010 2833 2293 2906 αἰδέσιμον
2325 2838 2419 2891 καὶ
2479 2838 2807 2908 σεϐάσμιον.
2852 2838 3074 2909 Ἐπειδὴ
3123 2838 3306 2892 τοίνυν
3351 2839 3449 2890 καὶ
3505 2838 3600 2890 τὶν

2012 2927 2308 2996 ἱερώτατον
2345 2931 2756 3003 μητροπολίτην
2789 2933 2988 3002 Ἀπρω
3040 2932 3137 2986 καὶ
3172 2932 3480 3001 ὑπέρτιμον
3507 2924 3602 2985 εῦο

2016 3024 2168 3091 ρενὴ
2206 3021 2459 3090 βασιλεία
2497 3040 2600 3092 μου
2657 3024 2829 3092 ἀνδρα
2884 3025 3028 3095 λόγῳ
3060 3025 3155 3077 καὶ
3206 3025 3378 3094 ἀρετῇ
3437 3039 3601 3076 κεκο-

2015 3117 2319 3186 σμημένον,
2341 3117 2525 3188 πλήρη
2554 3134 2612 3170 τε
2647 3119 2897 3183 παιδείας
2936 3121 3031 3172 καὶ
3064 3120 3444 3190 πνευματικῆς
3477 3135 3605 3173 συν-
3673 3188 3679 3194 _

322 3211 551 3280 νομίων,
584 3210 659 3273 ὼς
687 3213 754 3280 τῇ
778 3209 888 3262 τῶν
911 3209 1269 3280 Λαρισσαίων
1312 3209 1649 3279 μητροπόλει
1685 3207 1903 3260 ὑποθεῖ-
1933 3233 1980 3294 c
2013 3205 2203 3273 έσεως,
2229 3207 2531 3262 κάντεῦθεν
2571 3208 2850 3280 ὠφέλιμον
2907 3213 3034 3265 ὄντα
3067 3215 3175 3274 τοῖς
3210 3215 3605 3283 ἐντυγχάνουσι

321 3319 412 3358 ναι
433 3303 603 3373 αὐτὴν
643 3302 678 3372 ἢ
727 3301 892 3371 ἑτέρᾳ
931 3302 1218 3372 δεσποτεία
1252 3302 1582 3369 ὑπαγαγεῖν,
1630 3301 1792 3368 πλὴν,
1829 3300 1904 3362 ὡς

321 3395 541 3466 εἴρηται
575 3393 862 3458 πολλάκις,
887 3393 986 3463 τῆς
1027 3392 1437 3462 πατριαρχικῆς
1459 3407 1473 3420 ο
1517 3390 1661 3443 κατὰ
1706 3390 1906 3453 παντὸς

322 3487 434 3555 γὰρ
464 3483 559 3537 τοῦ
581 3484 990 3555 διαπράξασθαι
1019 3483 1177 3536 τοῦτο
1206 3483 1568 3552 πειραθέντος
1599 3483 1698 3550 τὴν
1736 3483 1910 3554 αὐτὴν

322 3578 644 3649 ἐπιτίμησιν
677 3578 772 3631 τοῦ
813 3578 1123 3649 ἀφορισμοῦ
1154 3578 1213 3631 ὲν
1247 3577 1386 3647 ἁγίῳ
1436 3577 1742 3646 Πνεύματι,
1785 3577 1907 3648 ἥτις

323 3671 382 3722 ἐν
404 3673 520 3732 τοῖς
552 3671 822 3740 πρότερον
849 3670 1203 3724 ἀπολυθεῖσιν
1229 3669 1624 3740 ὑπομνήμασιν
1651 3671 1791 3740 ὑπὲρ
1810 3668 1908 3738 τῆς

327 3763 495 3832 μονῆς
524 3763 872 3834 ἐπιφέρεται,
910 3766 1006 3818 καὶ
1030 3767 1064 3835 ὴ
1095 3762 1393 3834 μετριότης
1422 3762 1584 3834 ἡμῶν
1613 3751 1910 3815 ἑπανατείὲ

324 3869 475 3907 νεται
505 3854 594 3908 διά
620 3855 713 3908 τοῦ
758 3857 1024 3925 παρόντος
1062 3858 1234 3927 αὐτῆς
1269 3854 1780 3925 ὑπομνηματώδους
1812 3871 1909 3925 ση-

333 3951 668 4019 μειώματος,
697 3951 984 4020 γεγονότος
1017 3951 1160 4003 κατά
1186 3949 1332 4019 μῆνα
1371 3947 1714 4019 Ὀκτώϐριον
1742 3948 1835 4012 τῑπς
1862 3948 1908 4019 β’

322 4043 708 4113 ἑπινεμήσεως
735 4042 831 4095 τοῦ
859 4039 1056 4107 ,ςωκς¹
1091 4041 1265 4104 ἔτους.

632 4133 1600 4208 -ι-Εἷχε.............

319 4294 556 4353 XLVIII.
625 4296 955 4349 Andronicus
1015 4294 1076 4348 11
1153 4293 1485 4364 Palwologus
1558 4293 1907 4363 metropolin

531 4367 801 4436 Aprorum
844 4367 1042 4437 confert
1064 4365 1236 4419 locum
1292 4365 1685 4419 Euchwtorum.

392 4503 432 4576 -ι-
461 4503 584 4558 Τῶν
633 4505 1025 4575 προσηκόντων
1080 4506 1115 4575 ὴ
1151 4501 1403 4573 βασιλεία
1436 4520 1542 4574 μου
1577 4503 1750 4574 κρίνει
1779 4505 1904 4566 τοὺς

315 4597 446 4650 καθ’
479 4595 660 4651 ὁτιοῦν
680 4595 1110 4666 εὐδοκιμοῦντας
1136 4594 1443 4666 βασ.λικῶν
1473 4595 1778 4650 ἀπολαύειν
1805 4613 1906 4666 χα-

319 4691 489 4762 ρίτων
531 4691 626 4744 καὶ
685 4689 968 4760 ἀμοιϐὦνο
1015 4689 1143 4742 επεὶ
1210 4688 1324 4757 γὰρ
1383 4688 1719 4743 οἰκειότατον
1781 4688 1903 4759 μὲν,

315 4784 482 4854 εἴπερ
506 4783 637 4838 ἄλλο
659 4801 737 4848 τι,
780 4785 892 4848 τοῖς
937 4785 1002 4836 ὲκ
1029 4781 1166 4836 Θεοῦ
1209 4781 1523 4852 βασιλεύειν
1552 4782 1781 4852 λαχοῦσι
1803 4782 1905 4836 καὶ

311 4878 383 4932 τὸ
406 4879 532 4943 τοὺς
576 4879 849 4946 ὑπηκόους
905 4876 966 4930 εῦ
1000 4879 1178 4930 ποιεῖν
1233 4876 1378 4930 κατὰ
1420 4877 1656 4948 μίμησιν
1687 4874 1784 4930 τοῦ
1813 4879 1903 4929 δε-

311 4967 558 5032 δωκότος
606 4968 667 5022 τὸ
719 4967 1048 5037 βασιλεύειν,
1099 4968 1192 5021 ἂν·
1224 4967 1321 5021 καὶ
1372 4967 1434 5019 τὸ
1492 4967 1604 5020 τῶν
1644 4967 1905 5035 ὑπηκόων

314 5059 437 5114 ἐσθ’
474 5061 564 5114 ὅτε
597 5063 872 5130 συντρέχῃ
903 5060 998 5112 καὶ
1027 5059 1128 5130 τὴν
1159 5058 1258 5129 τῆς
1304 5058 1552 5123 εὐποιίας
1587 5059 1763 5129 ῥοπὴν
1799 5061 1900 5113 οὐκ

315 5157 565 5225 ἀνασοϐῇ
595 5155 687 5208 διὰ
723 5155 835 5208 τῶν
868 5154 1071 5229 ἔργων,
1109 5154 1310 5224 ῥᾳδίως
1339 5152 1404 5206 ἂν
1439 5153 1729 5229 ἑκατέροις
1753 5156 1905 5206 εκτε-

313 5251 467 5302 λοῖτο
486 5224 554 5302 τά
589 5247 806 5311 δέοντα,
844 5249 957 5308 τοῖς
1019 5224 1118 5316 μέν
1166 5247 1366 5317 δηλαδὴ
1394 5245 1454 5298 τὸ
1487 5224 1802 5315 εὐεργετεῖν
1824 5247 1903 5299 δι-

316 5340 516 5407 καίως,
551 5341 660 5405 τοῖς
687 5337 733 5391 δ’
766 5337 834 5392 αῦ
866 5337 1130 5409 ὑπηκόοις
1159 5337 1221 5390 τὸ
1254 5336 1362 5391 τῶν
1400 5337 1734 5408 εὐεργεσιῶν
1756 5339 1904 5392 ἀκω-

316 5417 498 5497 λύτως
531 5431 958 5502 ἐπιτυγχάνεινο
1013 5431 1208 5484 ἔπειτα
1262 5431 1357 5485 καὶ
1413 5431 1522 5485 τῶν
1571 5429 1792 5484 ἀτόπων
1837 5433 1906 5486 ἂν

314 5528 429 5597 είη,
465 5528 589 5589 τοὺς
623 5525 722 5594 μὲν
756 5526 851 5577 ἐπὶ
903 5527 1018 5586 τοῖς
1053 5525 1411 5593 Ὀλυμπικοῖς
1438 5523 1710 5588 νικῶντας
1764 5526 1903 5580 ἑπά-

321 5620 468 5672 θλων
494 5620 610 5688 ἅμα
650 5619 745 5670 καὶ
774 5615 955 5686 γερῶν
994 5615 1278 5680 ἀξιοῦσθαι
1324 5615 1436 5668 τῶν
1487 5615 1901 5686 προσηκόντων,

313 5715 446 5774 τοὺς
482 5710 538 5763 δέ
586 5725 650 5778 γε
694 5707 826 5778 παρ’
880 5709 1011 5778 ἡμῖν
1074 5707 1384 5779 χρησίμους
1433 5707 1904 5777 ἀναφαινομένους

313 5805 430 5865 τοῖ,
464 5806 756 5873 πράγμασι
783 5801 974 5871 πόρρω
1007 5801 1192 5869 μένειν
1217 5799 1314 5868 τῆς
1340 5799 1698 5870 ὀφειλομένης
1728 5815 1905 5868 παρα-

264 5969 271 5980 .
311 5899 615 5967 χωρεῐσθαι
647 5895 830 5966 τιμῆς.
868 5893 930 5948 EE
967 5892 1082 5960 οῦν,
1106 5893 1177 5955 ὡ,
1207 5891 1442 5963 εἴρηται,
1467 5893 1902 5965 τῶνπροσηκόν-

2009 3297 2079 3352 τά
2111 3315 2175 3367 γε
2213 3300 2268 3362 ἐς
2293 3299 2496 3370 ψυχὴν,
2530 3302 2622 3354 καὶ
2654 3303 2793 3371 πρὸς
2820 3303 3038 3368 τούτοις
3075 3303 3296 3358 εὔνοιαν
3329 3305 3603 3376 είλικρινῆ

2009 3386 2326 3442 δεικνύοντα
2353 3390 2490 3458 πρὸς
2517 3390 2618 3462 τὴν
2656 3391 2940 3462 βασιλείαν
2977 3411 3108 3465 μου,
3135 3398 3202 3466 τῇ
3240 3395 3602 3468 προσηκούσῃ

2009 3480 2200 3535 τοῦτον
2223 3485 2358 3554 τιμῇ
2391 3486 2485 3536 καὶ
2509 3483 2586 3553 τῷ
2612 3484 2711 3555 τῆς
2732 3485 3003 3558 καθέδρας
3026 3487 3399 3558 προϐιϐασμῷ
3432 3489 3601 3560 ἀμεί-

2011 3573 2204 3629 ϐεσθαι
2232 3574 2444 3628 δίκαιον
2474 3577 2507 3647 ἡ
2541 3575 2788 3645 βασιλεία
2821 3594 2925 3648 μου
2961 3580 3140 3649 κρίνει
3171 3581 3461 3649 (τιμᾶσθαι
3489 3583 3600 3651 γὰρ

2009 3666 2112 3738 τὴν
2141 3669 2343 3739 ἀρετὴν
2371 3671 2465 3723 καὶ
2495 3669 2596 3741 τὴν
2633 3671 2958 3741 πρέπουσαν
3005 3672 3227 3742 ἐπέχειν
3275 3674 3446 3742 τιμὴν
3476 3676 3604 3727 πολ-

2011 3759 2190 3830 λαχῶς
2211 3761 2294 3814 κᾶν
2320 3759 2409 3832 εῐη
2442 3761 2551 3814 τῶν
2581 3761 2764 3815 καλῶν
2797 3765 2893 3815 καὶ
2927 3763 3386 3832 ἐπαινουμένων),
3417 3764 3604 3817 επίδο-

2013 3853 2100 3906 σίν
2133 3869 2191 3905 τε
2214 3854 2323 3924 γὰρ
2349 3853 2408 3905 οὐ
2437 3855 2650 3924 μικράν
2675 3870 2800 3908 τινα
2824 3854 2950 3908 καθ’
2969 3854 3175 3924 ἑαυτὴν
3212 3853 3352 3925 αῦτη
3386 3856 3601 3926 λαμϐἀ-
3642 3911 3649 3920 ,

2009 3962 2092 4000 νει
2125 3946 2226 4016 τῆς
2257 3945 2578 4018 πρεπούσης
2622 3948 2788 4018 τιμῆς
2835 3948 3297 4019 ἐπιτυγχάνουσα,
3327 3951 3422 4002 καί
3461 3953 3599 4021 πρός

2009 4056 2073 4109 γε
2105 4041 2213 4110 μὴν
2245 4041 2379 4110 πρὸς
2413 4040 2506 4094 τὸν
2530 4040 2718 4106 ὅμοιον
2748 4041 3056 4112 διανίστησι
3091 4041 3258 4113 ζῆλον
3293 4043 3422 4104 τοὺς
3473 4043 3604 4096 ταύ-
3681 4083 3688 4087 -

2009 4151 2110 4203 της
2141 4135 2478 4198 ἀποδέοντας
2503 4150 2518 4166 °
2555 4134 2737 4188 τοίνυν
2765 4135 2860 4188 καὶ
2886 4135 3100 4189 εὐδοκεῖ
3129 4137 3219 4189 καὶ
3242 4135 3536 4206 διορίζεται
3566 4139 3600 4206 ἠ

2012 4227 2264 4298 βασιλεία
2302 4245 2402 4298 μου
2424 4227 2512 4282 διὰ
2540 4227 2636 4282 τοῦ
2678 4221 2950 4300 παρόντος
2979 4229 3430 4299 προστάγματος,
3467 4229 3602 4282 έπέ-

2011 4339 2126 4391 χειν
2150 4322 2240 4373 τὸν
2270 4321 2580 4392 δηλωθέντα
2627 4321 2926 4391 ἱερώτατον
2959 4317 3371 4396 μητροπολίτην
3403 4323 3602 4392 Ἀπρω

2011 4416 2106 4467 καὶ
2134 4415 2441 4486 ὑπέρτιμον
2492 4415 2587 4468 τὸν
2639 4416 2806 4468 τόπον
2857 4413 2953 4468 τοῦ
3010 4415 3297 4484 Εὐχαίτων
3329 4415 3426 4467 καὶ
3465 4416 3602 4467 ἀπο-

2011 4508 2198 4562 λαύειν
2223 4508 2324 4578 τῆς
2354 4506 2668 4578 ἀνηκούσης
2698 4507 2777 4578 τῷ
2801 4507 3029 4575 τοιούτῳ
3056 4508 3233 4578 θρόνῳ
3257 4507 3422 4576 τιμῆς
3453 4506 3511 4559 ἐν
3543 4524 3599 4560 τε

2011 4604 2131 4663 ταῖς
2161 4600 2306 4656 κατά
2352 4601 2454 4672 τὴν
2486 4600 2637 4655 θείαν
2669 4601 2762 4653 καὶ
2823 4598 2979 4670 ἱερὰν
3036 4599 3256 4652 σύνοδον
3290 4599 3598 4662 συνάξεσιν,

2013 4693 2072 4748 ἐν
2105 4712 2164 4747 τε
2192 4694 2418 4748 στάσεσι
2454 4695 2550 4747 καὶ
2573 4692 2870 4764 καθέδραις
2917 4695 3016 4746 καὶ
3046 4696 3170 4756 ταῖς
3203 4692 3416 4754 λοιπαῖς
3447 4708 3604 4743 συνε-

2012 4787 2255 4852 λεύσεσι,
2289 4787 2387 4841 καὶ
2414 4785 2604 4850 ἁπλῶς
2631 4787 2807 4839 εἶπεῖν
2835 4785 3058 4839 πάντων
3087 4785 3197 4839 τῶν
3231 4786 3599 4854 ὁπωσδήποτε

2011 4881 2350 4950 ἀνηκόντων,
2400 4881 2477 4944 ὡς
2507 4879 2754 4950 εἴρηται,
2804 4879 2882 4949 τῷ
2942 4879 3118 4949 θρόνῳ
3173 4878 3267 4931 τοῦ
3318 4879 3604 4948 Εὐχαίτων

2015 4975 2154 5047 μετὰ
2185 4975 2367 5044 πάσης
2400 4972 2582 5036 ἀδείας
2618 4971 2681 5026 τὸ
2709 4974 2819 5026 ἀπὸ
2858 4970 3012 5025 τοῦδε
3049 4972 3312 5042 μετέχειν
3341 4971 3438 5024 καὶ
3461 4973 3602 5026 ἀπο-

2011 5068 2201 5122 λαύειν
2228 5068 2416 5132 αὑτὸν,
2445 5067 2532 5136 ἐφ’
2557 5057 2601 5134 ᾧ
2628 5067 2724 5121 καὶ
2762 5066 2790 5118 ὁ
2833 5063 3136 5134 ἀγιὼτατός
3173 5081 3276 5133 μου
3308 5063 3600 5134 δεσπότης,

2011 5165 2039 5216 ὁ
2071 5162 2453 5233 οίκουμενικὸς
2485 5159 2858 5231 πατριάρχης.
2895 5156 3109 5225 στέρξει
3147 5159 3239 5210 καὶ
3270 5157 3602 5223 ἀποδέξεται

2011 5255 2174 5329 τοῦτο
2207 5255 2346 5326 μετὰ
2366 5253 2470 5324 τῆς
2510 5252 2641 5321 περὶ
2671 5249 2838 5306 αὐτὸν
2895 5249 3047 5312 θείας
3083 5255 3176 5301 καὶ
3213 5248 3364 5317 ἱερᾶς
3395 5247 3605 5318 όμηγύ-

2017 5363 2155 5417 ρεως
2183 5345 2292 5399 τῶν
2323 5344 2640 5414 ίερωτάτων
2675 5338 3006 5412 ἀρχιερέων,
3049 5340 3144 5393 καὶ
3176 5340 3405 5405 ἐκθήσει
3439 5339 3602 5408 χάριν

2011 5436 2206 5490 τούτου
2233 5434 2330 5489 καὶ
2358 5433 2558 5507 πρᾶξιν
2586 5433 2871 5504 συνοδικὴν
2894 5431 3068 5485 ταυτά
3094 5430 3270 5485 ταῦτα
3301 5428 3605 5498 διαλαμϐά-

2011 5542 2258 5594 νουσαν,⁶
2271 5528 2416 5598 ἂπερ
2455 5529 2550 5580 καὶ
2581 5529 2609 5580 ὁ
2628 5539 2635 5553 '
2656 5526 2756 5597 τῆς
2783 5525 3065 5596 βασιλείας
3088 5541 3190 5592 μου
3217 5521 3466 5592 ὁρισμός.
3503 5519 3604 5573 Διά

2011 5623 2122 5692 γὰρ
2178 5621 2336 5674 τοῦτο
2369 5625 2464 5673 καὶ
2488 5621 2549 5673 τὸ
2578 5623 2754 5689 παρὸν
2781 5619 2875 5690 τῆς
2905 5617 3184 5688 βασιλείας
3213 5631 3316 5685 μου
3353 5613 3602 5681 ἐγεγόνει

2013 5712 2166 5782 αὑτῷ
2205 5713 2569 5782 πρόσταγμα,

2012 5803 2053 5877 ἰ·
2083 5801 2224 5872 Εἶχε
2253 5803 2330 5858 δι’
2354 5803 2622 5873 ὲρυθρῶν
2650 5802 3006 5874 ’γραμμάτων
3034 5797 3146 5866 τῆς
3176 5797 3342 5861 θείας
3368 5795 3465 5850 καὶ
3490 5794 3610 5861 ,ϐα-

2125 5895 2372 5968 σιλικῆς
2397 5897 2596 5968 χειρὸς
2618 5897 2688 5949 τό
2707 5911 2721 5926 ο
2741 5894 2898 5963 Μηνὶ
2938 5891 3241 5960 Νοεμϐρίῳ
3276 5889 3391 5943 ινδ.
3413 5888 3496 5954 β’.
