4046 6452
443 432 580 501 1159

1593 426 1835 490 ESAUE
1873 426 1983 489 ΕΡ.
2026 421 2542 486 PATRIARCIIB

3562 414 3700 480 1160

1803 747 2347 862 ESAIAS.

1265 1045 1604 1103 ΚΩΔΙΚΙΟΝ
1637 1045 1776 1100 ΤΩΝ
1815 1045 2216 1102 ΣΥΝΟΔΙΚΩΝ
2252 1046 2887 1102 ΠΑΡΑΣΗΜΕΙΩΣΕΩΝ

449 1171 760 1227 ΓΕΓΟΝΟΣ
814 1172 929 1226 El]!
977 1169 1113 1223 ΤΩΝ
1171 1168 1458 1223 ΗΜΕΡΩΝ

1523 1166 1661 1221 ΤΟΥ
1715 1168 2255 1224 ΠΛΝΑΓΙΩΤΑΤΟΥ
2309 1169 2510 1223 ΗΜΩΝ
2562 1168 2926 1223 ΔΕΣΠΟΤΟΥ
2981 1168 3102 1222 ΚΑΙ
3174 1165 3715 1224 ΟΙΚΟΥΜΕΝΙΚΟΥ

1541 1281 2002 1338 ἩΑΤΡΙΑΡΧΟΥ
2061 1285 2204 1341 ΚΥΡ
2232 1285 2508 1350 ΗΣΛΙΟΥ,

462 1413 568 1478 Ἐξ
603 1412 748 1466 ὅτου
780 1413 814 1464 δ
847 1361 1196 1477 τιμιώτατος
1228 1401 1620 1472 χαρτοςρύλαξ
1654 1378 1764 1468 τῆς
1794 1401 2128 1471 ἁγιωτάτης
2164 1402 2451 1474 Μεγάλης
2488 1404 2597 1460 τοῦ
2623 1404 2775 1460 Θεοῦ
2804 1405 3178 1472 Ἐκκλησίας
3209 1409 3712 1477 πανυπερεντιμόο

879 1516 1059 1561 τατος
1086 1496 1196 1564 κῦρ
1226 1496 1558 1564 Γρηγόριος
1587 1494 1619 1547 ὁ
1658 1495 1976 1561 Κουτάλης
2003 1494 2085 1561 τῷ
2111 1495 2220 1551 τοῦ
2241 1497 2709 1566 χαρτοφύλακος
2735 1499 2996 1568 ὀφφικίῳ
3017 1496 3292 1567 ἐτιμήθη.

451 1623 496 1678 l.
541 1621 731 1676 Esaias
775 1619 1025 1690 Gregorio
1096 1612 1803 1690 patriarchgvﬁlexandfiw
1858 1624 2040 1671 notum

2145 1619 2320 1687 τέρων
2355 1620 2575 1683 πάντως
2636 1620 2951 1690 ἁμαρτιῶν,
3004 1620 3266 1674 ἐπιπλέον
3320 1621 3592 1686 πιέζοιντο
3620 1622 3714 1675 καὶ

667 1690 795 1759 facit
817 1683 1478 1754 se'solium’palriarchale
1508 1686 1822 1738 ascendisse.

521 1809 563 1880 ἰ-
621 1807 923 1874 ’Δγιώτατε
983 1805 1245 1870 δέσποτα,
1311 1803 1514 1856 πάππα
1572 1804 1670 1857 καὶ
1717 1803 2038 1874 πατριάρχα

467 1899 902 1970 ’Δλεξανδρείας,
931 1897 1343 1958 Πενταπόλεως,
1372 1895 1677 1964 Αἰγύπτου,
1705 1895 1918 1966 Λιϐύης
1943 1898 2039 1949 καὶ

455 1997 638 2062 πάσης
675 1990 988 2052 Αἰθιοπίας,
1017 1987 1158 2041 κατὰ
1193 1987 1398 2058 Κύριον
1429 1986 1681 2056 ἀγαπητδ
1709 1985 1908 2054 ἀδελφδ
1943 1986 2037 2041 καὶ

458 2082 870 2152 συλλειτουργὶ,
901 2082 951 2135 εί
983 2082 1079 2134 καὶ
1102 2080 1209 2148 πρὸ
1239 2078 1432 2150 καιροῦ
1464 2081 1497 2148 η
1533 2079 1658 2134 καθ’
1693 2081 1845 2150 ἡμᾶς
1875 2079 2042 2133 καθο-

455 2178 583 2249 λικὴ
613 2178 710 2230 καὶ
744 2172 1082 2242 ἀποστολικὴ
1112 2173 1246 2240 ἁγία
1272 2171 1539 2226 τοῦΘεοῦ
1588 2172 1890 2242 Ἐκκλησία
1915 2173 2042 2243 ἐχή-

461 2286 587 2340 ρευε
631 2267 914 2336 ποιμένος,
952 2264 1206 2334 καθάπερ
1247 2259 1401 2334 οἶμαι
1430 2264 1526 2318 καὶ
1571 2263 1671 2334 τὴν
1707 2263 1808 2333 σὴν
1833 2264 1895 2318 οὐ
1929 2263 2043 2318 διέ-

457 2363 619 2416 λαθεν
674 2361 961 2430 ἀγιότητα,
1021 2357 1138 2410 ἀλλ’
1185 2357 1406 2428 εὐδοκία
1445 2355 1543 2410 νῦν
1598 2354 1695 2410 τοῦ
1747 2356 1818 2409 τά
1863 2356 2043 2410 πάντα

461 2454 674 2522 βαθέως
706 2453 803 2504 καὶ
854 2451 1033 2518 σοφῶς
1064 2449 1483 2519 οίκονομοῦντος
1513 2448 1653 2502 Θεοῦ
1702 2449 2045 2519 ἐξηλέγημεν

458 2548 622 2617 ἡμεῖς
673 2545 800 2614 ἠδη,
851 2543 1118 2615 κρίμασιν
1169 2542 1507 2613 ἀπορρήτοις
1565 2542 1757 2609 αὐτοῦ,
1807 2543 1902 2596 καὶ
1943 2543 2046 2612 τὴν

461 2637 800 2710 προστασίαν
850 2637 948 2706 τῆς
1015 2636 1275 2704 τοιαύτης
1331 2635 1642 2704 ἁγιωτάτης
1701 2634 2046 2705 Ἐκκλησίας

459 2729 939 2801 ἐνεχειρίσθημεν.
972 2728 1034 2792 ἐξ
1067 2728 1279 2782 ἑαυτῶν
1313 2727 1414 2798 μὲν
1443 2727 1504 2781 τὸ
1540 2727 1724 2782 ίκανδν
1754 2728 1856 2782 οὐκ
1889 2726 2046 2799 ἕχον-

457 2840 550 2886 τες
582 2822 722 2891 πρὸς
751 2819 1076 2890 τηλικοῦτον
1109 2817 1246 2888 ὕψος
1277 2823 1372 2872 καὶ
1403 2822 1677 2892 τοσαύτης
1703 2823 2046 2892 προστασίας

463 2911 721 2984 μέγεθος,
749 2913 816 2981 τῇ
845 2909 906 2964 δὲ
933 2909 1030 2964 τοῦ
1065 2910 1377 2980 Πνεύματος
1417 2911 1826 2982 τεθαρρηκότες
1859 2913 2043 2984 χάριτι

461 3004 558 3056 καὶ
590 3003 656 3070 τῇ
707 3002 825 3053 ’τῶν
875 3000 1259 3071 ἐκλεξαμένων
1307 3001 1453 3072 ἡμᾶς
1508 3002 1680 3073 ἀρετῇ
1737 3003 1834 3056 καὶ
1877 3003 2044 3073 ψήφῳ

464 3093 812 3160 ὐτιείξαντες,
842 3093 969 3146 ὅθεν
1009 3095 1106 3154 καὶ
1129 3094 1336 3163 ξκαιροῦ
1367 3093 1594 3147 εὐθέτου
1625 3092 1941 3163 λαϐόμενοι,
1967 3094 2043 3159 ώς

461 3185 572 3259 τῶν
597 3183 693 3237 τοῦ
720 3183 1018 3255 κρατίστου
1047 3185 1138 3238 καὶ
1163 3184 1321 3254 ἁγίου
1351 3203 1452 3255 μου
1481 3186 1889 3259 αὐτοκράτορος
1914 3189 2046 3258 πρέ-

460 3257 641 3330 σϐεων
669 3277 1104 3348 εὐμοιρήσαντες
1138 3277 1229 3332 τὸν
1260 3278 1495 3332 ἔκπλουν
1548 3257 1668 3352 ἤδη.
1700 3257 2044 3350 ποιουμένων

463 3368 677 3433 αὐτόθι,
708 3368 768 3420 οὐ
815 3368 936 3421 δέον
971 3369 1271 3440 ἐκρίναμεν
1317 3370 1394 3438 μὴ
1425 3365 1559 3438 δῆλα
1586 3370 1776 3425 θέσθαι
1804 3372 1874 3426 τά
1911 3373 2044 3444 περὶ

462 3458 624 3526 ἡμῶν
653 3456 826 3510 ταῦτα
861 3461 926 3529 τῇ
963 3461 1032 3530 of)
1077 3459 1351 3531 ἁγιότητι.
1392 3460 1700 3532 Ἐῤῥῶσθαι
1728 3463 1909 3516 τοίνυν
1945 3465 2046 3534 τὴν

465 3549 568 3618 σὴν
599 3549 864 3619 ἁγιότητι
915 3551 1193 3622 εὐχόμεθα
1222 3555 1282 3605 ἐν
1330 3553 1524 3624 Κυρίῳ
1555 3555 1636 3615 είς
1689 3556 2046 3625 περιποίησιν

418 3659 432 3668 ·
465 3642 560 3693 καὶ
593 3641 886 3712 οίκοδομὴν
932 3642 1028 3696 τοῦ
1065 3643 1257 3697 αὐτόθι
1287 3645 1686 3714 Χριστωνύμου
1737 3647 1892 3713 λαοῦ,
1949 3648 2048 3702 καὶ

466 3734 608 3804 πρὸς
665 3735 765 3798 τὰς
795 3735 937 3806 ὑπὲρ
997 3738 1145 3806 ἡμᾶς
1197 3737 1366 3805 εὐχὰς
1409 3738 1580 3810 αὐτὴν
1633 3739 2044 3810 ἐκκαλούμεθα,

463 3826 607 3879 ὥστε
642 3826 996 3895 διεξάγεσθαι
1029 3827 1089 3880 τὸ
1119 3829 1465 3898 ἐγχειρισθέν
1501 3831 1635 3900 ἡμῖν
1672 3833 1926 3901 ποίμνιον
1951 3833 2046 3886 καὶ

463 3918 878 3986 οἰκονομεῖσθαι
910 3919 1048 3988 πρδς
1077 3919 1137 3971 τὸ
1173 3919 1338 3972 αὐτοῦ
1363 3920 1507 3974 θεῖον
1544 3922 1757 3992 θέλημα
1785 3923 1878 3974 καὶ
1909 3924 2048 3992 πρὸς

463 4009 738 4079 ἀποδοχὴν
777 4010 872 4060 καὶ
909 4011 1208 4078 ἀρέσκειαν
1239 4011 1338 4080 τῆς
1373 4013 1586 4078 ἀφάτου
1636 4013 1802 4066 αὐτοῦ
1839 4015 2046 4082 ἀγαθό-

460 4117 650 4167 ττ,τος.
687 4100 879 4169 Ἡμεῖς
915 4101 1015 4170 μὲν
1044 4097 1136 4154 οὖν
1165 4101 1488 4166 ἐνδιαθέτως
1525 4104 1738 4173 ἔχοντες
1778 4107 1910 4176 πρὸς
1940 4109 2042 4178 τὴν

410 4229 419 4237 .
467 4189 569 4259 σὴν
598 4189 866 4259 ἁγιότητα
889 4193 984 4243 καὶ
1020 4192 1119 4258 τῆς
1166 4190 1374 4260 ταύτης
1408 4192 1770 4263 ἐξηρτημένοι
1795 4213 2047 4266 πνευμα-

465 4282 626 4348 τικῆς
658 4284 882 4350 ἀγάπης
935 4283 1030 4332 καὶ
1070 4280 1368 4350 ἁδελφικῆς
1403 4286 1710 4352 συμπνοίας
1757 4288 1854 4338 καὶ
1917 4291 2046 4360 όμο-

475 4374 640 4437 θοίας,
669 4367 762 4426 καὶ
788 4374 964 4427 ταῦτα
991 4373 1056 4441 δη
1086 4377 1153 4426 τά
1181 4376 1486 4444 γράμματα
1518 4381 1810 4448 πέμπομεν
1837 4381 1932 4433 καὶ
1964 4384 2044 4444 είς

465 4449 530 4519 τὸ
560 4464 688 4533 ἑξῆς
718 4465 798 4516 ἐτι
829 4464 1145 4534 πέμψομεν,
1177 4465 1271 4518 τοῦ
1306 4467 1442 4520 Θεοῦ
1475 4468 1570 4525 τοῦ
1585 4487 1636 4523 :0
1665 4474 2044 4544 παρεχομένου

471 4557 566 4610 καὶ
599 4555 972 4625 εὐδοκοῦντος,
1025 4557 1157 4608 αὐτὸ
1192 4557 1250 4610 δὲ
1286 4557 1443 4612 τοῦτο
1489 4563 1584 4615 καὶ
1611 4562 1709 4634 τὴν
1763 4565 1862 4634 σὴν
1895 4566 2048 4634 ἁγιό-

463 4665 604 4717 τητα
640 4647 776 4718 πρὸς
805 4648 952 4718 ἡμᾶς
983 4651 1158 4700 ποιεῖν
1187 4648 1450 4721 ἀξιοῦμεν
1475 4668 1491 4684 ο
1527 4653 1689 4708 τοῦτο
1718 4656 1823 4727 γὰρ
1853 4659 1913 4710 οὐ
1949 4661 2046 4728 μό-

466 4756 556 4790 νον
583 4739 664 4800 είς
697 4737 966 4807 ἀποδοχὴν
990 4736 1129 4790 Θεοῦ
1166 4742 1262 4792 καὶ
1308 4745 1415 4795 τῶν
1449 4743 1539 4812 ὐφ’
1569 4747 1720 4816 ημᾶς
1761 4764 2049 4817 ποιμαινο-

468 4833 652 4900 μένων
687 4829 978 4899 διόρθωσιν
1001 4832 1094 4883 καὶ
1126 4834 1417 4905 οίκοδογλήν
1443 4840 1561 4891 ἐστι
1593 4842 1686 4892 καὶ
1715 4839 2045 4910 ἀσφάλειαν,

465 4922 605 4973 ἀλλά
634 4925 729 4973 καὶ
765 4923 844 4984 είς
894 4923 1194 4991 ἀρέσκειαν
1239 4930 1332 4980 καὶ
1367 4930 1564 5000 ἡδονὴν
1607 4931 1700 4985 τοῦ
1750 4935 2046 5002 κρατίστου

469 5015 564 5066 καὶ
596 5015 754 5080 ἁγίου
787 5032 892 5083 μου
929 5017 1358 5088 αὐτοκράτορος,
1381 5018 1444 5076 οὐ
1477 5026 1614 5096 πνοὴ
1639 5027 1735 5078 καὶ
1765 5028 1946 5098 τρυφὴ
1983 5029 2046 5081 τὸ

466 5108 565 5173 τὴν
591 5106 754 5174 ἁγίαν
785 5107 880 5160 τοῦ
919 5110 1056 5162 Θεοῦ
1100 5111 1426 5182 Ἐκκλησίαν
1450 5117 1585 5186 όρᾷν
1611 5119 1918 5192 αὐξομένην
1954 5125 2045 5174 καὶ

469 5199 909 5266 κραταιουμένην
953 5202 1011 5250 ἐν
1041 5201 1266 5273 ὁμονοίᾳ
1301 5204 1399 5273 τῆς
1430 5209 1688 5272 πίστεως,
1733 5210 1840 5262 τῶν
1867 5211 2046 5282 όρθῶν

470 5290 687 5350 πάντως
717 5289 810 5340 καὶ
834 5289 1148 5358 εἰλικρινῶν
1179 5295 1444 5366 ἐχομένην
1469 5299 1777 5367 δογμάτων,
1805 5308 1900 5354 καὶ
1927 5303 2046 5357 τού-

469 5395 564 5434 του
594 5381 796 5450 δεῖγμα
831 5382 1000 5451 σαφὲς
1048 5388 1143 5438 καὶ
1178 5389 1314 5442 ἄλλα
1347 5391 1446 5459 μὲν
1479 5393 1710 5447 πλεῖστα
1758 5397 1920 5465 λόγου
1951 5401 2044 5452 καὶ

467 5469 744 5539 θαύματα,
776 5473 945 5539 ὅντως
996 5476 1146 5543 ἄξια,
1191 5481 1330 5548 μετὰ
1365 5484 1551 5551 μέντοι
1596 5484 1704 5538 τῶν
1733 5488 1908 5542 ἄλλων
1954 5495 2046 5543 καὶ

464 5562 514 5612 οί
546 5567 666 5616 κατ’
693 5566 812 5629 ἔτος
841 5567 1030 5622 αὐτόθι
1058 5587 1118 5622 τε
1153 5573 1245 5624 καὶ
1273 5573 1590 5646 ἁπανταχοῦ
1635 5579 1738 5649 γῆς
1772 5582 2041 5635 ἀποστελ-

469 5653 685 5720 Αόμενοι
720 5661 981 5730 πρέσϐεις
1007 5661 1146 5734 ὑπὲρ
1172 5666 1282 5718 τῶν
1307 5668 1614 5740 ἐκκλησιῶν
1646 5672 1742 5726 τοῦ
1777 5675 1913 5727 Θεοῦ
1944 5680 2038 5730 καὶ

467 5745 567 5806 τῆς
599 5749 691 5803 τοῦ
723 5754 1116 5824 Χριστιανικού
1142 5759 1272 5814 λαοῦ
1307 5765 1598 5835 οἰκοδομῆ,
1625 5782 1685 5818 τε
1720 5768 1816 5820 καὶ
1840 5772 2041 5824 συστά-

470 5849 632 5905 στω,
661 5843 735 5907 ὡς
767 5848 830 5898 ἂν
867 5847 965 5916 μὴ,
993 5847 1060 5901 δι’
1090 5849 1157 5920 ἢν
1179 5849 1510 5923 ὑπομένουσι
1537 5857 1786 5912 δουλείαν
1817 5858 1877 5924 ἐξ
1903 5862 2042 5930 ἡμε-

2130 1709 2538 1765 ”καταπονοῖντο
2563 1713 2645 1782 τῷ
2680 1712 2840 1783 βάρει
2885 1714 2982 1766 καὶ
3017 1716 3085 1784 τῇ
3121 1713 3367 1767 κακώσει
3417 1715 3526 1768 τῶν
3555 1733 3714 1768 κατε-

2140 1803 2370 1872 χόντων,
2404 1804 2480 1874 μὴ
2510 1805 2674 1873 μόνον
2706 1805 2786 1867 είς
2831 1804 3006 1859 ταῦτα
3031 1805 3095 1876 δὴ
3142 1805 3211 1858 τὰ
3239 1808 3553 1873 σωματικὰ,
3582 1807 3715 1860 ἀλλά

2143 1893 2236 1946 καὶ
2265 1897 2345 1957 εἰς
2371 1895 2514 1948 αὐτά
2545 1912 2609 1962 γε
2639 1895 2702 1966 δὴ
2734 1895 2802 1948 τὰ
2832 1895 2930 1965 τῆς
2962 1896 3087 1950 καθ’
3116 1899 3265 1968 ἡμᾶς
3293 1899 3528 1958 πίστεως
3555 1901 3717 1967 ἀναγ-

2143 1987 2273 2038 καῖα
2332 1988 2426 2040 καὶ
2472 1987 2836 2058 καιριώτατα,
2890 1989 3034 2042 ὥστε
3087 1993 3240 2060 κοινῇ
3294 1991 3390 2043 καὶ
3421 1992 3567 2061 ἡμᾶς
3597 1990 3716 2044 δέον

2143 2076 2572 2148 ὐπερεύχεσθαι,
2617 2079 2945 2150 χαρίζεσθαι
2976 2081 3169 2136 τοῦτον
3200 2084 3265 2153 τῇ
3294 2082 3389 2136 τοῦ
3423 2083 3557 2144 Θεοῦ
3597 2083 3718 2136 Ἑκ-

2145 2167 2348 2240 κλησίᾳ
2374 2171 2467 2224 ἐπὶ
2497 2174 2734 2240 μακροῖς
2763 2176 2880 2235 τοῖς
2905 2173 3052 2227 ἔτεσι
3085 2173 3279 2244 βοηθὸν
3311 2176 3404 2227 καὶ
3430 2175 3717 2244 -συνέριθον

2145 2265 2240 2317 καὶ
2266 2264 2553 2334 πρόμαχον
2574 2266 2792 2336 ὀχυρὸν,
2815 2267 2958 2320 κατά
3011 2267 3242 2336 γνώμην
3280 2267 3427 2336 αὐτῷ
3451 2267 3557 2319 τῶν
3583 2283 3718 2336 πρα-

2144 2356 2370 2424 γμάτων
2398 2357 2529 2410 κυϐε
2541 2358 2834 2428 ρνωμένων
2859 2356 2955 2411 καὶ
2972 2357 3368 2428 διεξαγομένων
3395 2359 3716 2429 ἀκυμάντως

2146 2451 2242 2502 καὶ
2277 2449 2532 2519 γαληνῶς
2581 2451 2678 2504 καὶ
2709 2449 2831 2520 ἅμα.
2869 2450 3127 2521 εὐθύμως
3157 2452 3252 2505 καὶ
3295 2453 3434 2520 μετά
3462 2452 3716 2526 πλείστης

2147 2539 2280 2608 ὅσης
2305 2541 2401 2610 τῆς
2431 2541 2650 2612 ἡδονῆς,
2685 2543 3094 2612 συναιρομὲνης
3122 2546 3204 2606 εἰς
3240 2543 3400 2611 τοῦτο
3425 2544 3526 2612 τῆς
3553 2541 3715 2597 αὐτοῦ

2145 2630 2240 2684 τοῦ
2269 2630 2404 2685 Θεοῦ
2451 2632 2696 2705 χάριτος.
2731 2634 2866 2706 Περὶ
2913 2633 3103 2704 μέντοι
3145 2635 3242 2704 τῆς
3269 2634 3618 2705 κρατησάσης
3661 2637 3717 2686 ἐν

2146 2728 2214 2794 τῇ
2263 2725 2561 2798 Ἐκκλησία
2591 2727 2888 2798 κανονικῆς
2914 2727 3204 2794 συνηθείας
3232 2727 3323 2780 καὶ
3353 2727 3715 2798 παραδόσεως,

2147 2815 2244 2870 τοῦ
2271 2817 2516 2872 δίδοσθαι
2550 2818 2798 2889 δηλονότι
2851 2820 3006 2890 παρὰ
3039 2820 3148 2872 τῶν
3176 2818 3300 2873 καθ’
3349 2821 3498 2889 ἡμᾶς
3536 2821 3720 2887 ἀρχιε-

2153 2908 2294 2979 ρέων
2333 2910 2430 2963 καὶ
2461 2913 2824 2982 πατριαρχῶν
2858 2912 2998 2982 πρὸς
3047 2911 3311 2976 ἀλλήλους
3339 2911 3432 2964 τὸν
3479 2909 3720 2963 λίϐελλον

2078 2981 2122 3041 Β
2149 3001 2250 3069 τῆς
2309 2981 2587 3068 πίστεως,
2620 3001 2778 3056 τοῦτο
2809 2981 3097 3074 γρὰφομεν
3156 3004 3251 3056 καὶ
3295 3002 3530 3071 λέγομεν
3583 2999 3721 3070 πρὸς

2147 3093 2250 3162 τὴν
2276 3092 2375 3164 σὴν
2406 3094 2694 3162 ἁγιότητα,
2727 3096 2808 3149 ὃτι
2838 3098 2870 3166 ἡ
2902 3097 3130 3165 ἀγιότης
3165 3113 3258 3148 σου
3288 3094 3488 3164 ἔφθασε
3511 3095 3601 3147 καὶ
3625 3110 3726 3146 κα-

2146 3187 2376 3241 τέλαϐεν
2407 3188 2647 3242 ἐνταῦθα
2683 3192 2779 3244 καὶ
2819 3189 3122 3261 ἐγνώρισεν
3157 3190 3402 3260 ἀκριϐῶς
3433 3189 3493 3243 τὸ
3525 3190 3722 3258 ἀκραι-

2149 3279 2452 3346 φνέστατον
2483 3280 2580 3333 καὶ
2637 3281 3031 3352 καθαρώτατον
3064 3283 3231 3346 σέϐας
3272 3282 3366 3336 τοῦ
3427 3281 3721 3352 κρατίστου

2148 3373 2245 3426 καὶ
2281 3373 2442 3441 ἁγίου
2476 3391 2580 3444 μου
2633 3376 3064 3446 αὐτοκράτορος,
3099 3378 3194 3430 καὶ
3240 3378 3388 3439 ὅπως
3433 3375 3543 3446 ἔχει
3591 3377 3722 3444 περὶ

2145 3465 2216 3516 τὰ
2253 3463 2391 3534 ὀρθά
2424 3465 2672 3535 δόγματα
2705 3467 2737 3536 ἠ
2789 3467 2924 3534 ἁγία
2972 3466 3221 3536 βασιλεία
3257 3465 3426 3521 αὐτοῦ
3459 3465 3722 3534 ἀσφαλῶς

2147 3557 2240 3609 καὶ
2269 3556 2445 3626 ὀρθῶς
2474 3557 2563 3612 διὰ
2597 3559 2698 3629 τῆς
2727 3562 2951 3630 χάριτος
2980 3560 3075 3614 τοῦ
3127 3559 3288 3626 Θεοῦ,
3321 3561 3524 3629 ὁμοίως
3552 3558 3720 3627 ἐπλη-

2148 3649 2432 3721 ροφορήθη
2456 3649 2518 3703 τὸ
2548 3652 2794 3722 καθαρὸν
2811 3657 2907 3706 καὶ
2935 3655 3097 3724 ὀρθὸν
3117 3657 3210 3708 καὶ
3232 3655 3521 3726 ἀκίϐδηλον
3543 3655 3718 3723 δόγμα

2146 3743 2242 3794 καὶ
2275 3742 2439 3806 σέϐας
2473 3742 2569 3797 τοῦ
2615 3748 2723 3815 πρὸ
2776 3745 2936 3817 ἡμῶν
2983 3747 3547 3819 πατριαρχεύσαντος.
3586 3748 3721 3800 Οἰαν

2144 3833 2238 3887 οὐν
2265 3835 2638 3906 πληροφορίαν
2687 3839 2812 3907 ἔσχε
2848 3839 2940 3891 καὶ
2973 3839 3088 3909 ἔχει
3139 3841 3266 3911 περί
3311 3856 3370 3892 τε
3409 3841 3502 3894 τοῦ
3529 3841 3719 3911 κρατί-

2149 3945 2277 3982 στου
2331 3930 2425 3983 καὶ
2457 3930 2615 3998 ἁγίου
2665 3949 2766 4001 μου
2796 3934 3224 4004 αὐτοκράτορος,
3279 3934 3352 3997 ώς
3401 3934 3636 4004 εῐρηται,
3684 3935 3720 4004 ὴ

2147 4023 2376 4092 ἁγιότης
2431 4039 2526 4076 σου
2559 4023 2656 4076 καὶ
2703 4025 2831 4093 περὶ
2883 4024 2982 4078 τοῦ
3020 4027 3127 4095 πρὸ
3158 4026 3317 4096 ἡμῶν
3352 4024 3722 4094 πατριαρχεύ-

2150 4133 2362 4183 σαντος,
2390 4116 2650 4186 τοιαύτην
2678 4117 2849 4186 ἐχέτω
2874 4117 3251 4188 ἀναμφίϐολον
3273 4119 3367 4173 καὶ
3391 4118 3518 4189 περὶ
3543 4117 3718 4186 ὴμῶν,

2145 4205 2400 4260 ὃτιοῦτω
2451 4206 2760 4276 φρονοῦμεν
2793 4209 2886 4261 καὶ
2934 4208 3292 4275 πιστεύομεν,
3347 4208 3424 4273 ὡς
3475 4207 3722 4274 ἐξέθεντο

2149 4299 2246 4350 καὶ
2281 4298 2731 4367 παραδεδώκασιν
2765 4300 2814 4352 οί
2844 4302 2990 4367 ἆγιοι
3034 4301 3352 4368 ἀπόστολοι,
3387 4304 3480 4355 καὶ
3508 4302 3584 4364 ὡς
3615 4318 3722 4352 πα-

2151 4389 2384 4459 ρέλαϐεν
2415 4389 2657 4460 ἀρχῆθεν
2695 4392 2728 4460 ή
2763 4391 2894 4459 ἁγία
2913 4392 3024 4448 ,τοῦ
3075 4391 3212 4447 Θεοῦ
3252 4392 3572 4462 Ἐκκλησία,
3624 4393 3721 4445 καὶ

2147 4479 2290 4535 οὕτω
2322 4485 2418 4536 καὶ
2462 4485 2589 4546 τούς
2621 4484 2710 4553 ὐφ’
2742 4487 2891 4554 ἡμᾶς
2947 4487 3230 4540 πιστεύειν
3271 4487 3368 4540 καὶ
3400 4477 3722 4554 διδάσκομεν

2149 4577 2246 4629 καὶ
2273 4578 2492 4648 φρονεῖν
2524 4578 2813 4648 πείθομεν.
2855 4581 2912 4634 Ὀ
2940 4582 2997 4635 δέ
3026 4583 3146 4645 ταῖς
3190 4584 3222 4652 ή
3233 4582 3351 4651 μῶν
3380 4583 3722 4654 παρακλήσε-

2103 4709 2124 4730 .
2151 4687 2235 4722 σιν
2261 4671 2751 4739 ἐπικαμπτόμενος
2781 4672 2986 4744 Κύριος
3016 4674 3106 4728 διὰ
3133 4675 3232 4744 τῆς
3265 4674 3432 4728 αὐτοῦ
3460 4674 3722 4744 ἀγαθότη-

2148 4777 2236 4820 τος
2270 4763 2356 4832 είη
2407 4763 2508 4832 μὲν
2545 4765 2940 4836 συναιρόμενος
2977 4765 3070 4819 καὶ
3121 4769 3602 4838 συνεφαπτόμενος
3653 4769 3718 4838 τῇ

2150 4855 2216 4922 σῇ
2247 4853 2503 4923 ἁγιότητι
2534 4856 2626 4909 ἐπὶ
2653 4859 2764 4920 τοῖς
2799 4859 2941 4926 ὑπὲρ
2975 4858 3076 4926 τῆς
3107 4858 3346 4927 ποίμνης
3377 4859 3478 4930 τῆς
3502 4859 3600 4927 σῆς
3622 4861 3721 4910 πόο

2151 4961 2285 5010 νοις,
2315 4947 2635 5017 εὐμαρίζων
2686 4950 2911 5012 τούτους
2949 4950 3042 5003 καὶ
3077 4951 3158 5012 εἰς
3209 4949 3270 5002 τὸ
3307 4950 3534 5020 εὐχερὲς
3567 4949 3722 5003 καθι-

2151 5037 2294 5090 στῶν
2358 5040 2436 5111 τῷ
2487 5027 2782 5113 κουφισμῷ
2829 5043 2928 5112 τῆς
2975 5042 3033 5108 ἐξ
3092 5043 3262 5097 αὐτοῦ
3302 5043 3718 5114 παρακλήσεως,

2148 5128 2265 5199 δοίη
2299 5130 2357 5183 δέ
2389 5133 2486 5186 καὶ
2536 5137 2751 5205 καιρὸν,
2783 5133 2924 5187 ὥστε
2957 5134 3058 5203 τῆς
3103 5135 3193 5188 διά
3221 5136 3332 5188 τῶν
3377 5135 3722 5204 γραμμάτων

2149 5222 2495 5286 ἀποστάντας
2525 5224 2748 5293 ὁμιλίας
2774 5241 2833 5278 τε
2868 5226 2964 5278 καὶ
2993 5224 3239 5288 ἐνώσεως
3274 5225 3719 5295 αὐτοπροσώπως

2149 5312 2415 5384 ἀλλήλους
2479 5315 2784 5368 θεάσασθαι
2848 5317 2942 5370 καὶ
3000 5321 3151 5389 κοινῇ
3225 5319 3721 5389 λειτουργήσαντας

2149 5407 2300 5476 αὐτῷ
2327 5409 2394 5460 τά
2431 5405 2550 5460 Θεῖα
2585 5409 2677 5460 καὶ
2721 5411 2981 5477 μυστικὰ,
3009 5411 3234 5474 ἐπαξίου
3265 5413 3362 5464 καὶ
3389 5413 3723 5481 τελεωτέρας

2148 5498 2460 5552 ἀπολαῦσαι
2513 5499 2615 5568 τῆς
2667 5501 2920 5554 ἐντεῦθεν
2967 5504 3184 5573 ἡδονῆς,
3239 5505 3559 5574 πρεσϐείαις
3617 5506 3721 5575 τῆς

2149 5590 2531 5661 ὐπεραμώμου
2561 5593 2653 5674 καὶ
2682 5597 3110 5663 πανυπεράγνου
3147 5597 3356 5669 μητρὸς
3391 5597 3576 5652 αὐτοῦ.

2072 5699 2119 5758 D
2217 5705 2281 5774 ιι.
2308 5703 2605 5774 Imperator
2633 5707 3146 5780 archiepiscopatum
3167 5708 3388 5780 Bryseos
3422 5712 3573 5782 erigit
3597 5711 3648 5764 in

2773 5782 3098 5850 metrOpOIim
3109 5820 3122 5834 .

2207 5867 2260 5936 '1-
2297 5866 2359 5920 Ἢ
2391 5867 2639 5938 βασιλεία
2676 5887 2779 5940 μου
2805 5872 2894 5926 διὰ
2921 5872 3022 5943 τῆς
3049 5875 3146 5927 τοῦ
3171 5873 3307 5928 Θεοῦ
3343 5875 3564 5945 χάριτος
3589 5875 3728 5928 ἄνω-
