4046 6462
441 409 582 477 11Ἷῖ

1507 420 1898 483 ΞΥΝΟΒΙΟᾸΞ
1939 421 2632 496 CONSTITUTIONES.

3557 421 3696 483 1174

436 536 498 588 τὸ
523 533 750 604 βέλτιον,
797 531 1074 604 εἰρηνικὸν
1104 532 1161 587 δὲ
1209 532 1306 588 καὶ
1355 534 1716 589 ἀστασίαστον
1749 539 1838 590 τὸν
1867 540 2017 606 σφῶν
2046 552 2088 610 Α
2121 533 2636 611 την’πνευματικην
2682 535 3024 604 διεξαγωγὴν
3076 535 3224 607 ἔχειν
3281 534 3434 606 παρά
3481 535 3576 588 τοῦ
3617 540 3699 596 είς

440 625 624 677 αὑτῶν
682 622 794 694 βίον
851 623 960 680 ehi}.
1011 623 1344 689 διανύοντες,
1398 625 1496 695 τῆς
1542 627 1758 691 ἀδικίας
1795 628 2015 698 μακρὰν

435 713 879 784 ἀπελαυνομένης
901 713 996 769 καὶ
1009 715 1114 786 τῆς
1137 716 1195 781 ἐξ
1218 715 1391 786 αὑτῆς
1417 718 1798 788 ἀναφυομένης
1823 719 2016 773 πλεον·

442 808 593 876 εείας
656 807 1084 879 ἐκκοπτομένης.
1142 811 1204 862 Εἰ
1230 809 1276 862 δ’
1308 810 1400 862 ἐπὶ
1450 811 1584 864 πᾶσι
1615 813 1794 882 χρεὼν
1824 812 1882 866 τὸ
1917 813 2018 881 τῆς

437 900 790 971 δικαιοσύνης
848 899 1012 954 καλὸν
1068 901 1548 973 παρρησιάζεσθαι
1616 906 1708 958 καὶ
1768 905 2016 976 κρατεῖν,

437 990 557 1052 πῶς
585 991 646 1043 οὑ
671 991 852 1060 πολλῷ
883 1009 950 1059 γε
976 991 1140 1046 πλέον
1167 993 1282 1064 δοίη
1316 1011 1397 1057 τις
1427 995 1498 1048 ἂν
1523 995 1684 1049 τοῦτο
1717 997 2020 1068 προσήκειν

434 1084 548 1143 τοῖς
580 1099 644 1149 γε
677 1082 906 1154 λαχοῦσι
941 1085 1305 1154 προίστασθαι
1337 1085 1448 1138 τῶν
1499 1087 1678 1141 ἀλλων
1713 1105 2018 1158 πνευματι-

438 1175 551 1236 κῶς
593 1176 690 1228 καὶ
721 1175 802 1238 είς
849 1175 1021 1230 τύπον
1055 1173 1194 1230 εἶναι
1222 1179 1318 1232 καὶ
1349 1179 1659 1250 ὑπόδειγμα
1686 1179 1780 1234 τοῦ
1811 1181 2014 1247 καλούς

453 1265 671 1334 Ταύτης
701 1267 814 1338 γὰρ
839 1267 993 1334 ὄντες
1025 1270 1240 1341 ταμίαι,
1260 1272 1398 1324 πᾶσι
1434 1273 1658 1340 τρόποις
1689 1271 1860 1343 αὐτὴν
1884 1290 2046 1342 κρα-.

435 1358 620 1411 τύνειν
651 1359 969 1431 ἐπιζητοῦσι
999 1361 1094 1414 καὶ
1142 1363 1649 1432 πραγματεύονται,
1680 1366 1780 1418 καὶ
1827 1363 2019 1434 κέρδος

438 1449 685 1520 αίσχρὸν,
713 1453 788 1514 ὡς
813 1451 1082 1522 δαπάνην,
1122 1451 1182 1505 εὖ
1206 1453 1352 1523 μάλα
1382 1452 1787 1524 προθυμοῦνται
1816 1451 2016 1521 φυλάτ-

438 1542 649 1598 τεσθαι.
692 1539 784 1611 Τῷ
849 1543 994 1615 λόγῳ
1036 1543 1175 1614 τῷδε
1226 1546 1465 1610 σκοπὸς,
1511 1547 1589 1609 ὡς
1619 1543 1699 1615 τῷ
1735 1544 2015 1615 ίερωτάτῳ

443 1631 822 1705 μητροπολίτῃ
846 1635 1188 1706 Μιτυλήνης,
1215 1636 1528 1706 ὑπερτίμῳ,
1554 1635 1825 1707 ἀγαπητῷ
1875 1638 2017 1690 κατά

439 1725 646 1795 Κύριον
675 1726 888 1797 ἀδελφῷ
918 1729 1013 1781 καὶ
1041 1729 1446 1799 συλλειτουργῷ
1475 1729 1576 1798 τῆς
1607 1728 1766 1799 ἡμῶν
1801 1728 2021 1797 μετριό-

436 1831 620 1885 τητος,
652 1818 845 1870 πολλαὶ
897 1817 1265 1891 διενοχλήσεις
1319 1821 1425 1890 πρὸ
1464 1822 1676 1891 χρόνων
1713 1823 1807 1874 καὶ
1849 1821 2019 1890 ἀμῖφις

441 1907 734 1979 σϐητήσεις
785 1911 1113 1982 γεγένηνται
1158 1911 1296 1981 μετά
1346 1913 1455 1965 τῶν
1510 1912 1651 1966 κατά
1687 1911 1914 1980 καιροὺς
1951 1911 2020 1964 τά

437 1999 580 2052 κατά
619 2001 718 2070 τὴν
747 2001 1007 2072 τοιαύτην
1055 2003 1241 2070 νῆσον.
1272 2004 1586 2075 Μιτυλήνην
1637 2003 2018 2075 πατριαρχικά

439 2090 624 2143 δίκαια
675 2092 1038 2160 διεξαγόντων
1068 2094 1372 2165 ἐξορχικῶς
1405 2095 1532 2164 περὶ
1566 2097 1666 2165 τῆς
1696 2096 1877 2149 ἐκεῖσε
1905 2097 2024 2149 δια-

438 2184 696 2254 κειμένης
729 2171 1047 2253 σεϐασμίας⁹
1067 2187 1240 2257 μονῆς
1271 2186 1366 2240 τοῦ
1405 2185 1554 2240 ὁσίου
1590 2187 1872 2256 Γεωργίου
1927 2189 2022 2240 καὶ

439 2277 550 2328 τῶν
574 2276 666 2328 ὑπ’
689 2277 860 2346 αὑτὴν
893 2279 1183 2348 μετοχίων,
1237 2280 1332 2333 τοῦ
1380 2279 1480 2348 μὲν
1515 2279 1933 2350 ἰσχυριζομένου
1961 2297 2022 2333 τε

444 2373 536 2424 καὶ
561 2371 1007 2437 ἀποδεικνύντος,
1039 2373 1318 2442 διαφέρειν
1367 2373 1573 2443 ταύτην
1606 2373 1736 2443 τῇδε
1774 2375 1840 2442 τῇ
1897 2372 2025 2427 κατ’

443 2464 606 2516 αὑτὸν
638 2463 993 2533 μητροπόλει,
1025 2463 1135 2517 τῶν
1172 2462 1217 2515 δ’
1246 2461 1406 2527 αὖθις
1448 2445 1890 2533 διατεινομένων,
1945 2461 2024 2532 τῷ

443 2556 830 2625 πατριαρχικῷ
865 2556 1024 2624 μέρει
1077 2558 1302 2626 ἀνήκειν
1355 2557 1551 2624 αὑτήν.
1591 2555 1748 2610 Οὕτω
1783 2556 1884 2625 μὲν
1929 2555 2024 2608 οὖν

441 2649 573 2716 παρ’
628 2650 832 2717 ἀμφοῖν
865 2649 933 2702 τά
957 2649 1057 2717 τῆς
1082 2647 1357 2717 διαμάχης
1389 2649 1592 2715 ταύτης
1648 2649 1892 2717 ἐκράτει,
1927 2645 2024 2700 τοῦ

443 2741 858 2811 ἀρχιερατικῶς
881 2733 940 2794 δέ
988 2742 1396 2811 προῖσταμένου
1423 2744 1521 2812 τῆς
1554 2743 1811 2812 τοιαύτης
1851 2744 2020 2812 ἀγιω-

441 2834 607 2900 τάτης
639 2834 939 2904 ἐκκλησίας
968 2833 1074 2902 κῢρ
1104 2833 1412 2905 Γρηγορίου
1441 2833 1652 2886 ἐκείνου
1685 2835 1789 2904 πρὸ
1813 2835 2024 2903 χρόνων

441 2927 524 2978 ὃτι
551 2925 824 2978 πλείστων
854 2927 1000 2980 κατά
1033 2925 1096 2978 τὸ
1125 2925 1420 2995 Νύμφαιον
1470 2926 1562 2978 ἐπὶ
1626 2925 1720 2978 τοῦ
1773 2925 2026 2994 ἀοιδίμου

442 3021 500 3069 ἐν
535 3020 907 3088 πατριάρχαις
926 3016 1035 3088 κῦρ
1067 3018 1347 3084 Ἀρσενίου
1380 3021 1450 3071 τά
1491 3020 1617 3087 περὶ
1645 3015 1834 3071 τούτου
1870 3035 2024 3072 κεκι-

442 3111 691 3179 νηκότος,
724 3112 820 3163 καὶ
853 3111 1144 3180 συνοδικῆς
1191 3112 1447 3180 πράξεως
1475 3111 1568 3164 καὶ
1593 3109 1779 3180 ψήφου
1811 3109 2023 3179 προϐά-

443 3218 544 3269 σης
596 3199 895 3268 τηνικαῦτα
948 3199 1267 3269 δικαιούσης
1322 3199 1422 3269 τὴν
1454 3200 1574 3251 κατ’
1601 3198 1764 3252 αὑτὸν
1818 3197 2022 3266 ταύτην
2054 3229 2093 3282 c

445 3286 780 3360 μητρόπολιν
800 3289 1116 3360 Μιτυλήνης
1145 3290 1236 3342 ἐπί
1252 3305 1311 3342 τε
1337 3292 1402 3359 τῇ
1433 3289 1736 3360 δηλωθείσῃ
1764 3291 1902 3360 μονῇ
1929 3287 2022 3341 τοῦ

454 3388 636 3442 ὐσίον
660 3385 933 3455 Γεωργίον
959 3385 1056 3438 καὶ
1079 3387 1194 3448 τοῖς
1225 3383 1320 3438 ὑπ’
1349 3384 1522 3457 αὐτὴν
1563 3385 1850 3455 μετοχίοις,
1869 3384 2029 3453 εὑρε-

444 3479 631 3549 θείτης
654 3485 730 3530 ’τε
761 3479 862 3548 ἤδη
903 3475 1444 3544 καταγεγραμμένης
1483 3473 1576 3527 καὶ¹
1609 3476 1668 3528 ἐν
1699 3476 1814 3537 τοῖς
1861 3474 2026 3527 κωδι-

445 3573 583 3634 κίοις
615 3571 709 3624 τοῦ
756 3570 902 3641 ἱεροῦ
935 3567 1431 3641 χαρτοφυλακείου,
1462 3567 1493 3619 ’ό
1538 3567 1702 3630 αὑτὸς
1732 3565 2030 3636 ἱερώτατος

453 3640 859 3732 μητροπολίτης
885 3661 981 3712 καὶ
1019 3640 1318 3729 ὑπέρτιμος
1362 3657 1454 3708 ἐπὶ
1480 3644 1485 3652 ’
1507 3657 1604 3726 τῆς
1639 3656 1788 3717 θείας
1818 3656 1927 3709 τῶν
1955 3657 2031 3708 ίε-

455 3752 714 3822 ρωτάιων
739 3750 1043 3820 ἀρχιερέων
1072 3746 1400 3818 ὁμηγύρεως
1442 3743 1540 3814 τὴν
1573 3743 1832 3810 τοιαύτην
1878 3759 2032 3796 συνο-

445 3843 604 3912 δικὴν
631 3843 831 3912 πρᾶξιν
859 3840 1164 3910 προέτεινε,
1196 3838 1546 3906 κάπειδήπερ
1569 3835 1646 3906 τῷ
1676 3834 1874 3906 μακρῷ
1899 3835 2030 3904 χρό-

447 3953 524 4006 νῳ
557 3933 705 4006 ήτοῦ
745 3931 927 3985 Ὀσίου
955 3929 1228 3999 Γεωργίου
1260 3929 1396 3997 μονὴ
1416 3925 1840 3998 καταϐέϐληται,
1874 3927 2032 3997 μετέ-

448 4046 580 4081 πεσε
610 4029 677 4079 τά
725 4026 824 4094 τῆς
877 4023 1348 4095 ἀμφισϐητήσεως
1402 4022 1485 4084 είς
1515 4038 1571 4074 τε
1604 4022 1706 4090 τὴν
1742 4021 1833 4074 ὑπ’
1863 4019 2034 4090 αὐτὴν

447 4121 710 4172 τελοῦσαν
743 4116 1046 4185 σεϐασμίαν
1077 4115 1268 4185 μονὴν,
1297 4112 1385 4166 ἐπ’
1411 4112 1636 4182 ὀνόματι
1657 4111 2034 4181 τιτιμημένην

448 4214 558 4267 τῶν
597 4212 792 4265 Ὁσίων
828 4211 1089 4278 Πατέρων
1134 4209 1230 4259 καὶ
1262 4205 1704 4274 ἐπικεκλημένην
1759 4205 2033 4271 Δαφνέαν,

455 4308 550 4361 καὶ
573 4309 671 4376 τὴν
696 4303 790 4358 τοῦ
835 4303 1016 4371 Ἀγίου
1051 4301 1300 4371 Ἀνδρέου
1327 4299 1425 4366 τῆς
1457 4282 1722 4369 Γλίστρας
1756 4297 1898 4349 οὕτω
1920 4312 2038 4360 πως

454 4397 958 4468 ἐπονομαζομένην,
985 4395 1077 4448 καὶ
1103 4394 1429 4465 ἐξῃτήσατο,
1451 4390 1524 4458 μὴ
1547 4389 1807 4442 ἐπιπλέον
1839 4388 2044 4442 ἀδικείε

455 4489 578 4543 σθαι
603 4490 765 4542 αὑτὸν
794 4488 886 4540 ἐπὶ
916 4487 1166 4546 ταύταις.
1195 4483 1387 4536 Ἔνθεν
1421 4498 1504 4534 τοι
1533 4481 1631 4534 καὶ
1653 4478 2036 4550 τῆς-τοιαύτης

2121 631 2384 700 ἀρχιερέα
2439 628 2836 700 εὑρισκομένου
2923 628 3014 696 τῆς
3065 628 3323 696 τοιαύτης
3382 628 3698 695 ἁγιωτάτης

2123 721 2508 792 μητροπόλεως
2521 721 2858 790 Μιτυλήνης,
2891 718 3158 790 ἀπείρξας
3184 721 3532 788 είσέρχεσΟαι
3560 720 3696 782 ὅλως

2119 811 2178 863 ἐν
2205 813 2342 882 αὐτῇ
2373 811 2464 865 τὸν
2479 811 2882 881 πατριαρχικὸν
2911 809 3164 880 ἔξαρχον,
3188 809 3246 861 δν
3280 809 3346 874 δὴ
3381 810 3584 877 τρόπον
3602 808 3699 878 ήδε

2119 905 2156 972 ὴ
2191 903 2444 972 συνοδικὴ
2481 905 2677 972 πρᾶξις
2707 903 2980 974 ἀριδήλως
3005 903 3249 967 διέξεισι,
3288 900 3469 968 πολλῷ
3497 901 3700 970 μᾶλλον

2119 995 2427 1065 ὀφείλουσιν
2481 997 2536 1048 αἱ
2571 995 2930 1065 ὑποκείμεναι
2960 995 3155 1066 ταύτῃ,
3181 995 3218 1066 ἦ
3274 1011 3332 1047 τε
3359 993 3470 1047 τῶν
3499 993 3701 1046 Ὁσίων

2123 1090 2384 1159 Πατέρων
2415 1090 2510 1142 καὶ
2541 1090 2574 1157 ἠ
2616 1089 2711 1140 τοῦ
2757 1087 2943 1153 Ἀγίου
2979 1086 3231 1156 Ἀνδρέου
3289 1084 3441 1155 παρά
3465 1085 3564 1151 τῆς
3604 1083 3700 1134 αὑ-

2120 1183 2218 1252 τῆς
2241 1182 2539 1251 ἐκκλησίας
2573 1182 2906 1252 κατέχεσθαι
2936 1183 3031 1234 καὶ
3065 1181 3170 1234 ὑπὸ
3203 1178 3408 1247 ταύτης
3439 1174 3702 1230 παντοίαν

2119 1279 2371 1348 δέχεσθαι
2403 1277 2502 1346 τὴν
2529 1277 2855 1345 ἀνάκρισιν·
2897 1277 3021 1328 ἐπεὶ
3083 1276 3264 1328 πᾶσαν
3315 1274 3487 1341 θύραν
3535 1273 3632 1325 καὶ
3667 1271 3700 1340 ἡ

2123 1370 2421 1440 μετριότης
2452 1369 2610 1438 ἡμῶν
2637 1368 2710 1439 τῷ
2744 1367 3128 1438 πατριαρχικῷ
3162 1366 3701 1435 ἀποκλείειέξάρχῳ,

2123 1462 2251 1516 ὥστ’
2278 1462 2578 1531 ἐπιχειρεῖν
2609 1460 2962 1531 είσέρχεσθαι
3014 1461 3109 1513 καὶ⁹
3139 1461 3456 1529 ἀνακρίνειν
3487 1458 3618 1520 τοὺς
3647 1459 3705 1509 ἐν

2124 1556 2341 1618 αὑταῖς.
2363 1555 2621 1606 Ἔσονται
2653 1551 2954 1622 γάρ-αὗται
2985 1551 3077 1604 τὸν
3107 1551 3194 1604 ἀεὶ
3235 1551 3428 1620 χρόνον
3460 1550 3566 1602 ὑπὸ
3603 1549 3706 1618 τὴν

2120 1646 2216 1700 τοῦ
2247 1645 2646 1716 μητροπολίτου
2665 1645 2984 1714 Μιτυλήνης
3015 1644 3049 1714 ἢ
3096 1643 3190 1695 καὶ
3222 1643 3526 1694 ἐπισκόπου
3567 1640 3707 1694 διοί-

2121 1754 2305 1806 κησιν.
2328 1738 2482 1791 Ἐπεὶ
2509 1736 2555 1789 δ’
2589 1739 2649 1788 ἐν
2682 1737 2748 1805 τῇ
2785 1734 3011 1804 τοιαύτῃ
3060 1735 3312 1802 συνοδικῇ
3362 1732 3558 1801 πράξει
3609 1749 3708 1784 πε-

2126 1828 2542 1898 ριλαμϐάνεται,
2571 1829 2629 1879 ἐν
2657 1829 2776 1889 ταῖς
2805 1825 3162 1894 τελουμέναις
3190 1823 3366 1886 θείαις
3399 1821 3708 1890 ἁγιστείαις

2124 1918 2180 1969 ἐν
2205 1921 2270 1988 τῇ
2309 1917 2445 1989 οὔσῃ
2490 1917 2570 1986 τῷ
2619 1917 2741 1970 τότε
2794 1917 3144 1986 πρωτοτύπῳ
3183 1915 3318 1983 μονῇ
3371 1911 3466 1965 τοῦ
3521 1912 3706 1965 Ὀσίου

2122 2011 2398 2080 Γεωργίου
2427 2009 2702 2064 τελεῖσθαι
2732 2010 2830 2079 τὴν
2861 2009 3140 2076 ἀναφοράν
3165 2007 3263 2075 τῆς
3299 2005 3456 2076 ἡμῶν
3485 2002 3710 2074 μετριόο

2122 2119 2303 2168 τητος,
2323 2101 2569 2170 διεκρίθη
2613 2099 2931 2163 συνοδικῶς,
2975 2098 3137 2167 εἴπερ
3167 2097 3196 2148 ὀ
3231 2095 3428 2149 τούτου
3453 2094 3708 2146 συνίστα-

2123 2212 2212 2249 ται
2242 2195 2364 2257 ναδς
2396 2194 2492 2248 καὶ
2515 2194 2576 2246 οὑ
2625 2192 3058 2262 καταϐέϐληται,
3108 2193 3252 2243 κατά
3279 2189 3381 2259 τὴν
3413 2184 3708 2257 περίληψιν

2124 2287 2286 2357 τῆσδε
2314 2287 2413 2356 τῆς
2444 2287 2726 2354 συνοδικῆς
2758 2285 3014 2355 πράξεως
3035 2283 3138 2353 τὴν
3167 2282 3267 2353 τῆς
3288 2281 3448 2351 ἡμῶν
3483 2276 3704 2348 μετριόο

2123 2395 2282 2445 τητος
2332 2377 2611 2448 ἀναφοράν
2643 2375 2917 2443 γίνεσθαι,
2941 2373 3284 2443 τελουμένων
3327 2374 3385 2425 ἐν
3408 2370 3557 2436 αὑτῷ
3595 2368 3706 2420 τῶν

2117 2470 2287 2533 ,θείων
2315 2470 2630 2536 άγιστειῶν,
2666 2469 2836 2539 χωρὶς
2875 2468 2932 2521 δέ
2959 2467 3156 2520 τούτου
3187 2467 3343 2518 οὐδέν
3390 2483 3440 2517 τι
3485 2463 3644 2515 πλέον
3671 2463 3704 2529 ἡ

2124 2559 2502 2630 πατριαρχικὴ
2526 2559 2640 2626 ἕξει
2678 2558 2954 2628 περιωπή.
2986 2558 3092 2611 Τὸν
3125 2557 3314 2626 ὅμοιον
3349 2555 3406 2608 δὲ
3451 2553 3654 2620 τρόπον
3682 2553 3712 2604 ὁ

2125 2651 2314 2720 ῥηθεὶς
2339 2649 2630 2720 ἱερώτατος
2665 2647 3070 2719 μητροπολίτης
3093 2645 3514 2715 Μιτυλήνηςκαὶ
3540 2643 3712 2712 ὑπέρ-

2124 2760 2282 2812 τιμος
2339 2744 2434 2796 καὶ
2491 2743 2622 2813 περὶ
2679 2742 2867 2811 ἐτέρου
2927 2739 3218 2810 μονυδρίου
3273 2737 3556 2803 κεκίνηκε,
3613 2734 3708 2787 τοῦ

2136 2834 2320 2909 ’Δγίου
2354 2834 2672 2905 Μηνᾶ-τῶν
2705 2835 2873 2886 Κάτω
2895 2833 3227 2900 Πτωμαίων,
3261 2831 3399 2898 ὅπερ
3420 2829 3489 2882 δι’
3518 2828 3711 2896 ἐτέρου

2125 2927 2453 2997 γράμματος
2482 2912 2582 2978 τού¹
2602 2923 2853 2992 ἀοιδίμου
2881 2925 2940 2976 ἐν
2969 2923 3340 2993 πατριάρχαις
3365 2920 3472 2988 κύρ
3513 2919 3714 2989 Ἀρσεο

2126 3018 2242 3070 νίου
2285 3018 2381 3071 καὶ
2410 3016 2641 3071 ἀλλοίων
2683 3016 3078 3085 δικαιωμάτων
3113 3013 3463 3083 παρέστησεν
3492 3010 3712 3081 ἀληθῶς

2127 3109 2448 3165 ὑποκεῖσθαι
2483 3113 2550 3181 τῇ
2578 3109 2804 3179 τοιαύτῃ
2837 3107 2962 3160 κατ’
2994 3105 3160 3160 αὑτὸν
3188 3103 3545 3174 μητροπόλει,
3579 3102 3714 3155 κάν-

2127 3202 2321 3255 τεῦθεν
2345 3201 2692 3256 δεδικαίωται
2724 3202 2780 3253 ἐν
2810 3201 3018 3268 κατοχῇ
3043 3197 3141 3251 καὶ
3175 3194 3366 3250 τούτου
3401 3195 3713 3264 τυγχάνειν.

2132 3295 2254 3348 Ἔτι
2286 3311 2348 3362 γε
2367 3295 2475 3364 μὴν
2503 3295 2598 3346 καὶ
2626 3294 2756 3364 περὶ
2781 3293 2969 3361 ἐτέρου
2991 3290 3302 3360 μονυδρίου,
3325 3287 3715 3357 ἀνεγερθέντος

2130 3385 2281 3450 ποιρά
2308 3371 2404 3435 τοῦ
2436 3383 2867 3452 προκαθημένου
2902 3381 3115 3434 ἐκείνου
3160 3379 3255 3432 τοῦ
3287 3379 3541 3442 Γίθωνος,
3575 3377 3715 3447 ὅπερ

2129 3479 2225 3530 καὶ
2253 3477 2384 3530 αὑτδ
2410 3475 2664 3545 κατέχειν
2719 3474 3092 3538 δεδικαίωται,
3123 3472 3220 3526 ἅτε
3251 3473 3351 3540 τῆς
3380 3469 3572 3524 τούτου
3613 3485 3716 3523 κα-

2131 3567 2440 3638 θιερώσεως
2487 3565 2620 3635 παρ’
2654 3565 2822 3620 αὑτοῦ
2849 3565 2913 3634 δὴ
2963 3563 3056 3616 τοῦ
3106 3563 3404 3633 ἱερωτάτου
3440 3577 3716 3632 μητροπο-

2131 3660 2278 3712 λίτου
2299 3659 2700 3729 γεγενημένης.
2748 3657 3025 3719 Ὡσαύτως
3053 3656 3404 3710 δεδικαίωται
3464 3655 3715 3723 κατέχειν

2133 3754 2230 3805 καὶ
2263 3753 2354 3805 τὸν
2407 3753 2557 3814 ἐντὸς
2589 3750 2682 3804 τοῦ
2715 3753 2959 3820 κάστρου
2990 3748 3058 3802 δι’
3089 3739 3468 3813 ἀναλωμάτων
3511 3745 3611 3814 τῆς
3640 3749 3735 3796 εί)

2137 3846 2380 3915 ρημένης
2429 3845 2592 3912 μονῆς
2643 3844 2753 3894 τῶν
2796 3843 2994 3894 Ὁσίων
3036 3839 3297 3908 Πατέρων
3344 3837 3716 3906 ἀνεγερθέντα

2133 3936 2257 3991 ναὸν
2289 3938 2362 3998 ὡς
2393 3938 2472 3997 είς
2523 3937 2775 4006 μετόχιον
2824 3935 2916 3987 καὶ
2968 3933 3238 4001 καθέδραν
3282 3931 3452 3998 αὐτῆς
3472 3946 3488 3960 ·
3519 3930 3569 3980 εί
3601 3929 3712 3996 γάρ

2134 4029 2227 4083 τοῦ
2279 4029 2614 4098 κυριωτέρου
2675 4025 2979 4081 δικαιοῦται
3035 4025 3328 4093 τυγχάνειν
3380 4024 3439 4074 ἐν
3483 4013 3716 4090 κατοχῇ,

2137 4120 2316 4189 πολλῷ
2350 4121 2549 4189 μᾶλλον
2580 4119 2798 4183 καθέξει
2833 4118 2892 4170 τδ
2945 4119 3055 4180 τοῖς
3091 4117 3302 4170 ἐκεῖθεν
3355 4115 3714 4184 ἀναλώμασιν

2136 4214 2236 4286 τὴν
2263 4214 2526 4265 σύστασιν
2556 4211 2719 4264 λαϐὓν
2755 4209 2850 4263 καὶ
2877 4212 2971 4264 ὑπ’
3003 4211 3178 4264 ἐκεῖνο
3222 4207 3432 4272 τελοῦν,
3459 4206 3533 4269 ὡς
3563 4207 3718 4275 δεδή-

2136 4307 2324 4360 λωται.
2355 4307 2497 4375 Πρὸς
2540 4306 2747 4365 τούτοις
2779 4305 2902 4373 ἔσχε
2951 4307 3049 4373 τὴν
3081 4301 3364 4356 δικαίωσιν
3392 4303 3486 4356 καὶ
3519 4301 3612 4352 ἐπὶ
3640 4299 3718 4368 ’ίῷ

2139 4399 2291 4469 παρὰ
2319 4397 2412 4449 τοῦ
2481 4395 2870 4462 Κανναϐούτζη
2933 4397 3146 4450 ἐκείνου
3201 4395 3294 4448 τοῦ
3353 4393 3766 4464 δρουγγαρίου.

2141 4489 2489 4557 ἀνεγερθέντι
2516 4487 2629 4557 ναῷ
2658 4489 2736 4551 είς
2767 4488 2940 4556 ὄνομα
2982 4486 3076 4539 τοῦ
3108 4486 3266 4553 ἁγίου
3301 4483 3720 4554 μεγαλομάρτυ-

453 4583 706 4653 πράξεως
737 4578 1032 4640 συνοδικῶς
1081 4577 1160 4640 εἰς
1214 4577 1448 4644 ἐπήκοον
1478 4573 1948 4641 ἀναγνωσθείσης.
1996 4574 2030 4643 ἡ
2061 4579 2112 4639 D
2139 4597 2230 4652 ρος
2247 4583 2341 4635 καὶ
2364 4581 2766 4651 τροπαιοφόρον
2795 4576 3092 4645 Γιωργίου,
3122 4577 3245 4629 ἐπεὶ
3265 4574 3360 4628 τοῦ
3391 4573 3556 4627 αὑτοῦ
3589 4572 3720 4626 ναοῦ

460 4675 756 4748 μετριότης
783 4671 940 4743 ἡμῶν
991 4667 1502 4737 συνδιασκεψαμένη
1550 4669 1666 4728 τοῖς
1710 4668 1840 4737 περὶ
1870 4667 2042 4734 αὐτὴν

456 4770 773 4841 ίερωτάτοις
805 4761 1123 4836 ἀρχιερεῦσι
1150 4762 1246 4814 καὶ
1271 4760 1664 4830 ἀκριϐέστερον
1688 4758 2043 4827 προσσχοῦςα

454 4862 628 4932 ταύτῃ
661 4860 756 4913 καλ⁸
809 4857 871 4921 ἐξ
895 4855 1063 4925 αὑτῆς
1094 4853 1457 4922 κατειληφυῖα
1490 4850 1822 4921 διεξιούσης,
1852 4849 2044 4921 τρόπῳ

459 4957 825 5026 πλεονεκτικῷ
855 4955 1082 5008 εἰσιέναι
1102 4953 1193 5006 τὸν
1225 4950 1627 5020 πατριάρχικὸν
1649 4947 1879 5018 ἔξαρχον
1900 4947 1958 5000 ἐν
1983 4965 2042 5000 τε

462 5058 529 5126 τῇ
564 5054 792 5126 ῥηθείσῃ
851 5052 988 5121 μονῇ
1023 5048 1116 5101 τοῦ
1162 5046 1339 5099 Ὁσίου
1375 5046 1649 5115 Γεωργίου
1680 5045 1775 5096 καὶ
1811 5045 1918 5107 τοῖς
1949 5043 2042 5096 ὑπ’

461 5147 630 5216 αὐτὴν
658 5144 950 5215 μετοχίοις,
983 5143 1048 5211 τῇ
1097 5156 1155 5191 τε
1187 5137 1416 5208 τοιαύτῃ
1451 5136 1693 5218 δηλονότι
1755 5135 1893 5203 μονῇ
1935 5133 2043 5185 τῶν

471 5237 668 5289 ,Οσίων
728 5234 992 5302 Πατέρων
1045 5231 1139 5283 καὶ
1193 5231 1259 5298 τῇ
1318 5227 1411 5278 τοῦ
1457 5225 1639 5293 Ἀγίου
1667 5225 1917 5292 ’Δνδρέου
1947 5224 2046 5291 τῆς

462 5328 748 5398 Γλίστρας,
785 5327 844 5377 ἐν
875 5323 1015 5393 ἀγίῳ
1041 5319 1474 5390 παρακελεύεται
1507 5315 1810 5386 Πνεύματι,
1846 5315 2044 5385 μηκέτι

461 5421 521 5472 τὸ
552 5419 660 5470 ἀπὸ
689 5417 843 5470 τοῦδε
877 5415 1002 5485 μήτ’
1032 5415 1089 5464 ἐν
1119 5412 1246 5482 τῇδε
1275 5413 1340 5480 τῇ
1378 5411 1512 5480 μονῇ
1547 5408 1658 5460 τῶν
1705 5405 1906 5460 Ὁσίων
1936 5409 2048 5460 Πα-

461 5511 658 5580 τέρων,
715 5508 853 5579 μήτε
887 5507 993 5576 μὴν
1047 5506 1104 5557 ἐν
1135 5506 1213 5572 τῇ.
1253 5502 1346 5554 τοῦ
1389 5500 1573 5568 Ἀγίου
1616 5499 1890 5568 Ἀνδρέου,
1929 5499 2044 5550 ἀλλ’

465 5601 574 5654 οὐδ’
608 5604 666 5653 ἐν
696 5601 808 5662 τοῖς
841 5597 933 5649 ὑπ’
967 5597 1135 5657 αὑτάς
1161 5594 1408 5664 κτήμασι
1447 5590 1820 5660 παραϐάλλειν
1857 5590 2044 5644 αὑτόν.

468 5695 530 5747 El
557 5694 666 5762 γὰρ
693 5691 790 5763 τὴν
821 5688 911 5742 τιύ
956 5687 1140 5742 Ὀσίου
1163 5684 1436 5755 Γεωργίου
1469 5682 1823 5754 πρωτότυπον
1859 5680 2046 5753 μονὴν,

467 5787 552 5858 ἐφ’
582 5779 617 5862 ᾗ
647 5785 711 5855 δὴ
739 5785 833 5836 καὶ
862 5784 895 5852 ή
931 5780 1160 5847 διένεξις
1185 5778 1428 5845 ἀνέκυψε
1453 5776 1550 5847 τὴν
1575 5775 1774 5846 ἀρχὴν,
1799 5775 1829 5826 ὁ
1854 5775 1910 5826 ἐν
1941 5789 2050 5827 πα-

468 5883 757 5951 τριάρχαις
819 5874 1068 5944 ἀοίδιμος
1128 5867 1234 5942 κῦρ
1265 5869 1547 5940 ’Δρσὲνιος
1600 5866 2047 5938 παρακεχώρηκε

2144 4674 2374 4742 ἔγγιστα
2407 4673 2472 4743 τῇ
2509 4673 2738 4744 τοιαύτῃ
2773 4669 3054 4739 ἁγιωτάτῃ
3086 4669 3418 4736 μητροπόλει
3440 4667 3722 4735 διακειμέ-

2143 4783 2233 4818 νου
2256 4765 2348 4818 καὶ
2392 4765 2486 4817 τοῦ
2529 4761 2798 4833 κοσμικοῦ
2839 4762 2968 4814 λαοῦ
3014 4762 3072 4812 ἐν
3121 4758 3297 4829 τούτῳ
3348 4757 3720 4827 συναγομένου

2145 4859 2371 4928 πλείστη
2403 4856 2706 4927 φιλονεικία
2735 4855 2831 4908 καὶ
2859 4853 2960 4907 οὑκ
2987 4853 3185 4921 ὀλίγων
3211 4853 3460 4922 ἀφορμαὶ
3494 4851 3726 4904 σκανδά-

2145 4950 2252 5002 λων
2285 4946 2678 5017 συμϐαίνουσιν
2701 4946 2782 5008 είς
2809 4944 2868 4997 τὸ
2893 4944 2958 5013 μέ
2971 4961 3062 5012 ρος
3093 4945 3188 4996 τοῦ
3209 4943 3467 5013 ῥηθέντος
3497 4944 3726 5012 ἱερωτά-

2144 5059 2241 5094 του
2268 5038 2667 5110 μητροπολίτου
2687 5037 3003 5107 Μιτυλήνης
3021 5036 3113 5088 καὶ
3136 5036 3461 5107 ὑπερτίμου.
3495 5035 3726 5106 Ὁμοίως

2146 5133 2367 5202 ἐκίνησε
2399 5131 2496 5183 καὶ
2538 5131 2668 5200 περὶ
2712 5129 2901 5200 ἐτέρου
2955 5128 3102 5188 τινὸς
3158 5127 3443 5198 μονυδρίου
3491 5127 3623 5196 περὶ
3657 5127 3725 5177 τά

2149 5223 2415 5279 Βασιλικά
2444 5221 2536 5277 τοῦ
2567 5224 2751 5289 τιμίου
2779 5221 3224 5293 ἀρχιστρατήγου
3273 5220 3382 5274 τῶν
3413 5220 3525 5274 ἀνω
3569 5217 3728 5271 δυνά-

2152 5331 2298 5386 μεων
2345 5313 2568 5382 Μιχαὴλ
2613 5312 2709 5364 καὶ
2763 5311 3202 5382 ἐπικεκλημένου
3267 5307 3723 5380 Ἀκρονησιώτου,

2148 5404 2246 5474 τῆς
2293 5403 2485 5456 τούτου
2533 5400 2918 5470 καθιερώσεως
2973 5401 3273 5470 γενομένης
3309 5399 3458 5469 παρά
3492 5395 3585 5449 τοῦ
3609 5398 3726 5448 ἐπι-

2151 5472 2352 5549 σκόπου
2394 5492 2646 5565 Ἐρισσοῦ
2700 5492 2806 5562 κῦρ
2835 5492 3118 5563 Θεοδώρου
3147 5494 3212 5546 ἐκ
3266 5488 3582 5559 προτροπῆς
3608 5487 3727 5539 οτοῦ
3749 5472 3766 5484 χ

2151 5589 2230 5649 είς
2282 5586 2545 5655 ἀρχιερέα
2603 5582 2908 5654 τηνικαῦτα
2961 5576 3350 5654 εὑρισκομένου
3411 5577 3726 5646 Μιτυλήνης

2153 5678 2258 5750 κῦρ
2286 5679 2590 5749 Γρηγορίου
2628 5678 2866 5743 ἐκείνου,
2921 5674 3110 5736 καθὼς
3154 5673 3205 5725 οί
3244 5671 3320 5740 τῷ
3358 5669 3481 5723 τότε
3515 5669 3731 5740 ἱερουρ-

2152 5775 2421 5840 γήσαντες
2449 5772 2507 5823 ἐν
2537 5769 2688 5839 αὑτῷ
2714 5765 3098 5840 πρεσϐύτεροι,
3125 5765 3154 5816 ὃ
3182 5779 3240 5815 τε
3265 5760 3606 5831 σκευοφύλιξ
3628 5763 3728 5831 τῆς

2155 5863 2320 5933 αὑτῆς
2376 5861 2687 5930 ἁγιωτάτης
2743 5858 3052 5928 ἐπισκοπῆς
3095 5856 3124 5908 ὁ
3157 5853 3522 5925 Θωμόπουλος
3557 5855 3651 5910 καὶ
3700 5857 3728 5907 ό
