4046 6472
439 423 579 488 1189
663 384 670 391 ’

1446 387 1450 392 ’
1509 403 1910 467 SYNODlC/E
1949 398 2654 463 CONSTITUTIONES.

3577 402 3719 465 1190

438 535 697 591 éanéov
742 533 954 601 διάγειν
984 527 1130 583 κατὰ
1163 527 1388 596 κόσμον,
1433 521 1662 592 χηρείαν
1699 518 1793 571 τοῦ
1829 515 2025 584 ἀνδρὸς
2051 516 2098 579 Α
2131 513 2326 584 μώμου
2373 512 2664 585 αἰρομένου
2715 511 2810 566 καὶ
2843 511 2938 567 ἐπὶ
2985 511 3122 601 πολὺ
3176 511 3482 584 αὐξομένου
3530 533 3589 569 τε
3622 521 3718 570 καὶ

435 630 844 698 δυστυχήσασα.
889 625 1014 677 Ἐπὶ
1074 623 1258 692 μέντοι
1305 613 1770 690 τοῖςπροσοῦσιν
1824 610 2020 677 ἐκείνῳ
2068 662 2071 663 ,

436 722 573 774 πᾶσι
626 719 940 790 πράγμασι,
991 715 1231 782 γονικοῖς
1292 709 1542 778 δηλονότι
1597 704 1866 774 οἰκήμασι
1927 701 2022 754 καὶ

436 810 745 880 ἀμπελίοις,
797 808 894 860 καὶ
929 806 1140 868 λοιποῖς
1177 803 1500 873 ίδιοκτήτοις
1540 797 1777 860 ἐκείνου,
1816 792 2026 864 κρατῆτ

438 919 533 955 σαι
564 901 632 953 τὰ
661 900 762 970 τῆς
789 900 992 969 νεαρᾶς
1023 895 1371 968 νομοθεσίας,
1398 892 1522 945 ἐπεὶ
1553 890 1614 944 τὸ
1639 888 1856 955 παιδίον,
1883 882 2026 954 μετὰ

437 995 670 1049 θάνατον
722 989 818 1046 τοῦ
873 991 1069 1062 ἀνδρὸς
1123 983 1645 1056 ἐτελεύτησε,’καθ’
1696 981 1755 1034 δν
1805 978 2026 1058 εἴρηται

421 1087 660 1158 τρόπον,
688 1087 783 1139 καὶ
815 1085 897 1148 είς
926 1085 1076 1154 τρεῖς
1110 1082 1338 1152 μερίδας
1374 1077 1580 1132 τούτων
1613 1073 2022 1144 διαιρεθέντων,

427 1179 536 1252 ιτὴν
562 1181 694 1249 μίαν
729 1179 828 1250 μὲν
862 1177 936 1239 ώς
971 1175 1314 1246 κληρονόμον
1340 1171 1528 1225 λαϐεῖν
1558 1170 1749 1238 αὐτὴν.
1783 1166 1882 1237 τήν
1908 1165 2026 1252 ἐτέ-

417 1220 540 1340 ﬁl;
562 1220 1576 1334 ἓῖτιῖἱζιεῖνᾏῖέέζτὲρἐζ’έιξὲὲ’έιμῷ
1592 1220 1804 1327 έριέτίν,
1835 1220 2025 1324 πρῶτα

442 1318 532 1340 ι’-τν
576 1318 620 1322 ’ν
667 1318 738 1322 ---
778 1318 944 1322 θ---νν
1163 1318 1176 1334 ι
1241 1318 1253 1330 ι
1340 1318 1356 1325 -
1521 1318 1533 1328 .
1626 1318 1639 1327 .
1736 1318 1748 1324 -
1877 1318 1889 1324 -

363 1318 542 1430 ’τίμὲν
576 1357 1071 1428 καταλογισθῆναι,
1107 1355 1208 1408 ὅσα
1253 1353 1405 1424 παρὰ
1438 1350 1601 1421 τῆσδε
1634 1348 1734 1417 τῆς
1769 1342 2025 1414 γυναικδς

396 1432 748 1507 εἰἱινάλωνται
780 1451 923 1520 ὑπὲρ
951 1452 1060 1501 τῶν
1092 1446 1284 1517 ψυχῶν
1315 1443 1542 1512 κηδείας
1569 1440 1729 1510 χάριν
1759 1438 1852 1490 καὶ
1889 1452 2026 1504 μνη-

443 1545 717 1616 μοσύνων,
743 1544 811 1598 τὰ
839 1544 896 1597 δὲ
930 1543 1325 1613 περιττεύοντα
1355 1537 1444 1590 ἐπ’
1473 1535 1593 1603 ίσης
1629 1533 1803 1601 αὑτήν
1834 1546 1889 1582 τε
1935 1528 2030 1580 καὶ

440 1638 533 1691 τὸν
559 1634 822 1705 πενθερὸν
850 1630 1324 1703 συμμερίσασθαι,
1354 1626 1498 1680 ῶστε
1523 1626 1613 1678 τὸν
1644 1623 1741 1694 μὲν
1767 1621 1910 1690 ὑπὲρ
1930 1620 2030 1689 τῆς

442 1727 537 1782 τοῦ
579 1727 696 1780 υίοῦ
727 1727 930 1796 ψυχῆς,
964 1729 1064 1794 τὴν
1097 1725 1153 1776 δὲ
1182 1721 1320 1792 ὑπὲρ
1351 1722 1452 1792 τῆς
1490 1719 1584 1774 τοῦ
1623 1717 1840 1772 παιδίου
1869 1733 2030 1784 φρον-

442 1817 614 1881 τίζειν
657 1801 986 1870 συνειδότων
1027 1815 1123 1868 καὶ
1155 1813 1265 1866 τῶν
1308 1810 1652 1882 προκρίτωψ
1679 1807 1772 1862 τοῦ
1822 1807 2028 1876 κλήρου

442 1910 541 1978 τῆς
569 1910 748 1962 ἐκεῖσε
774 1908 1090 1978 ἁγιωτάτης
1118 1905 1531 1978 μητροπόλεωςο
1555 1901 1677 1955 ὅθεν
1702 1900 1796 1954 καὶ
1824 1898 2029 1966 ὀφείλει

443 1996 596 2063 οὗτος
624 1999 688 2069 δὴ
715 2001 743 2052 ὁ
778 1997 1044 2065 πενθερὸς
1077 1995 1303 2066 στέρξαι
1338 1993 1432 2045 καὶ
1469 1989 1543 2061 μὴ
1569 1988 1863 2044 ¹ἀντειπεῖν
1895 1986 2028 2048 ὅλως

447 2095 537 2146 ἐπὶ
578 2093 705 2162 τῇδε
732 2093 799 2162 τῇ
836 2090 1093 2160 συνοδικῇ
1130 2086 1426 2157 διαγνώσει
1471 2085 1571 2150 τῆς
1619 2081 1779 2153 ἡμῶν
1813 2077 2029 2150 μετριό-

443 2201 629 2254 τητος,
675 2182 911 2254 ἐχούσης
957 2180 1032 2245 ὥς
1081 2178 1357 2250 ἀνηνέχθη
1391 2176 1637 2247 δηλονότι
1685 2173 1785 2240 τῆς
1835 2169 2033 2222 ὑποθέ-

447 2293 608 2343 σεως,
636 2275 868 2346 βεϐαίως
901 2273 1082 2336 εἰδὼς,
1105 2272 1181 2336 ώς
1206 2274 1254 2325 εί
1285 2271 1380 2325 καὶ
1413 2269 1494 2322 ἔτι
1520 2262 2031 2324 καταδυναστεύσας

444 2371 548 2422 οὑκ
588 2366 935 2441 εὐπειθήσει,
967 2365 1364 2435 εὑθυνθήσεται
1412 2360 1556 2415 κατὰ
1593 2359 1694 2428 τὴν
1737 2352 2032 2422 κανονικὴν

445 2460 860 2534 παρατήρησιν,
904 2458 980 2521 ὡς
1031 2456 1318 2527 προδήλως
1344 2452 1424 2524 τῷ
1452 2451 1648 2521 δικαίῳ
1684 2448 2034 2517 ἐναντιούμε-

445 2573 555 2619 νος.
595 2555 754 2609 Ἐπεὶ
779 2553 835 2606 δὲ
864 2553 891 2605 ὁ
917 2550 1160 2613 τοιοῦτος
1188 2545 1452 2617 πενθερὸς
1477 2542 1805 2596 διατείνεται
1833 2540 1927 2594 καὶ
1957 2538 2034 2622 ώς

444 2651 541 2706 τοῦ
575 2651 694 2703 υίοῦ
727 2649 1159 2719 τελευτήσαντος
1184 2643 1446 2730 εὕρηνται
1477 2641 1777 2711 ὖπέρπυρα
1799 2636 2031 2702 ἐκείνου,

442 2742 755 2813 διεγνώσθη
785 2742 880 2794 καὶ
917 2740 1048 2810 περὶ
1081 2738 1300 2804 τούτου,
1335 2737 1414 2800 ὡς
1447 2735 1513 2788 ἂν
1545 2731 1846 2811 ἐξετάσεως
1876 2731 2037 2800 ἀκρι-

447 2837 576 2902 ϐοῦς
600 2835 928 2905 γενομένης,
963 2833 1121 2902 εἴπερ
1146 2829 1407 2900 δυνηθείη
1436 2827 1786 2898 παραστῆσαι
1819 2823 1908 2876 διὰ
1937 2822 2034 2875 τοῦ

446 2929 803 2999 καταστίχου,
858 2928 994 2996 ὅπερ
1047 2923 1343 2994 ἐποιήσατο
1394 2920 1531 2989 πρὸς
1587 2919 1820 2984 ἐκεῖνον,
1873 2916 1905 2986 ἢ
1948 2914 2035 2968 διὰ

449 3000 748 3094 μαρτύρων
779 3019 1115 3085 ἀξιοπίστων
1152 3013 1332 3085 ἀληθῆ
1360 3013 1430 3068 τὰ
1467 3011 1596 3082 περὶ
1630 3009 1851 3073 τούτου,
1879 3002 1936 3060 εὖ
1969 3005 2036 3060 ἂν

446 3115 542 3170 καὶ
586 3113 766 3177 καλῶς
815 3113 952 3184 έχοιο
1002 3111 1052 3164 εί
1105 3109 1151 3162 δ’
1202 3104 1319 3171 οὖν,
1375 3106 1647 3160 παύσεται
1703 3101 2036 3173 παραλόγως

447 3206 642 3278 ὀχλῶν.
670 3205 854 3259 Ταῦτα
886 3200 1359 3272 παρεκϐληθέντα,
1390 3215 1449 3252 κ.
1477 3199 1614 3252 τηε.

519 3389 614 3445 Ill.
651 3389 691 3461 ’ξ’
726 3386 874 3456 Μηνὶ
926 3383 1115 3453 Μαΐῳ,
1161 3380 1208 3432 λ’
1241 3379 1450 3450 ἡμέρᾳ,
1505 3375 1764 3447 Πέμπτῃ,
1814 3371 1910 3426 ίνδ.
1961 3365 2031 3461 η’,

450 3483 878 3556 προκαθημένου
901 3475 994 3532 τοῦ
1023 3472 1443 3543 παναγιωτάτου
1470 3469 1629 3540 ὴμῶν
1649 3467 1913 3520 δεσπότου
1940 3459 2033 3516 τοῦ

447 3573 832 3648 οἱκουμενικοῦ
882 3571 1225 3640 πατριάρχου
1276 3567 1336 3619 ἐν
1388 3565 1502 3625 τοῖς
1557 3560 1700 3614 κατά
1742 3559 1833 3611 τὸν
1879 3556 2036 3622 ἅγιον

449 3669 816 3739 θεοφύλακτον
869 3663 1104 3725 κελλίοις
1192 3653 1381 3721 αὑτοῦ,
1445 3649 1925 3739 συνεδριαζόντωνΔ
1966 3649 2033 3716 τῇ

453 3736 666 3830 μεγάλῃ
699 3755 978 3826 ἁγιωσύνῃ
1012 3748 1179 3806 αὑτοῦ
1216 3746 1312 3801 καὶ
1349 3745 1664 3814 ίερωτάτων
1695 3736 2034 3811 ἀρχιερέων,

448 3852 540 3905 τοῦ
574 3849 850 3920 Σάρδεων,
879 3842 1183 3913 ὑπερτίμου
1217 3838 1311 3892 καὶ
1343 3835 1580 3905 ἐξάρχου
1609 3833 1788 3902 πάσης
1811 3830 2034 3896 Λυδίας,

446 3937 485 3997 Γ
491 3942 774 4014 ρηγορίου,
811 3941 906 3999 τού
941 3929 1331 4001 Νικομηδείας,
1380 3925 1688 3996 ὑπερτίμου
1730 3924 1824 3976 καὶ
1872 3921 2036 3993 ἐξάρ-

445 4051 543 4107 χου
599 4032 782 4102 πάσης
840 4026 1122 4089 Βιθυνίας,
1176 4020 1462 4088 Μαξίμου,
1511 4017 1606 4070 τοῦ
1663 4014 2035 4107 Χαλκηδόνος]

449 4101 754 4196 ύπερτίμου
787 4121 878 4174 καὶ
911 4115 1180 4187 προέδρου
1209 4112 1566 4180 Μαρωνείας,
1590 4107 1910 4171 Θεοδούλου,
1939 4101 2034 4157 τοῦ

447 4213 944 4291 Ἀδριανουπόλεως
999 4210 1095 4262 καὶ
1159 4205 1467 4276 ὑπερτίμου
1497 4239 1512 4266 ,
1583 4199 1873 4269 Ἰγνατίου,
1937 4196 2034 4291 τοῦ

337 4305 364 4331 ⁸
445 4290 758 4382 Μελιτηνῆς
803 4311 898 4360 καὶ
943 4302 1274 4373 ὑπερτίμου,
1307 4293 1616 4357 Θεοδοσίου,
1653 4292 1749 4346 τοῦ
1787 4290 2036 4355 Πισιδίας

447 4407 542 4460 καὶ
598 4401 943 4470 ὑπερτίμου,
1011 4392 1342 4464 Γρηγορίου,
1401 4389 1495 4442 τοῦ
1559 4387 1873 4457 Δυρραχίου
1941 4385 2037 4437 καὶ

449 4493 778 4565 ὑπέρτίμου,
824 4487 1159 4558 Γρηγορίου,
1188 4483 1284 4537 τοῦ
1320 4480 1641 4550 Μιτυλήνης
1672 4477 1768 4529 καὶ
1813 4474 2034 4565 ὑπερτί-

2125 607 2561 675 πλατυνομένου,
2596 608 2623 659 ὁ
2657 605 2907 668 διάκονος
2956 599 3056 658 ὅδε
3091 605 3343 669 ἐξετάσει
3390 605 3613 675 δοθῆναι
3647 609 3716 660 τά

2125 701 2254 771 περὶ
2284 699 2478 753 τούτου
2529 699 2842 771 ἐκλιπαρεῖ,
2882 701 2977 755 καὶ
3021 700 3149 762 τοὺς
3183 699 3587 768 ἀπελέγξοντας
3639 703 3718 761 είς

2125 788 2408 860 προῦπτον
2450 791 2711 862 φανῆναι,
2763 791 2818 844 εί
2859 805 2910 846 τι
2965 792 3213 846 τοιοῦτον
3273 791 3572 862 συνῄδεσαν
3631 795 3723 844 ἐπ’

2131 883 2300 954 αὐτῷ.
2335 883 2396 936 '0
2450 885 2636 953 μέντοι
2685 882 2748 936 τὸ
2807 883 3176 954 κατηγόρημα
3225 884 3346 936 τόδε
3405 882 3719 952 κεκινηκὼ;

2133 975 2487 1043 παράστασιν
2511 975 2590 1037 είς
2617 972 2774 1026 τοῦτο
2803 978 3112 1044 παρασχεῖν
3137 976 3197 1040 ἐξ
3227 975 3425 1028 ἐαυτοῦ
3465 975 3538 1045 μὴ
3570 976 3720 1029 δεδυ-

2127 1067 2362 1135 νημένος
2388 1067 2543 1128 τινὰς
2575 1066 2683 1118 τῶν
2721 1065 3146 1136 θεληματαρίων
3178 1067 3381 1122 εἰδέναι
3419 1067 3621 1135 μᾶλλον
3648 1070 3719 1120 τὰ

2129 1158 2260 1229 περὶ
2303 1161 2497 1211 τούτου
2548 1158 2913 1227 προύϐάλετο,
2945 1159 2995 1211 οἳ
3031 1159 3164 1228 δῆτα
3202 1161 3296 1213 καὶ
3345 1160 3720 1228 προσκληθέν-

2127 1268 2219 1313 τες
2245 1251 2339 1303 καὶ
2367 1249 2741 1322 ἐρωτηθέντες
2774 1251 2904 1322 περὶ
2931 1253 3032 1320 μὲν
3060 1252 3153 1305 τοῦ
3183 1253 3390 1322 πατρὸς
3421 1251 3516 1304 τοῦ
3549 1254 3720 1322 δηλω-

2129 1343 2314 1406 θέντος
2336 1343 2584 1397 διακόνου
2612 1342 2685 1412 μὴ
2708 1343 3032 1397 ἐπίστασθαί
3057 1362 3108 1397 τι
3131 1345 3373 1398 τοιοῦτον
3395 1345 3715 1398 διεϐεϐαιώ-
3781 1355 3794 1366 ⁸

2131 1453 2290 1490 σαντο
2337 1435 2434 1489 καὶ
2479 1435 2938 1504 ἀνωμολόγησαν,
2963 1421 3120 1505 ’περὶ
3154 1427 3209 1490 δέ
3243 1455 3305 1506 γε
3341 1439 3438 1509 τῆς
3475 1439 3714 1508 μάμμης

2130 1527 2294 1581 αὐτοῦ
2345 1529 2412 1582 τά
2453 1527 2552 1596 τῆς
2589 1531 2777 1598 φήμης
2808 1527 3014 1598 ταύτης
3047 1524 3202 1582 εἴποι
3235 1530 3380 1598 ἔχειν
3428 1530 3713 1597 ἐξάκοῆς,

2132 1619 2362 1673 πλεῖστά
2392 1638 2452 1687 γε
2491 1621 2599 1691 μὴν
2635 1621 3202 1693 ὑπερμαρτυροῦντες
3239 1619 3380 1692 ἦσαν
3414 1624 3602 1686 αὐτοῦ,
3639 1626 3720 1677 ὅτι

2131 1728 2190 1765 τε
2221 1712 2490 1781 θεοφιλῶς
2516 1714 2822 1782 τέθραπται
2854 1715 2953 1770 καὶ
2984 1717 3321 1786 σεμνῶς·κα“ι
3351 1719 3593 1787 κοσμίως
3622 1715 3740 1769 καὶ-

2133 1809 2197 1860 ἐκ
2223 1807 2415 1868 παιδὸς
2460 1807 2528 1860 τὰ
2577 1808 2698 1858 θεῖα
2739 1808 3132 1876 διδασκόμενος
3167 1810 3476 1878 γράμματα
3508 1810 3722 1872 τούτοις

2135 1898 2197 1949 τὸ
2229 1898 2394 1951 πλέον
2421 1898 2520 1966 τῆς
2549 1899 2786 1968 σπουδῆς
2813 1899 2986 1952 ἐδίδου
3022 1901 3116 1952 καὶ
3149 1903 3246 1970 τῆς
3280 1901 3535 1971 μελέτης.
3573 1902 3723 1969 Ἑξε-

2133 1990 2344 2053 τάσεως
2371 1991 2427 2043 δὲ
2463 1993 2768 2059 γενομένης
2799 1991 3099 2054 συνοδικῶς
3128 1994 3222 2046 καὶ
3247 1995 3340 2046 ἐπὶ
3368 1994 3465 2047 τοῦ
3497 2013 3720 2064 χρημα-

2134 2082 2387 2145 τίσαντος
2417 2082 2760 2152 πατριάρχου
2795 2083 3006 2135 ἐκείνου
3030 2083 3149 2158 ’κῦρ
3191 2086 3439 2137 Ἰωάννου
3468 2083 3562 2137 τοῦ
3590 2085 3725 2137 Γλυ-

2137 2175 2283 2241 κέος,
2315 2174 2593 2245 ἀνώτερος
2640 2175 2742 2246 μὲν
2772 2175 2873 2246 τῆς
2921 2179 3178 2247 τοιαύτης
3225 2177 3479 2246 διαϐολῆς
3525 2179 3722 2231 ἀναδέ-

2135 2268 2366 2334 δεικται,
2402 2266 2541 2339 πλὴν
2574 2268 2973 2339 ὑπερτεθέντος
2999 2271 3088 2322 τοῦ
3116 2272 3463 2340 πράγματος,
3491 2270 3558 2323 ἵν’
3580 2269 3724 2325 οὕτω

2134 2347 2229 2412 τοῦ
2262 2359 2459 2431 καιροῦ
2487 2363 2930 2432 παρατρέχοντος
2955 2363 3049 2416 καὶ
3069 2366 3096 2417 ό
3120 2363 3209 2416 τὸν
3239 2364 3535 2434 κινηθέντα
3563 2363 3721 2428 λόγον

2137 2451 2454 2519 ἀπελέγξων
2487 2455 2704 2524 φανείη,
2738 2455 2973 2524 ἐπείπερ
3008 2454 3067 2520 ἐξ
3101 2455 3310 2509 ἐκείνου
3346 2456 3440 2509 καὶ
3471 2457 3524 2516 ἐς
3558 2454 3718 2526 δεῦρο

2139 2543 2346 2614 χρόνων
2385 2545 2486 2616 ήδη
2538 2546 2952 2617 παρῳχηκότων
2988 2547 3129 2600 ἑπτὰ
3178 2548 3356 2612 οὐδεὶς
3397 2548 3649 2618 εὓρηται,
3685 2551 3720 2619 ή
3805 2547 3814 2559 ’

2141 2639 2434 2711 μετριότης
2485 2641 2663 2712 ήμῶν,
2721 2640 2925 2712 καίπερ
2978 2641 3080 2711 τῆς
3131 2641 3272 2712 ὑπὲρ
3316 2641 3496 2708 06106
3517 2643 3723 2713 ταύτης

2141 2733 2737 2803 μαρτυρίας-ἀληθοῦς
2782 2733 2969 2803 οὔσης,
3026 2735 3178 2804 ὅμως
3236 2734 3484 2797 πλείονος
3535 2734 3726 2788 ἕνεκεν

2139 2825 2439 2893 ἀσφαλείας
2476 2826 2570 2879 καὶ
2593 2825 2876 2896 ἔγγραφον
2910 2827 3212 2898 ὁμολογίαν
3241 2828 3499 2883 ἐκθέσθαι
3530 2830 3728 2884 τοῦτον

2139 2915 2416 2988 άπῄτησε,
2447 2917 2704 2988 καθάπερ
2737 2919 2928 2989 ἐχρῆν,
2961 2911 3023 2971 οῦ
3058 2920 3125 2988 δὴ
3161 2921 3255 2974 καὶ
3287 2921 3588 2991 ἐγγράφως
3626 2925 3728 2976 πᾶ-

2141 3026 2242 3063 σαν
2279 3008 2376 3080 μὲν
2407 3011 2618 3081 αἵρεσιν
2643 3011 3066 3081 άποϐαλομένου
3097 3014 3192 3067 καὶ
3224 3016 3531 3084 ἀναθέματι
3558 3017 3732 3070 καθυ-

2141 3099 2494 3168 ποϐαλόντος,
2547 3099 2641 3154 τοῦ
2691 3103 2956 3165 εὐσεϐοῦς
2995 3106 3052 3159 δὲ
3081 3105 3194 3159 τῶν
3224 3106 3575 3176 Χριστιανῶν
3605 3109 3729 3176 δόγ-

2062 3235 2106 3294 C
2144 3208 2336 3260 ματος,
2368 3191 2557 3263 ὥσπερ
2587 3195 2725 3264 δῆτα
2757 3197 2853 3248 καὶ
2879 3196 2976 3264 τῆς
3007 3199 3283 3268 κλήσεως,
3320 3200 3600 3270 ὁλοψύχως
3631 3205 3730 3257 καὶ

2138 3283 2288 3354 πάσῃ
2321 3283 2517 3356 γνώμῃ
2548 3290 2840 3357 τυγχάνειν
2871 3288 3406 3368 ἐξασφαλισαμένου,
3437 3295 3727 3356 ἐδικαίωσε

2136 3375 2328 3430 τοῦτον
2356 3377 2391 3446 ἠ
2446 3380 2742 3450 μετριότης
2787 3381 2948 3449 ήμῶν
2987 3383 3208 3453 σύναμα
3254 3388 3364 3450 τοῖς
3396 3387 3525 3456 περὶ
3557 3388 3730 3457 αὐτὴν

2139 3466 2463 3536 ἱερωτάτοις
2523 3471 2902 3539 ἀρχιερεῦσιν,
2968 3475 3156 3542 μένειν
3213 3478 3312 3529 ἐπὶ
3369 3478 3465 3531 τοῦ
3523 3480 3730 3534 οἰκείου

2137 3559 2350 3630 βαθμοῦ
2380 3563 2473 3615 καὶ
2515 3563 2814 3627 ἀκωλύτως
2848 3566 3096 3634 μετιέναι
3127 3567 3186 3621 τὸ
3219 3568 3592 3640 λειτούργημα
3621 3569 3734 3641 τῆς

2135 3652 2417 3716 διακονίας
2466 3655 2653 3721 αὑτοῦ,
2713 3661 2809 3710 καὶ
2857 3658 2938 3721 είς
2993 3658 3221 3728 μείζονα
3278 3662 3726 3732 προϐιϐασθῆναι

2135 3746 2361 3819 δεῆσαν,
2392 3745 2490 3802 ἅτε
2537 3749 2680 3817 μετὰ
2715 3749 2918 3820 πολλὴν
2961 3751 3058 3804 καὶ
3098 3754 3303 3824 ἀκριϐῆ
3337 3753 3439 3824 τὴν
3474 3755 3734 3822 ἐξέτασιν·

2136 3837 2414 3906 ἀνώτερον
2453 3838 2826 3906 ἀναφανέντα,
2865 3839 2941 3903 ώς
2974 3841 3298 3910 δεδήλωται,
3336 3840 3431 3896 τοῦ
3476 3841 3728 3897 τοιούτου

2136 3930 2601 3999 κατηγορήματος
2655 3931 2752 3983 καὶ
2807 3934 2960 4000 παρὰ
3024 3934 3248 3986 πάντων
3313 3934 3424 3988 τῶν
3477 3935 3728 4004 ἀκριϐῶς

2137 4020 2522 4090 ἐπισταμένων
2547 4021 2615 4076 τὰ
2651 4019 2773 4074 κατ’
2797 4021 2963 4077 αὐτὸν
2997 4022 3284 4091 θεοφιλοῦς
3319 4027 3738 4080 ἀντιποιεῖσθαι

2136 4112 2366 4183 ἀγωγῆς
2403 4116 2889 4186 μαρτυρούμενον,
2915 4115 3238 4170 -κάντεῦθεν
3287 4119 3495 4186 μηδένα
3528 4118 3730 4188 ἔχοντα

2137 4211 2218 4274 είς
2255 4207 2417 4261 τοῦτο
2452 4207 2797 4277 ἐμποδισμδν
2841 4207 2985 4260 κατὰ
3034 4195 3134 4279 τὴν
3187 4209 3479 4280 συνοδικὴν
3522 4211 3738 4283 ταύτην

2135 4301 2233 4354 καὶ
2290 4300 2572 4372 ἡμετέραν
2635 4299 2952 4370 διάγνωσιν.
3019 4301 3206 4356 Ταῦτα
3266 4303 3728 4375 παρεκϐληθέντα

2133 4392 2244 4445 ἀπὸ
2265 4393 2378 4445 τῶν
2405 4393 2731 4463 ήμερησίων
2757 4394 3054 4450 συνοδικῶν
3080 4397 3602 4466 παρασημειώσεων
3631 4396 3732 4451 καὶ

2133 4488 2202 4560 τῇ
2239 4485 2668 4556 ὑπογραφῇκαὶ
2703 4487 2969 4556 σφραγῖδι
3004 4487 3100 4539 τοῦ
3149 4489 3484 4557 τιμιωτάτου
3526 4505 3729 4559 χάρτο-

452 4564 576 4658 μου,
600 4579 903 4643 Διονυσίου,
925 4575 1022 4628 τοῦ
1049 4576 1270 4643 Ἀπρωι
1294 4570 1600 4640 ὑπερτίμου
1631 4567 1726 4620 καὶ
1746 4565 1839 4618 τὸν
1867 4564 2033 4618 τόπον
2065 4591 2110 4647 D
2138 4577 2384 4647 φύλακος
2417 4577 2794 4648 βεϐαιωθέντα
2826 4579 2921 4632 καὶ
2945 4579 3291 4632 πιστωθέντα
3325 4578 3556 4650 ἐπεδόθη
3587 4583 3730 4650 μηνὶ

451 4657 742 4748 ἐπέχοντος
790 4668 887 4723 τοῦ
938 4666 1241 4736 Εὑχαίτων,
1309 4661 1531 4732 Ἰωσὴφ,
1582 4659 1679 4713 τοῦ
1721 4657 2033 4728 Μηθύμνης

450 4770 546 4824 καὶ
575 4764 904 4838 ὑπερτίμου,
935 4756 1224 4827 Μαλαχίου
1262 4755 1355 4808 καὶ
1385 4751 1478 4805 τοῦ
1511 4751 1728 4821 Βάρνας
1760 4751 2030 4819 301K09-

450 4860 602 4913 ϐωνᾶ
636 4858 732 4912 καὶ
767 4851 1098 4924 ὑπερτίμου,
1139 4844 1428 4910 Μεθοδίου,
1476 4842 1908 4914 παρισταμένων
1943 4839 2036 4893 καὶ

453 4951 892 5024 θεοφιλεστάτων
918 4941 1261 4999 δεσποτικῶν
1291 4939 1590 5010 ἀρχόντων.

525 5047 566 5117 ἰ-
615 5044 951 5112 Ἀνήνεγκεν
985 5034 1079 5090 ἐπὶ
1109 5031 1211 5103 τῆς
1249 5029 1409 5102 ἡμῶν
1443 5027 1798 5099 μετριότητος
1828 5039 2036 5117 προκα-

455 5116 700 5208 θημένης
736 5129 1028 5189 συνοδικῶς
1057 5126 1085 5178 ὁ
1135 5124 1192 5176 ἐν
1251 5122 1504 5193 μοιδαχοῖς
1548 5119 1796 5208 διάκονος
1828 5116 2037 5208 Σίμων,

450 5205 952 5296 ὼςίεὺρισκομένου
1002 5217 1199 5270 τούτου
1235 5213 1316 5278 ἐντ
1342 5215 1408 5281 τῇ
1449 5207 1728 5278 σεϐασμία
1778 5205 2037 5296 βασιλικῇ

455 5321 592 5392 μονῇ
621 5295 720 5370 τοῦ
749 5312 1023 5367 Δεσπότου
1061 5297 1165 5360 ’καὶ
1196 5305 1448 5374 Σωτῆρος
1479 5301 1640 5373 ήμῶν
1673 5295 1911 5369 Χριστοῦ
1944 5298 2038 5350 καὶ

453 5411 864 5479 ἐπικεκλημένη
896 5404 992 5460 τοῦ
1027 5401 1478 5473 Παντοκράτορος
1516 5395 1750 5468 μοναχὸς
1799 5411 1885 5457 τις
1929 5393 2036 5447 τῶν

453 5509 511 5559 ἐν
539 5503 667 5574 τῇδε
695 5504 762 5570 τῇ
789 5501 926 5568 μονῇ
950 5495 1307 5562 ἀσκουμένων
1334 5489 1609 5561 ἀπεχθείᾳ
1636 5487 2040 5560 προκατειλημ-

460 5598 618 5667 μένος
651 5591 727 5644 ὣν
761 5591 882 5643 κατ’
913 5588 1105 5653 αὑτοῦ,
1154 5586 1503 5655 διεφήμισεν,
1539 5583 1614 5644 ὡς
1663 5584 1689 5635 ὁ
1734 5583 1926 5633 τούτου
1974 5579 2038 5648 δὴ

454 5689 550 5744 τοῦ
583 5689 834 5741 διακόνου
864 5683 1045 5754 πατὴρ
1079 5683 1145 5751 τῇ
1174 5679 1284 5733 τῶν
1319 5675 1654 5746 Βωγομίλων
1685 5673 1849 5743 δῆθεν
1882 5674 2037 5744 αἰρέ-

458 5800 540 5836 σει
592 5779 938 5852 προσέκειτο,
986 5772 1285 5829 κάντεῦθεν
1336 5770 1436 5823 οὐκ
1483 5767 1680 5836 ὀλίγων
1718 5766 2037 5819 σκανδάλων

457 5873 798 5943 ἐπιφυέντων
844 5868 940 5923 καὶ
989 5865 1082 5920 τοῦ
1137 5861 1564 5935 προστρ.ϐέντος
1611 5859 1758 5929 αὐτῷ
1790 5858 2034 5913 τοιούτου

2133 4673 2230 4724 καὶ
2284 4671 2387 4724 ινδ.
2431 4672 2548 4733 τοῖς
2589 4671 3110 4740 προγεγραμμένοις
3155 4669 3318 4733 ἔτους.
3359 4669 3729 4741 ἑξακισχιλιοι-

2137 4761 2267 4816 στοῦ
2296 4760 2724 4816 ὀκτακοσιοστοῦ
2752 4760 3085 4832 τριακοστοῦ
3117 4761 3330 4832 τρίτου.

2207 4935 2298 4991 IV.
2335 4934 2374 5005 ῒ
2413 4936 2562 5007 Μηνὶ
2607 4934 2811 5008 Ἰουνίῳ
2847 4975 2859 4992 .
2902 4975 2918 4992 .
2959 4978 2974 4993 .
3015 4977 3030 4992 .
3070 4977 3084 4992 .
3121 4977 3136 4993 .
3174 4980 3188 4994 .
3225 4977 3241 4994 .
3281 4901 3384 4993 ίνδί
3416 4938 3488 5007 η’,
3520 4955 3739 5011 προκαυ

2139 5029 2379 5100 θημένὸυ
2397 5028 2490 5082 τοῦ
2516 5029 2934 5096 παναγιωτάτου
2954 5030 3113 5100 ήμῶν
3135 5031 3400 5086 δεσπότου
3422 5032 3518 5085 τοῦ
3542 5023 3731 5088 οἰκον-ὲ

2141 5121 2367 5194 μενικοῦ
2419 5123 2766 5194 πατριάρχου
2794 5125 2852 5174 ἐν
2885 5126 2998 5186 τοῖς
3036 5124 3180 5177 κατὰ
3209 5125 3303 5178 τὸν
3336 5125 3491 5194 ἅγιον
3529 5125 3732 5194 θεοιρύ-
3826 5139 3832 5146 ‘

2140 5216 2338 5269 λακτον
2382 5214 2615 5279 κελλίοις
2655 5215 2841 5280 αὐτοῦ,
2887 5216 3345 5286 συνεδριαζόντων
3386 5220 3453 5288 τῇ
3509 5217 3729 5289 μεγάλῃ

2141 5307 2426 5382 ἁγιωσύνῃ
2440 5308 2606 5362 αὐτοῦ
2631 5312 2724 5364 καὶ
2743 5310 2854 5364 τῶν
2869 5310 3050 5366 αὐτῶν
3072 5311 3729 5382 ίερωτάτωιόἀρχιερέων.

2212 5399 2252 5472 -ί-
2309 5401 2636 5471 Ἀνήνεγκεν
2666 5401 2761 5454 ἐπὶ
2791 5401 2884 5475 τοῦ
2919 5403 3038 5456 καθ’
3070 5405 3216 5472 ἡμᾶς
3257 5401 3406 5470 ἱεροὖ
3441 5398 3724 5452 συνοδικοδ

2139 5494 2494 5564 δικαστηρίου
2522 5496 2554 5563 ή
2583 5495 2692 5546 ἀπὸ
2718 5495 2816 5564 τῆς
2843 5499 3028 5566 χώρας
3049 5495 3158 5548 τῶν
3195 5493 3554 5546 Ἐννακοσίων
3581 5492 3732 5562 χήρα

2142 5587 2281 5654 γυνὴ
2312 5587 2344 5654 ἡ
2387 5586 2764 5654 ’Δποστολίνα,
2790 5587 2865 5651 ώς
2898 5589 2997 5659 τὴν
3045 5588 3181 5640 ίδίαν
3220 5585 3504 5653 θυγατέρα
3535 5585 3730 5652 ὃγδοον
3788 5639 3798 5646 ,

2141 5681 2240 5748 τῆς
2286 5679 2504 5749 ἡλικίας
2535 5681 2778 5748 ἄγουσαν
2810 5682 3004 5752 χρόνον
3051 5679 3423 5751 πρεσϐύτερός
3457 5695 3540 5742 τις
3583 5679 3731 5730 ηαν-

2143 5773 2318 5844 θήρης
2360 5773 2698 5844 καλούμενος
2747 5774 2902 5844 ἀνδρί
2949 5791 3056 5827 τινι
3105 5773 3418 5841 συνήρμοσε
3449 5771 3516 5824 δι’
3549 5773 3732 5842 ἀρραο

2144 5864 2392 5924 ϐιυνικῶν
2436 5865 2673 5934 δεσμῶν,
2699 5864 2966 5932 Θεοδώρῳ
3001 5864 3078 5934 τῷ
3115 5863 3428 5935 Διακονίτη,
3473 5863 3562 5915 καλ
3597 5860 3739 5941 χρό-¹
