4046 6456
412 474 549 541 1193

1475 476 1867 544 ΞΥΝΟΟΙΟᾹΞ
1907 481 2592 544 CONSTITUTIONES.

3514 485 3652 550 IIQI

486 584 570 638 VI.
605 585 645 656 1-
675 586 824 651 Μηνὶ
846 586 923 655 τῷ
954 585 1125 655 αὐτῷ,
1161 585 1246 651 ιζ’,
1284 589 1467 658 ἡμέρᾳ
1492 592 1556 657 τῇ
1589 587 1747 660 αὐτῇ,
1775 591 1875 644 ίνδ.
1900 589 1972 660 η’,
2003 601 2048 658 Α
2079 587 2173 640 τοῦ
2202 590 2499 642 Φιλοκάλου
2543 587 2792 653 διάκονος
2835 595 2931 648 καλ⁹
2976 595 3384 666 ἐκκλησιάρχης
3411 602 3648 668 μοναχὺς

407 677 835 747 προκαθημένου
875 676 968 730 106
1023 678 1443 744 παναγιωτάτου
1497 681 1658 748 ἡμῶν
1711 682 1976 735 δεσπότου

404 769 500 824 τοῦ
533 768 914 837 οἰκουμενικοῦ
979 771 1322 840 πατριάρχου
1373 773 1432 822 ἐν
1480 771 1558 840 τῷ
1610 773 1758 840 αύτῷ
1805 775 1975 844 τόπῳ,

373 921 376 926 _
407 858 872 927 συνεδριαζόντων
899 861 966 929 τῇ
1000 859 1212 930 μεγάλη
1240 860 1522 932 ἁγιωσύνῃ
1553 863 1719 915 αὐτοῦ
1747 863 1842 916 καὶ
1870 865 1979 918 τῶν

403 947 589 1003 αὐτῶν
623 947 933 1017 ίερωτάτων
954 950 1282 1020 ἀρχιερέων.

473 1037 514 1108 -ε-
541 1037 652 1106 Πρό
694 1055 843 1101 τινος
871 1038 971 1108 ἤδη
1007 1037 1204 1109 καιροῦ
1235 1039 1502 1110 ἀνέφερεν
1545 1043 1637 1096 ἐπὶ
1679 1043 1780 1112 τῆς
1821 1045 1979 1114 ήμῶν

405 1132 763 1201 μετριότητος
817 1129 1253 1202 προκαθημένης
1293 1133 1586 1198 συνοδικῶς
1619 1137 1648 1188 ὅ
1689 1153 1748 1188 τε
1780 1137 1978 1200 οίκεῖος

400 1219 476 1290 τῷ
510 1220 786 1290 κρατίστῳ
816 1219 912 1273 καὶ
941 1219 1082 1290 ἁγίῳ
1117 1236 1220 1289 μου
1255 1221 1623 1294 αὐτοκράτορι
1650 1224 1756 1296 κῦρ
1796 1227 1978 1280 Ἰωάν-

403 1328 498 1380 νης
533 1313 561 1364 6
595 1311 1114 1382 Τριακοντάφυλλος
1160 1314 1255 1367 καὶ
1283 1314 1312 1366 6
1344 1315 1546 1379 οἰκεῖος
1591 1318 1670 1386 τῷ
1699 1319 1979 1388 κρατίστῳ

401 1401 497 1456 καὶ
534 1403 674 1474 άγίῳ
709 1422 812 1476 μου
855 1405 1223 1475 αὐτοκράτορι
1259 1404 1366 1476 κῦρ
1399 1407 1673 1478 Γεώργιος
1702 1411 1731 1462 6
1759 1409 1977 1463 Καϐαλ-

398 1495 608 1566 λάριος,
656 1494 732 1558 ὡς
763 1495 792 1548 6
828 1495 1072 1564 ’Δϐάκης
1121 1498 1333 1560 ἐκεῖνος
1382 1497 1478 1552 δύο
1514 1499 1799 1570 γαμϐροὺς
1843 1503 1980 1570 ἠγά-

398 1605 528 1658 γετο
555 1587 652 1642 ἐπὶ
679 1591 802 1652 ταῖς
833 1587 1031 1642 ἑαυτοῦ
1061 1589 1391 1660 θυγατράσι,
1431 1590 1525 1644 τόν
1551 1609 1610 1644 τε
1643 1594 1978 1662 αὐτάδελφον

396 1679 492 1734 106
521 1679 690 1734 αὑτοῦ
733 1681 1258 1750 Τριακονταφύλλου
1280 1683 1373 1736 τὸν
1399 1682 1806 1756 Μακρυδούκαν
1835 1688 1980 1740 ἐκεῖ·

398 1789 490 1826 νον
525 1774 622 1827 καὶ
658 1772 751 1826 16v
777 1775 984 1843 οἰκεῖον
1014 1773 1092 1844 τῷ
1125 1775 1408 1846 κρατίστῳ
1437 1776 1533 1830 καὶ
1561 1776 1705 1847 ἁγίῳ
1739 1795 1842 1847 μου
1875 1781 1975 1832 a6-

396 1866 693 1934 τοκράτορι
744 1865 873 1934 κῦρ.
905 1904 919 1920 .
949 1903 964 1920 .
989 1904 1005 1919 .
1033 1902 1050 1919 .
1080 1865 1176 1919 16v
1227 1865 1615 1936 Παλαιολόγον,
1664 1869 1723 1933 ὃς
1754 1871 1819 1940 δὴ
1859 1871 1979 1925 Μα-

2081 681 2389 749 Μαλαχίσς,
2428 681 2504 743 ώς
2540 681 2772 752 μοναχός
2805 700 2890 743 τις
2911 684 3022 736 τῶν
3053 688 3111 738 ἐν
3141 691 3207 758 τῇ
3239 689 3468 763 τοιαύτῃ
3510 697 3646 764 μονῇ

2079 773 2440 841 ἀσκουμένων
2467 773 2721 837 Δοσίθεος
2753 775 3088 846 καλούμενος
3145 780 3404 834 ἔκστασιν
3438 787 3650 854 φρενῶν

2077 865 2171 916 καὶ
2207 867 2569 935 παρατροπὴν
2600 867 2825 936 πάσχων
2855 869 2993 921 κατὰ
3030 872 3261 938 καιρικὰ
3294 873 3644 944 διαστήματα

2078 958 2142 1008 ἐκ
2181 957 2338 1010 νόσου
2370 957 2682 1027 ἐπιληψίας,
2715 959 3017 1030 θεραπείαν
3049 962 3126 1030 τῷ
3163 965 3325 1016 πάθει
3373 965 3649 1037 ἐπιζητῶ-ι

2077 1046 2166 1120 ἦν,
2200 1049 2436 1119 ἐντυχὼν
2470 1051 2526 1104 δέ
2571 1067 2678 1105 τινι
2707 1055 2770 1122 τῇ
2799 1058 2906 1106 τῶν
2945 1055 3272 1124 Βωγομίλων
3316 1061 3547 1128 αἱρέσει,
3576 1063 3651 1126 ὡς

2078 1142 2246 1206 ἔοικε,
2287 1141 2666 1212 προσκειμένῳ
2699 1145 2794 1195 καὶ
2843 1145 2911 1197 τὰ
2963 1149 3092 1214 περὶ
3119 1146 3307 1200 τούτου
3347 1151 3495 1218 αύτῴ
3538 1170 3653 1205 κοι⁹

2081 1231 2412 1301 νωσάμενος,
2442 1232 2647 1302 ἢκουσε
2693 1235 2826 1304 παρ’
2851 1237 3085 1300 ἐκείνου,
3135 1240 3295 1310 εἰπερ
3326 1243 3653 1314 ἀπαλλαγὴν

2079 1323 2253 1375 ἐθέλοι
2287 1323 2383 1375 τοῦ
2410 1324 2730 1394 συνέχοντος
2757 1329 2962 1390 πάθους
2993 1329 3196 1398 εὑρεῖν,
3235 1331 3421 1399 μιᾶναι
3452 1334 3510 1386 τὸ
3541 1338 3651 1389 τῶν

2079 1415 2251 1481 ἁγίων
2273 1414 2587 1484 Θεοφανίων
2615 1416 2866 1485 ἁγίασμα
2895 1421 2990 1472 καὶ
3030 1423 3093 1473 ἐκ
3132 1422 3322 1476 τούτου
3360 1428 3523 1492 πιεῖν,
3555 1430 3651 1480 καὶ

2078 1508 2190 1566 τοῖς
2241 1504 2435 1559 τούτου
2496 1506 2676 1576 λόγοις
2733 1513 3072 1584 παρασυρεὶς
3123 1515 3217 1566 καὶ
3267 1517 3364 1586 τὴν
3425 1519 3653 1586 γνώμην

2081 1598 2418 1664 ματαιωθεις
2451 1599 2717 1670 ἐτόλμησε
2747 1603 2844 1671 τὴν
2869 1604 3130 1673 τοιαύτην
3166 1609 3418 1676 μυσαρὰν
3455 1612 3654 1678 πρᾶξιν

2081 1689 2157 1759 μή
2195 1706 2340 1752 τινος
2367 1690 2629 1755 λαϐόντος
2656 1692 2910 1763 αἴσθησιν
2941 1695 3049 1748 τῶν
3099 1699 3158 1750 ἐν
3199 1702 3266 1770 τῇ
3304 1705 3461 1772 μονῇ,
3497 1706 3656 1756 ἀσθε-

2077 1779 2196 1849 νείᾳ
2227 1780 2286 1833 δὲ
2317 1781 2462 1851 δεινῇ
2501 1783 2817 1852 περιπεσὼν
2843 1787 2937 1839 καὶ
2977 1787 3078 1857 ἤδη
3117 1789 3295 1844 πνέων
3324 1795 3392 1844 τὰ
3442 1793 3653 1848 λοίσθια

2078 1874 2518 1945 προσεκαλέσατο
2535 1879 2907 1947 πνευματικὸν
2925 1881 3016 1934 τὸν
3032 1882 3074 1933 ίε
3085 1883 3383 1954 ρομόναχον
3398 1887 3652 1952 Ἡσαΐαν,

400 1958 706 2028 κρυδούκας
739 1963 833 2012 καὶ
881 1959 1161 2030 θυγατέρα
1191 1959 1541 2031 γεγεννηκώς
1581 1962 1740 2016 ἔλαθε
1783 1964 1854 2016 δι’
1877 1965 1976 2034 άρ-
2008 1944 2050 2000 Β
2079 1944 2174 2021 καὶ
2219 1968 2329 2022 τῶν
2355 1970 2477 2024 κατ’
2507 1944 3096 2043 αὐτὸν-ποιησάμενος.
3119 1944 3255 2046 πρὸς
3289 1944 3478 2033 τοῦτον
3527 1944 3654 2047 ἐξαἐ

397 2047 722 2116 ῥαϐωνικῶν
760 2049 978 2118 δεσμῶν
1010 2052 1365 2121 συναρμόσας
1396 2052 1565 2121 αὐτὴν
1585 2052 1664 2122 τῷ
1693 2055 1832 2123 πρὸς
1866 2071 1972 2124 μη-

396 2139 528 2209 τρὸς
562 2139 695 2208 θείῳ
727 2139 822 2194 τοῦ
875 2140 1237 2210 συγγάμϐρου
1290 2145 1458 2197 αὑτοῦ
1499 2143 1596 2197 τοῦ
1641 2144 1976 2214 δηλωθέντος

400 2229 800 2299 Παλαιολόγου,
823 2251 900 2304 τῳ
925 2234 1206 2306 εἰρημένῳ
1237 2237 1628 2309 Καϐαλλαρίῳ,
1670 2239 1759 2290 ὅτε
1781 2238 1846 2309 δὴ
1884 2242 1978 2295 καὶ

397 2320 702 2390 δεηθέντων
730 2324 937 2379 τούτων
971 2326 1261 2396 συνοδικῆς
1307 2330 1489 2397 τυχεῖν
1520 2327 1890 2396 διαγνώσεως,
1926 2330 1979 2383 εί

399 2429 464 2480 γε
493 2413 612 2467 δέον
646 2415 708 2467 τὸ
735 2416 980 2470 τοιοῦτον
1025 2418 1385 2472 συνίστασθαι
1431 2421 1785 2486 συνοικέσιον,
1829 2421 1975 2474 οὐδό-

398 2504 506 2567 λως
541 2508 917 2579 παρεχωρήθη
942 2509 1100 2563 τοῦτο
1129 2511 1425 2580 προϐῆναι,
1459 2512 1561 2581 ἤδη
1597 2511 1650 2564 δὲ
1689 2517 1784 2566 καὶ
1808 2514 1974 2568 πάλιν

401 2601 699 2664 συνοδικῶς
732 2601 1020 2671 παραστὰς
1068 2602 1099 2654 ὁ
1150 2600 1394 2664 τοιοῦτος
1431 2603 1971 2672 Τριακοντάφυλλος,

396 2694 746 2761 διαγνώσεως
773 2692 970 2764 ἐδεήθη
998 2695 1204 2762 τυχεῖν.
1232 2694 1572 2763 Διέγνωσται
1605 2693 1696 2747 οὖν
1723 2698 1787 2764 τῇ
1814 2695 1973 2765 ἡμῶν

401 2788 721 2857 μετριότητι
755 2790 850 2840 καὶ
898 2789 1009 2849 τοῖς
1046 2792 1177 2858 περὶ
1209 2787 1396 2858 αὐτὴν
1417 2775 1746 2857 ἱερωτάτοιςἶ
1781 2789 1973 2858 ἀρχιε-

401 2879 610 2950 ρεῦσιν,
646 2880 810 2932 ’ἐκτου
845 2878 946 2947 μὲν
973 2878 1032 2944 ἐξ
1071 2879 1395 2946 ἀγχιστείας
1438 2878 1648 2948 βαθμοῦ
1679 2879 1972 2948 τυγχάνειν

397 2975 457 3026 τὸ
489 2973 652 3042 ῥηθὲν
683 2975 1048 3034 συνοικέσιον,
1092 2972 1358 3040 σύγχυσιν
1401 2970 1460 3022 δὲ
1501 2972 1610 3024 τῶν
1641 2972 1739 3040 τῆς
1776 2988 1976 3040 συγγε-

397 3067 546 3130 νείας
576 3068 860 3136 ὀνομάτων
887 3064 1232 3133 συμϐαίνειν,
1279 3066 1375 3117 καὶ
1408 3067 1531 3118 ἐπεὶ
1561 3066 1706 3118 κατά
1743 3065 1840 3135 τὴν
1865 3066 1974 3117 τῶν

395 3154 561 3225 ιερῶν
623 3153 868 3208 κανόνων
924 3154 1133 3225 ἀκριϐῆ
1187 3154 1570 3224 παρατήρησιν
1621 3153 1851 3217 οὐδόλως
1905 3156 1973 3208 τὰ

399 3247 624 3304 τοιαῦτα
649 3245 1135 3316 παρακεχώρηται,
1167 3243 1484 3344 συγχύσεως
1515 3245 1816 3313 γενομένης
1864 3245 1973 3298 τῶν
1999 3283 2045 3344 c

402 3339 687 3406 ὀνομάτων
717 3336 987 3401 ἐντεῦθεν,
1028 3334 1319 3403 συμϐαίνει
1349 3333 1459 3405 γὰρ
1495 3335 1588 3388 τὸν
1615 3335 1782 3391 αὐτὸν
1811 3337 1868 3389 ἐν
1895 3338 1974 3405 τῷ

401 3433 562 3502 μέρει
597 3432 696 3484 καὶ
726 3431 870 3484 θεῖον
919 3429 1014 3481 καὶ
1060 3425 1285 3493 ἀνεψιὸν
1334 3417 1723 3495 ὀνομάζεσθαι,
1768 3429 1973 3500 ἄκυρον

395 3524 680 3595 νομίζεται
707 3522 767 3574 τὸ
797 3521 1038 3573 τοιοῦτον
1067 3520 1409 3572 συνοικέσιον
1454 3519 1549 3571 καὶ
1576 3520 1652 3582 ώς
1700 3522 1835 3591 μηδὲ
1875 3521 1973 3590 τῆν

395 3617 572 3690 ἀρχὴν
605 3614 739 3677 ὅλως
777 3612 1009 3682 προϐάν.
1031 3612 1284 3664 Ἔσονται
1316 3609 1495 3663 τοίνυν
1525 3610 1694 3678 ἄμφω
1727 3612 1796 3665 τὰ
1831 3613 1971 3682 μέρη

393 3712 490 3766 ἀπ’
506 3709 756 3778 ἀλλήλων
788 3703 1148 3772 διεζευγμένα
1175 3703 1368 3772 ἔχοντα
1398 3702 1484 3754 ἐπ’
1505 3702 1710 3766 ἁδείας,
1735 3703 1970 3774 ἑπέροις,

393 3806 445 3856 εἴ
477 3819 538 3869 γε
576 3799 872 3870 βούλοιντο,
905 3794 1166 3865 ὁμιλῆσαι
1189 3795 1414 3862 γάμοις,
1447 3792 1677 3863 ἐχούσης
1717 3795 1792 3857 ὡς
1834 3798 1972 3864 ἀνη.

395 3894 559 3964 νέχθη
585 3892 828 3962 δηλονότι
873 3888 972 3958 τῆς
1024 3885 1360 3947 ὑποθέσεως.
1420 3883 1608 3937 Ταῦτα
1659 3888 1972 3957 παρεκϐλη-

393 3989 574 4054 θέντα,
607 4003 663 4038 κ.
696 4002 744 4037 τ.
777 3985 836 4036 VI.

635 4124 748 4178 XII.
777 4122 1018 4192 Synodus
1065 4123 1264 4176 dirimit
1294 4123 1720 4175 controversiam.

461 4267 502 4337 ἰ-
537 4266 685 4335 Μηνὶ
714 4262 1099 4332 Σεπτεμϐρίῳ,
1128 4259 1230 4326 κζ’,
1262 4261 1450 4331 ἡμέρᾳ
1478 4261 1836 4330 Παρασκευῇ,
1871 4260 1966 4312 ίνδ.

392 4363 460 4423 θ’,
485 4356 914 4428 προκαθημένου
939 4353 1033 4406 τοῦ
1062 4355 1483 4421 παναγιωτάτου
1518 4351 1674 4422 ἡμῶν
1705 4351 1970 4404 δεσπότου

391 4451 486 4504 106
517 4448 902 4517 οὶκουμενικοῦ
927 4449 1274 4516 πατριάρχου
1307 4447 1367 4498 ἐν
1393 4449 1504 4508 τοῖς
1536 4447 1677 4498 κατὰ
1701 4444 1793 4496 τὸν
1814 4444 1970 4512 ἆγιον

391 4543 775 4612 Θεοφύλακτον
842 4538 1072 4600 κελλίοις
1131 4536 1330 4602 αὐτοῦ,
1389 4536 1847 4606 συνεδριαζόντων
1901 4539 1966 4604 τῇ

2081 2064 2296 2134 γορίαν,
2337 2066 2726 2134 άνωμολόγησε
2757 2071 2850 2121 καὶ
2897 2070 3015 2122 τόδε
3066 2071 3444 2142 τοτόλμημα,
3489 2074 3546 2138 ὃς
3588 2078 3653 2144 δὴ

2079 2159 2451 2226 πνευματικὸς
2465 2159 2559 2211 καὶ
2577 2160 2802 2229 ἡμερῶν
2817 2161 2984 2230 τριῶν
3007 2163 3391 2232 παρελθουσῶν
3410 2168 3509 2220 οὐκ
3530 2170 3654 2222 ἀνε-

2079 2247 2283 2318 κάλυψε
2302 2250 2439 2318 πρός
2462 2264 2602 2317 τινα,
2624 2245 2738 2304 ἀλλ’
2759 2248 2873 2322 εἷχε
2894 2253 3028 2325 παρ’
3045 2255 3243 2326 έαυτῷο
3260 2257 3447 2311 ἔπειτα
3470 2261 3652 2324 ἐξεῖπε

2076 2335 2238 2421 10610
2268 2339 2402 2406 πρὸς
2435 2341 2526 2392 τὸν
2553 2340 2860 2410 δηλωθέντα
2902 2343 3333 2416 ἐκκλησιάρχην.
3364 2346 3656 2421 Βονληθεὶς

2077 2423 2134 2476 δέ
2161 2417 2318 2488 οὗτος
2347 2425 2517 2498 πείρᾳ
2542 2428 2749 2496 γνῶναι
2789 2432 2926 2483 κατά
2952 2431 3304 2502 δοκιμασίαν,
3351 2439 3498 2502 ὅπως
3523 2417 3653 2509 ⁷ἕχον

2078 2517 2194 2568 ἐστὶ
2221 2519 2280 2570 τὸ
2312 2519 2559 2588 μιανθὲν,
2611 2521 2793 2574 λαϐὼν
2845 2523 2902 2588 ἐξ
2965 2524 3128 2578 ὑάλου
3161 2527 3360 2597 φιάλην
3411 2530 3654 2601 ἀπῆλθεν

2077 2607 2156 2668 είς
2212 2605 2310 2678 τὴν
2348 2609 2762 2680 κολυμϐήθραν,
2815 2611 2944 2665 ἔνθα
2999 2615 3288 2684 εὑρίσκετο
3329 2618 3508 2684 τοῦτο,
3559 2624 3654 2675 καὶ

2077 2692 2188 2754 τοῖς
2237 2695 2512 2764 μυκτῆρσι
2562 2699 2933 2767 προσεγγίσας
2983 2704 3075 2753 καὶ
3103 2701 3351 2774 ἀκριϐῶς
3391 2709 3653 2772 ἐξετάσας

2077 2783 2208 2837 αὐτὸ
2248 2785 2346 2855 οὐχ
2373 2780 2522 2856 εὗρε,
2553 2788 2737 2852 καθὼς
2767 2785 2880 2859 εἶχε
2909 2792 2975 2843 δι’
3011 2793 3270 2863 ὑποψίας.
3321 2799 3570 2870 Μοναχὸς
3598 2801 3652 2854 δέ

2076 2892 2160 2936 τις
2183 2877 2387 2946 Ἰωσὴφ
2436 2879 2769 2949 καλούμενος
2817 2884 2898 2945 είς
2929 2885 3455 2960 παρεκκλησιάρχην
3501 2892 3649 2962 εὑρι-

2079 2967 2340 3034 σκόμενος
2376 2969 2680 3037 τηνικαῦτα
2703 2973 2796 3025 καὶ
2823 2975 3126 3044 ἀπέχθειαν
3152 2978 3238 3030 ἐπ’
3261 2980 3410 3049 αὐτῷ
3440 2984 3653 3052 τρέφων

2079 3060 2142 3110 ἐκ
2167 3057 2260 3111 τοῦ
2301 3061 2634 3128 μεταστῆναι
2665 3065 2816 3135 παρὰ
2842 3066 3035 3119 τούτου
3079 3070 3177 3137 τῆς
3229 3072 3423 3125 ἑαυτοῦ
3469 3076 3653 3128 διακο-

2077 3150 2217 3213 νίας,
2257 3154 2395 3219 μετὰ
2441 3151 2534 3205 δύο
2570 3154 2748 3223 μῆνας
2780 3157 2875 3225 τῆς
2915 3160 3081 3228 μονῆς
3114 3163 3430 3232 ἀποδράσας
3478 3168 3652 3221 λιϐέλ-

2078 3243 2173 3295 λου
2203 3243 2438 3313 γράμμα
2468 3247 2611 3299 κατὰ
2635 3246 2826 3300 τούτου
2853 3251 2957 3317 πρὸ
2984 3253 3081 3318 τῆς
3113 3254 3284 3323 πύλης
3315 3257 3482 3326 αὐτῆς
3507 3259 3656 3330 “ﬁt.

2079 3336 2201 3403 ψεν,
2228 3335 2303 3398 ῶς
2328 3337 2425 3389 καὶ
2451 3336 2618 3391 αὐτοῦ
2641 3338 2804 3409 δῆθεν
2837 3343 3078 3411 μιασμὸν
3107 3347 3199 3396 ἐπὶ
3222 3347 3394 3419 τούτῳ
3423 3369 3654 3422 πεποιη-

2079 3426 2257 3489 κότος.
2293 3423 2425 3481 Εἶτα
2475 3430 2823 3502 ἀναζητήσας
2867 3435 2972 3496 τὸν,
2995 3438 3238 3492 τοιοῦτον
3269 3439 3468 3512 Ἰωσὴφ
3497 3446 3579 3497 ὅδε
3626 3449 3654 3500 6

2078 3519 2484 3592 ἐκκλησιάρχης
2512 3523 2610 3577 καὶ
2633 3524 2834 3595 εὑρὼν,
2869 3529 3227 3584 καθείλκυσεν
3259 3534 3352 3586 ἐπὶ
3377 3537 3472 3588 τοῦ
3501 3540 3656 3607 ίερω-

2077 3611 2238 3664 τάτου
2293 3616 2695 3684 μητροπολίτου
2743 3617 3168 3692 Θεσσαλονίκης,
3208 3626 3512 3698 ὑπερτίμου
3560 3635 3657 3684 καὶ

2077 3699 2308 3770 ἐξάρχου
2344 3704 2524 3774 πάσης
2560 3705 2878 3775 Θετταλίας,
2926 3713 2983 3764 ἐν
3028 3712 3170 3783 ἁγίῳ
3207 3716 3481 3784 Πνεύματι
3513 3722 3654 3786 ἁγα-

2078 3795 2254 3863 πητοῦ
2281 3796 2510 3862 ἁδελφοῦ
2555 3799 2653 3867 τῆς
2693 3803 2857 3870 ἡμῶν
2909 3806 3262 3875 μετριότητος
3307 3811 3401 3861 καὶ
3445 3812 3654 3863 συλλει-

2075 3884 2331 3953 τουργοῦ,
2362 3886 2505 3941 ὥστε
2555 3889 2648 3942 106
2697 3892 3008 3958 κινηθέντος
3057 3893 3241 3947 δοῦναι
3285 3898 3650 3967 παράστασιν,

1960 4009 1972 4021 .
2077 3974 2170 4025 καὶ
2193 3973 2307 4027 061'
2329 3976 2386 4040 ἐξ
2417 3978 2633 4045 ἑαυτοῦ,
2657 3979 2780 4033 οὔτε
2807 3981 2894 4034 διὰ
2923 3983 3218 4054 μαρτύρων
3239 3981 3376 4040 εἴδεν
3402 3989 3656 4056 ἰσχύοντα

2078 4066 2436 4135 παραστῆσαι
2471 4069 2532 4121 τὸ
2578 4069 2742 4140 ῥηθὲν
2777 4074 3170 4143 κατηγόρημα,
3227 4077 3319 4130 καὶ
3361 4096 3656 4147 παραπεμ-

2077 4160 2228 4226 φθεὶς
2260 4164 2288 4214 6
2313 4162 2572 4233 δηλωθεὶς
2613 4155 3022 4238 ἐκκλησιάρχης
3069 4169 3150 4231 είς
3196 4169 3295 4239 τὴν
3332 4173 3457 4223 καθ’
3506 4175 3654 4241 ἡμᾶς

2078 4252 2233 4319 ίερὰν
2262 4254 2355 4306 καὶ
2389 4254 2542 4307 θείαν
2576 4255 2798 4308 σύνοδον
2832 4259 2980 4326 παρά
3013 4276 3071 4310 τε
3101 4259 3190 4311 106
3225 4261 3464 4313 τοιούτου
3500 4264 3656 4330 ἱερω-

2074 4345 2238 4398 τάτου
2291 4347 2688 4416 μητροπολίτου
2739 4347 3142 4419 Θεσσαλονίκης
3192 4351 3285 4402 καὶ
3320 4353 3650 4421 ὁπερτίμου,

2076 4439 2168 4490 καὶ
2201 4441 2354 4508 παρὰ
2382 4441 2474 4492 τοῦ
2528 4441 2948 4510 καθηγουμένου
2998 4442 3098 4511 τῆς
3144 4446 3446 4513 εἰρημένης
3488 4447 3654 4514 μονῆς

2077 4535 2168 4585 καὶ
2197 4534 2305 4586 τῶν
2328 4536 2386 4586 ἐν
2415 4536 2554 4604 αὐτῇ
2581 4535 2856 4604 μοναχῶν,
2878 4537 3000 4587 ἐπεὶ
3025 4537 3120 4588 καὶ
3143 4539 3170 4589 ὁ
3195 4538 3432 4600 τοιοῦτος
3453 4538 3651 4608 Ἰωσὴφ

392 4635 605 4704 μεγάλῃ
637 4627 920 4698 ἁγιωσύνῃ
953 4629 1120 4680 αὑτοῦ
1158 4629 1253 4680 καὶ
1285 4629 1599 4696 ίερωτάτων
1646 4627 1967 4698 ἀρχιερέων,
2004 4652 2045 4704 D
2078 4624 2305 4676 πλεῖστα
2342 4628 2488 4692 παρά
2515 4627 2721 4678 τούτων
2750 4626 3066 4689 ἐκϐιασθεὶς
3096 4629 3327 4681 ἐνταῦθα
3356 4631 3456 4682 σὺν
3479 4631 3651 4700 τούτῳ

388 4725 482 4776 τοῦ
511 4723 784 4791 Σάρδεων,
810 4718 1115 4786 ὑπερτίμου
1153 4719 1253 4768 καὶ
1286 4718 1518 4786 ἐξάρχου
1546 4719 1725 4785 πάσης
1743 4717 1964 4781 Λυδίας,

391 4815 723 4883 Γρηγορίου,
758 4811 852 4865 106
881 4808 1278 4879 Νικομηδείας,
1327 4809 1632 4878 ὑπερτίμου
1674 4810 1766 4861 καὶ
1806 4810 1968 4878 6569-

391 4925 486 4975 χου
542 4908 722 4974 πάσης
779 4903 1053 4966 Β.θυνίας,
1111 4899 1390 4967 Μαξίμου,
1440 4899 1533 4951 τοῦ
1591 4900 1968 4970 Χαλκηδόνος,

391 4995 697 5067 ὑπερτίμου
731 4995 826 5048 καὶ
860 4992 1126 5063 προέδρου
1159 4990 1508 5060 Μαρωνείας,
1537 4988 1852 5054 Θεοδούλου,
1873 4989 1968 5040 τοῦ

391 5090 702 5160 Μελιτηνῆς
735 5093 829 5140 καὶ
860 5086 1188 5154 ὐπερτίμου,
1226 5082 1537 5148 Θεοδοσίου,
1573 5081 1669 5135 τοῦ
1721 5082 1970 5142 Πισιδίας

393 5181 486 5232 καλ⁵
517 5180 846 5248 ὑπερτίμου,
873 5175 1198 5244 Γρηγορίου,
1221 5171 1313 5222 τοῦ
1349 5169 1653 5240 Δυρραχίου
1677 5173 1774 5223 καὶ
1803 5172 1971 5240 ὑπερ-

391 5271 571 5340 τίμου,
621 5269 949 5338 Γρηγορίου,
1005 5265 1098 5316 106
1153 5264 1469 5333 Μιτυλήνης
1512 5266 1606 5315 καὶ
1638 5265 1967 5331 ύπερτίμου,

391 5361 668 5414 Διονυσίου
699 5361 791 5412 καὶ
822 5359 916 5410 106
949 5356 1255 5427 Μηθύμνης
1291 5357 1386 5408 καὶ
1414 5355 1739 5426 ὑπερτίμου,
1775 5356 1972 5409 Μαλα-

393 5455 532 5525 χίου,
569 5453 994 5523 παρισταμένων
1031 5450 1127 5502 καὶ
1161 5447 1594 5516 θεοφιλεστάτων
1632 5448 1969 5501 δεσποτικῶν

392 5545 530 5617 ἀρχό
539 5563 694 5598 ντων.

462 5639 501 5710 τ
525 5637 856 5708 ’Δνήνεγκεν
900 5635 993 5688 ἐπὶ
1036 5634 1134 5699 τῆς
1168 5631 1327 5703 ἡμῶν
1369 5630 1722 5701 μετριότητος
1758 5649 1967 5701 προκα-

394 5731 644 5800 θημένης
681 5727 976 5788 συνοδικῶς
999 5728 1026 5778 6
1062 5727 1169 5778 ἀπὸ
1191 5725 1291 5793 τῆς
1319 5725 1376 5775 ἐν
1398 5725 1464 5792 τῇ
1499 5722 1787 5793 θεοσώστῳ
1815 5725 1970 5778 πόλει

393 5822 798 5889 Θεσσαλονίκης
821 5818 1126 5888 σεϐασμίας
1151 5816 1438 5885 βασιλικῆς
1461 5817 1629 5885 μονῆς
1649 5815 1743 5867 τοῦ
1767 5819 1972 5871 Δεσπό-

391 5933 484 5970 του
514 5915 607 5970 καὶ
639 5914 889 5982 Σωτῆρος
920 5910 1078 5980 ήμῶν
1115 5909 1355 5978 Χριστοῦ
1398 5908 1492 5961 καὶ
1526 5910 1967 5977 ὲπικεκλημένιπς

717 6012 989 6069 Ριτιιοι..
1036 6006 1153 6066 Gn.
1203 6001 1378 6067 CLII.

2077 4716 2409 4770 καταλαϐεῖν
2439 4717 2668 4780 οὐδόλως
2707 4717 2962 4788 ἠθέλησε,
2996 4719 3282 4786 συνοδικῆς
3305 4721 3652 4787 διαγνώσεως

2075 4806 2268 4874 ἐδεήθη
2299 4808 2506 4875 τυχεῖν.
2557 4807 2744 4870 Οὕτως
2778 4805 2871 4860 οὖν
2904 4812 3138 4880 ἐχούσης
3187 4813 3287 4879 τῆς
3336 4813 3654 4874 ὑποθέσεως

2072 4900 2393 4966 διέγνωσται
2427 4903 2492 4969 τῇ
2527 4901 2682 4970 ήμῶν
2717 4904 3034 4972 μετριότητι
3060 4906 3154 4956 καὶ
3180 4908 3290 4964 τοῖς
3327 4905 3455 4974 περὶ
3480 4906 3651 4973 αὐτὴν

2077 4991 2390 5058 ἱερωτάτοις
2439 4993 2808 5062 ἀρχιερεῦσιν,
2866 4995 3030 5046 αὑτὸν
3089 4997 3186 5063 μὲν
3239 4996 3302 5064 δὴ
3338 4997 3526 5048 τοιὲτον
3563 5002 3654 5048 τοι

2072 5087 2485 5157 ἐκκλησιάρχην
2517 5088 2849 5156 ἀνέγκλητον
2874 5084 3014 5140 εἶναι
3051 5089 3144 5140 καὶ
3165 5089 3480 5144 ἀνεύθυνον.
3501 5091 3654 5142 Ἐπεὶ

2074 5181 2182 5248 γὰρ
2215 5182 2242 5231 ό
2273 5183 2659 5250 κατηγορήσας
2695 5180 2992 5249 ἀπέχθειαν
3041 5179 3162 5233 κατ’
3200 5179 3366 5233 αὐτοῦ
3391 5182 3656 5248 -τρέφων,¹

2072 5272 2146 5334 ὡς
2175 5272 2414 5341 εἴρηται,
2456 5271 2554 5342 τῆν
2583 5273 2842 5341 τοιαύτην
2868 5272 3203 5342 κατηγορίαν
3236 5272 3529 5334 ἐπλάσατο,
3556 5274 3654 5324 καὶ

2073 5363 2396 5432 άπαιτηθεὶς
2448 5363 2651 5430 ταύτης
2723 5363 3068 5430 παράστασιν
3131 5363 3389 5431 οὐδαμῶς
3461 5363 3651 5429 ἴσχυσε

2071 5449 2276 5516 δοῦναι,
2329 5451 2420 5501 καὶ
2465 5451 2524 5502 τὸ
2567 5450 2659 5502 τοῦ
2695 5450 2939 5502 λιϐέλλου
2978 5451 3212 5520 γράμμα
3265 5453 3322 5502 ἐν
3369 5451 3654 5517 δισταγμῷ

2073 5543 2132 5592 τὸ
2174 5541 2270 5610 τῆς
2306 5542 2643 5611 κατηγορίας
2689 5542 2912 5606 διέξεισι
2962 5542 3086 5612 ἔχον
3137 5542 3393 5613 καθαρῶς
3436 5545 3530 5593 ἐπὶ
3563 5544 3651 5594 λέο

2074 5635 2231 5696 ξεως⁸
2265 5652 2284 5684 ι
2313 5635 2498 5686 Δοκεῖν
2531 5634 2724 5705 ἐκείνῳ
2755 5635 2849 5687 καὶ
2890 5635 3180 5702 φαίνεσθαι
3208 5634 3460 5698 γενέσθαι
3495 5638 3652 5704 παρκ-

2071 5728 2263 5782 τούτου
2307 5729 2397 5780 τὸν
2436 5728 2674 5797 μιασμόν
2701 5743 2714 5757 ο
2751 5747 2770 5779 ι
2827 5727 3004 5786 ἁθῶος
3057 5723 3306 5778 ἐντεῦθεν
3353 5717 3507 5786 οὗτος
3557 5728 3652 5777 καὶ

2074 5823 2250 5890 πάντη
2307 5819 2579 5888 ἀνώτερος
2642 5821 2744 5887 τῆς
2811 5819 3066 5886 τοιαύτης
3144 5816 3398 5884 διαϐολῆς
3467 5817 3656 5884 κρίνε-

2073 5929 2182 5980 ται,
2219 5910 2341 5964 ὃθεν
2387 5913 2481 5964 καὶ
2507 5909 2659 5963 ἐσται
2692 5910 2867 5980 μένων
2911 5908 3001 5960 ἐπὶ
3033 5906 3126 5959 τοῦ
3156 5907 3361 5959 οἰκείου
3413 5906 3652 5976 βαθμοῦ,

3173 5999 3248 6059 38
