4046 6458
359 512 493 585 1197

1412 510 1805 573 SYNODIC/E
1846 510 1993 571 CON
1999 510 2413 572 STITUTION
2422 514 2533 573 ES.

3463 511 3601 578 1198

349 632 666 701 λειτουργος
697 628 796 698 τῆς
825 626 987 700 ἡμῶν
1026 626 1409 698 μετριότητος,
1445 623 1812 693 συνεδριάζων
1855 624 1922 693 τῇ
1954 636 1995 689 Α
2028 608 2156 677 αὖτδ
2212 624 2310 693 τῆς
2372 625 2668 696 κανονικῆς
2725 628 3014 698 ἀκριϐείας
3072 631 3174 685 οὐκ
3245 632 3592 705 ἐξικόμενον.

348 723 509 794 ἡμῶν
546 720 860 793 μετριότητι
912 716 1312 789 προκαθημένῃ
1358 713 1677 780 συνοδικῶς,
1723 713 1918 783 ἀνέφε-

346 829 460 884 ρεν,
491 808 564 874 ὡς
582 810 610 863 ό
634 808 728 863 ὑπ’
746 805 910 863 αὐτὸν
941 808 1352 879 θεοφιλέστατος
1383 806 1685 869 ἐπίσκοπος
1710 804 1918 876 Ζιχνῶν

342 905 470 975 ἐσχε
521 904 620 974 μὲν
652 904 886 974 αἰτήσας
918 901 1073 973 παρά
1120 900 1217 956 τοῦ
1260 898 1663 972 μητροπολίτου
1701 900 1917 971 Σερῤὦν

343 997 452 1068 κῦρ
476 996 727 1065 Νίφωνος
749 995 962 1050 ἐκείνου
986 993 1273 1064 μονύδριόν
1295 1011 1346 1046 τι
1377 992 1474 1063 τῆς
1505 992 1913 1063 μητροπόλεως,

343 1089 425 1152 εἰς
440 1088 613 1158 ὄνομα
639 1086 955 1157 τιμώμενον
987 1087 1082 1140 τοῦ
1104 1085 1367 1143 δεσπότου
1392 1082 1648 1154 Σωτῆρος
1676 1081 1915 1153 Χριστοῦ

342 1179 439 1234 καὶ
468 1177 903 1249 ἐπικεκλημένον
954 1174 1056 1246 τῆς
1091 1170 1488 1243 Γαστελέγκου.
1535 1172 1691 1229 Μετά
1733 1173 1917 1242 μέντοι

341 1270 441 1339 τὴν
471 1270 684 1323 ἐκείνου
709 1267 1014 1322 ἀποδίωσιν
1037 1266 1164 1338 ἔσχε
1196 1268 1295 1320 καί
1324 1268 1388 1320 ἐκ
1427 1264 1782 1336 παραδόσεως
1806 1262 1916 1316 τῶν

340 1360 512 1428 αὐτῆς
541 1354 821 1430 κληρικῶν
855 1358 1116 1429 μονύδρια
1142 1358 1256 1424 δύο,
1301 1359 1363 1410 τὸ
1391 1354 1491 1426 μέν
1526 1354 1588 1409 ἐν
1624 1357 1705 1420 εἰς
1743 1354 1916 1424 δνομα

339 1448 653 1517 τιμώμενον
692 1450 792 1519 τῆς
824 1444 1136 1517 ὖπεράγνου
1167 1447 1468 1517 Δεσποίνης
1504 1446 1599 1499 καὶ
1644 1444 1916 1515 Θεομήτο-

344 1556 436 1607 ρος
469 1540 563 1592 καὶ
593 1538 1030 1609 ἐπικεκλημένον
1058 1535 1160 1607 τῆς
1189 1532 1503 1608 Βοριτζοῦς,
1540 1534 1602 1589 τδ
1628 1536 1818 1606 ἕτερον
1859 1533 1915 1587 δέ

344 1630 432 1682 ἐπ’
489 1629 717 1700 ὀνόματι
767 1631 1138 1700 τετιμημένον
1169 1626 1264 1682 καί
1295 1629 1429 1684 αὐτὸ
1471 1628 1569 1698 τῆς
1602 1626 1912 1698 ὑπεράγνου

341 1722 639 1790 Δεσποίνης
671 1722 764 1774 καὶ
797 1720 1141 1793 Θεομήτορος
1171 1718 1266 1774 καὶ
1295 1719 1728 1791 ἐπικεκλημένον
1770 1717 1915 1772 οῦτω

339 1831 456 1877 πως
485 1810 580 1868 τοῦ
614 1815 872 1885 Δοχῆνος,
907 1810 996 1884 ἐφ’
1108 1810 1174 1885 δὴ
1213 1812 1427 1866 ἐκδόσει
1480 1813 1588 1865 τῶν
1629 1811 1913 1883 κληρικῶν

341 1907 435 1960 καὶ
470 1906 875 1977 πατριαρχικδν
902 1905 1195 1977 ἐπορίσατο
1235 1904 1494 1976 γράμμα,
1524 1905 1586 1957 τδ
1616 1902 1912 1974 ἀναφαίρε-

337 2015 431 2053 τον
477 1978 695 2062 τούτοις
745 1994 1206 2071 περιποιούμενον
1251 1996 1356 2053 ὑπὸ
1405 1998 1560 2070 βάρει
1610 1996 1909 2070 ἐπιτιμίου,

340 2086 551 2156 ἐξέδοτο
579 2091 638 2144 δέ
686 2093 781 2144 καὶ
830 2089 891 2156 ἐξ
938 2084 1015 2145 ὧν
1061 2089 1207 2162 εἰχον
1236 2090 1411 2145 ταῦτα
1443 2090 1507 2160 δὴ
1552 2092 1622 2145 τά
1654 2074 1920 2163 μονῦδρια

337 2180 734 2251 ὐδρομυλώνων
763 2181 858 2235 καὶ
894 2180 1216 2252 χωραφίων,
1246 2182 1383 2253 πρὸς
1416 2180 1510 2246 οὓς
1534 2181 1644 2250 ἄρα
1680 2182 1776 2237 καί
1802 2182 1915 2249 ἐξέ-

337 2271 484 2338 δοτο,
525 2276 627 2328 καὶ
662 2271 950 2344 ἐζήτησεν,
999 2271 1055 2326 εἴ
1100 2290 1163 2341 γε
1217 2274 1370 2339 δέον,
1425 2268 1777 2344 ἀνασωθῆναι
1827 2272 1918 2328 καὶ

337 2362 787 2434 ἀποκαταστῆναι
821 2366 961 2422 αὑτά
991 2378 1051 2420 τε
1087 2364 1182 2420 καὶ
1228 2366 1297 2420 τὰ
1340 2366 1523 2420 αὐτῶν
1556 2366 1816 2436 κτήματα
1850 2367 1916 2437 τῇ

340 2454 678 2526 μητροπόλει
711 2457 898 2523 πάλιν,
928 2458 1022 2512 ’άτε
1051 2456 1117 2530 δὴ
1146 2459 1300 2530 παρά
1328 2455 1436 2512 τῶν
1472 2458 1749 2530 κληρικῶν
1776 2461 1916 2528 ἀμε-

338 2548 513 2618 τόχως
564 2544 853 2604 ἐκδοθέντα
903 2546 1176 2620 μηδεμίαν
1206 2548 1287 2613 είς
1329 2549 1398 2604 τά
1440 2549 1538 2631 τῆς
1587 2548 1916 2619 Ἐκκλησίας

338 2639 575 2708 ἐχόντων
609 2634 818 2707 ἄδειαν,
848 2634 925 2703 ὡς
952 2642 1065 2703 τοῖς
1099 2632 1267 2713 ίεροῖς
1317 2639 1512 2694 κανόσι
1562 2640 1691 2710 περὶ
1723 2640 1916 2693 τούτου

240 2726 247 2735 ’
336 2729 502 2789 δοκεῖ.
532 2728 729 2800 Ἔλεγε
758 2730 814 2785 δὲ
840 2726 957 2802 ἅμα
984 2731 1079 2785 καὶ
1109 2728 1183 2796 ὡς
1207 2730 1396 2803 σχεδὸν
1426 2734 1647 2788 πάντων
1677 2733 1787 2785 τῶν
1819 2732 1912 2787 ὑπ’

341 2816 510 2891 αὐτὴν
541 2818 843 2891 μονυδρίων
874 2822 906 2891 ἠ
943 2818 1065 2876 κατ’
1095 2822 1259 2876 αὐτὸν
1305 2822 1903 2894 μητρόπολιςέστέρησ

335 2927 449 2977 ται,
483 2911 887 2982 περιελθόντων
933 2909 1012 2976 εἰς
1062 2927 1125 2966 τε
1160 2912 1356 2978 ἄλλους
1391 2916 1485 2968 καὶ
1518 2915 1601 2977 είς
1626 2913 1718 2967 τὸν
1743 2915 1909 2968 αὑτὸν

336 2999 757 3071 θεοφιλέστατον
789 3003 1091 3060 ἐπίσκοπον
1133 3003 1342 3077 Ζιχνῶν
1378 3005 1522 3062 κατά
1551 3006 1644 3060 τὸν
1679 3006 1909 3079 εἰρημέ-

334 3109 426 3146 νον
469 3094 691 3165 τρόπον,
746 3093 849 3167 τῆς
885 3094 999 3148 τῶν
1035 3095 1342 3168 ἀρχιερέων
1395 3094 1598 3169 δηλαδὴ
1648 3097 1913 3163 ἐκδόσεως

332 3185 429 3255 καὶ
450 3184 550 3256 τῆς
577 3185 685 3240 τῶν
710 3183 1013 3259 κληρικῶν.
1049 3188 1326 3262 Παρόντος
1346 3191 1528 3245 τοίνυν
1553 3190 1912 3267 τῷοδικαστη-

337 3277 438 3347 ρίῳ
469 3275 567 3333 καὶ
591 3277 758 3333 αὑτοῦ
795 3276 860 3348 δὴ
892 3278 987 3334 τοῦ
1018 3280 1227 3351 Ζιχνῶν
1256 3285 1352 3336 καὶ
1376 3283 1543 3354 μηδὲν
1572 3283 1794 3355 ἐχοντος
1814 3286 1908 3339 ἐπὶ
1931 3312 1979 3376 c

331 3367 446 3433 τοῖς
503 3368 824 3440 εἰρημένοις
881 3372 1179 3439 ἀντιλέξαι,
1214 3373 1334 3427 ἀλλ’
1378 3374 1766 3446 ὁμολογοῦντος
1815 3378 1908 3430 τὸν

330 3459 495 3514 αὑτὸν
543 3460 747 3531 τρόπον
782 3464 1095 3534 περιελθεῖν
1138 3462 1289 3538 αὐτῷ
1321 3466 1392 3521 τὰ
1426 3466 1697 3538 εἰρημένα
1748 3469 1909 3539 μονύ-

330 3552 481 3622 δρια,
516 3555 547 3622 ἡ
582 3555 878 3626 μετριότης
919 3552 1074 3628 ημῶν
1114 3556 1643 3630 συνδιασκεψαμένη
1667 3561 1736 3614 τὰ
1780 3560 1910 3633 περὶ

333 3644 527 3699 τούτου
558 3650 671 3711 τοῖς
731 3651 859 3716 περὶ
916 3644 1099 3721 αὐτὴν
1153 3650 1471 3719 ἱερωτάτοις
1528 3651 1907 3724 ἀρχιερεῦσιν,

329 3735 651 3792 ἐδικαίωσεν
698 3738 1151 3812 ἀποκαταστῆναι
1183 3744 1251 3814 τῇ
1305 3742 1661 3813 μητροπόλει,
1703 3741 1804 3799 ὅσα
1856 3745 1906 3800 οἱ

328 3826 583 3897 κληρικοὶ
614 3830 767 3900 παρά
811 3832 1043 3903 γνώμην
1102 3832 1197 3886 τοῦ
1235 3833 1366 3887 ἰδίου
1402 3834 1710 3907 ἀρχιερέως
1757 3838 1905 3890 ἐκδε-

327 3917 535 3971 δώκασι
556 3920 664 3971 τῶν
696 3921 998 3992 μονυδρίων
1036 3920 1070 3992 ἦ
1100 3924 1323 3978 καὶτῶν
1347 3924 1522 3979 ἄλλων
1545 3928 1717 3997 αὐτῆς
1758 3942 1899 4000 πρα-

325 4013 573 4080 γμάτων,
611 4014 703 4068 καὶ
745 4016 845 4068 ὅσα
888 4015 1096 4069 τούτων
1142 4017 1304 4080 αὐτὸς
1328 4018 1391 4089 δὴ
1420 4019 1448 4072 ό
1491 4018 1903 4088 θεοφιλέστατος

323 4104 619 4169 ἐπίσκοπος
656 4106 864 4176 Ζιχνῶν
893 4105 1254 4180 ἐξεποιήσατο
1300 4112 1395 4165 καὶ
1443 4111 1732 4176 ἐκδέδωκε,
1765 4112 1903 4183 πρὸς

321 4193 414 4259 οῦς
446 4197 556 4266 ἄρα
590 4200 684 4251 καὶ
732 4198 1023 4262 ἐκδέδωκε,
1073 4201 1184 4254 τῶν
1233 4202 1342 4272 γὰρ
1397 4203 1561 4273 ιερῶν
1597 4206 1694 4257 καὶ
1740 4204 1902 4260 θείων

320 4291 563 4343 κανόνων
594 4292 1037 4363 διαγορευόντων,
1074 4294 1296 4348 πάντων
1320 4295 1428 4348 τῶν
1455 4292 1550 4365 τῆς
1568 4294 1900 4365 Ἐκκλησίας
1940 4340 1952 4352 .

318 4384 419 4445 τὴν
450 4382 700 4447 ἐξουσίαν
742 4385 835 4437 τὸν
864 4386 1164 4440 ἐπίσκοπον
1193 4385 1338 4457 ἔχειν
1371 4389 1468 4441 καὶ
1496 4389 1571 4452 ὡς
1598 4384 1737 4441 Θεοῦ
1773 4391 1897 4457 ἐξο-

320 4473 525 4541 ρὼντος
558 4476 697 4528 αὑτά
748 4476 1000 4543 διοικεῖν,
1034 4477 1262 4549 οὐδεμία
1316 4478 1536 4544 πάντως
1581 4480 1735 4534 ἄδεια
1783 4483 1897 4545 τοῖς

318 4565 604 4634 κληρικοίς
655 4566 1035 4631 ὑπολείπεται,
1070 4569 1192 4622 κατ’
1227 4569 1482 4635 ἐξουσίαν
1526 4588 1580 4624 τι
1632 4575 1897 4644 πράττειν

2032 712 2551 787 Ἐπανασωθήσεται
2599 717 2776 771 τοίνυν
2822 720 2891 773 τὰ
2923 719 3192 792 μονύδρια
3232 724 3356 777 τάδε
3385 726 3451 798 τῇ
3490 746 3594 798 μη-

2018 801 2296 870 τροπόλει,
2354 804 2447 857 καὶ
2501 804 2620 859 οὐδὲ
2665 807 2716 859 οἰ
2766 808 3091 879 κατέχοντες
3119 826 3174 865 τι
3214 814 3421 868 τούτων
3447 816 3596 871 ἀντι-

2022 892 2316 963 ποιηθῆναι
2353 878 2517 949 αὐτοῦ
2550 896 2932 968 πειράσονται,
2986 900 3103 954 ἀλλ’
3129 903 3483 975 ἐκστήσονται
3512 912 3596 961 τέ-

2018 982 2139 1036 λεον
2167 983 2267 1054 τῆς
2290 985 2473 1041 αὐτῶν
2506 988 2766 1059 κατοχῆς·
2800 990 3113 1061 ἀφορισμοῦ
3146 997 3258 1064 γὰρ
3291 992 3595 1068 βαρύτατον

2020 1073 2298 1128 συνοδικδν
2354 1078 2631 1147 ἐπιτίμιον
2685 1081 3160 1152 ἐπανατεινόμεθα
3211 1086 3333 1140 κατ’
3387 1086 3589 1149 αὐτῶν.

2018 1164 2067 1217 εί
2102 1163 2179 1236 μὴ
2214 1167 2569 1237 ἐκστήσονται
2602 1170 2705 1242 τῆς
2749 1171 2930 1227 αὐτῶν
2962 1175 3221 1249 κατοχῆς.
3252 1176 3443 1234 Ταῦτα
3487 1196 3589 1234 παι

2019 1257 2391 1328 ρεκό).ηθέντα
2423 1262 2534 1316 ἀπὸ
2581 1263 2689 1317 τῶν
2718 1265 3042 1335 ἡμερησίων
3077 1269 3378 1324 συνοδικῶν
3413 1289 3592 1342 παρει-

2018 1350 2375 1418 σημειώσεων
2429 1355 2524 1407 καὶ
2569 1357 2636 1427 τῇ
2693 1356 2987 1431 ὑπογραφῇ
3046 1362 3140 1414 καὶ
3190 1366 3450 1434 σφραγῖδι
3496 1363 3593 1418 τοῦ

2015 1443 2347 1511 τιμιωτάτου
2393 1447 2811 1516 χαρτοφύλακος
2857 1452 3203 1508 πιστωθέντα
3233 1458 3328 1511 καὶ
3360 1457 3590 1527 βεϐαιω-

2017 1524 2184 1621 θένταᾼ
2220 1530 2525 1586 ἐπιδέδοται
2567 1537 2700 1606 μηνὶ
2747 1541 2846 1592 καὶ
2878 1540 2975 1595 ίνδ.
3007 1543 3120 1607 τοῖς
3156 1524 3627 1621 ἀναγεγραμμέν

2016 1630 2129 1685 νοις
2157 1614 2310 1685 ἔτους
2333 1623 2550 1691 ⁴ς,’ωλς’.

2015 1730 2128 1823 XV.
2154 1735 2405 1823 Δ,ξιιιιοιίιιε
2435 1742 2716 1823 conn/irmaz
2747 1742 3060 1823 ηιαηιίριιιιη
3103 1755 3462 1823 imperatoris,
3490 1776 3593 1823 quo

2084 1776 2128 1792 ν.
2163 1776 2404 1808 υνηνιιισσ
2435 1776 2590 1811 ιυημι
2607 1776 2716 1797 Inui
2747 1776 3060 1804 umuuucum
3103 1776 3462 1823 Imperatoris,
3528 1778 3591 1814 uo

2084 1807 2432 1933 πιαινιιέιέοίὶιω
2471 1809 2757 1868 Serrarum
2800 1818 3079 1887 subjicitur
3122 1826 3453 1895 ερὶεεοραιιιε

2085 1891 2211 1934 copo
2294 1894 2343 1934 ε.

2113 1891 2343 1946 οροιεοε.

1948 1973 1991 2033 Β
2080 1988 2128 2082 ⁸ϊ
2158 1989 2304 2082 Μηνί
2338 1991 2656 2065 Ἀπριλλίῳ,
2716 1997 2901 2073 ἡμέρᾳ
2942 2000 3010 2069 ξ’,
3064 2004 3159 2061 ίνδ.
3198 2004 3285 2076 ιβ’,
3317 2010 3596 2082 προκαθη·

2025 2079 2188 2148 μένου
2218 2081 2313 2134 τοῦ
2345 2088 2765 2153 παναγιωτάτου
2800 2090 2958 2160 ἡμῶν
2986 2093 3249 2150 δεσπότου
3282 2098 3378 2152 τοῦ
3413 2079 3596 2156 οἰκου-

2023 2175 2248 2245 μενικοῦ
2289 2182 2636 2253 πατριάρχου
2675 2184 2782 2257 κῦρ
2816 2186 3044 2243 Ἡσαΐου
3085 2191 3145 2244 ἐν
3179 2195 3291 2258 τοῖς
3324 2197 3466 2250 κοιτά
3504 2192 3595 2250 τὶν

2020 2260 2178 2335 ἅγιον
2211 2268 2593 2340 Θεοφύλακτον
2629 2275 2859 2341 κελλίοις
2896 2280 3084 2345 αὑτοῦ,
3133 2285 3595 2356 συνεδριαζόντων

2018 2359 2084 2431 τῇ
2139 2360 2350 2434 μεγάλῃ
2406 2364 2686 2440 ἁγιωσύνῃ
2717 2366 2881 2423 αὐτοῦ
2916 2373 3010 2425 καὶ
3057 2375 3367 2444 ἰερωτάτων
3406 2381 3595 2453 ἀρχιε-

2019 2449 2179 2520 ρέων,
2216 2451 2311 2506 τοῦ
2347 2454 2618 2524 Σάρδεων,
2657 2458 2962 2533 ὑπερτίμου
3003 2466 3098 2519 καὶ
3141 2468 3372 2540 ἐξάρχου
3412 2449 3594 2544 πάσης

2015 2540 2213 2608 Λυδίας
2241 2547 2335 2599 καί
2362 2548 2631 2620 προέδρου
2655 2550 2990 2628 Μιτυλήνης,
3016 2556 3342 2631 Γρηγορίου,
3361 2563 3457 2618 τοῦ
3482 2540 3595 2620 Με-

2017 2634 2259 2706 λιτηνῆς,
2291 2638 2594 2711 ὑπερτίμου
2646 2644 2741 2696 καὶ
2772 2648 3037 2720 προέδρου
3065 2651 3252 2719 Αἴνου,
3287 2657 3590 2724 Θεοδοσίου,

2012 2726 2107 2780 τοῦ
2157 2726 2551 2798 Μονεμὸσισίας
2616 2737 2710 2789 καὶ
2777 2738 3110 2810 ὑπερτίμου,
3172 2746 3446 2813 Ἰωάννου,
3497 2750 3590 2803 τοῦ

2016 2815 2291 2891 Προύσης,
2352 2822 2659 2895 ὑπερτίμου
2708 2826 2803 2881 καὶ
2858 2830 3120 2903 προέδρου
3165 2834 3388 2908 Βιζύης,
3425 2839 3592 2894 Νικι-

2013 2911 2166 2979 λάου,
2192 2912 2287 2967 τοῦ
2308 2915 2807 2984 Φιλιππουπόλεως
2829 2921 2923 2975 καὶ
2947 2925 3272 2994 ὑπερτίμου,
3308 2926 3589 3001 Μαξίμου,

2011 3002 2107 3057 τοῦ
2136 3002 2629 3077 Τραϊανουπόλεως
2651 3012 2748 3065 καὶ
2769 3013 3096 3085 ὁπερτίμου,
3125 3015 3483 3086 Ἰωαννικίου,
3499 3026 3589 3076 τοῦ

2016 3095 2233 3164 "An-pm,
2268 3098 2576 3170 ὑπερτίμου
2601 3104 2694 3156 καὶ
2727 3104 2819 3156 τὸν
2844 3106 3010 3160 τόπον
3040 3109 3327 3180 ἐπέχοντος
3363 3115 3458 3167 τοῦ
3493 3117 3597 3185 Et):

2012 3188 2238 3258 χαίτων,
2282 3191 2501 3263 Ἰωσὴφ,
2544 3192 2640 3247 τοῦ
2686 3188 3069 3269 Διδυμοτείχου
3122 3203 3218 3256 καὶ
3260 3204 3588 3277 ὑπερτίμου,

2011 3280 2330 3369 Θεοδούλου,
2357 3283 2452 3338 τοῦ
2487 3280 2741 3357 Βρόσεως
2776 3293 2871 3344 καὶ
2912 3292 3213 3365 ὑπερτίμου
3248 3282 3588 3370 Γερασίμου,

2013 3374 2107 3426 τοῦ
2137 3368 2402 3429 Μαδύτων
2438 3379 2533 3430 καὶ
2561 3379 2888 3452 ὑπερτίμου,
2925 3385 3136 3453 Ἰσαὰκ,
3166 3386 3257 3442 τοῦ
3280 3368 3590 3464 Μηθύμνης

2012 3468 2104 3520 καὶ
2138 3468 2463 3539 ὐπερτίμου,
2505 3472 2814 3545 Μαλαχίου,
2857 3474 2952 3530 τοῦ
3001 3480 3326 3549 Σουγδαίας,
3367 3486 3591 3556 ὑπερτί-

2012 3576 2116 3646 μου
2159 3560 2253 3613 καὶ
2288 3563 2555 3634 προέδρου
2597 3566 3057 3640 Λακεδαιμονίας,
3091 3564 3296 3646 Λουκᾶ,
3329 3574 3425 3632 τοῦ
3457 3581 3587 3633 Λιτ-

2010 3644 2122 3703 6ὦν
2168 3652 2263 3707 καὶ
2316 3655 2661 3726 ὑπερτίμου,
2704 3658 2991 3730 Θεοφίλου,
3053 3663 3147 3717 τοῦ
3196 3644 3593 3737 Ἀρκαδιουπό-

2007 3742 2168 3810 λέως,
2204 3743 2516 3817 ὑπερτίμου
2544 3750 2638 3803 καὶ
2668 3754 2932 3822 προέδρου
2961 3756 3245 3829 Μεσήνης,
3278 3758 3585 3831 Μαλαχίου,

2006 3833 2115 3888 τῶν
2168 3835 2640 3907 ἀρχιεπισκόπων,
2691 3842 2788 3896 τοῦ
2836 3845 3107 3902 Λοπαδίου
3165 3852 3260 3904 καὶ
3317 3854 3586 3924 προέδρου

2006 3924 2309 3998 Γαρέλλης,
2390 3927 2675 4002 Ἰεροθέου,
2739 3934 2834 3988 τοῦ
2896 3936 3182 4003 Ξανθείας,
3249 3942 3289 3993 Γ
3292 3944 3583 4013 ερασίμου,

2003 4016 2098 4070 τοῦ
2132 4018 2359 4089 Δέρκου,
2416 4022 2623 4092 Λουκᾶ,
2684 4028 2777 4081 καὶ
2826 4029 2922 4082 τοῦ
2968 4032 3232 4103 Μηδείας,
3283 4033 3581 4107 Εὐθυμίου,

2004 4109 2432 4181 παρισταμένων
2477 4111 2574 4167 καὶ
2625 4114 3061 4184 θεοφιλεστάτων
3112 4127 3452 4180 δεσποτικῶν
3491 4131 3590 4199 ἀρ-

2002 4196 2233 4267 χόντων.
2440 4258 2451 4269 _

2074 4289 2115 4362 -ξ-
2143 4289 2432 4350 Βασιλικδν
2455 4298 2565 4367 ἀρα
2612 4304 2705 4355 καὶ
2732 4304 2893 4358 τοῦτο
2927 4309 3246 4379 προνόμιον,
3285 4314 3344 4367 τὸ
3371 4314 3471 4379 τὰς
3505 4317 3582 4379 εἰς

2001 4384 2309 4449 ἐπισκοπὰς
2340 4389 2599 4456 τελούσας
2631 4394 2743 4447 τῶν
2776 4397 3085 4470 ἐκκλησιῶν
3144 4404 3250 4455 τῶν
3303 4405 3392 4474 ὑφ’
3419 4406 3484 4470 ἃς
3525 4411 3585 4461 τὸ

2000 4478 2268 4568 πρότερον
2296 4481 2596 4554 ἐτύγχανον
2646 4488 3008 4558 ὑποκείμεναι
3059 4494 3319 4568 ἀποσπᾷν
3372 4501 3465 4554 καὶ
3505 4519 3583 4552 τι·

2003 4567 2110 4636 μῆς
2161 4566 2349 4634 ἀξιοῦν
2386 4575 2674 4642 μείζονοςδ
2722 4580 2917 4646 ἀμέλει
2961 4582 3055 4636 καὶ
3101 4586 3201 4656 τὴν
3235 4566 3343 4642 τῶν
3376 4591 3584 4662 Ζιχνῶν

317 4658 398 4720 είς
424 4676 477 4709 τι
510 4657 619 4709 τῶν
646 4657 739 4709 ὑπ’
772 4658 962 4729 αὐτὴν,
999 4661 1048 4711 εἰ
1077 4666 1153 4729 μή
1185 4678 1297 4718 πως
1330 4665 1427 4716 καὶ
1454 4662 1554 4732 τὴν
1579 4663 1684 4716 τῶν
1703 4663 1892 4735 ψυχῶν
1925 4660 1969 4717 Ι)
1998 4660 2298 4729 ἐκκλησίαν
2354 4667 2435 4727 εἰς
2499 4667 2806 4738 ἐπισκοπὴν
2852 4673 3115 4729 τελοῦσαν
3172 4679 3234 4732 τὸ
3282 4680 3377 4733 ἀπ’
3408 4685 3581 4753 ἀρχῆς

316 4748 641 4818 ἐπιμέλειαν
677 4748 1151 4818 ἐμπεπιστεῦσθαι
1199 4751 1385 4819 λέγειν
1432 4752 1700 4824 τολμῷεν.
1757 4757 1892 4827 ὅπερ

311 4840 533 4892 ἄτοπον·
570 4838 755 4909 μέντοι
776 4855 839 4905 γε
868 4838 960 4892 καὶ
984 4840 1472 4911 ἐπανασωθησεται
1505 4842 1892 4919 τῇἚκκλησίᾳ

314 4931 414 4999 μὲν
446 4932 514 4984 τὰ
552 4928 777 4985 τοιαῦτα
821 4933 1027 5000 ταύτης
1088 4931 1371 5001 μονόδρια,
1419 4936 1534 4998 τοῖς
1583 4938 1927 5009 μιιινυδρίοις⁹

216 5068 222 5075 .
311 5024 368 5074 δέ
402 5020 561 5076 πάνθ’
586 5022 686 5076 ὅσα
732 5025 794 5075 ἐκ
827 5024 934 5076 τῶν
970 5027 1287 5093 προσόντων
1338 5024 1526 5087 αὐτοῖς
1572 5028 1892 5097 ἀπροσόδων

310 5118 609 5187 τιτι-,μάτων
641 5116 948 5186 φθάσαντες
979 5134 1126 5180 τινες
1167 5118 1463 5187 κατέχουσι
1493 5121 1587 5172 καὶ
1629 5122 1890 5190 νέμονται

309 5211 374 5262 ἐκ
409 5208 766 5278 παραδόσεως
800 5211 895 5264 τοῦ
921 5210 1088 5264 αὑτοῦ
1124 5210 1543 5280 θεοφιλεστάτου
1580 5215 1888 5267 ἐπισκόπου

308 5304 515 5373 Ζιχνών
551 5304 584 5373 ἢ
633 5308 726 5357 καὶ
756 5303 949 5375 ἐτέρου
988 5302 1304 5373 τινδςπαρ’
1349 5303 1555 5375 είδησιν
1609 5306 1698 5358 τοῦ
1749 5308 1891 5361 κατὰ

307 5395 471 5448 τόπον
512 5397 837 5467 ἀρχιερέως,
890 5398 952 5448 τὸ
987 5400 1195 5469 ἄκυρον
1235 5394 1382 5467 ἔχειν
1435 5399 1744 5466 ὀφείλοντος
1792 5398 1888 5453 τοῦ

306 5487 610 5558 προόάνεος
641 5492 735 5540 ἐπί
761 5490 825 5558 τῇ
859 5488 967 5541 τῶν
1002 5488 1288 5560 κληρικῶν
1320 5489 1531 5543 ἐκδόσει
1562 5508 1888 5562 πατριαρχι-

306 5580 406 5633 κοῦ
445 5580 769 5649 γράμματος
799 5596 813 5610 ·
849 5578 1102 5648 θεμελίου
1154 5581 1262 5650 γὰρ
1317 5582 1419 5635 οὐκ
1471 5583 1678 5652 ἀγαθοῦ
1722 5587 1816 5638 καὶ
1859 5588 1887 5639 ό

307 5672 498 5741 δρορος
532 5670 731 5739 ἥκιστα
779 5668 1005 5738 ἀγαθός.
1073 5672 1295 5740 Ἐπειδὴ
1347 5674 1457 5743 γὰρ
1509 5673 1887 5743 ἀπηγόρευται

305 5764 414 5825 τοί,
471 5764 637 5832 ἰεροίς
681 5761 774 5814 καὶ
830 5760 995 5823 θείοις
1033 5762 1248 5828 κανόσι,
1294 5763 1462 5833 μηδέν
1521 5781 1571 5816 τι
1622 5764 1885 5835 πράττειν

307 5853 548 5907 τοιοῦτον
582 5856 704 5917 τοὺς
739 5853 1061 5923 κληρικοὺς,
1097 5853 1500 5925 συνακυροῦται
1532 5856 1626 5908 καὶ
1661 5856 1794 5910 αὐτὸ
1815 5860 1881 5928 τῇ

308 5948 458 6017 παρὰ
494 5945 590 6019 τὴν
623 5944 803 6001 αὐτῶν
830 5945 1218 6017 παρατήρησιν
1259 5945 1495 6016 ἐκδόσει,
1539 5948 1635 6003 ἅτε
1684 5946 1747 6019 δὴ
1785 5952 1882 6003 καὶ

1997 4753 2096 4823 τῆς
2125 4746 2437 4826 ἁγιωτάτης
2467 4763 2857 4845 μητροπόλεως
2882 4767 2987 4818 τῶν
3016 4768 3237 4841 Σεῤῥῶν
3267 4772 3349 4834 εἰς
3379 4746 3581 4845 μητρδι

1996 4845 2153 4898 πολιν
2183 4847 2287 4916 ἤδη
2311 4842 2646 4921 προενήνοχε
2681 4859 2774 4907 καὶ
2805 4857 3107 4927 τετίμηκεν
3129 4865 3156 4914 ό
3177 4862 3240 4916 ἐκ
3272 4863 3407 4919 θεοῦ
3447 4872 3584 4935 κρα-

1995 4953 2175 5000 τιστος
2206 4941 2297 4990 καί
2321 4940 2472 5008 ἅγιός
2515 4961 2617 5012 μου
2649 4947 3032 5021 αὐτοκράτωρ.
3088 4953 3357 5025 Πρόνοιαν
3391 4964 3580 5027 μέντοι

1996 5028 2322 5096 ποιούμενος
2364 5033 2458 5084 καὶ
2483 5036 2583 5103 τῆς
2611 5034 2717 5089 τῶν
2749 5039 2989 5112 Σερρῶν,
3017 5043 3167 5108 ὅπως
3207 5045 3274 5100 ἂν
3305 5051 3463 5119 σχοίη
3488 5053 3580 5102 καὶ

1995 5119 2135 5190 αῦτη
2190 5126 2395 5192 τρόπον
2446 5127 2633 5198 ἕτερον
2682 5132 3079 5207 ἀναπληρωθέν
3127 5140 3189 5192 τὸ
3229 5138 3431 5207 ἐνδέον,
3461 5134 3589 5197 ave"

1994 5212 2190 5284 ἑτέραν
2255 5220 2569 5289 ἐπισκοπὴν
2628 5224 3049 5300 ἀντικαθίστησι
3107 5234 3281 5308 ταύτῃ
3344 5237 3410 5289 ἐκ
3468 5238 3577 5289 τῶν

1992 5306 2090 5374 τῆς
2114 5308 2386 5363 Φιλίππου
2438 5315 2624 5384 σεπτῴ
2670 5322 3056 5390 προστάγματι
3096 5326 3194 5394 τῆς
3225 5306 3390 5394 ἀγίας
3423 5326 3576 5396 βασι-

1992 5397 2144 5459 λείας
2171 5399 2339 5453 αὑτοῦ
2374 5405 2683 5475 περιέχοντι
2707 5411 2832 5463 τάδε
2859 5428 2873 5443 ·
2928 5431 2949 5464 ‹
2983 5415 3141 5469 Ἐπεὶ
3171 5420 3503 5489 ἀπεσπάσθη
3540 5424 3571 5489 ἡ

1993 5492 2260 5559 πρότερον
2297 5493 2402 5546 ὑπὸ
2446 5497 2546 5567 τὴν
2584 5500 2903 5572 ἀγιωτάτην
2933 5509 3270 5578 μητρόπολιν
3311 5511 3418 5563 τῶν
3442 5512 3573 5584 Σεῤ-

1992 5585 2101 5651 ρῶν
2129 5584 2359 5639 τελοῦσα
2394 5590 2677 5663 ἀγιωτάτη
2731 5597 3009 5670 ἐπισκοπὴ
3062 5604 3172 5655 τῶν
3229 5605 3437 5674 Ζιχνῶν
3479 5610 3572 5660 κλὶ

1989 5678 2228 5749 ἐτιμήθη
2260 5680 2340 5744 εἰς
2389 5685 2724 5754 μητρόπολιν
2776 5692 2928 5759 παρὰ
2977 5693 3074 5759 τῆς
3117 5694 3397 5763 βασιλείας
3441 5716 3565 5768 μου,
3646 5682 3653 5687 ’

1988 5770 2180 5841 ἐδέησε
2232 5772 2285 5825 δὲ
2344 5777 2439 5828 καὶ
2466 5777 2701 5847 διέκρινε
2753 5780 2912 5834 τοῦτο
2961 5785 3115 5855 καὶὴ
3154 5787 3406 5860 βασιλεία
3441 5811 3567 5860 μου,

1990 5861 2076 5914 ἵνα
2116 5864 2482 5938 ἀντικαταστῇ
2535 5870 2697 5940 ἑτέρα
2746 5874 3020 5946 ἐπισκοπὴ
3054 5881 3131 5941 εἰς
3179 5858 3279 5950 τῆν
3310 5884 3569 5955 τοιαύτην

1987 5951 2094 6006 τῶν
2116 5952 2335 6026 Σερρὦν
2367 5959 2721 6030 μητρόπολιν,
2775 5962 3021 6037 θεσπίζει
3071 5966 3163 6024 καὶ
3187 5971 3481 6042 διορίζεται
