4046 6442
403 402 531 469 12θί

1439 387 1830 453 SYNODICB
1870 381 2427 448 CONSTITUTION
2441 379 2551 440 ES.

3520 351 3660 416 Ῑῖθὲ

394 537 488 587 γος
527 513 693 570 αὐτοῦ
719 511 886 574 ἅπαις
917 507 1230 562 τελευτῶσα
1264 506 1354 560 τὸν
1391 505 1528 576 βίον,
1555 502 1828 572 διαθήκην
1873 502 1974 570 μὲν
2006 508 2048 564 Α
2081 496 2349 566 omam},
2381 485 2802 563 περιπεσεῖσθαι
2845 478 3129 549 ἐπιτιμίῳ,
3167 474 3272 528 κάν
3314 471 3511 587 όποτοςὶ
3546 467 3656 573 ἄρα

393 613 494 664 οὐκ
538 606 775 674 ἐξέθετο,
811 603 1016 674 ἔφθασε
1041 601 1094 654 δὲ
1129 601 1280 670 ὅμως
1323 599 1498 651 εἰπεῖν
1530 595 1760 649 ἐνώπιον
1793 593 1970 648 ἄλλων

396 721 456 756 τε
486 700 689 756 ίκανῶν
714 698 826 752 τῶν
855 695 1285 767 παρατυχόντων
1313 689 1649 756 ἀξιοπίστων
1680 687 1778 741 καὶ
1803 685 1974 752 αὐτῆς

394 794 459 863 δὴ
489 792 589 859 τῆς
616 789 750 852 ἰδίας
781 787 1126 857 μητρὸς,τῆς
1159 783 1394 855 μοναχῆς
1426 781 1596 850 κυρᾶς
1617 775 1974 846 Εὐφροσύνης

397 884 492 954 τῆς
531 880 1140 953 Πετραλειφίνηςξόσον
1171 876 1364 948 ῆθελεν
1407 872 1500 926 ἐπὶ
1526 873 1639 934 τοῖς
1675 866 1973 939 προικῴοις

397 977 566 1041 αὐτῆς
598 973 887 1044 πράγμασι
913 971 1009 1026 καὶ
1033 968 1171 1038 μετά
1201 967 1259 1020 τὸ
1285 966 1488 1034 λεγάτα
1509 963 1690 1028 τάξαι,
1711 959 1852 1031 πρὸς
1881 955 1974 1019 οὓς

398 1065 680 1136 ἡϐούλετοο
713 1064 820 1118 ἀπό
848 1081 907 1117 τε
935 1063 1043 1116 τῶν
1070 1061 1169 1145 τῆς
1187 1057 1410 1129 προικὸς
1434 1055 1730 1125 κτημάτων
1754 1049 1974 1104 καὶτῶν

395 1160 596 1214 λοιπῶν
627 1156 971 1229 πραγμάτων
997 1143 1165 1221 αὐτῆς
1187 1191 1203 1218 ,
1246 1152 1344 1219 τὴν
1370 1150 1566 1214 λοιπὴν
1613 1143 1852 1215 κατοχὴν
1881 1143 1975 1195 καὶ

395 1255 668 1322 διοίκησιν
718 1248 989 1319 ἐπέτρεψε
1045 1245 1137 1299 καί
1196 1243 1420 1296 ἀνέθετο
1461 1240 1657 1311 τούτῳ,
1700 1253 1974 1308 προσανα-

397 1350 554 1401 θεῖσα
587 1347 702 1416 ἅμα
735 1343 886 1412 αύτῷ
923 1341 1020 1394 καὶ
1066 1339 1164 1409 τὴν
1196 1337 1456 1409 φροντίδα
1487 1335 1590 1404 τῆς
1629 1332 1839 1394 οἰκείας
1873 1329 1976 1399 ψυ-

398 1442 518 1512 χῆς,
548 1441 688 1509 ὅπερ
713 1437 807 1491 καὶ
832 1436 1136 1506 στέργουσα
1164 1428 1230 1503 ῆν
1265 1433 1360 1486 καὶ
1388 1428 1642 1498 οὐδαμῶς
1677 1427 1758 1490 εἰς
1783 1423 1977 1492 ἀθέτη-

399 1550 483 1584 σιν
520 1531 631 1585 τῶν
658 1529 970 1600 εἰρημένων
992 1525 1249 1596 χωροῦσα
1277 1524 1374 1578 καὶ
1396 1525 1432 1589 ή
1451 1520 1762 1594 δηλωθεῖσα
1794 1519 1981 1588 μήτηρ

396 1624 568 1692 αὐτῆς
626 1621 792 1690 μέχρι
849 1615 1206 1688 τριμηνιαίου
1264 1609 1484 1684 καιροῦ,
1517 1609 1641 1664 καθ’
1665 1609 1725 1663 δν
1779 1609 1844 1677 δὴ
1884 1605 1982 1660 καί

395 1714 496 1781 τὴν
551 1709 776 1782 κηδείαν
830 1708 1081 1762 ἐτέλεσεν
1142 1696 1299 1766 οὗτος
1350 1705 1444 1755 καὶ
1503 1699 1572 1755 τὰ
1637 1697 1976 1770 μνημόσυνα.

399 1803 642 1858 Ἔπειτα
685 1797 1123 1871 προϐαλλομένη,
1157 1795 1231 1858 ὡς
1260 1790 1458 1861 ἀτελὴς
1497 1787 1567 1860 ἦν
1596 1788 1688 1842 τὸν
1719 1786 1912 1859 χρόνον
1945 1785 1979 1855 ὴ

397 1896 646 1965 θυγάτηρ
680 1894 876 1964 αὐτῆς,
901 1892 1111 1963 χρόνων
1143 1889 1221 1942 ἔτι
1247 1884 1384 1941 οὐσα
1414 1887 1587 1939 εἴκοσι
1628 1883 1741 1948 δύο,
1776 1881 1870 1935 καὶ
1890 1879 1980 1933 διὰ

396 1989 557 2044 τοῦτο
578 1988 807 2058 οἰομένη
844 1970 1118 2055 μηδεμίαν
1139 1981 1325 2036 ἄδειαν
1349 1978 1495 2048 ἔχειν
1529 1976 1750 2046 ἐκείνην
1779 1974 1844 2027 ἐκ
1871 1970 1980 2026 τῶν

311 2065 318 2072 ’
398 2080 580 2150 νόμων
623 2076 890 2148 διαθήκην
928 2073 1210 2140 ἐκθέσθαι,
1233 2071 1363 2142 πρὶν
1388 2069 1456 2125 ἂν
1495 2067 1655 2138 δῆθεν
1695 2063 1980 2135 καταλάϐῃ

398 2173 492 2227 τὸν
519 2171 766 2226 εἰκοστὸν
795 2169 1048 2240 πέμπτον
1077 2164 1343 2232 ἐνιαυτὸν,
1374 2164 1454 2218 ἐτι
1481 2162 1536 2216 δέ
1559 2159 1980 2232 προϐαλλομένη

399 2263 606 2333 ὁμοίως
643 2263 740 2316 καὶ
765 2261 828 2314 τὸ
869 2261 944 2332 μὴ
972 2260 1178 2330 φθάσαι
1211 2258 1398 2329 γραφῇ
1430 2255 1500 2308 τά
1530 2255 1798 2325 εἰρημένα
1825 2248 1984 2319 δοθῆ-

401 2373 511 2423 ναι,
540 2355 906 2410 ἀντιποιεῖται
931 2353 1028 2423 τῆς
1058 2351 1168 2404 τῶν
1190 2350 1540 2421 πραγμάτων
1569 2345 1851 2414 ὁλότητος,
1889 2359 1982 2412 μι-

403 2445 512 2514 κρὰ
538 2444 648 2498 τῶν
694 2443 850 2515 ποιρά
895 2442 1000 2513 τῆς
1043 2439 1437 2511 διαληφθείσης
1491 2435 1764 2507 θυγατρὸς
1810 2433 1984 2502 αὐτῆς

403 2538 714 2610 εἰρημένων
763 2535 1152 2606 φροντίζουσα,
1209 2531 1296 2602 ἐφ’
1329 2525 1412 2594 οἷς
1443 2529 1507 2600 δὴ
1561 2528 1657 2582 καὶ
1698 2526 1984 2597 συνοδικῆς

403 2630 627 2701 ἐδέησεν
679 2627 829 2698 αὐτῷ
875 2628 1244 2695 διαγνώσεως,
1298 2622 1395 2676 καί
1442 2621 1739 2692 ἐψήφισται
1778 2617 1986 2673 συνοδι-

403 2722 536 2786 κῶς,
566 2721 665 2786 ώς,
696 2721 747 2774 εἰ
781 2720 877 2774 καὶ
910 2721 986 2790 μὴ
1011 2717 1220 2790 χρόνων
1242 2713 1312 2788 ἦν
1347 2714 1690 2769 εἰκοσιπέντε
1722 2713 1758 2782 ή
1789 2712 1984 2766 τούτου

406 2814 664 2884 σύζυγος,
693 2814 810 2867 ἀλλ’
842 2815 903 2866 οὐ
939 2813 1095 2882 παρά
1121 2810 1284 2864 τοῦτο
1328 2808 1654 2879 ἀπείργεται
1685 2805 1838 2876 παρά
1875 2805 1986 2858 τῶν

404 2909 587 2978 νόμων
609 2905 708 2960 τοῦ
737 2904 1003 2974 διαθήκην
1034 2902 1318 2956 ἐκθέσθαιο
1342 2897 1671 2965 αὐτεξουσία
1692 2896 1800 2968 γὰρ
1828 2895 1985 2960 οὖσα,

407 2999 516 3052 πᾶν
562 2996 623 3051 τὸ
668 2995 815 3052 κατά
853 2995 1081 3065 γνώμην
1113 2993 1208 3046 ἐπὶ
1239 2993 1355 3056 τοῖς
1402 2990 1628 3053 οἰκείοις
1663 2989 1988 3058 πράγμασιν

405 3092 492 3147 ἐπ’
523 3091 709 3155 ἀδείας
739 3088 853 3162 εἶχε
885 3085 1317 3160 διαπράξασθαι,
1345 3083 1456 3138 τῶν
1492 3083 1674 3152 νόμων
1707 3083 1827 3145 ταῖς
1855 3081 1983 3134 αὐτο

2079 589 2176 647 καὶ
2384 560 2650 641 τοιοῦτος.
2691 574 2880 630 Ταῦτα
2919 566 3372 641 παρεκϐ).ηθέντα
3406 562 3514 618 ἀπὸ
3546 560 3658 614 τῶν

2079 677 2401 750 ἡμερησίων
2429 670 2726 728 συνοδικῶν
2751 662 3268 738 παρασημειώσεων
3298 659 3388 711 καὶ
3418 656 3484 726 τῇ
3522 655 3658 706 ὐπο-

2077 770 2264 840 γραφῇ
2292 768 2387 821 καὶ
2419 763 2676 834 σφραγῖδι
2701 758 2795 812 τοῦ
2821 753 3162 826 τιμιωτάτου
3196 750 3434 820 μεγάλου
3461 763 3658 816 χαρτο-

2077 838 2314 928 φύλακος
2351 854 2691 910 πιστωθέντα
2737 848 3038 903 ἐπιδέδοται
3077 845 3208 916 μηνί
3259 840 3354 896 καὶ
3413 838 3514 894 ἰνδ.
3544 839 3658 900 τοίς

2077 947 2594 1022 ἀναγεγραμμένοις
2619 945 2772 1007 ἔτους
2805 940 3012 1013 ,ςωληκ

2217 1087 2407 1146 XVIII.
2441 1084 2690 1158 Synodus
2735 1082 2938 1136 dirimit
2974 1088 3079 1133 {res
3114 1071 3514 1131 controversias.

2151 1234 2193 1290 1.
2219 1233 2260 1305 -ι-
2317 1229 2465 1300 Μηνὶ
2500 1221 2881 1296 Φεϐρουαρίῳ,
2912 1219 3103 1290 ἡμέρᾳ·
3139 1215 3398 1284 Δευτέρᾳ,
3430 1213 3527 1265 ἰνδ.
3569 1217 3669 1277 ιγ’,-

2079 1303 2504 1397 προκαθημένου
2561 1319 2655 1373 τοῦ
2712 1311 3131 1382 παναγιωτάτου
3189 1307 3349 1377 ήμῶν
3399 1303 3662 1358 δεσπότου
3733 1374 3738 1389 ⁵

2081 1419 2174 1475 τοῦ
2207 1412 2594 1488 οἰκουμενικοῦ
2650 1408 2994 1479 πατριάρχου
3038 1403 3146 1469 κύρ
3186 1402 3413 1455 Ἦσαῖου
3459 1400 3516 1450 ἐν
3548 1397 3665 1455 τοῖς

2081 1512 2226 1568 κατά
2275 1511 2367 1564 τὸν
2413 1508 2568 1574 ἀγιον
2599 1501 2982 1570 Θεοφύλακτον
3015 1496 3248 1558 καλλίοις
3287 1491 3474 1555 αὐτοῦ,
3509 1505 3665 1542 συνε-

2080 1601 2416 1675 δριαζόντων
2444 1600 2512 1669 τῇ
2548 1595 2763 1668 μεγάλῃ
2788 1590 3068 1662 ἁγιωσύνῃ
3107 1588 3274 1643 αὐτοῦ
3314 1587 3411 1641 καὶ
3435 1583 3667 1654 ἱερωτά-

2080 1674 2190 1751 των
2227 1693 2553 1766 ἀρχιερέων,
2594 1687 2688 1742 τοῦ
2729 1686 2982 1756 Ἐφέσου,
3020 1681 3326 1750 ὐπερτίμου
3367 1677 3463 1731 καί
3505 1674 3670 1764 ἐξάρ-

2082 1806 2180 1861 χου
2213 1761 2404 1857 πάσης.
2437 1783 2645 1846 Ἀσίας,
2673 1823 2686 1838 .
2714 1821 2728 1835 .
2749 1817 2765 1834 .
2785 1819 2802 1834 .
2825 1820 2840 1845 ,
2885 1777 2982 1830 τοῦ
3023 1772 3336 1844 Μελιτηνῆς
3371 1770 3468 1824 καὶ
3497 1761 3670 1837 ὕπερ-

2082 1880 2267 1950 τίμου,
2296 1872 2600 1939 Θεοδοσίου,
2630 1871 2725 1924 τού
2761 1869 3014 1926 Πισιδίας
3037 1866 3131 1920 καὶ
3159 1863 3494 1936 ὑπερτίμου,
3526 1861 3565 1912 Γ
3571 1875 3670 1930 ρη-

2083 1969 2295 2042 γορίου,
2351 1965 2448 2022 τοῦ
2509 1963 2802 2035 Προύσης,
2871 1960 3179 2028 ύπερτίμου
3241 1956 3335 2009 καὶ
3401 1953 3670 2023 προέδρου

2085 2063 2312 2135 Βιζύης,
2343 2060 2634 2121 Νικολάου,
2673 2055 2764 2110 τοῦ
2799 2054 3024 2126 Σερῤῶν
3063 2051 3159 2104 καὶ
3189 2047 3521 2118 ὑπερτίμου,
3545 2045 3669 2099 Μα-

2083 2158 2302 2230 καρίου,
2361 2154 2459 2208 τοῦ
2513 2151 2825 2225 Μηθύμνης
2874 2147 2970 2204 καὶ
3005 2138 3665 2216 ύπερτίμου,Μαλαχίου,

2084 2250 2182 2306 καὶ
2209 2247 2305 2303 τοῦ
2333 2246 2765 2320 Προικοννήσου,
2797 2239 3082 2310 Μανουὴλ,
3114 2234 3546 2307 παρισταμένων
3575 2233 3672 2284 καὶ

2086 2341 2526 2412 θεοφιλεστάτων
2547 2336 2893 2392 δεσποτικῶν
2926 2333 3230 2404 ἀρχόντων.

2155 2436 2196 2508 1-
2223 2434 2334 2490 Τοῦ
2362 2433 2740 2489 πανσεϐἀστου
2771 2425 3040 2484 σεϐαστοῦ
3063 2425 3270 2480 οἰκείου
3293 2421 3370 2493 τῷ
3395 2421 3673 2493 κρατίστῳ

2086 2534 2179 2586 καὶ
2209 2530 2350 2601 ἀγίῳ
2391 2545 2494 2601 μου
2525 2525 2912 2596 αὐτοκράτορι,
2939 2519 3262 2590 δομεστίκου
3289 2516 3399 2569 τῶν
3429 2513 3673 2566 Δυτικῶν

2087 2625 2342 2697 θεμάτων
2393 2621 2500 2691 κῦρ
2553 2615 2834 2690 Γεωργίου
2879 2613 2975 2669 τοῦ
3024 2608 3368 2683 Στρατηγοῦ,
3423 2605 3683 2676 γαμϐρὸν

2088 2718 2182 2771 ἐπὶ
2211 2719 2277 2788 τῇ
2330 2716 2499 2770 αὐτοῦ
2553 2712 2790 2781 θυγατρί
2832 2709 3091 2771 λαϐόντος
3119 2705 3210 2760 τὸν
3249 2703 3539 2770 Παδυάτην
3570 2698 3676 2768 κῦρ

2089 2810 2387 2879 Γεώργιον,
2415 2808 2442 2861 ό
2477 2804 2856 2876 συμπένθερος
2885 2800 3051 2854 αὐτοῦ
3077 2801 3105 2853 ὁ
3133 2799 3334 2859 οἰκεῖος
3377 2795 3454 2864 τῷ
3485 2790 3679 2862 κρατί-

2091 2919 2202 2972 στῳ
2259 2903 2354 2954 καὶ
2405 2898 2548 2970 ἁγίῳ
2580 2914 2682 2966 μου
2731 2894 3120 2962 αὐτοκράτορι,
3168 2889 3278 2960 κῦρ
3324 2887 3605 2956 Θεόδωρος
3649 2886 3676 2936 ό

2090 2994 2382 3064 Πσδυάτης
2421 2991 2654 3057 ἐκεῖνος,
2702 2985 3030 3057 ἀναδέχεται
3065 2982 3166 3053 μὲν
3195 2984 3265 3036 τά
3310 2981 3412 3050 τῆς
3447 2981 3676 3052 προικὸς

2093 3086 2424 3158 πράγματα,
2459 3085 2758 3153 ποσότητος
2789 3081 2916 3133 ὄντα
2951 3077 3290 3148 ὑπερπύρων
3327 3074 3531 3143 λιτρῶν
3565 3073 3677 3137 λς’,

404 3185 702 3252 εξουσίαις,
731 3185 809 3255 μὴ
841 3183 1002 3254 μόνον
1030 3183 1109 3245 εἰς
1131 3181 1225 3234 τὸν
1245 3177 1490 3232 εἰκοστὸν
1515 3174 1768 3246 πέμπτον
1797 3171 1990 3243 χρόνον
2014 3191 2060 3255 c
2095 3180 2188 3233 καὶ
2217 3180 2284 3232 τά
2319 3177 2418 3248 μὲν
2443 3175 2626 3230 αὐτῶν
2657 3175 2738 3237 εἰς
2763 3172 2975 3236 οἰκείας
3007 3171 3232 3241 χρήσεις
3261 3165 3678 3229 καταναλίσκει,

407 3280 749 3349 γενομέναις,
775 3276 916 3332 ἀλλά
964 3275 1061 3330 καὶ
1093 3273 1284 3328 τούτου
1320 3269 1618 3340 κατωτέρω
1660 3264 1863 3336 πολλῷ,
1895 3265 1991 3319 ἀπ’

405 3371 572 3427 αὐτοῦ
609 3372 674 3442 δὴ
715 3369 814 3426 τοῦ
839 3363 1450 3439 τεσσαρεσκαιδεκάτου
1497 3361 1762 3415 ἐπέκεινα
1802 3359 1994 3414 ἄδειαν

402 3467 654 3520 διδόντων
679 3466 775 3518 ἐπὶ
801 3463 915 3526 τοῖς
939 3461 1120 3515 αὐτῶν
1143 3459 1433 3528 πράγμασι
1457 3452 1796 3508 διατίθεσθαι
1817 3467 1832 3482 ο
1867 3452 1995 3522 μέν-

404 3576 486 3611 τοι
542 3574 609 3626 γε
659 3559 755 3609 καὶ
802 3552 997 3624 ἐπειδὴ
1038 3551 1278 3622 ἔφθασεν
1309 3550 1487 3602 εἰπεῖν
1521 3547 1580 3600 ἐν
1623 3543 1846 3615 ἐπηκόῳ
1880 3542 1992 3595 τῶν

407 3649 834 3720 παρατυχόντων
867 3645 1184 3719 μαρτύρων,
1227 3645 1350 3697 ὅσον
1396 3634 1528 3693 εἷπε
1560 3639 1657 3694 καὶ
1685 3636 1988 3702 διετάξατο,

407 3746 466 3810 ἐξ
493 3739 569 3798 ὧν
595 3741 660 3812 δὴ
693 3741 995 3812 μαρτύρων
1031 3737 1272 3807 μάλιστα
1309 3735 1368 3788 τὸ
1402 3732 1622 3803 ἰσχυρὸν
1643 3729 1757 3800 ἔχει
1779 3729 1848 3783 τά
1874 3727 1993 3782 διαο

407 3833 718 3904 τεταγμένα
768 3833 862 3885 καὶ
905 3829 1144 3901 βέϐαιον,
1175 3825 1347 3896 ἐχρῆν
1379 3822 1480 3894 μὲν
1519 3823 1594 3883 ὡς
1616 3820 1678 3874 τὸ
1709 3818 1993 3874 ἀκώλυτον

408 3923 640 3992 ἐχούσης
665 3922 731 3974 ἐκ
760 3918 869 3974 τῶν
901 3918 1108 3987 νόμων,
1137 3915 1232 3969 ἅτε
1267 3912 1626 3978 αὐτεξουσίας
1658 3909 1992 3980 εὑρισκομέ-

409 4033 507 4084 νης
547 4015 644 4067 καί
673 4011 886 4082 χρόνων
916 4006 1211 4072 εἰκοσιδύο,
1241 4004 1542 4077 κρατῆσαι,
1569 4000 1696 4055 ὅσον
1726 3996 1872 4064 εἰπε,
1901 4001 1994 4053 καὶ

409 4104 654 4178 ἐγκρατῆ
687 4102 940 4157 ἐντεῦθεν
971 4095 1114 4154 εἶναι
1159 4097 1255 4151 τοῦ
1301 4097 1557 4166 διμοίρου
1595 4093 1747 4146 τόνδε
1781 4094 1872 4146 τὸν
1901 4090 1996 4145 ἄν·

411 4202 512 4271 δρα
543 4199 740 4268 αὐτῆς,
786 4198 847 4250 τὸ
871 4194 1056 4267 τρίτον
1090 4192 1249 4262 μόνον
1277 4191 1378 4261 τῆς
1407 4189 1635 4262 προικὸς
1679 4185 1996 4253 δικαιουμέ-

417 4309 514 4364 νης
540 4295 618 4364 ,ἐκ
647 4291 758 4346 τῶν
783 4290 966 4360 νόμων
987 4288 1174 4342 λαϐεῖν
1203 4286 1304 4355 τῆς
1333 4284 1567 4356 μητρός.
1594 4281 1720 4334 ’Ὁτι
1755 4280 1813 4334 δὲ
1842 4271 1996 4339 οὗτος

417 4386 495 4455 μὴ
525 4382 772 4446 εὐπετῶς
800 4380 986 4447 ἔλεγεν
1035 4379 1183 4450 ἐχειν
1215 4377 1308 4430 καὶ
1337 4374 1574 4436 εὐκόλως
1605 4373 1687 4436 εἰς
1729 4370 1832 4440 τὴν
1868 4368 1997 4422 διοί-

413 4492 574 4547 κησιν
602 4475 708 4528 τῶν
743 4474 1060 4542 ἀνηκόντων
1102 4472 1170 4540 τῇ
1199 4468 1346 4539 ψυχῇ
1377 4467 1466 4520 διά
1496 4467 1556 4520 τὸ
1590 4464 1670 4528 εἰς
1707 4461 1996 4533 βασιλικὰς

2094 3270 2162 3322 τὰ
2187 3269 2243 3322 δὲ
2275 3269 2353 3327 εἰς
2383 3267 2615 3338 ἐνέχυρα
2645 3265 2852 3327 δίδωσι,
2881 3262 2974 3317 καὶ
3017 3261 3312 3331 ὑπέρπυρα
3349 3257 3682 3325 δανεισάμεο

2093 3381 2181 3427 νος
2207 3364 2351 3416 κατὰ
2375 3360 2470 3424 τὸν,
2494 3360 2681 3428 ὅμοιον
2707 3357 2908 3426 τρόπον
2939 3354 3030 3408 καί
3057 3352 3194 3405 αὐτά
3220 3349 3528 3414 ἀναλώσας,
3563 3349 3680 3401 ἀλλ’

2094 3454 2287 3524 ἐπειδὴ
2325 3454 2400 3522 μὴ
2427 3452 2653 3522 εὐπόρει
2684 3448 2781 3519 τὴν
2809 3447 3066 3500 ἀπόδοσιν
3097 3444 3279 3497 αὐτῶν
3322 3441 3678 3512 ποιήσασθαι,

2094 3546 2344 3599 ἐκδίδωσι
2385 3545 2520 3613 τῷδε
2549 3542 2626 3614 τῷ
2661 3540 2993 3612 δομεστίκῳ,
3033 3537 3148 3591 ἀνθ’
3181 3531 3277 3600 ὧν,
3321 3535 3397 3598 ώς
3439 3535 3680 3604 εἴρηται,

2094 3638 2453 3694 κατανάλωσε
2507 3637 2605 3704 τῆς
2657 3633 2888 3704 προικὸς
2940 3633 3285 3701 πραγμάτων
3328 3629 3388 3682 τὸ
3423 3629 3553 3697 περί
3577 3625 3678 3696 τὴν

2096 3734 2280 3802 Βήραν
2311 3731 2500 3800 κτῆμα
2530 3726 2721 3791 αὐτοῦ,
2746 3727 2803 3780 τὺ
2832 3727 2931 3794 τῆς
2963 3723 3157 3793 Ἀγίας
3189 3722 3425 3792 Εἰρήνης
3455 3720 3677 3788 λεγόμε-

2095 3839 2207 3889 νον,
2245 3820 2272 3872 ὃ
2308 3819 2373 3890 δὴ
2405 3816 2701 3887 ἐκτιμηθέν
2742 3817 2798 3879 ἐς
2830 3814 3057 3881 ὕστερον
3093 3813 3376 3882 προσταγῇ
3421 3811 3678 3880 βασιλικῇ

2097 3911 2434 3981 ύπερπύρων
2461 3907 2806 3962 ἑπτακοσίων
2831 3906 3143 3975 τετίμηται,
3164 3903 3578 3972 λοιπαζομένων
3601 3903 3681 3954 ἔτι

2096 4002 2232 4072 πρὸς
2255 4001 2355 4070 τὴν
2383 4000 2482 4070 τῆς
2507 3999 2756 4069 ὁλότητος
2785 4002 3061 4066 ποσότητα
3096 3996 3193 4049 καὶ
3225 3995 3444 4066 ύπερπύ
3457 4013 3565 4066 ρων
3599 4014 3680 4064 χιι

2095 4093 2225 4146 λίων
2306 4091 2654 4144 ἑπτακοσίων
2703 4089 3178 4159 ἐννενηκονταδύο.
3241 4087 3682 4158 Τελευτήσαντος

2099 4183 2286 4256 μέντοι
2325 4183 2415 4235 τὸν
2447 4182 2562 4252 βίον
2597 4180 2690 4234 τοῦ
2727 4179 3008 4233 Παδυάτου
3051 4179 3158 4250 κῦρ
3184 4177 3486 4244 Θεοδώρου,
3517 4180 3684 4246 ἐκρα-

2097 4277 2237 4349 τήθη
2264 4276 2325 4328 τὺ
2359 4276 2544 4344 κτῆμα
2574 4273 2877 4344 βασιλικὸν,
2913 4273 3007 4326 τοῦ
3033 4271 3353 4340 δ)μεστίκου
3381 4271 3436 4323 δὲ
3468 4271 3685 4336 ἀνενέγ-

2099 4386 2295 4432 καντος
2347 4368 2478 4434 περί
2511 4366 2702 4419 τούτου
2745 4367 2839 4420 καὶ
2869 4365 3164 4429 δείξαντος,
3203 4365 3327 4418 ἀντὶ
3371 4365 3482 4415 τῶν
3523 4381 3683 4432 προι-

2100 4460 2258 4531 κῴων
2291 4459 2640 4529 πραγμάτων
2691 4460 2790 4525 τῆς
2846 4457 3014 4510 αὐτοῦ
3071 4457 3341 4525 θυγατρ³,ς
3398 4454 3685 4524 ἐκδοθῆναι

411 4565 656 4629 δουλείας
721 4561 1098 4634 ἀσχολεῖσθαι,
1146 4561 1243 4614 καὶ
1295 4559 1564 4628 ἐζήτησεν
1621 4555 1996 4626 ἐπιτραπῆναι
2031 4553 2074 4610 D
2101 4552 2260 4606 τοῦτο
2289 4551 2442 4622 παρά
2467 4550 2559 4603 τοῦ
2605 4550 2913 4609 Παδυάτου,
2949 4548 3196 4620 ἀπελύθη
3229 4548 3366 4620 πρὸς
3401 4547 3566 4602 αὐτὸν
3598 4563 3687 4613 γε-

416 4659 618 4730 μᾶλλον
681 4657 782 4728 τὴν
831 4655 1016 4709 αὐτῶν
1072 4653 1341 4722 διοίκησιν
1370 4651 1470 4722 τὴν
1506 4649 1719 4718 ἐκείνης
1761 4647 1992 4716 μητέρα,

416 4753 670 4821 γενέσθαι
696 4751 857 4805 τοῦτο
888 4745 1185 4807 συνοδικῶς
1213 4748 1246 4814 ἡ
1275 4743 1568 4814 μετριότης
1591 4745 1623 4811 ή
1635 4742 1754 4811 μῶν
1783 4739 1998 4808 ἀπεφή-

416 4860 564 4896 νατο.
608 4841 718 4894 Καὶ
753 4839 885 4907 γοῦν
920 4837 1034 4904 ἕξει
1077 4837 1176 4905 μὲν
1205 4836 1234 4887 ὁ
1260 4835 1474 4904 Βρανᾶς
1510 4837 1586 4895 εἰς
1616 4831 1840 4902 μερίδας
1876 4830 1996 4892 ἴσας

415 4935 564 5005 τρεῖς
602 4931 984 5003 διαιρεθέντων
1012 4929 1120 4981 τῶν
1160 4924 1458 4997 προικῲων
1497 4923 1862 4995 πραγμάτων,
1900 4921 1997 4992 τὴν

422 5025 552 5092 μίαν
580 5023 764 5075 αὐτῶν
798 5019 1115 5090 ὀλόκληρον,
1147 5017 1244 5082 τὴν
1291 5017 1348 5070 δὲ
1413 5017 1609 5085 ἐτέραν
1658 5016 1690 5084 ἡ
1727 5014 1999 5085 εἰρημένη

418 5115 658 5185 πενθερὰ
679 5112 848 5168 αὐτοῦ
877 5114 910 5182 ή
945 5110 1348 5182 Πετραλειφίνα
1376 5109 1519 5162 κατὰ
1543 5107 1636 5160 τὸν
1658 5107 1846 5177 ὅμοιον
1874 5106 1999 5175 τρό-

423 5205 672 5275 πον,τὴν
729 5204 787 5257 δὲ
837 5201 1034 5271 λοιπὴν
1091 5200 1286 5272 τρίτην
1317 5196 1633 5263 ἁναδέξεται
1692 5195 1788 5248 καὶ
1828 5197 1998 5264 αὐτὴν

421 5297 665 5367 αὐτὴδὴ
695 5299 729 5368 ἡ
763 5293 1000 5364 πενθερά
1042 5290 1230 5356 αὐτοῦ,
1289 5291 1384 5342 καὶ
1419 5291 1556 5361 μετά
1603 5289 1664 5341 τὸ
1709 5288 2001 5356 ὑπεξαιρε-

421 5392 579 5462 θῆναι
627 5390 734 5444 ἀπὸ
770 5387 866 5441 τοῦ
904 5385 1149 5440 τοιούτου
1185 5383 1376 5438 λοιποῦ
1410 5383 1596 5454 τρίτου
1649 5382 1718 5435 τά
1775 5385 1856 5444 εἰς
1898 5398 1998 5452 κηέ

421 5483 569 5536 δείαν
621 5483 720 5550 τῆς
774 5479 1164 5549 ἀποιχομένης,
1202 5478 1283 5531 ἐτι
1316 5476 1372 5530 δὲ
1425 5476 1624 5529 καὶτὰ
1676 5475 2000 5546 μνημόσυνα

422 5572 800 5634 ἀναλωθέντα,
856 5569 1112 5623 διαδώσει
1164 5569 1233 5622 τὰ
1285 5565 1680 5634 περιττεύοντα
1741 5568 1998 5635 πτωχοῖς.

425 5664 535 5718 Καὶ
561 5661 690 5731 γοῦν
712 5661 919 5730 ὀφείλει
955 5661 1268 5732 πραχθῆναι
1323 5660 1394 5712 τὰ
1448 5659 1574 5728 περὶ
1616 5658 1808 5712 τούτου
1861 5661 2004 5714 κατὰ

423 5753 522 5825 τὴν
548 5751 839 5824 συνοδικὴν
863 5753 1073 5823 ταύτην
1103 5753 1200 5806 καὶ
1237 5753 1509 5823 ἡμετέραν
1535 5751 1851 5819 διάγνωσιν,
1897 5770 2000 5822 μη-

420 5847 571 5912 δενὸς
624 5844 1014 5917 ἐναντιωθῆναι
1072 5845 1402 5916 ὀφείλοντος,
1437 5845 1484 5896 εἰ
1517 5845 1593 5912 μή
1633 5861 1694 5912 γε
1753 5844 1998 5914 βούλεται

2101 4645 2324 4713 γονότος
2356 4644 2504 4714 αὐτῷ
2541 4644 2620 4707 εἰς
2660 4645 2822 4698 τοῦτο
2857 4649 2951 4701 καὶ
2988 4643 3193 4696 σεπτοῦ
3232 4646 3683 4713 προστάγματος.

2106 4739 2338 4790 Ἔπειτα
2367 4737 2708 4790 διανίσταται
2747 4739 2775 4789 ό
2809 4737 2996 4805 ἔτερος
3028 4736 3333 4799 υἰδςαύτοῦ
3367 4736 3624 4802 Ἰωάννης
3659 4736 3687 4786 ὁ

2101 4828 2404 4896 Λάσκαρις,
2442 4829 2538 4880 καὶ
2581 4827 2791 4895 γίνεται
2821 4826 2890 4880 δι’
2917 4827 3076 4897 ὄχλου
3110 4826 3187 4895 τῷ
3213 4826 3520 4895 δομεστίκῳ
3557 4842 3621 4876 πε
3635 4827 3688 4893 ρὶ

2101 4919 2193 4973 τοῦ
2247 4921 2528 4990 κτήματος
2582 4921 2779 4972 τοῦδε·
2832 4921 2926 4972 καί
2971 4921 3068 4989 τῆς
3124 4918 3435 4980 ὑποθέσεως
3465 4919 3558 4971 ἐπὶ
3589 4921 3686 4988 τῆς

2102 5010 2225 5064 καθ’
2261 5012 2411 5081 ἡμᾶς
2450 5012 2602 5083 ἱερᾶς
2643 5013 2735 5065 καὶ
2771 5011 2921 5074 θείας
2958 5011 3179 5064 συνόδου
3227 5011 3542 5080 κινηθείσης
3587 5012 3686 5078 οὐχ

2103 5103 2268 5169 ἅπαξ,
2301 5103 2436 5160 ἀλλὰ
2467 5105 2559 5157 καί
2608 5104 2688 5168 δὶς
2733 5104 2826 5157 τοῦ
2867 5104 3142 5158 ῐΙαδυὰτου
3191 5103 3343 5156 τοῦδε
3389 5100 3688 5171 ὲγκλητεύο

2105 5212 2315 5259 σαντος,
2350 5197 2672 5266 αἰσθόμενος
2713 5197 2832 5250 κατ’
2862 5197 3029 5250 αὐτοῦ
3053 5196 3150 5266 τὴν
3177 5196 3356 5265 ψῆφον
3389 5195 3492 5265 ἤδη
3522 5194 3684 5259 ἐκφε-
3711 5177 3717 5222 Ῑ

3752 5241 3761 5292 ἰ

2104 5291 2362 5360 ρομένην,
2396 5289 2473 5360 μὴ
2513 5289 2813 5360 ἀναμ;ίνας
2845 5289 3015 5360 αὐτὴν
3045 5288 3252 5358 ἐνοχλεῖ
3274 5291 3371 5352 τὰς
3397 5285 3683 5354 βασιλικὰς
3755 5285 3759 5319 ἒ

2104 5384 2294 5452 ἀκοὰς,
2331 5385 2424 5438 καὶ
2456 5384 2550 5437 ἐπὶ
2591 5383 2688 5437 τοῦ
2717 5384 2980 5453 σεκρέτου
3027 5385 3266 5437 αἰτεῖται
3299 5379 3683 5449 ἀντικριθῆναι

2105 5476 2179 5545 τῷ
2209 5476 2532 5545 δομεστίκῳ.
2569 5476 2782 5528 Γίνεται
2815 5475 2996 5537 τοῦτο,
3039 5475 3133 5528 καὶ
3163 5476 3262 5544 τῆς
3301 5471 3684 5543 άποληπτικῆς
3771 5499 3773 5504 ·

2104 5565 2430 5631 ἀποδείξεως
2458 5565 2554 5619 τοῦ
2599 5567 2879 5621 Παδυάτου
2913 5565 3366 5636 ἐμφανισθείσης,
3393 5565 3473 5617 ἔτι
3499 5563 3555 5617 δὲ
3593 5567 3686 5614 καὶ

2104 5658 2162 5710 τὸ
2190 5657 2320 5727 παρ’
2369 5658 2580 5710 ἐκείνου
2631 5660 2852 5726 γεγονὸς
2906 5658 3000 5712 τοῦ
3042 5659 3320 5724 κτήματος
3347 5654 3684 5720 ἐκδοτὴριον,

2107 5751 2428 5806 ἐδικαίωσεν
2464 5751 2498 5820 ή
2521 5753 2721 5821 κρίσις,
2752 5751 3084 5821 κατέχεσθαι
3109 5750 3228 5803 κατ’
3257 5748 3393 5802 αὐτὸ
3418 5747 3568 5816 παρά
3589 5747 3686 5797 τοῦ

2109 5847 2307 5919 μέρους
2367 5847 2459 5902 τοῦ
2491 5848 2812 5919 δομεστίκου
2865 5851 2925 5902 τὸ
2970 5850 3175 5920 κτῆμα,
3213 5850 3538 5920 γράμματος
3591 5851 3689 5904 κιὶ
