4046 6446
443 352 583 419 1Ξο5
811 385 863 408 ρ

1519 334 1912 405 ΞΫΝΟΒΙΟΕ
1953 340 2094 402 (2οΝ
2105 337 2379 398 S'I‘ITUT
2393 340 2408 396 1
2422 339 2520 398 UN
2533 339 2638 396 ES.

3558 323 3692 386 1206

511 473 548 543 -ι-
575 468 770 526 Φθάνει
795 468 897 538 μὲν
930 464 1036 532 πρό
1078 480 1218 528 τινος
1242 463 1345 535 ήδη
1381 463 1574 532 καιροῦ
1604 461 1865 531 ψήφισμα
1897 475 2020 513 συν·
2053 467 2094 522 Α
2125 458 2232 517 τῶν
2257 456 2556 527 μαρτύρων
2581 450 2989 525 συντηρηθηναι
3015 451 3094 513 εἰς
3126 447 3291 518 φόϐον
3320 444 3456 500 Θεοῦ
3489 442 3584 497 καὶ
3614 445 3696 496 εἰ·

439 565 615 618 οδικδν
678 557 1016 629 ἀπολυθῆναι
1069 557 1147 625 τῷ
1210 554 1400 624 οἰκείῳ
1454 554 1532 622 τῷ
1588 552 1870 622 κρατίστῳ
1921 552 2016 606 καὶ

442 658 584 727 ἀγίῳ
621 673 724 725 μου
753 651 1116 722 αὐτοκράτορι
1158 647 1263 718 κῦρ
1297 647 1558 717 Θεοδώρῳ
1588 644 1666 715 τῷ
1691 646 1900 716 Βρανᾷ,
1942 644 2018 696 δι-

441 751 630 804 καιοῦν
687 746 941 816 γενέσθαι
976 743 1138 797 αὐτὸν
1172 744 1230 794 ὲν
1262 743 1468 811 κατοχῇ
1517 737 1614 792 τοῦ
1661 738 1852 809 τρίτου
1907 736 2017 790 τῶν

441 839 732 910 προικῴων
775 838 876 906 τῆς
930 834 1306 904 ἀποιχομένης
1336 831 1597 899 γυναικὸς
1639 827 1806 886 αὐτοῦ
1835 845 2018 900 πραγ-

445 933 654 999 μάτων,
687 925 984 996 ὲπειδήπερ
1007 927 1212 996 ἐπέστη
1245 925 1339 977 καὶ
1367 923 1633 992 ἀνέφερεν
1665 924 1746 986 εἰς
1768 923 1869 992 τὴν
1894 921 2016 974 καθ’

447 1023 595 1090 ἡμᾶς
635 1021 786 1092 ίεράν
837 1021 932 1074 καὶ
971 1016 1122 1074 θείαν
1176 1016 1419 1081 σύνοδον,
1459 1017 1543 1070 ὅτι
1592 1015 1658 1086 δὴ
1702 1013 2022 1068 τελευτῶσα

441 1114 625 1181 ἐκείνη
659 1113 926 1184 διαθήκην
964 1111 1065 1180 μὲν
1090 1110 1244 1164 οὐδὲν
1277 1107 1482 1178 ἔφθασε
1508 1106 1790 1177 γενέσθαι,
1815 1105 2019 1175 ἔφθασε

440 1207 498 1260 δὲ
520 1206 667 1276 ὅμως
685 1208 884 1271 εἰπεῖν,
903 1203 1026 1258 ὅσον
1048 1204 1310 1274 ἠϐούλετο
1336 1202 1425 1255 ἐπ’
1453 1202 1662 1268 αὐτοῖς,
1683 1203 1780 1255 καὶ
1803 1197 2021 1271 μετάτδ

443 1297 649 1367 λεγάτα
678 1297 816 1366 προς
842 1295 937 1360 οὓς
962 1293 1123 1368 ἤθελε
1153 1294 1477 1350 καταλιπεῖν
1510 1293 1807 1363 ἐπιτρέψαι
1842 1290 2018 1360 τούτῳ

446 1391 540 1444 καὶ
581 1389 862 1443 ἀναθεῖναι
901 1388 1002 1459 τὴν
1032 1388 1142 1441 τῶν
1180 1387 1388 1441 λοιπῶν
1430 1385 1699 1457 διοίκησιν
1751 1383 1846 1437 καὶ
1904 1381 2022 1452 ἅμα

445 1483 544 1550 τὴν
575 1479 834 1551 φροντίδα
849 1480 948 1546 τῆς
970 1479 1180 1541 οἰκείας
1211 1479 1393 1548 ψυχῆς
1420 1477 1526 1531 ὑπὸ
1553 1476 1825 1546 μάρτυσιν
1839 1473 2024 1538 ἄλλοις

443 1590 502 1626 τε
541 1574 651 1627 τῶν
699 1572 1033 1637 ἀξιοπίστων
1068 1572 1164 1626 καὶ
1215 1571 1389 1640 αὐτῆς
1416 1569 1651 1623 ἐνώπιον
1674 1568 1772 1638 τῆς
1815 1564 2024 1628 οἰκείας

449 1663 659 1732 μητρὸς
687 1660 787 1726 τῆς
819 1661 1065 1731 μοναχῆς
1092 1663 1271 1732 κυρᾶς
1303 1661 1660 1730 Εὐφροσύνης
1690 1657 1787 1726 τῆς
1810 1657 2026 1725 Πετραο

445 1754 714 1822 λοιφίνης,
743 1754 1017 1807 ἐπιστᾶσα
1041 1751 1099 1806 δὲ
1121 1753 1216 1806 νῦν
1237 1753 1328 1807 καὶ
1353 1751 1492 1821 αὐτή
1515 1750 1578 1820 δή
1605 1752 1638 1820 ἡ
1669 1749 1854 1819 μήτηρ
1879 1747 2025 1801 ἐκείο

2123 553 2245 603 πεῐν
2299 549 2394 602 καὶ
2452 548 2823 618 μαρτυρῆσαι,
2858 548 2983 599 ὅσον
3018 541 3386 610 γινώσκουσιν
3440 539 3523 599 εἰς
3563 535 3696 603 ἀλή-

2125 642 2308 692 θειανο
2345 638 2625 692 συνοδικὲν
2653 638 2761 706 γὰρ
2790 634 2984 688 τούτου
3017 633 3179 702 χάριν
3219 625 3502 695 ἐπιτίμιον
3533 625 3698 677 ἐκπε-

2125 731 2372 801 φώνηται
2428 731 2550 783 κατ’
2589 719 2805 782 αὐτῶν·
2844 727 2941 779 καὶ
2969 717 3104 794 γοῦν
3133 721 3339 788 ὀφείλει
3386 717 3697 788 πραχθῆναι

2125 829 2192 879 τά
2225 823 2352 894 περὶ
2383 821 2574 874 τούτου
2603 819 2745 873 κατὰ
2767 819 2868 887 τὴν
2899 814 3186 884 συνοδικὴν
3213 811 3418 880 ταύτην
3448 811 3544 862 καὶ
3563 807 3702 876 ήμε-

2126 915 2295 985 τέραν
2329 913 2639 980 διάγνωσιν.
2676 908 2861 962 Ταῦτα
2914 901 3376 976 παρεκϐληθέντα
3431 898 3540 953 ἀπὸ
3589 896 3702 950 τῶν

2127 1005 2448 1078 ἡμερησίων
2482 1002 2776 1057 συνοδικῶν
2811 993 3331 1069 παρασημειώσεων
3363 992 3459 1046 καὶ
3481 993 3550 1060 τῇ
3568 990 3702 1043 ὑπο-

2129 1097 2313 1167 γραφῇ
2344 1096 2439 1148 καὶ
2485 1092 2743 1164 σφραγῖδι
2794 1089 2890 1144 τοῦ
2920 1085 3260 1156 τιμιωτάτου
3294 1081 3532 1154 μεγάλου
3561 1096 3702 1149 χαρ-

2126 1188 2431 1259 τοφύλακος
2453 1185 2819 1250 πιστωθέντα,
2843 1181 3148 1235 ἐπιδέδοται
3179 1177 3312 1248 μηνὶ
3343 1175 3439 1230 καὶ
3462 1171 3561 1226 ίνδ.
3589 1171 3705 1234 τοῖς

2127 1278 2642 1351 ἀναγεγραμμένοις
2673 1278 2826 1340 ἔτους
2857 1273 3061 1346 ,ςωλη’.

2200 1456 2293 1510 111.
2338 1455 2365 1526 l'
2399 1455 2550 1526 Μηνὶ
2579 1453 2900 1524 Ἀπριλλίῳ,
2935 1450 3118 1522 ἡμέρᾳ
3176 1446 3251 1513 ς’,
3312 1444 3410 1498 ἰνδ.
3459 1442 3551 1512 ιγ’,
3575 1457 3710 1512 προ-

2133 1545 2448 1620 καθημένου
2494 1546 2591 1601 τοῦ
2643 1544 3065 1614 παναγιωτάτου
3109 1543 3265 1614 ήμῶν
3305 1537 3572 1593 δεσπότου
3613 1536 3708 1589 τοῦ

2133 1639 2518 1710 οἱκουμενικοῦ
2554 1639 2897 1708 πατριάρχου
2940 1635 3044 1706 κῦρ
3077 1635 3301 1688 Ἡσαΐου
3332 1632 3390 1684 ἐν
3421 1632 3534 1694 τοῖς
3569 1629 3712 1682 κατά

2135 1735 2226 1790 τὸν
2272 1735 2428 1803 ἅγιον
2483 1731 2867 1800 Θεοφύλακτον
2907 1728 3142 1791 κελλίοις
3189 1725 3380 1789 αὑτοῦ,
3426 1722 3710 1791 συνεδρια-

448 1797 811 1914 νηςγτῷβκαθ
855 1845 1004 1916 ήμᾶς
1047 1845 1180 1914 ἱερῷ
1227 1797 1496 1912 συνοδικᾷί
1543 1797 2025 1910 δικαέτΙηρίῳἪκάὶ
2064 1797 2104 1852 Β
2136 1797 2336 1892 ζόντων
2375 1825 2444 1896 τῇ
2489 1797 2700 1894 μεγάλῃ
2724 1819 3008 1916 ἁγιωσύνῃ
3053 1816 3222 1916 αὐτοῦ
3255 1816 3350 1869 καὶ
3397 1813 3712 1916 ἰερωτιάτων

447 1937 815 2003 ἀνενέγκασα,
849 1938 1026 2000 ἄλλως
1053 1937 1201 2007 ἔχειν
1233 1937 1330 2008 τὴν
1361 1936 1623 1989 ὑπόθεσιν
1666 1937 1761 1989 καὶ
1808 1934 1908 2004 οὐχ
1953 1932 2028 1993 ὡς

451 2033 660 2092 ἐκεῖνος
689 2030 946 2100 ἀνέφερε,
969 2029 1334 2100 προσεξεῖπεν
1367 2030 1484 2098 ἅμα
1523 2028 1622 2082 καὶ
1649 2028 1725 2091 ὡς
1759 2026 1941 2097 πρὶνή
1970 2027 2030 2078 τὸ

449 2124 708 2192 ψήφισμα
750 2121 1089 2190 κομίσασθαι
1134 2123 1226 2174 τὸν
1262 2122 1501 2192 Βρανᾶν,
1535 2120 1695 2190 ἔσχεν
1719 2119 1862 2187 αῦτη
1896 2117 2030 2189 παρ’

451 2212 662 2265 ἐκείνου
694 2211 906 2264 ἔκδοσιν
967 2212 1261 2280 ἐγγράφως
1293 2211 1376 2273 εἰς
1408 2209 1477 2262 τὰ
1511 2208 1764 2280 προικῷα
1796 2209 1898 2277 τῆς
1939 2208 2033 2261 θυι

451 2301 656 2373 γατρὸς
692 2303 1016 2372 πράγματα,
1046 2301 1145 2354 καὶ
1175 2301 1294 2370 ἅμα
1325 2302 1646 2370 προέτεινεν
1671 2301 1766 2353 ἐπὶ
1804 2299 1900 2353 τοῦ
1934 2299 2033 2369 μέ-

453 2411 547 2446 σου
576 2394 670 2447 καὶ
699 2394 760 2445 τὸ
812 2394 1050 2463 γράμμα
1081 2393 1207 2462 ἔχον
1256 2391 1401 2445 οὕτω
1433 2391 1578 2446 κατά
1617 2392 1801 2462 ῥῆμα⁹
1837 2409 1856 2443 ι
1880 2391 2032 2443 Ἐπεὶ

451 2482 596 2555 εἶχον
630 2485 770 2555 μετά
789 2486 887 2555 τῆς
922 2485 1098 2555 κυρᾶς
1133 2500 1260 2552 μου,
1291 2483 1392 2552 τῆς
1424 2483 1632 2552 μάννας
1653 2498 1758 2551 μου
1775 2481 2031 2545 διενέξεις

453 2577 549 2629 καὶ
579 2577 830 2645 ὀχλήσεις
856 2576 945 2628 διά
975 2576 1044 2629 τὰ
1078 2576 1306 2628 δοθέντα
1344 2591 1435 2644 μοι
1483 2575 1614 2645 παρ’
1645 2573 1818 2644 αὐτῆς
1848 2575 2032 2642 πράγ-

455 2680 603 2731 ματα
636 2663 801 2733 χάριν
827 2663 1082 2732 προικὸς,
1120 2663 1215 2717 καὶ
1247 2663 1380 2716 Θεοῦ
1408 2663 1764 2727 εὐδοκοῦντος
1794 2663 2032 2734 ἦλθομεν

454 2756 615 2808 πάλιν
638 2758 718 2819 εἰς
753 2757 982 2828 εἰρήνην
1011 2758 1103 2810 καὶ
1134 2755 1483 2826 καταλλαγὴν
1522 2755 1621 2809 καὶ
1653 2756 1885 2824 ἰσασμὸν
1915 2753 2033 2823 μετ’

453 2848 722 2919 ἀλλήλων,
749 2849 888 2902 ποιῶ
921 2850 1029 2902 ίδοὺ
1047 2850 1108 2902 τὸ
1135 2850 1310 2918 παρὸν
1332 2849 1606 2919 ἡμέτερον
1630 2848 1872 2918 γράμμα
1897 2847 2034 2916 πρὸς

454 2941 650 3011 αὐτὴν,
682 2941 750 2994 δι’
779 2935 840 2995 οὗ
866 2944 957 2995 καὶ
991 2942 1154 3012 λέγω,
1189 2944 1272 2996 ὅτι
1302 2944 1434 2997 ἀνευ
1455 2942 1566 2995 τῶν
1599 2941 1751 3004 ἐντὸς
1793 2943 1894 3008 τῆς
1919 2940 2036 2994 θεο-

457 3035 667 3088 σώστου
705 3037 1200 3104 Ἀδριανουπόλεως
1241 3037 1522 3107 όσπητίων
1553 3033 1734 3105 ήμῶν,
1787 3033 2037 3101 ἐξουσίαν

2130 1919 2453 1990 ἀρχιερέων,
2505 1916 2601 1969 τοῦ
2640 1915 2899 1985 Ἐφέσου,
2960 1910 3269 1980 ῦπερτίμου
3333 1907 3429 1960 καὶ
3480 1906 3711 1974 ἐξάρχου

2133 2013 2312 2080 πάσης
2349 1999 2560 2075 Ἀσίας,
2615 2006 2918 2071 Ματθαίου,
2944 2002 3040 2057 τοῦ
3093 2001 3376 2072 Προύσης,
3403 1997 3712 2065 ὑπερτίμου

2131 2103 2226 2156 καὶ
2261 2100 2532 2172 προέδρου
2574 2098 2799 2168 Βιζύης,
2848 2095 3147 2159 Νικολάου,
3187 2091 3284 2145 τοῦ
3334 2087 3583 2147 Πισιδίας
3617 2086 3714 2140 καὶ

2133 2191 2461 2261 ὑπερτίμου,
2493 2188 2822 2259 Γρηγορίου,
2843 2184 2940 2238 τοῦ
2966 2181 3220 2237 Παλαιῶν
3253 2178 3508 2249 Πατρῶν,
3538 2177 3713 2246 ὑπερ-

2131 2285 2442 2353 τίμου.....,
2474 2283 2566 2333 τοῦ
2617 2279 2838 2352 Σερρῶν
2875 2277 2972 2333 καὶ
3021 2275 3356 2344 ὑπερτίμου,
3393 2269 3710 2338 Μακαρίου,
3743 2287 3745 2290 ⁴

2132 2376 2226 2429 τοῦ
2256 2375 2524 2447 Βεῤῥοίας
2554 2375 2650 2426 καὶ
2675 2371 3004 2442 ὕπερτίμου,
3029 2369 3333 2432 Διονυσίου,
3355 2363 3451 2418 τοῦ
3483 2361 3714 2431 Μεθυμ-

2135 2487 2229 2540 νης
2261 2472 2357 2523 καὶ
2388 2467 2712 2538 ὑπερτίμου,
2747 2465 3048 2537 Μαλαχίου,
3079 2461 3174 2516 τοῦ
3201 2459 3520 2529 Σουγδαίας,
3548 2455 3714 2526 ὑπερ-

2133 2564 2292 2633 τίμου
2346 2564 2441 2616 καὶ
2503 2562 2777 2632 προέδρου
2832 2556 3296 2627 Δακεδαιμονίας,
3358 2552 3570 2618 Λουκᾶ,
3620 2549 3712 2602 τοῦ

2135 2660 2563 2730 Προικοννήσου,
2607 2657 2889 2727 Μανουὴλ,
2946 2656 3043 2708 καὶ
3080 2652 3178 2706 τοῦ
3219 2649 3340 2715 Κῶ,
3381 2647 3711 2717 Γερασίμου,

2135 2750 2566 2819 παρισταμένων
2618 2749 2714 2802 καὶ
2752 2743 3193 2815 θεοφιλεστάτων
3226 2737 3565 2795 δεσποτικῶν
3614 2737 3652 2789 ἀ
3688 2762 3716 2778 α

2136 2845 2362 2912 χόντων.

2207 2933 2246 3003 1‘
2275 2932 2527 3003 Παρέστη
2554 2935 2621 3001 τῇ
2662 2930 2787 2985 καθ’
2819 2931 2967 3000 ἡμᾶς
2997 2930 3120 3000 ἱερᾷ
3153 2929 3247 2983 καὶ
3279 2927 3400 2997 θείᾳ
3435 2922 3644 2990 συνόδῳ
3678 2920 3712 2986 ή

2143 3027 2356 3096 μοναχῆ
2395 3025 2750 3095 Ἀγαθονίκη,
2799 3027 2895 3080 καὶ
2922 3023 3211 3092 ἀνέφερεν,
3263 3020 3337 3082 ὼς
3363 3021 3393 3072 6
3431 3016 3568 3088 πρὸς
3601 3032 3718 3085 μη-

457 3125 571 3195 ἐχει
602 3128 692 3178 ἵνα
725 3129 998 3198 κρατήσῃ,
1025 3131 1080 3182 εἴ
1107 3129 1160 3181 τί
1193 3145 1285 3198 μοι
1310 3128 1532 3194 ἔδωκεν,
1563 3126 1640 3190 ὡς
1669 3125 1910 3196 εἴρηται,
1946 3125 2042 3178 καὶ
2068 3144 2110 3203 c
2143 3119 2270 3189 ’πρὸς
2297 3119 2440 3182 θεῖος
2465 3119 2659 3188 αὐτῆς.
2690 3121 2719 3173 ὁ
2750 3117 2982 3187 μοναχὸς
3008 3115 3311 3176 Θεοδόσιος,
3349 3115 3414 3166 ἐκ
3445 3110 3546 3178 τῆς
3577 3108 3722 3161 Σκα-

458 3222 664 3291 ποιήσῃ
697 3219 787 3273 ἐπ’
813 3221 999 3282 αὐτοῖς
1025 3221 1079 3274 εἰ
1100 3238 1151 3274 τι
1175 3221 1241 3274 ἂν
1269 3221 1379 3292 ἄρα
1412 3221 1506 3274 καὶ
1545 3220 1773 3291 θελήσῃ,
1799 3219 1896 3274 καὶ
1921 3219 2036 3272 δια-

460 3309 621 3379 κρίνῃ
653 3307 793 3378 ῦπὲρ
818 3312 914 3378 τῆς
942 3309 1120 3380 ψυχῆς
1147 3308 1246 3378 τῆς
1275 3309 1543 3377 θυγατρὸς
1571 3309 1768 3379 αὐτῆς,
1794 3307 1869 3370 ὡς
1891 3308 2040 3376 ὀφεί-

459 3399 644 3462 λοντος
679 3400 778 3472 καὶ,
803 3400 938 3469 ἐμοῦ
975 3400 1229 3470 στέργειν
1265 3399 1317 3451 εἴ
1350 3416 1404 3450 τι
1432 3400 1499 3452 ἂν
1533 3399 1928 3470 διαπράξηται,
1965 3397 2038 3460 ὡς

463 3491 702 3561 εἴρηται,
754 3493 832 3554 ὡς
879 3492 1146 3561 οἰκοκυρά
1195 3493 1278 3554 είς
1323 3491 1495 3544 αὐτά·
1558 3492 1655 3544 καὶ
1713 3491 1802 3544 διὰ
1830 3490 1933 3561 τήν
1961 3491 2042 3553 εἰς

449 3571 622 3664 ’τοῦτο
649 3585 1028 3654 πληροφορίαν
1057 3584 1278 3653 ἐγένετο
1306 3588 1401 3636 καὶ
1423 3584 1656 3652 ἐπεδόθη
1687 3584 1826 3653 αὐτῇ
1861 3588 1959 3636 καὶ
1982 3583 2044 3635 τὸ

464 3677 643 3745 παρὸν
673 3677 912 3747 γράμμα
944 3678 1076 3747 παρ’
1109 3675 1266 3746 ἐμοῦ.
1304 3671 1436 3746 Εἶχε
1475 3677 1571 3728 καὶ
1607 3675 1666 3728 τό
1694 3694 1706 3708 ·
1739 3675 1888 3744 Μηνὶ
1921 3676 2044 3728 Ὀκ-

464 3768 682 3839 τωϐρίῳ
740 3767 840 3822 ίνδ.
898 3775 990 3837 ιγ’,
1045 3768 1140 3821 καὶ
1185 3766 1556 3837 ὑπογραφὴν·
1603 3767 1664 3819 ὐ
1714 3766 1903 3830 δοῦλος
1951 3759 2044 3819 τοῦ

462 3863 764 3931 ’κρατίστου
793 3863 887 3915 καὶ
917 3863 1074 3930 ἁγίου
1107 3862 1266 3932 ήμῶν
1313 3861 1579 3914 αὐθέντου
1616 3859 1713 3912 καὶ
1749 3859 2045 3929 βασιλέως,

461 3956 741 4024 Θεόδωρος
771 3958 799 4010 ὀ
829 3955 1066 4025 Βρανᾶς.
1097 3975 1116 4007 ι
1167 3955 1254 4006 Ἐν
1277 3955 1501 4022 ἐπηκόῳ
1526 3953 1715 4005 τοίνυν
1741 3949 1838 4004 τοῦ
1865 3951 2048 4021 γράμο

471 4067 639 4120 ματος
664 4049 820 4102 τοῦδε
871 4047 1340 4116 ἀναγνωσθέντος,
1383 4042 1499 4115 εἷχε
1539 4045 1638 4114 μὲν
1683 4047 1716 4115 ἡ
1753 4044 2049 4114 μετριότης

468 4133 626 4208 ήμῶν
651 4135 1047 4208 ἀποφήνασθαι
1067 4137 1188 4188 κατ’
1234 4134 1366 4186 αὐτὸ
1395 4135 1490 4186 καὶ
1531 4133 1830 4204 ἐπιτρέψαι
1875 4131 2048 4201 ταύτῃ

467 4234 532 4304 δη
563 4237 630 4304 τῇ
667 4232 908 4301 πενθερᾷ
942 4228 1038 4283 τοῦ
1073 4229 1259 4297 Βρανᾶ
1299 4225 1690 4296 τὴνιέξουσίαν
1722 4222 1831 4277 τῶν
1877 4221 2049 4276 τοιού-

468 4345 577 4380 των
600 4326 970 4393 πραγμάτων,
1019 4324 1202 4376 πᾶσαν
1232 4321 1289 4373 δὲ
1322 4320 1512 4389 χώραν
1541 4319 1690 4387 ὅμως
1737 4315 2050 4382 ἀντιλογίας

472 4417 842 4487 περιαιροῦσα
887 4416 1146 4486 διέκρινε,
1201 4412 1498 4474 συνοδικῶς
1559 4407 1926 4476 ἐξετασθῆναι
1950 4407 2048 4475 τὴν

473 4485 733 4564 ὑπόθεσιν
754 4508 1017 4571 τοπικῶς,
1049 4506 1155 4560 κᾶν
1183 4506 1282 4576 μὲν
1312 4502 1513 4574 εὑρεθῇ
1554 4501 1756 4572 ἀληθὲς
1786 4499 1892 4553 ὑπὸ
1916 4499 2050 4568 μάρο
2077 4491 2129 4551 D
2153 4510 2244 4546 ται
2287 4493 2392 4545 ὑπὸ
2445 4495 2686 4564 μάρτυρι
2722 4492 2870 4562 αὑτῷ
2909 4493 3003 4546 καὶ
3052 4495 3162 4554 τοῖς
3203 4487 3368 4544 αὐτοῦ
3425 4485 3731 4557 κληρικοῖς,
3813 4510 3819 4516 ·

470 4622 620 4657 τυσιν
653 4599 1008 4668 ἀξιοπίστως,
1041 4599 1166 4652 ὅσον
1210 4597 1514 4662 ἀνήνεγκεν
1543 4595 1573 4645 ὀ
1620 4593 1862 4662 Βρανᾶς,
1907 4607 2051 4660 πρα-

473 4697 692 4766 χθῆναι,
719 4695 844 4746 ὅσον
866 4690 927 4743 τὸ
953 4688 1258 4760 τηνικαῦτα
1280 4686 1490 4756 προὸἀν
1514 4685 1780 4756 ψήφισμα
1807 4682 2051 4748 διέξεισι,

473 4785 566 4835 καὶ
599 4781 786 4835 λαϐεῖν
839 4778 1004 4832 αὑτὸν
1055 4778 1124 4831 τά
1153 4777 1318 4844 τρίτα
1347 4773 1447 4843 τῆς
1479 4774 1728 4844 προικὸς,
1757 4773 1806 4826 εί
1858 4772 1902 4824 δ’
1937 4766 2051 4836 οὖν,

472 4874 765 4929 ἀναλαϐεῖν
793 4873 893 4944 τὴν
919 4872 1125 4940 προῖκα
1158 4870 1284 4940 δίχα
1311 4869 1421 4924 τῶν
1445 4868 1765 4938 οἰκημάτων
1796 4865 1896 4937 τὴν
1924 4880 2053 4918 πεν-

473 4969 528 5021 θε
541 4970 660 5038 ράν.
700 4967 826 5020 Ἐπὶ
858 4966 1042 5034 μέντοι
1071 4966 1184 5026 τοϊς
1214 4963 1534 5031 οἰκήμασιν,
1561 4959 1774 5023 ἐπειδὴ,
1800 4958 1876 5021 ὡς
1913 4957 2054 5026 αὕτη

476 5061 646 5128 λέγει,
681 5057 1022 5128 προκομίσαι
1080 5055 1368 5125 μάρτυρας
1403 5053 1520 5122 ἔχει
1557 5051 1654 5106 καὶ
1696 5049 2055 5118 παραστῆσαι

476 5151 577 5218 τὴν
613 5152 678 5218 ἣν
708 5149 794 5202 ἐπ’
827 5149 1012 5211 αὐτοῖς
1052 5148 1387 5216 ἐποιήσαντο
1433 5146 1552 5216 μετ’
1607 5143 1855 5212 ἀλλήλων
1887 5143 2058 5196 κατά-

479 5259 686 5305 στασιν,
728 5239 1042 5311 πραχθῆναι
1067 5239 1300 5308 ὀφείλει,
1335 5238 1463 5291 ὅσον
1489 5235 1686 5300 ἔταξαν
1711 5235 2016 5302 ἀμφότεροι
2039 5249 2052 5264 ο

478 5333 844 5400 ἀνατιθέαμεν
884 5330 1078 5385 τοίνυν
1093 5331 1163 5384 τά
1211 5331 1341 5400 περὶ
1369 5329 1564 5381 τούτου
1596 5326 1674 5396 τῷ
1703 5327 1784 5389 εἰς
1813 5325 2054 5394 κεφαλὴν

479 5425 862 5494 εὑρισκομένῳ
897 5424 1039 5477 κατὰ
1063 5423 1232 5478 τόπον
1256 5423 1351 5475 καὶ
1379 5418 1861 5490 τοίςπροκρίτοις
1898 5431 2055 5470 τοπι-

477 5518 597 5580 κοῖς
630 5517 914 5585 ἄρχουσιν,
945 5515 1020 5580 ὡς
1063 5513 1129 5569 ἂν
1161 5515 1378 5583 σύναμα
1424 5516 1537 5576 τοῖς
1582 5512 1682 5581 τὴν
1723 5512 1918 5581 ἐνοχὴν
1948 5510 2058 5563 τῶν

481 5608 953 5677 ἐκκλησιαστικῶν
998 5607 1226 5661 δικαίων
1282 5604 1726 5674 άνατεθειμίνοις
1789 5604 1886 5655 καὶ
1945 5605 2057 5662 τοῖς

481 5699 900 5763 εὐλαϐεστάτοις
934 5700 1244 5769 κληρικοῖς,
1281 5701 1617 5767 ποιήσωνται
1671 5696 1770 5766 τὴν
1811 5694 2056 5759 ἐξέτασιν

485 5793 579 5849 καὶ
615 5791 695 5855 εἰς
726 5792 875 5856 τέλος
901 5792 968 5845 τὰ
994 5791 1086 5847 τοῦ
1109 5792 1436 5862 πράγματος
1469 5790 1690 5857 ἄξιοσιν,
1728 5789 2054 5858 ὀφειλόντων

2148 3211 2382 3282 μάνδρου
2426 3212 2795 3281 ὑποχωρήσας
2825 3211 2964 3278 ὁμοῦ
3017 3207 3136 3278 μετ’
3165 3205 3360 3274 αὐτῆς,
3397 3204 3480 3257 ἐτι
3521 3201 3579 3254 δὲ
3627 3199 3724 3252 καὶ

2143 3303 2244 3371 τῆς
2289 3303 2492 3374 μητρὸς
2517 3303 2689 3369 αὐτῆς
2716 3301 2814 3371 τῆς
2846 3298 3093 3371 μοναχῆς
3119 3296 3484 3352 Ἀναστασίας
3514 3292 3605 3345 διὰ
3624 3289 3723 3358 τήν

2142 3394 2253 3447 τῶν
2282 3393 2496 3464 ἐχθρῶν
2531 3395 2834 3465 Βαρϐάρων
2864 3393 3134 3457 ἐπίθεσιν,
3168 3393 3262 3445 καὶ
3302 3389 3380 3450 είς
3403 3385 3502 3456 τὴν
3529 3381 3722 3449 θεοφύ-

2143 3487 2342 3541 λακτον
2394 3488 2549 3541 πόλιν
2585 3486 2918 3557 Ἡράκλειαν
2951 3483 3123 3537 ἐλθὼν
3158 3482 3258 3536 καὶ
3300 3481 3360 3533 ἐν
3387 3479 3528 3548 αὐτῇ
3566 3475 3726 3544 οἰκή-

2147 3596 2268 3644 σας,
2300 3579 2594 3650 ἀνήγειρεν
2617 3579 2769 3642 ιντὸς
2818 3576 2994 3646 αὐτῆς
3040 3575 3267 3637 οἰκείοις
3311 3570 3478 3628 αὐτοῦ
3531 3566 3724 3626 κόποις

2147 3671 2244 3724 καὶ
2275 3669 2600 3740 ἀναλώμασι
2646 3669 2930 3740 μονύδριον
2961 3670 3041 3730 εἰς
3070 3667 3244 3736 ὄνομα
3271 3665 3372 3735 τῆς
3407 3660 3723 3728 ὑπιράγνου

2151 3764 2451 3834 Δεσποίνης
2495 3764 2592 3816 καὶ
2613 3762 2963 3832 Θεομήτορος
3007 3761 3102 3814 καὶ
3144 3753 3588 3824 ἐπικεκλημὲνης
3620 3752 3724 3820 τῆς
3763 3747 3769 3751 ’

2151 3855 2629 3924 Κριονεριτίσσης,
2663 3855 2744 3917 εἰς
2781 3853 2810 3906 ὀ
2837 3852 3175 3923 εἰσαχθεῖσαι
3199 3849 3330 3919 παρ’
3353 3844 3524 3902 αὐτοῦ
3549 3841 3703 3914 ἀμφό
3726 3878 3731 3882 -

2148 3960 2307 4014 τεραι
2337 3945 2653 4014 εὑρίσκοντο
2704 3943 2799 3997 καὶ
2839 3943 3029 4012 διῆγον
3057 3943 3117 3996 ἐν
3152 3939 3303 4010 αὐτῷ
3323 3957 3336 3970 ο
3371 3937 3510 4008 μετά
3541 3935 3730 4006 μέντοι

2151 4011 2362 4102 χρόνων
2408 4011 2573 4087 τιῦῶν
2636 4011 3024 4104 παραδρομὴν,
3070 4030 3306 4100 ἐπείπερ
3358 4026 3668 4097 ἠσθένησεν
3697 4023 3727 4075 ὀ

2152 4124 2338 4194 ῥηθεὶς
2366 4125 2508 4187 θεῖος
2535 4123 2708 4194 αὐτῆς
2731 4127 2758 4177 ὀ
2787 4125 3020 4195 μοναχὺς
3045 4122 3349 4184 θεοδόσιος,
3379 4119 3474 4172 καὶ
3492 4115 3730 4188 ἠθέλησε

2153 4218 2248 4271 καὶ
2270 4215 2538 4286 ἐζήτησεν
2575 4218 2702 4270 ἰδεῖν
2727 4216 2817 4268 τὸν
2845 4215 3264 4286 θεοφιλέστατον
3299 4212 3600 4264 ἐπίσκοπον
3622 4209 3727 4259 Δα-

2155 4307 2470 4376 vatum-apta
2515 4308 2617 4378 μὲν
2640 4307 2736 4361 καὶ
2766 4308 2854 4363 διὰ
2884 4307 2966 4373 τὸ,
3028 4306 3114 4360 ἵνα
3147 4298 3368 4374 δέξηται
3403 4302 3502 4374 τὴν
3536 4300 3730 4368 ἐξαγο-

2159 4403 2311 4473 ρείαν
2339 4401 2528 4466 αὐτοῦ,
2565 4401 2683 4472 ἅμα
2727 4399 2786 4454 δὲ
2827 4399 2922 4454 καὶ
2956 4397 3044 4454 διά
3076 4400 3158 4462 τὸ,
3195 4399 3283 4451 ἵνα
3307 4393 3548 4465 διαθήκη
3572 4392 3733 4461 γένη-

2154 4586 2362 4654 ἐπέστη
2397 4587 2496 4654 μὲν
2523 4586 2616 4638 καὶ
2647 4585 2917 4640 κατέλαϐε
2949 4585 3086 4655 πρὸς
3110 4583 3275 4636 αὐτὸν
3299 4583 3327 4634 6
3368 4579 3530 4642 αὐτὸς
3553 4579 3736 4644 θεοφι-

2153 4678 2413 4741 λέστατος
2449 4679 2753 4740 ἐπίσκοπος
2794 4678 3038 4739 Δανείου,
3079 4677 3176 4728 καὶ
3213 4673 3433 4740 ἐδέξατο
3471 4673 3571 4742 τὴν
3611 4669 3736 4734 ἐξα-

2154 4771 2377 4839 γορείαν
2412 4770 2600 4836 αὑτοῦ,
2649 4770 2896 4832 εἰπόντος
2941 4768 3204 4837 καὶπερὶ
3251 4765 3348 4820 τοῦ
3407 4765 3728 4836 μονυδρίου,

2155 4863 2278 4916 ὅσον
2303 4858 2371 4933 ἦν
2399 4861 2551 4933 αὐτῷ
2583 4861 2720 4932 πρὸς
2755 4861 3084 4931 βουλήσεως,
3121 4859 3219 4912 καὶ
3245 4859 3734 4928 παραπέμποντος

2155 4960 2255 5024 τὴν
2289 4958 2528 5026 κατοχὴν
2577 4957 2772 5010 τούτου
2824 4956 2960 5025 πρὸς
3009 4955 3182 5016 αὑτὰς
3211 4953 3276 5023 δὴ
3311 4951 3410 5016 τάς
3465 4951 3731 5021 μοναχάς.

2156 5047 2291 5102 Μετ’
2325 5047 2507 5115 ὀλίγον
2541 5049 2596 5101 δὲ
2647 5049 2743 5100 καὶ
2781 5050 2810 5100 ὁ
2841 5046 3120 5118 Κουνάληῖ
3172 5045 3447 5113 Γεώργιος
3479 5043 3735 5108 ἐπιστὰς,
3778 5088 3791 5120 ί

2158 5142 2434 5195 ἐνεπόδισε
2486 5144 2578 5196 καὶ
2616 5143 2717 5194 οὒκ
2758 5140 2906 5193 εἴασε
2954 5140 3238 5209 γραφῆναι
3289 5138 3387 5208 τὴν
3441 5137 3736 5207 διαθήκην,
3777 5150 3817 5192 ⁸.

2160 5234 2256 5287 καὶ
2276 5233 2507 5303 τελευτῇ
2535 5235 2888 5302 χρησαμένου
2912 5232 3004 5284 τοῦ
3048 5230 3310 5303 μοναχοῦ,
3341 5230 3612 5300 διαθήκην
3641 5227 3738 5282 αὖ·
3821 5249 3827 5258 “

2158 5329 2247 5390 τὸς
2297 5327 2416 5397 δὴὸ
2469 5329 2754 5396 Κουνάλης
2781 5326 3020 5392 ἐξέθετο,
3052 5325 3146 5380 τοῦ
3181 5325 3319 5378 ἰδίου
3361 5323 3481 5378 υἰοῦ
3528 5321 3734 5389 ταύτην
3775 5310 3779 5314 ’

2161 5418 2587 5488 ὲγχαράιξαντος,
2611 5421 2698 5470 κα“·

2159 5511 2389 5576 ταύτην,
2415 5513 2513 5564 καὶ
2548 5511 2882 5580 παρέπεμψε
2919 5511 3018 5564 καὶ
3048 5509 3306 5578 ἐπαφῆκε
3355 5508 3423 5560 δι’
3466 5508 3638 5574 αὐτῆς
3676 5507 3739 5558 τὸ

2163 5602 2448 5672 μονύδριον
2499 5601 2619 5655 τόδε
2677 5602 2829 5670 παρά
2859 5600 2954 5654 τὸν
2999 5599 3203 5652 σκοπὸν
3241 5601 3336 5653 καί
3387 5601 3487 5670 τήν
3521 5599 3742 5667 θέλησιν

2161 5696 2255 5749 τοῦ
2279 5697 2580 5768 δομήτορος
2613 5697 2748 5766 πρὸς
2783 5697 2842 5748 τὸ
2877 5696 3040 5766 μέρος
3073 5694 3170 5747 τοῦ
3202 5694 3576 5763 περιποθήτου
3603 5710 3739 5759 συμ-

2166 5789 2426 5858 πενθέρου
2453 5788 2542 5842 τοῦ
2575 5788 2866 5859 κρατίστου
2892 5787 2982 5840 καὶ
3009 5785 3168 5852 ἁγίου
3199 5803 3300 5854 μου
3329 5783 3733 5854 αὐτοκράτορος

2711 5461 2727 5485 ,
2758 5416 2940 5480 καθὼς
2967 5417 3128 5480 αὐτὸς
3150 5417 3435 5488 ἠρέσκετο,
3465 5415 3736 5483 πεποίηκε
3833 5453 3838 5458 .
