4046 6484
425 375 556 434 I207
1587 375 1830 436 ESAUE
1866 374 1976 436 (ΣΡ.

2108 375 2530 439 TRIARCILE
3521 376 3643 444 1208

414 484 506 539 τοῦ
532 484 624 539 ἐπὶ
654 481 750 536 τοῦ
785 481 880 536 ἐπί
912 483 1005 535 τοῦ
1041 485 1348 538 κανικλείου
1381 486 1614 554 ἐκείνου,
1651 487 1782 559 ⁴παρ’
1830 505 1892 541 ου
1922 486 1988 556 δὴ
2027 500 2066 553 Α
2101 488 2394 557 κρατίστου
2451 491 2545 544 καὶ
2579 490 2736 560 ἁγίου
2770 507 2873 558 μου
2929 489 3335 560 αὐτοκράτορος
3394 490 3528 558 μετὰ
3554 491 3644 561 τῆς

415 578 509 631 καί
535 577 841 646 κατεσχέθη
872 577 1060 629 ἔκτοτε
1088 579 1180 630 καὶ
1216 579 1494 650 ἠμελήθη,
1530 581 1624 634 καὶ
1648 583 1989 652 κατήντησεν

415 673 496 732 εἰς
531 670 814 738 ἐρήμωσιν
864 667 1113 738 πολλήνο
1142 667 1318 723 ταῦτα
1368 671 1401 741 ἡ
1457 672 1724 742 εἰρημένη
1779 674 1990 743 μοναχὴ

428 759 753 829 Ἀγαθονίκη
784 759 1127 826 ἀνενέγκασα
1157 759 1349 832 ἐδεήθη
1379 763 1477 832 τῆς
1501 763 1535 833 ή
1547 760 1664 833 μῶν
1697 763 1990 833 μετριότη-

414 868 528 914 τος.
563 851 628 903 Ἥ
663 851 955 921 μετριότης
1003 851 1188 905 τοίνυν
1233 853 1396 922 ήμῶν
1427 853 1540 906 δεῖν
1571 849 1708 906 εἶναι
1756 854 1991 924 κρίνασα

414 942 632 998 καὶτοῦ
667 944 868 1013 μέρους
896 942 994 997 τοῦ
1029 945 1123 998 ἐπὶ
1161 945 1256 998 τοῦ
1307 946 1619 999 κανικλείου
1656 946 1912 1010 ἀκοῦσαι,
1945 945 1998 999 ετ

413 1054 466 1090 τι
497 1035 869 1106 προϐαλέσθαι
901 1036 997 1090 καὶ
1026 1037 1204 1090 εἰπεῖν
1237 1037 1353 1107 ἔχει
1381 1038 1514 1107 περί⁵
1547 1037 1644 1092 τοῦ
1675 1037 1991 1106 μονυδρίου,

413 1127 771 1199 διαμηνύεται
802 1129 1117 1198 ἀπαντῆσαι
1145 1130 1240 1182 καὶ
1277 1128 1477 1192 αὐτοὺς
1517 1131 1599 1191 εἰς
1637 1129 1698 1182 τὸ
1737 1128 1994 1197 δικαστή-

419 1239 553 1286 ριον,
592 1222 689 1276 καὶ
729 1222 1091 1292 πεπόμφασιν
1137 1216 1285 1276 οὗτοι
1341 1223 1442 1292 τὴν
1490 1221 1786 1292 διαθήκην,
1825 1222 1995 1290 μηδὲν

416 1312 606 1384 ἕτερον
662 1312 844 1384 ἀλλ’ἢ
901 1315 1064 1384 μόνον
1111 1313 1284 1382 αὐτὴν
1331 1316 1413 1377 εἰς
1456 1314 1744 1368 δικαίωσιν
1784 1314 1996 1366 ἑαυτῶν

417 1405 795 1475 προϐαλέσθαι
816 1405 1034 1477 ἔχοντες
1062 1422 1077 1437 ⁸
1115 1407 1211 1461 καὶ⁵
1247 1407 1374 1460 ἐπεὶ
1396 1407 1622 1478 τρόπον,
1652 1406 1712 1459 δν
1755 1409 1994 1478 εἴρηται,

414 1499 507 1549 τὸν
539 1498 830 1568 Κουνάλην
879 1499 1084 1552 πλάσαι
1119 1499 1325 1567 ταύτην
1359 1499 1392 1568 ἡ
1430 1498 1640 1568 μοναχὴ
1675 1498 1883 1567 ἔλεγεν,
1919 1499 1995 1550 ἰσ-

415 1586 674 1658 χυρίζετο
709 1588 765 1640 δέ
797 1589 890 1640 καὶ
921 1590 980 1641 τὸ
1032 1590 1198 1660 μέρος
1242 1588 1338 1643 τοῦ
1374 1589 1466 1642 ἐπὶ
1515 1589 1608 1643 τοῦ
1661 1590 1995 1653 κανικλείου,

421 1681 590 1750 μόνην
619 1680 828 1751 ταύτην
853 1681 916 1751 δὴ
952 1680 1049 1751 τὴν
1084 1680 1328 1752 μοναχὴν
1375 1682 1737 1751 Ἀγαθονίκην
1762 1681 1998 1752 ἐνοχλεῖν

419 1767 555 1837 περὶ
582 1769 676 1821 τοῦ
709 1769 1024 1838 μονυδρίου,
1048 1769 1149 1840 τῆς
1184 1770 1393 1840 μητρὸς
1426 1771 1599 1840 αὐτῆς
1627 1773 1726 1841 τῆς
1754 1771 1998 1842 μοναχῆς

2097 578 2190 632 ὑπ’
2215 580 2378 633 αὑτὸν
2417 583 2720 653 συγκλήτου
2776 582 2868 635 καὶ
2897 581 3120 648 τάξεως,
3158 579 3494 651 προέτρεψεν
3522 582 3645 636 ἀναη

2095 655 2406 742 γνωσθῆναι
2435 675 2534 735 τὰς
2569 673 2824 736 τοιαύτας
2870 671 3108 745 γραφάς.
3143 673 3255 726 Καὶ
3304 672 3368 742 δὴ
3419 673 3646 740 άναγνω-
3711 656 3719 665 ’

2097 763 2327 817 σθεισῶν
2357 762 2437 828 εἰς
2477 764 2715 835 ἐπήκοον
2756 766 2974 818 πάντων
3001 764 3250 835 ἔγνωμεν
3291 764 3532 836 ἀκριϐῶς
3557 764 3647 832 τὴν

2096 855 2372 925 ὑμετέραν
2429 856 2786 926 ἐπιστροφὴν,
2845 857 2912 927 ἣν
2947 855 3084 910 Θεοῦ
3143 857 3465 927 κινήσαντος
3512 857 3647 926 ὑμᾶς

2101 949 2236 1015 μετὰ
2266 947 2478 1017 θερμῆς
2511 947 2653 1000 πάνυ
2703 947 2797 1001 καὶ
2825 946 3157 1018 εἰλικρινοῦς
3195 947 3490 1013 διαθέσεως
3526 947 3650 1000 ἐδεί-

2098 1038 2285 1103 ξασθε.
2308 1039 2483 1110 Ὅσης
2517 1033 2612 1093 οὖν
2635 1039 2902 1109 εὐθυμίας
2930 1037 3175 1110 ἐπλήσθη
3187 1055 3286 1108 μεν
3313 1037 3406 1090 ἐπὶ
3433 1038 3646 1106 τούτοις,

2094 1130 2225 1199 ὅσης
2262 1130 2455 1200 ήδυνῆς
2494 1132 2590 1184 καὶ
2623 1131 2742 1185 οἵαν
2769 1131 3000 1201 ἔσχομεν
3053 1127 3430 1199 πνευματικὴν
3473 1131 3649 1198 εὖφρο-

2099 1222 2287 1292 σύνην,
2345 1222 2538 1292 τίχρὴ
2589 1224 2684 1275 καὶ
2721 1222 2941 1291 λέγεινς
3006 1221 3146 1294 πλὴν
3195 1223 3277 1276 δτι
3331 1222 3653 1291 ἐπεσκέψατο

2100 1313 2306 1384 Κύριος
2358 1317 2459 1385 τὴν
2495 1315 2870 1384 κληρονομίαν
2923 1313 3114 1382 αὐτοῦ,
3148 1314 3244 1367 καὶ
3298 1314 3359 1367 ού
3413 1313 3652 1382 παρεῖδεν

2099 1401 2267 1474 ὑμᾶς,
2301 1405 2391 1458 τὸν
2443 1406 2647 1460 οἰκεῖον
2702 1406 3058 1474 αὐτοῦ’λαδν,
3107 1407 3167 1460 δν
3196 1405 3275 1476 τῷ
3307 1405 3424 1476 ἰδίῳ
3476 1406 3652 1474 αἵματι

2101 1497 2550 1568 περιεποιήσατο,
2577 1498 2974 1569 διεσπασμένον
2994 1493 3134 1552 εἶναι
3159 1499 3253 1552 καὶ
3277 1497 3654 1569 διερρηγμένον

2101 1587 2181 1648 είς
2211 1585 2384 1653 τέλος,
2417 1585 2533 1639 ἀλλ’
2559 1583 2752 1656 ὥσπερ
2783 1586 3044 1657 πρότερον
3067 1585 3154 1641 διά
3181 1585 3468 1656 σπλάγχνα
3495 1585 3654 1648 ἐλέους

2103 1675 2238 1730 Θεοῦ
2280 1676 2490 1746 [ἰατρὸς
2549 1677 2673 1730 καθ’
2706 1678 2852 1747 ἡμᾶς
2881 1677 3292 1749 ἀναμαρτήτως
3326 1679 3543 1746 γέγονεν
3571 1675 3654 1729 ἀνι

2105 1768 2343 1838 θρωπος,
2382 1769 2478 1820 καὶ⁸
2507 1772 2569 1821 τδ
2630 1769 2949 1838 μεσότοιχον
2989 1768 3242 1825 καθελὼν
3273 1771 3368 1822 τοῦ
3414 1765 3654 1839 φραγμοῦ

433 1863 797 1925 ’Δναστασίας
826 1861 1122 1934 δεχομένης
1159 1864 1257 1916 καὶ
1298 1864 1636 1934 στεργούσης
1679 1864 1780 1933 τὴν
1807 1863 1996 1934 διαθή-
2030 1845 2071 1898 Β
2100 1860 2198 1928 τὴν
2228 1860 2469 1930 ἀρχαίαν
2503 1861 2874 1914 καταλέλυκεν
2927 1862 3149 1931 ἔχθραν,
3205 1862 3303 1915 καλ⁸
3339 1859 3657 1931 κατήλλαξεν

419 1969 544 2023 κην.
575 1954 684 2006 Καὶ
715 1954 902 2025 ἐδέησε
942 1953 1029 2010 διὰ
1071 1955 1228 2009 τοῦτο
1264 1955 1558 2026 ἐπιστῆναι
1594 1957 1687 2022 καὶ.
1717 1956 1890 2026 αὐτὴν
1920 1957 2001 2019 εἰς

423 2045 484 2096 τὸ
534 2045 911 2117 δικαστήριον,
952 2046 1139 2102 λαϐεῖν
1192 2048 1249 2101 δέ
1299 2050 1447 2118 ήμᾶς
1483 2049 1864 2119 πληροφορίαν
1890 2049 1998 2102 τῶν

419 2138 724 2207 εἰρημένων
753 2139 850 2191 καὶ
899 2139 1055 2207 παρά
1081 2139 1175 2193 τοῦ
1211 2139 1547 2207 δηλωθέντος
1579 2139 1998 2208 θεοφιλεστάτου

420 2229 723 2283 ἐπισκόπου
781 2230 1027 2297 Δανείου,
1079 2232 1428 2303 προσεκλήθη
1465 2232 1560 2286 καὶ
1592 2230 1861 2285 κατέλαϐε
1907 2233 2002 2284 καὶ

417 2319 588 2390 αῦτη,
675 2323 770 2376 καὶ
823 2322 1166 2392 ἐρωτηθεῖσα
1230 2323 1544 2388 συνοδικῶς,
1605 2320 2002 2392 πεπλασμένην

417 2413 622 2480 ὁμοίως
655 2415 746 2467 καὶ
779 2415 916 2481 αύτὴ
947 2414 1048 2485 τὴν
1077 2414 1350 2485 διαθήκην
1369 2414 1806 2484 έλεγεν,ἐγραψε
1823 2413 1880 2468 δέ
1907 2413 2002 2467 καί

419 2505 447 2557 ό
471 2505 892 2572 θεοφιλέστατος
919 2507 1219 2570 ἐπίσκοπος
1246 2508 1471 2562 Δανείου
1499 2509 1594 2560 καὶ
1617 2503 2000 2576 ἐμαρτύρησε,

419 2596 696 2667 προϐῆναι
727 2597 796 2650 τὰ
826 2597 920 2651 τοῦ
949 2599 1300 2668 πράγματος,
1333 2599 1406 2661 ὡς
1431 2600 1464 2668 ή
1498 2599 1708 2667 μοναχῆ
1737 2596 1999 2664 ἀνέφερε.

421 2689 517 2740 καὶ
561 2688 638 2750 ὡς
671 2688 814 2758 πρὸς
871 2689 1043 2752 αὐτάς
1089 2688 1460 2759 παρέπεμψεν
1495 2689 1704 2750 ἐκεῖνος
1736 2689 1798 2741 τὸ
1837 2684 2001 2756 μονύ-

419 2773 592 2844 δριον,
628 2776 726 2828 καὶ
775 2775 852 2839 ὡς
906 2774 1138 2848 ὕστερον
1185 2777 1465 2831 ἐπλάσατο
1511 2775 1610 2840 τὴν
1665 2777 1932 2848 διαθήκην
1976 2779 2004 2830 ό

422 2869 707 2941 Κουνάλης
740 2872 834 2925 καὶ
870 2873 1192 2942 ὑπέγραψεν
1227 2875 1308 2936 εἰς
1345 2873 1518 2944 αὐτὴν
1548 2873 1642 2926 καὶ
1675 2871 2004 2943 ὑπογραφὴν

420 2961 584 3032 δῆθεν
625 2961 721 3016 τοῦ
757 2965 1063 3017 ἐπισκόπου
1114 2966 1210 3017 καί
1267 2964 1494 3033 ἐτέρων.
1544 2964 1695 3018 Αύτά
1743 2963 2004 3018 δὲταῦτα

423 3054 787 3126 ἐμαρτυρήθη
829 3055 1125 3124 ἐγγράφως
1158 3057 1254 3110 καὶ
1277 3059 1434 3127 παρά
1469 3056 1580 3108 τῶν
1608 3056 1888 3127 κληρικῶν
1909 3057 2005 3109 αύ-

2101 1954 2249 2022 ἡμᾶς
2279 1955 2358 2023 τῷ
2392 1953 2509 2023 Θεῷ
2540 1955 2636 2008 καὶ
2672 1954 2868 2025 Πατρῖ,
2905 1953 3050 2008 οὕτω
3091 1957 3187 2008 καὶ
3223 1953 3322 2008 νῦν
3368 1953 3490 2007 ἰδὼν
3515 1948 3657 2012 αὖθις

2105 2047 2248 2118 ὑμᾶς
2272 2047 2568 2117 σπέρματα
2593 2046 2809 2117 πονηρά
2834 2046 3168 2117 δεξαμένους
3193 2046 3351 2117 παρὰ
3371 2045 3464 2100 τοῦ
3491 2041 3659 2098 κοινοῦ

2103 2138 2367 2210 πολεμίου
2421 2138 2518 2192 καὶ
2581 2137 2867 2193 διάστασιν
2933 2138 3130 2210 ἐτέραν
3189 2137 3528 2200 πεπονθότας
3577 2134 3660 2187 ἐπὶ

2103 2235 2248 2288 πάνυ
2283 2231 2504 2296 πολλοῖς
2537 2233 2651 2295 τοῖς
2681 2231 2894 2302 χρόνοις
2927 2233 3066 2302 πρὸς
3097 2229 3194 2301 τὴν
3245 2230 3434 2300 κοινὴν
3467 2227 3660 2299 μητέρα

2101 2323 2212 2376 τῶν
2255 2321 2589 2391 ἐκκλησιῶν,
2647 2318 2885 2392 ᾤκτειρε
2937 2322 3030 2374 καί
3082 2319 3538 2390 κατεδυσωπήοη,
3572 2319 3654 2370 καὶ

2102 2415 2203 2468 οὐκ
2236 2414 2419 2484 ἀφῆκε
2451 2413 2543 2466 τὸν
2577 2413 2823 2466 τοιοῦτον
2857 2412 3050 2483 ἐχθρὸν
3093 2412 3260 2483 μέχρι
3290 2411 3477 2472 τέλους
3511 2412 3659 2474 ἐπεγ·

2105 2506 2272 2577 γελᾷν
2303 2508 2369 2576 τῇ
2397 2505 2659 2577 συντριϐῇ
2694 2507 2793 2576 τῆς
2838 2506 2976 2569 ἰδίας
3008 2505 3416 2576 κληρονομίας’
3448 2503 3536 2558 ἅτε
3559 2499 3656 2553 τοί-

2104 2617 2200 2652 νυν
2228 2599 2391 2667 σοφὸς
2423 2598 2500 2652 ὢν
2539 2600 2724 2669 ἰατρὸς
2745 2598 2856 2652 τῶν
2887 2597 3173 2669 ἡμετέρων
3197 2597 3390 2668 ψυχῶν
3419 2598 3508 2649 καὶ
3537 2610 3656 2662 συμ-

2105 2695 2382 2762 φερόντως
2427 2691 2735 2759 οἰκονομῶν
2765 2693 2834 2744 τα
2867 2690 3134 2760 ἡμέτερα,
3169 2690 3303 2754 τούς
3331 2708 3391 2743 τε
3451 2685 3658 2755 καιροὺς

2106 2785 2265 2849 εἰδὼς
2286 2785 2484 2856 ἄριστα
2512 2787 2612 2855 τῆς
2644 2783 2944 2854 θεραπείας
2975 2782 3151 2851 ὑμῶν,
3181 2783 3282 2835 καὶ
3310 2781 3515 2841 ὁποίοις
3537 2791 3658 2846 φαρ-

2110 2877 2306 2946 μάκοις
2335 2879 2367 2947 ή
2395 2876 2690 2946 ἐνοχλοῦσα
2721 2875 2874 2937 νόσος
2905 2873 3263 2944 ἐξιαθή’σεται
3290 2873 3385 2925 καὶ
3409 2871 3468 2922 τδ
3491 2870 3657 2937 ἐμφω-

2106 2970 2266 3025 λεῦον
2314 2969 2738 3040 ἐξαιρεθήσεται
2772 2967 2970 3033 πάθος,
3004 2968 3054 3020 εί
3099 2967 3194 3020 καὶ
3232 2966 3400 3036 μέχρι
3439 2961 3528 3016 τοῦ
3568 2975 3657 3012 πα-

2110 3065 2294 3134 ρόντος
2320 3061 2806 3133 ἐμακροθύμησεν,
2849 3059 2966 3114 ἀλλ’
2995 3053 3090 3113 οῦν
3131 3059 3221 3111 ὅτε
3259 3057 3496 3128 γνησίως
3530 3051 3661 3122 ὑμᾶς

421 3147 517 3199 τοῦ
568 3147 666 3201 καὶ
723 3149 878 3220 παρὰ
908 3149 1004 3202 τοῦ
1037 3149 1459 3219 καθηγουμένου
1499 3149 1594 3203 τοῦ
1629 3151 2002 3220 μοναστηρίου
2030 3198 2073 3224 Α,
2109 3149 2218 3207 εἶδε
2251 3152 2351 3222 τὴν
2406 3153 2653 3222 ἰατρείαν
2681 3149 3178 3224 παραδεξομένους,
3202 3151 3273 3218 τῇ
3307 3150 3468 3218 τέχνῃ
3515 3143 3661 3212 ἐχρή-

421 3239 516 3291 τοῦ
549 3240 810 3309 Μωσηλέ,
843 3240 966 3295 ὅθεν
1012 3244 1107 3296 καὶ
1155 3241 1447 3298 ἐδικαίωσε
1496 3242 1856 3311 συνοδικῶςή
1907 3259 2005 3309 μεο

425 3333 650 3402 τριότης
687 3329 1134 3404 ήμῶν’γενέσθαι
1166 3335 1265 3398 τὰς
1316 3336 1560 3405 μοναχάς
1595 3335 1912 3406 ἀμφοτέρας
1947 3337 2005 3388 ἐν

347 3496 352 3500 τ
425 3429 632 3496 κατοχῇ
665 3427 758 3479 τοῦ
794 3427 1082 3497 μονυδρίου
1111 3427 1265 3482 τοῦδε
1293 3428 1437 3484 κατὰ
1460 3429 1559 3499 τὴν
1587 3429 1680 3481 τοῦ
1703 3429 2007 3498 δομήτορος

427 3519 649 3589 θέλησιν
669 3535 684 3550 ·
718 3521 812 3573 καὶ
841 3520 974 3588 γοῦν
1005 3521 1362 3591 ἐπιλήψονται
1392 3523 1488 3576 καὶΙ
1517 3521 1848 3587 καθέξουτιν
1875 3519 2007 3574 αὐτὸ

431 3611 570 3679 μετὰ
604 3612 700 3665 καὶ
733 3613 828 3666 τοῦ
865 3613 958 3666 ὑπ’
1001 3613 1138 3667 αὐτὸ
1184 3614 1458 3684 μετοχίου,
1489 3612 1850 3685 ἀντιστρέψαι
1913 3612 2008 3666 καὶ

426 3703 722 3760 ἀποδοῦναι
756 3707 1065 3775 ὀφείλοντος
1089 3706 1184 3760 τοῦ
1223 3707 1428 3776 μέρους
1460 3707 1555 3760 τοῦ
1585 3707 1679 3759 ἐπὶ
1723 3705 1820 3759 τοῦ
1857 3722 2009 3760 κανι-

428 3797 631 3865 κλείου,
663 3799 788 3852 εῐτι
810 3800 1097 3869 ἀφείλοντο
1128 3799 1226 3853 ἀπ’
1251 3798 1443 3854 αὐτοῦ.
1479 3799 1664 3854 Ταῦτα
1692 3799 2009 3866 παρεκϐλη-

429 3889 591 3943 θέντα
621 3891 732 3944 ἀπὸ
761 3890 873 3945 τῶν
905 3889 1229 3962 ἡμερησίων
1257 3892 1556 3945 συνοδικῶν
1610 3890 2010 3961 παρασημειώ-

428 4001 568 4037 σεων
601 3985 696 4038 καὶ
725 3988 793 4054 τῇ
843 3985 1139 4054 ὑπογραφῇ
1180 3985 1276 4039 καὶ
1309 3984 1570 4053 σφραγῖδι
1618 3983 1710 4056 τοῦ
1746 3983 2012 4051 τιμιωτά-

425 4091 522 4129 του
556 4076 798 4146 μεγάλου
833 4075 1251 4146 χαρτοφύλακος
1295 4079 1662 4140 πιστωθέντα,
1705 4075 2011 4128 ἐπιδὲδοται

433 4168 566 4239 μηνὶ⁵
601 4169 696 4222 καί⁵
741 4167 841 4222 ἰνδ.
871 4170 984 4232 τοῖς
1023 4169 1541 4240 ἀναγεγραμμένοις
1589 4168 1746 4230 ἔτους
1794 4165 2008 4237 ,ςωλη’.

427 4325 572 4386 XIX.
603 4326 793 4382 Esaias
818 4328 998 4382 scribit
1021 4325 1283 4382 catholico
1308 4325 1560 4386 Ecclesia
1581 4324 1934 4388 Armeniaca,
1957 4340 2014 4377 se

501 4414 620 4453 eum
659 4415 777 4451 cum
807 4406 917 4453 tota
950 4398 1190 4453 Ecclesia
1221 4397 1542 4452 Armeniaca
1579 4397 1807 4464 recipere
1854 4395 1911 4455 in
1937 4395 2014 4448 si-

499 4485 628 4523 num
660 4469 912 4524 Ecclesia?
941 4469 1264 4524 orthodoxa.

498 4629 988 4700 -ι-Αίδεσιμώτατε,
1020 4626 1322 4695 τιμιώτατε
1345 4623 1439 4678 καὶ
1461 4622 1827 4679 εὐλαϐέστατε
1849 4625 2014 4679 καθο-

429 4725 547 4778 λικέ
593 4723 694 4791 τῆς
734 4720 1071 4790 Ἐκκλησίσς
1112 4720 1224 4772 τῶν
1272 4718 1596 4788 ’Δρμενίων,
1645 4720 1677 4788 ή
1718 4719 2012 4789 μετριότης

429 4817 590 4888 ἡμῶν
623 4819 688 4871 ἐκ
722 4818 899 4886 μέσης
922 4814 1103 4884 ψυχῆς
1131 4811 1422 4882 ἐπεύχεται
1456 4811 1698 4882 ἅψασθαι
1726 4814 1827 4881 τὴν
1853 4812 2015 4882 χάριν

427 4909 525 4964 τοῦ
555 4909 898 4979 εἰρηνοδότου
920 4907 1056 4960 Θεοῦ
1082 4906 1238 4976 ἡμῶν
1258 4906 1365 4958 τῶν
1389 4906 1629 4976 καρδιῶν
1653 4905 1752 4976 τῆς
1784 4923 1842 4958 τε
1873 4906 2016 4960 αίδε-

431 5002 724 5072 σιμότητός
762 5019 856 5054 σου
885 5002 981 5053 καὶ
1015 4999 1214 5061 παντὸς
1238 4997 1333 5052 τοῦ
1367 5000 1461 5052 ὑπ’
1488 4999 1659 5067 αὐτὴν
1684 4998 1842 5063 λαοῦ,
1870 4997 2011 5052 ὥστε

431 5093 829 5164 κραταιότερον
855 5094 950 5145 καὶ
989 5092 1368 5160 ἐντελέστερον
1404 5091 1500 5142 καὶ
1527 5089 1887 5160 ζητῆσαιοκαὶ
1919 5108 2014 5142 κα-

428 5185 817 5256 ταπράξασθαι
872 5184 971 5254 τὴν
1034 5181 1154 5254 μεθ’
1208 5182 1367 5252 ήμῶν
1402 5169 1640 5246 ἕνωσιν,
1677 5181 1867 5250 ὥσπερ
1921 5182 2014 5232 καὶ

433 5283 598 5349 ἡμεῖς
636 5278 730 5331 καὶ
758 5276 1035 5345 ζητοῦμεν
1077 5276 1171 5328 καὶ
1197 5271 1578 5342 ἀποδ;χόμεθα
1626 5275 1722 5324 καὶ
1753 5272 1823 5324 δι’
1845 5273 2017 5343 εὐχῆς

427 5375 525 5424 καὶ
558 5371 800 5438 ἐφέσεως
829 5366 1153 5436 ποιούμεθα.
1179 5367 1242 5420 Οἰ
1277 5363 1679 5425 ἀποσταλέντες
1707 5364 1838 5433 παρ’
1861 5365 2017 5435 ὑμῶν

438 5464 724 5535 πρέσϐεις,
777 5458 1460 5524 καταλαϐόντεςένταῦθα,
1504 5459 1826 5527 διεκόμισαν
1880 5459 2015 5526 πρὸς

435 5560 608 5626 ἡμᾶς,
647 5559 830 5623 ἇσπερ
882 5554 1216 5620 ἐπεφέροντο
1251 5550 1472 5621 γραφὰς
1512 5553 1661 5622 παρά
1704 5553 1805 5621 τῆς
1852 5552 2016 5606 εύλα-

433 5649 589 5711 ὕείας
643 5647 822 5716 ὑμῶν.
867 5644 930 5696 'H
967 5643 1102 5711 γοῦν
1155 5645 1449 5712 μετριότης
1505 5644 1664 5713 ἡμῶν
1709 5644 2016 5711 ἀθροίσασα

435 5743 568 5808 περὶ
602 5740 773 5807 αὐτὴν
799 5736 926 5800 τοὺς
963 5736 1388 5808 παρατυχόντας
1437 5738 1548 5790 τῶν
1584 5736 1892 5808 ἀρχιερέων
1924 5734 2018 5786 καὶ

436 5833 658 5887 σύνοδον
706 5830 1075 5904 ποιησαμένη,
1137 5830 1524 5903 συμπαρόντος
1581 5832 1715 5901 ἡμῖν
1769 5829 1862 5881 καί
1912 5827 2004 5880 τοῦ

2110 3262 2260 3311 σατο,
2289 3247 2386 3299 καὶ
2428 3245 2710 3314 μυστικῶς
2739 3245 2980 3316 λαλήσας
3007 3245 3065 3298 ἐν
3093 3246 3160 3314 τῇ
3199 3241 3402 3312 καρδίᾳ
3435 3236 3576 3306 ὑμῶν
3602 3233 3661 3283 τὰ

2106 3337 2400 3407 ψυχωφελῆ
2436 3337 2531 3390 καὶ
2565 3338 2830 3407 σωτήρια,
2874 3338 2940 3405 τῇ
2976 3335 3239 3404 καθολικῇ
3278 3326 3568 3398 Ἐκκλησία
3593 3322 3658 3382 ὡς

2109 3429 2307 3501 γνησίᾳ
2342 3430 2508 3499 μητρὶ
2539 3428 2910 3497 προσδραμεῖν
2935 3427 3351 3496 καθωδήγησεν,
3379 3420 3561 3491 ἐπειδὴ
3581 3415 3664 3470 καὶ

2114 3521 2318 3593 μητρὸς
2351 3521 2510 3589 λόγον
2537 3521 2698 3590 ἡμεῖς
2753 3521 3046 3589 ἐπέχομεν,
3101 3519 3240 3588 πρός
3278 3535 3337 3570 τε
3386 3515 3528 3580 ὑμᾶς
3582 3507 3664 3562 καὶ

2111 3616 2321 3677 πάντας
2350 3613 2477 3677 τοὺς
2513 3611 2878 3682 βουλομένους
2912 3612 3279 3680 Χριστιανοὺς
3309 3612 3401 3662 καί
3427 3602 3558 3659 εἶναι
3583 3598 3663 3651 καὶ

2113 3704 2502 3774 ὀνομάζεσθαι,
2551 3703 2627 3766 ὡς
2655 3703 2751 3755 καὶ
2789 3703 2948 3771 ὑμεῖς
3000 3700 3244 3771 ἀκριϐῶς
3273 3701 3410 3753 ίστε.
3441 3693 3544 3749 Καὶ
3570 3691 3664 3758 γὰρ

2113 3797 2172 3862 ἐξ
2194 3797 2358 3866 ἡμῶν
2389 3796 2457 3849 τά
2492 3795 2616 3864 ἱ⁸ρά
2644 3793 2743 3864 τῆς
2772 3792 3055 3854 εὐσεϐείας
3083 3792 3331 3860 δόγματα
3362 3789 3462 3841 ἀνά
3503 3784 3665 3836 πᾶσαν

2113 3890 2342 3959 φοιτῶσι
2367 3887 2468 3959 τὴν
2488 3887 2842 3957 οἰκουμένην,
2875 3884 2934 3949 ἐξ
2963 3885 3121 3955 ήμῶν
3139 3885 3192 3936 αἱ
3216 3877 3546 3936 διδασκαλίαι
3570 3872 3664 3924 τῶν

2115 3978 2277 4033 θείων
2321 3979 2582 4050 Πατέρων
2622 3979 2718 4032 καί⁸
2749 3977 2858 4029 τῶν
2888 3976 3059 4044 ἁγίων
3087 3974 3142 4029 δέ
3187 3974 3442 4034 συνόδων,
3468 3969 3520 4021 αἰ
3563 3963 3665 4018 θεόσ-

2114 4089 2368 4126 πνευστοι
2392 4071 2704 4142 νομοθεσίαι
2737 4070 2795 4136 ἐξ
2824 4069 3006 4139 ἡμῶν,
3036 4069 3111 4129 ὡς
3170 4068 3278 4121 άπὸ
3306 4065 3483 4134 πηγῆς
3517 4071 3664 4117 τινος»

2114 4165 2193 4223 εἰς
2218 4163 2281 4217 τὺ
2312 4164 2410 4232 τῆς
2452 4161 2783 4233 Ἐκκλησίας
2829 4161 3110 4230 πλήρωμα
3141 4155 3491 4228 ἐξεχύθησαν.
3528 4147 3666 4204 Ἐπεὶ

2117 4256 2302 4311 τοίνυν
2327 4256 2461 4319 Θεὸς
2492 4255 2671 4326 ἥψατο
2696 4255 2795 4323 τῆς
2843 4253 3116 4322 ὑμετέρας
3169 4251 3419 4320 καρδίας,
3452 4247 3541 4299 καὶ
3583 4239 3667 4309 ἀίὲ

2115 4347 2249 4417 γοῦν
2273 4349 2549 4418 ἐπέγνωτε
2581 4347 2681 4417 τὴν
2717 4343 2906 4415 κοινὴν
2946 4344 3163 4414 μητέρα
3199 4343 3298 4412 τὴν
3341 4332 3663 4403 Ἐκκλησίαν.

2114 4435 2182 4512 ἧς
2209 4438 2463 4493 τοσοῦτον
2491 4437 2832 4508 ἐχωρίσθητε
2882 4435 3098 4505 χρόνον,
3132 4432 3227 4485 καὶ
3270 4429 3551 4486 διαπτύετε
3582 4419 3664 4472 καὶ

2041 4532 2094 4592 D
2124 4533 2496 4606 βδελύττεσθε,
2545 4531 2638 4585 καί.
2670 4528 2953 4591 παντελῶς
2989 4525 3381 4586 ἀποϐάλλεσθε,
3407 4521 3443 4576 ἃ
3501 4512 3665 4572 κακῶς

2120 4623 2431 4695 ἐφρόνησαν
2462 4624 2511 4676 οἱ
2556 4621 2792 4692 πατέρες
2825 4619 3004 4690 ὑμῶν,
3037 4619 3129 4672 ἐπὶ
3183 4614 3527 4683 καταστροφῇ
3571 4606 3665 4658 τῶν

2119 4694 2297 4788 ὀρθῶν
2331 4715 2432 4783 τῆς
2471 4713 2799 4781 Ἑκκλησίας
2828 4711 3114 4781 δογμάτων
3143 4710 3240 4764 καὶ
3267 4705 3559 4779 νηπιότητα
3586 4694 3669 4746 καὶ

2121 4813 2346 4879 ἄγνοιαν
2373 4808 2600 4861 ἐκείνων
2621 4806 3086 4873 καταγινώσκετε,
3111 4803 3204 4856 καὶ
3227 4797 3534 4870 ὁμολογεῖτε
3557 4802 3669 4879 τραξ

2120 4903 2226 4964 νῶς
2263 4902 2365 4970 τὴν
2395 4898 2678 4968 ἀλήθειαν,
2710 4899 2804 4951 καὶ
2836 4894 3052 4962 ἀξιοῦτε
3083 4896 3176 4947 καὶ
3229 4889 3493 4946 ἱκετεύετε
3547 4876 3667 4949 μετά

2123 4993 2335 5065 θερμοῦ
2358 4993 2454 5046 καὶ
2484 4992 2649 5063 ζήλου
2677 4991 2774 5044 καὶ
2807 4990 2974 5042 πόθου
3011 4985 3404 5057 προσδεχθῆναι
3433 4975 3568 5046 ὑμᾶς
3599 4970 3666 5065 εἰς

2120 5059 2279 5154 δὸέαν
2309 5087 2400 5138 τοῦ
2432 5085 2500 5138 τά
2536 5059 2716 5139 πάντα
2750 5080 3118 5146 πεποιηκότος
3167 5077 3301 5130 Θεοῦ
3333 5073 3424 5126 καὶ
3457 5059 3663 5158 Homo}.

2119 5180 2172 5232 τί
2205 5179 2332 5232 ἄλλο
2383 5177 2608 5248 ποιῆσαι
2640 5175 2788 5245 ἡμᾶς
2820 5173 2928 5225 ἔδει
2977 5172 3009 5240 ἢ
3067 5170 3351 5237 σπλάγχνα
3394 5163 3667 5252 οἰκτιρμιυν

2120 5273 2252 5340 ὑμῖν
2280 5268 2582 5333 ἐπανοῖξαι,
2621 5266 2716 5319 καὶ
2743 5265 2816 5328 ὡς
2847 5265 2994 5325 υἰοὺς
3025 5263 3117 5315 τὸν
3144 5263 3276 5314 ἴδιον
3312 5243 3666 5319 ἐπεγνωκότάς

2127 5365 2340 5432 πατέρα
2381 5363 2477 5415 καὶ
2509 5359 2840 5430 προσλαϐεῖν
2871 5357 2965 5410 καὶ
2997 5350 3422 5426 προσδέξασθαι,
3455 5340 3539 5395 καὶ
3576 5346 3664 5436 Ξία·

2126 5457 2288 5525 ρῆναι
2323 5454 2390 5506 τὰ
2423 5451 2663 5522 μάλιστα
2703 5449 2799 5502 καὶ
2828 5446 3111 5517 μονονουχὶ
3151 5436 3664 5525 παιιηγυρίσαιηοξιι

2122 5506 2215 5611 δὺις
2249 5506 2478 5615 νεκροῦς
2498 5506 2847 5613 ἐνομίζομεν,
2883 5539 2958 5600 ὡς
2990 5506 3200 5603 ζῶντας
3221 5506 3454 5604 ὁρὶῖιμέν,
3484 5506 3665 5622 “1.03;

2122 5638 2475 5700 ἀπολωλότας
2499 5632 2881 5703 ἐλογιζόμεθα,
2911 5631 3136 5690 τούτους
3167 5624 3500 5694 σωζομένους
3531 5616 3665 5703 εὕρω

2126 5751 2228 5803 μεν
2257 5731 2398 5786 κατὰ
2421 5697 2520 5798 τήν
2555 5697 2834 5798 ἡμετέραν
2889 5724 3087 5793 εύχήν;
3117 5723 3176 5774 Εἰ
3209 5721 3317 5788 γὰρ
3349 5717 3377 5767 ὁ
3407 5697 3662 5803 εὐαγγεξῗ

2130 5799 2220 5891 κὸς
2275 5825 2452 5896 γάμος
2483 5823 2690 5884 ἐκεῖνος
2721 5823 2847 5882 τοὺς
2906 5821 2968 5870 ἐκ
2997 5815 3105 5871 τῶν
3132 5813 3267 5868 ὁδῶν
3306 5808 3398 5864 καὶ
3422 5799 3662 5872 φραγμων

2905 5981 2935 6006 Ι
