4046 6518
379 332 514 399 1211

1531 338 1779 400 ESAI/E
1819 336 1930 398 CP.
1964 335 2480 400 PATRIARCII/E

3509 339 3642 406 1212

376 453 521 520 ἁγίῳ
555 448 696 504 ἐλέει
730 450 823 504 τοῦ
859 450 1019 518 Θεοῦ,
1053 453 1134 507 ὅτι
1185 453 1288 510 οὐκ
1333 456 1517 510 εῐασεν
1564 457 1653 520 είς.
1686 457 1840 518 τέλος
1873 472 1956 509 το·
1987 456 2032 514 Α
2065 455 2234 527 μένου
2264 459 2362 513 τοῦ
2404 458 2832 529 παναγιωτάτου
2872 455 3032 528 ἡμῶν
3061 454 3324 510 δεσπότου
3352 455 3442 511 τοῦ
3473 460 3646 512 οἰκου-

378 542 574 595 σοῦτον
610 540 738 594 λαὸν
773 543 1065 614 σφαλεροῖς
1094 545 1333 615 δόγμασι
1367 547 1660 618 προσέχειν
1702 551 1798 604 καὶ
1825 550 1961 605 ἀπο-

375 637 729 706 τετμημένον
763 630 905 690 εἷναι
937 637 1038 706 τῆς
1079 638 1415 708 Ἔκκλησίας
1451 641 1638 696 αὐτοῦ.
1665 642 1829 696 Ὅσον
1853 643 1963 696 τοί-

377 747 474 785 νυν
506 730 702 799 ἔχομεν
732 727 890 782 τοῦτο
923 729 1052 798 περὶ
1077 729 1302 794 πολλοῦ,
1333 732 1657 803 ἐγράψαμεν
1698 737 1793 788 καὶ
1839 736 1959 805 ἐδη.

377 821 635 890 λώσαμεν
669 819 829 875 τοῦτο
889 823 1028 891 πρὸς
1062 822 1227 876 αὐτὸν
1269 823 1362 877 τὸν
1396 824 1829 897 αἰδεσιμώτατον
1864 846 1962 881 κα-

380 915 595 968 θολικὸν
645 913 741 968 καὶ
789 917 1082 985 γράφομεν
1132 917 1228 970 καὶ
1278 917 1420 988 πρὸς
1470 918 1569 989 τὴν
1604 923 1842 993 ρηγικήν
1867 914 1961 976 σού

380 1007 654 1072 ἐξουσίαν,
687 1006 764 1070 ὡς
789 1007 929 1062 κατά
965 1008 1099 1062 πολύ
1132 1009 1517 1080 ἀποδεχόμεθα
1551 1011 1632 1078 τὸ,
1665 1013 1752 1067 ἵνα
1797 1031 1965 1085 προσ-

378 1096 664 1167 δεξὼμεθα
694 1097 841 1167 ὑμᾶς
893 1100 976 1164 είς
1012 1099 1112 1170 τὴν
1162 1101 1450 1156 κοινωνίαν
1479 1102 1577 1174 τὴν
1627 1104 1748 1174 μεθ’
1781 1105 1962 1175 ἡμῶν,

378 1189 680 1257 γενομένου
715 1190 808 1242 καί
846 1190 940 1244 τοῦ
983 1193 1314 1263 πράγματος
1348 1197 1445 1250 καὶ
1474 1178 1963 1265 ῦίκονομηθέντος,

377 1279 452 1342 ὡς
485 1281 784 1350 ἐνδέχεται,
817 1284 945 1338 ὅθεν
976 1288 1073 1340 καὶ
1108 1287 1198 1340 διά
1222 1288 1284 1340 τὸ
1314 1287 1558 1343 τοιοῦτον
1595 1289 1846 1357 θεοφιλὲς
1872 1292 1966 1345 καὶ

381 1378 650 1447 σωτήριον
705 1377 861 1446 ὐμῶν
899 1379 1124 1450 ζήτημα
1158 1381 1530 1452 ἐξελεξάμεθα
1568 1383 1661 1438 καὶ
1705 1385 1966 1438 ἀπεστεί⁴

379 1468 554 1536 λαμεν
598 1470 738 1540 πρὸς
771 1471 918 1540 ὑμᾶς
946 1472 1040 1526 τὸν
1070 1474 1453 1529 πανσέϐαστον
1485 1477 1744 1532 σεϐαστὸν
1768 1480 1967 1534 οἰκεῖον

378 1563 458 1633 τῷ
490 1565 772 1634 κρατίστῳ
816 1566 911 1618 καὶ
946 1567 1089 1637 ἁγίῳ
1123 1585 1224 1635 μου
1261 1570 1653 1642 αὐτοκράτορι,
1684 1574 1968 1644 προκαθή-

384 1672 550 1724 μενον
581 1657 676 1709 τοῦ
730 1657 1103 1727 θεοφυλάκτου
1145 1662 1410 1727 κοιτῶνος
1463 1665 1564 1735 τῆς
1605 1666 1770 1735 ἁγίας
1804 1666 1966 1736 βασι-

381 1748 534 1811 λείας
564 1748 754 1813 αὐτοῦ,
787 1747 894 1820 κῦρ
949 1751 1168 1823 Μιχαὴλ
1223 1754 1316 1807 τὸν
1355 1755 1822 1828 Καλλικρηνίτην,
1871 1761 1969 1814 καὶ

382 1841 477 1893 τὸν
510 1842 847 1910 τιμιώτατον
874 1845 932 1896 ἐν
962 1846 1341 1918 ίερομονάχοις
1394 1847 1500 1920 κῦρ
1531 1850 1796 1923 Γαϐριὴλ,
1825 1853 1965 1908 ἀλλὰ

382 1932 450 2002 δὴ
480 1934 574 1986 καὶ
612 1933 703 1986 τὸν
735 1934 1072 2001 τιμιώτατον
1103 1939 1408 1993 ἐπίσκοπον
1450 1941 1561 1997 τῶν
1589 1943 1828 2000 ἐνταῦθα
1843 1945 1968 2019 ’Δρ-

386 2022 612 2091 μενίων,
641 2023 790 2079 ὅστις
820 2024 888 2094 δὴ
933 2027 1359 2098 προκαθήμενος
1396 2030 1490 2084 τοῦ
1539 2031 1828 2103 βασιλικοῦ
1855 2055 1970 2093 κοι-

383 2115 550 2178 τῶνος
583 2116 770 2188 μέλλει
814 2119 1069 2174 ἀπελθεῖν
1100 2123 1370 2193 πρότερον
1397 2126 1478 2189 είς
1530 2126 1628 2180 τὸν
1673 2127 1969 2186 σουλτᾶνον

381 2207 474 2262 διὰ
504 2209 602 2280 τὴν
649 2210 919 2280 δουλείαν,
950 2215 1017 2285 ἦν
1047 2214 1291 2285 ὴξίωσαν
1341 2219 1600 2284 γενέσθαι
1632 2221 1684 2274 οἱ
1741 2221 1971 2277 αὐτόθεν

385 2301 630 2363 ἐλθόντες
660 2303 1096 2377 άποκρισιάριοι.
1146 2309 1210 2362 Oi
1243 2310 1432 2379 μέντοι
1465 2314 1972 2379 συναποσταλέντες

386 2397 506 2463 μετ’
562 2396 730 2450 αὐτοῦ
767 2399 1058 2469 μέλλουσιν
1092 2403 1436 2475 ἀποκομίσαι
1494 2407 1576 2470 είς
1625 2405 1695 2478 τὴ
1729 2409 1972 2480 ρηγικήν

385 2507 480 2543 σου
506 2490 760 2556 ἐξουσίαν
789 2493 850 2548 τὸ
876 2495 1075 2549 σεπτὸν
1103 2497 1502 2566 χρυσόϐουλλον
1541 2498 1638 2553 τοῦ
1671 2500 1971 2568 κρατίστου

386 2587 482 2639 καὶ
541 2587 702 2655 άγίου
756 2606 858 2658 μου
921 2590 1330 2662 αὐτοκράτορος
1385 2593 1479 2646 καὶ
1529 2594 1630 2664 τὴν
1685 2594 1972 2665 παροῦσαν

382 2679 666 2748 ἡμετέραν
719 2680 963 2752 γραφὴν,
1021 2683 1081 2748 ἐξ
1130 2676 1206 2736 ὧν
1251 2685 1338 2739 ἵνα
1395 2686 1767 2756 καταλάϐητε,
1823 2690 1974 2755 ὅπως

385 2771 678 2834 ἀσπασίως
713 2774 808 2826 καὶ
843 2773 986 2844 μετὰ
1049 2774 1257 2844 πολλῆς
1313 2777 1541 2849 ἀγάπης
1591 2783 1975 2851 πνευματικῆς

387 2863 695 2933 ἐδεξάμεθα
725 2865 826 2934 τὴν
863 2865 959 2919 ἐπὶ
1001 2866 1065 2920 τὸ
1116 2869 1366 2939 κρεῖττον
1427 2870 1742 2944 μεταϐολὴν
1795 2873 1974 2943 ὐμῶν,

389 2955 485 3007 καὶ
537 2956 688 3018 ὅπως
729 2957 1116 3028 ἀποδεχόμεθα
1151 2959 1552 3030 ἀναπληρῶσαι
1593 2963 1740 3031 ὑμᾶς
1788 2964 1884 3016 καὶ
1906 2965 1978 3018 τὰ

387 3045 730 3114 ἐλλείποντα,
767 3050 956 3124 καθὼς
980 3052 1406 3124 παραδηλοῦμεν
1435 3054 1524 3108 διὰ
1549 3055 1682 3119 τῶν,
1712 3055 1789 3120 ὡς
1823 3055 1977 3128 εἴρη-

2071 555 2297 622 μενικοῦ
2337 556 2683 626 πατριάρχου
2724 553 2828 624 κῦρ
2873 553 3099 606 Ἢσαῖου
3137 553 3195 606 ἐν
3237 551 3350 614 τοῖς
3379 553 3517 606 κατὰ
3551 553 3640 606 τὸν

2065 649 2221 716 ἅγιον
2249 649 2615 716 θεοφύλακτον
2647 649 2880 712 κελλίοις
2933 646 3125 714 αὐτοῦ,
3184 646 3638 718 συνεδριαζόντων

2064 744 2134 812 τῇ
2169 743 2383 814 μεγάλῃ
2438 741 2723 815 ἁγιωσύνῃ
2755 739 2923 794 αὐτοῦ
2963 741 3055 794 καὶ
3107 740 3416 811 ἱερωτάτων
3448 741 3640 810 ἀρχιε-

2070 834 2228 904 ρέων,
2269 834 2364 888 τοῦ
2403 835 2659 903 Ἐφέσου,
2693 835 3004 903 ὐπερτίμου
3055 834 3151 887 καὶ
3181 831 3412 902 ἐξάρχου
3462 833 3643 901 πάσης

2078 923 2289 992 Ἀσίας,
2322 925 2635 992 Ματθαίου,
2683 924 2778 980 τοῦ
2817 925 3094 994 Σάρδεων,
3129 922 3453 996 ύπερτίμου,
3488 922 3644 992 ἐξάρ-

2067 1034 2164 1085 χου
2195 1017 2395 1082 Λυδίας
2419 1018 2513 1072 καλ.
2537 1018 2804 1088 προέδρου
2836 1017 3176 1086 Μιτυλήνης,
3200 1017 3526 1086 Γρηγορίου,
3547 1017 3640 1070 τοῦ

2067 1109 2344 1180 Προύσης.
2392 1107 2704 1179 ὐπερτίμου
2757 1109 2850 1162 καὶ
2899 1108 3165 1177 προέδρου
3208 1105 3429 1178 Βιζύης,
3473 1106 3640 1160 Num-

2065 1201 2219 1265 λάου,
2253 1200 2347 1254 τοῦ
2381 1200 2638 1254 Παλαιῶν
2672 1198 2905 1269 Πατρῶν
2936 1200 3031 1252 καὶ
3062 1197 3386 1267 ὐπερτίμου.
3421 1197 3638 1266 Μητρο-

2069 1293 2298 1362 φάνους,
2352 1293 2448 1347 τοῦ
2501 1294 2749 1356 Πιοιδίας
2790 1293 2884 1348 καὶ
2934 1291 3264 1362 ὐπερτίμου,
3316 1291 3636 1361 Γρηγορίου,

2067 1386 2162 1439 τοῦ
2207 1387 2432 1456 Σερρῶν
2477 1388 2574 1440 καὶ
2625 1387 2952 1456 ὐπερτίμου,
2986 1385 3300 1454 Μακαρίου,
3351 1384 3444 1437 τοῦ
3502 1383 3638 1453 Βρύ-

2073 1493 2208 1540 σεως
2248 1479 2344 1530 καὶ
2402 1479 2737 1549 ὑπερτίμου,
2787 1476 3118 1548 Γερασίμου,
3170 1476 3264 1530 τοῦ
3329 1475 3635 1544 Σουγδαίας,

2071 1570 2377 1640 ύπερτίμου
2438 1574 2536 1625 καὶ
2592 1572 2861 1641 προέδρου
2919 1569 3378 1649 Λακεδαιμονίας,
3438 1569 3637 1632 Λουκᾶ,

2070 1664 2167 1717 τοῦ
2225 1665 2500 1736 Γαλίτζης
2556 1667 2656 1720 καὶ
2687 1666 3020 1736 ὐπερτίμου,
3073 1664 3169 1718 τοῦ
3226 1663 3638 1734 Προικοννὴσου,

2001 1795 2045 1852 Β
2071 1753 2352 1820 Μανουὴλ,
2408 1755 2504 1810 τοῦ
2562 1757 2837 1842 ᾼοπαδίου
2897 1759 2992 1810 καὶ
3036 1755 3303 1825 προέδρου
3351 1752 3640 1852 Γαρέλλης,

2082 1846 2374 1917 Ἰεροθέου,
2411 1851 2506 1902 καὶ
2539 1843 2642 1903 τοῦ
2669 1851 2918 1917 Λήμνου,
2973 1847 3255 1914 Ἰακώϐου,
3311 1843 3644 1916 παρισταμέ-

2073 1955 2184 1993 νων
2221 1939 2318 1992 καὶ
2356 1939 2794 2009 θεοφιλεστάτων
2824 1939 3165 1994 δεσποτικῶν
3185 1937 3483 2009 ἀρχόντων.

2147 2033 2185 2099 1'
2251 2032 2313 2085 Ὀ
2375 2032 2672 2102 ἱερώτατος
2734 2032 3144 2104 μητροπολίτης
3201 2029 3508 2101 Μηθύμνης
3559 2027 3650 2081 καὶ

2075 2125 2401 2195 ὐπέρτιμος,
2427 2127 2486 2180 ἐν
2513 2127 2656 2197 ἁγίῳ
2685 2125 2828 2180 11νεύ
2839 2141 2970 2196 ματι
2995 2123 3284 2193 ἀγαπητὸς
3305 2121 3528 2189 ἀδελφὸς
3553 2119 3649 2188 τῆς

2072 2218 2233 2289 ἡμῶν
2261 2220 2624 2290 μετριότητος
2668 2219 2768 2273 καὶ
2807 2215 3246 2286 συλλειτουργὸς,
3290 2211 3650 2284 συνεδριάζων

2073 2313 2141 2383 τῇ
2181 2311 2338 2381 ἡμῶν
2376 2312 2693 2380 μετριότητι
2723 2310 3122 2381 προκαθημένῃ
3149 2305 3441 2369 συνοδικῶς
3462 2346 3478 2372 ,
3522 2307 3652 2358 ἀνα-

2075 2405 2253 2476 φοράν
2275 2405 2577 2476 ἐποιήσατο
2607 2405 2875 2466 πολλάκις
2914 2404 3055 2472 μετὰ
3088 2399 3475 2471 περιπαθείας,
3501 2397 3574 2460 ὡς
3597 2398 3648 2450 οἱ

2080 2499 2312 2568 μοναχοὶ
2332 2497 2434 2567 τῆς
2459 2499 2554 2550 τοῦ
2583 2497 2810 2561 Καλέως
2844 2495 3149 2565 σεϐασμίας
3193 2511 3366 2568 μονης
3394 2492 3650 2562 κατέσχον

2078 2591 2175 2645 καὶ
2217 2591 2621 2662 ίδιοποιήσαντο
2649 2590 2760 2645 ἀπὸ
2787 2590 2898 2645 τῶν
2929 2589 3034 2644 ὐπὸ
3062 2591 3164 2660 τὴν
3194 2588 3464 2660 λαχοῦσαν
3495 2585 3652 2640 αὐτὸν

2076 2684 2382 2754 ἐκκλησίαν
2408 2684 2796 2753 μοναστηρίων
2825 2683 3168 2753 μοναστήρια
3203 2681 3458 2750 τέσσαρα,
3487 2678 3651 2746 ἧγουν

2075 2775 2248 2830 τὸτοῦ
2283 2775 2466 2844 Ἀγίου
2501 2776 2798 2842 Νικολάου,
2835 2776 2896 2831 τὸ
2921 2776 3018 2843 τῆς
3051 2775 3236 2844 Καλῆς
3266 2771 3565 2840 Λαγκόῑδος,
3594 2772 3653 2822 τὸ

2076 2870 2177 2923 τοῦ
2217 2869 2612 2940 Ξηροκάστρου
2646 2869 2745 2923 καλ⁸
2775 2869 2836 2922 τὸ
2864 2867 2960 2922 τοῦ
3014 2868 3320 2941 Μυρσίνης,
3354 2864 3653 2936 πορισάμεο

2081 2977 2166 3015 νοι
2191 2963 2256 3014 ἐκ
2285 2961 2518 3030 ψευδοῦς
2565 2962 2850 3031 ἀναφορᾶς
2885 2961 2973 3014 ἐπ’
3007 2959 3192 3023 αὐτοῖς
3224 2957 3420 3012 σεπτὸν
3460 2952 3654 3027 χρυσό-

2078 3055 2306 3111 ϐουλλον
2334 3055 2428 3108 τοῦ
2456 3054 2754 3125 κρατίστου
2786 3054 2881 3108 καὶ
2910 3053 3070 3119 άγίου
3103 3069 3204 3122 μου
3239 3049 3655 3120 αὐτοκράτορος,

387 3153 503 3204 ται,
567 3139 886 3210 ἐρχομένων
921 3143 1135 3198 αὐτόθι.
1169 3146 1307 3214 Περὶ
1345 3147 1531 3215 μέντοι
1587 3147 1696 3201 τῶν
1744 3147 1979 3202 ἐνταῦθα
2003 3132 2052 3196 C
2085 3149 2194 3222 πρὸ
2222 3149 2418 3203 τούτου
2446 3147 2503 3200 δὲ
2541 3146 3070 3216 μεταχειρισάμενοι
3101 3148 3195 3200 καὶ
3238 3143 3332 3197 δύο
3358 3144 3465 3196 τῶν
3493 3139 3658 3194 αὐτοῦ

401 3231 731 3301 Ἀρμενίων,
762 3236 967 3300 οῐτινες
1000 3239 1411 3308 προσετέθησαν
1441 3242 1522 3304 είς
1562 3241 1664 3312 τὴν
1691 3244 1976 3313 ἡμετέραν

392 3324 562 3392 ἁγίαν
585 3327 682 3379 καὶ⁵
717 3327 1018 3398 καθολικὴν
1057 3331 1413 3400 Ἐκκλησίαν,
1437 3332 1918 3409 πληροφορηθὴτω
1941 3334 1974 3404 ἡ

392 3419 600 3490 ῥηγική
654 3436 750 3473 σου
800 3420 1042 3489 ἐξουσία,
1094 3423 1170 3487 ὡς
1218 3426 1318 3479 οὐκ
1367 3424 1433 3479 ἐκ
1463 3444 1608 3490 τινος
1661 3429 1910 3497 ἀνάγκης
1940 3430 1974 3500 ἢ

390 3511 565 3579 φόϐου
595 3512 862 3585 ἐποίησαν
887 3515 1069 3578 τοῦτο.
1099 3515 1216 3569 ἀλλ’
1263 3516 1328 3581 ἐξ
1372 3519 1591 3581 οἰκείας
1620 3520 1849 3590 γνώμης
1881 3522 1978 3576 καὶ

393 3604 777 3674 προαιρέσεως
835 3599 936 3660 ’καὶ
1007 3606 1315 3677 θελήσεωςο
1365 3610 1461 3663 ἐὰν
1522 3610 1631 3680 γάρ
1683 3611 1977 3683 προέϐαινε

389 3695 569 3748 τοῦτο’
600 3694 797 3762 οὕτως,
838 3697 960 3762 πῶς
1006 3698 1312 3770 ἐμέλλομεν
1365 3698 1623 3766 δέξασθαι
1685 3704 1852 3772 ἡμεῖς
1900 3703 1980 3767 είς

391 3789 684 3843 κοινωνίαν
749 3788 1080 3862 ἀνθρώπους
1131 3793 1412 3858 ἀκουσίως
1456 3794 1866 3864 προσελθόντας
1910 3797 1978 3864 τῇ

391 3880 605 3948 πίστει,
636 3883 840 3946 οἵτινες
875 3887 942 3955 τῇ
992 3884 1225 3954 ἀληθείᾳ
1271 3887 1352 3950 είς
1395 3887 1577 3941 ἐκεῖνο
1624 3887 1850 3958 ἔμελλον
1887 3887 1985 3957 ἐμ-

395 3974 602 4045 μένειν,
634 3977 773 4048 ὅπερ
802 3971 948 4048 ἦσαν
996 3981 1092 4030 καὶ
1123 3979 1434 4049 πρότερον;
1467 3980 1636 4034 Οὐδὲν
1687 3981 1802 4049 ἔχει
1849 3981 1988 4050 ἀλη-

393 4066 527 4133 θῶς,
559 4070 686 4124 ὅσον
733 4069 1048 4142 ἐγνωρίσθη
1079 4071 1268 4128 αὐτόθι
1314 4074 1449 4140 περὶ
1495 4074 1715 4138 τούτου,
1750 4073 1888 4128 ἀλλὰ
1925 4074 1986 4130 τὸ

393 4160 599 4226 ἀληθὲς
627 4162 768 4232 ἔχει,
798 4163 875 4226 ὡς
907 4163 1374 4234 πληροφοροῦμεν
1400 4169 1590 4235 ἡμεῖς.
1605 4165 1745 4221 Ἀπὸ
1759 4167 1854 4220 τοῦ
1890 4167 1986 4221 νῦν

393 4252 452 4305 δὲ
491 4252 678 4320 μέλλει
705 4255 1054 4324 ἐνεργεῖσθαι
1107 4256 1189 4319 είς
1233 4257 1454 4323 αὐτοὺς,
1501 4259 1626 4312 ὅσον
1679 4259 1868 4329 ἀφορᾷ
1905 4261 1985 4322 είς

397 4343 738 4416 κυϐέρνησιν
771 4346 955 4399 αὐτῶν
977 4360 994 4377 ⁸
1022 4347 1147 4401 ἐπεὶ
1177 4349 1258 4410 είς
1277 4349 1553 4419 ἀποδοχὴν
1583 4347 1664 4402 ενι
1698 4348 1861 4403 τοῦτο
1888 4351 1986 4420 τῆς

395 4437 638 4511 ρηγικῆς
671 4455 766 4491 σου
800 4439 1074 4506 ἐξουσίας.
1118 4440 1311 4510 Ἦμεϊς
1343 4443 1402 4495 δὲ
1444 4441 1736 4513 εὐχόμεθα,
1777 4441 1865 4496 ἵνα
1897 4444 1986 4495 εὐ-

2085 3241 2388 3312 κληρικῶν,
2429 3241 2522 3294 τὸν
2556 3241 2921 3310 σακελλάριον
2971 3240 3218 3312 δηλονότι
3257 3236 3352 3290 καὶ
3393 3235 3486 3290 τὸν
3513 3251 3654 3304 πρω-

2083 3336 2357 3401 τέκδικον,
2390 3333 2488 3390 καὶ
2517 3335 2811 3398 πείσαντες
2834 3336 3036 3398 αὐτοὺς
3065 3333 3391 3402 ὑποσχέσεσι
3416 3347 3543 3393 τισι,
3567 3327 3659 3380 καὶ

2085 3427 2348 3489 λαϐόντες
2393 3425 2536 3496 ,παρ’
2577 3426 2763 3481 αὐτῶν
2809 3426 3131 3496 ἐκδοτήριον
3191 3423 3430 3496 γράμμα
3471 3425 3549 3484 είς
3602 3421 3661 3474 τὸ

2088 3519 2256 3590 ῥηθὲν
2318 3519 2689 3588 μοναστήριον
2737 3517 2833 3572 τοῦ
2884 3518 3196 3586 Μυρσίνης,
3240 3516 3314 3586 μὴ
3366 3513 3657 3574 συνειδότος

2085 3611 2278 3666 τούτου
2317 3611 2450 3682 μηδέ
2501 3613 2931 3683 συμπράξαντος
2962 3612 3044 3676 είς
3086 3612 3185 3680 τὴν
3216 3609 3471 3678 τοιαύτην
3501 3607 3652 3662 ἔκδοο

2089 3722 2212 3761 σινο
2243 3705 2511 3769 ὡσαύτως
2539 3707 2848 3776 ἀνήνεγκεν
2877 3707 2906 3759 ὁ
2948 3705 3113 3766 αὐτὸς
3143 3705 3440 3772 ἱερώτατος
3474 3703 3657 3773 ἀρχιε-

2090 3799 2218 3869 ρεὺς
2247 3800 2344 3853 καὶ
2367 3798 2446 3862 ὡς
2470 3799 2518 3871 οἱ
2558 3797 2792 3867 μοναχοὶ
2819 3800 2922 3867 τῆς
2941 3797 3052 3851 τῶν
3086 3795 3331 3866 Ὀδηγῶν
3362 3794 3657 3863 σεϐασμίας

2090 3890 2266 3960 μονῆς
2300 3891 2402 3943 καὶ
2426 3891 2475 3943 οἱ
2508 3890 2614 3957 τῆς
2644 3890 2740 3944 τοῦ
2777 3890 2884 3960 κῦρ
2920 3889 3245 3944 Ἀθανασίου
3273 3887 3537 3957 κατέσχον
3565 3886 3660 3938 καὶ

2089 3983 2246 4036 αὐτοὶ
2269 3984 2426 4052 παρά
2452 3980 2682 4053 γνώμην
2722 3981 2818 4036 καὶ
2851 3981 3060 4036 ἔνδοσιν
3093 3980 3293 4034 τούτου
3329 3978 3659 4050 μοναστήρια

2087 4077 2273 4146 ἕτερα,
2311 4077 2363 4129 οἱ
2391 4075 2490 4141 μὲν
2519 4075 2621 4144 τῆς
2665 4075 2778 4128 τῶν
2817 4074 3064 4145 Ὃδηγῶν
3092 4075 3152 4127 τὸ
3195 4073 3289 4127 τοῦ
3319 4071 3654 4142 Κρυοκόπου,

2087 4168 2140 4221 οῑ
2159 4168 2218 4222 δέ
2253 4167 2358 4237 τῆς
2405 4167 2500 4220 τοῦ
2529 4166 2702 4237 κυροῦ
2740 4164 3070 4219 Ἀθανασίου
3120 4164 3181 4217 τὸ
3211 4165 3309 4232 τῆς
3355 4162 3516 4230 ἁγίας
3541 4160 3663 4213 Θεο-

2089 4261 2268 4332 φανὼ,
2322 4259 2589 4320 ὡσαύτως
2639 4258 2734 4311 καὶ
2765 4259 2793 4310 ὁ
2825 4257 2932 4328 κῦρ
2970 4257 3228 4327 Ζωσιμᾶς
3279 4256 3341 4309 τὸ
3372 4253 3521 4314 ἐντὸς
3568 4247 3660 4302 τοῦ

2088 4353 2329 4420 κάστρου
2391 4349 2504 4402 τῶν
2549 4348 2753 4417 Ἀγίων
2813 4347 3106 4418 Θεοδώρων
3167 4346 3523 4417 μοναστήριον
3571 4343 3664 4410 τῆς

2101 4441 2491 4512 Ὃδηγητρίας,
2525 4440 2625 4493 καὶ
2677 4439 2739 4493 τὸ
2787 4439 2945 4500 ἐκτὸς
2981 4437 3150 4492 αὐτοῦ
3202 4439 3561 4509 μοναστήριον
3603 4433 3664 4486 τὸ

395 4530 607 4604 δοκήσῃ
663 4533 693 4584 ό
746 4534 1087 4606 είρηνάρχης
1119 4535 1256 4599 Θεὸς
1304 4537 1404 4590 καὶ
1454 4536 1633 4607 προϐῇ
1671 4537 1704 4608 ή
1755 4537 1980 4607 τοιαύτη
2019 4526 2058 4540 “’
2090 4533 2487 4603 ἐπιλεγόμενον
2516 4533 2578 4585 τὸ
2606 4529 2872 4603 Βοῦρκοςο
2909 4532 2994 4584 ἐτι
3017 4531 3075 4585 δέ
3102 4536 3196 4584 καὶ
3228 4531 3288 4584 τὸ
3318 4529 3427 4583 τῶν
3473 4526 3661 4594 Ἀγίων

392 4625 594 4688 ἐνωσις
631 4628 725 4682 καί⁸
763 4629 1040 4700 προσδοχὴ
1065 4629 1224 4698 ὐμῶν
1264 4631 1408 4686 κατὰ
1432 4631 1534 4702 τὴν
1564 4630 1838 4702 ἀποδοχὴν
1884 4631 1983 4683 αὐ-

397 4719 496 4770 τοῦ
533 4719 628 4773 τοῦ
685 4719 825 4773 Θεοῦ
881 4725 976 4775 καὶ
1013 4724 1154 4776 κατά
1208 4723 1308 4794 τὴν
1342 4725 1623 4796 ἡμετέραν
1670 4726 1847 4795 ἀρχὴν
1893 4725 1989 4778 καί

396 4811 608 4880 ἔφεσιν,
643 4813 723 4867 ἔτι
753 4814 808 4870 δὲ
861 4817 977 4879 καὶ,
1013 4817 1198 4882 καθὼς
1228 4819 1385 4888 ζητεῖ
1440 4819 1534 4873 καὶ
1590 4819 1845 4889 ὀρέγεται
1891 4818 1991 4871 καὶ

395 4903 544 4957 θέλει
585 4907 616 4977 ὴ
649 4909 855 4978 ρηγική
883 4922 979 4962 σου
1021 4909 1265 4975 ἐξουσία,
1304 4911 1374 4981 ῆν
1416 4912 1514 4965 καὶ
1536 4912 1623 4982 εἴη
1657 4911 1990 4982 διατηροῦσα

400 4998 434 5066 ἠ
464 4999 559 5054 τοῦ
585 5000 723 5054 Θεοῦ
753 5002 914 5072 χάρις
941 5004 1020 5066 είς
1044 5004 1221 5056 πάντα
1246 5005 1313 5057 τά
1336 5004 1487 5073 αὐτῷ
1517 5005 1792 5076 εὐάρεστοι
1814 5021 1986 5072 πρεστ

400 5091 578 5156 ϐείαις
604 5098 702 5166 τῆς
732 5096 872 5166 ὑπὲρ
896 5098 1057 5166 λόγον
1091 5097 1364 5166 τεκούσης
1389 5098 1575 5160 αὐτὸν,
1614 5097 1712 5165 τῆς
1743 5098 1992 5166 ὑπεράγ-

399 5200 494 5239 mou
529 5189 832 5260 Δεσποίνης
866 5191 961 5243 καὶ
996 5191 1366 5261 Θεομήτορος.

618 5345 768 5401 XXI.
800 5343 1050 5416 Synodus
1092 5343 1296 5398 dirimit
1333 5341 1773 5395 controversiam.

403 5477 448 5531 Τ
453 5479 480 5532 ὸ
508 5481 683 5550 παρὸν
711 5478 1029 5552 άνεγνῲσθη
1064 5481 1163 5552 καί
1191 5477 1466 5552 ἐξητάσθη
1502 5478 1726 5552 ἀκριϐεῖ
1761 5475 1980 5552 βασάνῳ

475 5554 571 5604 καλ⁹
589 5548 804 5619 ἐρεύνῃ
833 5549 988 5602 δοθὲν
1017 5548 1119 5604 καὶ
1143 5548 1440 5620 ἀπεδείχθη
1459 5548 1560 5604 καὶ
1587 5548 1833 5618 ἀνεφάνη
1863 5550 1992 5617 ψευ-

473 5621 565 5720 δέλς
610 5623 706 5673 καὶ
764 5620 1245 5691 πεφαλτζευμένον
1287 5623 1382 5674 καὶ
1428 5622 1603 5691 πάντη
1645 5625 1993 5689 ἀνατετρτμσ

481 5707 666 5758 μενον.

484 5825 521 5896 ’δ’
556 5826 701 5895 Μηνὶ
757 5827 1074 5900 Ἀπριλλίῳ,
1113 5829 1297 5915 ἡμέρᾳ
1339 5829 1415 5898 ς’,
1456 5831 1552 5886 ίνδ.
1599 5830 1681 5894 ιδ’,
1716 5827 1994 5897 προκαθη-

2095 4628 2290 4692 Πέντε,
2328 4626 2426 4679 καὶ
2457 4625 2520 4678 τὸ
2542 4627 2603 4678 ἐν
2648 4627 2715 4695 τῇ
2753 4625 2942 4696 ἐνορίᾳ
2971 4625 3067 4677 τοῦ
3101 4625 3352 4693 Κόρακος
3374 4620 3469 4674 τοῦ
3512 4619 3665 4687 άγίου

2093 4715 2400 4770 ἀποστόλου
2427 4717 2524 4768 καὶ
2569 4713 2964 4784 εὐαγγελιστοῦ
3001 4713 3255 4767 Ἰωάννου
3286 4711 3379 4765 τοῦ
3413 4710 3668 4774 Θεολόγου

2097 4809 2189 4862 καὶ
2227 4808 2290 4858 τὸ
2340 4809 2439 4861 τοῦ
2478 4807 2736 4877 Σωτῆρος
2763 4807 3026 4876 Χριστοῦ,
3061 4805 3143 4857 ἐτι
3189 4822 3252 4874 γε
3295 4803 3400 4874 μὴν
3445 4803 3667 4867 κατέσχε

2099 4903 2197 4956 καὶ
2235 4901 2271 4971 ή
2311 4900 2449 4970 μονὴ
2478 4900 2577 4970 τῆς
2603 4899 3069 4970 Κεχαριτωμένης
3099 4897 3464 4968 μοναστὴριον
3493 4893 3550 4945 τὸ
3579 4889 3668 4941 τοῦ

2099 4991 2260 5060 ἁγίου
2291 4991 2571 5060 Γεωργῐου
2593 4990 2656 5043 τὸ
2679 4989 2824 5043 οὕτω
2855 5007 2974 5052 πως
2995 4987 3390 5059 ἐπιλεγόμενον
3411 4985 3471 5038 τὸ
3497 4981 3671 5052 Κρύον

2101 5086 2280 5156 Νερὸν
2323 5086 2510 5140 καὶτὸ
2549 5085 2876 5155 Κλημάτιον
2907 5083 3049 5136 κατά
3100 5083 3196 5136 τὸν
3233 5084 3417 5151 ὅμοιον
3458 5077 3670 5144 τρόπον.
3701 5127 3706 5131 .

2103 5180 2172 5231 ’Ἃ
2203 5177 2270 5246 δὴ
2300 5178 2644 5247 μοναστήρια
2669 5177 2764 5230 καὶ
2787 5174 3255 5244 ἀνακαλούμενος,
3283 5173 3378 5226 ἅτε
3399 5171 3462 5241 δὴ
3492 5167 3668 5237 τρόπῳ

2103 5269 2403 5340 παραλόγῳ
2447 5269 2540 5322 καὶ
2589 5269 2764 5338 ἀδίκῳ
2814 5268 2968 5340 παρὰ
3009 5267 3122 5320 τῶν
3169 5265 3480 5335 εἰρημένων
3511 5274 3671 5312 κατα-

2105 5363 2393 5435 οχεθέντα,
2423 5363 2624 5432 ἐδεήθη
2652 5364 2752 5432 τῆς
2775 5362 2935 5433 ἡμῶν
2970 5358 3350 5430 μετριότητος.
3386 5353 3536 5407 Ἐπεὶ
3560 5347 3670 5414 οῦν,

2103 5458 2182 5521 ὼς
2214 5457 2456 5526 εἴρηται,
2492 5456 2695 5510 σεπτὸν
2734 5457 2851 5518 τοῖς
2879 5453 2976 5508 τοῦ
3011 5451 3239 5513 Καλέως
3271 5448 3526 5520 μαντικοῖς
3546 5459 3674 5510 προ⁴

2094 5551 2197 5621 έϐη
2245 5551 2665 5622 χρυσόϐουλλον,
2716 5551 2830 5606 δεῖν
2882 5547 3022 5603 εἶναι
3081 5545 3381 5604 συνοδικῶς
3432 5541 3670 5609 ἔγνωμεν

2101 5643 2482 5712 ἀκροάσασθαι
2517 5643 2614 5698 καὶ⁸
2645 5643 2850 5709 αὐτῶν,
2885 5642 2940 5695 εί
2979 5658 3034 5696 τι
3076 5635 3454 5710 προϐαλέσθαι
3484 5632 3576 5684 καὶ
3603 5629 3675 5680 εί-

2103 5738 2223 5789 πεῖν
2263 5736 2448 5805 ἔχουσι
2495 5737 2722 5791 δίκαιον.
2764 5735 3141 5806 Διαμηνύεται
3189 5726 3478 5799 τοιγαροῦν
3520 5725 3547 5777 ό
3575 5722 3670 5790 τὴν

2106 5829 2443 5897 ἡγούμενίαν
2472 5827 2570 5898 τῆς
2617 5830 2786 5897 αὐτῆς
2822 5826 3124 5896 σεϐααμίας
3179 5821 3348 5896 μονῆς
3375 5821 3669 5888 ἐγκεχειρι-
