4046 6496
409 329 549 396 1215

1430 295 1666 388 JOAN.‘
1687 323 1994 386 (τηεσε
2036 308 2163 384 cv.’
2190 322 2627 384 mmmam-1
2640 323 2700 382 [Ε

3534 317 3656 384 1216

413 469 3645 512 mm

1315 625 1962 743 JOANNES
2076 621 2762 740 CALECAS.

1254 956 1595 1015 ΚΩΔῐΚΙΟΝ
1620 953 1757 1010 ΤΩΝ
1787 953 2194 1012 ΣΥΝΟΔΙΚΩΝ
2225 950 2860 1011 ΠΑΡΛΣΗΜΕΙΩΣΕΩΝ

1901 1075 2214 1131 ΓΕΓΟΝΟΣ

581 1205 696 1261 ΕΠΙ
724 1202 862 1259 ΤΩΝ
893 1197 1182 1256 ΗΜΕΡΩΝ
1212 1197 1354 1256 ΤΟΥ
1385 1185 1922 1250 ΠᾹΝΑΓΙΩΤΔΤΟΥ
1944 1193 2312 1248 ΔΕΣΠΟΤΟΥ
2342 1191 2480 1248 ΤΟΥ
2503 1190 3510 1250 ΟΙΚΟΥΜΕΝΙΚΟΥΠΑΤΡΙΑΡΧΟΥ

1532 1319 1676 1374 ΚΥΡ
1727 1317 2035 1373 ΙΩΑΝΝΟΥ
2070 1317 2209 1373 ΤΟΥ
2259 1316 2574 1374 ΚΛΛΕΚΑ.

405 1536 458 1618 ,1.
495 1535 728 1592 Joannes
757 1536 981 1591 Calecas
1022 1539 1291 1618 coqcedit_
1309 1535 1526 1618 Ιριισιξο
1566 1533 1846 1590 Calotheto
1889 1549 2000 1588 mo~

2114 1529 2207 1599 τὴν
2239 1527 2676 1601 Πετραλοιφίναν
2705 1527 3079 1598 εἰσαγομένην
3104 1529 3245 1584 κατὰ
3277 1530 3500 1603 πρῶτον
3529 1533 3680 1589 ὕπνον

917 1609 1208 1666 ηαειενίιιηι
1252 1607 1538 1663 Soslhenii.

489 1721 530 1792 -ς-
583 1721 647 1775 Ἡ
687 1721 984 1792 μετριότης
1041 1722 1206 1792 ήμῶν
1239 1723 1329 1775 διὰ
1377 1720 1474 1774 τοῦ
1510 1720 1783 1788 παρόντος
1830 1719 2003 1792 αὐτῆς

419 1812 754 1883 γράμματος
784 1814 1227 1884 παρακελεύεται
1271 1809 1414 1867 εἶναι
1449 1815 1543 1868 τὸν
1583 1811 1918 1882 τιμιώτατον
1947 1814 2006 1867 ἐν

423 1907 822 1976 ίερομονάχοις,
875 1909 935 1962 ὲν
969 1906 1111 1978 ἁγίῳ
1177 1906 1459 1976 Πνεύματι
1488 1907 1778 1978 ἀγαπητὸν
1830 1907 2006 1978 αὐτῆς

424 2001 562 2065 υἰὸν,
609 2001 716 2072 κῦρ
761 2001 1024 2070 Ἰγνάτιον
1066 2001 1160 2054 τὸν
1191 2000 1503 2056 Καλόθετον
1555 2005 1613 2056 ὲν
1647 2004 1855 2073 κατοχῇ
1905 2002 2004 2056 τοῦ

423 2091 552 2158 περὶ
599 2089 691 2145 τὸν
742 2091 1046 2146 Ἀνάπλουν
1091 2091 1446 2162 διακειμένου
1497 2093 1867 2164 μοναστηρίου
1910 2094 2004 2148 τοῦ

419 2183 500 2246 εἰς
531 2182 704 2252 ὄνομα
732 2183 1048 2254 τιμωμένου
1083 2182 1180 2237 τοῦ
1213 2185 1401 2256 τιμίου
1430 2184 1731 2257 ταξιάρχου
1757 2186 1865 2240 τῶν
1891 2187 2007 2242 ἄνω

419 2274 708 2346 δυνάμεων
734 2277 958 2348 Μιχαὴλ
1002 2278 1098 2333 καί
1149 2279 1591 2350 έπικεκλημένου
1647 2278 1746 2334 τοῦ
1789 2280 2010 2335 Σωσθε-

419 2368 560 2434 νίου,
605 2369 750 2423 ὥστε
800 2371 1103 2426 ἀπολαύειν
1152 2371 1314 2426 τοῦτό
1362 2389 1423 2426 τε
1462 2373 1558 2427 καὶ
1605 2374 1674 2428 τά
1728 2375 2007 2447 προσόντα

417 2459 568 2530 αύτῷ
597 2463 858 2530 κτήματα
877 2461 978 2532 τῆς
1005 2462 1176 2517 αὐτοῦ
1208 2464 1468 2536 ἐφορείας
1494 2465 1590 2521 καὶ
1621 2468 2007 2538 πνευματικῆς

416 2551 788 2621 ἐπισκέψεως,
828 2553 952 2608 ὅθεν
988 2555 1085 2608 καὶ
1115 2555 1449 2626 ἐπιλήψεται
1481 2557 1578 2611 τοῦ
1626 2560 1872 2613 τοιούτου
1907 2578 2006 2632 μο-

419 2645 716 2715 ναστηρίου
753 2647 848 2700 καί
900 2647 1009 2701 τῶν
1044 2648 1138 2702 ὑπ’
1187 2650 1340 2716 αὐτὸ,
1389 2651 1484 2706 καὶ
1539 2651 1630 2704 ἐπ’
1662 2651 1848 2716 ἀδείας
1890 2652 2008 2718 ἔξει

420 2741 680 2810 συνιστᾷν
709 2741 803 2794 καὶ
857 2739 1104 2810 βελτιοῦν
1154 2743 1250 2795 καὶ
1297 2743 1555 2808 ὲπαύξειν
1579 2745 1648 2802 τὰ
1691 2745 1817 2800 κατ’
1848 2746 2004 2814 αὐτὸ,

421 2833 670 2903 κατέχων
726 2833 887 2888 τοῦτο
944 2836 1328 2907 ἅναφαιρέτως
1383 2837 1479 2892 καὶ
1539 2839 2004 2907 ἀναποσπάστως,

422 2931 504 2984 ἔτι
551 2947 614 3000 γε
654 2930 762 3001 μὴν
801 2930 1097 3002 ἀταράχως
1144 2931 1241 2984 καὶ
1279 2930 1654 3002 ἀνενοχλήτως
1699 2931 1786 2986 διά
1823 2932 2008 3004 πάσης

423 3024 588 3079 αὐτοῦ
641 3024 740 3093 τῆς
775 3022 924 3094 ζωῆς
947 3039 962 3053 ⁸
993 3023 1080 3078 διὰ
1127 3023 1285 3078 τοῦτο
1317 3023 1595 3092 ὀφείλουσι
1626 3022 1722 3077 καὶ
1763 3025 1813 3077 οἰ
1845 3026 1903 3077 ὲν
1927 3024 2007 3096 τῷ

430 3117 789 3188 μοναστηρίῳ
839 3115 976 3188 τῷδε
1029 3115 1417 3186 εὑρισκόμενοι
1471 3117 1700 3188 μοναχοὶ
1735 3117 2007 3182 εὐπειθῶς

424 3212 572 3282 ἔχειν
612 3209 750 3280 πρὸς
795 3207 887 3262 τὸν
924 3208 1074 3279 παρὰ
1113 3207 1306 3261 τούτου
1351 3207 1874 3281 ἀποταχθησόμενον
1910 3210 2007 3264 ἐπὶ

425 3307 492 3375 τῇ
531 3304 798 3373 διοικήσει
831 3301 1023 3356 τούτου
1055 3301 1152 3354 καὶ
1193 3299 1502 3372 διεξαγωγῇ
1537 3301 1631 3354 καὶ
1676 3304 1797 3366 ταῖς
1841 3301 2006 3357 αὑτοῦ

429 3396 828 3467 πνευματικαῖς
879 3378 1236 3466 εἰσηγήσεσιν
1290 3394 1615 3448 ὑποκεῖσθαι
1653 3395 1748 3448 καί⁵
1779 3394 2008 3466 πειθαρ-

423 3491 563 3558 χεῖν.
616 3489 709 3551 Εἰς
740 3487 849 3558 γὰρ
900 3487 1004 3556 τὴν
1059 3487 1189 3558 περί
1229 3485 1422 3541 τούτου
1455 3487 1764 3555 ἀσφάλειαν
1815 3487 2008 3556 γέγονε

426 3581 522 3634 καὶ
572 3579 803 3652 ἐπεδόθη
835 3578 913 3650 τῷ
962 3579 1112 3651 αὐτῷ
1157 3580 1478 3652 τιμιωτάτῳ
1518 3581 1576 3632 ἐν
1631 3580 2008 3650 ἰερομονόιχοις

430 3673 535 3744 κῦρ
579 3673 827 3744 Ἰγνατίῳ
874 3674 967 3728 καὶ
999 3673 1066 3728 τὸν
1090 3674 1266 3745 παρὸν
1308 3673 1548 3744 γράμμα
1575 3673 1676 3743 τῆς
1709 3672 1868 3744 ἡμῶν
1905 3690 2008 3744 με-

426 3770 728 3844 τριότητος,
764 3771 896 3842 μηνὶ
936 3770 1143 3840 Ἰουλίῳ
1175 3770 1272 3823 ἰνδ.
1299 3765 1362 3824 ε’.

424 3903 742 3978 ILSynodus
759 3905 1180 3976 excognmunicat
1210 3903 1599 3973 metropolitam
1621 3901 2006 3974 Philipporum.

784 4021 826 4086 1-
857 4017 1196 4088 Καθαίρεσις
1217 4015 1312 4071 τοῦ
1339 4017 1652 4073 Φιλίππων.

497 4138 538 4209 ηι-
579 4134 840 4206 Ἐκινήθη
893 4133 988 4186 ἐπὶ
1020 4133 1122 4204 τῆς
1178 4131 1304 4187 καθ’
1331 4133 1481 4204 ἡμᾶς
1530 4133 1684 4203 ἱερᾶς
1732 4135 1829 4187 καὶ
1860 4131 2011 4198 θείας

2106 1626 2260 1697 παρὰ
2293 1625 2390 1680 τοῦ
2426 1625 2720 1696 ἀνθρώπου
2759 1625 2855 1680 τοῦ
2905 1626 3335 1695 μητροπολίτου,
3369 1629 3467 1682 τοῦ
3508 1629 3679 1685 Ἀλσα-

2104 1721 2252 1774 νίτου
2281 1718 2502 1790 Μιχαὴλ
2534 1718 2624 1772 διὰ
2656 1718 2756 1788 τῆς
2781 1717 2952 1790 αὐλῆς
2981 1718 3074 1772 τοῦ
3112 1721 3487 1790 μοναστηρίου
3526 1725 3602 1786 εἰς
3627 1724 3678 1776 τὺ

2107 1810 2320 1864 κελλίον
2358 1810 2453 1864 τοῦ
2502 1810 2931 1882 μητροπολίτου,
2969 1811 3188 1882 ἀνδρῷα
3219 1811 3508 1883 φοροῦσαν
3547 1815 3679 1868 ἐνδύ-

2109 1921 2280 1969 ματα,
2313 1903 2409 1958 καὶ
2443 1903 2610 1958 πάλιν
2638 1903 2892 1972 ἐξιοῦσαν
2934 1906 3054 1974 μετ’
3085 1904 3256 1959 αὑτοῦ
3305 1907 3401 1960 τοῦ
3447 1907 3675 1962 ’Δλσανί-

2105 2009 2202 2052 του
2235 1995 2379 2051 κατὰ
2411 1996 2506 2052 τὸν
2533 1997 2725 2067 καιρὸν
2764 1996 2858 2051 τοῦ
2891 1997 3094 2068 ὄρθρου
3115 2013 3129 2028 ⁸
3164 1997 3438 2063 ὡσαύτως
3469 1999 3680 2054 ἔϐλεπον

2106 2091 2279 2162 αὐτὴν
2305 2091 2398 2146 καὶ
2427 2091 2570 2146 κατὰ
2597 2091 2892 2162 διαφόρους
2921 2091 3138 2164 ἡμέρας
3168 2091 3572 2165 εἰσερχομένην
3596 2094 3678 2148 καὶ

2107 2184 2478 2256 έξερχομένην
2508 2185 2782 2254 φανερῶς.
2824 2203 2846 2237 ι

2177 2277 2218 2350 ηι-
2259 2297 2278 2331 ι
2327 2276 2472 2347 Ἐγὼ
2512 2279 2541 2332 6
2600 2276 2955 2350 ἰερομόναχος
3001 2278 3262 2349 Ἱερόθεος
3300 2280 3487 2348 λέγω⁸
3524 2279 3676 2334 E610-

2111 2374 2280 2442 γητὸς
2324 2373 2352 2426 6
2381 2371 2514 2435 Θεὸς
2545 2373 2640 2425 καὶ
2684 2371 2874 2442 Πατὴρ
2926 2371 3021 2426 τοῦ
3058 2371 3270 2444 Κυρίου
3317 2373 3478 2443 ήμῶν
3517 2370 3674 2443 Ἰησοῦ

2107 2463 2350 2535 Χριστοῦ
2379 2465 2408 2518 6
2445 2463 2523 2518 ὢν
2575 2467 2657 2529 εἰς
2699 2463 2829 2528 τοὺς
2875 2463 3104 2531 αἰῶνας,
3151 2465 3212 2518 οὐ
3265 2465 3557 2535 ψεύδομαι,
3591 2465 3673 2516 καὶ

2106 2558 2298 2630 ὀμνύω
2327 2561 2408 2623 εἰς
2438 2560 2508 2614 τά
2542 2560 2674 2628 ἅγια
2704 2559 3016 2628 Εὐαγγέλια
3046 2559 3142 2613 τοῦ
3183 2560 3352 2626 Θεοῦ,
3387 2561 3470 2615 ὅτι
3503 2561 3534 2630 ἡ
3562 2560 3676 2612 6m-

2107 2653 2417 2724 πτευομένη
2471 2653 2875 2723 Πετραλοιφίνα
2925 2654 3127 2725 ἤρχετο
3182 2654 3454 2716 πολλάκις
3506 2653 3581 2714 εἰς
3619 2650 3674 2704 τὸ

2107 2744 2322 2801 κελλίον
2350 2745 2447 2800 τοῦ
2496 2747 2912 2817 μετροπολίτου,
2957 2747 3056 2801 καὶ
3097 2747 3369 2818 συνήσθιε
3413 2747 3508 2801 καὶ
3537 2745 3673 2798 συνέ-

2113 2854 2234 2892 πινε
2261 2838 2379 2910 καὶί
2414 2838 2847 2910 συνδιημέρευεν
2875 2837 3048 2910 αὐτῷ,
3102 2839 3198 2892 καί
3237 2839 3512 2910 ἐξήρχετο
3559 2835 3671 2890 ποτε

2117 2928 2217 2998 μὲν
2256 2909 2472 3000 ήμῷας
2500 2909 2697 3002 ούσηςέ
2743 2932 2876 2986 ποτὲ
2903 2931 2961 2985 δὲ
3009 2929 3218 2996 νυκτὸς,
3257 2909 3412 2995 ἰδίως
3438 2931 3493 2984 δὲ
3531 2929 3675 2984 διεσε-

2114 3021 2284 3074 σασεν
2311 3020 2464 3083 ὲντδς
2504 3020 2602 3074 τοῦ
2644 3023 2858 3078 κελλίου
2905 3023 3002 3078 τοῦ
3039 3023 3450 3095 μητροπολίτου
3496 3021 3675 3091 νυχθή-

2117 3129 2263 3186 μερα
2279 3112 2406 3182 τρία
2430 3129 2446 3143 ο
2467 3114 2556 3166 ὅτε
2577 3113 2634 3168 δὲ
2661 3115 2952 3187 συνήσθιον
2977 3117 3073 3169 καὶ
3091 3116 3413 3182 συνέπινον,
3433 3116 3555 3167 ποτε
3589 3115 3676 3182 μὲν

2115 3204 2474 3272 παριστάμην
2507 3205 2602 3258 καὶ
2633 3207 2942 3277 ὑπηρέτουν
2969 3207 3176 3274 αὐτοῖς,
3206 3207 3353 3265 ποτὲ
3377 3207 3432 3260 δὲ
3455 3205 3677 3274 καθήμε-

2114 3313 2202 3361 νος
2234 3295 2424 3367 ἢσθιον
2453 3297 2545 3350 καὶ
2578 3296 2689 3365 ἐγὼ
2729 3299 2897 3363 ἰδίως.
2939 3321 2957 3354 ι

2187 3393 2228 3457 -ι-
2274 3410 2294 3442 (
2339 3389 2484 3460 Ἐγὼ
2514 3391 2822 3462 Γρηγόριος
2850 3395 3086 3465 μοναχός
3115 3397 3209 3449 καὶ
3233 3394 3481 3454 διάκονος
3509 3390 3636 3458 λέγω
3654 3404 3669 3422 ο

2117 3483 2427 3556 Εὐλογητὸς
2455 3485 2484 3537 6
2517 3485 2650 3550 Θεὸς
2677 3485 2775 3540 καὶ
2814 3487 3004 3560 Πατὴρ
3031 3487 3124 3542 τοῦ
3159 3489 3365 3558 Κυρίου
3397 3486 3546 3557 ήμῶν
3582 3483 3672 3551 ’1η·

2118 3576 2212 3630 σοῦ
2247 3577 2487 3647 Χριστοῦ
2518 3578 2550 3628 6
2571 3577 2648 3630 ῶν
2667 3578 2750 3642 εἰς
2775 3579 2904 3644 τοὺς
2927 3580 3155 3645 αἰῶνας,
3180 3579 3244 3634 ού
3277 3581 3564 3652 ψεύδομαι,
3592 3579 3674 3630 καὶ

2115 3668 2305 3740 ὀμνύω
2360 3669 2441 3732 εἰς
2466 3669 2534 3722 τὰ.
2565 3667 2698 3737 ἅγια
2744 3671 2840 3725 τοῦ
2892 3671 3030 3726 Θεοῦ
3063 3672 3400 3742 Εύαγγέλια,
3449 3673 3526 3726 ὅτι
3551 3667 3674 3722 εἶδον

2117 3763 2218 3834 τὴν
2277 3763 2736 3834 ύποπτευομένην
2789 3764 3224 3836 Πετραλοιφίναν
3303 3763 3674 3835 εἰσερχομένην

2115 3856 2206 3912 διὰ
2228 3859 2329 3927 τῆς
2354 3858 2527 3929 αύλῆς
2551 3857 2645 3912 τοῦ
2677 3860 3048 3930 μοναστηρίου
3073 3859 3169 3913 καὶ
3197 3857 3579 3931 ἀπερχομένην
3603 3853 3672 3913 εἰς

2115 3949 2179 4005 τδ
2209 3949 2422 4004 κελλίον
2456 3951 2552 4003 τοῦ
2603 3951 3008 4020 μητροπολίτου
3042 3951 3184 4022 μετά
3225 3952 3322 4006 καὶ
3363 3950 3562 4022 ἑτέρων
3589 3961 3674 4014 γυ-

2117 4044 2325 4099 ναικῶν
2351 4043 2525 4113 αὐτῆς
2566 4043 2851 4114 τεσσάρων
2877 4043 3020 4098 κατά
3069 4044 3161 4097 τὸν
3201 4045 3398 4116 καιρὸν
3427 4043 3525 4112 τῆς
3546 4039 3673 4110 qm-

2123 4134 2332 4206 μῳδίας
2369 4134 2465 4189 τοῦ
2499 4133 2918 4205 με-σονυκτικοῦ,
2947 4136 3043 4188 καὶ
3071 4135 3285 4200 ἄλλοτε,
3315 4137 3405 4190 ὅτε
3435 4130 3675 4202 ὲψάλλετο

427 4231 652 4284 συνόδου
685 4227 832 4282 κατά
860 4224 957 4281 τοῦ
994 4224 1397 4298 μητροπολίτου
1425 4223 1710 4279 Φιλίππων
1738 4224 2014 4280 καθοσιώ-
2039 4249 2082 4306 C
2119 4233 2153 4300 ἡ
2191 4229 2432 4301 τετάρτη
2464 4227 2578 4302 ᾠδὴ
2606 4227 2742 4282 κατά
2768 4228 2860 4286 τὸν
2887 4229 3105 4302 ὄρθρον,
3132 4230 3272 4300 μετὰ
3293 4230 3386 4284 δύο
3419 4222 3674 4297 γυναικῶν

429 4338 568 4384 σεως
635 4320 915 4390 ἔγκλημα,
947 4317 1200 4384 ὀῦτινος,
1255 4318 1333 4383 ὡς
1383 4318 1554 4384 εἰκὸς,
1615 4317 2008 4388 ἑξεταζομένου

431 4413 712 4484 παρουσίᾳ
743 4413 839 4465 καὶ
883 4412 982 4467 τοῦ
1023 4412 1320 4483 κρατίστου
1364 4410 1461 4464 καὶ
1491 4409 1650 4479 ἁγίου
1683 4427 1788 4480 μου
1845 4409 2009 4464 αύτο-

431 4506 699 4576 κρόιτορος
729 4502 934 4576 μεταξὺ
960 4504 1070 4557 τῶν
1099 4503 1351 4575 περὶτοῦ
1385 4502 1627 4557 τοιούτου
1663 4501 2010 4573 ἐγκλήματος

427 4599 740 4668 λεγομένων
770 4596 1011 4668 ἀνέκυψε
1045 4614 1133 4661 τις
1168 4595 1332 4668 ἑτέρα
1376 4595 1685 4666 κατηγορία
1727 4595 2012 4667 ἐγκλήμα-

428 4707 516 4753 τος
559 4688 833 4761 μοιχικοῦ,
867 4689 996 4758 περί
1030 4682 1092 4742 οῦ
1121 4689 1216 4740 καὶ
1243 4684 1445 4756 πολλῆς
1477 4685 1573 4738 καὶ
1601 4685 1866 4756 ἀκριϐοῦς
1893 4685 2011 4752 ἐξε-

431 4784 642 4845 τάσεως
688 4784 990 4852 γενομένης
1021 4781 1121 4850 ούχ
1153 4779 1303 4844 ἆπαξ
1355 4780 1448 4832 καὶ
1501 4779 1582 4840 δὶς
1612 4778 1708 4833 καὶ
1761 4781 1882 4851 τρὶς
1915 4777 2011 4832 καὶ

434 4876 720 4940 πολλάκις,
767 4875 1068 4946 ἐπειδήπερ
1099 4873 1287 4944 ἐδέησε
1321 4872 1619 4944 μαρτύρων
1660 4873 1738 4936 είς
1782 4876 1881 4942 τὴν
1911 4872 2010 4942 τῆς

432 4966 691 5034 ἀληθείας
727 4967 946 5038 εὕρεσιν
979 4967 1075 5020 καὶ
1106 4964 1475 5035 παράστασιν,
1500 4964 2009 5037 παρήχθησαν,ἀπὸ

427 5063 536 5116 τῶν
570 5063 985 5134 ὲνασκουμὲνων
1019 5058 1269 5131 μοναχῶν
1293 5061 1360 5132 τῇ
1390 5057 1484 5112 τοῦ
1515 5058 2008 5128 Πρωτοσυγκέλλου

431 5156 705 5226 σεδασμίᾳ
737 5159 895 5228 μονῇ,
925 5155 984 5210 ὲν
1072 5155 1164 5208 καὶ
1196 5153 1355 5217 αὐτὸς
1381 5151 1481 5222 τὴν
1506 5151 1723 5218 οἴκησιν
1745 5152 2005 5216 ἐποιεῖτο,

429 5249 459 5300 6
495 5248 848 5319 ἱερομόναχος
893 5245 1220 5318 Γρηγόριος,
1257 5247 1284 5298 6
1339 5243 1695 5316 ἰερομόναχος
1743 5243 2011 5313 Ἰερόθεος

431 5343 526 5395 καὶ
557 5344 583 5396 6
631 5342 878 5406 διάκονος
906 5343 1002 5394 καὶ
1036 5339 1270 5411 μοναχὺς
1317 5338 1645 5410 Γρηγόριος,
1680 5338 1876 5403 οἵτινες
1915 5340 2010 5393 καὶ

429 5431 583 5488 εἷπον
613 5435 708 5489 καὶ
739 5435 1139 5506 ἐμαρτύρησαν
1168 5431 1468 5502 ἐγγράφως
1496 5429 1704 5484 ταῦτα’

497 5528 538 5601 -ι-
576 5547 595 5580 ι
646 5530 787 5600 Ἐγὼ
823 5532 849 5582 ό
885 5526 1238 5596 ίερομόναχος
1274 5525 1314 5578 Γ
1320 5526 1576 5596 ρηγὸριος
1617 5525 1763 5594 λέγω
1791 5543 1805 5557 ⁸
1843 5525 2009 5580 Εὐλο-

2120 4339 2314 4389 αυτης.
2352 4341 2371 4374 ι

2205 4415 2330 4470 Ἐπὶ
2359 4415 2574 4481 τούτοις
2603 4416 2969 4490 ἀπῃτήθησαν
3007 4415 3140 4488 παρ’
3169 4414 3327 4486 ἡμῶν
3351 4415 3444 4470 καὶ
3467 4409 3613 4467 αὐτοὶ
3633 4406 3676 4458 οἰ

2119 4507 2181 4562 τὸ
2210 4508 2310 4578 τῆς
2353 4509 2738 4573 καθοσιώσεως
2793 4508 3051 4579 ἔγκλημα
3095 4507 3452 4579 κεκινηκότες
3490 4494 3676 4556 πιστώι

2122 4601 2342 4665 σασθαι,
2373 4602 2487 4656 εἴτε
2511 4601 2602 4656 διὰ
2649 4601 2947 4673 μαρτύρων
2976 4602 3089 4656 εἴτε
3121 4602 3325 4672 τρόπον
3355 4598 3511 4655 ἀλλον
3532 4594 3676 4648 ἀναν-

2119 4693 2380 4764 τίρρητον
2402 4695 2496 4747 καί
2522 4692 2741 4764 βέὸαιον
2771 4696 2840 4747 τὰ
2873 4694 2996 4748 κατ’
3023 4694 3178 4758 αὐτὸ,
3211 4693 3308 4748 καὶ
3337 4691 3458 4746 ἐπεὶ
3488 4687 3676 4758 μάρτυ-

2122 4804 2222 4858 ρας
2249 4786 2408 4841 οὐδὲν
2440 4782 2591 4858 εἶχον
2621 4788 2994 4856 παραγαγεῖν,
3031 4787 3265 4856 ἑτοίμως
3296 4786 3352 4839 δὲ
3381 4783 3448 4837 δι’
3469 4779 3673 4848 ὲνόρκου

2121 4877 2424 4945 ἀσφαλείας
2455 4880 2605 4950 ἔχειν
2633 4880 2703 4932 τὰ
2737 4879 2859 4932 κατ’
2890 4879 3025 4932 αὐτὸ
3057 4880 3329 4932 πιστῶσαι
3354 4872 3668 4929 διετείνοντο»

2119 4968 2354 5040 ε’ύρομεν
2378 4969 2436 5024 δὲ
2463 4970 2558 5024 καὶ
2581 4971 2732 5042 παρά
2755 4971 2862 5024 τῶν
2889 4971 2998 5042 πρὸ
3025 4970 3258 5040 ἡμῶνέν
3285 4969 3395 5030 τοῖς
3422 4957 3670 5018 κωδικίοις

2116 5063 2460 5133 διαπράξεων
2488 5062 3242 5134 παραπλησίανιὲνδεδομένην
3262 5060 3358 5132 τὴν
3386 5057 3453 5111 δι’
3468 5053 3669 5120 ὲνόρκω

2121 5135 2425 5226 ἀσφαλείας
2466 5158 2649 5212 πίστιν
2679 5157 2774 5211 κ·ιί
2798 5155 3093 5222 ἀπόδειξιν,
3121 5155 3390 5210 ἀκόλουθα
3422 5141 3668 5239 κατεπρειξ

2120 5254 2317 5324 ξαμεν,
2362 5253 2456 5307 καὶ
2486 5252 2550 5324 δὴ
2588 5251 2696 5306 τῶν
2743 5249 2918 5318 ἁγίων
2960 5247 3306 5318 Εὐαγγελίων
3338 5243 3431 5298 τοῦ
3454 5243 3665 5310 Χριστου

2118 5347 2490 5415 προτεθέντων
2529 5347 2616 5399 ἐπ’
2649 5343 2998 5413 Ἐκκλησίας,
3031 5341 3400 5413 ἠσφαλίσαντο
3423 5334 3566 5388 τάδε·

2190 5437 2230 5509 -ια
2266 5457 2285 5490 ε
2331 5439 2474 5507 Ἐγὼ
2499 5441 2526 5492 ὁ
2555 5436 2745 5501 δοῦλος
2773 5435 2869 5490 τοῦ
2903 5435 3171 5506 κραταιοῦ
3213 5434 3310 5489 καὶ
3338 5429 3489 5498 ἁγίου
3529 5415 3668 5509 ἡμῶν

2119 5508 2382 5586 αύθέντου
2412 5531 2507 5585 καὶ
2547 5530 2816 5601 βασιλέως
2848 5529 3115 5592 σεϐαστδς
3155 5528 3402 5594 Ἰωάννης
3433 5523 3460 5574 ὁ
3484 5508 3665 5601 Τρικᾷς

429 5600 597 5694 γητδς
632 5626 661 5678 6
706 5624 842 5686 Θεὸς
884 5621 979 5676 καὶ
1011 5619 1202 5689 Πατὴρ
1243 5619 1339 5674 τοῦ
1373 5621 1583 5692 Κυρίου
1631 5622 1790 5693 ἡμῶν
1831 5621 2008 5694 Ἰησοῦ
2043 5620 2086 5677 D
2114 5625 2302 5695 ὀμνύω
2336 5627 2418 5689 εἰς
2449 5626 2518 5679 τὰ
2550 5600 2685 5693 ἅγια
2717 5623 2814 5678 τοῦ
2843 5623 2980 5678 Θεοῦ
3027 5622 3340 5692 Εὐαγγέλια
3371 5616 3460 5671 καὶ
3485 5613 3560 5670 εἰς
3585 5600 3666 5654 τδν

430 5713 669 5784 Χριστοῦ
697 5719 726 5770 6
771 5713 849 5768 ῶν
907 5715 986 5777 εἰς
1017 5713 1146 5776 τοὺς
1196 5713 1418 5780 αἰῶνας,
1452 5715 1513 5767 οὐ
1565 5713 1862 5784 ψεύδομαι,
1913 5716 2007 5768 καὶ

426 5805 614 5875 ὀμνύω
657 5811 738 5871 εἰς
774 5805 843 5860 τὰ
876 5805 1008 5875 ἀγια
1054 5807 1150 5862 τοῦ
1195 5807 1332 5863 Θεοῦ
1379 5807 1708 5877 Εὑαγγέλια,
1739 5807 1820 5862 ὅτι
1855 5803 1998 5864 είδον

2115 5716 2298 5786 τίμιον
2337 5717 2433 5770 καὶ
2456 5717 2724 5782 ζωοποιόν
2752 5716 3013 5786 σταυρὸν,
3042 5715 3128 5769 ὅτι
3165 5713 3274 5769 ἀπὸ
3299 5708 3392 5766 τοῦ
3423 5701 3661 5794 στόματβ

2110 5807 2206 5862 τοῦ
2267 5809 2470 5878 ’Λσάνη
2521 5809 2628 5878 κῦρ
2660 5809 2883 5880 Μιχαὴλ
2918 5807 3028 5878 έχω
3078 5809 3174 5861 καὶ
3210 5804 3368 5861 τοῦτο
3418 5792 3661 5868 μετὰτῶν
