4046 6494
473 476 608 542 1217

1419 465 1424 472 ’
1523 473 1923 535 8ΥΝΟῡιίὶιΕ
1959 473 2639 546 CONSTITUTIONES.

3574 493 3712 558 1218

467 591 665 654 ἄλλων,
690 584 767 643 ὧν
799 604 890 660 μοι
941 579 1062 640 εἷπε
1091 587 1222 658 περὶ
1264 586 1361 656 τῆς
1394 586 1673 682 ἀπιστίας,
1691 587 1788 682 Δδτι
1824 589 1912 682 εἰς
1939 588 2040 682 τὴν
2069 593 2116 652 Α
2144 591 2267 655 τοὺς
2297 592 2390 658 οὓς
2437 594 2653 667 ὤμοσεν
2693 601 2916 672 ὅρκους,
2941 601 3226 675 ἐχώρησεν
3259 607 3342 670 εἰς
3384 611 3567 682 μάχην
3601 615 3714 667 τῶν

468 680 724 747 τοιαύτην
746 679 1010 733 ὑπόθεσιν
1033 678 1229 748 ἔχομεν
1249 679 1344 730 καὶ
1373 677 1539 748 μέρος
1557 680 1655 749 τῆς
1689 677 2039 746 Ἐκκλησίας,

469 775 565 828 καὶ
593 774 671 836 ὡς
702 769 856 825 εἷπον
888 772 1002 840 ἐγὼ
1031 772 1168 840 πρὸς
1190 770 1374 835 αὑτὸν,
1405 771 1471 822 Τί
1501 769 1580 824 ἔνι
1601 769 1764 823 τοῦτο
1792 771 1851 824 τὸ
1879 770 2040 842 μέρος

465 867 563 936 τῆς
602 865 952 935 Ἐκκλησίας,
977 865 1114 936 ὅπερ
1137 865 1317 934 λέγεις
1342 881 1358 932 ;
1386 859 1509 918 εἶπέ
1535 881 1646 935 μοι,
1673 859 1755 919 ὄτὶ
1780 866 1808 919 6
1838 879 2041 935 μητρο-

466 955 692 1026 πολίτης
725 955 1031 1011 Φιλίππων.
1073 973 1092 1006 ι

537 1045 578 1116 ἰ-
607 1063 626 1097 ι
675 1044 818 1113 Ἐγὼ
839 1045 867 1098 6
903 1044 1091 1108 δοῦλος
1135 1042 1230 1097 τοῦ
1266 1041 1530 1114 κραταιοῦ
1565 1044 1657 1097 καὶ
1687 1041 1847 1112 ἁγίου
1881 1041 2042 1112 ἡμῶν

468 1138 730 1194 αὐθέντου
764 1140 858 1193 καὶ
903 1139 1169 1210 βασιλέως
1201 1137 1462 1205 Μανουὴλ
1503 1139 1532 1192 6
1569 1137 1868 1209 Ἀϐράμιος
1897 1137 2041 1204 λέγω

469 1235 566 1289 καὶ
592 1231 1037 1301 διαϐεϐαιοῦμαι,
1062 1232 1145 1285 ὅτι
1176 1231 1265 1284 ὅτε
1292 1228 1626 1301 ἁπηρχόμην
1647 1229 1730 1293 είς
1753 1229 1845 1282 τὸν
1885 1228 2043 1283 Ἀσά-

472 1343 590 1394 νην,
619 1324 846 1378 ἔϐλεπον
894 1322 987 1376 τὸν
1016 1322 1301 1376 Φιλίππων
1347 1322 1682 1392 σχολάζοντα
1728 1320 1811 1384 εἰς
1852 1320 2038 1386 αὑτὸν,

472 1416 566 1471 καὶ
596 1417 672 1479 ὡς
703 1413 1105 1487 γνωριμώτατα
1127 1412 1267 1484 ἔχων
1291 1415 1372 1476 εἰς
1399 1414 1501 1482 ἐμὲ
1523 1412 1779 1484 ἠρώτησέ
1809 1429 1897 1482 με,
1921 1411 2040 1476 πῶς

475 1507 722 1580 σχολάζω
757 1508 851 1561 καὶ
895 1505 1028 1576 ἐγὼ,
1062 1507 1154 1560 καὶ
1191 1504 1325 1576 μεθὸ
1357 1502 1510 1558 εἷπον
1537 1504 1666 1594 περὶ
1702 1496 1779 1558 ὧν
1805 1503 2039 1558 ἐλυπού-

475 1616 603 1671 μην,
639 1600 738 1654 καὶ
774 1599 858 1671 ὅτι
896 1597 964 1651 δι’
995 1597 1146 1651 οὐδὲν
1177 1597 1306 1652 ἀλλο
1334 1597 1582 1668 σχολάζω
1618 1595 1736 1651 ἀλλ’
1765 1596 1913 1667 ἢῖνα
1940 1612 2039 1665 με-

474 1689 694 1761 σιτεύσῃ
727 1705 796 1760 με
824 1690 906 1750 εἰς
938 1687 1030 1742 τὸν
1056 1687 1319 1758 κραταιὸν
1351 1686 1446 1740 καὶ
1474 1687 1634 1755 ἁγιον
1657 1685 1816 1756 ἡμῶν
1847 1685 2042 1740 αὐθέν-

471 1799 573 1851 την
602 1783 696 1837 καὶ
730 1781 978 1852 βασιλέα,
1004 1779 1040 1852 ἢ
1070 1779 1290 1849 δέξηται
1317 1795 1409 1849 με,
1444 1774 1567 1832 εἶπέ
1601 1794 1716 1847 μοι,
1751 1777 1834 1831 ὅτι
1856 1777 2040 1847 Μηδὲν

471 1875 601 1947 ἔχῃς
629 1873 840 1928 ἔννοιαν
857 1891 874 1908 ο
923 1873 1175 1943 ὲχὰωσας
1203 1871 1314 1942 γάρ
1341 1870 1460 1937 ενα,
1499 1871 1596 1925 καὶ
1621 1869 1769 1940 εχεις
1809 1868 1918 1923 ἰδοὺ
1944 1868 2041 1922 ἀλ·

2152 683 2532 755 ὑποκειμένων
2579 693 2646 762 τῇ
2691 691 2941 766 βασιλείᾳ
2979 695 3260 764 κάστρων,
3298 700 3392 752 καὶ
3438 704 3577 757 κατά
3614 707 3713 773 τῆς

2144 776 2398 848 τοιαύτης
2451 781 2661 846 πόλεως
2693 785 2929 854 στρατὸν
2979 788 3307 856 συναγαγὼν
3355 791 3605 862 ἐκινήθη,
3637 796 3716 858 ὡς

2147 866 2243 920 καὶ
2287 872 2580 942 πολιορκίᾳ
2612 875 2934 945 περιλαϐεῖν
2975 878 3043 933 τὰ
3069 879 3222 950 τείχη
3268 881 3462 952 αὐτῆς,
3492 886 3519 935 ό
3548 885 3718 938 αὑτά*

2143 958 2336 1028 δελφος
2387 962 2600 1016 ἐκείνου
2632 964 2738 1035 κῦρ
2781 967 3036 1039 Ἰωάννης
3078 973 3105 1024 ό
3134 971 3367 1040 Δούκας,
3413 975 3440 1027 ό
3486 975 3714 1045 ὕστερον

2144 1050 2238 1103 καὶ
2269 1051 2435 1117 αὐτὸς
2480 1054 2792 1129 δεσποτικῷ
2821 1061 3076 1133 τιμηθεὶς
3114 1063 3390 1131 ἀξιώματι
3419 1069 3568 1136 παρᾶ
3615 1068 3710 1121 τοῦ

2144 1142 2441 1210 κρατίστου
2483 1145 2581 1201 καὶ
2636 1149 2794 1217 ἁγίου
2846 1169 2951 1221 μου
3007 1153 3438 1226 αὐτοκράτορος,
3489 1160 3714 1212 ἐναντία

2143 1231 2428 1300 φρονήσας
2460 1235 2608 1305 αὐτῷ
2639 1238 2717 1308 τῷ
2745 1239 2861 1308 ἰδίῳ
2888 1241 3111 1313 ἀδελφῷ
3145 1245 3239 1298 καὶ
3275 1246 3457 1316 μάχην
3489 1265 3714 1319 κεκινη-

2143 1319 2257 1381 κὼς
2282 1321 2403 1373 κατ’
2432 1323 2624 1389 αὐτοῦ,
2659 1329 2785 1381 ἐπεὶ
2819 1330 3257 1403 ἀνθισταμένους
3295 1333 3404 1389 εἶδε
3440 1339 3534 1392 καῖ
3581 1343 3712 1404 τοὺς

2143 1406 2250 1460 τῶν
2291 1409 2606 1468 Ἰωαννίνων
2631 1418 2892 1482 ἐποίκους
2921 1421 3140 1493 ἐκείνῳ,
3176 1427 3388 1490 τούτοις
3413 1431 3711 1498 προσρυεὶς

2144 1499 2238 1552 καὶ
2265 1501 2459 1592 δρκους
2484 1504 2750 1575 δεδωκὼς,
2779 1508 2942 1578 ὥστε,
2971 1513 3020 1566 εἰ
3056 1515 3304 1582 δέξαιντο
3337 1517 3532 1572 τοῦτον
3557 1524 3618 1574 ὲν
3643 1524 3711 1592 τῇ

2141 1591 2366 1681 τοιαύτῃ
2416 1595 2568 1650 πόλει
2599 1598 2677 1662 ὡς
2733 1604 2978 1674 κεφαλὴν
3023 1608 3118 1660 καὶ
3162 1609 3259 1679 οὐχ
3291 1611 3366 1674 ὡς
3416 1591 3708 1681 αὐθέντην,

2143 1678 2258 1731 ἀλλ’
2285 1680 2360 1743 ὡς
2387 1682 2510 1736 ὅλον
2554 1685 2683 1740 δντα
2729 1691 2825 1760 τῆς
2860 1678 3316 1764 ὑποχειριότητος.
3356 1698 3450 1752 τοῦ
3481 1702 3543 1752 ἐκ
3568 1678 3709 1755 Θεοῦ

2145 1769 2413 1839 βασιλέως
2455 1776 2548 1827 καὶ
2583 1779 2751 1848 μηδὲν
2781 1781 2876 1836 τοῦ
2907 1784 3116 1854 πρᾶξαι
3149 1787 3324 1845 δεινὸν
3355 1793 3479 1843 κατ’
3525 1792 3709 1845 αὐτῶν

2147 1861 2281 1953 μηδέ
2309 1861 2409 1933 τὴν
2434 1865 2611 1936 ἀρχὴν
2638 1870 2817 1924 αὐτῶν
2848 1878 3299 1946 σφετερίσασθαι,
3348 1881 3540 1953 ἐδέχθη
3575 1896 3647 1935 πα
3659 1883 3712 1953 ρ’

469 1972 584 2024 λον.
629 1969 719 2032 ,Ως
741 1966 800 2020 δὲ
820 1967 973 2020 οὐδὲν
1001 1964 1258 2033 mam“
1288 1982 1380 2034 μοι
1418 1963 1825 2033 ε,τνπεψάδεκτον
1856 1959 2038 2025 τοῦτο,
2071 1957 2114 2014 Β
2141 1951 2322 2005 αὐτῶν
2348 1955 2489 2007 κατὰ
2521 1956 2620 2026 τὴν
2645 1959 2713 2029 ἢν
2741 1961 3038 2033 ἐποιήσατο
3078 1965 3307 2036 ζήτησιν
3333 1970 3428 2023 καὶ
3456 1951 3550 2034 οὒς
3579 1951 3709 2026 ἔδω·

469 2062 589 2115 ἀλλ’
611 2061 821 2128 ελεγον,
847 2059 932 2112 ὅτι
955 2057 1129 2128 πολλὴ
1157 2057 1238 2110 ἔνι
1265 2058 1298 2127 ἡ
1333 2058 1496 2126 μέσον
1528 2055 1639 2108 τῶν
1661 2055 1755 2108 δύο
1783 2051 2040 2122 διαφορὰ,

468 2149 594 2205 εἰπέ
629 2167 720 2222 μοι
742 2149 906 2205 πάλιν
938 2150 1026 2204 ὅτι
1048 2149 1292 2203 Γίνωσκε
1320 2149 1381 2202 ὲν
1401 2145 1767 2216 πληροφορίᾳ,
1796 2141 2043 2213 ἐχαώσα-

474 2258 574 2312 μεν
613 2241 732 2300 ἕνα.
784 2239 878 2294 καὶ
906 2237 1104 2309 ἔχομεν
1149 2236 1331 2292 ἀλλον.
1373 2233 1499 2290 Εῐτε
1531 2233 1590 2288 δὲ
1637 2233 1733 2286 καὶ
1786 2231 2040 2295 πλείονας

470 2333 679 2388 τούτων
710 2331 904 2400 λόγους
929 2329 965 2401 η
993 2324 1147 2383 εἷπον
1173 2327 1310 2398 πρὸς
1338 2325 1555 2396 αὑτδνῆ
1584 2321 1706 2378 εϊπέ
1738 2339 1852 2393 μοι,
1885 2321 2040 2375 οὐδὲν

470 2422 814 2494 ἔνθυμοῢμαι
837 2436 852 2452 ’
892 2421 1022 2484 ἴσως
1072 2419 1130 2474 δὲ
1165 2420 1260 2472 καὶ
1291 2419 1379 2472 ῐνα
1430 2417 1670 2488 λανθάνῃ
1728 2433 1796 2485 με
1828 2415 1888 2468 τὸ
1918 2414 2039 2475 πῶς

472 2512 818 2584 ἑλαλήθησαν
849 2509 1013 2583 μέσον
1037 2509 1196 2579 ἡμῶν
1225 2509 1274 2562 οῖ
1302 2506 1537 2562 τοιοῦτοι
1561 2506 1734 2574 λόγοι,
1764 2505 1853 2559 διὰ
1880 2503 2041 2558 τοῦτο

471 2604 622 2658 οὐδὲν
651 2604 818 2672 ὅρκον
865 2601 995 2673 περὶ
1032 2599 1227 2654 τούτου
1274 2598 1492 2668 δίδωμι.
1534 2597 1661 2651 Ὅτι
1696 2596 1756 2650 δὲ
1813 2595 2040 2665 μέτοχος

473 2696 570 2751 καὶ
597 2695 852 2759 κοινωνὸς
883 2689 952 2765 ἧν
985 2693 1084 2763 τῆς
1119 2691 1379 2754 ἀπιστίας
1407 2690 1514 2744 τῶν
1552 2690 1840 2754 ’Δσανίων,
1876 2688 2040 2756 ἀκρι-

473 2787 582 2850 ϐῶς
616 2780 734 2839 οῖδα
775 2784 959 2850 τοῦτο,
1006 2783 1097 2837 καὶ
1141 2783 1328 2853 ὀμνύω
1371 2783 1452 2846 εἰς
1499 2783 1567 2837 τὰ
1603 2783 1735 2850 ἁγια
1777 2783 1872 2837 τοῦ
1903 2781 2039 2836 Θεοῦ

474 2875 781 2943 Εὐαγγέλια
826 2874 921 2927 καὶ
965 2873 1044 2935 εἰς
1094 2874 1186 2925 τὸν
1218 2872 1399 2942 τίμιον
1433 2871 1530 2924 καὶ
1577 2870 1840 2936 ζωοποιδν
1876 2888 2040 2924 σταυ-

477 2969 591 3039 ρδν,
621 2968 704 3020 ὅτι
735 2964 987 3036 ἀληθεύω
1018 2963 1115 3016 καὶ
1137 2962 1197 3014 οὐ
1224 2960 1515 3032 ψεύδομαι,
1547 2961 1622 3023 ὡς
1653 2961 1900 3031 ἀκριϐῶς
1926 2962 2043 3014 ἐπί-

475 3077 701 3130 σταμαι,
732 3053 820 3112 οἷα
849 3055 915 3128 δὴ
949 3057 1045 3110 καλ⁸
1078 3055 1240 3118 αὐτὸς
1275 3052 1374 3107 τοῦ
1403 3052 1728 3123 πράγματος
1760 3055 2042 3119 κοινωνὸς,

470 3154 556 3206 ὄτι
597 3153 824 3222 μέτοχος
853 3144 922 3219 ἦν
944 3148 1039 3202 καὶ
1071 3147 1234 3210 αὑτδς
1269 3146 1350 3209 εἰς
1380 3144 1541 3198 τοῦτο
1573 3145 1667 3198 καὶ
1699 3144 1978 3208 κοινωνός.
2016 3162 2035 3196 ι

544 3249 586 3315 -ξ-
618 3243 719 3297 Διὰ
751 3239 925 3296 ταῦτα
956 3242 991 3312 ἡ
1034 3238 1330 3310 μετριότης
1364 3237 1523 3309 ἡμῶν
1557 3238 1652 3291 καὶ
1702 3238 1735 3307 ἡ
1783 3238 1914 3308 περὶ
1943 3237 2042 3290 αὐ-

471 3337 570 3408 τὴν
597 3336 869 3406 ὁμήγυρις
901 3333 1008 3386 τῶν
1032 3331 1348 3404 ἰερωτάτων
1377 3329 1703 3401 ἀρχιερέων,
1737 3328 1835 3382 τοῦ
1885 3331 2040 3400 Ἐφέ-

472 3445 589 3492 σου,
637 3426 732 3481 τοῦ
780 3423 1130 3496 Ἡρακλείας,
1163 3421 1258 3476 τοῦ
1287 3420 1570 3490 ιΚυζίκου,
1607 3419 1703 3473 τοῦ
1759 3421 2034 3490 Σάρδεων,

473 3521 570 3576 τοῦ
602 3519 856 3575 Παλαιῶν
896 3515 1154 3588 Πατρῶν,
1190 3513 1286 3569 τοῦ
1323 3513 1653 3584 Δυρραχίου,
1688 3511 1785 3566 τοῦ
1822 3513 2040 3583 ’Δπρω,

474 3614 571 3669 τοῦ
608 3609 991 3684 ’Δμάστριδος,
1019 3607 1116 3662 τοῦ
1144 3605 1602 3676 Λακεδαιμονίας,
1630 3603 1722 3658 τοῦ
1751 3603 2038 3672 Μαδύτων,

470 3705 566 3759 τοῦ
596 3703 924 3775 Μηθύμνης,
955 3699 1050 3753 τοῦ
1088 3695 1382 3768 Γαλίτζης,
1416 3696 1509 3750 τοῦ
1538 3695 1634 3748 Κῶ
1670 3696 1765 3748 καλ⁸
1795 3694 1890 3748 τοῦ
1921 3695 2044 3765 Μη-

470 3799 641 3863 δείας,
692 3789 1195 3864 κατεψηφισάμεθα
1223 3790 1414 3843 τούτου
1458 3787 1781 3858 καθαίρεσιν
1805 3803 1820 3817 ·
1857 3786 2042 3854 μέντοι

471 3909 538 3961 γε
579 3891 675 3944 καὶ
703 3889 858 3943 ἔσται
907 3887 968 3940 τὸ
993 3885 1102 3940 ἀπὸ
1128 3882 1285 3937 τοῦδε
1329 3880 1776 3952 ἀποτετμημένος
1807 3879 1903 3932 τοῦ
1932 3879 2042 3933 τῶν

418 4049 427 4058 ,
469 3981 780 4054 ἀρχιερέων
806 3975 992 4049 χοροῦ,
1030 3975 1128 4029 ἁτε
1164 3974 1232 4044 δὴ
1263 3971 1626 4042 ἀπελεγχθεὶς
1667 3971 1892 4038 τρόπον,
1918 3968 2040 4022 καθ’

469 4075 530 4129 δν
559 4073 799 4144 εἴρηται,
829 4069 1160 4141 ἀμφοτέροις
1191 4067 1305 4130 τοῖς
1332 4063 1651 4136 δηλωθεῖσιν
1699 4061 2040 4130 ἐγκλήμασιν

470 4166 813 4237 ἀνεχόμενος.

471 4327 559 4383 lll.
596 4324 839 4399 Synodus
862 4321 1024 4394 pomis
1052 4318 1419 4400 egcggsiaitigz§
1461 4315 1615 4384 afﬁcit
1639 4312 1909 4384 "quosdam
1956 4328 2041 4366 re—

1072 4389 1231 4445 belles
1260 4388 1438 4460 Epiri.

543 4533 584 4604 ἰ-
621 4495 955 4600 Ἀνήνεγκαν
1000 4528 1081 4590 εἰς
1111 4525 1210 4597 τὴν
1251 4523 1409 4595 ἡμῶν
1456 4521 1786 4592 μετριότητα
1817 4517 1914 4573 καὶ
1941 4517 2042 4588 τὴν

2143 2059 2240 2098 κεν
2283 2045 2501 2115 ὅρκους,
2535 2048 2997 2124 ἀποστατήσαντα
3034 2055 3089 2110 δὲ
3133 2057 3321 2111 τοῦτον
3349 2059 3579 2129 ὕστερον
3606 2062 3709 2130 τῆς

2144 2132 2425 2206 ὑποταγῆς
2456 2135 2553 2191 τοῦ
2583 2141 2877 2210 κρατίστου
2907 2145 3002 2198 καὶ
3045 2146 3205 2212 ἁγίου
3237 2164 3340 2216 μου
3367 2149 3707 2220 αὐτοκράτο-

2145 2243 2258 2298 ρος,
2291 2228 2549 2296 ἐδέξαντο
2581 2235 2677 2288 καὶ
2713 2232 2864 2306 εἶχον
2887 2238 2964 2302 ὡς
2992 2240 3281 2312 αὐθέντην,
3311 2243 3371 2297 ἐν
3412 2244 3590 2298 οὐδενὶ
3621 2245 3709 2298 θέ-

2143 2333 2319 2386 μενοι,
2357 2318 2452 2384 οὒς
2474 2316 2640 2393 εἶχον,
2671 2324 2748 2390 ὡς
2771 2327 3090 2399 δεδήλωται,
3137 2333 3334 2400 ὅρκους
3373 2336 3453 2398 εἰς
3479 2336 3577 2407 τὴν
3610 2324 3708 2407 βξ-

2142 2408 2370 2465 σιλείαν.
2391 2411 2547 2468 Ἐπεὶ
2576 2415 2648 2470 δὲ
2690 2411 2849 2482 οὗτος
2884 2421 2984 2492 ἤδη
3039 2422 3099 2488 ἐξ
3133 2425 3438 2495 ἀνθρώπων
3468 2429 3704 2494 ἐγένετο,

2139 2496 2258 2552 δέον
2288 2499 2492 2565 αὐτοὺς
2513 2503 2594 2567 είς
2637 2507 2993 2579 συναίσθησιν
3025 2511 3203 2566 ἐλθεῖν
3234 2517 3326 2569 καὶ
3367 2516 3708 2570 ἀνακαλέσα-

2144 2587 2268 2642 σθαι
2301 2591 2400 2659 τὴν
2448 2593 2530 2654 εἰς
2561 2594 2658 2665 τὴν
2693 2597 2758 2650 ὲκ
2785 2598 2922 2653 Θεοῦ
2973 2601 3258 2672 βασιλείαν
3308 2608 3611 2678 ὑποταγὴν,
3640 2612 3706 2679 ἣν

2141 2679 2371 2749 ὤφειλον
2409 2684 2532 2738 καθ’
2565 2686 2660 2750 οὒς
2698 2683 2866 2758 εἶχον,
2914 2691 2990 2756 ὡς
3026 2692 3264 2765 εἴρηται,
3301 2697 3524 2768 ὅρκους,
3563 2703 3614 2753 οί
3645 2701 3705 2754 δὲ

2143 2775 2298 2844 κακῷ
2329 2775 2390 2829 τὸ
2415 2779 2585 2831 κακὸν
2611 2779 2854 2851 ίώμενοι,
2889 2783 2917 2837 ὃ
2948 2785 3188 2854 λέγεται.
3220 2790 3407 2859 ὅρκοις
3449 2795 3552 2861 μὲν
3577 2796 3708 2850 ἑαυ-

2141 2863 2268 2929 τοὺς
2297 2867 2661 2936 ὲνεπέδωσαν,
2700 2872 2955 2943 στέργειν
2986 2875 3062 2940 ὼς
3092 2878 3356 2944 αὐθέντας
3397 2887 3497 2953 τήν
3522 2902 3582 2939 τε
3609 2903 3710 2956 γυ-

2144 2958 2306 3011 ναῖκα
2337 2960 2433 3014 καὶ
2458 2960 2519 3012 τὸ
2539 2962 2757 3016 παιδίον
2783 2964 3016 3030 ἐκείνου,
3050 2967 3276 3040 ὕστερον
3303 2972 3485 3041 μέντοι
3514 2981 3712 3046 προσέο

2141 3045 2350 3115 δραμον
2377 3049 2474 3102 καὶ
2502 3050 2846 3122 ἐνεχείρισαν
2880 3057 3110 3124 ἑαυτοὺς
3135 3062 3206 3132 τῃ
3232 3063 3481 3138 ὑποταγῇ
3509 3045 3604 3121 καὶ
3637 3073 3706 3139 τῇ

2143 3138 2397 3232 αὑθεντίᾳ
2422 3144 2488 3212 τῇ
2524 3142 2807 3218 βασιλικῇ,
2831 3149 2892 3202 οὗ
2923 3151 3084 3223 χάριν
3113 3154 3211 3208 καὶ
3243 3156 3342 3227 τὴν
3373 3138 3707 3232 ἐξομολόγηί

2146 3245 2231 3282 σιν
2259 3230 2464 3298 ταύτην
2501 3236 2838 3306 ποιούμενοι,
2866 3241 2966 3313 τὴν
2995 3248 3381 3314 προσήκουσαν
3413 3252 3712 3323 θεραπείαν

2067 3281 2112 3342 c
2214 3281 2219 3282 ,
2507 3281 2838 3342 ---.--r.-.:.,
2876 3281 2964 3345 ut.
3002 3281 3381 3314 ..ιιυυιισιυυυυιν
3413 3281 3706 3323 υεραπειαν

2144 3319 2416 3391 ἐζήτησαν
2447 3325 2585 3394 μετὰ
2638 3329 2842 3400 πολλης
2883 3349 2984 3403 της
3040 3339 3445 3410 παρακλήσεως
3495 3344 3706 3410 λαϐεῖν,

2144 3410 2324 3506 καθὼς
2362 3415 2428 3467 ἂν
2455 3417 2522 3484 τῇ
2573 3418 2698 3491 ίερᾷ
2727 3421 2820 3475 καὶ
2863 3422 2986 3496 θείᾳ
3033 3429 3241 3499 συνόδῳ
3283 3432 3500 3504 κριθείη
3531 3437 3709 3506 ἁρμό-

2141 3502 2275 3570 διον,
2311 3507 2640 3576 προσθέντες
2688 3515 2784 3566 καὶ
2819 3510 3004 3578 τοῦτο,
3034 3519 3108 3582 ὡς
3154 3521 3262 3574 τῶν
3289 3525 3348 3574 έν
3376 3527 3441 3595 τῇ
3484 3502 3708 3600 τοιαύτῃ

2146 3595 2297 3649 πόλει
2353 3599 2546 3667 ίερέων
2600 3603 2982 3676 ὲνδυσαμένων
3014 3609 3112 3672 τὰς
3163 3611 3448 3682 ἱερατικὰς
3492 3595 3708 3685 στολὰς,

2143 3689 2238 3741 καὶ
2275 3688 2343 3744 τὰ
2371 3692 2491 3745 θεῖα
2542 3696 2636 3748 καὶ
2671 3695 2789 3767 ἰερά
2821 3699 2925 3752 ἀνὰ
2965 3704 3153 3770 χεῖρας
3201 3705 3432 3772 ἐχόντων
3463 3708 3710 3779 Εὐαγγέ-

2141 3779 2252 3848 λια,
2286 3783 2592 3854 ἀφορισμὸς
2630 3788 3020 3858 ὲκπεφώνηται
3055 3797 3258 3859 παντὸς
3287 3798 3368 3860 εἰς
3411 3801 3578 3854 ταυτδ
3605 3803 3702 3857 τοῦ

2141 3871 2273 3926 λαοῦ
2309 3861 2734 3947 συνδραμόντος,
2760 3881 2902 3937 ὥστε
2950 3886 3156 3956 μηδένα
3191 3890 3303 3942 τῶν
3337 3893 3577 3948 ἐποίκων
3606 3895 3709 3965 τῆς

2141 3966 2400 4035 τοιαύτης
2451 3969 2597 4033 ἰδίως
2628 3972 2723 4025 καὶ
2771 3980 3092 4047 μονομερῶς
3127 3980 3160 4050 ἢ
3195 3983 3318 4036 καθ’
3356 3983 3453 4039 ἕνα
3497 3987 3530 4058 ἢ
3567 3993 3707 4042 κατά

2145 4063 2468 4131 συστήματα
2519 4065 2843 4133 προσελθεῖν
2883 4068 2962 4138 τῷ
3005 4061 3084 4134 είς
3121 4071 3364 4143 κεφαλὴν
3404 4075 3501 4129 τοῦ
3531 4079 3709 4131 ἐκεῖσε

2145 4153 2348 4222 μέρους
2371 4155 2649 4225 ταχθέντι,
2677 4160 2772 4214 καὶ
2793 4161 2860 4214 τὰ
2897 4161 3040 4216 κατὰ
3065 4165 3165 4232 τὴν
3190 4164 3372 4218 αὐτῶν
3412 4169 3712 4237 προσέλευ-

2145 4261 2231 4300 σιν
2262 4247 2638 4318 οἰκονομοῦντι
2690 4251 3047 4324 περιποθήτω
3075 4255 3319 4327 γαμϐρῷ
3369 4257 3468 4313 τοῦ
3520 4262 3712 4331 κρατί-

2147 4357 2275 4394 στου
2302 4341 2397 4395 καὶ
2424 4341 2580 4410 ἁγίου
2622 4360 2726 4413 μου
2761 4345 3187 4416 αὐτοκράτορος,
3224 4348 3302 4419 τῷ
3332 4351 3711 4426 εὐγενεστάτω

2147 4433 2495 4504 πιγκέρνῃ,ῆ
2529 4434 2866 4506 μηνύματιῆ
2904 4439 3197 4506 γράμματι
3227 4442 3538 4511 χρήσασθαι
3575 4445 3713 4516 πρὸς

2149 4523 2338 4586 αὑτὸν,
2375 4525 2557 4577 ὅντινα
2591 4524 2656 4595 δὴ
2683 4528 2992 4596 ἀφορισμὸν
3036 4532 3166 4599 παρ’
3198 4533 3348 4584 οὐδὲν
3381 4533 3599 4604 θέμενοι
3625 4553 3710 4588 τι·

471 4626 606 4694 περὶ
635 4621 802 4692 αὐτὴν
839 4619 992 4673 θείαν
1025 4619 1120 4671 καὶ
1151 4615 1306 4685 ίεράν
1343 4612 1561 4668 σύνοδον
1607 4612 1663 4666 οἵ
1689 4628 1749 4664 τε
1785 4611 2040 4680 κληρικοὶ
2071 4627 2118 4687 ι)
2144 4629 2233 4675 νες
2283 4616 2376 4666 καὶ
2414 4614 2664 4684 ἔγραψαν
2717 4618 2811 4669 καὶ
2870 4619 3150 4688 ἐμήνυσαν
3206 4623 3300 4676 καὶ
3345 4627 3711 4689 καταστάσεις

470 4718 572 4788 τῆς
605 4713 922 4784 ἁγιωτάτης
951 4707 1338 4780 μητροπόλεως
1374 4705 1692 4758 Ἰωαννίνων
1717 4706 1808 4756 καὶ
1847 4705 1895 4755 οί
1933 4703 2041 4755 λοι-

476 4809 568 4864 πολ⁵
597 4809 808 4861 ἔποικοι
840 4803 939 4872 τῆς
966 4801 1223 4869 τοιαύτης
1250 4798 1560 4850 θεοσώστου
1585 4796 1814 4860 πόλεως,
1838 4795 1911 4857 ὡς
1938 4795 2042 4863 πρὸ

472 4901 683 4972 χρόνων
712 4896 1082 4956 ἀποθανόντος
1114 4892 1208 4945 τοῦ
1239 4889 1576 4960 τυραννικῶς
1615 4884 2043 4957 ἐπικρατοῦντος

475 4994 572 5048 καὶ
619 4989 1040 5050 αὐθεντεύοντος
1097 4985 1177 5045 εἰς
1211 4983 1410 5044 αὐτοὺς
1459 4982 1554 5034 τοῦ
1604 4980 1779 5050 Θωμᾶ
1803 4979 2036 5042 ἐκείνου,

477 5081 873 5156 προσελθόντες
921 5076 1018 5130 καὶ
1054 5073 1417 5140 ὑποταγέντες
1459 5071 1539 5131 εἰς
1588 5069 1684 5138 τὴν
1729 5062 2040 5135 ὑποχειριό-

472 5193 610 5246 τητα
640 5175 734 5228 καὶ
780 5169 1110 5240 δουλοσύνην
1139 5165 1235 5219 τοῦ
1290 5163 1539 5232 ἀοιδίμου
1591 5159 1687 5212 καὶ⁹
1737 5156 2040 5226 μακαρίτου

476 5272 632 5339 ἁγίου
665 5267 932 5339 βασιλέως
966 5262 1205 5327 ἐκείνου,
1237 5256 1333 5311 τοῦ
1362 5257 1587 5311 πάππου
1618 5250 1713 5305 τοῦ
1746 5247 2040 5320 κρατίστου

476 5365 570 5418 καὶ
599 5361 755 5430 ἁγίου
798 5375 902 5428 μου
936 5351 1364 5424 αὐτοκράτορος,
1397 5341 1539 5417 ἦσαν
1588 5341 1941 5411 ὑποκείμενοι
1975 5343 2041 5412 τῇ

475 5459 540 5510 ὲκ
573 5453 709 5506 Θεοῦ
744 5447 996 5521 βασιλείᾳ
1019 5446 1115 5500 καὶ
1141 5442 1475 5515 ἐμμένοντες
1502 5441 1568 5507 τῇ
1601 5435 1848 5503 ὑποταγῇ
1875 5432 2044 5501 αὐτῆς

478 5549 620 5602 κατὰ
645 5544 773 5607 τοὺς
799 5541 894 5594 ἐπὶ
922 5539 1099 5606 τούτῳ
1127 5535 1422 5603 γεγονότας
1451 5530 1647 5600 ὅρκους
1677 5524 1812 5594 παρ’
1840 5522 2040 5576 αὑτῶν·

403 5697 408 5704 ,
474 5634 596 5693 εἶτα
626 5634 931 5706 τῆς-μέσον
983 5629 1090 5683 τῶν
1134 5622 1400 5696 βασιλέων
1447 5619 1714 5688 διαφορᾶς
1755 5618 2043 5706 γεγονυίας

477 5731 572 5784 καὶ
601 5704 700 5796 τῆς
726 5704 978 5776 ἐντεῦθεν
1009 5718 1119 5772 τῶν
1148 5713 1492 5785 πραγμάτων
1521 5708 1809 5778 συμϐάσης
1839 5704 2044 5774 συγχύ-

479 5843 639 5886 σεως.
675 5821 800 5875 ἐπεὶ
844 5821 872 5871 6
904 5816 1092 5876 κόντος
1123 5811 1228 5882 κῦρ
1270 5807 1533 5866 Νικόλαος
1581 5804 1811 5864 ἐκεῖνος,
1858 5798 1914 5858 ὃς
1950 5799 2045 5850 καὶ

475 5913 779 5982 δεσποτικῷ
828 5908 1029 5977 ἔφθασε
1081 5901 1382 5972 τιμηθῆναι
1429 5892 1726 5961 ἀξιώματι,
1761 5889 2039 5959 ἀθετήσας

2144 4704 2355 4756 ἑαυτῶν
2384 4705 2544 4775 χάριν
2591 4709 2947 4777 ἐποιήσαντο,
2991 4710 3054 4773 ἃς
3097 4712 3386 4782 ἐποίησαν,
3431 4716 3482 4767 οἶ
3525 4717 3590 4787 δὴ
3619 4720 3713 4771 καὶ

2146 4797 2300 4848 αὐτοὶ
2328 4799 2512 4866 τυχεῖν
2556 4797 2854 4866 θεραπείας
2899 4803 2996 4856 ἐπὶ
3030 4804 3242 4869 τούτοις
3273 4807 3475 4875 ὁμοίως
3511 4809 3712 4878 ἐζήτη-

2147 4903 2267 4938 σαν.
2309 4887 2444 4956 Περὶ
2495 4889 2596 4956 μὲν
2645 4885 2739 4943 οὖν
2773 4892 2872 4959 τῆς
2924 4895 3111 4958 κοινῆς
3148 4895 3344 4960 τούτης
3399 4897 3713 4964 ὑποθέσεως

2144 4973 2251 5025 τῶν
2286 4977 2522 5028 ἐποίκων
2552 4977 2648 5046 τῆς
2680 4981 2980 5049 εἰρημένης
3029 4982 3238 5046 πόλεως
3274 4985 3584 5056 ἐγκλήματι
3613 4991 3714 5057 μὲν

2146 5059 2342 5123 αὐτοὺς
2389 5062 2673 5132 ἐπιορκίας
2712 5071 3037 5134 περιπεσεῖν
3067 5070 3390 5142 διέγνωμεν,
3435 5092 3709 5145 προηγου-

2149 5152 2328 5222 μένοις
2369 5154 2476 5220 γὰρ
2508 5155 2614 5208 ἔδει
2659 5158 2962 5229 ἀποστῆναι
3012 5155 3211 5226 αὐτοὺς
3252 5165 3713 5238 ὶπιχειρήσαντος

2145 5247 2207 5300 τδ
2237 5251 2357 5300 κατ’
2393 5249 2567 5321 ἀρχὰς
2616 5256 2681 5324 τῇ
2717 5254 3034 5328 ἀποστασία
3065 5255 3159 5310 τοῦ
3207 5259 3499 5330 εἰρημένου
3534 5262 3712 5314 Δούκα

2145 5340 2246 5409 τῆς
2281 5343 2569 5406 κοινωνίας
2615 5344 2782 5398 αὑτοῦ
2807 5361 2820 5375 ·
2848 5347 3060 5414 ἔπειτα,
3093 5350 3144 5403 εἰ
3176 5351 3272 5403 καὶ
3321 5349 3481 5403 τοῦτο
3513 5355 3710 5418 προσέ-

2149 5448 2405 5495 πταισαν,
2439 5433 2807 5498 ἀποθανόντος
2835 5437 2966 5504 γοῦν
2999 5438 3167 5492 αὑτοῦ
3197 5439 3608 5510 ἔπαναδραμεῖν
3633 5443 3713 5503 εἰς

2146 5521 2246 5590 τὴν
2277 5523 2558 5591 ὑποταγὴν
2602 5523 2699 5577 τοῦ
2734 5527 3026 5594 κρατίστου
3061 5529 3158 5581 καὶ
3191 5529 3350 5598 ἁγίου
3401 5546 3504 5600 μου
3550 5531 3714 5584 αὐτο·-

2147 5616 2437 5685 κράτορος,
2471 5615 2591 5668 καθ’
2626 5615 2720 5694 οὑς
2753 5619 3083 5688 ἐποιήσαντο
3112 5621 3305 5688 ὅρκους
3338 5635 3353 5651 ⁶
3388 5620 3488 5674 νῦν
3516 5623 3574 5675 δὲ
3607 5639 3713 5674 πα-

2148 5707 2415 5774 ραϐάντες
2446 5709 2572 5771 τοὺς
2603 5711 2681 5770 εἰς
2717 5710 2815 5778 τὴν
2859 5708 3145 5779 βασιλείαν
3175 5712 3476 5783 προτέρους
3514 5715 3712 5785 ὅρκους

2147 5799 2326 5853 αὐτῶν
2363 5801 2560 5869 ὅρκους
2612 5801 2833 5870 ἐτέρους
2877 5801 3175 5858 δεδώκασιν
3202 5805 3322 5856 δὲπὶ
3349 5805 3428 5876 τῷ
3457 5805 3562 5858 ὑπὸ
3616 5807 3717 5875 τὴν

2148 5890 2324 5960 ἀρχὴν
2357 5892 2450 5943 καὶ
2482 5893 2766 5962 ὑποταγὴν
2815 5893 2911 5960 τῆς
2946 5895 3202 5962 γυναικὸς
3239 5897 3332 5949 καὶ
3363 5895 3458 5949 τοῦ
3491 5896 3710 5950 παιδίου
