4046 6480
417 501 552 568 1221

1490 488 1882 550 SY‘NODlC/E
1919 487 2480 549 CONSTITUTION
2491 490 2605 552 ES.

3535 499 3673 562 1222

416 615 664 670 ¹ιυοιοῦσιν
708 605 858 666 οῦτοι
911 612 978 680 δὴ
1025 610 1075 664 οί
1117 607 1214 678 τῆς
1266 607 1474 671 πόλεως
1520 605 1870 672 ἔποικοι,-δτι
1901 605 1994 660 τὸν
2024 635 2069 689 Α
2097 605 2238 660 οιδεν
2279 605 2478 667 αὐτοὺς
2529 603 2638 659 τῶν
2691 604 2765 675 μὴ
2810 604 3163 677 καθηκόντων
3208 611 3669 686 εἰργασμένουςῆ

414 705 601 761 δοῦλον
653 705 814 759 πλέον
845 702 938 756 τοῦ
981 701 1241 754 δεσπότου
1287 698 1515 768 τιμῶσι,
1552 699 1651 753 καὶ
1703 698 1994 769 συναθροί-

415 800 602 864 ζονται
637 799 738 866 μὲν
785 793 1109 864 παμπληθεὶ
1137 793 1215 855 είς
1251 792 1345 846 τὸν
1394 791 1524 846 ναὸν
1556 789 1652 847 τοῦ
1698 790 1856 860 ἁγίου
1894 807 1994 861 με-

413 888 837 961 γαλομάρτυρος
885 889 981 941 καὶ
1031 885 1372 956 μυροϐλύτου
1417 884 1756 956 Δημητρίου,
1805 883 1898 939 τὸν
1935 885 1994 939 δὲ

415 981 540 1036 ναὸν
568 980 662 1033 τοῦ
683 979 954 1033 Δεσπότου
981 979 1236 1048 Σωτῆρος
1262 974 1501 1047 Χριστοῦ
1529 977 1987 1047 παρατρέχουσιν,

413 1068 567 1126 εῐπεν
599 1071 750 1141 αὐτῷ
779 1069 944 1139 δῆθεν
973 1070 1000 1122 6
1034 1068 1408 1138 χαρτοφύλαξ,
1443 1068 1526 1122 ὄτι
1555 1067 1718 1121 πλέον
1753 1067 1992 1138 τιμῶσιν

412 1165 462 1217 οί
492 1162 919 1224 Θεσσαλονικεῖς
956 1161 1044 1212 τον
1099 1161 1354 1230 μάρτυρα
1385 1159 1481 1213 τοῦ
1530 1157 1792 1227 Χριστοῦ.
1828 1158 1992 1212 Κατά

413 1256 470 1310 δὲ
500 1253 595 1308 τοῦ
648 1252 937 1306 σακελλίου
974 1246 1097 1304 εἷπε
1144 1251 1268 1319 μὲν,
1305 1250 1381 1322 μὴ
1437 1249 1730 1319 γινώσκειν
1765 1266 1820 1302 τι
1869 1248 1988 1302 κατ’

412 1345 600 1410 αὐτοῦ,
636 1343 876 1397 ἀκοῦσαι
908 1342 965 1396 δὲ
1018 1341 1171 1411 παρά
1213 1340 1308 1394 τοῦ
1341 1341 1548 1395 οίκείου
1597 1339 1678 1410 τῷ
1709 1339 1989 1411 κρατίστῳ

414 1439 510 1492 καὶ
541 1438 684 1506 ἁγίῳ
721 1453 826 1505 μου
879 1435 1250 1504 αὐτοκράτορι
1293 1433 1398 1504 κῦρ
1425 1432 1702 1502 Γεωργίου
1733 1431 1828 1485 τοῦ
1870 1432 1992 1498 Ἀγ-

414 1530 596 1598 γέλου,
629 1528 707 1590 ὡς
733 1529 793 1580 οὐ
827 1525 1041 1592 δοξάζει
1076 1525 1285 1595 νεκρῶν
1313 1525 1634 1578 ἀνάστασιν.
1668 1522 1788 1577 Τῶν
1812 1519 1987 1576 τοιού·

412 1638 520 1676 των
553 1619 646 1674 οῦν
701 1619 883 1673 ἀκοῶν
935 1615 1276 1685 λαληθεισῶν
1318 1615 1398 1684 τῷ
1443 1615 1587 1680 τότε,
1618 1615 1696 1678 ὡς
1746 1614 1985 1685 εἴρηται,

413 1713 552 1766 κατὰ
582 1710 690 1765 τῶν
724 1711 1033 1785 εἰρημένων
1069 1709 1549 1781 ἐκκλησιαστικῶν
1578 1710 1735 1778 παρά
1757 1707 1852 1760 τοῦ
1879 1724 1989 1762 τοι·

412 1803 572 1857 ούτου
604 1804 826 1857 Χιονίου
860 1802 1174 1874 ὑπερετέθη
1206 1803 1345 1866 τέως
1373 1803 1407 1873 ή
1433 1800 1564 1871 περὶ
1594 1800 1772 1854 αὐτῶν
1803 1800 1988 1866 ἐξέτα-

415 1913 498 1958 σις
531 1897 616 1949 διά
645 1895 710 1950 τὸ
738 1893 994 1966 χηρεύειν
1019 1895 1119 1966 τήν
1145 1894 1458 1963 ἁγιωτάτην
1485 1894 1822 1966 μητρόπολιν
1851 1893 1988 1946 Θεσι

2099 699 2196 752 καὶ
2218 700 2619 770 φρονήσαντας,
2665 696 2840 750 εἰπεῖν
2867 695 3026 750 τοῦτο
3055 700 3149 752 καὶ
3189 704 3422 772 φανερὸν
3454 704 3672 772 θέσθαι,

2097 792 2260 857 αὐτὸς
2295 790 2636 854 ἐνστατικῶς
2660 789 2804 860 ἔχων
2829 784 2919 860 ἦν,
2949 791 3042 844 καὶ
3066 792 3135 844 τὰ
3169 792 3268 862 μὲν
3295 795 3394 864 τῆς
3434 814 3672 866 κατηγο-

2101 884 2225 954 ρίας
2253 883 2564 954 ἐκφεύγων,
2595 881 3083 950 διαϐεϐαιούμενος
3113 883 3191 950 δὲ,
3231 885 3399 954 μηδέν
3425 904 3478 939 τι
3508 889 3670 943 πλέον

2095 975 2240 1046 ἔχειν
2279 973 2390 1028 τῶν
2423 975 2736 1044 εἰρημένων
2768 973 2967 1039 είπείν,
3011 973 3136 1026 οὐτε
3170 975 3307 1029 κατά
3336 977 3430 1029 τοῦ
3461 983 3668 1033 οἰκονόι-

2097 1085 2224 1138 μου,
2257 1065 2380 1120 οὐτε
2408 1066 2550 1120 κοιτά
2575 1066 2669 1120 τοῦ
2695 1065 3134 1136 χαρτοφύλακος,
3174 1069 3268 1120 καὶ
3296 1056 3477 1144 πολλῷ
3506 1073 3668 1127 πλέον

2098 1159 2175 1229 μὴ
2206 1157 2504 1226 γινώσκειν
2528 1156 2684 1224 ἐλεγέ
2709 1175 2760 1210 τι
2789 1158 2934 1210 κατὰ
2958 1157 3051 1210 τοῦ
3083 1160 3395 1221 σακελλίου,
3432 1165 3667 1235 ἐπιμαρ-ς

2096 1253 2278 1322 τυρῶν
2311 1250 2428 1321 ἁμα
2462 1250 2615 1320 αὐτῷ
2644 1250 2709 1320 δὴ
2743 1251 2822 1321 τῷ
2869 1252 3154 1306 σακε).λίου
3189 1255 3282 1306 καί
3311 1271 3433 1307 τινα
3464 1257 3666 1326 τρόπου

2094 1343 2378 1413 θεοφιλοῦς
2435 1344 2532 1396 καὶ
2587 1342 2816 1396 ἐπαίνου
2848 1341 2998 1407 ἄξια.
3038 1345 3097 1396 'U
3142 1346 3330 1413 μέντοι
3382 1347 3666 1399 σακελλὶου

2093 1438 2230 1508 πρὸς
2262 1436 2363 1508 τὴν
2397 1435 2702 1508 εἰρημένην
2737 1437 2860 1490 κατ’
2891 1435 3058 1489 αὐτοῦ
3108 1438 3442 1508 κατηγορίαν
3493 1440 3668 1510 ἀπηνο

2089 1531 2273 1602 τηκὼς
2303 1529 2402 1584 καὶ
2455 1529 2905 1600 πληροφορήσας,
2937 1529 3012 1592 ὡς
3069 1530 3184 1599 ἔχει
3231 1531 3389 1600 δόξης
3449 1536 3574 1602 περί
3607 1551 3664 1586 τε

2089 1623 2188 1690 τῆς
2222 1621 2329 1675 τῶν
2361 1621 2575 1692 νεκρῶν
2607 1621 2958 1685 ἀναστάσεως
2994 1623 3087 1674 καὶ
3113 1623 3222 1674 τῶν
3260 1622 3436 1676 ἄλλων
3464 1623 3668 1690 δογμά-

2089 1731 2197 1768 των
2223 1714 2323 1784 τῆς
2363 1714 2717 1784 Ἐκκλησίας,
2745 1715 3063 1784 ἐνεφάνισεν
3086 1716 3277 1768 ἔπειτα
3310 1720 3404 1770 καὶ
3430 1716 3664 1785 γράμμα

2090 1806 2184 1861 τοῦ
2211 1807 2601 1878 διαληφθέντος
2639 1808 2844 1862 οἰκείου
2864 1807 2944 1878 τῷ
2971 1809 3244 1879 κρατίστῳ
3270 1808 3364 1861 καὶ
3391 1809 3532 1880 ἁγίῳ
3561 1827 3664 1879 μου

2091 1898 2457 1970 αὐτοκράτορι
2481 1899 2576 1954 τοῦ
2613 1899 2900 1968 Ἀγγέλου,
2921 1899 3056 1967 ὅπερ
3082 1899 3177 1952 καὶ
3208 1900 3286 1960 είς
3308 1900 3544 1971 ἐπήκοον
3569 1903 3666 1954 ἀν-

413 1989 703 2058 σαλονίκης
725 1962 1032 2059 ἀρχιερέως
1048 1962 1466 2056 γνησίου.Ἐπεὶ
1487 1962 1727 2040 δὲγπάλιν
1746 1985 1984 2056 ἐλαλήθη
2017 1962 2062 2024 Β
2091 1962 2363 2060 ἐγνώσθη,
2389 1962 2512 2061 έχον
2536 1991 2624 2043 ἐπ’
2639 1962 2822 2045 αὐτῶν
2843 1962 2950 2048 τῶν
2968 1962 3165 2054 λέξεων
3185 1962 3414 2044 οὐτωσίί
3429 2009 3448 2043 ι
3469 1991 3528 2044 ’0
3543 1992 3664 2044 δοῦ-

410 2077 586 2132 ταῦτα
615 2078 709 2130 καὶ
743 2077 839 2131 ἐπὶ
878 2078 973 2147 τῆς
1006 2076 1168 2148 ἡμῶν
1200 2075 1558 2148 μετριότητος
1589 2077 1684 2129 καὶ
1727 2075 1824 2146 τῆς
1857 2077 1988 2148 περὶ

411 2168 580 2237 αὐτὴν
607 2168 760 2238 ίερᾶς
798 2168 892 2222 καὶ
925 2168 1077 2230 θείας
1111 2168 1331 2222 συνόδου
1364 2167 1724 2238 ἐξεταζούσης
1745 2168 1814 2222 τὰ
1846 2171 1988 2222 κατὰ

413 2261 506 2314 τὸν
530 2259 777 2324 Χιόνιον,
805 2261 1084 2332 παρουσίᾳ
1114 2263 1209 2316 καὶ
1239 2260 1333 2314 τοῦ
1376 2259 1669 2330 κρατίστου
1713 2259 1808 2313 καὶ
1829 2261 1986 2329 ἁγίου

413 2368 516 2420 μου
542 2353 968 2421 αὐτοκράτορος,
995 2353 1093 2406 καὶ
1116 2351 1311 2422 ἐκρίθη
1332 2352 1611 2422 προσῆκον
1640 2346 1892 2406 εἶναικαὶ
1912 2350 1990 2404 δί-

412 2459 590 2507 καιον,
610 2444 898 2514 ἐπιστῆναι
931 2441 1026 2496 καὶ
1047 2443 1246 2507 αὐτοὺς
1263 2443 1344 2507 είς
1363 2442 1462 2513 τὴν
1484 2442 1724 2507 σύνοδον,
1743 2443 1987 2514 γράψαν-

412 2547 504 2595 τες
533 2531 928 2602 ἐπεσκήψαμεν
952 2532 1137 2597 αὐτοῖς
1160 2532 1467 2604 ἐπιστῆναι,
1496 2532 1648 2588 ἐνθεν
1666 2551 1746 2586 τοι
1771 2533 1866 2587 καὶ
1895 2533 1984 2586 ὑπ’

411 2622 706 2686 ἀσθενείας
738 2624 856 2690 ἅμα
903 2625 1000 2678 καὶ
1031 2626 1218 2695 γήρως
1244 2625 1349 2696 τῆς
1381 2625 1518 2695 πρὸς
1550 2626 1698 2696 ἡμᾶς
1742 2623 1986 2695 ἅψασθαι

413 2713 769 2771 κωλυθέντων
818 2715 914 2768 τοῦ
947 2715 1238 2787 οἰκονόμου
1275 2732 1336 2768 τε
1380 2715 1478 2770 καὶ
1503 2715 1596 2768 106
1641 2714 1987 2786 χαρτοφύλαο

413 2822 530 2869 κος,
557 2806 768 2860 ἄνεισιν
821 2808 849 2860 6
883 2806 1177 2861 σακελλίου
1227 2807 1449 2876 σύναμα
1497 2807 1576 2878 τῷ
1607 2807 1702 2860 ἐπὶ
1751 2805 1988 2877 θυγατρὶ

413 2898 651 2970 γαμϐρῷ
679 2899 778 2951 τοῦ
806 2899 1223 2972 χαρτοφύλακος
1266 2899 1344 2970 τῷ
1376 2901 1672 2970 Παμφίλῳ,
1700 2900 1985 2953 ἐπιστάντι

412 2989 608 3060 δικαίῳ
640 2990 738 3044 τοῦ
774 2991 1020 3045 τοιούτου
1063 2990 1332 3064 πενθεροῦ
1369 2991 1562 3057 αὐτοῦ,
1613 2991 1833 3061 γραφὰς
1864 2993 1985 3044 ἐπι-

415 3082 707 3151 φερόμενοι
749 3085 843 3137 καὶ
875 3086 1058 3138 αὐτῶν
1095 3083 1303 3138 τούτων
1338 3084 1771 3154 άπολογητικάς,
1804 3083 1886 3136 ἐτι
1926 3100 1987 3136 τε

416 3177 512 3230 καὶ
567 3177 765 3230 σεπτὸν
800 3178 1134 3248 πρόσταγμα
1187 3177 1282 3230 τοῦ
1333 3179 1630 3246 κρατίστου
1683 3175 1779 3230 καὶ
1827 3175 1986 3243 ἁγίου

416 3285 520 3337 μου
573 3268 1002 3338 αὐτοκράτορος,
1065 3267 1439 3337 διοριζόμενον
1495 3265 1860 3335 ἐξετασθῆναι
1907 3265 1980 3318 τὰ

2089 2082 2181 2145 λος
2198 2081 2290 2134 τοῦ
2314 2083 2608 2154 κρατίστου
2637 2083 2730 2137 καὶ
2759 2081 2918 2150 ἁγίου
2944 2081 3100 2150 ἡμῶν
3120 2081 3378 2135 αὐθέντου
3395 2082 3487 2135 καὶ
3511 2083 3663 2152 βασι-

2088 2173 2225 2236 λέως
2243 2173 2513 2241 Γεώργιος
2531 2176 2559 2227 6
2579 2173 2846 2242 Ἀγγελος
2862 2173 2922 2227 τὸ
2935 2173 3108 2242 παρὸν
3126 2174 3360 2244 γράμμα
3378 2174 3538 2239 ποιῶ,
3563 2179 3664 2231 κά-

2086 2264 2258 2319 τωθεν
2300 2265 2508 2333 μέλλων
2542 2264 2887 2334 ὐπογράψειν
2918 2265 3071 2331 αὐτὸ,
3101 2265 3169 2319 δι’
3202 2258 3264 2320 οῦ
3288 2264 3353 2334 δὴ
3387 2269 3480 2318 καὶ
3522 2269 3662 2336 λέγω

2088 2356 2181 2408 καὶ
2207 2353 2646 2424 ἐξασφαλίζομαι
2671 2356 2907 2408 ἐνώπιον
2945 2355 3040 2409 τοῦ
3069 2355 3204 2408 Θεοῦ
3227 2357 3322 2410 καὶ
3352 2358 3462 2410 τῶν
3491 2359 3660 2426 ἁγίων

2087 2446 2340 2514 ἀγγέλων
2366 2445 2710 2516 ἀληθεύσειν⁹
2735 2446 2859 2500 ἐπεὶ
2890 2449 3000 2518 γὰρ
3031 2449 3139 2516 πρὸ
3172 2447 3366 2518 καιροῦ
3405 2450 3505 2502 οὐκ
3547 2451 3660 2503 ὀλί-

2087 2555 2189 2607 γου
2243 2537 2514 2601 όΧιόνιος
2567 2537 2871 2607 ἐλεγχθεὶς,
2919 2539 3000 2602 είς
3053 2539 3173 2592 οἵαν
3223 2541 3482 2594 ἐνέπεσεν
3531 2543 3659 2593 ἀσέ-

2089 2631 2275 2696 ϐειαν,
2299 2635 2604 2702 κατήγορος
2642 2631 2836 2699 γέγονε
2889 2630 3200 2702 προσώπων
3245 2633 3430 2699 τινῶν,
3475 2635 3568 2687 καὶ
3593 2635 3658 2703 δὴ

2089 2721 2232 2790 μετά
2274 2720 2384 2774 τῶν
2437 2721 2615 2775 ἀλλων
2667 2720 2763 2774 τοῦ
2826 2720 3116 2775 σακελλίου
3150 2721 3247 2814 ’ἰοῦ
3281 2721 3596 2795 Βρυεννίου·
3627 2727 3662 2794 ἡ

2086 2813 2144 2868 δὲ
2213 2812 2338 2866 κατ’
2359 2812 2527 2866 αὐτοῦ
2575 2813 2886 2883 κατηγορία
2961 2810 3030 2883 ἦν
3077 2810 3305 2882 τοιαύτη
3360 2815 3660 2884 λαληθείσα

2087 2903 2319 2958 ἐνώπιον
2348 2903 2448 2971 τῆς
2479 2903 2814 2974 συγκλήτου,
2869 2905 2951 2956 ὅτι
2985 2905 3190 2975 ἢκουσε
3244 2907 3374 2975 παρ’
3404 2907 3538 2977 ἐμοῦ
3585 2909 3661 2958 εί-

2089 2996 2304 3060 πόντος,
2333 2993 2410 3057 ὡς
2451 2993 2512 3045 οὐ
2541 2992 2760 3059 δοξάζει
2805 2994 3101 3046 ἀνάστασιν
3132 2995 3160 3045 6
3188 2995 3431 3060 τοιοῦτος
3463 2997 3662 3049 σακελ-

2088 3085 2224 3151 λίου,
2251 3084 2550 3138 κάντεῦθεν
2602 3085 2900 3155 ήρωτήθην
2957 3085 3059 3156 μὲν
3087 3087 3184 3139 καὶ
3236 3087 3359 3141 τότε
3394 3089 3498 3141 ὐπὸ
3555 3089 3658 3158 τῆς

2090 3174 2425 3244 συγκλήτου,
2456 3174 2548 3226 καὶ
2589 3168 2743 3226 εἷπον
2775 3174 2872 3226 καὶ
2918 3175 3075 3240 τότε,
3105 3174 3143 3230 ἃ
3197 3175 3378 3246 μέλλω
3426 3181 3522 3232 καὶ
3566 3182 3661 3232 νῦν

2092 3266 2258 3334 ἐρεῖν,
2289 3264 2584 3334 ἡρωτήθην
2613 3263 2672 3316 δὲ
2705 3263 2803 3316 καὶ
2858 3263 2957 3317 νῦν
3010 3265 3115 3317 ὐπὸ
3184 3265 3280 3318 τοῦ
3342 3267 3658 3334 ἁγιωτάτου

415 3358 535 3412 κατ’
573 3359 771 3421 αὐτοὺς
827 3361 922 3414 καὶ
970 3358 1444 3428 ἀποκαταστῆναι.
1484 3358 1596 3412 Καὶ
1640 3358 1712 3428 δὴ,
1759 3357 1980 3410 συνόδου
2006 3345 2054 3369 “¹
2088 3372 2192 3425 μου
2218 3354 2477 3406 δεσπότου
2500 3353 2593 3407 τοῦ
2628 3356 3038 3424 πανιερωτάτου
3079 3357 3478 3428 μητροπολίτου
3527 3360 3661 3412 Θεσ-

416 3450 884 3519 συγκροτηθείσης
914 3449 1156 3515 γίνονται
1190 3449 1270 3511 είς
1303 3448 1474 3520 αὐτὴν
1519 3449 1853 3520 μετάκλητοι
1887 3450 1982 3504 καὶ

413 3542 464 3596 οί
493 3542 619 3612 εὐρε
633 3542 817 3603 θέντες
852 3541 1085 3596 ἐνταῦθα
1116 3542 1215 3612 τῆς
1254 3541 1586 3611 συγκλήτου,
1618 3544 1647 3595 ό
1677 3542 1983 3613 περιπόθη-

414 3653 504 3700 τος
539 3636 786 3707 δηλονότι
820 3635 1109 3706 ἐξάδελφος
1131 3636 1225 3688 τοῦ
1249 3634 1541 3705 κρατίστου
1568 3636 1662 3689 καὶ
1691 3634 1848 3703 ἁγίου
1879 3653 1980 3705 μου

416 3729 819 3799 αὐτοκράτορος
866 3726 973 3798 κῦρ
1040 3726 1383 3796 ’Δνδρόνικος
1434 3728 1462 3778 6
1515 3725 1896 3794 Παλαιολόγος,
1954 3729 1982 3780 6

416 3822 792 3892 συμπένθερος
814 3810 909 3872 τοῦ
938 3819 1236 3888 κρατίστου
1271 3821 1362 3872 καὶ
1396 3815 1556 3884 ἁγίου
1582 3833 1684 3886 μου
1714 3818 1982 3886 αὐτοκρά-

411 3928 569 3982 τορος
601 3913 693 3965 ἐπὶ
721 3911 821 3980 τῆς
849 3908 1154 3982 τραπέζης,
1202 3905 1308 3978 κῦρ
1342 3906 1616 3978 Γεώργιος
1647 3906 1921 3976 Χοῦμνος,
1952 3909 1980 3960 ό

411 4006 554 4066 θεῖος
580 4002 676 4056 τοῦ
726 4002 1025 4074 κρατίστου
1060 4001 1154 4054 καὶ
1198 3999 1360 4068 ἁγίου
1399 4015 1501 4068 μου
1551 3999 1977 4068 αὐτοκράτορος,

412 4099 587 4168 μέγας
618 4094 977 4165 δρουγγάριος
1021 4093 1126 4164 κῦρ
1158 4131 1176 4149 .
1220 4130 1238 4149 .
1276 4131 1291 4148 .
1322 4094 1349 4144 6
1383 4091 1674 4161 Τορνίκης,
1709 4093 1739 4143 6
1777 4093 1980 4152 οἰκεῖος

409 4190 488 4260 τῷ
524 4189 801 4259 κρατίστῳ
831 4187 926 4241 καὶ
975 4187 1118 4258 ἁγίῳ
1150 4203 1253 4257 μου
1288 4185 1656 4254 αὐτοκράτορι
1698 4185 1980 4255 πρωτοαλ-

410 4283 666 4352 λαγὰτωρ
695 4282 803 4351 κῦρ
834 4317 852 4334 .
887 4318 902 4336 .
939 4317 953 4332 .
987 4316 1005 4334 .
1042 4318 1058 4338 .
1093 4279 1187 4330 καὶ
1230 4277 1434 4347 ἕτεροι,
1466 4275 1892 4348 ἀρχιμανδρῖταί
1919 4292 1980 4328 τε

414 4377 512 4429 σὺν
553 4372 770 4436 τούτοις
798 4372 894 4425 καὶ
942 4369 1344 4440 καθηγούμενοι
1377 4370 1485 4422 τῶν
1530 4365 1769 4422 ἐνταῦθα
1813 4366 1981 4420 σεϐα·

417 4465 594 4534 σμίων
629 4462 805 4531 μονῶν
836 4459 933 4514 καὶ
980 4459 1090 4512 ἀπὸ
1121 4458 1229 4513 τῶν
1268 4457 1584 4528 προκρίτων
1619 4455 1854 4508 πολιτῶν
1881 4458 1983 4508 οὐκ

411 4556 604 4623 ὀλίγοι,
648 4554 963 4623 παράγεται
1014 4551 1070 4603 δέ
1097 4551 1192 4604 καὶ
1222 4551 1251 4601 ό
1276 4551 1488 4612 Χιόνιος
1531 4549 1622 4602 ἐπὶ
1661 4547 1756 4602 τοῦ
1786 4549 1980 4616 μέσου,

2087 3443 2402 3516 σαλονίκης,
2437 3444 2745 3514 ὐπερτίμου
2795 3443 2893 3497 καὶ
2951 3443 3186 3516 ἐξάρχου
3218 3448 3400 3516 πάσης
3457 3448 3659 3501 Θεττα-

2083 3535 2228 3600 λίας,
2283 3534 2400 3599 μετ’
2432 3535 2712 3604 ἐπιτιμίου
2747 3536 3061 3606 ἀφορισμοῦ
3097 3537 3330 3590 ἐνώπιον
3359 3537 3454 3592 τοῦ
3503 3557 3660 3608 περι-

2083 3624 2324 3696 ποθήτου
2385 3624 2640 3696 γαμϐροῦ
2678 3625 2774 3678 τοῦ
2808 3627 3099 3696 κρατίστου
3146 3630 3240 3681 καὶ
3297 3629 3456 3697 ἁγίου
3499 3631 3660 3700 ἡμῶν

2085 3713 2342 3768 αὐθέντου
2377 3717 2474 3769 καὶ
2510 3713 2778 3785 βασιλέως
2809 3715 2907 3768 τοῦ
2940 3718 3236 3788 πιγκέρνη,
3295 3723 3406 3772 τῶν
3436 3720 3654 3772 οἰκείων

2083 3804 2161 3874 τῷ
2191 3807 2467 3876 κρατίστῳ
2505 3809 2602 3862 καὶ
2627 3807 2771 3878 ἁγίῳ
2804 3807 2961 3879 ἡμῶν
3001 3809 3234 3881 αὐθέντῃ
3280 3811 3374 3864 καὶ
3420 3806 3661 3880 βασίλεί,

2083 3897 2475 3954 πανσεϐἀστου
2514 3900 2764 3970 ἐπάρχου
2796 3901 2905 3952 τῶν
2942 3880 3698 3974 μεγάλωνῗὰδνουμιαστῶν,..

2083 3991 2177 4044 τοῦ
2211 4007 2271 4045 τε
2311 3991 2516 4046 ’Υαλέα
2547 3989 2672 4061 κῦρ’
2713 3982 2981 4059 Ἀλεξίου,
3023 3993 3117 4045 καὶ
3149 3993 3245 4045 τοῦ
3282 3995 3525 4048 Κωκαλᾶ
3550 3994 3664 4065 κῦρ

2087 4087 2393 4158 Γεωργίου,
2427 4085 2521 4137 τοῦ
2556 4084 2747 4156 κριτοῦ
2779 4083 2875 4137 τοῦ
2933 4085 3344 4155 θεοφρουρήτου
3402 4089 3663 4154 φωσάτουί

2083 4179 2178 4232 τοῦ
2208 4176 2574 4246 Σεναχηρεὶμ,
2606 4173 2700 4227 τοῦ
2725 4175 3106 4245 ἑταιρειάρχου
3128 4176 3222 4228 τοῦ
3241 4175 3658 4248 Γλαϐἄ,παρόν-

2082 4290 2171 4334 τος
2195 4270 2292 4324 καὶ
2308 4269 2398 4323 τοῦ
2432 4267 2715 4321 καθολικοῦ
2745 4265 2932 4337 κριτοῦ
2955 4267 3062 4319 τῶν
3092 4265 3655 4338 Ῥωμαίων.μεγάλου

2083 4362 2358 4431 διοικητοῦ
2411 4357 2508 4412 τοῦ
2536 4359 2740 4424 Γλαϐἄ,
2776 4356 2880 4428 ήδη
2907 4357 3029 4410 ὅσον
3057 4358 3334 4425 γινώσκω,
3381 4359 3462 4412 ὅτι
3503 4353 3658 4410 εἷπον

2086 4454 2323 4525 βεϐαίως
2357 4452 2448 4504 καὶ
2471 4449 2944 4520 ὁμολογουμένως,
2977 4449 3121 4516 λέγω
3179 4449 3336 4501 τοῦτο
3369 4451 3509 4519 μετά
3552 4452 3656 4502 πά-

2086 4561 2184 4613 σης
2220 4542 2501 4612 ἀληθείας,
2536 4539 2886 4611 μεμνημένος
2936 4539 3036 4606 μὲν
3085 4539 3180 4590 καὶ
3237 4539 3342 4606 τῆς
3361 4539 3454 4591 τοῦ
3509 4539 3646 4591 Θεοῦ

412 4648 508 4700 καὶ
534 4646 642 4699 τῶν
668 4641 1086 4712 ἁπολογητικῶν
1125 4642 1471 4710 γραμμάτων
1522 4639 1980 4708 ἀναγνωσθέντων
2014 4655 2058 4710 ι)
2087 4636 2323 4706 φοϐερᾶς
2373 4635 2629 4703 κρίσεως,
2665 4631 2876 4700 βλέπων
2908 4631 2966 4682 δὲ
3011 4633 3106 4683 καὶ
3143 4633 3281 4701 πρὸς
3332 4632 3424 4683 τὸν
3469 4635 3653 4683 ἐπιτξη

411 4742 470 4792 ἐν
504 4737 730 4807 ἐπηκόῳ
761 4736 855 4788 καὶ
881 4732 1188 4798 διεξιόντων
1211 4733 1347 4802 πρὸς
1375 4735 1489 4793 τοῖς
1513 4733 1714 4796 ἄλλοις,
1748 4731 1842 4784 τοῦ
1882 4733 1980 4800 μὲν

410 4831 722 4899 οἰκονόμου,
752 4828 826 4890 ὡς
853 4823 1110 4894 οὐδεμίαν
1136 4819 1248 4892 εἶχε
1279 4823 1400 4890 μετ’
1428 4822 1596 4876 αὐτοῦ
1633 4822 1980 4877 οὐδεπώποτε

414 4923 700 4976 κοινωνίαν
735 4920 770 4989 ἦ
800 4935 920 4972 τινα
951 4915 1169 4985 ὁμιλίαν
1197 4918 1224 4969 6
1255 4915 1492 4976 Χιόνιος,
1525 4913 1639 4966 ἀλλ’
1673 4913 1761 4968 ἀεὶ
1784 4914 1877 4967 καὶ¹
1912 4913 1979 4965 δι’

412 5016 611 5086 ἔχθρας
645 5009 713 5083 ἦν
746 5013 884 5080 πρὸς
914 5009 1100 5073 αὐτὸν,
1123 5007 1217 5060 τοῦ
1250 5005 1668 5076 χαρτοφύλακος
1699 5006 1777 5072 δὲ,
1811 5006 1884 5066 ὡς
1912 5004 1977 5055 δι’

411 5109 564 5162 οὐδὲν
601 5105 752 5170 ἄλλο,
787 5103 906 5156 ἀλλ’
940 5101 972 5170 ἢ
1007 5101 1094 5153 διὰ
1126 5100 1224 5170 τὴν
1258 5097 1562 5168 εἰρημένην
1607 5098 1866 5166 ἀνωτέρω
1892 5100 1978 5149 αξ-

410 5201 529 5254 τίαν
555 5201 655 5268 τῆς
687 5200 764 5258 εἰς
813 5195 1013 5255 αὐτοὺς
1047 5194 1248 5263 ἔχθρας
1281 5194 1345 5243 τά
1386 5190 1614 5244 τοιαῦτα
1648 5189 1769 5242 κατ’
1800 5190 1979 5240 αὐτῶν

409 5294 676 5362 ἐλάλησεν
705 5293 733 5342 6
767 5290 1002 5352 Χιόνιος,
1031 5286 1139 5338 τῶν
1172 5285 1433 5336 τοιούτων
1470 5283 1814 5353 γραμμάτων
1849 5285 1979 5333 ἐπα-

334 5452 342 5458 _
412 5384 727 5454 κροώμενος
760 5379 852 5431 καὶ
903 5376 1069 5439 αὐτὸς
1102 5374 1424 5442 διωμολόγει
1459 5375 1527 5424 τὰ
1565 5371 1854 5442 εἰρημένα,
1889 5372 1979 5421 καὶ

411 5477 616 5544 ταύτην
651 5470 792 5527 εἶναι
829 5472 927 5523 καὶ
959 5470 1129 5539 μόνην
1163 5467 1317 5536 ἔλεγε
1346 5467 1444 5535 τὴν
1475 5465 1678 5527 αίτίαν,
1707 5464 1772 5515 δι’
1795 5466 1858 5534 ἦν
1889 5465 1980 5514 καὶ

413 5567 535 5622 κατ’
562 5567 744 5620 αὐτῶν
790 5563 1055 5636 ἐξηνέχθη
1114 5562 1193 5632 τῷ
1226 5560 1368 5626 τότε,
1406 5559 1596 5627 ἐπειδὴ
1626 5556 1770 5608 οῦτοι
1818 5557 1978 5606 κατέ-

409 5678 553 5730 γνων
586 5658 750 5711 αὐτοῦ
798 5657 893 5709 καὶ
939 5652 1382 5724 κατεψηφίσαντο
1431 5651 1859 5718 ἐκφα-λλίσαντες
1891 5649 1977 5700 ἐπ’

420 5752 745 5822 Ἐκκλησίας
776 5751 1061 5818 πρότερον,
1091 5744 1209 5800 εἶτα
1227 5747 1318 5800 καὶ
1340 5743 1638 5812 καθείρχθη
1669 5740 1758 5794 ὐπ’
1785 5742 1978 5799 αἰτίοις

411 5846 618 5905 αὐτοῖς,
654 5841 729 5912 μὴ
770 5840 1074 5892 συνειδέναι
1111 5837 1166 5889 δέ
1198 5855 1248 5888 τι
1305 5835 1426 5890 κατ’
1455 5834 1637 5885 αὐτῶν
1667 5829 1976 5890 διετείνετο,

416 5941 575 6011 ἡμῶν
605 5939 660 5990 δὲ
689 5935 864 5989 καίτοι
898 5933 1063 5988 πο).λὰ
1092 5933 1251 5986 αὐτὸν
1288 5927 1657 6001 βιασαμένων,
1686 5926 1735 5974 είῗ
1769 5937 1819 5974 τι
1855 5920 1970 5974 σύν-

2086 4729 2248 4782 θέντα
2306 4743 2400 4794 μοι
2459 4725 2582 4793 μετ’
2611 4723 2891 4793 ἐπιτιμίου
2947 4725 3277 4793 ἀφορισμόν.
3347 4723 3498 4776 Ἐπεὶ
3546 4725 3657 4793 γὰρ

2085 4821 2274 4890 ἐδέησε
2328 4816 2583 4885 γενέσθαι
2631 4815 2912 4882 διοζύγιον
2967 4817 3120 4884 παρά
3170 4816 3270 4884 τῆς
3330 4815 3656 4881 Ἐκκλησίας

2085 4911 2218 4980 ἐμοῦ
2245 4925 2302 4961 τε
2322 4909 2533 4977 καὶτῆς
2559 4907 2811 4975 γυναικός
2843 4925 2968 4977 μου,
2997 4904 3061 4978 ἦς
3081 4903 3245 4977 εἶχον,
3267 4907 3450 4974 ἐδέησε
3478 4909 3531 4958 δε
3567 4925 3657 4973 γε-

2083 5002 2268 5056 νέσθαι
2297 5001 2580 5071 ὑπηρέτην
2620 5000 2716 5053 τοῦ
2752 4999 3000 5052 τοιούτου
3067 4999 3395 5070 γράμματος
3433 5002 3523 5050 τὸν
3566 5001 3660 5068 δη-

2082 5095 2327 5148 λωθέντα
2376 5094 2680 5152 σακελλίου,
2743 5086 2858 5160 εἶχε
2903 5091 2958 5142 δὲ
2997 5089 3185 5161 ὕϐρεις
3241 5089 3365 5142 κατ’
3405 5089 3540 5159 ἐμοῦ
3596 5092 3660 5139 τ’).

2083 5187 2325 5238 τοιοῦτον
2365 5183 2665 5249 διαζύγιον,
2695 5182 2961 5252 λυπηθεὶς
3023 5179 3134 5250 ἐγὼ
3162 5181 3277 5248 ἁμα
3312 5182 3412 5250 μὲν
3441 5183 3532 5232 καὶ
3564 5180 3654 5231 διὰ

2084 5277 2358 5344 κεφάλαιά
2406 5293 2524 5328 τινα
2568 5275 2665 5343 τῆς
2715 5273 2949 5344 κρίσεως
3010 5273 3526 5344 ἐμπεριειλημμένα
3572 5269 3653 5339 τῷ

2084 5370 2306 5436 τοιούτῳ
2337 5368 2623 5434 διαζυγίῳ,
2654 5365 2741 5434 ἐφ’
2771 5361 2853 5429 οἷς
2911 5364 3258 5434 ἐλογιζόμην,
3293 5365 3375 5416 ὅτι
3435 5362 3652 5431 ἡδικορο

2085 5479 2215 5529 μην,
2247 5461 2361 5528 ἅμα
2393 5461 2445 5511 δὲ
2481 5460 2571 5512 καὶ
2599 5459 2687 5511 διὰ
2709 5459 2766 5510 τὶν
2812 5457 2946 5508 πολὺ
2976 5458 3072 5509 καὶ
3104 5457 3338 5526 σκληρὸν
3375 5454 3470 5507 καὶ
3517 5454 3654 5520 ἁφό-

2083 5570 2244 5623 ρητον
2276 5553 2383 5640 τιῖἐν
2419 5553 2536 5605 κατ’
2563 5550 2696 5620 ἐμοῦ
2737 5550 2950 5621 ὐϐρεων
3014 5551 3329 5620 ἐξηνέχθην,
3379 5546 3654 5616 ὁμολογῶ,

2082 5648 2177 5698 κκὶ
2208 5641 2380 5696 εἷπον⁶
2416 5644 2611 5712 Κύριε,
2643 5644 2891 5712 ἐλέησον⁶
2931 5644 3022 5694 καὶ
3058 5641 3305 5694 πιστεύει
3355 5643 3382 5692 6
3434 5639 3650 5708 γράψας

2081 5736 2253 5790 ταῦτα
2279 5734 2572 5788 ἀνάστασιν
2605 5737 2636 5804 ἧ
2664 5737 2864 5804 κρίσιν,
2895 5734 2989 5785 καὶ
3031 5733 3234 5802 γράφει
3260 5730 3488 5784 τοιαῦτα
3523 5724 3643 5781 κατ’

2082 5829 2215 5898 ἐμοῦ
2250 5847 2264 5892 ;
2305 5829 2394 5889 Ὠς
2435 5828 2708 5894 φαίνεται,
2748 5826 2948 5894 ἀσεϐής
2978 5827 3118 5891 ἐστι,
3147 5825 3240 5876 καὶ
3270 5822 3544 5876 διαϐάλλει
3573 5832 3650 5887 με

2081 5921 2277 5985 οὕτως,
2315 5921 2394 5972 ὅτι
2426 5919 2714 5990 περιπατῶ
2751 5917 2860 5985 ἐγὼ
2893 5919 2972 5978 εἰς
2998 5917 3273 5986 καπηλεῖα
3297 5917 3389 5968 καὶ
3422 5917 3660 5982 αὸιαςροτ,
