4046 6480
303 418 442 483 ηῗῖι

1359 411 1756 472 ’ΞΥΝΟΒΙΟΑΞ
1793 407 2492 474 CONSTITUTIONES.

3421 401 3575 467 1326
3607 454 3622 460 -

298 535 509 603 κτῆρας
541 529 637 582 καὶ
667 527 983 596 ἐπικλήσεις
1016 525 1290 594 δαιμόνων
1320 524 1636 580 ἐκτίθεσθαι
1659 526 1757 578 καὶ
1791 521 1880 577 διὰ
1915 530 1961 587 Α
1998 535 2163 592 τοχον
2203 519 2314 573 ἀπὸ
2345 520 2451 572 τῶν
2483 517 2741 593 τοιούτων
2771 517 3047 588 ἀθεμίτων
3089 517 3184 571 καὶ
3235 515 3454 570 ἀτόπων
3483 518 3576 586 ἐρ·
3599 507 3614 522 ⁸

297 625 474 680 ταῦτα
510 619 712 685 ἱκανῶς
742 618 1152 689 τιμωρηθέντα,
1185 613 1378 670 ἔπειτα
1402 617 1461 670 δέ
1488 615 1584 668 καὶ
1609 617 1685 680 είς
1708 615 1770 669 τὸ
1805 616 1882 668 ἱε-

303 717 397 787 ρδν
425 715 698 768 ἐκδικεῖον
729 711 1220 782 παραπεμφθέντα
1249 709 1354 762 ἐπὶ
1386 708 1467 778 τῷ
1496 707 1686 763 λαϐεῖν
1713 706 1880 778 θερα-

300 806 466 860 πείαν
496 806 593 858 καὶ
614 801 1166 873 ἐξομολογησάμενον
1219 799 1318 852 καὶ
1350 797 1880 868 ἀποθεραπευθῆναι

301 894 469 949 αὑτοῦ
501 895 569 948 τά
595 893 695 947 τοῦ
729 894 1050 962 σφάλματος
1104 890 1388 962 δεηθέντα,
1424 889 1692 960 τάττομεν
1720 889 1883 942 αὑτὸν

301 986 556 1040 ἵστασθαι
586 985 692 1051 ἐξω
720 983 824 1053 τῆς
865 983 1207 1053 Ἐκκλησίας
1233 981 1547 1053 ψαλλούσης
1597 981 1694 1034 καὶ
1742 997 1874 1049 συγ-

302 1079 548 1151 χώρησιν
569 1076 867 1143 αίτεῖσθαι,
904 1075 982 1140 ὡς
1021 1075 1165 1143 ἐθος,
1219 1075 1372 1146 παρά
1415 1073 1527 1127 τῶν
1557 1070 1882 1144 είσερχομέ-

302 1190 407 1223 νων
439 1170 694 1223 ἀπάντων
731 1168 828 1220 καὶ
849 1165 1246 1237 ἐξερχομένων,
1286 1165 1428 1235 μετά
1457 1164 1515 1218 δέ
1549 1165 1649 1233 τὴν
1678 1163 1881 1218 ἀπόλυ-

302 1279 385 1314 σιν
411 1259 758 1331 είσέρχεσθαε
789 1259 885 1313 καὶ
907 1259 1256 1326 προσκυνεῖν
1283 1257 1373 1312 καὶ
1395 1255 1742 1320 ἀσπάζεσθαι
1781 1253 1883 1317 τὰς

299 1353 463 1419 ἁγίας
485 1354 725 1416 εἰκόνας,
756 1351 1042 1420 νηστεύειν
1072 1365 1132 1402 τε
1172 1347 1438 1412 όλοτελῶς
1485 1347 1742 1417 κρέατος,
1788 1361 1882 1397 τυ-

305 1444 408 1515 ροῦ
445 1483 462 1509 ,
492 1442 765 1511 γάλακτος
818 1440 915 1494 καὶ
939 1440 1088 1503 ὠῶν,
1133 1439 1309 1492 ποιεῖν
1339 1438 1476 1508 πρὸς
1525 1437 1737 1500 τούτοις
1787 1435 1882 1490 καὶ

303 1535 594 1604 μετανοίας
624 1533 748 1588 καθ’
784 1534 1004 1604 ἡμέραν
1028 1531 1374 1596 ἀνά,ἐκατὴν,
1401 1529 1569 1602 χωρὶς
1591 1529 1879 1584 Σαϐϐἀτου

301 1629 394 1682 καὶ
431 1627 726 1698 Κυριακῆς
755 1627 852 1680 καὶ
892 1625 1002 1680 τῶν
1043 1624 1224 1678 ἄλλων
1270 1621 1620 1678 δεσποτικῶν
1650 1622 1880 1692 ἐορτῶν,

299 1723 421 1776 τότε
460 1722 518 1775 δὲ
546 1720 728 1788 λέγειν
781 1719 860 1778 είς
919 1716 1229 1787 διπλασμὸν
1279 1715 1488 1769 τούτων
1536 1715 1620 1779 τδ,
1675 1714 1878 1784 Κύριε,

297 1813 588 1882 ἐλέησον,
613 1811 753 1882 μετά
779 1805 1134 1873 κατανύξεως
1155 1808 1251 1860 καὶ
1283 1806 1583 1878 συντριϐῆς
1619 1806 1722 1878 τῆς
1782 1806 1882 1861 αὑ.

298 1906 394 1958 τοῦ
430 1904 684 1974 καρδίας,
755 1901 838 1954 ἐτι
865 1901 924 1954 δὲ
985 1899 1317 1964 σπουδάζειν
1357 1901 1658 1972 σωφρόνως
1708 1898 1884 1970 βιοῦν,
1911 1885 1966 1946 Β

296 1997 396 2052 καὶ
447 1997 611 2066 εῖπερ
654 1995 717 2048 οὑ
771 1993 1002 2047 δύναται
1063 1991 1527 2062 ἐγκρατεύεσθαι,
1578 1990 1884 2062 ἀγαγέσθαι

296 2088 495 2143 ἐαυτοῦ
531 2087 630 2141 καὶ
653 2087 896 2153 γυναῖκα
919 2083 1152 2154 νόμιμον
1183 2083 1396 2155 είδήσει
1423 2084 1518 2137 καὶ
1562 2083 1665 2154 τῆς
1714 2085 1882 2154 ἀγίας

311 2179 639 2249 Ἐκκλησίας
670 2175 766 2231 τοῦ
791 2175 950 2229 Θεοῦ·
1004 2178 1182 2232 ποιεῖν
1205 2175 1270 2230 δέ
1305 2176 1405 2231 καὶ
1466 2177 1882 2250 ἐλεημοσύνην,

297 2270 481 2333 καθὼς
526 2267 680 2339 αὑτῷ
731 2267 1026 2338 δυνάμεως
1075 2268 1174 2322 καὶ
1255 2267 1523 2340 εὐπορίας
1597 2269 1881 2340 πρόσεστι.

297 2362 454 2416 Μετὰ
487 2361 544 2414 δέ
574 2359 848 2431 τριετίαν,
877 2360 1040 2430 είπερ
1083 2358 1389 2428 ἀναφανείη
1428 2357 1734 2430 προθύμως
1791 2360 1886 2413 ἐκ·

295 2449 566 2504 δουλεύων
611 2450 706 2503 καὶ
771 2449 1078 2519 ἐκπληρῶν
1137 2450 1209 2503 τά
1239 2447 1472 2504 δοθέντα
1505 2449 1661 2519 αὑτῷ
1713 2450 1887 2504 ταῦτα

298 2542 578 2612 ἐπιτίμια,
608 2541 1106 2611 οίκονομηθήσεται
1140 2540 1264 2594 τότε
1293 2540 1366 2595 τὰ
1399 2541 1524 2596 κατ’
1559 2542 1729 2596 αὐτὸν
1791 2542 1886 2596 καὶ

302 2634 442 2704 μετὰ
470 2633 716 2696 πλείονος
747 2632 1243 2701 συγκαταϐάσεως,
1277 2633 1354 2697 ὡς
1379 2631 1449 2686 ἂν
1495 2632 1624 2706 δόξῃ
1645 2635 1716 2706 τῇ
1752 2633 1882 2688 Ἐκ·

303 2724 503 2794 κλησίᾳ
533 2721 670 2778 Θεοῦ
701 2724 1010 2796 προσῆκον.
1070 2725 1184 2794 Τῆς
1213 2723 1406 2795 μέντοι
1439 2724 1603 2794 ἁγίας
1634 2726 1879 2797 μεταλη-

299 2817 451 2888 ψεως
484 2816 719 2870 καὶτῶν
773 2816 953 2872 ἀλλων
1000 2816 1382 2886 ἀγιασμάτων
1427 2817 1696 2889 ἀμέτοχον
1741 2814 1886 2874 εἶναι

304 2908 473 2980 μέχρι
506 2907 967 2978 συμπληρώσεως
1021 2911 1124 2978 τῆς
1165 2907 1333 2963 αὑτοῦ
1368 2908 1580 2979 βιοτῆς.
1640 2911 1705 2964 El
1735 2911 1794 2966 δέ
1819 2927 1885 2978 γε

302 2999 466 3062 νόσος
495 2999 644 3070 αὐτῷ
679 2999 1048 3071 ἐπισυμϐαίη,
1099 2999 1334 3056 θάνατον
1370 2999 1698 3067 ἀπειλοῦσα,
1749 3001 1887 3067 ἐξετ-

299 3108 390 3144 ναι
425 3091 574 3162 αὑτῴ
601 3091 712 3146 τῶν
743 3091 1032 3161 ἀχράντων
1056 3091 1378 3164 μυστηρίων
1414 3093 1882 3165 μεταλαμϐάνειν·

299 3182 556 3255 ῥαῖσαντι
610 3183 668 3237 δὲ
706 3183 807 3254 τῆς
837 3183 997 3237 νόσου
1057 3185 1156 3237 καὶ
1180 3186 1262 3247 εἰς
1311 3185 1501 3254 ὑγείαν
1535 3186 1886 3242 ἐπανελθόντι

299 3273 396 3325 τοῦ
431 3271 597 3326 αὑτοῦ
622 3272 849 3337 κανόνος
879 3271 1104 3342 ἔχεσθαι
1141 3275 1311 3346 μέχρι
1333 3275 1438 3344 τῆς
1472 3275 1642 3330 αὑτοῦ
1699 3277 1886 3330 τελευ-

297 3364 419 3432 τῆς,
443 3362 516 3425 ὡς
553 3363 792 3434 εῑρηται.
836 3364 965 3418 Ἐπὶ
988 3364 1207 3429 τούτοις
1237 3365 1296 3419 δὲ
1327 3365 1538 3433 ὀφείλει
1589 3369 1650 3421 ἐν
1682 3367 1874 3439 μνήμῃ

299 3456 449 3525 ἔχειν
487 3457 582 3508 καὶ
612 3457 910 3523 φυλάττειν
939 3457 1386 3528 ἀπαράθραυστα
1417 3459 1519 3512 καὶ
1549 3457 1884 3528 ἀμετάθετα,

297 3551 398 3601 ὅσα
442 3548 511 3602 δι’
549 3549 834 3620 ἐγγράφου
870 3548 1038 3603 αὑτοῦ
1065 3550 1359 3619 ὑπέσχετο,
1395 3552 1492 3604 καὶ
1529 3551 1630 3606 ὅσα
1655 3552 1708 3605 οί
1743 3551 1885 3622 ὑπὲρ

297 3639 466 3692 αὑτοῦ
492 3640 696 3708 ἐγγύας
749 3639 1046 3704 δεδωκότες
1094 3641 1354 3709 φυλάξειν
1407 3642 1571 3696 αὑτὸν
1617 3643 1884 3713 διωμολό-

299 3747 480 3798 γησαν
537 3732 632 3783 καὶ
665 3731 1130 3801 ἐξησφαλίσαντο.
1195 3733 1322 3786 Ἐπὶ
1372 3732 1573 3786 τούτου
1623 3735 1734 3804 γὰρ
1786 3737 1884 3790 καὶ

299 3821 631 3874 ἀπολέλυται
662 3821 812 3892 αὐτῷ
845 3823 1028 3876 καὶτὸ
1062 3823 1242 3894 παρὸν
1270 3824 1541 3893 σιγίλλιον
1599 3826 1698 3880 τοῦ
1732 3826 1882 3898 ίεροῦ

296 3913 573 3968 ἐκδικείου
599 3915 694 3984 τῆς
730 3915 1044 3986 ἁγιωτάτης
1071 3918 1332 3990 Μεγάλης
1361 3919 1458 3974 τοῦ
1491 3920 1627 3975 Θεοῦ
1651 3921 1885 3993 Ἐκκλη-

298 4006 420 4069 σίας
447 4005 514 4059 δι’
543 4007 851 4076 ἀσφάλειαν
883 4009 1013 4080 μηνὶ
1036 4009 1334 4086 Νοεμϐρίῳ
1363 4012 1465 4067 ίνδ.
1497 4013 1756 4084 ἑϐδόμης.

299 4136 414 4195 γυ.
449 4138 682 4196 Joannes
711 4143 904 4198 iterum
937 4124 1196 4200 admonet.
1216 4145 1550 4204 Tzerentzcm
1573 4148 1878 4222 Georgium.

371 4274 412 4346 τι
456 4276 677 4350 Ἐπειδὴ
713 4281 744 4332 ό
774 4279 1122 4353 Τζερέντζης
1159 4282 1440 4354 Γεώργιος
1474 4287 1552 4351 είς
1585 4287 1882 4359 ἀθεμίτους

297 4369 395 4422 καὶ
447 4369 685 4434 ἀτόπους
729 4372 963 4442 πράξεις
1019 4375 1352 4447 Ἐκκλησίας
1413 4379 1514 4433 καὶ
1578 4381 1881 4445 ουνοδικῶς

295 4461 661 4531 ἀπελεγχθεὶς
691 4464 779 4517 ἐπ’
809 4466 1024 4532 αὑταῖς,
1046 4469 1328 4539 ἐκρατήθη
1363 4471 1558 4526 ἔπειτα
1604 4474 1684 4537 είς
1709 4473 1881 4542 φυλα-

297 4552 403 4622 κην
435 4553 525 4607 διὰ
548 4554 608 4606 τὸ
645 4554 726 4606 ὅτι
758 4555 984 4608 ἐπέθετο
1013 4559 1112 4610 καὶ
1142 4563 1312 4630 φυγῇ,
1343 4561 1656 4633 ἀνήνεγκαν
1703 4565 1760 4618 δὲ
1786 4567 1880 4620 καὶ
1915 4590 1960 4647 υ

296 4646 684 4713 παρεκάλεσαν
714 4646 850 4714 περὶ
882 4648 1050 4702 αὑτοῦ
1076 4651 1128 4703 οί
1157 4654 1304 4707 κατά
1348 4651 1504 4721 γένος
1533 4657 1685 4728 αὑτῷ
1713 4676 1880 4728 προσ-

297 4739 550 4806 ήκοντες,
582 4738 676 4804 καὶ
709 4739 956 4812 ἀπελύθη
983 4742 1085 4810 μὲν
1117 4737 1274 4808 οὗτος
1315 4745 1420 4818 τῆς
1471 4750 1722 4820 φυλακῆς
1765 4755 1882 4824 ὁρι-

299 4830 426 4902 σμῷ
454 4830 550 4884 τοῦ
571 4832 636 4885 ἐκ
664 4830 802 4884 Θεοῦ
840 4833 1138 4902 κρατίστου
1165 4836 1263 4890 καὶ
1291 4837 1454 4905 ἁγίου
1488 4856 1589 4910 μου
1613 4841 1883 4913 αὐτοκρά-

295 4939 476 4990 τορός,
512 4923 800 4994 ἀνηρτήθη
843 4923 901 4978 δὲ
939 4925 1008 4979 τά
1040 4926 1352 4981 κατάὑτδν
1405 4929 1622 4983 ἐκεῖθεν
1663 4933 1744 4993 εἰς
1781 4932 1883 5001 τὴν

296 5017 424 5070 καθ’
472 5018 618 5086 ἡμᾶς
644 5017 800 5086 ἱερὰν
829 5019 924 5072 καὶ
955 5017 1111 5070 θείαν
1148 5018 1394 5084 σύνοδον,
1456 5022 1761 5076 κάντεῦθεν
1784 5025 1883 5079 καὶ

299 5109 579 5177 ἐδόθησαν
614 5107 764 5178 αὑτῷ
787 5109 928 5162 κατὰ
957 5109 1058 5180 τὴν
1083 5111 1182 5180 τῆς
1232 5111 1562 5182 Ἐκκλησίας
1593 5117 1882 5186 συνήθειαν

299 5202 553 5269 ἐπιτίμια
587 5199 828 5267 ἀνάλογα
859 5203 969 5263 τοῖς
998 5203 1264 5266 τοιούτοις
1318 5205 1488 5258 αὑτοῦ
1539 5208 1876 5278 πταίσμασι,

301 5294 566 5351 δεδώκασι
597 5292 654 5346 δέ
685 5293 781 5346 καὶ
809 5294 1016 5360 ἐγγύας
1045 5293 1188 5365 ὑπὲρ
1216 5297 1383 5350 αὑτοῦ
1420 5299 1471 5350 οί
1499 5300 1609 5352 ἀπὸ
1657 5300 1754 5352 τοῦ
1787 5301 1880 5368 γέ-

297 5401 424 5443 νους
447 5383 610 5436 αὑτοῦ
636 5383 725 5437 διὰ
759 5385 1116 5454 γράμματος,
1168 5390 1312 5440 κατᾶ
1352 5389 1516 5461 μέρος
1568 5390 1884 5462 διαλαμϐά-

298 5493 506 5539 νοντος,
546 5478 649 5530 ὅσα
679 5475 939 5545 φυλάξειν
985 5479 1148 5532 αὑτὸν
1187 5481 1630 5556 ὑπισχνοῦνται,
1697 5485 1884 5550 καθὼς

300 5568 560 5641 ἀπῃτήθη
591 5569 745 5637 παρά
778 5571 877 5638 τῆς
918 5571 1247 5641 Ἐκκλησίας
1279 5574 1442 5639 Θεοῦ,
1486 5576 1803 5632 ἀπολύουσα
1823 5582 1884 5633 τὸ

300 5646 478 5731 παροδ
501 5662 740 5731 γράμμα
797 5663 1163 5735 ήμετριότης
1227 5665 1384 5735 ἡμῶν
1440 5671 1883 5741 παρακελεύεται

302 5754 398 5805 καὶ
418 5752 509 5805 διὰ
536 5750 726 5804 τούτου
757 5753 894 5820 πρὸς
947 5753 1133 5817 αὑτὸν,
1178 5754 1266 5808 ἵνα
1298 5758 1611 5830 συντηρηθῇ
1658 5763 1752 5813 καὶ
1786 5779 1886 5829 φυ.

305 5841 440 5915 λάξει
473 5843 668 5898 ἑαυτὸν
692 5840 788 5894 τοῦ
815 5843 1001 5895 λοιποῦ
1031 5850 1123 5897 καὶ
1157 5847 1236 5907 είς
1266 5848 1326 5900 τὸ
1382 5848 1703 5922 ἔμπροσθεν
1745 5854 1882 5924 ἁμέ-

629 5939 900 5996 PATROL.
930 5940 972 5993 0
985 5956 1044 5997 ιι.
1081 5939 1258 5999 CL".

1989 613 2230 681 γασιῶν,
2257 611 2353 665 καὶ
2375 611 2533 666 οὐδὲν
2560 612 2810 683 τολμήσῃ
2843 611 3162 681 παραϐῆναί
3181 627 3233 664 τι
3251 611 3352 680 τῆς
3380 611 3572 664 τοιαύ-
3646 606 3655 617 ’

1987 708 2088 774 της
2131 703 2275 774 ὑπὲρ
2299 703 2471 758 αὑτοῦ
2505 703 2856 774 ὑποσχέσεως
2890 703 2990 756 καὶ
3017 702 3248 771 ἐγγύης,
3301 701 3438 756 ἀλλά
3479 706 3577 756 καὶ

1990 795 2131 848 κατὰ
2171 795 2356 848 πᾶσαν
2383 793 2554 848 αὑτοῦ
2586 793 2685 863 τὴν
2712 794 2949 863 δύναμιν
2992 793 3299 864 ἐπισπεὺδῃ
3328 795 3423 848 καὶ
3441 795 3576 847 ἐπα-

1989 885 2290 956 γωνίξηται
2324 888 2404 949 εἰς
2469 885 2569 957 τὴν
2604 884 2718 938 τῶν
2756 884 3024 938 δοθέντων
3089 884 3240 954 αὑτῷ
3276 885 3574 954 ἐπιτιμίων

1987 977 2360 1049 ἐκπλήρωσιν·
2395 978 2540 1032 οὑτω
2569 977 2677 1049 γὰρ
2702 976 2896 1046 ἕψεται
2957 977 3175 1041 πάνωκ
3223 977 3371 1047 αὑτῷ
3413 977 3509 1030 καὶ
3540 979 3574 1048 ἡ

1988 1071 2098 1124 τῶν
2131 1070 2391 1125 τοιούτων
2453 1071 2828 1140 ἀτοπημάτων
2882 1067 3052 1122 αὑτοῦ
3102 1069 3472 1140 συγχώρησις·
3525 1072 3575 1122 εἰ
3665 1133 3685 1142 ρ

1988 1162 2046 1216 δὲ
2077 1163 2174 1232 μὴ,
2211 1163 2260 1216 εί
2283 1162 2564 1236 φωραθείη
2593 1161 2839 1232 δηλονότι
2871 1161 3002 1213 ποτὲ
3035 1162 3128 1215 ἐπὶ
3155 1161 3355 1232 πράξει
3386 1163 3576 1214 τοιαύ-

1988 1254 2110 1326 τηῆ
2143 1254 2406 1326 ἀθετήσει
2429 1272 2483 1308 τι
2510 1253 2610 1320 τῆς
2654 1253 2797 1324 ὑπὲρ
2828 1253 2996 1308 αὑτοῦ
3043 1254 3307 1324 τοιαύτης
3339 1254 3576 1324 ὑποσχέ-

1992 1362 2132 1405 σεως
2165 1346 2264 1398 καὶ
2289 1344 2519 1415 ἐγγύης,
2567 1345 2708 1415 πρὸς
2738 1344 2816 1414 τῷ
2847 1346 3111 1414 ὑποσχεῖν
3142 1344 3307 1397 αὑτὸν
3336 1343 3576 1414 εὐθύνην

1991 1438 2314 1508 σωματικὴν
2340 1437 2442 1509 τὴν
2471 1437 2887 1509 προσήκουσαν,
2928 1437 3141 1491 ἐσεῖται
3173 1435 3268 1489 καὶ
3317 1436 3573 1505 ψυχικῶς

1991 1527 2086 1581 ὑπ’
2108 1528 2422 1600 ἀφορισμὸν
2484 1527 2768 1582 συνοδικδν
2819 1528 2923 1596 τῆς
2978 1513 3140 1598 ἡμῶν
3169 1529 3573 1600 ’μετριότητος.

1991 1619 2197 1674 Τούτου
2237 1621 2346 1692 γὰρ
2384 1619 2548 1692 χάριν
2581 1620 2680 1674 καὶ
2736 1621 2798 1672 τὸ
2858 1620 3034 1692 παρὸν
3100 1621 3271 1690 αὑτῆς
3323 1620 3572 1690 ἀπελύθη

1990 1713 2230 1784 γράμμα
2264 1713 2396 1783 μηνὶ
2421 1712 2727 1784 Νοεμϐρίῳ
2770 1713 2866 1766 ἰνδ.
2902 1711 2968 1775 ζ’.
3381 1734 3396 1743 κ

1996 1824 2128 1881 VIII.
2168 1825 2422 1900 Cyrilluj.
2463 1826 2806 1900 ῃιεινοροίὶεα
2859 1825 3025 1892 Sidaz,
3073 1829 3356 1900 pollicetur
3408 1847 3463 1886 se
3518 1833 3574 1887 ίιε

2346 1896 2581 1952 Ecclesia
2613 1914 2713 1952 sua
2734 1913 2845 1952 esse
2882 1896 3216 1954 mansurum»

2060 1995 2100 2066 -ι-
2149 1995 2213 2048 Ol
2236 1993 2590 2064 ἐκλεγόμενοι
2624 1995 2780 2064 παρὰ
2809 1996 2910 2065 τῆς
2949 1995 3046 2048 τοῦ
3080 1995 3221 2049 Θεοῦ
3270 1997 3434 2066 ἀγίας
3480 2002 3576 2054 καὶ

1989 2084 2290 2157 καθολικῆς
2324 2083 2662 2156 Ἐκκλησίας
2690 2081 2770 2148 είξ
2820 2086 3116 2157 ἀρχιερέας
3165 2089 3363 2156 αὑτοῦ,
3418 2089 3474 2143 οῖ
3509 2108 3574 2145 τε

1985 2177 2138 2232 ἄλλοι
2187 2177 2285 2231 καὶ
2315 2178 2364 2230 οί
2406 2177 2487 2241 είς
2513 2177 2908 2250 Χριστιανικδν
2936 2179 3068 2235 λαὸν
3102 2181 3210 2234 ὑπὸ
3247 2182 3403 2247 ἔθνος
3442 2185 3576 2238 ἀσε-

1985 2266 2082 2332 ϐἐς
2145 2266 2405 2322 τελοῦντα
2463 2268 2834 2340 πεμπόμενοι,
2896 2271 3079 2326 ἐκεῖνο
3117 2273 3340 2337 πάντως
3387 2278 3445 2330 ἐν
3497 2277 3574 2349 νῷ

1987 2359 2246 2430 στρέφειν
2290 2359 2624 2428 ὀφείλουσιν,
2669 2361 2750 2416 ὅτι
2778 2359 2980 2432 δηλαδὴ
3040 2365 3397 2420 ἀποστολικδν
3431 2369 3562 2422 ἀνει-

1985 2451 2234 2523 λήφεσαν
2281 2453 2492 2520 ἀγῶνα,
2520 2452 2618 2507 καὶ
2648 2452 2851 2523 δρόμον
2876 2454 3188 2528 ἐτάχθησαν
3213 2457 3428 2530 τρέχειν
3465 2459 3574 2516 τῶν

1985 2543 2082 2597 τοῦ
2122 2543 2365 2615 Χριστοῦ
2409 2544 2626 2598 σεπτῶν
2659 2545 2922 2617 μαθητῶν
2945 2547 3039 2602 καὶ
3073 2551 3411 2616 ἀποστόλων,
3435 2551 3574 2624 πρὸς

1985 2627 2082 2692 οὓς
2137 2630 2233 2682 καὶ
2287 2629 2424 2684 ἀλλα
2457 2631 2688 2686 πλεῖστα
2717 2633 2980 2689 κινδύνων
3037 2638 3281 2706 γέμοντα
3330 2641 3573 2711 εἴρηται,

1986 2720 2086 2774 καὶ
2123 2721 2206 2773 τό·
2241 2719 2406 2776 ἰδοὺ
2434 2717 2552 2789 ἐγὼ
2593 2722 2958 2779 ἀποστέλλω
2998 2725 3152 2796 ὑμᾶς
3204 2729 3286 2795 ὡς
3308 2731 3577 2799 πρόϐατα

1985 2812 2056 2866 ἐν
2079 2811 2250 2882 μέσῳ
2267 2812 2492 2868 λύκων.
2555 2813 2710 2868 Ἐπεὶ
2757 2817 2942 2871 τοίνυν
2975 2819 3074 2872 καὶ
3104 2819 3270 2886 αὑτὸς
3300 2823 3572 2893 κρίμασιν

1986 2897 2072 2964 οἷς
2106 2898 2216 2956 οἶδε
2263 2902 2398 2967 Θεδς
2431 2903 2692 2975 ἐξελέγην
2739 2907 2896 2978 παρά
2923 2909 3024 2978 τῆς
3081 2909 3246 2978 ἀγίας
3301 2911 3398 2965 τοῦ
3435 2911 3576 2967 Θεοῦ

2001 2993 2351 3064 Ἐκκλησίας,
2377 2997 2474 3050 καὶ⁵
2501 2996 2817 3069 ἐψηφίσθην
2872 3002 2953 3064 εἰς
2983 3001 3082 3072 τὴν
3111 3004 3416 3075 ἐκκλησίαν
3473 3005 3575 3076 τὴν

1989 3084 2173 3156 Σίδην,
2213 3079 2282 3158 ἧς
2308 3085 2503 3159 ἄρχειν
2532 3088 2726 3160 ἐλαχεν
2787 3090 2978 3164 ἐθνικὴ
3029 3095 3150 3166 χεὶρ
3191 3098 3420 3166 ἀσεϐὴς,
3479 3100 3578 3152 καὶ

1990 3176 2070 3231 ενι
2105 3175 2334 3247 ὑποψία,
2383 3179 2456 3250 μή
2491 3195 2623 3233 ποτε
2668 3184 3078 3255 χειροτονηθεὶς
3132 3187 3287 3242 οὑδέν
3349 3190 3578 3244 ἀπέλθω

1992 3268 2197 3334 ἐκεῖσε,
2233 3267 2267 3339 ἢ
2312 3269 2408 3324 καὶ
2457 3269 2715 3325 ἀπελθὼν
2751 3274 3082 3346 ὑποστρέφω
3139 3279 3305 3334 πάλιν
3363 3283 3447 3344 είς
3475 3281 3578 3353 τὴν

1994 3355 2246 3426 βασιλίδα
2284 3356 2492 3427 ταύτην
2532 3361 2642 3413 τῶν
2673 3361 2884 3418 πόλεων
2924 3363 2996 3418 δι’
3023 3366 3211 3422 ἄνεσιν
3267 3369 3362 3422 καὶ
3399 3370 3576 3424 ἀπαλ-

1992 3447 2168 3519 λαγὴν
2221 3450 2332 3505 τῶν
2374 3456 2760 3522 προκειμένων
2812 3456 3118 3528 δυσχερῶν,
3157 3461 3261 3532 τὴν
3293 3463 3579 3535 παροῦσαν

1992 3541 2274 3612 ἔγγραφον
2310 3543 2611 3614 ὑπόσχεσιν
2634 3547 2901 3618 ποιοῦμαι
2958 3551 3048 3604 διὰ
3095 3552 3256 3607 τοῦτο
3306 3555 3445 3625 πρὸς
3485 3557 3579 3610 τὸν

1992 3632 2416 3700 παναγιώτατον
2443 3637 2604 3707 ἡμῶν
2627 3638 2897 3711 δεσπότην
2923 3642 3014 3695 τὸν
3060 3644 3445 3716 οίκουμενικὸν
3475 3666 3580 3702 πα-

1991 3725 2262 3796 τριάρχην
2292 3726 2388 3782 καὶ
2417 3728 2520 3799 τὴν
2552 3728 2703 3784 θείαν
2738 3732 2832 3784 καὶ
2853 3732 3009 3802 ίερὰν
3041 3735 3287 3802 σύνοδον,
3315 3739 3410 3791 καὶ
3433 3739 3578 3807 λέγω

1991 3817 2088 3872 καὶ
2109 3817 2560 3884 διαϐεϐαιοῦμαι,
2581 3821 2658 3902 ὡς
2685 3822 2748 3876 οὑ
2781 3823 2860 3893 μὴ
2891 3824 3008 3895 ἔχω
3057 3825 3245 3880 ἄδειαν
3293 3830 3434 3898 μετά
3477 3830 3578 3902 τὴν

1989 3911 2369 3983 γενησομένην
2383 3912 2472 3966 ἐπ’
2499 3901 2624 3982 ἐμοὶ
2656 3918 3018 3986 χειροτονίαν,
3081 3923 3148 3992 τῇ
3180 3921 3275 3975 τοῦ
3303 3923 3442 3978 Θεοῦ
3473 3901 3575 3995 χά·

1993 4019 2128 4072 ριτι,
2165 4006 2657 4077 προσκαρτερῆσαι
2682 4007 2921 4062 ἐνταῦθα
2951 4014 3046 4065 καὶ
3077 4013 3362 4083 πρόφασιν
3388 4015 3577 4088 εὑρεῖν

1991 4093 2121 4164 περὶ
2148 4094 2492 4164 ἀργίαςκαὶ
2524 4097 2900 4154 ἀναϐαλέσθαι
2935 4101 3036 4172 τὴν
3073 4104 3408 4175 ἀποδημίαν,
3458 4107 3577 4162 ἀλλ’

1989 4186 2110 4240 οὑδὲ
2138 4188 2278 4257 μετά
2293 4190 2356 4242 τὸ
2377 4188 2636 4242 ἀπελθεῖν
2654 4193 2738 4254 είς
2776 4193 2878 4264 τὴν
2907 4193 3207 4264 ἐκκλησίαν
3236 4197 3467 4271 ταύτην,
3493 4205 3576 4267 είς

1989 4279 2059 4349 ἣν
2084 4278 2420 4350 ἐψηφίσθην,
2439 4279 2789 4353 ὑποστρέψαι
2826 4285 3087 4354 ἐνταῦθα,
3137 4291 3460 4366 καταλιπὼν
3473 4295 3573 4366 τὴν

1989 4370 2437 4441 ἐγχειρισθεῖσάν
2458 4389 2549 4443 μοι
2563 4373 2826 4446 ποίμνην,
2861 4377 3017 4442 ἐκτὸς
3040 4380 3289 4452 μεγάλης
3324 4384 3578 4456 ἀνάγκης

1989 4466 2084 4519 καὶ
2099 4465 2312 4535 χρείας,
2329 4466 2396 4536 ἢν
2417 4469 2593 4537 κρινεῖ
2610 4468 2703 4522 καὶ
2718 4467 2748 4521 ό
2767 4472 3186 4538 παναγιύηατος
3207 4475 3366 4546 ἡμῶν
3383 4477 3580 4532 δεσπό-

1987 4573 2088 4626 της
2103 4558 2130 4609 ό
2147 4557 2522 4627 οίκουμενικὸς
2540 4560 3050 4635 πατριάρχηςικαὶὴ
3069 4565 3187 4620 θεία
3203 4569 3297 4626 καὶ
3313 4570 3437 4640 ιερά
3457 4571 3580 4625 σύν-

1987 4647 2105 4710 οδος
2140 4647 2364 4718 εὔλογον
2403 4651 2501 4704 καὶ
2538 4651 2826 4724 ἀληθινὴν,
2843 4655 2941 4709 καὶ
2965 4656 3090 4710 τότε
3109 4657 3166 4712 δέ
3206 4661 3581 4734 ὑπισχνοῦμαι

1987 4741 2066 4810 μὴ
2085 4742 2323 4811 ἐνοχλεῖν
2344 4743 2482 4806 ὅλως
2509 4742 2590 4814 τῷ
2619 4749 3023 4817 παναγιωτάτῳ
3047 4751 3210 4820 ἡμῶν
3237 4753 3476 4827 δεσπότῃ
3500 4757 3582 4827 τῷ

1984 4834 2344 4905 οίκουμενικῷ
2367 4838 2706 4910 πατριάρχῃ,
2736 4839 2871 4912 μηδέ
2899 4845 3250 4911 κατεπείγειν
3280 4847 3374 4899 καὶ
3392 4847 3581 4918 ζητεῖν

1985 4926 2319 4996 κυϐέρνησιν
2344 4929 2441 4982 καὶ
2453 4929 2748 5000 ἐκκλησίας
2773 4933 2969 5003 ἐτέρας
2992 4939 3328 5006 ποιμανσίαν
3355 4942 3448 4994 καὶ
3459 4942 3580 4994 ἐπιο

1990 5020 2240 5086 στασίαν,
2265 5020 2403 5077 ἀλλά
2422 5021 2636 5092 διάγειν
2664 5026 2964 5097 εἰρηνικῶς
3000 5031 3098 5084 καὶ
3118 5032 3440 5103 ἀταράχως,
3481 5033 3577 5102 μέ-

1987 5128 2108 5183 χρις
2130 5113 2197 5166 ἂν
2212 5111 2477 5185 εῦδρομον
2495 5117 2719 5186 γένηται
2738 5119 2798 5172 τὸ
2817 5120 2886 5173 τά
2901 5122 3000 5188 τῆς
3018 5122 3142 5176 κατ’
3159 5125 3260 5193 ἐμὲ
3279 5127 3578 5196 ἐκκλησίας

1985 5197 2334 5267 διεξάγεσθαι
2369 5202 2499 5272 παρ’
2533 5204 2696 5274 ἐμοῦ,
2723 5207 2910 5273 καθὼς
2938 5213 3198 5284 ἐτάχθην.
3266 5215 3328 5268 Et
3368 5218 3414 5268 δ’
3445 5217 3578 5278 ἴσως

1988 5295 2390 5363 παραχωρήσει
2429 5299 2457 5348 ό
2486 5298 2620 5362 Θεὸς
2684 5305 3003 5373 παραϐῆναί
3037 5324 3106 5374 με
3158 5309 3258 5380 τὴν
3317 5304 3578 5379 τοιᾶύτην

1989 5383 2285 5453 ὑπόσχεσιν
2311 5404 2415 5456 μου
2438 5393 2532 5444 καὶ
2556 5392 2839 5464 ἀθετῆσαι,
2861 5398 2987 5451 ὅσον
3009 5401 3110 5471 ἠδη
3129 5399 3574 5472 διαϐεϐαιοῦμαι,

1989 5475 2316 5548 ἐπισπῶμαι
2344 5481 2470 5534 κατ’
2492 5483 2732 5552 ἐμαυτοῦ
2769 5488 2867 5540 καὶ
2904 5490 3194 5554 ἀσπασίως
3221 5492 3472 5562 δέχομαι,
3507 5493 3576 5562 ἦν

1987 5569 2054 5620 ἂν
2086 5568 2334 5640 διαγνοίη
2369 5573 2460 5626 ἐπ’
2481 5577 2608 5646 ἐμοὶ
2649 5579 2954 5650 καταδίκην
3009 5583 3150 5652 μετά
3184 5585 3280 5654 τῆς
3307 5583 3455 5646 θείας
3480 5587 3574 5638 καὶ

1991 5665 2148 5736 ίεράς
2189 5666 2412 5721 συνόδου
2464 5668 2495 5722 ό
2549 5671 2970 5739 παναγιώτατος
3017 5676 3176 5745 ἡμῶν
3226 5677 3494 5750 δεσπότης
3545 5681 3576 5730 ὁ

1986 5761 2363 5828 οίκουμενικὸς
2417 5764 2782 5835 πατριάρχης.
2845 5767 3146 5838 Ἐπιτούτῳ
3201 5757 3311 5841 γάρ
3359 5773 3579 5841 ἐγένετο
3678 5790 3694 5799 ·

1991 5854 2081 5907 καὶ
2113 5855 2146 5920 ἡ
2168 5852 2417 5924 παροῦσα
2439 5853 2712 5926 ἔγγραφος
2730 5858 3023 5928 ὑπόσχεσίς
3043 5877 3146 5928 μου
3164 5861 3232 5912 δι’
3249 5864 3572 5932 ἀσφάλειαν.

3177 5953 3252 6013 3U
