4046 6466
505 373 638 441 1227

1075 499 1238 554 Manu
1289 500 1510 571 propria
1545 517 1559 553 :

569 594 608 662 1-
654 593 963 662 Κύριλλος
987 593 1387 662 ἱερομόναχος
1449 592 1548 648 καί
1577 593 1777 661 πατὴρ
1813 605 2092 664 πνευμα-

499 688 668 753 τικὸς
698 685 770 741 τὰ
805 685 1047 741 ἄνωθεν
1097 685 1477 758 γεγραμμένα
1521 686 1796 756 στέργων
1826 687 1930 741 καὶ
1986 686 2096 750 ﬁe-

503 776 692 833 ϐαιῶν
723 778 1070 846 ὑπέγραψα.

503 913 596 971 IX.
629 915 863 970 Joannes
908 916 1168 986 promittit
1210 915 1569 972 Nicwensibus
1602 917 1894 972 reversuri:
1943 917 1998 971 in
2027 917 2097 971 si-

887 985 1017 1040 num
1040 985 1294 1043 Ecclesia:
1323 988 1703 1042 remissionem.

499 1100 540 1171 1-
577 1100 871 1157 Πιττάκιον
906 1102 1315 1172 πατριαρχικὸν
1355 1101 1438 1163 είς
1466 1100 1598 1164 τοὺς
1651 1099 2095 1172 εὑρισκομένους

1050 1198 1132 1260 εἰς
1173 1196 1270 1266 τὴν
1295 1194 1566 1252 Νίκαιαν.

569 1332 611 1403 1-
645 1333 774 1395 Τοῖς
813 1333 922 1386 ἀπὸ
949 1332 1231 1402 ἁμαρτίας
1287 1330 1734 1402 ὑποστρέφουσιν
1771 1331 1805 1401 ή
1831 1327 1927 1384 τοῦ
1959 1328 2097 1384 Θεοῦ

512 1426 840 1495 Ἐκκλησία,
873 1424 934 1479 τὸ
968 1425 1150 1479 κοινὸν
1191 1423 1300 1477 τῶν
1325 1423 1521 1494 ψυχῶν
1555 1422 1820 1494 ίατρεῖον,
1847 1422 1947 1487 τὰς
1973 1422 2098 1476 ἐαυ-

499 1522 600 1588 τῆς
631 1520 943 1591 σωτηρίους
975 1518 1353 1585 ὑπανοίγουσαι
1414 1514 1592 1579 πύλας
1628 1517 1728 1568 καὶ
1773 1514 1997 1586 ἑκάστῳ
2028 1517 2100 1570 τὰ

352 1596 356 1598 ’
405 1685 410 1690 _
505 1613 795 1682 πρόσφορα
823 1614 1096 1682 φάρμακα
1130 1609 1442 1664 ἐπιτιθεῖσα
1477 1609 1615 1662 πᾶσι
1645 1607 1714 1661 τὰ
1743 1607 1884 1678 πρὸς
1921 1624 2100 1678 σωτη-

507 1707 633 1774 ρίαν
659 1706 975 1776 οἰδιονομεῖθ¹
997 1704 1080 1756 δεῖ
1105 1703 1292 1756 τοίνυν
1328 1702 1404 1771 μὴ
1445 1700 1826 1770 ἀπαγορεύειν
1861 1698 2094 1770 μηδένα,

433 1831 436 1838 ι
506 1796 644 1867 μηδὲ
685 1797 766 1860 εἰς
817 1795 1140 1865 ἀπόγνωσιν
1199 1791 1516 1862 ἐμπεσόντα
1565 1792 1938 1860 καταφρονεῖν
1998 1790 2100 1859 τῆς

1507 380 1717 442 JOAN.
1762 380 2082 445 GALECtE
2121 383 2236 444 CP.
2276 381 2799 445 PATRIARCHA!

3646 386 3783 452 1228

2125 514 2172 570 Α
2201 500 2270 557 Χ.
2291 501 2577 565 Ιενοηιὶαε,
2602 502 2943 573 metropolita
2987 498 3291 568 (lenonis,
3321 505 3594 573 pochetur
3627 525 3681 562 se
3726 511 3780 564 in

2554 573 2795 628 Ecclesia
2825 590 2924 628 sua
2954 589 3066 628 esse
3098 591 3429 629 mansurum.

2271 666 2311 737 1-
2353 667 2416 720 Οἱ
2455 667 2818 738 ἐκλεγόμενοι
2856 670 3013 738 παρὰ
3070 671 3168 742 τῆς
3203 671 3368 738 ἀγίας
3397 671 3492 726 τοῦ
3523 673 3659 728 Θεοῦ
3688 681 3778 731 καὶ

2202 757 2496 828 καθολικῆς
2529 757 2886 831 Ἐκκλησίας,
2913 761 2972 816 ξ.
3003 779 3054 815 τ.
3081 761 3158 829 λ.,
3195 772 3250 816 ιιι
3277 777 3424 817 num.
3468 762 3599 823 VIII.

2732 853 2898 911 Manu
2948 857 3197 925 propria.

2271 943 2311 1014 1-
2375 944 2440 997 '0
2474 945 2760 1010 ταπεινὸς
2811 949 3272 1017 μητροπολίτης
3324 948 3638 1018 Χερσῶνος
3681 952 3778 1006 καί

2199 1036 2530 1106 ὐπέρτιμος
2571 1037 2850 1108 Ἱερεμίας
2873 1039 2948 1093 τὰ
2963 1039 3208 1110 ἄνωθεν,
3219 1041 3592 1112 γεγραμμένα
3612 1043 3778 1112 στέρ-

2202 1146 2326 1198 γων
2355 1132 2459 1183 καὶ
2487 1128 2756 1194 βεϐαιῶν
2785 1130 3137 1202 ὑπέγραψα.

2202 1236 2299 1296 XI.
2333 1238 2634 1317 Macariuj,
2668 1242 3006 1317 metropolita
3035 1241 3301 1316 Bitzynes,
3329 1247 3605 1317 pollicetur
3631 1265 3685 1304 se
3709 1250 3764 1303 in

2557 1311 2798 1366 Ecclesia
2823 1329 2923 1407 sua
2967 1329 3077 1368 esse
3099 1311 3444 1374 mansurnm.

2269 1423 2312 1495 1-
2341 1424 2406 1478 υί
2454 1423 2814 1496 ἐκλεγόμενοι
2843 1427 2998 1497 παρά
3025 1427 3124 1498 τῆς
3169 1428 3340 1499 ἁγίας
3399 1433 3495 1486 τοῦ
3524 1433 3654 1489 Θεοῦ
3684 1437 3774 1491 καὶ

2202 1515 2502 1586 καθολικῆς
2547 1515 2901 1588 Ἐκκλησίας,
2935 1535 2993 1574 κ.
3023 1536 3073 1576 τ.
3096 1520 3172 1588 λ.,
3214 1534 3272 1576 ιιι
3301 1539 3446 1580 num.
3481 1525 3612 1584 VIII.

2741 1606 2906 1663 Manu
2961 1612 3210 1681 propria.

2273 1697 2314 1768 1-
2354 1697 2421 1753 '0
2483 1702 2772 1767 ταπεινὸς
2820 1703 3284 1772 μητροπολίτης
3350 1707 3636 1776 Βιτζύνης
3679 1711 3776 1764 καί

2201 1793 2536 1865 ὑπέρημος
2595 1797 2902 1866 Μακάριος
2963 1801 3037 1854 τὰ
3097 1801 3330 1856 ἀνωθεν
3413 1806 3776 1874 γεγραμμένα

504 1889 702 1941 ἑαυτοῦ
741 1889 1038 1956 σωτηρίας,
1071 1885 1194 1939 ούδέ
1224 1886 1333 1957 γάρ
1391 1887 1564 1948 ἐστιν,
1622 1883 1725 1955 οὐκ
1755 1883 1906 1938 ἐστιν
1955 1883 2094 1946 ὅλως
2123 1889 2170 1960 ‘B
2199 1893 2472 1959 στέργων
2502 1890 2602 1943 καί
2628 1889 2894 1956 βεϐαιῶν
2910 1895 3254 1965 ὑπέγραψα.

506 1985 756 2054 ἁμαρτία
784 1985 816 2052 ἡ
857 1983 1070 2037 νικῶσα
1090 1982 1190 2051 τήν
1225 1981 1322 2036 τοῦ
1355 1979 1493 2035 Θεοῦ
1531 1980 1975 2052 φιλανθρωπίαν,
1999 1983 2095 2034 καὶ

502 2077 678 2132 πολλὰ
717 2075 828 2130 τῶν
859 2075 957 2144 τῆς
982 2075 1262 2146 προτέρας
1305 2072 1710 2143 ἀφισταμένων
1763 2072 1969 2136 κακίας
2001 2075 2097 2126 καὶ

504 2169 738 2248 γνησίαν
766 2168 1203 2238 ἐνδεικνυμένων
1231 2165 1332 2236 τὴν
1375 2164 1676 2235 μετάνοιαν
1709 2165 1808 2218 καὶ
1843 2164 2099 2234 ἐπιστροο

506 2264 613 2336 φὴν
654 2263 838 2335 ήθεία
868 2263 1064 2333 Γραφὴ
1097 2262 1256 2330 φέρει
1296 2258 1368 2313 τὰ
1425 2257 1874 2329 παραδείγματα,
1936 2257 2008 2310 τά
2037 2273 2098 2310 τε

503 2357 641 2413 ἄλλα
705 2356 894 2410 καὶτὸ
927 2353 1026 2407 τοῦ
1055 2352 1293 2420 ἀσώτου,
1325 2351 1387 2406 τὸ
1445 2351 1542 2420 τῆς
1581 2351 1808 2421 πόρνης,
1853 2349 1915 2403 τὸ
2003 2349 2098 2402 τοῦ

503 2449 727 2523 λῃστοῦ,
757 2449 818 2502 τὸ
847 2448 960 2500 τῶν
991 2445 1317 2508 Νινευῖτῶν,
1358 2445 1420 2499 τὸ
1445 2443 1539 2498 τοῦ
1573 2441 1870 2512 Μανασσῆ,
1911 2441 1970 2505 ὃς
2005 2441 2100 2494 ἐπὶ

417 2581 419 2583 ι
502 2541 921 2611 τεσσαράκοντα
953 2537 1049 2610 ἐτη
1101 2536 1196 2590 τὸν
1254 2535 1382 2591 λαὸν
1447 2535 1861 2604 εἰδωλολατρεῖν
1925 2549 2098 2604 παρεο

510 2633 808 2696 σκεύασεν,
838 2631 1190 2693 ἀποστάντας
1219 2628 1315 2682 τοῦ
1345 2625 1684 2699 δημιουργοῦ
1703 2641 1716 2655 ·
1750 2624 1945 2680 οὐδένα
1993 2625 2100 2695 γὰρ

503 2724 838 2786 ἀπωθεῖται,
855 2721 982 2776 οὐδὲ
1005 2722 1423 2790 ἀποστρέφεται
1453 2720 1483 2772 6
1501 2717 1655 2784 Θεὸς,
1680 2716 2100 2787 φιλανθρωπίας

501 2822 736 2890 ἄπειρον
761 2817 902 2888 ἒχων
935 2814 1200 2884 πέλαγος,
1236 2813 1400 2885 μόνον
1439 2812 1537 2867 ἐὰν
1562 2810 1806 2881 γνησίως
1827 2810 2100 2880 μετανοήο

505 2929 695 2986 σωμεν
735 2914 834 2965 καὶ
865 2908 1277 2980 προσπέσωμεν
1318 2905 1416 2960 καὶ
1471 2905 1808 2975 κλαύσωμεν
1845 2904 1943 2956 καὶ
1969 2903 2098 2973 δεη-

506 3009 696 3079 θῶμεν
729 3007 828 3078 τῆς
865 3001 1035 3059 αὐτοῦ
1071 3001 1439 3072 ἀγαθότητος.
1511 2997 1676 3052 Ἐπεὶ
1702 2994 1799 3052 οῦν
1827 3014 2099 3069 παραχω-

509 3106 672 3174 ρήσει
699 3101 840 3163 Θεοῦ
892 3098 984 3153 διὰ
1011 3095 1220 3166 πλῆθος
1272 3092 1567 3164 ἁμαρτιῶν
1603 3091 1940 3174 ὑπερίσχυσε
1973 3089 2099 3145 καθ’

506 3197 668 3269 ήμῶν
701 3195 736 3266 ή
801 3194 912 3248 τῶν
948 3187 1316 3264 Ἰσμαηλιτῶν
1374 3185 1647 3252 ἐπίθεσις,
1711 3187 1808 3240 καὶ
1868 3183 2100 3246 πολλοὺς

2200 1981 2317 2039 ΧΠ.
2358 1981 2592 2038 Joannes
2615 1985 2796 2066 scribit
2835 1986 2906 2039 ad
2934 1986 3140 2066 derunt
3170 1988 3695 2062 Constantinopoleos
3713 1997 3771 2050 de

2754 2059 3234 2114 incantationibus.

2269 2165 2310 2236 1-
2344 2165 2410 2223 'H
2435 2168 2733 2240 μετριότης
2769 2169 2930 2240 ήμῶν
2963 2173 3307 2243 γνωρίσασα,
3337 2174 3413 2238 ὡς
3443 2178 3501 2233 ἐν
3527 2179 3594 2249 τῇ
3624 2177 3769 2249 βασις

2200 2259 2438 2334 λευούσῃ
2467 2263 2646 2334 ταύτῃ
2674 2262 2787 2316 τῶν
2817 2263 3030 2318 πόλεων
3056 2265 3225 2335 μέσον
3253 2266 3362 2322 τῶν
3394 2270 3453 2324 ἐν
3480 2269 3615 2342 αὐτῇ
3636 2270 3773 2339 λογι-

2200 2350 2313 2405 κῶν
2359 2351 2457 2405 τοῦ
2513 2352 2755 2424 Χριστοῦ
2807 2353 3104 2425 προϐάτων
3150 2357 3585 2429 ἐγκατέσπειρεν
3611 2362 3638 2415 6
3669 2361 3772 2414 τῶν

2199 2444 2462 2510 ζιζανίων
2499 2446 2741 2516 σπορεύς
2785 2463 2940 2512 τινας
2970 2449 3138 2504 αὐτοῦ
3167 2449 3512 2521 θεραπευτὰς
3551 2455 3660 2519 τοῖς
3685 2455 3775 2524 Ep-

2179 2551 2320 2606 ”γοις
2353 2536 2522 2590 αὐτοῦ
2565 2539 2684 2602 τοῖς
2735 2542 2997 2610 πονηροῖς
3037 2543 3476 2612 προσκειμένους
3523 2546 3614 2598 καὶ
3657 2549 3776 2610 ταῖς

2201 2629 2601 2695 διδασκαλίαις,
2653 2630 2918 2700 μαγείαις
2947 2631 3147 2704 δηλαδὴ
3192 2634 3289 2688 καὶ
3325 2635 3540 2698 πολλοῖς
3570 2635 3775 2706 ἑτέροις

2201 2719 2428 2785 ἀτόποις
2458 2721 2556 2777 καὶ
2585 2721 2845 2787 ἀσεϐείας
2890 2725 3137 2794 μεστοῖς,
3176 2727 3440 2794 προσίασι
3480 2727 3535 2782 δέ
3571 2728 3779 2795 τούτοις

2201 2813 2298 2869 καί
2356 2830 2503 2878 τινες
2555 2813 2670 2882 τῶν
2704 2815 2936 2882 πιστῶν,
2995 2819 3091 2870 καὶ
3139 2817 3546 2890 ἀναμάττονται
3577 2823 3645 2875 τά
3679 2825 3780 2894 τῆς

2199 2906 2460 2976 τοιαύτης
2487 2905 2672 2961 αὐτῶν
2693 2907 2900 2971 κακίας
2933 2909 3029 2961 καὶ
3053 2908 3335 2978 ἀσεϐείας,
3361 2911 3423 2964 οὐ
3459 2912 3664 2983 μικρῶς
3695 2915 3780 2966 ἐν-

2200 2996 2393 3051 τεῦθεν
2423 2998 2599 3052 ἔπαθε
2647 2999 2751 3068 τὴν
2783 2998 2966 3070 ψυχὴν
3009 3001 3105 3056 καὶ
3139 3001 3221 3066 είς
3250 3002 3429 3075 λύπην
3476 3005 3776 3076 κατηνέχθη

2203 3091 2506 3163 ἀφόρητον,
2540 3091 2635 3147 καὶ
2685 3091 2917 3146 πλεῖστα
2951 3094 3180 3164 κατέχεε
3210 3095 3446 3166 δάκρυα,
3483 3097 3565 3150 ὅτι
3609 3097 3670 3168 δὴ
3701 3099 3778 3160 είς

2202 3190 2482 3258 τοσαύτην
2507 3187 2876 3258 ἀναισθησίαν
2911 3188 3016 3240 καὶ
3051 3189 3288 3241 ατοπίαν
3321 3187 3690 3260 ἐξηνέχθησαν
3727 3190 3776 3243 οί

506 3262 657 3344 οῦτοι
678 3262 791 3343 τῶν
818 3262 1109 3359 ἡμετέρων
1145 3280 1554 3355 χειρωσάμενοι
1588 3281 1687 3334 καὶ
1747 3275 2096 3333 καταδουλῶο
2125 3262 2168 3320 C
2204 3281 2508 3352 ἀνθρωττοι,
2542 3282 2619 3346 ὡς
2649 3281 3155 3350 ἐγκαταλιμπάνειν
3181 3279 3325 3335 Θεὸν
3358 3283 3448 3335 τὸν
3483 3282 3778 3354 ποιήσαντα

454 3449 460 3454 _
509 3398 708 3447 σαντες
759 3380 1171 3452 παρεϐιάσαντο
1209 3377 1306 3431 καὶ
1346 3374 1698 3446 παρέσυραν,
1753 3369 1898 3439 φεῦί
1951 3368 2094 3422 ὥστε

506 3478 700 3530 καὶτὰ
726 3475 828 3544 τῆς
861 3471 1075 3527 ἐαυτῶν
1109 3469 1313 3533 κακίας
1372 3467 1471 3522 καὶ
1505 3465 1803 3534 ἀθεότητος
1855 3462 2096 3526 ἑλέσθαι,

506 3570 620 3630 τοῖς
645 3567 725 3630 είς
759 3564 924 3637 βάθος
945 3562 1004 3618 δέ
1040 3560 1242 3625 κακίας
1294 3557 1569 3628 τοσαύτης
1630 3553 1969 3624 ἐμπεσοῦσιν
2005 3553 2097 3606 αῖ-

507 3661 723 3728 σθησις,
776 3652 834 3712 οἷ
871 3656 1047 3714 κακοῦ
1097 3652 1418 3723 γεγόνασιν,
1457 3648 1828 3717 ἐπιγενομένη
1884 3647 1954 3700 τὰ
1986 3645 2098 3700 τῶν

508 3753 863 3826 Χριστιανῶν
913 3749 1083 3806 πάλιν
1132 3743 1584 3802 ἀνακαλέσασθαι
1632 3740 1916 3826 διεγείρει,
1953 3740 2098 3809 λογι-

511 3822 649 3920 σμὸς
686 3847 744 3901 δέ
777 3862 860 3908 τις
884 3844 1115 3897 εἴσεισιν
1144 3840 1358 3910 ἔτερος,
1389 3838 1486 3890 καὶ
1530 3822 1846 3899 διστάζόυσι
1882 3831 1977 3887 καὶ
2007 3833 2097 3902 βέ-

505 3943 663 3996 ϐαιόν
687 3956 740 3992 τι
777 3938 971 4007 μαθεῖν
998 3931 1283 4004 ζητοῦσιν,
1316 3933 1366 3983 εί
1411 3923 1488 4000 μὴ
1519 3928 1925 3998 διαμάρτωσιν,
1977 3924 2096 3979 ἀλλ’

506 4031 893 4095 ἐπιτεύξονται
919 4027 1018 4094 τῆς
1039 4024 1252 4080 ἑαυτῶν
1277 4022 1580 4093 σωτηρίας,
1613 4023 1751 4075 πᾶσι
1779 4019 1896 4083 τοῖς
1924 4017 2097 4072 τοιού-

505 4142 621 4189 τοις
652 4122 921 4192 ἐγγυᾶται
946 4121 981 4190 ἡ
1011 4117 1107 4171 τοῦ
1131 4113 1266 4170 Θεοῦ
1319 4113 1626 4183 Ἐκκλησία
1683 4113 1780 4165 καὶ
1813 4110 1920 4180 πλη
1934 4127 2098 4180 ροφο-

509 4220 630 4289 ρίαν
654 4215 883 4286 βεϐαίαν
912 4211 1152 4273 δίδωσιν,
1178 4208 1256 4272 ὡς
1291 4208 1603 4277 ἑλομένους,
1625 4205 1694 4258 τὰ
1724 4204 1826 4272 τῆς
1857 4199 2098 4270 ἀληθοῦς

506 4314 586 4371 είς
618 4308 752 4363 Θεὸν
788 4306 1030 4368 πίστεως
1061 4301 1283 4365 καὶτῆς
1329 4299 1441 4355 τῶν
1475 4297 1930 4365 Μουσουλμάνων
1989 4310 2096 4347 κα-

508 4409 658 4470 κίας,
689 4405 769 4466 εἰς
805 4401 872 4473 ἢν
927 4395 1396 4464 ἐξεκυλίσθησαν,
1446 4389 1826 4454 ἀποστάντας,
1884 4389 1952 4459 τῇ
1985 4387 2097 4441 τῶν

507 4493 861 4570 Χριστιανῶν
894 4492 1061 4546 πάλιν
1094 4488 1276 4560 μερίδι
1320 4482 1726 4554 συναριθμήσει
1751 4483 1848 4536 καὶ
1879 4481 2096 4535 ἰάσεται

504 4593 602 4644 καὶ
636 4583 1002 4658 θεραπεύσει,
1057 4581 1156 4637 καὶ
1197 4577 1319 4634 οὐδὲ
1368 4574 1705 4646 εὑρήσουσιν
1750 4572 2012 4644 ἐμπόδιόν
2039 4587 2094 4625 τι
2126 4599 2172 4660 ι)

505 4682 646 4752 πρὸς
685 4678 788 4748 τὴν
815 4676 928 4728 τῶν
973 4673 1122 4728 ίδίων
1168 4667 1363 4739 ψυχῶν
1399 4664 1680 4736 σωτηρίαν
1726 4663 1816 4718 διὰ
1863 4662 1926 4717 τὸ
1961 4679 2098 4733 προ-

505 4751 734 4838 γεγονὸς
760 4767 974 4830 αὐτοῖς,
1002 4764 1080 4826 ῶς
1107 4761 1350 4831 εἴρηται,
1399 4757 1648 4828 σφάλμα,
1711 4755 1827 4812 ἀλλ’
1850 4757 1967 4810 ὅσοι
1996 4751 2098 4824 μὶν

505 4864 719 4916 τούτων
755 4861 852 4914 καὶ
895 4855 1142 4928 φανεράν
1171 4853 1270 4908 καὶ
1319 4849 1898 4926 πεπαρῥησιασμένην
1929 4846 2099 4902 ἐνδεί-

379 4972 392 4980 ‘
507 4958 685 5021 ξονται
713 4955 820 5022 τὴν
855 4949 1172 5024 μετάνοιαν,
1206 4947 1284 5010 ὼς
1335 4948 1432 5000 καὶ
1473 4942 1670 4998 παθεῖν
1703 4942 1927 4996 ἐλέσθαι
1955 4939 2098 5009 ὑπὲρ

505 5051 608 5119 τῆς
642 5049 724 5111 είς
749 5046 882 5100 Θεὸν
910 5043 1177 5108 πίστεως,
1207 5039 1354 5095 οῦτοι
1375 5038 1475 5093 καὶ
1507 5033 1854 5106 μαρτυρικὸν
1884 5033 2094 5103 ἀναδή-

511 5160 698 5196 σονται
732 5142 1001 5208 στέφανον
1030 5135 1332 5208 (ἀπόδειξις
1387 5129 1579 5182 τούτου
1616 5127 1798 5197 σαφὴς
1845 5127 1874 5179 ὀ
1910 5125 2092 5195 μέγας

506 5236 603 5289 τοῦ
637 5230 881 5306 Χριστοῦ
908 5229 1122 5302 μάρτυς
1180 5222 1445 5286 Ἰάκωϐος
1486 5223 1515 5274 6
1553 5219 1818 5290 Πέρσης),
1857 5219 1976 5272 ὅσοι
2037 5218 2094 5270 δέ

505 5329 584 5400 τῷ
611 5329 767 5398 φόϐῳ
790 5324 903 5378 τῶν
933 5321 1216 5376 κολάσεων
1238 5314 1361 5370 καθ’
1383 5312 1615 5376 ἑαυτοὺς
1668 5312 1766 5366 καὶ
1797 5313 1854 5366 ἐν
1896 5313 1977 5382 τῷ
2008 5312 2098 5365 λε-

507 5413 697 5487 λῆθότι
759 5414 958 5484 διαζῇν
995 5410 1314 5479 θελήσουσι,
1370 5406 1440 5460 τὰ
1465 5403 1576 5458 τῶν
1605 5403 1958 5475 Χριστιανῶν
2011 5406 2099 5458 ἐν·

507 5507 925 5578 στερνιζόμενοι
965 5501 1063 5554 καὶ
1098 5496 1406 5562 ποιοῦντες,
1445 5497 1540 5551 καὶ
1601 5496 1759 5550 αὐτοὶ
1814 5495 2096 5566 σωτηρίας

511 5599 915 5662 ἐπιτεύξονται,
947 5595 1108 5664 μόνον
1141 5593 1285 5645 κατά
1317 5591 1378 5643 τὸ
1432 5588 1658 5644 δυνατὸν
1703 5590 1896 5661 τηρεῖν
1928 5604 2097 5641 σπου-

511 5690 769 5753 δάζοντες
793 5690 892 5750 τὰς
925 5686 1020 5739 τοῦ
1056 5683 1193 5737 Θεοῦ
1242 5681 1482 5744 ἐντολάς.
1544 5679 1655 5734 Καὶ
1681 5681 1764 5744 εἰς
1814 5679 1915 5750 τὴν
1968 5679 2097 5748 περὶ

509 5781 704 5832 τούτου
735 5767 1040 5848 ἀᾶφάλειαν
1069 5777 1164 5830 καὶ
1202 5775 1264 5829 τὸ
1301 5776 1478 5847 παρὸν
1511 5772 1608 5844 τῆς
1633 5771 1727 5826 τοῦ
1779 5769 1919 5826 Θεοῦ
1965 5771 2097 5824 Ἐκ-

517 5872 745 5942 ach-quia;
771 5875 1007 5943 γράμμα
1039 5871 1278 5940 ἐγένετο.

2204 3376 2300 3431 καὶ
2336 3375 2800 3432 ἐπιλανθάνεσθαι
2831 3375 2970 3429 Θεοῦ
3015 3374 3109 3429 τοῦ
3139 3375 3432 3446 τρέφοντος
3461 3377 3553 3428 καὶ
3596 3378 3774 3429 τοιού-

2201 3484 2318 3530 τοις
2363 3467 2655 3539 προσιέναι
2709 3464 3082 3538 ψυχοφθόροις
3125 3463 3350 3519 καὶτοῦ
3406 3465 3774 3536 Ἀντιχρίστου

2205 3558 2560 3630 προδρόμοις,
2591 3555 2715 3611 ὅθεν
2746 3557 2840 3610 καὶ
2871 3556 3064 3622 πᾶσιν,
3090 3556 3166 3618 ῶς
3192 3557 3364 3623 είκὸς,
3398 3555 3616 3625 τρόποις
3643 3573 3774 3626 προ-

2205 3654 2514 3727 θυμηθεῖσα
2545 3651 2793 3721 ἐξορίσαι
2823 3648 2925 3719 τῆς
2953 3647 3355 3719 Χριστιανικῆς
3384 3647 3654 3711 πολιτείας
3679 3650 3774 3701 καὶ

2201 3747 2298 3802 τοῦ
2335 3748 2532 3816 γένους
2561 3745 2631 3800 τά
2657 3742 2888 3799 τοιαῦτα
2920 3743 3237 3814 μιάσματα,
3262 3741 3359 3796 ἀτε
3394 3740 3461 3812 δὴ
3501 3743 3591 3795 καὶ
3619 3744 3772 3811 χρέος

2203 3839 2299 3892 καὶ
2331 3838 2556 3908 ὀφειλὴν
2579 3836 2780 3906 ἐχουσα
2806 3834 2943 3888 πᾶσι
2971 3829 3449 3903 διαμαρτύρασθαι
3470 3833 3563 3884 καὶ
3585 3831 3776 3891 νυκτὸς

2203 3931 2301 3985 καὶ
2331 3931 2551 4001 ἡμέρας
2581 3928 2677 3981 καὶ
2709 3927 2816 4000 ἰδίᾳ
2847 3925 2946 3979 καὶ¹
2967 3924 3229 3995 δημοσίᾳ,
3261 3921 3451 3993 ἐπειδὴ
3477 3925 3569 3976 καὶ
3584 3921 3773 3977 τούτου

2203 4025 2366 4095 χάριν
2389 4017 2701 4092 ἐτάχθησαν
2716 4020 2764 4073 οἱ
2791 4017 3072 4088 ποιμένες,
3094 4017 3180 4071 ῖνα
3200 4017 3419 4081 καὶτοῖς
3441 4015 3614 4077 ἀλλοις
3645 4014 3773 4068 σαλ-

2203 4118 2403 4181 πίζωσι
2425 4114 2522 4169 καὶ
2549 4111 2908 4184 προμηνύωσι
2925 4111 2993 4164 τά
3020 4109 3283 4182 μέλλοντα
3300 4107 3555 4180 δυσχερῆ,
3580 4111 3673 4161 καὶ
3689 4107 3775 4160 διὰ

2201 4210 2362 4264 τοῦτο
2400 4208 2782 4278 ἀπαραίτητος
2821 4207 2855 4276 ή
2886 4205 3131 4270 κόλασις,
3171 4201 3277 4258 κᾶν
3307 4198 3386 4267 εἷς
3429 4203 3458 4254 6
3489 4199 3776 4262 ἀπολωλὼς

2200 4300 2362 4379 τύχῃ,
2383 4299 2460 4362 ὡς
2482 4298 2582 4368 τῆς
2619 4295 2899 4367 ῥομφαίας
2933 4294 3257 4365 ἐρχομένης,
3279 4291 3347 4346 ἂν
3378 4293 3454 4364 μὴ
3475 4290 3773 4345 σαλπίσωσι

2199 4394 2277 4464 τῷ
2300 4392 2438 4463 λαῷ,
2463 4389 2604 4463 μηδέ
2621 4389 2934 4461 σημάνωσι,
2962 4390 3053 4442 καὶ
3074 4387 3307 4441 ἐλθοῦσα
3334 4387 3368 4456 ή
3388 4384 3626 4458 ῥομφαία
3640 4383 3774 4453 λάϐῃ

2197 4484 2406 4556 ψυχὴν,
2437 4483 2500 4536 τὸ
2529 4478 2672 4553 αἷμα
2711 4480 2882 4536 αὑτοῦ
2917 4480 2984 4535 ἐκ
3020 4481 3121 4549 τῆς
3153 4479 3340 4550 χειρὸς
3371 4476 3478 4532 τῶν
3508 4479 3774 4546 ποιμένων

2201 4575 2434 4647 ζητήσει
2467 4575 2497 4628 ὀ
2525 4572 2754 4644 Κύριος,
2790 4576 2888 4626 καὶ
2914 4572 2978 4626 οὐ
3010 4571 3339 4642 δυνήσονται
3379 4567 3774 4640 προϐάλλεσθαι

2198 4667 2300 4736 τὴν
2336 4663 2740 4744 ἀγνοιανιούδέ
2776 4665 2975 4730 είπεῖν,
3009 4663 3125 4716 Οὐκ
3155 4661 3475 4731 ἠκούσαμεν
3519 4659 3616 4728 τῆς
3653 4659 3774 4712 σάλ-

2200 4774 2422 4830 πιγγος,
2455 4758 2578 4812 οὐδὲ
2607 4757 2824 4827 εἴδομεν
2847 4758 2939 4811 τὸν
2973 4756 3235 4827 πόλεμον,
3263 4757 3315 4807 οί
3341 4759 3436 4818 τὰς
3464 4753 3570 4807 τῶν
3602 4751 3774 4803 ἀλλων

2198 4851 2432 4920 ἀγνοίας
2478 4850 2772 4922 ταχθέντες
2821 4848 3162 4920 ἐπανορθοῦν
3191 4848 3290 4902 καὶ
3331 4845 3424 4900 τὸν
3469 4840 3774 4899 διαϐολικὸν

2201 4943 2450 4998 κίνδυνον
2471 4942 2825 5016 ’προμηνύειν
2857 4941 3178 5013 ἐρχόμενον.
3213 4941 3312 4995 Διά
3337 4937 3510 4992 ταῦτα
3537 4951 3774 5006 προανα-

2200 5039 2372 5105 φωνεῖ
2399 5036 2498 5090 καὶ
2541 5038 2879 5106 ἐπισκήπτει
2903 5035 3021 5097 τοῖς
3069 5031 3315 5095 ἐποίκοις
3344 5031 3443 5100 τῆς
3475 5026 3775 5101 μεγαλοπό-

2199 5127 2338 5192 λεως
2375 5126 2584 5196 ταύτης
2627 5125 2826 5192 ἅπασι,
2861 5123 3176 5196 φοϐηθῆναι
3204 5121 3266 5174 τὸ
3294 5120 3437 5192 βαρὺ
3484 5120 3654 5190 κρίμα
3682 5124 3774 5170 καὶ

2199 5221 2300 5292 τὴν
2331 5221 2576 5292 φοϐερὰν
2615 5220 2837 5291 ἡμέραν
2867 5219 2968 5290 τῆς
2999 5215 3414 5278 ἀνταποδόσεως
3447 5213 3540 5266 τοῦ
3574 5213 3770 5280 Κυρίου
3863 5210 3868 5217 ’

2201 5316 2308 5385 πρὸ
2334 5313 2641 5383 ὀφθαλμῶν
2667 5313 2856 5366 λαϐεῖν
2884 5313 2980 5364 καὶ
3015 5311 3093 5381 μὴ
3119 5309 3346 5380 θελῆσαι
3379 5308 3489 5370 τοῖς
3514 5303 3770 5368 τοιούτοις

2200 5406 2666 5471 συναπόλλυσθαι,
2713 5404 2854 5458 ἀλλὰ
2884 5403 3026 5457 κατά
3054 5402 3181 5456 νοῦν
3226 5399 3412 5454 λαϐεῖν
3440 5400 3766 5468 τὴνάποτα·

2200 5501 2328 5571 γὴν,
2359 5501 2428 5571 ἢν
2458 5501 2554 5554 ἐπὶ
2593 5499 2691 5552 τοῦ
2737 5499 2894 5574 ἁγίου
2947 5497 3320 5568 βαπτίσματος
3372 5493 3769 5558 ἀπαιτούμεθα.

2197 5595 2322 5664 ἥτις
2359 5593 2537 5664 μικρά
2569 5592 2670 5662 μὲν
2702 5593 2960 5660 φαίνεται
2986 5593 3278 5660 λεγομένη,
3311 5587 3571 5656 νοουμένη
3601 5585 3655 5639 δέ
3679 5587 3770 5638 καὶ

2197 5689 2343 5741 πάνυ
2393 5687 2512 5739 ἐστὶ
2563 5685 2803 5756 μεγάλη,
2840 5685 2909 5756 ῆν
2955 5686 2982 5743 6
3016 5684 3248 5756 ίσχύσας
3285 5682 3520 5753 φυλάξαι
3548 5694 3775 5751 τρισμαο

2198 5778 2460 5846 κάριστός
2485 5777 2604 5829 ἐστι
2632 5792 2646 5808 ο
2681 5776 2770 5830 διὰ
2811 5776 2920 5847 γάρ
2950 5761 3149 5844 ὀλίγων
3179 5776 3441 5848 ῥημάτων
3470 5771 3577 5826 πᾶν
3606 5768 3775 5824 κακὸν

2199 5869 2624 5942 ὀνομαζόμενον,
2656 5869 2684 5924 ὀ
2718 5871 2870 5939 μισεῖ
2905 5870 2934 5923 6
2983 5869 3136 5938 Θεὸς,
3168 5855 3611 5938 ἀποτάσσόμεθα,
3645 5877 3777 5934 πνρ-
