4046 6448
327 476 468 542 1233

1392 455 1789 539 SYNODICA;
1819 479 2506 542 CONSTITUTIONES.

3457 481 3587 544 1234

297 595 417 646 ’καὶ
448 592 510 644 τὸ
542 591 719 660 παρὸν
754 589 1033 642 συνοδικὸν
1071 592 1311 660 γράμμα
1355 591 1454 660 τῆς
1494 589 1652 660 ήμῶν
1687 591 1905 662 μετριόο
1931 605 1979 658 Α
2006 594 2130 647 τέον
2158 592 2402 666 ζητῆσαί
2451 613 2510 649 τε
2563 597 2659 649 καὶ
2716 594 2934 665 μαθεῖν.
2996 593 3326 663 ’Λφιγμένου
3362 591 3455 646 οῦν
3501 592 3588 645 ἐπ’

321 701 502 753 τητος.
532 686 680 751 Μηνὶ
720 673 928 754 ἰουνῖἷρ
962 684 1061 738 ἰνδ.
1095 682 1160 749 ζ’.

324 834 440 892 XV.
476 835 712 909 Joannes
754 839 1030 909 respondet
1078 838 1424 909 metropolitw
1449 838 1651 893 Rustic:
1681 840 1909 894 interro-

397 907 547 976 ganti
577 907 638 960 de
663 907 1002 982 ηιρένοροίίιιι
1031 907 1531 963 ηιονιιιονηίναειιία
1566 919 1836 979 patrante.

475 1017 762 1086 Ἰερὼτατε
796 1019 1176 1089 μητροπολῖτα
1219 1020 1457 1080 Ῥωσίας
1488 1019 1580 1095 ita}
1622 1019 1908 1089 ύπέρτιμε,

331 1110 388 1161 ἐν
419 1111 560 1179 ἁγίῳ
595 1109 900 1179 Πνεύματι,
954 1112 1209 1183 ἀγαπητὲ
1257 1112 1456 1181 ἁδελφέ
1490 1111 1591 1180 τῆς
1623 1110 1781 1182 ήμῶν
1815 1126 1912 1180 με-

233 1212 246 1230 ’
331 1201 619 1271 τριότητος
664 1203 760 1256 καὶ
789 1203 1178 1274 συλλειτουργέ
1202 1244 1218 1270 ,
1263 1207 1427 1276 χάρις
1457 1203 1544 1270 εῐη
1578 1203 1675 1256 καὶ
1717 1203 1910 1272 εἰρήνη

332 1296 482 1363 παρᾶ
515 1293 650 1348 Θεοῦ
691 1298 757 1365 τῇ
795 1298 862 1364 σῇ
910 1295 1184 1366 ίερότητιο
1220 1297 1443 1366 γραφὴν
1471 1293 1775 1364 ἐδεξάμεθα
1812 1294 1915 1364 τῆς

334 1386 613 1456 ίερότητός
645 1404 767 1452 σου,
819 1385 1124 1452 διεξιοῦσαν
1171 1386 1291 1458 ἅμα
1333 1387 1428 1440 καὶ
1459 1383 1914 1457 πληροφοροῦσαν

333 1478 462 1548 περὶ
493 1478 589 1532 τοῦ
620 1478 730 1548 πρὸ
761 1478 857 1532 σοῦ
904 1481 1208 1551 ἀρχιερέως
1250 1480 1350 1549 τῆς
1382 1479 1554 1548 αὐτῆς
1601 1478 1916 1548 ἁγιωτάτης

336 1571 656 1641 ἐκκλησίας,
686 1571 763 1635 ὡς
815 1573 1076 1642 ἐδοξάσθη
1115 1573 1257 1642 μετά
1307 1573 1541 1626 θάνατον
1580 1571 1732 1640 παρά
1782 1568 1916 1622 Θεοῦ

337 1662 436 1715 καὶ
475 1665 697 1733 γνήσιος
730 1663 896 1718 αὑτοῦ
931 1663 1189 1734 θεράπων
1219 1663 1524 1734 ἀνεδείχθη,
1558 1663 1633 1726 ὡς
1663 1663 1755 1716 καὶ
1790 1662 1920 1716 θαύ-

343 1771 492 1823 ματα
547 1755 823 1810 τελεῖσθαι
877 1757 1092 1826 μεγάλα
1132 1757 1264 1829 παρ’
1315 1755 1482 1810 αὐτοῦ
1527 1758 1622 1809 καὶ
1655 1754 1918 1819 παντοίας

335 1846 526 1910 νόσους
557 1846 987 1917 θεραπεύεσθαι.
1024 1848 1431 1919 Εὐφράνθημεν
1478 1842 1572 1902 οὖν
1622 1849 1716 1900 καὶ
1750 1847 1921 1916 ἠγαλ-

337 1937 644 2008 λιασάμεθα
673 1939 760 2009 τῷ
781 1941 1057 2010 πνεύματι
1091 1941 1182 1992 ἐπὶ
1227 1940 1472 2006 τούτοις,
1506 1940 1602 1992 καὶ
1642 1937 1741 2008 τὴν
1773 1937 1922 2005 δφει-
1947 1951 1995 2013 Β

336 2033 572 2102 λομένην
611 2035 1015 2104 ἀνεπέμψαμεν
1042 2035 1122 2106 τῷ
1147 2035 1265 2104 Θεῷ
1292 2035 1624 2104 δοξολογίαν.
1672 2036 1825 2088 Ἐπεὶ
1852 2034 1910 2089 δέ

335 2124 430 2174 καὶ
471 2123 602 2192 παρ’
661 2125 820 2194 ἡμῶν
884 2128 1070 2196 ἐζήτει
1132 2129 1392 2198 μαθεῖνή
1445 2129 1660 2198 ίερότης
1708 2145 1804 2180 σου
1850 2127 1911 2180 τὸ

335 2215 589 2283 ποιητέον
617 2217 708 2267 ἐπὶ
732 2217 810 2286 τῷ
835 2219 1062 2286 τοιούτῳ
1086 2217 1230 2288 ἀγίῳ
1261 2218 1523 2289 λειψάνῳ,
1547 2215 1658 2272 οἶδε
1683 2220 1739 2272 δὲ
1769 2217 1910 2289 αὕτη

334 2306 428 2356 καὶ
472 2306 574 2358 ούκ
625 2307 831 2375 ἀγνοεῖ,
881 2308 958 2371 ὡς
999 2308 1115 2379 ἔχει
1146 2309 1354 2376 τάξεως
1401 2313 1496 2363 καὶ
1531 2310 1826 2376 συνηθείας
1855 2312 1913 2364 ἐν

334 2396 450 2455 τοῖς
479 2399 744 2460 τοιούτοις
770 2400 803 2467 ὴ
849 2397 948 2451 τοῦ
988 2399 1125 2453 Θεοῦ
1170 2400 1488 2469 Ἐκκλησία,
1538 2401 1912 2471 πληροφορίαν

337 2486 433 2538 καὶ
479 2487 568 2540 ἐπ’
617 2487 766 2558 αὐτῷ
801 2490 1045 2544 λαϐοῦσα
1093 2491 1320 2562 βεϐαίαν
1355 2492 1452 2545 καὶ
1487 2493 1912 2564 ἀναμφίλεκτον,

337 2575 417 2645 τῷ
447 2577 672 2645 τοιούτῳ
697 2583 796 2648 τῆς
845 2580 1171 2648 Ἐκκλησίας
1210 2582 1474 2651 χρήσεται
1510 2581 1727 2644 πάντως
1758 2581 1914 2652 τύπῳ

337 2668 371 2736 ή
397 2667 612 2738 ἰερότης
643 2687 737 2721 σου
769 2671 864 2722 καὶ
899 2670 1031 2742 περὶ
1061 2671 1217 2734 αὐτὸ,
1247 2674 1343 2724 καὶ
1382 2669 1572 2740 ὕμνοις
1606 2673 1700 2724 καὶ
1742 2671 1917 2738 ἱεραῖς

335 2759 592 2826 τιμήσεις
635 2762 728 2812 καὶ
773 2760 1134 2830 θεραπεύσεις
1171 2760 1501 2829 δοξολογίαις
1525 2760 1612 2813 τὸν
1643 2759 1737 2812 τοῦ
1775 2759 1914 2812 Θεοῦ

338 2847 672 2919 θεράποντα,
704 2854 799 2906 καὶ
831 2852 909 2921 τῷ
943 2852 1072 2922 ἑξῆς
1101 2853 1452 2922 παραδώσεις
1485 2853 1662 2924 χρόνῳ
1712 2853 1793 2914 εἰς
1828 2851 1915 2904 αῐ-

337 2955 487 2992 νεσιν
518 2941 611 2994 καὶ
643 2940 804 3004 δόξαν
837 2943 932 2995 τοῦ
963 2941 1278 3008 δοξάζοντος
1319 2943 1455 2998 Θεοῦ
1485 2947 1609 3007 τοὺς
1643 2945 1802 2997 αὑτὸν
1831 2943 1920 2996 δο-

344 3029 625 3098 ξάζοντας,
652 3028 714 3087 οὗ
763 3035 796 3103 ἡ
841 3034 1003 3102 χάρις
1034 3035 1122 3105 εἴη
1162 3035 1302 3104 μετά
1339 3037 1438 3106 τῆς
1467 3036 1566 3107 σῆς
1616 3037 1919 3107 ίερότητος.

341 3123 492 3192 Μηνὶ
532 3125 739 3196 Ἰουλίῳ
773 3127 869 3181 ίνδ.
895 3127 961 3192 ζ’.
1729 3184 1732 3188 .
1778 3141 1792 3152 ’

339 3254 479 3310 XVI.
537 3256 778 3325 Synodus
839 3258 1038 3312 dirimit
1091 3259 1504 3313 controversiam
1557 3269 1731 3314 ortam
1783 3261 1920 3315 inter

411 3315 802 3394 ιηιιινοῖιοίὶιαηι
832 3327 1220 3384 Thessalonice:
1267 3336 1317 3382 et
1368 3332 1748 3386 monasterium
1778 3335 1918 3386 Aca-
1945 3315 1992 3376 (ἶ

411 3399 538 3466 pnii.

410 3531 450 3601 ’ξ-
481 3533 720 3599 Διένεξις
750 3534 989 3605 ἀνέκυψε
1041 3535 1206 3606 μέσον
1239 3536 1348 3590 τῶν
1399 3554 1457 3590 τε
1503 3539 1919 3610 ὲνασκουμένων
1947 3619 1951 3625 ὶ

346 3627 598 3696 μοναχῶν
625 3631 690 3697 τῇ
721 3627 863 3681 κατά
909 3628 1007 3698 τήν
1040 3628 1446 3699 Θεσσαλονίκην
1491 3631 1770 3702 σεϐασμίᾳ
1816 3647 1921 3685 πα-

340 3719 634 3788 τριαρχικῇ
670 3721 803 3789 μονῇ
834 3721 900 3790 τῇ
937 3720 1017 3782 είς
1052 3720 1224 3790 ὄνομα
1267 3722 1558 3792 τιμωμένῃ
1591 3723 1686 3775 τοῦ
1717 3725 1921 3777 Δεσπό-

341 3826 435 3863 του
466 3811 724 3883 Σωτῆρος
749 3812 989 3883 Χριστοῦ
1033 3814 1131 3867 καὶ
1153 3815 1592 3884 ἐςτικεκλημένου
1635 3816 1732 3870 τοῦ
1768 3817 1921 3872 Ἀκα-

345 3903 522 3968 πνίου,
558 3905 653 3957 καὶ
678 3903 775 3957 τοῦ
805 3905 1007 3976 μέρους
1037 3906 1138 3977 τῆς
1184 3907 1496 3980 ἁγιωτάτης
1531 3913 1921 3981 μητροπόλεως

343 3996 748 4068 Θεσσαλονίκης
776 3997 909 4073 περὶ
938 3996 1039 4050 τοῦ
1058 3999 1239 4052 ἐκεῖσε
1269 4000 1471 4071 κλήρου
1500 4001 1595 4055 τοῦ
1617 4003 1760 4056 θείου
1787 4004 1919 4059 ναοῦ

343 4089 438 4142 τοῦ
492 4091 572 4152 εἰς
618 4090 791 4160 ὄνομα
839 4089 949 4143 τῶν
995 4091 1333 4162 ’Δσωμάτων
1380 4095 1773 4165 τετιμημένου,
1816 4097 1915 4151 τοῦ

348 4183 449 4250 μὲν
481 4183 708 4236 τοπικοῦ
755 4185 1058 4254 ἀρχιερέως
1094 4188 1358 4255 σφραγῖσι
1392 4192 1485 4241 καὶ
1526 4191 1714 4257 τιμαῖς
1760 4191 1923 4259 όφφι-

346 4274 481 4328 κίων
503 4276 597 4329 καὶ
625 4276 756 4347 περὶ.
780 4275 945 4330 αὑτὸν
974 4277 1212 4348 χρῆσθαι
1243 4279 1542 4345 ἐθέλοντος,
1572 4281 1661 4335 ναί.
1688 4283 1794 4351 μὴν
1828 4282 1922 4336 καὶ

349 4367 431 4430 είς
460 4368 744 4436 οίκονόμον
772 4367 976 4437 ἀρτίως
1011 4367 1105 4421 διὰ
1138 4370 1439 4438 σφραγῖδος
1482 4371 1923 4442 προϐιϐάσαντος

346 4458 406 4509 ἐν
431 4455 602 4526 αὐτῷ,
649 4455 712 4510 δν
742 4456 878 4526 δῆτα
907 4458 1005 4510 καὶ
1050 4457 1409 4529 προεϐίϐασε,
1440 4461 1551 4512 τῶν
1587 4462 1841 4532 μοναχῶν
1865 4462 1922 4516 δὲ

344 4548 758 4616 ἀνθισταμένων
783 4546 879 4600 καὶ
911 4549 1345 4620 ἐναντιουμένων
1379 4551 1553 4622 αὐτῷ,
1593 4551 1689 4605 ἅτε
1718 4552 1782 4622 δὴ
1813 4554 1921 4606 τῶν

2012 686 2164 757 αὐτῷ
2198 688 2378 757 τούτῳ
2427 689 2524 740 καὶ
2563 687 2657 740 τοῦ
2712 686 3069 758 ἰερομονάχου
3125 687 3231 756 κύρ
3281 686 3586 751 Διονυσίου,

2012 779 2294 847 προτροπῇ
2347 777 2442 830 καὶ
2491 775 2748 830 ἀναθέσει
2797 775 2900 830 τοῦ
2939 776 3235 846 ἱερωτάτου
3284 777 3587 848 ἀρχιερέως

2012 867 2458 939 Θεσσαλονίκης,
2528 867 2800 940 ἐπέτρεψε
2867 868 3162 931 συνοδικῶς
3212 869 3245 938 ή
3297 869 3588 939 μετριότης
3691 879 3700 883 “

2013 962 2170 1030 ήμῶν
2199 963 2452 1033 ἐκατέρῳ
2494 962 2675 1015 εἰπεῖν
2709 960 2805 1015 καὶ
2834 958 3220 1032 διηγήσασθαι,
3266 960 3389 1013 ὅσον
3415 961 3594 1012 εἰπεῖν

2013 1054 2147 1124 ἔχει,
2186 1055 2282 1110 καὶ
2307 1054 2372 1125 δὴ
2401 1056 2500 1118 τὰς
2527 1054 2664 1124 πρὸς
2694 1055 2851 1125 ἡμᾶς
2886 1053 3108 1124 γραφὰς
3141 1051 3234 1106 τοῦ
3268 1051 3592 1106 Θεσσαλονί-

2013 1140 2116 1214 κῖης
2158 1147 2187 1200 ό
2217 1147 2382 1208 αὐτὸς
2413 1146 2771 1218 ἰερομόναχος
2808 1144 2915 1216 κῦρ
2949 1131 3225 1208 Διονύσιος
3260 1145 3591 1214 ἐμφανίσας,

2015 1237 2074 1292 αῖ
2131 1238 2194 1309 δὴ
2252 1239 2468 1308 γραφαὶ
2527 1233 2996 1304 διεξιοῦσαιῆσαν
3052 1239 3132 1301 εἰς
3187 1237 3390 1308 πρᾶξιν
3433 1237 3596 1290 αὑτὸν

2016 1331 2344 1403 ἑδρασθῆναι
2375 1331 2664 1403 συνοδικὴν
2710 1332 2807 1386 καὶ
2835 1332 2936 1402 τὴν
2961 1332 3056 1386 τοῦ
3099 1332 3384 1401 οἰκονόμου
3417 1349 3597 1401 σφραο

2017 1427 2164 1494 γίδα,
2192 1426 2564 1498 προεκόμισεν
2585 1426 2782 1481 ἔπειτα
2813 1426 2911 1480 καὶ
2930 1426 3029 1495 τὴν
3061 1425 3348 1496 συνοδικήν
3377 1425 3599 1495 πρᾶξιν,

2016 1518 2140 1591 ἥτις
2173 1517 2269 1571 καὶ
2295 1519 2355 1571 ἐν
2375 1515 2602 1589 ἐπηκόῳ
2630 1516 3047 1586 ἀναγνωσθεῖσα
3079 1517 3208 1584 περὶ
3237 1517 3337 1586 μὲν
3366 1517 3495 1582 τῶν,
3522 1508 3599 1569 ὧν

2017 1608 2302 1680 διωρίζετο
2363 1610 2435 1663 τά
2486 1609 2900 1683 χρυσόὸουλλα,
2973 1611 3166 1680 μνείαν
3223 1613 3462 1663 ἐποιεῖτο
3491 1611 3600 1663 οὐδ’

2017 1699 2329 1770 ἡντιναοῦν,
2359 1697 2447 1753 οἷα
2499 1699 2634 1770 μηδέ
2671 1701 3121 1771 ἐμφανισθέντων
3166 1701 3469 1773 τηνικαῦτα
3501 1720 3602 1757 τυ-

2021 1794 2137 1862 χδν,
2167 1798 2258 1846 τὸν
2302 1794 2596 1870 ’ᾼκαπνίου
2623 1795 2681 1847 δὲ
2705 1795 2942 1863 ἀπεῖργε
2965 1795 3302 1865 χειροτονίας
3326 1797 3401 1868 μὴ
3425 1797 3602 1850 ποιεῖν

2022 1886 2079 1939 ἐν
2103 1884 2184 1956 τῷ
2214 1887 2445 1958 τοιούτῳ
2476 1888 2664 1960 κλήρῳ
2692 1888 2941 1959 βαθμῶν.
2970 1888 3168 1954 Καλῶς
3199 1889 3357 1942 τοῦτο
3382 1891 3599 1952 πάντως

2023 1981 2115 2033 καὶ
2160 1981 2463 2046 κανονικῶς
2508 1984 2613 2051 τῆς
2667 1983 2891 2037 συνόδου
2942 1981 3362 2054 διορισαμένης,
3398 1981 3490 2034 ἀτε
3531 1979 3599 2051 δὴ

2022 2069 2120 2122 τοῦ
2150 2057 2393 2124 τοιούτου
2427 2074 2717 2142 χρήματος
2746 2073 2852 2126 τῶν
2886 2072 3239 2144 χειροτονιῶν
3281 2069 3599 2141 ἀρχιερεῦσι

2027 2161 2421 2237 προσήρεοντος,
2454 2164 2550 2218 ἐπὶ
2578 2164 2788 2230 τούτοις
2828 2167 3108 2237 προέτεινε
3142 2164 3243 2236 μὲν
3289 2165 3382 2219 καὶ
3426 2165 3454 2217 ό
3502 2164 3599 2234 τῆς

2025 2252 2120 2306 τοῦ
2162 2254 2456 2308 Ἀκαπνίου
2496 2259 2965 2330 μεταγενεστέραν
3005 2257 3415 2330 πατριαρχικὴν
3456 2273 3597 2326 γρα-

2030 2344 2158 2415 φὴν,
2194 2347 2506 2404 ἐνδιδοῦσαν
2537 2351 2614 2420 τῷ
2642 2352 2848 2423 ταύτης
2874 2353 3301 2424 ἀρχιμανδρίτῃ,
3341 2349 3483 2404 ὥστε
3519 2350 3599 2415 εἰς

2025 2439 2309 2509 οἰκονόμον
2354 2441 2643 2515 καθιστᾷν,
2697 2443 2756 2498 ὃν
2799 2445 2865 2500 ἂν
2895 2446 3238 2516 ἐπιλέξηται,
3287 2449 3378 2498 καὶ
3409 2445 3600 2516 κληρι-

2029 2533 2162 2594 κοὺς
2195 2536 2585 2606 ἐγκαταλέγειν
2609 2539 2685 2609 τῷ
2713 2539 2901 2610 κλήρῳ
2921 2531 3054 2608 τῷδε
3087 2537 3157 2590 δι’
3175 2536 3391 2590 οἰκείων
3415 2553 3520 2604 γρα
3532 2552 3599 2603 μ-

2033 2623 2244 2692 μάτων,
2275 2629 2560 2697 προέτεινε
2592 2629 2649 2685 δὲ
2675 2632 2772 2684 καὶ
2801 2631 2868 2685 τά
2897 2630 3273 2702 χρυσόσουλλα
3308 2630 3402 2682 καὶ
3435 2628 3600 2699 πρόσ-

2026 2730 2216 2784 ταγμα
2256 2718 2456 2773 σεπτὸν
2485 2719 2574 2774 ἐπ’
2605 2722 2791 2786 αὐτοῖς
2830 2723 2922 2776 τοῦ
2957 2723 3204 2793 ἀοιδίμου
3238 2725 3332 2776 καὶ
3364 2721 3606 2791 μακαρί-

2025 2823 2121 2859 του
2150 2808 2435 2878 βασιλέως,
2477 2815 2574 2868 τοῦ
2605 2817 2833 2870 πάππου
2862 2816 2957 2870 τοῦ
2999 2818 3289 2888 κρατίστου
3319 2817 3413 2870 καὶ
3440 2815 3600 2884 ἀγίου
3702 2849 3704 2851 >

2033 2913 2137 2966 μου
2191 2899 2616 2973 αὐτοκράτορος,
2669 2906 2764 2958 καὶ
2813 2905 3002 2976 ἓτερον
3037 2908 3237 2959 σεπτὶν
3267 2908 3602 2978 πρόσταγμα

2028 2989 2234 3061 ἀρτίως
2265 2993 2533 3050 ἀπολυθέν
2582 2996 2712 3070 παρ’
2741 2999 2906 3052 αὑτοῦ
2938 3000 3002 3071 δὴ
3033 2999 3128 3054 τοῦ
3162 3002 3227 3054 ἐκ
3257 3000 3393 3053 Θεοῦ
3451 2999 3607 3069 βασι-

2030 3081 2187 3150 λέως,
2221 3085 2357 3152 ὁμοῦ
2395 3089 2491 3141 καὶ
2520 3087 2621 3160 τὴν
2651 3089 2745 3144 τοῦ
2795 3091 2999 3162 κλήρου
3039 3091 3300 3158 ἐπιλογὴν
3353 3093 3448 3146 καὶ
3483 3094 3607 3158 ἐφο-

2031 3171 2186 3244 ρείάν
2219 3177 2316 3229 καὶ
2363 3178 2463 3248 τὴν
2509 3179 2837 3254 ἐπιτήρησιν
2875 3183 2970 3236 τοῦ
3003 3183 3247 3237 τοιούτου
3300 3183 3444 3236 θείου
3475 3183 3604 3236 ναοῦ

2026 3265 2105 3337 τῷ
2134 3271 2276 3324 κατά
2322 3273 2550 3342 καιροὺς
2582 3273 2682 3344 τῆς
2722 3275 2817 3327 τοῦ
2877 3276 3177 3330 Ἀκαπνίου
3225 3272 3639 3349 προεδρεύοντι

2021 3359 2253 3414 ἐνετίθει
2278 3363 2373 3416 καὶ
2398 3364 2720 3437 ἐνεχείριζε,
2757 3367 2883 3430 τούς
2926 3386 2985 3422 τε
3032 3369 3347 3438 φθάσαντας
3379 3371 3609 3438 ἐνταγῆο

2021 3467 2110 3504 ναι
2131 3453 2310 3526 τούτῳ
2335 3457 2735 3530 διπλοκλήρους
2765 3461 3128 3532 παρέστελλε,
3164 3463 3256 3516 καί
3283 3464 3374 3516 τὸν
3399 3463 3608 3516 Θεσσα-

2021 3543 2239 3616 λονίκης
2265 3549 2581 3623 ἀπέτρεπεν
2619 3553 2854 3608 ἐκεῖθεν.
2907 3556 3126 3625 ’Δμέλει
3159 3555 3252 3609 καὶ
3285 3557 3603 3610 συνδιασκε-

2020 3635 2242 3708 ψαμένη
2272 3640 2340 3693 τά
2368 3642 2498 3712 περὶ
2524 3644 2719 3697 τούτου
2745 3645 2778 3713 ἡ
2816 3645 3108 3717 μετριότης
3143 3639 3302 3717 ἡμῶν
3326 3633 3443 3710 ’τοῖς
3476 3651 3605 3716 περὶ

2023 3728 2196 3798 αὐτὴν
2246 3731 2566 3802 ἱερωτάτοις
2603 3737 2944 3808 ἀρχιερεῦσι,
2979 3739 3058 3808 τῷ
3100 3740 3350 3807 Ἐφέσου,
3394 3740 3473 3811 τῷ
3506 3743 3601 3794 Πι-

2025 3817 2218 3884 σιδίας,
2270 3821 2350 3890 τῷ
2395 3823 2685 3887 Μαδύτων,
2726 3826 2804 3896 τῷ
2852 3827 3159 3899 Μηθύμνης
3203 3830 3299 3883 καὶ
3333 3831 3410 3900 τῷ
3445 3832 3602 3896 Χίου,

2021 3909 2220 3981 διέγνω
2251 3914 2347 3968 καὶ
2385 3916 2730 3986 ἀπεφήνατο,
2764 3921 3044 3990 προσῆκον
3073 3916 3213 3976 εἶναι
3245 3921 3338 3976 καὶ
3366 3917 3603 3990 δίκαιον,

2023 4004 2209 4060 ἐκεῖνα
2242 4008 2333 4062 καὶ
2354 4010 2434 4072 εἰς
2463 4010 2556 4063 τὸν
2577 4011 2704 4080 ἐξῆς
2728 4014 2907 4068 πάντα
2935 4016 3130 4086 χρόνον
3153 4005 3247 4071 ἐπὶ
3273 4017 3351 4089 τῷ
3376 4019 3605 4091 τοιούτῳ

2023 4097 2215 4170 κλήρῳ
2245 4103 2473 4170 κρατεῖν
2502 4104 2596 4156 καὶ
2626 4104 3002 4174 ἐνεργεῖσθαι,
3036 4109 3136 4163 ὅσα
3175 4111 3246 4163 τά
3274 4111 3404 4182 περὶ
3434 4113 3602 4166 αὑτοῦ

2023 4191 2398 4259 χρυσόϐουηα
2434 4194 2823 4263 ύπετύπωσεν,
2877 4197 2958 4252 ἔτι
3007 4218 3067 4254 τε
3101 4203 3195 4256 καὶ
3246 4204 3344 4256 ὅσα
3397 4206 3466 4258 τὰ
3513 4207 3602 4263 ἐπ’

2025 4283 2212 4349 αὐτοῖς
2243 4289 2417 4341 σεπτά
2449 4290 2872 4360 προστάγματα,
2901 4291 3042 4346 ὥστε
3068 4295 3159 4348 τὸν
3189 4296 3286 4364 τῆς
3311 4297 3406 4350 τοῦ
3443 4300 3605 4354 Ἀκαυ

2027 4376 2186 4429 πνίου
2239 4379 2335 4432 καὶ
2370 4381 2470 4451 τὴν
2511 4382 2768 4453 ἐφορείαν
2801 4385 2898 4438 καὶ
2935 4386 3198 4458 ἐπιλογὴν
3231 4388 3378 4458 ἔχειν
3413 4392 3602 4456 αὐτοῦ,

2025 4471 2120 4524 καὶ
2145 4470 2326 4525 πάντα
2360 4474 2448 4527 ἐπ’
2477 4473 2629 4545 αὐτῷ
2665 4479 2862 4545 ποιεῖν,
2907 4479 3008 4532 ὃσα
3043 4480 3132 4534 διὰ
3165 4483 3275 4536 τῶν
3307 4484 3488 4536 αὐτῶν
3527 4486 3606 4538 δι-

2027 4560 2281 4614 καιοῦται
2328 4563 2756 4635 δικαιωμάτων,
2810 4570 2998 4639 μέντοι
3043 4578 3109 4642 ’γε
3167 4577 3264 4630 καὶ
3323 4578 3604 4648 ἐφορεύων

343 4643 474 4711 περὶ
521 4638 618 4694 τοῦ
670 4639 876 4709 κλήρου
923 4639 1078 4692 τοῦδε
1123 4642 1443 4741 προσόντων
1498 4642 1687 4707 αὐτοῖς
1720 4641 1918 4727 χρυσο-
2027 4651 2180 4706 ἔσται
2229 4662 2324 4708 καὶ
2375 4658 2765 4729 ἐπιλεγόμενος
2806 4635 2930 4728 τοὺς
2983 4635 3260 4731 τοιούτους
3307 4635 3600 4741 κληρικοὺς

342 4735 604 4799 ϐούλλων,
655 4733 748 4786 τὸν
787 4731 1220 4803 ἀρχιμανδρίτην
1249 4732 1350 4802 τῆς
1399 4733 1571 4802 αὐτῆς
1614 4725 1921 4806 σεϐασμίας

347 4825 517 4896 μονῆς
547 4824 640 4878 καὶ
677 4823 965 4894 ἐφορεύειν
995 4823 1089 4877 καί.
1121 4823 1474 4892 ἐπιλέγεσθαι
1499 4825 1726 4890 τούτους
1754 4829 1918 4898 διορι-

344 4917 613 4986 ζομένων,
652 4914 752 4968 οὐκ
779 4914 890 4968 ἀπὸ
917 4913 1026 4968 τῶν
1051 4914 1148 4984 τῆς
1181 4914 1572 4985 μητροπόλεως
1614 4917 1916 4986 κληρικῶν,

344 5006 444 5058 οὐκ
474 5005 584 5058 ἀπὸ
617 5005 724 5058 τῶν
748 5005 850 5074 τῆς
873 5005 1174 5072 Παναγίας,
1205 5005 1307 5058 ούκ
1333 5006 1444 5060 ἀπὸ
1473 5007 1582 5061 τῶν
1618 5009 1712 5062 τοῦ
1746 5027 1918 5078 μεγα-

345 5095 693 5165 λομάρτυρος
741 5097 834 5162 καὶ
886 5094 1228 5165 μυροϐλύτου
1271 5098 1609 5166 Δημητρίου,
1659 5099 1775 5152 ἀλλ’
1808 5099 1918 5153 ἀπὸ

347 5187 458 5240 τῶν
487 5189 546 5240 ἐν
578 5185 890 5256 εύκτηρίοις
925 5189 1098 5250 οἴκοις
1134 5188 1580 5259 προσανεχόντων
1609 5190 1752 5260 Θεῷ,
1785 5193 1915 5262 περὶ

345 5281 440 5332 τοῦ
472 5279 872 5350 Θεσσαλονίκης
906 5280 1075 5350 μηδέν
1107 5298 1160 5333 τι
1211 5282 1481 5352 μηδαμῶς
1519 5285 1912 5354 μεμνημένων.

357 5374 412 5426 Ἐ
426 5373 509 5425 πεῖ
536 5367 630 5426 οῦν
659 5372 834 5443 ἀρχὴν
867 5372 1027 5443 ἔσχεν
1061 5373 1314 5428 ἐντεῦθεν
1354 5375 1537 5440 αὐτοῖς
1571 5377 1641 5430 τὰ
1675 5376 1776 5447 τῆς
1809 5377 1915 5431 διεο

341 5462 537 5528 νὲξεως
588 5465 684 5519 καὶ
729 5465 882 5518 λυσιν
924 5465 1178 5535 οὐδαμῶς
1217 5465 1544 5537 ἐλάμϐανεν,
1592 5469 1917 5534 ἐξαποστέλ-

342 5558 525 5609 λουσιν
572 5557 652 5618 el;
682 5557 782 5626 τὴν
818 5556 944 5610 καθ’
995 5558 1146 5628 ἡμᾶς
1183 5558 1332 5627 ίεράν
1375 5559 1472 5614 καὶ
1508 5560 1661 5614 θείαν
1693 5563 1913 5616 σύνοδον

341 5651 390 5699 οί
426 5647 654 5717 μοναχοὶ
709 5647 803 5701 τὸν
861 5649 966 5701 ἀπὸ
1026 5648 1125 5717 τῆς
1182 5650 1355 5720 αὐτῆς
1389 5651 1692 5722 σεϐασμίας
1746 5657 1915 5725 μονῆς

313 5737 702 5806 δίερομόναχον
747 5736 854 5807 κῦρ
886 5739 1198 5809 Μαλαχίαν,
1253 5739 1567 5811 ἐπιθέμενοι
1617 5743 1792 5815 τούτῳ
1845 5748 1913 5800 τὰ

343 5827 617 5894 προσόντα
645 5827 772 5897 περὶ
798 5828 898 5896 τῆς
921 5829 1232 5893 ὑποθέσεως
1257 5831 1460 5902 ταύτης
1486 5834 1672 5896 αὐτοῖς
1692 5836 1912 5889 δικαιώ-

358 5935 523 5990 ματα,
555 5919 642 5990 ἐφ’
753 5921 819 5974 τὰ
852 5922 972 5977 κατ’
1006 5921 1171 5992 αὐτὴν
1212 5923 1499 5993 ἀνενέγκαι
1525 5926 1618 5979 καὶ
1655 5928 1714 5982 τὸ
1754 5945 1910 5997 ποιη-

2026 4748 2120 4799 καὶ
2165 4748 2493 4818 γράμμασιν
2536 4753 2762 4818 οἰκείοις
2801 4755 3026 4822 τούτους
3060 4761 3401 4827 ἐγκαθιστῶν
3431 4765 3506 4829 ὡς
3540 4769 3601 4820 τὸ

2022 4835 2314 4904 πρότερον,
2352 4840 2452 4907 τήν
2503 4841 2723 4897 τετῶν
2776 4845 2938 4914 ἱερῶν
2969 4847 3180 4906 σκευῶν
3223 4851 3472 4920 φυλακὴν
3506 4856 3600 4907 καὶ

2019 4927 2119 4999 τὴν
2175 4930 2270 4983 τοῦ
2311 4934 2651 5004 οἰκονομείου
2705 4939 3015 5009 ὑπηρεσίαν
3053 4941 3144 4994 τὸν
3181 4944 3345 4998 αὐτὸν
3395 4948 3600 5015 τρόπον

2021 5021 2336 5092 ἐπιτρέπων
2387 5026 2482 5078 καὶ
2515 5026 2810 5095 ἀνατιθεὶς,
2867 5031 2928 5084 ὃν
2970 5033 3038 5086 ἀν
3087 5034 3272 5089 ἱκανὸν
3321 5038 3380 5104 ἐξ
3417 5039 3598 5092 αὐτῶν
3659 5042 3663 5049 ’

2019 5115 2112 5165 ἐπὶ
2147 5115 2358 5179 τούτοις
2397 5117 2490 5170 καί⁴
2517 5119 2778 5190 ἁρμόδιον
2807 5121 3058 5196 διακρίνῃ
3090 5127 3234 5180 κατά
3265 5129 3365 5200 τὴν
3398 5134 3595 5200 προτέ-

2020 5223 2120 5275 ραν
2152 5207 2450 5278 συνήθειαν
2482 5211 2576 5264 καὶ
2620 5212 2742 5266 καθ’
2769 5214 2909 5284 ὅπερ
2951 5217 3193 5288 ἀρχῆθεν
3224 5220 3353 5290 ἔσχε
3397 5224 3594 5292 προνό-

2021 5313 2166 5364 μιον,
2200 5299 2573 5366 φυλάττεσθαι
2607 5303 2798 5358 τούτου
2829 5307 3138 5376 ὀφείλοντος
3172 5313 3263 5364 καὶ
3291 5313 3349 5364 τὸ
3379 5315 3594 5386 ἀπαρᾲτ

2017 5405 2224 5457 τρωτον
2247 5391 2394 5461 ἔχειν
2435 5394 2527 5446 ἐπὶ
2555 5396 2690 5448 πᾶσι
2712 5399 2826 5461 τοῖς
2858 5399 3002 5452 κατά
3031 5404 3258 5471 καιροὺς
3290 5405 3389 5470 τὴν
3422 5405 3593 5473 αὐτῆς

2017 5483 2359 5549 προστασίαν
2387 5484 2806 5555 διαδεξομένοις,
2856 5491 2996 5561 πλὴν
3023 5493 3119 5562 οὐχ
3152 5493 3263 5557 ἕξει
3297 5511 3379 5556 τις
3410 5497 3592 5547 αὐτῶν

2017 5571 2108 5624 ἐπ’
2139 5573 2344 5639 ἀδείας,
2383 5580 2659 5648 σφραγῖδα
2682 5581 3011 5654 οἰουδήτινος
3049 5586 3309 5652 ὀφφικίιυ
3357 5591 3590 5656 ποιήσας

2019 5660 2161 5724 σθαι,
2191 5663 2315 5715 οὔτε
2368 5666 2476 5734 μὴν
2511 5669 2828 5738 ἐναρίθμιόν
2873 5689 2999 5724 τινα
3028 5673 3106 5741 τῷ
3145 5674 3369 5744 τοιούτῳ
3403 5680 3591 5747 κλήρῳ

2015 5757 2244 5823 ποιῆσαι
2296 5757 2699 5831 διπλόκληρονο
2750 5762 3172 5833 ἀπαγορεύομεν
3225 5768 3334 5838 γὰρ
3379 5769 3588 5833 τούτοις

2016 5845 2188 5909 ἅπασι
2219 5847 2314 5898 καὶ
2340 5850 2503 5916 ἡμεῖς
2528 5852 2727 5920 ὁμοίως
2755 5857 2820 5921 τῇ
2855 5854 3201 5926 προλασούσῃ
3233 5861 3460 5928 συνόδῳ,
3496 5863 3588 5916 καὶ

2014 5935 2267 6000 οὐδαμῶς
2297 5939 2672 6012 ἐκγωροῡμεν,
2698 5943 2816 5997 ούδέ
2855 5943 3035 5999 ἄδειαν
3059 5945 3298 6018 δίδομεν,
3347 5950 3580 6018 smn!"-
