4046 6470
315 414 322 421 ἢ
374 465 516 532 1237

1441 461 1836 525 SYNODICIE
1875 460 2558 530 CONSTITUTIONES.

3487 449 3625 535 1228

365 598 480 644 τοις
524 581 881 650 αὕταδέλφοις
911 574 1100 641 αὐτοῦ,
1145 574 1226 646 τῷ
1269 573 1524 642 Νικολάῳ
1553 572 1651 626 καὶ
1698 571 1777 642 τῷ
1813 573 1945 627 Θεο-
1973 579 2021 638 Α
2050 577 2197 648 λαδς,
2223 580 2282 633 ἐν
2311 581 2503 654 Κυρίῳ
2530 581 2794 657 ἀγαπητά
2832 583 2999 637 τέκνα
3025 585 3122 654 τῆς
3155 583 3313 653 ήμῶν
3339 586 3630 654 μετριότη-

365 670 546 741 δώρῳ,
577 672 772 735 οῖτινες
801 670 866 741 δή
897 669 992 724 καὶ
1026 666 1313 722 συνέθεντο
1338 665 1435 718 καὶ
1471 662 1950 734 συνεσισάσθησαν

2051 688 2179 734 τοςο
2206 671 2306 744 τὴν
2342 672 2452 727 ἀπὸ
2488 673 2624 728 Θεοῦ
2655 673 2878 745 είρήνην
2910 675 3005 728 καὶ
3027 675 3086 729 16
3108 675 3276 738 ἔλεος,
3309 677 3639 746 ἀπαλλαγήν

366 761 457 813 διά
492 763 664 832 μόνης
691 762 858 832 ψιλῆς
905 759 1228 830 συμφωνίας
1267 757 1388 827 πρδ
1408 753 1620 827 Χρόνων
1664 755 1805 825 μετὰ
1855 756 1992 837 τοῦ.
2051 781 2115 816 τε
2145 763 2257 816 τῶν
2278 764 2522 836 ἀνιαρῶν
2559 766 2655 819 καὶ
2685 766 2793 820 πᾶν
2825 765 2956 820 ἀλλο
2981 765 3190 834 ἀγαθὸν
3222 767 3317 819 καί
3364 768 3635 837 σωτήριον

1951 805 1992 852 ι

366 851 577 923 Φόρτου
601 852 845 924 Μιχαὴλ,
877 851 961 922 ἐφ’
989 846 1036 920 ᾧ
1062 850 1251 904 λαϐεῖν
1279 847 1378 918 τήν
1407 845 1504 902 τοῦ
1531 846 1759 918 ἀνεψιοῦ
1784 845 1990 902 αὐτοῦ’
2055 848 2400 920 ἐπευχόμεθα
2447 851 2617 906 πᾶσιν
2682 852 2812 924 ὑμῖν
2853 853 2918 907 ἐκ
2947 853 3085 907 Θεοῦ
3143 857 3592 926 παντοκράτορος
3614 871 3630 888 ο

365 941 650 1012 θυγατέρα
678 943 779 1014 τήν
808 944 982 1014 Ξένην
1011 942 1232 1014 νύμφην
1258 941 1352 994 ἐπὶ
1379 940 1553 1009 τούτῳ
1572 936 1638 1008 δὴ
1665 938 1742 1008 τῷ
1763 940 1956 1010 Δημη-

367 1034 509 1104 τρίῳ
528 1049 544 1066 ο
579 1034 882 1105 γενομένης
910 1035 1098 1102 μέντοι
1123 1034 1220 1104 τῆς
1235 1034 1498 1101 τοιαύτης
1527 1029 1710 1086 αὐτῶν
1732 1047 1960 1100 συμφωη

372 1127 513 1193 νίας,
544 1126 779 1196 ἐπείπερ
806 1123 948 1180 εἶδεν
976 1118 1133 1188 οὗτος
1176 1125 1278 1197 τὴν
1311 1125 1485 1195 κόρην
1527 1124 1777 1195 ἀφήλικα
1814 1139 1957 1178 παν-

371 1217 564 1284 τελῶς,
599 1217 881 1289 ἐχώρησεν
923 1218 1088 1281 εὐθὺς
1117 1219 1198 1280 είς
1253 1217 1514 1287 ἀθέτησιν
1566 1215 1673 1286 τῆς
1704 1214 1958 1286 πράξεως

371 1308 600 1379 ταύτης,
621 1309 746 1380 ἥτις
774 1310 840 1380 δή
867 1309 1070 1379 πρᾶξις
1099 1309 1400 1379 λαληθεῖσα
1441 1307 1536 1361 καὶ
1563 1308 1659 1361 ἐπὶ
1689 1305 1790 1377 τῆς
1817 1307 1958 1360 ἐκεῖ-

376 1416 440 1452 σε
473 1401 792 1470 ἁγιωτάτης
837 1399 1139 1470 ἐκκλησίας
1171 1400 1234 1453 τὸ
1272 1400 1478 1468 ἀκυρον
1510 1399 1640 1468 ἔσχε
1668 1398 1810 1453 κατά
1856 1396 1958 1468 τήν

373 1492 468 1565 ἐπὶ
494 1494 609 1556 τοῖς
641 1493 904 1558 τοιούτοις
934 1493 1207 1563 διαταγὴν
1235 1493 1346 1546 τῶν
1380 1490 1722 1562 φιλευσεϐῶν
1753 1489 1957 1560 νόμων,

371 1582 448 1646 ώς
470 1584 569 1654 τῆς
593 1583 764 1654 κόρης
789 1584 959 1655 μήπω
983 1585 1074 1637 τὸν
1107 1584 1335 1654 ἔννομον
1367 1582 1505 1653 πρὸς
1533 1581 1711 1652 γάμον
1746 1581 1956 1650 φθασά-

373 1691 474 1745 σης
505 1676 718 1746 χρόνον.
746 1677 981 1730 Ἔπειτα
1024 1675 1268 1746 ἠγάγετο
1315 1675 1495 1746 ἐαυτῷ
1538 1675 1772 1744 γυναῖκα
1807 1673 1959 1740 νομί-

377 1783 515 1836 μως,
551 1767 645 1820 καὶ
673 1768 1013 1837 ζητήσαντος
1041 1767 1366 1838 ίερωθῆναι,
1393 1766 1587 1837 ἐπειδὴ
1633 1764 1868 1836 ἐλαλήθη
1893 1766 1960 1820 τά

372 1858 476 1928 τῆς
505 1859 804 1930 είρημένης
839 1861 933 1912 ἐπὶ
965 1861 1032 1931 τῇ
1065 1858 1162 1913 τοῦ
1192 1859 1400 1931 Φόρτου
1425 1857 1833 1930 συμϐιϐάσεως,
1865 1858 1958 1925 γέ-

2054 942 2218 1011 ήμεῖς
2238 941 2363 995 ὅσον
2385 942 2482 996 καὶ
2507 943 2648 1013 ὑπὲρ
2671 944 2826 1014 ὑμῶν
2853 945 2949 998 καὶ
2973 945 3116 1014 ὑπὲρ
3135 945 3242 997 τῶν
3265 946 3437 1000 ἄλλων
3461 947 3635 1000 ἁπάν-

2055 1045 2164 1083 των
2183 1030 2292 1083 τῶν
2324 1032 2383 1085 ἐν
2414 1032 2528 1095 τοῖς
2562 1032 2874 1104 Βαρϐάροις
2907 1035 3252 1106 Χριστιανῶν
3285 1036 3632 1104 ὑπεραλγοῦ-

2060 1133 2161 1187 μεν
2183 1120 2276 1172 καὶ
2303 1110 2643 1190 ὀδυνῶμεθα,
2674 1123 2792 1176 οὐδὲ
2822 1125 2995 1177 είπεῖν
3026 1123 3244 1195 ἔχομεν,
3281 1125 3634 1196 πληροφορή-

2059 1209 2210 1280 θητε,
2242 1211 2364 1265 ὅθεν
2394 1211 2518 1266 οὺδέ
2548 1209 2981 1285 διαλιμπάνομεν
3028 1217 3124 1269 καὶ
3153 1217 3345 1277 νυκτὸς
3376 1217 3471 1269 καὶ
3499 1218 3639 1285 ήμέ-

2061 1301 2162 1375 ρας
2220 1303 2557 1367 ἱκετεύοντες
2607 1298 2701 1358 καῖ
2733 1303 3182 1375 παρακαλοῦντες
3235 1307 3328 1358 τὸν
3359 1306 3513 1369 Θεὸν,
3545 1307 3635 1357 ἴνα

2056 1395 2156 1466 τήν
2208 1391 2300 1449 διά
2349 1393 2557 1464 πλῆθος
2610 1396 2895 1465 ἁμαρτιῶν
2939 1397 3333 1468 ἐπενεχθεῖσαν
3370 1397 3446 1466 τῷ
3487 1398 3638 1466 γένει

2057 1487 2218 1558 ἡμῶν
2245 1488 2540 1556 καταιγίδα
2575 1489 2656 1552 είς
2699 1487 2921 1558 αἰθρίαν
2972 1491 3317 1560 μεταποιήσῃ
3362 1489 3456 1541 καί
3504 1491 3636 1540 ἀπο-

2061 1578 2271 1652 στρέψῃ
2297 1580 2367 1634 τά
2397 1581 2548 1635 κακά
2576 1582 2691 1644 τοῖς
2729 1581 2964 1652 ἐχθροῖς,
3001 1582 3138 1648 ὅπερ
3171 1583 3268 1634 καὶ
3299 1579 3636 1651 θαρροῦμεν,

2058 1671 2132 1732 ὡς
2161 1671 2224 1724 οὐ
2259 1668 2334 1739 μή
2375 1669 2647 1742 ἀπομείνῃ
2675 1671 2767 1723 ἐπὶ
2798 1669 2954 1736 πολὺ,
2981 1670 3068 1723 ίνα
3112 1669 3265 1724 οὐδὲν
3291 1670 3452 1723 δώσει
3482 1672 3509 1722 6
3528 1670 3637 1721 τῶν

2059 1759 2366 1829 οίκτιρμῶν
2420 1758 2628 1830 Κύριος
2669 1758 2825 1822 τέλος
2875 1762 3112 1830 χρηστὸν
3156 1763 3272 1823 ταῖς
3299 1760 3440 1830 ὑπὲρ
3479 1760 3640 1829 ἡμῶν

2065 1851 2317 1918 ἱκεσίαις,
2361 1853 2527 1924 μόνον
2557 1851 2892 1917 σπουδάζετε
2945 1855 3042 1906 καὶ
3093 1853 3252 1923 ὑμεῖς
3311 1852 3640 1923 θεραπεύειν

377 1963 503 2012 γονε
560 1949 688 2018 περὶ
749 1949 946 2002 τούτου
997 1949 1240 2014 ἐξέτασις
1271 1951 1423 2020 παρά
1477 1949 1954 2020 ἐκκλησιαστικῶν
1990 1942 2031 1971 ⁸⁵
2057 1942 2148 1996 τὸν
2178 1944 2309 1999 Θεὸν
2346 1945 2436 2000 διὰ
2467 1946 2577 2000 τῶν
2597 1945 2780 2000 καλῶν
2811 1944 2968 2015 ὑμῶν
2991 1946 3168 2016 ἔργων
3204 1946 3423 2015 καὶτῆς
3461 1946 3642 2011 θεοφι-

377 2040 667 2108 προτροπῇ
702 2039 797 2092 καὶ
819 2039 1074 2094 ἀναθέσει
1101 2040 1194 2094 τοῦ
1225 2041 1518 2110 ίερωτάτου
1556 2041 1954 2112 μητροπολίτου

376 2128 801 2199 Θεσσαλονίκης,
841 2130 1146 2200 ὕπερτίμου
1171 2132 1266 2184 καὶ
1290 2129 1522 2200 ἐξάρχου
1548 2131 1727 2200 πάσης
1755 2129 1957 2184 Θεττα-

376 2215 520 2281 λίας,
547 2219 605 2270 ἐν
624 2218 766 2286 ἁγίῳ
797 2220 1078 2288 Πνεύματι
1105 2219 1394 2290 ἀγαπητοῦ
1420 2219 1650 2288 ἀδελφοῦ
1671 2218 1771 2289 τῆς
1800 2217 1960 2288 ήμῶν

381 2310 739 2378 μετριότητος
797 2311 892 2365 καὶ
940 2311 1364 2381 συλλειτουργοῦ
1392 2352 1408 2379 ,
1441 2311 1574 2382 παρ’
1623 2304 1701 2366 ὧν
1765 2311 1832 2381 δὴ
1864 2311 1960 2364 καὶ

377 2399 740 2468 ἐρωτηθεῖσαι
770 2403 806 2473 ἧ
831 2420 892 2457 τε
937 2405 1121 2474 μήτηρ
1163 2404 1261 2457 καὶ
1305 2405 1339 2474 ή
1375 2404 1600 2474 μάμμη,
1629 2402 1710 2456 ἐτι
1757 2401 1814 2454 δὲ
1865 2402 1960 2456 καὶ

377 2492 408 2542 6
432 2491 761 2562 αὑτάδελφος
801 2495 897 2547 τοῦ
957 2495 1249 2564 εἰρημένου
1274 2493 1478 2565 Φόρτου
1511 2495 1540 2546 6
1587 2492 1959 2564 δρουγγάριος

380 2582 477 2636 καὶ
508 2583 542 2652 ή
564 2583 730 2637 αὐτοῦ
769 2587 1022 2654 σύζυγος,
1057 2582 1216 2640 εἷπον
1244 2587 1341 2640 καὶ
1378 2583 1830 2639 διεδεδαιώσαντο
1858 2584 1961 2636 ὑπὸ

385 2673 544 2742 βάρει
565 2675 898 2746 ἀφορισμοῦ,
925 2678 1002 2739 ώς
1030 2677 1239 2748 χρόνων
1269 2668 1338 2748 ἦν
1365 2677 1426 2744 τὸ
1449 2678 1632 2748 κόριον
1649 2679 1772 2731 τότε
1800 2678 1960 2730 πέντε

384 2770 484 2821 καὶ
513 2769 673 2838 πρὸς,
728 2769 820 2822 δτε
853 2769 1056 2840 μεταξὺ
1087 2771 1254 2824 αὐτοῦ
1287 2787 1348 2824 τε
1372 2773 1468 2826 καὶ
1503 2769 1597 2824 τοῦ
1646 2769 1962 2838 Ἐσκαμμαο

379 2858 726 2931 τισμένουτά
742 2859 874 2929 ψιλά
905 2863 1098 2930 γέγονε
1131 2861 1418 2932 σύμφωνα.
1447 2861 1631 2916 Ταῦτα
1651 2861 1682 2914 6
1701 2859 1961 2930 δηλωθεῖς

377 2950 955 3022 ’Ἑσκαμματισμένος
1003 2955 1301 3022 ἀνενέγκας
1348 2955 1660 3025 προέτεινεν
1722 2953 1816 3006 ἐπὶ
1867 2951 1961 3005 τοῦ

391 3043 562 3109 μέσου
587 3044 684 3098 καὶ
722 3044 962 3116 γράμμα
997 3044 1106 3100 τῶν
1144 3046 1538 3117 ποιησαμένων
1568 3045 1665 3117 τήν
1694 3047 1964 3117 ἐρώτησιν

387 3133 888 3204 ὲκκλησιαστικῶν,
932 3135 1028 3189 τοῦ
1091 3137 1532 3208 πρωτονοταρίου
1566 3135 1809 3207 δηλονότι
1868 3140 1963 3190 καὶ

381 3225 476 3288 τοῦ
502 3227 811 3294 λογοθέτου,
840 3228 1134 3300 ὑπογραφῇ
1169 3231 1237 3302 τῇ
1277 3229 1462 3284 αὐτῶν
1506 3229 1958 3298 πεπιστωμένον,
1988 3269 2030 3329 c

384 3318 520 3388 πρὸς
565 3318 622 3371 δὲ
679 3319 775 3373 καὶ
825 3318 917 3373 τοῦ
975 3321 1326 3389 ίερομονάχου
1362 3320 1666 3391 Γρηγορίου
1689 3359 1706 3386 ,
1750 3319 1962 3391 συνφδά

381 3411 494 3472 τοῖς
534 3412 667 3478 παρ’
700 3411 868 3465 αὐτοῦ
901 3411 1113 3482 ῥηθεῖσι
1146 3411 1363 3478 διεξιὸν,
1395 3412 1490 3464 καὶ
1524 3411 1794 3482 ἐζήτησεν
1823 3411 1964 3481 ήμε-

383 3499 548 3570 τέρας
585 3504 769 3572 τυχεῖν
801 3503 882 3567 είς
923 3502 1084 3557 τοῦτο
1117 3504 1211 3558 καὶ
1267 3503 1552 3578 συνοδικῆς
1591 3501 1961 3572 διαγνώσεως.

385 3592 844 3664 Συνεδριάζοντος
897 3594 1078 3650 τοίνυν
1124 3596 1192 3666 τῇ
1219 3593 1343 3648 καθ’
1373 3595 1520 3666 ἡμᾶς
1557 3595 1678 3666 ίερᾷ
1709 3594 1804 3648 καὶ
1841 3595 1963 3666 θείᾳ

385 3686 592 3757 συνόδῳ
624 3688 718 3741 καὶ⁵
744 3687 839 3741 τοῦ
868 3689 1036 3743 αὐτοῦ
1083 3689 1382 3761 ίερωτάτου
1415 3690 1716 3760 ἀρχιερέως
1750 3691 1963 3743 Θεσσα-

384 3779 608 3850 λονίκης
636 3779 732 3834 καὶ
760 3781 1005 3846 εἰπόντος
1033 3782 1128 3837 καὶ
1177 3781 1345 3835 αὑτοῦ
1375 3782 1470 3836 καὶ
1505 3781 1826 3853 πληροφορή
1837 3799 1962 3835 σαν-

385 3885 499 3936 τος,
547 3869 720 3935 οὕτως
769 3871 913 3943 ἔχειν
942 3873 1005 3926 τὸ
1057 3872 1278 3943 ἀληθὲς,
1313 3874 1642 3944 διέγνωσται
1690 3878 1757 3947 τῇ
1799 3874 1961 3944 ήμῶν

386 3962 700 4035 μετριότητι
757 3965 855 4018 καὶ
904 3966 1018 4028 τοῖς
1051 3967 1182 4036 περὶ
1229 3967 1401 4036 αὐτὴν
1437 3966 1747 4038 ἱερωτάτοις
1779 3969 1964 4038 ἀρχιε-

386 4054 566 4124 ρεῦσι,
597 4055 675 4124 τῷ
699 4056 970 4124 Σάρδεων,
1001 4057 1080 4128 τῷ
1098 4057 1375 4129 Σμύρνης,
1399 4058 1477 4130 τῷ
1499 4059 1960 4129 Λακεδαιμονίοις,

381 4145 462 4214 τῷ
491 4146 679 4210 Λίνου,
704 4147 783 4214 τῷ
815 4148 1028 4220 Βάρνης
1059 4149 1152 4202 καὶ
1186 4149 1266 4218 τῷ
1301 4150 1422 4216 Κῶ,
1459 4151 1629 4222 μηδέν
1652 4168 1704 4206 τι
1732 4151 1962 4222 κώλυμα

382 4234 550 4304 εῖναι,
578 4239 716 4310 μηδέ
749 4240 1010 4310 ἐμπόδιον
1031 4241 1112 4313 τῷ
1147 4243 1689 4314 Ἐσκαμματισμένῳ
1717 4243 1850 4314 τῷδε
1881 4245 1962 4306 είς

383 4330 686 4400 ίερωσύνην
712 4329 1171 4401 προϐιϐασθῆναι,
1198 4333 1324 4387 ὅσον
1346 4332 1405 4385 τὸ
1429 4332 1538 4386 ἀπὸ
1567 4331 1668 4404 τῆς
1703 4330 1963 4400 τοιαύτης

380 4423 933 4492 ψιλῆςσυμφωνίαςο
965 4424 1088 4478 ἐπεὶ
1117 4425 1226 4493 γάρ
1272 4425 1306 4493 ἡ
1343 4423 1444 4493 μέν
1476 4423 1826 4494 πρεσϐυτέρα
1877 4441 1963 4478 νο-

385 4515 617 4586 μοθεσία
639 4515 779 4583 μετά
796 4516 889 4568 τὸν
911 4516 1154 4583 ἑπταετῆ
1177 4515 1412 4584 καθίστη
1441 4515 1635 4586 χρόνον
1663 4515 1962 4584 μνηστεύε-

2060 2035 2187 2101 λοῦς
2220 2037 2569 2108 ἀναστροφῆς
2589 2053 2604 2069 ο
2638 2037 2688 2090 εί
2716 2037 2827 2104 γὰρ
2859 2037 2956 2090 καὶ
3010 2038 3360 2107 κυριεύουσιν
3408 2038 3562 2106 ὑμῶν
3589 2039 3639 2090 οί

2060 2127 2245 2198 ἐχθροὶ
2267 2168 2282 2192 ,
2334 2127 2470 2182 ἀλλά
2508 2129 2618 2182 τῶν
2672 2128 2891 2182 οίκείων
2934 2126 3126 2196 ψυχῶν
3159 2125 3383 2194 καὶτῆς
3410 2125 3638 2194 γνώμης

2059 2219 2213 2274 αὐτοὶ
2242 2219 2452 2275 ἑαυτῶν
2484 2220 2607 2273 ἐστε
2631 2218 2832 2290 κύριοι,
2851 2219 3064 2289 καὶτῆς
3092 2203 3460 2288 προαιρέσεως
3483 2218 3638 2286 ὑμῶν

2062 2312 2174 2365 ἐστι
2206 2311 2441 2381 φυλάξαι
2469 2311 2530 2367 16
2567 2311 2733 2366 καλὸν
2786 2316 2882 2365 x0).
2916 2311 2990 2382 μὴ
3031 2309 3267 2380 φυλάξαι
3297 2325 3310 2340 ·
3369 2310 3513 2379 πλὴν
3559 2309 3636 2371 ὡς

2060 2405 2340 2474 ἐμάθομεν
2370 2405 2523 2474 παρά
2551 2403 2646 2457 τοῦ
2685 2403 2897 2474 κριτοῦ,
2935 2402 3289 2472 συντηρεῖσθε
3319 2404 3413 2456 καὶ
3435 2388 3638 2466 φύλᾱισ-

2064 2515 2187 2551 σετε
2220 2497 2289 2551 τά
2335 2497 2436 2567 τῆς
2487 2496 2880 2568 Χριστιανικῆς
2911 2495 3066 2564 ὑμῶν
3097 2495 3508 2558 καταστάσεως,
3558 2495 3640 2556 είς

2061 2586 2088 2640 δ
2122 2588 2216 2641 καὶ
2249 2586 2584 2651 ἀσαλεύτους
2617 2588 2708 2640 καὶ
2735 2585 2968 2654 παγίους
2996 2588 3182 2654 μένειν
3212 2584 3504 2654 εὐχόμεθα,
3555 2585 3641 2637 ῖνα

2063 2679 2156 2730 καὶ
2185 2678 2292 2730 τῶν
2312 2676 2740 2748 ἐπηγγελμένων
2759 2676 3056 2746 ἐπιτύχητε
3079 2675 3323 2744 ἀγαθῶν,
3353 2675 3390 2728 δι
3413 2676 3644 2744 ἡτοίμα-

2064 2787 2123 2823 σε
2156 2770 2184 2822 6
2214 2770 2344 2834 Θεὸς
2379 2771 2490 2834 τοῖς
2521 2769 2874 2842 ἀγαπήσασιν
2897 2767 3059 2822 αὑτὸν
3089 2769 3155 2822 ἐκ
3177 2767 3378 2837 ψυχῆς,
3419 2769 3514 2820 καὶ
3544 2769 3644 2829 τὰς

2065 2861 2372 2933 σωτηρίους
2401 2860 2566 2917 αὐτοῦ
2589 2859 2893 2932 φυλάξασιν
2916 2859 3156 2928 ἐντολάς,
3188 2855 3249 2914 οὗ
3274 2861 3307 2928 ἡ
3348 2859 3506 2930 χάρις
3529 2859 3644 2911 δια-

2067 2953 2307 3025 φυλάξαι
2331 2954 2498 3024 ὑμᾶς.

2066 3070 2185 3126 ΧΧ.
2217 3070 2459 3140 Synodus
2513 3071 2698 3125 statuit
2743 3078 2802 3124 ut
2861 3071 3238 3126 monasterium
3286 3066 3648 3140 patriarclmle

2146 3140 2564 3215 HeJegelriarjn
2599 3140 2810 3215 regione
2855 3141 3206 3212 Didymotichi
3233 3142 3426 3194 iterum
3458 3141 3524 3192 sit
3548 3154 3648 3190 cae-

2142 3212 2358 3266 nobium
2384 3211 2558 3266 virile.

2136 3325 2176 3396 -ι-
2215 3325 2428 3394 Ἐπειδὴ
2459 3325 2723 3396 ἀνενέχθη
2753 3325 2832 3388 είς
2862 3325 2962 3396 τὴν
2995 3325 3119 3380 καθ’
3163 3325 3310 3395 ἡμᾶς
3325 3324 3496 3395 ’ἱερὰν
3551 3327 3648 3379 καὶ

2065 3417 2216 3471 θείαν
2258 3418 2498 3483 σύνοδον,
2531 3417 2608 3483 ώς
2633 3419 2696 3472 16
2725 3419 2856 3490 περὶ
2885 3420 2947 3472 16
2969 3418 3351 3489 Διδυμότειχον
3379 3433 3649 3487 πατριάρ-

2065 3507 2216 3577 χικδν
2238 3509 2598 3578 μοναστήριον
2623 3507 2686 3561 16
2717 3507 2795 3572 είς
2822 3507 2994 3577 ὄνομα
3013 3507 3326 3577 τιμώμενον
3347 3506 3446 3574 τῆς
3477 3505 3649 3575 ὑπερ-

2067 3601 2232 3668 άγνου
2277 3601 2575 3669 Δεσποίνης
2619 3602 2716 3655 καί⁵
2761 3599 3107 3669 Θεομήτορος
3144 3601 3245 3667 τῆς
3286 3597 3650 3668 Ὀδηγητρίας

2065 3695 2414 3764 ἀποκατέστη
2442 3694 2544 3763 μὲν
2573 3691 2740 3756 εὐθὺς
2761 3691 2862 3762 τήν
2893 3691 3069 3762 ἀρχὴν
3099 3691 3194 3745 ἀπ’
3227 3689 3394 3759 αὐτῆς
3421 3690 3524 3759 τῆς
3551 3688 3647 3740 αὑ-

2064 3788 2170 3841 τοῦ·
2190 3787 2420 3848 κτίσεως
2445 3786 2710 3857 ἀνδρῷον,
2765 3784 2863 3838 καὶ⁸
2891 3784 3159 3853 διέμεινεν
3184 3782 3278 3835 ἐπὶ
3308 3780 3402 3834 τοῦ
3437 3781 3648 3849 σχήμα-

2063 3897 2156 3942 τος
2180 3876 2335 3931 τοῦδε
2364 3877 2575 3946 καὶτῆς
2595 3873 2985 3938 καταστάσεως
3014 3873 3108 3953 ἐπὶ,
3141 3873 3380 3943 χρόνοις,
3408 3873 3553 3934 ὅσοις
3581 3873 3650 3941 δὴ

2065 3976 2159 4025 καὶ
2191 3969 2449 4040 διέμεινε,
2498 3969 2650 4038 παρά
2699 3965 2795 4020 τοῦ
2827 3965 3248 4034 καθηγουμένου
3287 3965 3380 4016 καὶ
3427 3963 3537 4014 τῶν
3590 3965 3649 4014 ἐν

2066 4061 2216 4128 αὑτῷ
2249 4059 2500 4130 μοναχῶν
2521 4057 2898 4128 διοικούμενον
2930 4057 3026 4114 καὶ¹
3057 4055 3463 4126 διεξαγόμενον,
3501 4054 3652 4107 ἕπει-

2065 4171 2144 4206 τα·
2159 4150 2489 4221 κατελείφθη
2523 4151 2674 4222 παρά
2713 4149 2838 4203 τῶν
2869 4147 3142 4219 μοναχῶν,
3188 4148 3282 4201 καὶ
3316 4146 3650 4217 κατῴκησαν

2064 4245 2198 4300 αὐτὸ
2231 4243 2579 4315 μονάστριαι,
2611 4241 2704 4294 ἐπὶ
2726 4240 2982 4294 τοσοῦτον
3014 4240 3072 4294 δὲ
3101 4235 3264 4311 ἦλθεν
3293 4238 3531 4308 ἀπορίας
3560 4238 3648 4293 ἐν-

2065 4334 2278 4402 τεῦθεν,
2304 4334 2383 4397 ὡς
2412 4333 2508 4387 καὶ
2538 4331 2780 4401 παντελῆ
2832 4331 3115 4403 ἐρήμωσιν
3145 4331 3480 4385 κινδυνεύειν
3513 4331 3648 4382 ὑπο-

2067 4428 2279 4496 στῆναι,
2322 4425 2416 4478 καὶ
2442 4423 2532 4479 διά
2555 4422 2729 4478 ταῦτα
2763 4423 3032 4493 ἐζήτησεν
3064 4425 3091 4476 6
3125 4424 3323 4485 οίκεῖος
3351 4421 3428 4491 τῷ
3461 4423 3651 4492 κρατί-

2067 4522 2177 4586 στῳ
2203 4516 2297 4569 καὶ
2321 4514 2464 4586 ἁγίῳ
2492 4531 2594 4584 μου
2618 4514 3118 4585 αὐτοκράτορι.....,
3137 4513 3210 4576 ὡς
3233 4514 3295 4566 16
3327 4513 3651 4583 κτητορικδν

383 4609 532 4673 σθαι,
569 4608 624 4660 αί
653 4600 868 4677 Νεαραὶ
894 4607 952 4660 δὲ
979 4606 1077 4660 τοῦ
1101 4605 1209 4677 κῦρ
1243 4609 1475 4672 Λέοντος
1521 4607 1614 4661 τοῦ
1641 4603 1819 4675 Σοφοῦ
1867 4605 1961 4660 καὶ
1993 4618 2038 4677 D
2067 4608 2153 4662 ἐπ’
2192 4607 2344 4679 αύτῷ
2361 4609 2574 4662 δίκαιον
2603 4607 2966 4676 κεκτημένος,
3001 4606 3054 4660 εῐ
3075 4623 3140 4674 γε
3169 4606 3402 4672 δίκαιον,
3441 4606 3522 4669 είς
3550 4605 3652 4674 τὴν

379 4700 474 4751 τοῦ
527 4696 635 4768 κῦρ
684 4694 928 4762 Ἀλεξίου
981 4697 1092 4751 τῶν
1136 4695 1403 4768 βασιλέων
1437 4698 1652 4760 ἐκείνας
1686 4694 1826 4751 εἶναι
1865 4699 1959 4750 καῖ

381 4791 606 4858 κρατεῖν
630 4789 725 4844 καὶ
763 4789 1230 4860 ἐμπολιτεύεσθαι
1253 4792 1321 4859 τῇ
1351 4790 1461 4844 τῶν
1492 4789 1841 4860 Χριστιανῶν
1863 4804 1963 4842 κα-

379 4879 641 4932 ταστάσει
674 4880 967 4950 μνηστείας
989 4877 1333 4946 θεσπίζουσι,
1355 4879 1456 4942 τὰς
1487 4879 1569 4942 είς
1603 4879 1698 4933 τὸν
1724 4879 1960 4933 δωδέκα-

381 4988 472 5022 τον
499 4971 702 5041 δηλαδὴ
759 4971 952 5042 χρόνον
979 4971 1074 5024 καὶ
1135 4971 1257 5040 μετ’
1306 4970 1471 5024 αὐτὸν
1502 4971 1598 5023 καὶ
1632 4970 1749 5040 μεθ’
1800 4970 1963 5041 ίερῶν

380 5063 558 5132 εὐχῶν
590 5061 1400 5132 συντελουμένας,,ἀμφοτέρων
1455 5062 1514 5115 δέ
1575 5064 1806 5116 τουτωνὶ
1853 5061 1962 5114 τῶν

386 5155 694 5223 μνηστειῶν
726 5154 1087 5223 ἠλλοτρίωται
1137 5153 1197 5207 τὸ
1221 5152 1319 5206 τοῦ
1373 5152 1960 5222 Ἐσκαμματισμένου,

383 5245 610 5307 εἰκότως
641 5245 702 5298 16
731 5244 1010 5298 ἀκώλυτον
1041 5245 1174 5308 ἕξει,
1205 5243 1481 5313 ἱερατικοῦ
1507 5243 1808 5314 ἀξιωθῆναι
1834 5245 1962 5315 βαθ-

387 5337 512 5406 μοῦ.
557 5337 683 5390 Ἐπὶ
723 5337 1057 5407 τούτῳ-γάρ
1103 5337 1409 5392 ἐπιδέδοται
1443 5338 1592 5408 αὐτῷ
1646 5338 1728 5401 είς
1776 5338 1962 5408 ἀσφά-

383 5428 662 5482 λειανκαλ⁸
700 5429 762 5483 τὸ
795 5429 972 5499 παρὸν
1010 5429 1249 5498 γράμμα
1279 5429 1380 5498 τῆς
1417 5429 1575 5498 ἡμῶν
1609 5430 1964 5499 μετριότητος

389 5524 519 5591 μηνὶ
545 5521 710 5591 Μαΐῳ
746 5521 844 5576 ίνδ.
877 5528 948 5591 η’.
1619 5518 1632 5532 ’

385 5632 527 5688 XIX.
562 5633 796 5688 Joannes
832 5633 1290 5705 monet_Nica’nos
1341 5641 1396 5687 ut
1427 5643 1755 5705 perseverent
1781 5635 1832 5688 in
1861 5633 1966 5702 ﬁde

1002 5703 1333 5760 Christiana.

383 5801 386 5808 ί
458 5798 498 5868 τ
520 5799 582 5850 Οί
616 5796 759 5850 κατά
806 5797 1042 5851 Νίκαιαν
1073 5798 1456 5870 εὑρισκόμενοι
1489 5797 1766 5868 κληρικοὶ,
1799 5800 1962 5869 ίερω-

395 5896 568 5953 μένοι,
637 5890 862 5956 μονακοὶ
926 5892 1015 5945 καὶ
1074 5894 1316 5956 ὀλοιπδς
1366 5895 1510 5956 ἄπας
1576 5894 1962 5961 Χριστιανικδς

2065 4698 2305 4771 ἀρχῆθεν
2333 4699 2652 4753 ἐπανελθεῖν
2683 4698 2844 4752 τοῦτο
2875 4698 3237 4760 κατάστασιν,
3270 4698 3362 4751 καὶ
3390 4697 3652 4767 μονάζον-

2061 4811 2163 4856 τας
2193 4793 2356 4848 πάλιν
2386 4793 2531 4863 ἔχειν
2575 4791 2893 4861 οίκήτορας,
2923 4789 3014 4843 διὰ
3041 4790 3104 4843 16
3153 4789 3249 4842 καὶ
3276 4791 3378 4853 τὰς
3429 4789 3652 4852 πλείους

2064 4885 2172 4937 τῶν
2211 4880 2563 4953 μοναζουσῶν
2593 4880 2761 4934 αὑτοῦ
2799 4881 3086 4950 μετοίκους
3123 4877 3408 4947 γεγονέναι
3439 4878 3653 4932 ἐκεῖθεν

2063 4976 2150 5042 ἐφ’
2177 4962 2342 5044 ἕτερα
2387 4973 2673 5040 γυναικεῖα
2709 4971 3068 5040 μοναστήρια,
3101 4967 3168 5022 δι’
3215 4969 3284 5038 ἢν
3317 4967 3536 5038 εἴρηται
3565 4968 3654 5019 αἰ-
3709 4996 3722 5056 ἶ

2063 5067 2205 5121 τίαν.
2241 5061 2760 5132 Συνδιασκεψαμένη
2789 5062 2860 5114 τά
2888 5064 3017 5132 περὶ
3049 5060 3239 5114 τούτου
3285 5062 3318 5129 ὴ
3358 5061 3652 5131 μετριότης

2066 5158 2226 5226 ήμῶν
2271 5159 2385 5219 τοῖς
2430 5155 2563 5224 περὶ
2607 5155 2776 5223 αὐτὴν
2826 5153 3144 5223 ἱερωτάτοις
3175 5153 3513 5223 ἀρχιερεῦσι,
3570 5153 3651 5218 τῷ
3711 5137 3714 5142 ’

2067 5248 2330 5313 Κυζίκου,
2356 5248 2434 5318 τῷ
2465 5247 2739 5318 Σάρδεων,
2771 5245 2858 5316 τῷ.
2890 5245 3170 5315 Σμύρνης,
3201 5244 3278 5313 τῷ
3309 5243 3651 5312 Λακεδαιμο-

2066 5343 2207 5404 νίοις,
2245 5341 2324 5411 τῷ
2375 5340 2559 5407 Λίνου,
2613 5340 2694 5406 τῷ
2725 5337 3028 5401 Μαδύτων,
3081 5337 3161 5406 τῷ
3207 5336 3536 5406 Μηθύμνης,
3568 5335 3651 5404 τῷ

2080 5434 2308 5486 Ῥωσίου
2358 5435 2454 5484 καὶ
2505 5430 2583 5501 τῷ
2619 5431 2735 5496 Κῶ,
2787 5430 3025 5500 διέκρινε
3057 5429 3337 5500 προσῆκον
3379 5421 3523 5480 εἶναι
3554 5427 3651 5478 καὶ

2065 5525 2293 5588 δίκαιον,
2347 5522 2765 5593 ἐπανασωθῆναι
2822 5520 2902 5590 τῷ
2959 5521 3191 5590 τοιούτῳ
3251 5518 3648 5588 πατρεαρχικῷ

2070 5616 2418 5689 μοναστηρίῳ
2455 5615 2525 5668 τὰ
2579 5615 2678 5685 τῆς
2721 5614 2960 5684 ἀρχαίας
3016 5613 3182 5666 αὐτοῦ
3235 5613 3645 5674 καταστάσεως,

2067 5713 2164 5765 καὶ
2206 5711 2357 5780 παρὰ
2381 5709 2632 5778 μοναχῶν
2655 5709 2870 5779 ἀνδρῶν
2903 5701 3171 5759 οἰκεῖσθαι
3212 5703 3373 5756 τοῦτο
3396 5703 3483 5756 καὶ
3518 5701 3648 5754 διοι-

2068 5798 2282 5851 κεῖσθαι
2313 5797 2407 5850 καὶ
2437 5796 2800 5865 διεξάγεσθαι,
2829 5795 3011 5856 καθὼς
3044 5795 3392 5861 ἀποκατέστη
3433 5792 3526 5844 καὶ
3551 5790 3649 5861 τὴν

2068 5893 2277 5961 ἀρχὴν·
2339 5890 2462 5943 ἐπεὶ
2514 5890 2606 5943 καὶ
2664 5889 3011 5960 ἀπηγόρευτο
3062 5889 3128 5957 τῇ
3177 5885 3474 5955 Ἐκκλησία
3511 5883 3646 5938 Θεοῦ
