4046 6468
304 420 435 487 1241

1369 423 1771 488 SYNODIC/E
1811 425 2520 493 CONSTITU'I‘IONES.

3436 431 3571 498 12ίὲ

301 538 470 594 XXII.
501 537 738 594 Joannes
755 538 905 614 juoct
949 536 1139 614 colligi_
1168 539 1367 614 sgn’gta
1413 535 1703 608 theologica
1732 537 1878 594 dam‘

1993 541 2128 611 μηδὲ
2177 544 2378 613 χωρεῖν
2409 542 2545 605 δλως
2603 540 2672 596 τά
2727 540 2824 596 τοῦ
2878 541 3198 612 ηνεύματος
3254 545 3556 614 δυναμένηι

742 609 856 664 nati
895 609 1139 662 monachi
1174 607 1455 663 Barlaam.

376 727 418 797 -ι-
461 723 682 795 Ἐπειδὴ
736 722 1060 794 ἀπηλέγχθη
1113 723 1141 776 6
1177 724 1418 794 μοναχὸς
1472 723 1742 793 Βαρλαάμ
1793 722 1888 776 ιπὶ

304 820 407 890 τῆς
443 815 919 888 συγκροτηθείσης
967 816 1124 884 ἱερᾶς
1165 815 1264 869 καὶ
1295 815 1446 880 θείας
1477 816 1700 871 συνόδου
1725 815 1888 887 χάριν

304 913 416 968 τῶν
451 911 801 980 λαληθέντων
850 910 982 980 παρ’
1021 908 1187 962 αὑτοῦ
1235 910 1376 964 κατά
1409 910 1520 963 τῶν
1556 909 1716 980 ίερῶς
1755 909 1890 979 ήσυ-

303 1003 606 1075 χαζόντων,
649 1001 954 1072 βλάσφημα
984 1000 1166 1054 λαλῶν
1210 1000 1309 1055 καὶ
1359 1000 1627 1072 ἀκτικρυς
1673 1001 1889 1055 ἐναντία

308 1097 420 1156 τοῖς
449 1095 614 1158 θείοις
654 1093 762 1147 τῶν
791 1093 1050 1162 Πατέρων
1083 1093 1284 1160 λόγοις,
1331 1094 1427 1147 καὶ
1459 1093 1550 1147 διὰ
1582 1091 1740 1146 τοῦτο
1771 1090 1888 1162 κρί-

308 1205 391 1241 νει
421 1188 723 1256 ἀναγκαῖον
750 1189 782 1256 ή
820 1187 1112 1257 μετριότης
1146 1184 1325 1255 ήμῶν,
1360 1185 1448 1239 Eva
1472 1183 1888 1256 περισυναχθῶ-

191 1281 194 1284 ’
309 1295 417 1343 σιν,
444 1279 788 1347 ὁπουδήποτε
820 1277 1192 1345 εὑρίσκονται,
1229 1275 1646 1347 συγγράμματα
1690 1274 1885 1328 τούτου

305 1370 442 1438 περὶ
469 1371 568 1434 τῆς
593 1367 854 1437 τοιαύτης
886 1368 1221 1431 ὑποθέσεως·
1275 1366 1592 1423 ἀπολύουσα
1619 1365 1681 1419 τὸ
1711 1366 1889 1435 παρὸν

306 1462 548 1531 γράμμα
577 1460 1024 1530 παρακελεύεται
1075 1459 1167 1512 διά
1199 1458 1396 1512 τούτου
1438 1459 1554 1521 τοῖς
1582 1474 1642 1510 τε
1677 1461 1736 1510 ὲν
1767 1457 1888 1518 ταῖς

310 1553 640 1622 σεύασμίαις
677 1554 867 1622 μοναίς
899 1555 1161 1630 μοναχοῖς
1191 1551 1285 1605 καὶ
1320 1553 1433 1614 τοῖς
1475 1552 1760 1622 οἰκήτορσι
1787 1549 1888 1618 τῆς

305 1645 577 1717 βασιλίδος
607 1645 815 1715 ταύτης
851 1644 960 1700 τῶν
993 1645 1225 1711 πόλεων,
1270 1643 1380 1710 ἵνα,
1415 1644 1564 1707 ὅστις
1606 1643 1720 1714 ἔχει
1756 1643 1887 1711 σύγ-

299 1733 540 1803 γραμμά
564 1748 617 1787 τι
649 1732 744 1786 τοῦ
774 1733 1020 1786 τοιούτου
1052 1730 1298 1803 μοναχοῦ
1325 1734 1457 1802 περὶ
1499 1733 1600 1804 τῆς
1631 1730 1888 1802 τοιαύτης

304 1823 338 1892 ἢ
370 1823 502 1894 περὶ
529 1822 697 1892 ἄλλης
724 1819 1191 1892 ἔκκλησιαστικῆς
1220 1821 1562 1886 ὑποθέσεως,
1595 1821 1762 1892 μηδὲν
1787 1819 1888 1892 ἔχῃ

303 1917 464 1971 τοῦτο
489 1917 626 1989 παρ’
652 1917 832 1988 ἑαυτῷ
873 1917 982 1970 ἀπὸ
1007 1915 1102 1970 τοῦ
1136 1915 1252 1982 νῦν,
1297 1915 1437 1989 ἀλλά
1479 1915 1682 1989 ἐνέγκῃ
1724 1914 1884 1970 τοῦτο

297 2012 382 2074 είς
427 2011 529 2080 τὴν
576 1987 741 2080 *ήμῶν
792 1987 1154 2080 μετριότηιῖα,
1193 2007 1316 2061 ὅθεν
1350 1987 1882 2078 xa1066elcv6<pctle¢

299 2106 409 2160 ἀπὸ
432 2106 639 2157 τούτων
682 2105 903 2173 συσχεῖν
931 2089 1040 2156 ’καὶ
1069 2102 1218 2172 ἔχειν
1255 2102 1389 2174 παρ’
1423 2102 1608 2174 ἑαυτῷ
1636 2103 1882 2158 τοιοῦτόν

299 2213 353 2250 τι
384 2196 752 2266 σύγγραμμα,
799 2197 912 2249 εῐτε
949 2195 1110 2259 πολὺ,
1144 2197 1252 2249 εἴτε
1283 2196 1468 2263 ὀλίγον
1497 2196 1591 2251 τοῦ
1618 2197 1882 2268 δηλωθέν-

298 2303 394 2352 τος
453 2286 693 2358 μοναχοῦ
741 2287 1036 2359 Βαρλαάμ,
1077 2288 1300 2352 εἰδότες,
1333 2290 1408 2352 ὡς
1451 2293 1480 2342 ὁ
1525 2292 1601 2360 μὴ
1647 2291 1882 2360 φανερὸν

304 2380 540 2450 ποιήσας
571 2381 666 2433 καὶ
699 2378 965 2446 ἐνεγκὼν,
1002 2381 1160 2449 ὅπερ,
1207 2379 1284 2442 ὡς
1317 2380 1562 2450 εἴρηται,
1609 2382 1712 2434 ὑπὸ
1750 2383 1882 2450 ἀφο-

307 2474 502 2544 ρισμδν
534 2473 830 2541 ποιήσεται
881 2473 1100 2538 ἑαυτὸν,
1133 2472 1193 2526 ὃν
1228 2474 1469 2541 ἐκφωνεί
1512 2475 1544 2542 ή
1588 2473 1880 2544 μετριότης

301 2567 461 2634 ἡμῶν
489 2566 577 2616 διὰ
606 2563 702 2616 τοῦ
729 2563 1000 2634 παρόντος
1027 2563 1383 2632 γράμματος,
1411 2563 1773 2626 ἀπολυθέντος
1800 2566 1881 2627 είς

300 2655 604 2722 ἀσφάλειαν
639 2655 736 2708 τοῦ
767 2655 844 2727 μὴ
878 2657 1200 2727 περιπεσεῖν
1229 2674 1353 2708 τινα
1397 2659 1476 2727 τῷ
1507 2658 1570 2710 ἐκ
1603 2656 1698 2710 τοῦ
1729 2658 1881 2727 εἰρη-

304 2748 473 2818 μένου
505 2746 708 2818 βάρους
736 2746 986 2816 κρίματι,
1021 2746 1160 2799 αύ-τά
1205 2747 1264 2800 δὲ
1296 2746 1469 2800 ταῦτα
1505 2748 1881 2818 παρακελεύε-

295 2858 389 2894 ται
422 2840 457 2908 ή
489 2835 782 2910 μετριότης
814 2838 974 2910 ήμῶν
1008 2839 1103 2892 καὶ
1129 2838 1268 2908 πρὸς
1297 2839 1424 2901 τοὺς
1449 2840 1741 2909 οίκήτορας
1769 2841 1880 2894 τῶν

295 2932 641 3003 ὁπουδήποτε
664 2931 874 2984 λοιπῶν
908 2930 1142 2996 πόλεων,
1190 2929 1318 2994 τούς
1347 2947 1404 2984 τε
1457 2932 1730 3002 μοναχοὺς
1781 2933 1879 2986 καὶ

295 3024 427 3087 τοὺς
473 3026 797 3095 κοσμικοὺς,
836 3025 925 3078 ἵνα
975 3030 1071 3078 καὶ
1117 3025 1297 3089 αὐτοὶ,
1341 3025 1688 3095 ὑφορώμενοι
1716 3025 1778 3079 τὸ
1815 3027 1880 3080 ὲκ

296 3115 392 3170 τοῦ
426 3115 737 3187 ἀφορισμοῦ
763 3107 1114 3186 κατάκριμα,
1139 3117 1493 3187 ὲμφανίσωσι
1527 3119 1664 3190 πρὸς
1690 3118 1752 3172 τὺ
1787 3107 1878 3189 μέ-

1987 631 2230 703 ψυχικήν
2274 635 2368 688 καὶ
2423 633 3006 705 ἀποδεδοκιμασμένην
3059 635 3423 705 φιλοσοφίαν·
3473 639 3565 691 τὸν

1991 725 2350 794 μαθητιῶντα
2385 726 2500 798 γὰρ
2543 720 2700 788 οὗτος
2749 725 3072 797 ὑποκριθείς
3103 728 3381 798 προσῆλθέ
3438 746 3566 783 ποτε

1990 818 2088 871 σὺν
2120 818 2258 888 δόλῳ
2297 819 2413 873 τισὶ
2439 820 2547 873 τῶν
2582 820 2715 890 παρ’
2747 821 2882 888 ἡμῖν
2915 819 3190 890 μοναχῶν,
3212 817 3401 875 οῖ’τδν
3435 822 3564 891 ήσύ-

1989 925 2108 978 χιον
2143 908 2500 980 προελόμενοι
2538 909 2676 980 βίον,
2703 913 2819 974 τοῖς
2845 910 3029 974 ἄλλοις
3056 913 3196 966 πᾶσι
3239 914 3456 982 χαίρειν
3488 915 3568 966 εί·-

1989 999 2205 1065 πόντις,
2240 1001 2361 1072 Θεῷ
2394 1004 2820 1072 προσανέχουσι,
2874 1003 2972 1056 καὶ
3015 1003 3224 1058 τούτων
3251 1005 3430 1058 οὐδενὶ
3461 1005 3565 1073 μὲν

1985 1091 2096 1147 τῶν
2143 1092 2618 1164 ἑλλογιμωτέρων,
2672 1096 2786 1158 τοῖς
2827 1094 3222 1166 ἁπλουστέροις
3249 1096 3307 1150 δὶ
3361 1097 3569 1167 μᾶλλον

1988 1183 2280 1254 ἐφοίτησεν
2321 1184 2659 1254 ἰξεπίτηδες,
2703 1186 2813 1240 δέει
2863 1187 3084 1251 πάντως
3113 1187 3209 1240 τοῦ
3260 1187 3335 1257 μὴ
3381 1205 3570 1259 φωρ-ας

1988 1277 2168 1347 θῆναι.
2207 1277 2360 1331 Μετά
2411 1277 2614 1349 μικρὸν
2660 1280 2850 1347 μέντοι
2895 1281 2992 1333 καὶ
3040 1279 3226 1333 αὐτῶν
3279 1281 3567 1347 ἀποστὰς,

1987 1371 2364 1440 ἀποτρόπαιον
2434 1373 2735 1441 ἐγγράφως
2784 1372 2991 1427 τούτων
3022 1373 3384 1444 ,κατηγόρηκε
3432 1374 3570 1440 φρό-

1987 1477 2156 1532 νημα,
2187 1463 2260 1525 ὡς
2288 1463 2456 1534 δῆθεν
2481 1464 2577 1517 ὑπ’
2609 1465 2792 1519 αὐτῶν
2833 1465 3292 1536 πρεσϐευόμενονο
3329 1466 3568 1527 ἀκούσας

1988 1553 2100 1625 γὰρ
2128 1554 2356 1609 ἐκείνων
2382 1555 2679 1624 λεγόντων,
2712 1555 2788 1619 ὡς
2814 1555 2924 1609 ἀπὸ
2953 1556 3307 1626 παραδόσεως
3336 1555 3570 1624 ἐχόντων

1987 1648 2100 1704 τῶν
2144 1647 2321 1715 ἁγίων
2373 1647 2658 1715 Πατέρων,
2707 1647 2791 1700 ὅτι
2835 1649 2884 1700 οί
2929 1647 3019 1701 διὰ
3050 1646 3161 1699 τῶν
3201 1646 3434 1700 ἐντολῶν
3473 1645 3570 1699 τοῦ

1989 1739 2130 1794 Θεοῦ
2174 1739 2586 1810 κεκαθαρμένοι
2637 1739 2740 1802 τάς
2793 1739 3027 1808 καρδίας
3073 1739 3372 1808 ἑλλάμψεις
3417 1737 3570 1801 θείας

1991 1829 2276 1902 μυστικῶς
2313 1830 2408 1884 καὶ
2457 1830 2792 1901 ἀπορῥήτως
2839 1829 3202 1898 ἐγγινομένας
3250 1831 3445 1889 αύταίς
3483 1827 3570 1880 δέ-

1987 1941 2198 1995 χονται,
2250 1921 2636 1994 κατηγόρησεν
2679 1920 2883 1987 αὐτῶν,
2910 1919 2986 1983 ὡς
3027 1920 3128 1989 τὴν
3160 1920 3351 1972 οὐσίαν
3396 1918 3570 1986 αὐτὴν

1985 2015 2080 2070 τοῦ
2115 2015 2253 2069 Θεοῦ
2308 2013 2581 2084 μεθεκτὴν
2607 2014 2902 2080 λεγόντων.
2937 2013 3058 2066 Τῶν
3102 2013 3158 2065 δὲ
3193 2012 3570 2079 ἀπολογουμέ-

1983 2125 2113 2169 νων,
2145 2105 2208 2159 ού
2234 2105 2334 2173 τὴν
2367 2102 2575 2167 οὐσίαν,
2611 2102 2754 2156 ἀλλά
2795 2102 2896 2170 τὴν
2923 2101 3201 2161 ἄκτιστον,
3242 2101 3338 2150 καὶ
3373 2097 3566 2162 ἀΐδιον,

1984 2203 2080 2253 καὶ
2109 2199 2362 2254 θεοποιδν
2410 2197 2574 2267 χάριν
2607 2195 2704 2248 τοῦ
2744 2193 3088 2264 Πνεύματος,
3138 2191 3346 2254 διθεῒας
3380 2190 3568 2251 αὐτοῖς
3599 2235 3602 2238 .

1984 2287 2240 2343 ἐντεῦθεν
2271 2289 2525 2358 ἔγκλημα
2577 2285 3022 2357 προστρίψασθαι
3056 2283 3440 2352 ἐπεχείρησεν.
3489 2280 3568 2332 Οὐ

1987 2381 2261 2453 μήνάλλά
2295 2381 2388 2434 καὶ
2421 2375 2502 2442 είς
2526 2380 2628 2450 τὴν
2663 2377 2959 2447 ἐκκλησίαν
2988 2374 3082 2429 τοῦ
3117 2373 3252 2428 Θεοῦ
3280 2370 3570 2441 παρελθὼν

1985 2473 2082 2528 καὶ
2113 2473 2182 2526 τὰ
2211 2473 2345 2541 περὶ
2375 2470 2573 2524 τούτου
2601 2468 2905 2536 ἀνενέγκας
2931 2468 2998 2536 τῇ
3032 2464 3190 2535 ήμῶν
3224 2462 3568 2533 μετριότητι,

1983 2563 2308 2636 κατηγορῶν
2345 2562 2584 2631 μάλιστα
2621 2558 2716 2613 τοῦ
2740 2558 3080 2627 τιμιωτάτου
3105 2559 3163 2609 ἐν
3193 2555 3569 2625 ίερομονάχοις

1983 2657 2092 2727 κῦρ
2120 2657 2425 2726 Γρηγορίου
2458 2653 2556 2707 τοῦ
2598 2652 2839 2721 Παλαμᾶ
2886 2651 3118 2722 ἐζήτησε
3156 2647 3567 2718 μετακληθῆναι

1945 2811 1948 2816 _
1974 2750 2079 2803 ’καὶ
2109 2749 2304 2811 αὐτοὺς
2339 2749 2420 2810 είς
2452 2746 2550 2816 τήν
2584 2743 2704 2799 καθ’
2739 2745 2888 2812 ἡμᾶς
2920 2743 3075 2812 ίεράν
3103 2742 3202 2794 καὶ
3229 2741 3384 2794 θείαν
3415 2739 3571 2794 σύνοσ

1981 2846 2092 2898 δον·
2133 2839 2596 2914 μετακληθέντων
2619 2840 2808 2891 τοίνυν
2841 2837 3034 2907 ἑτέραν
3063 2838 3091 2888 ὁ
3115 2835 3383 2904 Βαρλαάμ
3411 2832 3571 2904 ἐτρά-

1983 2949 2137 2993 πετο,
2173 2929 2508 2998 ἀποφεύγων
2537 2929 2634 2980 καὶ
2669 2925 2746 2995 μὴ
2791 2923 3132 2995 καταπειθὴς
3172 2925 3314 2990 ὅλως
3345 2926 3570 2992 γινόμε-

1982 3041 2071 3087 νος
2104 3023 2182 3084 είς
2215 3022 2316 3092 τὴν
2345 3022 2570 3078 σύνοδον
2601 3018 2924 3088 ἀπαντῆσαι
2976 3019 3071 3072 καὶ
3103 3018 3217 3080 τοῖς
3251 3033 3570 3090 κατηγορη-

1983 3115 2126 3171 θεῖσι
2176 3115 2510 3185 παράύτοῦ
2563 3108 2826 3184 μοναχοίς
2867 3112 2950 3173 είς
2993 3109 3190 3178 λόγους
3244 3109 3422 3162 ἐλθεῖν
3475 3111 3571 3164 καὶ¹

303 3226 396 3278 ρος
423 3209 533 3262 τῶν
556 3208 899 3278 ὁπουδήποτε
931 3209 1265 3278 ἐκκλησιῶν,
1308 3208 1361 3262 εί
1400 3227 1453 3263 τι
1501 3210 1616 3279 ἔχει
1647 3210 1877 3273 ἕκαστος
1907 3235 1952 3293 c
1985 3210 2454 3278 ἀντικαταστῆναι
2479 3208 2688 3270 αὐτοῖς,
2719 3204 2808 3274 ἐφ’
2839 3199 2921 3267 οἷς
2947 3203 3071 3256 κατ’
3101 3202 3284 3256 αὐτῶν
3304 3202 3572 3270 συνεγρά-

300 3301 648 3372 σύγγραμμα
692 3301 787 3355 τοῦ
841 3302 1140 3372 εἰρημένου
1183 3303 1445 3374 μοναχοῦ,
1494 3303 1571 3366 ῶς
1621 3303 1877 3374 είρηται,

299 3391 442 3447 ὥστε
462 3393 702 3466 δημοσίᾳ
727 3395 1097 3466 ἀφανισθῆναι
1126 3396 1280 3451 αὐτό.

370 3550 566 3608 XXIII.
615 3549 857 3623 Synodus
905 3553 1220 3676 cogdnlnnat
1269 3552 1522 3624 dogmata
1565 3553 1810 3608 monachi

1009 3639 1072 3676 ar
1097 3641 1243 3676 aam.

1009 3639 1243 3678 arlaam.

362 3758 405 3830 -ι-
451 3758 772 3823 Ἑπαινετὸς
822 3757 1044 3828 ἀληθῶς
1085 3761 1115 3812 ὁ
1165 3757 1362 3824 είπὼν,
1410 3757 1510 3829 τήν
1544 3758 1881 3813 ταπείνωσιν

290 3851 555 3921 ἀληθείας
581 3846 724 3905 εἶναι
745 3851 1066 3918 ἐπίγνωσινο
1091 3849 1232 3920 αὓτη
1261 3850 1369 3918 γὰρ
1394 3851 1491 3902 κοιλ⁷
1518 3850 1627 3902 τῶν
1651 3849 1874 3904 οίκείων

293 3945 516 4016 μέτρων
545 3944 663 3997 ἐστὶ
697 3942 1028 4012 κατάληψις,
1060 3942 1157 3996 καὶ
1208 3942 1275 3995 δι’
1306 3940 1482 4010 αὐτῆς
1512 3942 1616 4012 τήν
1644 3959 1707 3994 τε
1738 3942 1878 4013 πρὸς

289 4036 428 4088 Θεὸν
476 4035 702 4105 εἰρήνην
732 4035 828 4088 καὶ
857 4035 956 4104 τήν
1013 4032 1151 4104 πρὸς
1195 4031 1289 4086 τὸν
1340 4031 1576 4103 πλησίον
1626 4032 1878 4104 καρπού-

293 4129 458 4198 μεθα,
483 4127 551 4180 δι’
581 4122 650 4198 ἦς
688 4121 846 4189 αὖθις
899 4125 991 4178 καὶ
1041 4123 1140 4193 τὴν
1187 4125 1284 4176 ἐπὶ
1316 4123 1414 4176 τοῦ
1469 4125 1740 4191 παρόντος
1778 4127 1878 4180 καὶ

287 4222 390 4291 τὴν
409 4222 504 4273 ἐπὶ
521 4219 616 4273 τοῦ
643 4219 930 4289 μέλλοντος
951 4217 1146 4280 αίῶνος
1169 4218 1488 4272 ἀνάπαυσιν
1512 4219 1874 4288 ποριζόμεθα,

287 4311 434 4366 κατά
471 4311 571 4379 τὴν
599 4309 899 4386 θεσπεσίαν
922 4306 1144 4375 ἐκείνην
1193 4306 1289 4360 καὶ
1338 4309 1758 4379 προτρεπτικὴν
1794 4310 1873 4370 είς

285 4403 450 4456 τοῦτο
477 4401 574 4456 τοῦ
621 4401 828 4471 Κυρίου
879 4401 1106 4470 φωνήν·
1160 4399 1393 4454 Μάθστε
1427 4401 1532 4455 ἀπ’
1567 4396 1739 4470 ἐμοῦ,
1785 4401 1877 4455 ὅτι

287 4493 483 4562 πρᾶός
511 4495 628 4561 ειμι
651 4491 751 4545 καί
781 4494 1067 4558 ταπεινὸς
1096 4492 1172 4560 τῇ
1197 4491 1430 4563 καρδίᾳ,
1454 4493 1556 4547 καί
1579 4493 1874 4564 εὑρήσετε

1982 3299 2145 3369 ψατο,
2185 3298 2463 3367 πρόφασιν
2507 3298 2608 3366 μὲν
2644 3297 2746 3365 τῆς
2779 3294 3078 3365 ἀποφυγῆς
3107 3293 3440 3362 ποιούμενος
3473 3311 3572 3361 τη-

1984 3391 2219 3447 νικαῦτα
2259 3389 2360 3460 τὴν
2409 3388 2700 3459 βασιλικὴν
2744 3388 3079 3458 ἀποδημίαν,
3146 3386 3294 3457 τῇδ’
3341 3386 3572 3456 ἀληθείᾳ

1985 3480 2182 3535 ἑαυτοῦ
2215 3496 2522 3548 καταγνους
2571 3479 2668 3533 καὶ
2713 3480 2805 3532 τὸν
2833 3477 3092 3532 ἐντεῦθεν
3110 3477 3334 3546 ἔλεγχον
3355 3476 3565 3538 δεδιὼςο

1983 3572 2181 3628 ἔπειτα
2231 3573 2454 3627 συνόδου
2500 3571 2978 3641 συγκροτηθείσης
3025 3571 3303 3641 παρουσίᾳ
3349 3570 3444 3622 καὶ
3471 3567 3570 3621 τοῦ

1983 3667 2050 3720 ἐκ
2083 3667 2222 3721 Θεοῦ
2252 3667 2539 3738 βασιλέως,
2583 3665 2680 3719 τοῦ
2713 3664 2963 3731 ἀοιδίμου
3006 3663 3103 3717 καὶ
3142 3662 3473 3731 μακαρίτου,
3507 3663 3569 3712 έν

1981 3761 2061 3830 τῷ
2109 3761 2450 3830 περιωνύμῳ
2495 3757 2611 3829 ναῷ
2657 3758 2760 3826 τῆς
2805 3756 2902 3810 τοῦ
2950 3755 3086 3810 Θεοῦ
3124 3756 3298 3822 Λόγου
3340 3755 3564 3821 Σοφίας,

1980 3853 2080 3921 τῆς
2107 3866 2168 3903 τε
2209 3851 2520 3919 συγκλήτου
2551 3849 2648 3902 καὶ
2698 3849 2800 3902 οὐκ
2845 3847 3046 3916 ὀλίγων
3095 3847 3206 3901 ἀπό
3243 3863 3303 3899 τε
3343 3847 3455 3900 τῶν
3485 3864 3567 3899 τι-

1983 3943 2278 4013 μιωτάτων
2327 3940 2777 4012 ἀρχιμανδριτῶν
2839 3940 2938 3994 καὶ
2987 3939 3424 4009 καθηγουμένων
3472 3937 3569 3992 κιὶ

1977 4037 2089 4090 τῶν
2138 4036 2239 4105 τῆς
2289 4033 2568 4097 πολιτείας
2619 4032 3083 4103 συνειλεγμένων,
3144 4031 3566 4102 μεταπεμφθεὶς

1977 4130 2070 4181 κ;.“ι
2132 4131 2159 4182 ὁ
2209 4127 2373 4190 αὐτὸς
2402 4125 2675 4199 Βαρλαάμ
2731 4126 2827 4180 καὶ
2860 4125 3206 4196 προτραπεὶς
3249 4123 3424 4176 εἰπεῖν
3471 4123 3567 4175 καὶ

1977 4217 2288 4282 ἀποδεῖξαι,
2319 4217 2375 4270 εί
2403 4233 2456 4270 τι
2477 4216 2660 4269 είπεῖν
2687 4215 2806 4283 ἔχει
2841 4214 2986 4268 κατά
3018 4213 3132 4266 τῶν
3174 4212 3297 4270 καθ’
3331 4213 3568 4282 ήσυχίαν

1977 4307 2202 4369 ζώντων
2235 4306 2514 4377 μοναχῶν,
2541 4305 2833 4376 παρόντων
2857 4305 2960 4376 ήδη
2986 4305 3081 4358 καὶ
3107 4304 3292 4357 αὐτῶν
3313 4305 3380 4373 τῇ
3409 4302 3568 4354 συνόο

1975 4400 2074 4469 δῳ,
2111 4399 2278 4463 αὐτὸς
2312 4399 2558 4470 ὡσπερεὶ
2594 4398 2690 4453 τοῦ
2726 4398 3094 4468 προκειμένου
3143 4396 3320 4467 λήθην
3351 4393 3564 4457 παθὼν,

1980 4492 2216 4560 μάλιστα
2247 4489 2308 4543 δὲ
2336 4491 2593 4560 συγχέειν
2618 4488 2968 4560 πειρώμενος
2996 4489 3069 4542 τά
3098 4487 3199 4558 τῆς
3225 4486 3564 4550 ὑποθέσεως,

289 4585 645 4644 ἀνάπαυσιν
692 4583 822 4650 ταῖς
857 4583 1088 4652 ¹ψυχαῖς
1133 4584 1336 4652 ὑμῶν·
1374 4584 1518 4656 αὕτη
1564 4586 1748 4640 πείθει
1785 4588 1875 4641 τὸν
1902 4582 1952 4649 _D
1981 4586 2063 4641 εἰς
2110 4582 2418 4668 έρωτήσεις
2467 4581 2566 4635 καὶ
2608 4581 2850 4652 ἀπορίας
2894 4582 3156 4652 ὲχωρείτο
3200 4579 3563 4647 δογματικὰς,

289 4678 631 4748 κεκτημένον
653 4670 834 4746 ἑαυτῷ
869 4675 969 4744 μὲν
995 4677 1292 4744 προσέχειν
1319 4676 1415 4730 καὶ
1443 4675 1566 4748 Θεῷ
1595 4681 1868 4748 προσανέ-

287 4787 430 4840 χειν,
467 4769 671 4830 παντδς
716 4766 774 4820 δὲ
814 4765 990 4820 κακοῦ
1033 4765 1111 4837 τῷ
1153 4766 1247 4819 τοῦ
1279 4767 1486 4838 Κυρίου
1532 4770 1685 4842 φόϐῳ
1722 4773 1866 4826 κατά
1900 4772 1909 4781 ’

284 4863 379 4915 τὸν
413 4861 510 4916 τοῦ
545 4858 714 4931 σοφοῦ
743 4859 1097 4930 Σολομῶντος
1130 4859 1292 4928 λόγον
1319 4861 1659 4928 ἐκκλίνοντα,
1709 4865 1867 4918 εὐλα-

282 4953 394 5015 ϐῶς
421 4953 551 5023 περὶ
585 4951 650 5004 τὰ
682 4949 826 5020 ὑπὲρ
861 4949 1057 5002 ἑαυτὸν
1090 4952 1185 5002 καὶ
1209 4947 1509 5021 σωφρόνως
1539 4952 1709 5023 ἔχειν,
1739 4955 1866 5024 ὅρια

283 5047 540 5113 πατέρων
571 5045 766 5098 αίώνια
792 5043 868 5115 μὴ
903 5044 1242 5115 μεταίροντα
1269 5047 1365 5098 καὶ
1396 5045 1496 5109 τὰς
1519 5046 1608 5115 ἐφ’
1629 5048 1866 5116 ἑκάτερα

283 5137 670 5208 παρατροπὰς,
707 5133 1039 5205 ὑπερσολάς,
1074 5138 1242 5204 φημὶ,
1277 5135 1376 5188 καὶ
1418 5135 1867 5206 ἐλλείψεις-ἀπο·-

283 5227 646 5297 τρεπόμενον,
691 5225 792 5296 τὴν
844 5225 1134 5294 βασιλικὴν
1181 5226 1393 5297 ὁδεύειν
1427 5229 1524 5280 καὶ
1563 5227 1742 5297 μέσην
1771 5229 1868 5280 καὶ

281 5321 420 5391 πρὸς
451 5321 718 5389 οὐρανοὺς
758 5318 854 5371 καὶ
889 5318 1023 5370 Θεὸν
1054 5317 1312 5381 ἀπλανῶς
1351 5319 1446 5372 καὶ
1478 5320 1742 5388 ἀσφαλῶς
1772 5321 1869 5387 φέο

281 5429 506 5484 ρουσαν.
547 5408 690 5464 Ἀλλ’
719 5411 747 5462 ὁ
778 5411 842 5462 ἐκ
875 5409 1202 5479 Καλαϐρίας
1245 5407 1571 5478 ὁρμώμενος
1631 5411 1866 5480 μοναχδς

283 5501 572 5570 Βαρλαάμ,
613 5501 693 5563 είς
719 5500 781 5552 τὸ
809 5499 910 5569 τῆς
934 5501 1169 5569 οἰήσεως
1194 5499 1432 5566 πέλαγος
1460 5499 1520 5564 ἐξ
1551 5502 1868 5571 ἀφροσύνης

286 5597 512 5656 πάντως
559 5594 654 5646 καὶ
685 5591 1065 5664 ίδιορῤυθμίας
1091 5591 1284 5654 καθεὶς
1331 5593 1545 5658 ἑαυτὸν,
1592 5595 1686 5647 καὶ
1725 5595 1870 5663 μέγα

281 5686 500 5758 φρονῶν
529 5687 622 5741 ἐπὶ
654 5687 720 5756 τῇ
768 5686 867 5754 τῆς
916 5684 1156 5755 θύραθεν
1210 5686 1498 5756 ἐπιστήμῃ
1544 5686 1868 5755 φιλοσοφίας

280 5781 420 5834 κατά
438 5779 538 5850 τῆς
562 5777 880 5850 ὑπερφυοῦς
907 5779 1002 5830 καὶ
1021 5779 1190 5841 ὅντως
1217 5779 1537 5848 φιλοσοφίας
1565 5778 1744 5849 ἑχὼρη
1763 5796 1866 5842 ῖεν,

284 5872 721 5943 ἐπιστρατεύσας
757 5872 826 5942 τῇ
859 5870 1180 5942 διδασκαλία
1231 5872 1324 5924 τοῦ
1374 5871 1712 5942 υνεύματος,
1769 5873 1868 5943 τὴν

1968 4679 2068 4730 καὶ·
2094 4674 2281 4737 λύσεις
2319 4674 2430 4728 τῶν
2466 4673 2853 4744 ἀπορημάτων
2895 4673 3106 4743 ἐζήτει,
3140 4674 3223 4735 εἰς
3252 4671 3282 4724 δ
3321 4671 3420 4724 καὶ
3455 4671 3566 4723 ἐνι-

1970 4767 2239 4837 στάμενος
2290 4771 2388 4822 καὶ
2444 4745 2890 4838 ίσχυριζόμενος,
2948 4765 3120 4836 μηδέν
3173 4781 3232 4818 τι
3296 4764 3565 4833 πρότερον

1971 4862 2168 4924 εἰπεῖν,
2217 4860 2349 4930 πρὶν
2387 4858 2455 4913 ἀν
2509 4858 2610 4929 τὴν
2660 4859 2757 4911 ἐπὶ
2801 4859 2925 4921 ταῖς
2981 4857 3292 4928 ἐρωτήσεσι
3337 4855 3562 4917 ταύταις

1971 4952 2271 5022 ἀπόκρισιν
2317 4953 2416 5006 καὶ
2469 4951 2627 5004 λύσιν
2680 4952 2980 5022 κομίσηται
3002 4966 3016 4982 ’
3051 4948 3243 5018 ἐπειδὴ
3275 4949 3372 5002 καὶ
3408 4947 3560 5013 ἀπαξ

1971 5043 2070 5097 καὶ
2098 5021 2183 5108 δίς
2221 5021 2316 5098 καὶ
2341 5043 2460 5114 μετ’
2489 5043 2817 5114 ἐμϐριθείας
2847 5041 3274 5112 ἀποκρουσθεὶς,
3310 5042 3410 5094 οὐκ
3447 5042 3565 5094 ἐνε-

1970 5135 2118 5188 δίδου
2150 5135 2254 5204 τῆς
2285 5135 2598 5199 ένστάσεως
2645 5135 2873 5203 ταύτης,
2925 5135 3049 5188 οὐδὲ
3098 5134 3352 5188 ἐπείθετο
3381 5133 3562 5202 λέγειν

1972 5231 2102 5299 περὶ
2152 5228 2256 5298 τῆς
2302 5229 2414 5281 τῶν
2469 5229 2858 5299 προκειμένων
2903 5227 3232 5291 ἐξετάσεως,
3277 5227 3377 5294 τῆς
3414 5222 3561 5277 κατά

1971 5319 2082 5373 τῶν
2115 5319 2370 5390 μοναχῶν
2399 5318 2602 5389 δηλαδὴ
2631 5320 2913 5388 ἐγγράφου
2946 5319 3077 5390 παρ’
3111 5318 3279 5372 αὑτοῦ
3313 5333 3555 5388 κατηγο-

1975 5413 2118 5481 ρίας,
2153 5411 2456 5483 ἐπέτρεψεν
2505 5414 2540 5481 ή
2588 5412 2884 5482 μετριότης
2920 5413 3082 5482 ήμῶν
3130 5410 3560 5479 ἀναγνωσθῆναι

1973 5509 2052 5568 εἰς
2084 5506 2325 5575 ἐπήκοον
2383 5505 2483 5574 τῆς
2538 5504 2762 5558 συνόδου
2819 5504 2949 5567 τοὺς
3000 5505 3179 5574 ίεροίις
3235 5502 3328 5554 καὶ
3378 5501 3562 5564 θείους

1973 5598 2228 5664 κανόνας,
2255 5596 2322 5650 δι’
2349 5589 2426 5650 ὧν
2459 5598 2846 5667 ἀπηγόρευται
2877 5597 2973 5649 καὶ
3001 5595 3256 5662 οὐδαμῶς
3308 5609 3560 5661 παρακε-

1971 5690 2245 5760 χώρηται,
2288 5691 2363 5761 μὴ
2416 5690 2578 5758 μόνον
2611 5691 2724 5752 τοῖς
2762 5690 2884 5742 κατ’
2914 5689 3100 5752 αὐτὸν,
3151 5689 3288 5742 ἀλλά
3320 5691 3415 5742 καὶ
3443 5689 3561 5752 τοῖς

1973 5783 2153 5846 ἄλλοις
2191 5783 2346 5848 πᾶσι,
2405 5783 2576 5852 μηδέν
2621 5799 2674 5834 τι
2716 5781 2846 5850 περὶ
2876 5780 3171 5850 δογμάτων
3214 5781 3407 5842 κινεῖν,
3459 5779 3558 5832 καὶ

1976 5876 2087 5937 τοῖς
2141 5873 2322 5937 ἀλλοις
2373 5874 2621 5926 ἐντεῦθεν
2675 5874 2895 5935 παντως
2949 5872 3198 5940 ἀνάγκην
3251 5869 3562 5925 ἐπιτιθέναι
