4046 6480
468 426 612 496 1243

1498 431 1721 497 JOAN.
1760 429 2065 493 CALECE
2102 432 2216 497 ΕΡ.
2265 435 2778 502 PATRIARCILE

3607 439 3742 508 1241

467 549 606 614 περὶ
624 541 880 598 τοιούτων
903 541 1317 612 ἀπολογεῖσθαι,
1347 545 1486 616 μηδέ
1511 547 1896 602 διδασκαλικὸν
1929 548 2060 604 ἐαυ-
2087 555 2134 611 Α
2166 552 2262 605 καὶ
2283 549 2361 614 ὥς
2390 553 2689 624 ἐπισυνέϐη
2722 557 2792 610 τὰ
2819 555 2924 626 τῆς
2950 555 3132 612 αὐτῶν
3164 557 3446 630 διαφορᾶς,
3479 563 3745 631 προτέρου

467 639 586 698 τοῖς
616 632 996 703 περιτιθέντας
1030 633 1274 706 ἀξίωμα,
1308 635 1570 702 διεξιέναι
1618 639 1750 708 περί
1777 656 1943 694 τινων
1964 641 2058 694 ἐκ·

471 723 884 794 πλησιαστικῶν
929 724 1265 791 ὑποθέσεων,
1316 728 1504 797 μόνοις
1552 728 1662 800 γάρ
1693 728 1854 800 ἐδόθη
1897 730 2058 784 τοῦτο

466 819 588 879 τοῖς
632 815 952 886 ἀρχιερεῦσι
999 815 1136 870 Θεοῦ
1183 817 1339 888 παρὰ
1388 817 1493 887 τῆς
1538 817 1748 872 ἀνωθεν
1781 822 2012 889 χάριτος
2038 835 2056 853 ·

467 906 608 975 φησὶ
634 908 743 976 γάρ
792 908 822 960 6
846 907 944 976 τῆς
975 907 1360 977 οίκουμενικῆς
1388 907 1560 978 ἕκτης
1615 909 1838 963 συνόδου
1872 908 2060 965 κανὼν

467 999 568 1065 ξδ’,
599 1001 682 1052 ὅτι
725 1000 788 1051 ού
841 999 949 1069 χρὴ
1002 999 1190 1053 λαῖκδν
1233 1000 1474 1071 δημοσίᾳ
1517 1000 1677 1069 λόγον
1706 1003 1879 1056 κινεῖν
1912 1002 1946 1073 ἢ
1978 1002 2059 1056 δι-

464 1092 717 1154 δάσκειν,
755 1090 975 1160 ἀξίωμα
1012 1089 1396 1145 διδασκαλικὸν
1421 1091 1692 1145 Ἐντεῦθεν
1741 1095 2061 1164 περιποιού-

472 1199 664 1251 μενον,
694 1181 813 1235 ἀλλ’
841 1184 1012 1235 είκειν
1040 1185 1106 1253 τῇ
1139 1183 1293 1253 παρά
1315 1183 1410 1236 τοῦ
1440 1183 1653 1253 Κυρίου
1677 1185 2056 1258 παραδοθείσῃ

468 1271 650 1338 τάξει,
682 1273 778 1326 καὶ
813 1272 876 1326 16
917 1267 1012 1335 οῦς
1051 1273 1167 1336 τοῖς
1199 1272 1300 1344 τήν
1332 1272 1497 1344 χάριν
1540 1272 1637 1326 τοῦ
1667 1273 2059 1328 διδασκαλικοῦ

469 1362 638 1430 λόγου
684 1361 914 1416 λαϐοῦσι
960 1362 1276 1430 διανοίγειν,
1308 1363 1404 1417 καὶ
1446 1363 1516 1416 τὰ
1559 1361 1679 1418 θεῖα
1711 1365 1843 1433 παρ’
1873 1364 2060 1418 αὐτῶν

471 1453 930 1506 ἐκδιδάσκεσθαι·
980 1453 1041 1507 ἐν
1089 1453 1200 1522 γάρ
1245 1455 1312 1524 τῇ
1359 1454 1460 1524 μιᾷ
1498 1453 1794 1526 Ἐκκλησία
1823 1456 2062 1527 διάφορα
2101 1482 2108 1488 ·

476 1537 623 1612 μ’ἐλη
670 1541 975 1608 πεποίηκεν
1021 1545 1048 1596 6
1093 1543 1250 1609 Θεὸς,
1283 1543 1429 1597 κατά
1458 1544 1558 1616 τὴν
1584 1545 1678 1600 τοῦ
1732 1545 2060 1602 ’Δποστόλου

472 1637 692 1705 φωνὴν,
721 1637 787 1706 ἢν
811 1640 838 1688 6
869 1637 1132 1705 Θεολόγος
1160 1638 1482 1708 ἑρμηνεύων
1513 1639 1837 1712 Γρηγόριος,
1871 1642 2061 1711 σαφῶς

473 1726 582 1794 τὴν
617 1725 674 1776 ἐν
705 1725 916 1787 τούτοις
962 1723 1117 1790 τάξιν
1159 1725 1462 1795 παρίστησι
1516 1725 1727 1795 λέγων·
1785 1745 1805 1780 ι
1841 1728 2062 1798 Ταύτην

476 1815 770 1885 αίδώμεθα
798 1814 896 1886 τὴν
925 1816 1100 1882 τάξιν,
1135 1815 1377 1886 ἀδελφοὶ,
1423 1819 1628 1888 ταύτην
1657 1818 2020 1890 φυλάττωμεν
2041 1834 2057 1849 ·

473 1912 508 1963 6
542 1909 642 1976 μὲν
672 1909 813 1961 ἔστω
857 1925 943 1970 τις
975 1906 1135 1977 ἀκοὴ,
1167 1910 1195 1960 6
1226 1885 1285 1960 δέ
1320 1907 1561 1975 γλῶσσα,
1583 1885 1636 1962 ⁷ό
1671 1885 1730 1962 δὲ
1761 1885 1974 1980 χεὶρίό
2001 1910 2057 1964 δέ
2091 1885 2135 1942 Β

473 2000 612 2054 ἄλλο
644 2017 721 2063 τι,
769 2001 798 2052 6
847 1998 945 2068 μὲν
989 1983 1374 2067 διδασκέτω,ό
1416 1999 1474 2054 δὲ
1509 1999 1849 2069 μανθανέτω·
1894 2002 1989 2055 καὶ
2029 2003 2059 2054 6

480 2094 590 2161 μὲν
632 2091 923 2161 μανθάνων
957 2093 1015 2144 ἐν
1043 2091 1330 2163 εὐπειθείᾳ
1360 2093 1454 2157 καὶ
1489 2094 1518 2145 6
1567 2093 1821 2164 χορηγῶν
1846 2095 1906 2148 ἐν
1944 2094 2061 2147 ίλα-

478 2187 672 2258 ρότητι
718 2187 812 2240 καὶ
857 2188 886 2238 6
933 2184 1231 2255 ὑπουργῶν
1273 2186 1334 2239 ἐν
1385 2184 1688 2257 προθυμίᾳ.
1741 2187 1832 2256 Μὴ
1859 2187 2060 2250 πάντες

471 2274 632 2348 ὦμεν
657 2277 881 2346 γλῶσσα
907 2277 969 2330 τὸ
1003 2277 1374 2348 ἑτοιμότερον,
1405 2277 1482 2348 μὴ
1517 2279 1718 2341 πάντες
1744 2278 2058 2343 ἀπόστολοι,

477 2374 562 2443 μὴ
597 2372 802 2435 πάντες
845 2373 1148 2440 προφῆται,
1183 2370 1261 2441 μὴ
1287 2369 1492 2434 πάντες
1529 2369 1982 2442 διερμηνεύωμεν
2008 2385 2057 2423 ἰ

475 2465 581 2519 καὶ
611 2463 753 2531 μετά
789 2478 948 2517 τινα·
998 2481 1017 2514 ι
1054 2463 1120 2515 Τί
1152 2461 1382 2517 σεαυτόν
1416 2464 1590 2526 ποιεῖς
1637 2463 1896 2531 ποιμένα,
1925 2461 2064 2531 πρό·-

476 2558 652 2609 ϐατον
681 2555 794 2622 ῶνς
820 2556 872 2610 τί
897 2555 1024 2627 γίνῃ
1047 2556 1284 2626 κεφαλὴ,
1307 2555 1445 2620 ποῦς
1467 2555 1753 2626 τυγχάνων
1773 2571 1789 2620 ;
1820 2555 1874 2608 τί
1897 2571 2066 2626 στραο

475 2647 672 2716 τηγεῖν
739 2648 1061 2717 ἐπιχειρεῖς,
1100 2646 1436 2715 τεταγμένος
1482 2649 1542 2700 ἐν
1595 2648 1998 2716 στρατιώταιςς
2040 2664 2060 2697 ι

479 2743 583 2796 καὶ
615 2739 846 2809 ἑτέρωθι
880 2741 915 2810 ή
942 2739 1112 2807 Σοφία
1141 2737 1542 2794 διακελεύεται·
1578 2737 1675 2806 Μὴ
1711 2737 1838 2791 Ζσθι
1877 2737 2068 2806 ταχὺς

477 2834 556 2886 ἐν
573 2832 800 2898 λόγοις,
825 2829 911 2898 μὴ
938 2832 1469 2900 συμπορεκτείνου
1495 2869 1511 2894 ,
1541 2829 1734 2895 πένὴς
1751 2827 1856 2894 ὢν,
1881 2833 2069 2883 πλου-

480 2923 622 2988 σίῳ,
650 2920 809 2990 μηδὲ
838 2920 999 2987 ζήτει
1026 2921 1148 2976 τῶν
1185 2921 1398 2991 σοφῶν
1424 2918 1578 2977 εἶναι
1609 2920 1952 2990 σοφώτερος
1971 2937 1986 2952 ·
2016 2923 2071 2976 ει

483 3014 559 3067 δέ
594 3029 687 3078 τις
716 3013 843 3078 ἁ.λῷ
874 3012 984 3067 τὸν
1013 3015 1285 3082 παρόντα
1325 3016 1774 3083 παρασαλεύων
1801 3015 2030 3070 κανόνα
2050 3057 2066 3083 ,

484 3106 591 3163 ἐπὶ
613 3105 841 3176 ἡμέρας
860 3105 1238 3176 -ἀςροριζέσθω
1266 3105 1746 3175 τεσσαράκοντα.
1769 3107 1886 3162 Καὶ
1908 3109 2073 3163 πάλιν

2165 643 2266 698 τοῦ
2293 644 2462 698 αὐτοῦ
2511 646 2779 717 Βαρλαάμ
2808 650 3272 720 συγγραψαμένου
3304 651 3397 704 καὶ
3433 651 3748 720 κατηγορή-

2168 751 2368 799 σαντος
2398 735 2603 802 αὐτῶν,
2645 739 2790 808 άπερ
2823 739 3092 810 ἀνωτέρω
3117 739 3353 810 εῐρηται,
3387 741 3478 792 καί⁵
3522 739 3748 792 ἐναντία

2165 828 2283 891 τοῖς
2311 826 2422 881 τῶν
2451 828 2718 900 Πατέρων
2747 831 2922 894 θείοις
2949 829 3154 900 λόγοις,
3202 832 3277 895 ὡς
3300 833 3616 902 ἀπεδείχθη,
3649 833 3747 884 ἐκ·

2166 919 2424 990 θεμένου,
2459 919 2558 973 καὶ
2605 919 2681 983 ὠς
2731 919 2792 986 έξ
2836 920 3090 992 ἀνάγκης
3117 923 3213 976 καὶ
3248 922 3410 984 αὐτὸς
3457 923 3594 994 προς
3641 923 3750 994 τὴν

2163 1010 2472 1080 ἀπολογίαν
2494 1013 2592 1065 καὶ⁸
2614 1011 2942 1084 ἀντίρρησιν
2984 1013 3291 1083 κεκίνηται.
3335 1015 3565 1068 Ἔπειτα
3607 1014 3746 1084 ὡρί-

2165 1103 2270 1173 σθη
2301 1102 2591 1174 ἐνεχθῆναι
2614 1102 2682 1158 τά
2706 1103 2802 1157 τοῦ
2830 1104 3100 1175 Βαρλαάμ
3124 1105 3553 1176 συγγράμματα,
3580 1105 3618 1160 ἀ
3644 1105 3744 1158 καὶ

2164 1193 2306 1264 πρὸς
2339 1193 2617 1264 ἐξαπάτην
2639 1193 2748 1248 τῶν
2773 1195 3086 1249 ἀκουόντων
3130 1197 3291 1251 Κατὰ
3336 1196 3742 1252 Μασαλιακῶν

2162 1285 2503 1356 ἐπέγραφεν,
2549 1288 2608 1342 ἐν
2657 1281 2740 1350 οἷς
2775 1288 3210 1359 συγγράμμασιν
3260 1290 3415 1358 ἐλεγε
3468 1293 3559 1345 καὶ
3603 1295 3737 1361 περὶ

2161 1377 2260 1431 τοῦ
2324 1377 2628 1450 ἀπροσίτου
2698 1379 2878 1448 φωτὸς
2937 1381 3038 1450 τῆς
3096 1383 3577 1452 μεταμορφώσεως
3641 1383 3739 1436 τοῦ

2163 1469 2438 1524 Δεσπότου
2495 1469 2750 1541 Σωτῆρος
2787 1470 2950 1542 ήμῶν
2995 1472 3175 1543 Ἰησοῦ
3208 1473 3454 1544 Χριστοῦ
3487 1477 3577 1527 καὶ
3625 1475 3736 1528 τῶν

2164 1563 2264 1632 τῆς
2289 1561 2384 1617 τοῦ
2411 1563 2594 1631 φωτὸς
2626 1563 2819 1616 τούτου
2865 1562 2996 1626 θέας
3031 1564 3373 1635 ἠξιωμένων,
3426 1567 3736 1635 προκρίτων

2166 1656 2430 1728 μαθητῶν
2459 1655 2628 1710 αὐτοῦ
2653 1657 2747 1712 καὶ
2776 1656 3115 1724 ἀποστόλων,
3138 1658 3350 1724 λέξεσιν
3379 1659 3568 1723 αὐταῖς
3587 1660 3734 1711 τάδε·

2168 1765 2187 1798 ι
2211 1747 2286 1800 1‘6
2341 1749 2399 1801 ἐν
2449 1747 2723 1818 Θαϐωρίῳ
2774 1747 2998 1818 λάμψαν
3030 1748 3148 1817 φῶς
3193 1749 3294 1801 οὐκ
3325 1750 3616 1818 ἀπρόσιτον
3647 1743 3734 1818 ἦν,

2163 1841 2287 1895 οὐδὲ
2341 1839 2485 1895 κατά
2537 1839 2799 1903 ἀλήθειαν
2846 1841 3068 1912 ὑπῆρχε
3125 1841 3243 1910 φῶς
3288 1841 3561 1910 θεότητος,
3614 1842 3737 1896 οὑδέ

2162 1932 2412 2000 ἀγγέλων
2441 1933 2580 1995 ὅλως
2613 1932 2914 2004 ἱερώτερον
2943 1935 2974 2003 ἢ
3004 1934 3303 2004 θειότερον,
3339 1933 3475 1986 ἀλλά
3503 1934 3598 1988 καὶ
3619 1938 3738 2004 χεῖ-

2163 2042 2258 2096 ρον
2289 2026 2389 2079 καὶ
2418 2023 2738 2098 κατώτερον
2788 2025 2886 2080 καὶ
2939 2026 3113 2095 αὐτῆς
3145 2024 3256 2095 ,τῆς
3297 2025 3574 2095 ἡμετέρας
3615 2027 3742 2093 νοή-

2163 2133 2320 2180 σεως·
2356 2116 2537 2170 πάντα
2589 2118 2701 2187 γάρ
2742 2117 2815 2171 τά
2849 2135 2909 2171 τε
2945 2119 3192 2188 νοήματα
3231 2118 3326 2171 καὶ
3376 2116 3445 2170 τά
3481 2117 3744 2188 νοούμενα

2163 2211 2472 2281 σεμνότερά
2515 2212 2631 2263 ἐστι
2671 2209 2765 2264 τοῦ
2802 2211 2982 2280 φωτὸς
3025 2210 3256 2274 ἐκείνου,
3293 2210 3371 2273 ὡς
3407 2211 3472 2280 τῇ
3503 2209 3624 2278 ὄψει
3650 2210 3739 2264 διά

2161 2296 2258 2350 τοῦ
2300 2297 2464 2367 ἀέρος
2518 2300 2966 2369 προσπίπτοντος
3011 2299 3105 2353 καὶ
3169 2298 3465 2368 αίσθητικῇ
3515 2299 3742 2368 δυνάμει

2164 2390 2597 2456 ὑποπίπτοντος,
2629 2394 2725 2443 καὶ
2753 2392 2820 2445 τά
2848 2391 3084 2462 αίσθητά
3121 2391 3258 2461 μόνα
3291 2389 3600 2453 δεικνύντος
3626 2394 3739 2453 τοῖς

2166 2481 2394 2549 δρῶσιν,
2435 2478 2626 2533 ύλικοῦ
2679 2497 2740 2533 τε
2787 2481 2944 2544 δντος
2989 2481 3087 2535 καὶ
3136 2481 3608 2551 ἐσχηματισμένου
3643 2483 3740 2533 καὶ

2167 2572 2224 2626 ἐν
2247 2573 2400 2642 τόπῳ
2455 2573 2549 2625 καὶ
2599 2571 2659 2624 ἐν
2701 2573 2880 2642 χρόνῳ
2927 2575 3280 2643 φαινομένου,
3330 2573 3425 2624 καὶ
3473 2571 3562 2626 τδν
3602 2571 3740 2640 ἀέρα

2167 2663 2638 2734 χρωματίζοντος,
2677 2665 2775 2718 καὶ
2812 2664 2913 2718 νῦν
2959 2665 3060 2735 μὲν
3105 2666 3504 2736 συνισταμένου
3545 2683 3604 2719 τε
3644 2665 3743 2718 καὶ

2169 2755 2530 2825 φαινομένου,
2576 2754 2673 2808 νῦν
2704 2755 2760 2808 δὲ
2790 2756 3152 2827 διαλυομένου
3182 2758 3276 2811 καί
3306 2759 3384 2821 εἰς
3414 2758 3474 2811 16
3503 2758 3574 2828 μὴ
3599 2752 3742 2811 εἶναι

2169 2846 2501 2917 χωροῦντος,
2533 2846 2628 2901 ἅτε
2677 2847 3014 2916 φανταστοῦ,
3049 2847 3306 2918 μεριστοῦ
3344 2865 3405 2902 τε
3439 2849 3528 2902 καὶ
3571 2865 3740 2901 πεπε-

2173 2939 2473 3009 ρασμένου,
2505 2939 2576 2992 δι’
2603 2939 2632 2992 6
2661 2941 2756 2994 καὶ
2788 2940 3072 3010 ὁρώμενον
3099 2936 3169 3011 ἦν
3207 2941 3312 2994 ὑπὸ
3337 2941 3448 2995 τῶν
3483 2940 3742 3011 στέρησιν

2173 3032 2494 3102 πασχόντων
2508 3032 2620 3086 τῶν
2643 3033 2848 3104 νοερῶν
2874 3034 3189 3105 ἐνεργειῶν,
3217 3033 3419 3102 μᾶλλον
3438 3032 3494 3087 δέ
3519 3033 3746 3102 μηδέπω

2173 3121 2379 3185 ταύτας
2413 3121 2553 3185 ὅλως
2605 3122 2996 3194 κτησαμένων,
3046 3124 3141 3178 καὶ
3187 3123 3352 3194 μήπω
3401 3122 3742 3192 κεκαθαρμέ-

484 3202 520 3253 ὁ
549 3200 650 3270 τῆς
688 3202 744 3252 ὲν
775 3199 1086 3270 Χαλκηδόνι
1137 3197 1320 3253 κανὼν
1359 3199 1879 3263 ἐννεακαιδέκατος
1933 3218 1953 3252 ‹
1985 3202 2075 3254 Δεῖ
2099 3217 2145 3280 c
2177 3228 2285 3264 νων
2315 3212 2512 3277 οντων,
2543 3212 2684 3266 ἀλλά
2716 3215 2814 3269 καὶ
2839 3213 3051 3269 ἀτελῶν
3083 3217 3179 3268 καὶ
3206 3214 3295 3267 ἐπ’
3325 3215 3498 3282 αὐτῆς
3527 3214 3744 3282 ἐκείνης

486 3293 622 3356 τοὺς
645 3293 753 3346 τῶν
777 3292 1088 3359 ἐκκλησιῶν
1114 3292 1468 3362 προεστῶτας
1485 3293 1544 3345 ἐν
1567 3291 1715 3364 πάσῃ
1741 3291 1842 3362 μὲν
1861 3292 2070 3363 ήμέρᾳ,

491 3385 796 3456 ἐξαιρέτως
823 3386 881 3438 δὲ
911 3386 1030 3449 ταῖς
1057 3385 1390 3456 Κυριακαῖς,
1423 3385 1600 3442 πάντα
1625 3387 1718 3440 16v
1746 3385 1945 3457 κλῆρον
1977 3387 2071 3440 καὶ

495 3478 595 3532 τὸν
629 3475 761 3529 λαὸν
792 3475 1136 3532 ἐκδιδάσκειν
1171 3478 1298 3540 τοὺς
1335 3479 1435 3549 τῆς
1463 3479 1750 3542 εὐσεϐείας
1782 3477 1976 3549 λόγους
2011 3481 2078 3534 ἐκ

493 3571 600 3639 τῆς
634 3570 787 3633 θείας
835 3569 1063 3641 Γραφῆς
1109 3570 1567 3638 ἀναλεγομένους,
1598 3572 1668 3624 τά
1690 3573 1789 3640 τῆς
1817 3572 2076 3642 ἀληθείας

494 3664 754 3734 ν’)ήματά
775 3680 836 3716 τε
865 3664 960 3717 καὶ
988 3657 1231 3734 ῥήμαέα,
1257 3663 1354 3716 καὶ
1385 3663 1460 3734 μὴ
1482 3665 1927 3734 παραϐαίνοντας
1952 3665 2078 3729 τοὺς

491 3758 602 3830 ἢδη
624 3757 880 3821 τεθέντας
907 3758 1066 3828 ὅρους
1089 3756 1123 3826 ἢ
1155 3757 1256 3826 τὴν
1285 3758 1350 3810 ἐκ
1371 3757 1482 3811 τῶν
1509 3755 1786 3828 θεοφόρων
1816 3758 2078 3828 Πατέρων

2177 3306 2278 3373 τῆς
2302 3305 2396 3359 ἐπὶ
2425 3300 2519 3360 τοῦ
2551 3304 2715 3374 δρους
2749 3306 2903 3374 θέας,
2926 3306 3004 3370 ὡς
3035 3307 3262 3379 μηδέπω
3289 3305 3625 3371 ἀξιωθέντων
3644 3306 3748 3373 τῆς

2178 3398 2290 3451 τῶν
2311 3398 2562 3453 θεοειδῶν
2595 3399 2864 3470 νοήσεων,
2894 3398 3212 3471 ἀναγόμεθα
3235 3399 3292 3452 δέ
3315 3398 3422 3452 ἀπὸ
3455 3397 3550 3452 τοῦ
3574 3398 3747 3452 τοιού-

2177 3507 2270 3544 του
2319 3489 2502 3560 φωτδς
2531 3486 2624 3545 ἐπὶ
2655 3492 2908 3562 νοήματα
2942 3491 3038 3547 καὶ
3069 3491 3422 3562 θεωρήματα,
3451 3489 3487 3544 ἃ
3513 3489 3748 3560 κρείττω

2177 3582 2329 3634 ἐστὶν
2355 3580 2710 3651 ἀσυγκρίτως
2741 3580 2836 3635 τοῦ
2878 3579 3058 3650 φωτὸς
3099 3579 3314 3633 ἐκείνου
3337 3593 3354 3610 ·
3387 3574 3676 3646 τοιγαροῦν
3699 3575 3746 3627 οί

2178 3670 2436 3739 λέγοντες
2460 3671 2595 3725 αὐτὸ
2615 3671 2762 3741 ὺπέρ
2787 3669 2913 3725 νοῦν
2933 3671 3030 3724 καὶ
3050 3669 3306 3741 ἀληθινὸν
3327 3668 3508 3721 καὶιτά
3529 3665 3746 3720 τοιαῦτα

2181 3761 2598 3832 πεπλανημένοι
2648 3763 2758 3814 είσὶ
2786 3759 3067 3826 καθάπαξ,
3105 3761 3203 3815 καὶ
3233 3759 3385 3813 οὐδὲν
3420 3759 3532 3819 τῶν
3568 3773 3745 3826 φαινο-

492 3837 824 3922 ππράδοσιν,
871 3850 1007 3904 ἀλλά
1041 3849 1158 3916 καὶ,
1201 3851 1252 3903 εί
1279 3850 1552 3922 γραφικὸς
1584 3850 1945 3920 ἀνακινηθείη
1985 3848 2078 3903 λό·

493 3961 619 4021 γος,
658 3942 734 4013 μὴ
782 3943 959 4006 ἄλλως
989 3942 1177 3996 τοῦτον
1211 3943 1692 4013 ἐρμηνευέτωσαν,
1739 3943 1772 4013 ἦ
1813 3941 1890 4004 ὼς
1921 3942 1988 3995 ἂν
2028 3943 2080 3995 οί

2185 3857 2362 3925 μένων
2409 3853 2590 3906 καλῶν
2624 3853 2966 3926 ὑψηλότερον
3019 3852 3248 3916 εἰδότες,
3295 3850 3514 3912 ἀσεϐεῖς
3554 3865 3611 3902 τε
3663 3847 3749 3900 διά

2179 3945 2342 4000 τοῦτο
2381 3946 2478 3998 καὶ
2504 3943 2876 4016 ὀλεθριώτατα
2904 3945 3155 4013 δόγματα
3182 3945 3265 4006 είς
3289 3943 3388 4013 τὴν
3420 3941 3746 4010 Ἐκκλησίαν

493 4037 600 4106 τῆς
631 4034 962 4105 Ἐκκλησίας
998 4036 1288 4106 φωστῆρες
1328 4035 1425 4088 καὶ⁸
1479 4034 1793 4088 διδάσκαλοι
1840 4032 1927 4085 διὰ
1968 4032 2083 4087 τῶν
2182 4039 2522 4106 εἰσάγοντες.
2564 4055 2584 4090 ι
2617 4035 2806 4090 Ταῦτα
2857 4037 2960 4104 μὲν
2993 4035 3088 4090 οῦν
3121 4034 3443 4106 όΒαρλαάμ
3471 4033 3750 4101 ἐτερόδοξα

493 4130 722 4186 οίκείων
778 4130 1236 4200 συγγραμμάτων
1269 4128 1610 4196 παρέθεντο·
1655 4128 1751 4181 καὶ
1785 4126 1991 4196 μᾶλλον
2024 4126 2082 4179 ἐν
2183 4130 2469 4200 προδήλως
2501 4130 2598 4182 καὶ
2639 4127 2858 4182 ἐναντία
2897 4129 3009 4192 τοῖς
3053 4128 3188 4198 περὶ
3232 4125 3329 4181 τοῦ
3381 4125 3530 4179 θείου
3559 4124 3748 4192 τούτου

496 4225 716 4287 τούτοις
751 4223 1242 4290 εὑδοκιμείτωσαν,
1275 4221 1309 4291 ἢ
1359 4220 1553 4285 λόγους
1579 4219 1818 4284 οἰκείους
1855 4220 2083 4274 συντάτ-
2187 4222 2364 4290 φωτὸς
2399 4219 2614 4290 ῥηθεῖσι
2653 4220 2806 4289 παρά
2833 4217 2944 4272 τῶν
2987 4217 3162 4286 ἀγίων
3186 4231 3201 4249 ⁶
3258 4215 3460 4270 τούτων
3491 4215 3598 4286 γὰρ
3629 4216 3752 4276 ταῖς

497 4334 709 4380 τοντες,
735 4316 885 4370 ἐστιν
918 4316 1006 4369 ὅτε
1042 4315 1138 4370 καὶ
1173 4315 1398 4385 ἀπόρως
1449 4312 1669 4384 ἔχοντες
1713 4313 1852 4383 πρὸς
1899 4313 2081 4378 τοῦτο,
2187 4314 2379 4383 ρήσεσι
2433 4311 2704 4382 σύμφωνα
2749 4308 3227 4378 διαϐεϐαιούμενοι
3275 4309 3371 4361 καὶ
3418 4309 3631 4377 φρονεῖν
3663 4305 3755 4359 καὶ

495 4411 871 4470 ἀποπίπτοιεν
925 4406 1021 4462 τοῦ
1068 4408 1488 4477 προσήκοντος·
1532 4405 1624 4461 διὰ
1680 4406 1792 4476 γὰρ
1837 4405 1936 4477 τῆς
1977 4408 2086 4461 τῶν
2184 4406 2368 4472 λέγειν
2399 4405 2452 4458 οί
2486 4403 2740 4473 μοναχοὶ,
2777 4401 2982 4464 ταύτας
3014 4403 3112 4455 καὶ
3140 4400 3570 4472 προεϐάλλοντο·
3623 4399 3757 4469 φησὶ

499 4503 922 4577 προειρημένων
945 4503 1210 4572 Πατέρων
1239 4498 1598 4562 διδασκαλίας
1623 4499 1674 4552 οί
1706 4497 1829 4553 λαοὶ
1857 4499 1915 4551 ἐν
1938 4501 2084 4568 γνώ-
2186 4497 2366 4551 τοίνυν
2416 4497 2445 4549 6
2495 4496 2562 4548 ἐκ
2605 4493 2902 4564 Δαμασκοῦ
2950 4493 3090 4557 θεῖος
3119 4491 3380 4563 Ἰωάννης
3409 4508 3425 4523 ·
3455 4510 3474 4542 ι
3514 4492 3758 4562 Σήμερον

499 4619 588 4657 σει
619 4599 901 4670 γινόμενοι
944 4595 1056 4658 τῶν
1091 4613 1151 4650 τε
1197 4593 1504 4649 σπουδαίων
1537 4592 1635 4646 καὶ
1683 4591 1796 4646 τῶν
1845 4593 2082 4662 αίρετῶν
2113 4599 2158 4656 ι)
2188 4589 2368 4660 φωτὸς
2420 4587 2724 4658 ἀπροσίτου
2775 4585 3039 4652 ἄϐυσσος,
3074 4584 3318 4655 σήμερον
3367 4583 3560 4652 αίγλης
3610 4582 3757 4644 θείας

497 4696 598 4750 καὶ
625 4669 1107 4763 τῶνίάσυμφόρων
1129 4689 1224 4743 καὶ
1249 4669 1594 4757 ἀποϐλήτων,
1627 4685 1720 4740 τδν
1745 4685 1861 4756 βίον
1885 4688 2088 4758 μεταρ-
2189 4683 2345 4751 χύσις
2370 4677 2759 4749 ἀπεριόριστος
2786 4678 2846 4730 ἐν
2884 4676 2962 4746 τῷ
2990 4675 3194 4746 Θαϐὼρ
3229 4673 3308 4746 τῷ
3337 4674 3454 4744 δρει
3486 4673 3598 4734 τοῖς
3629 4675 3756 4724 ἀπο-

502 4786 830 4857 ῥυθμίζουσι
854 4786 991 4854 πρὸς
1017 4784 1078 4837 16
1104 4764 1342 4852 βέλτιον,
1375 4781 1470 4834 καὶ
1493 4779 1572 4850 τῷ
1599 4779 1703 4850 τῆς
1735 4777 1962 4846 ἀγνοίας
1989 4778 2087 4847 οὐχ
2190 4771 2402 4834 στόλοις
2433 4769 2763 4838 αὐγάζεται·
2800 4767 2895 4822 νῦν
2934 4767 3124 4838 ὡράθη
3158 4765 3230 4819 τά
3257 4767 3369 4828 τοῖς
3400 4763 3756 4857 ἀνθρωπίνοις

502 4855 818 4932 ἁλίσκονται
852 4877 1043 4944 πάθει,
1080 4876 1217 4929 ἀλλά
1254 4874 1620 4945 προσέχοντες
1664 4872 1734 4944 τῇ
1769 4870 2090 4942 διδασκαλίᾳ⁸
2187 4862 2657 4948 ἀθέαταοδμμασι,
2699 4861 2862 4932 σῶμα
2886 4860 3081 4930 γήϊνον
3113 4858 3268 4912 θείαν
3293 4855 3602 4942 ἀπαυγάζει
3625 4855 3754 4948 λαμῖ

503 4969 733 5031 ἑαυτοὺς
785 4969 924 5038 πρὸς
976 4970 1039 5022 16
1089 4967 1166 5037 μὴ
1202 4966 1392 5029 κακῶς
1431 4965 1628 5020 παθεῖν
1677 4963 2086 5035 παραθήγουσι,
2189 4946 2458 5026 πρότητιι,
2493 4952 2657 5023 σῶμα
2702 4952 2898 5022 θνηίδν
2938 4951 3102 5016 δόξαν
3145 4950 3385 5022 πηγάξει
3420 4946 3756 5038 θεότητος

503 5062 601 5115 καὶ
623 5059 775 5127 φόϐῳ
792 5037 899 5112 τῶν
927 5057 1342 5130 ἐπηρτημένων
1370 5056 1656 5127 τιμωριῶν
1684 5058 1785 5125 τὴν
1809 5058 2089 5127 σωτηρίαν
2190 5049 2297 5117 γὰρ
2331 5045 2505 5114 Λόγος
2536 5044 2695 5119 σὰρξ,
2730 5047 2768 5137 ἡ,
2801 5045 2961 5137 σὰρξ
2987 5043 3068 5137 δὲ-
3100 5043 3274 5112 Λόγος
3308 5042 3547 5137 ἐγένετο,
3569 5040 3637 5137 *εί
3666 5037 3756 5137 καὶ.

504 5157 693 5216 αὐτοῖς
727 5153 1142 5224 ἐξεργάζονται.
1177 5169 1195 5203 ι
1236 5151 1389 5204 Μετὰ
1426 5151 1614 5220 μέντοι
1641 5149 1747 5217 τὴν
1781 5150 2088 5218 ἀνάγνωσιν
2192 5140 2267 5210 μὴ
2306 5139 2405 5210 τῆς
2457 5138 2670 5202 οἰκείας
2723 5136 2917 5206 ἐξέστη
2977 5135 3241 5206 ἑκάτερον
3293 5133 3532 5202 φύσεως.
3569 5131 3641 5182 Ὃ
3665 5131 3755 5181 τοῦ

503 5247 617 5300 τῶν
645 5245 828 5298 αὐτῶν
861 5243 1023 5311 ίερῶν
1054 5244 1151 5294 καί
1195 5241 1358 5295 θείω-ι
1391 5241 1640 5295 κανόνων
1676 5241 2087 5312 προεκομίσθη·
2192 5233 2508 5306 θαύματοςί
2563 5233 2663 5286 οὑκ
2710 5231 2916 5296 ἔξωθεν
2960 5232 2994 5301 ἡ
3028 5228 3155 5294 δόξα
3206 5229 3285 5297 τῷ
3323 5230 3536 5298 σὼματι
3571 5239 3756 5293 προσε-

509 5355 613 5390 σαν
645 5335 737 5389 ἐπὶ
761 5335 855 5386 τοῦ
890 5335 1084 5402 μέσου,
1106 5331 1173 5395 ἃς
1203 5334 1232 5385 6
1257 5331 1522 5403 Βαρλὰαμ
1549 5331 1765 5400 φθάσας
1794 5332 2089 5404 ἐποιήσατο
2190 5328 2432 5395 γίγνετο.
2457 5325 2572 5378 ἀλλ’
2603 5324 2820 5378 ἔνδοθεν
2849 5327 2910 5377 ἐκ
2934 5324 3036 5387 τῆς
3059 5323 3284 5394 ἀῤῥήτῳ
3309 5320 3454 5388 λόγῳ
3475 5317 3758 5388 γινομένης

507 5429 790 5496 ἀναφορὰς
837 5425 980 5478 κατὰ
1017 5425 1126 5477 τῶν
1171 5422 1447 5493 μοναχῶν,
1499 5423 1595 5475 καὶ
1631 5421 2089 5490 ἀναγνωσθεισῶν
2192 5419 2343 5490 αὺτῷ
2397 5419 2524 5475 καθ’
2557 5419 2864 5473 ὑπόστασιν
2920 5418 3014 5470 τοῦ
3068 5416 3208 5470 Θεοῦ
3263 5415 3437 5483 Λόγου
3496 5410 3757 5481 ὑπερθέου

507 5522 619 5571 τῶν
663 5518 924 5572 τοιούτων
977 5516 1288 5585 ἀναφορῶν,
1340 5515 1666 5586 προετράπη
1709 5515 1740 5566 6
1769 5515 2090 5586 διαληφθεὶς
2192 5511 2465 5581 θεότητος·
2497 5503 2542 5578 ᾧ
2567 5512 2676 5581 γὰρ
2709 5510 2769 5562 ἐν
2813 5509 3010 5577 ἐκείνῳ
3041 5511 3091 5561 οί
3119 5506 3347 5575 ἄγγελοι
3382 5503 3594 5567 ἁκλινές
3625 5501 3758 5569 ἐρεῖ·

513 5609 868 5678 ἱερομόναχος
896 5606 1002 5677 κῦρ
1029 5605 1330 5677 Γρηγόριος
1374 5605 1402 5656 ὁ
1448 5603 1715 5674 Παλαμᾶς
1740 5605 1842 5672 τὴν
1871 5603 1960 5657 ἐπ’
1988 5605 2088 5659 αὐ·
2191 5603 2303 5658 δειν
2330 5605 2393 5656 16
2426 5603 2583 5675 ὄμμα
2615 5604 2676 5656 οὐ
2708 5602 3015 5670 σθένουσιν,
3047 5601 3108 5653 ἐν
3129 5600 3306 5670 τούτῳ
3330 5598 3436 5652 τῶν
3460 5595 3758 5650 ἀποστόλων

509 5702 634 5762 τοῖς
705 5702 1040 5772 ποιήσασθαι
1098 5698 1442 5768 ἀπολογίαν,
1498 5697 1572 5762 ὡς
1625 5696 1793 5752 αὑτοῦ
1850 5697 2090 5768 μάλιστα
2192 5697 2242 5748 οί
2281 5697 2569 5767 πρόκριτοι
2595 5699 2660 5768 τῇ
2697 5695 2825 5766 δόξῃ
2879 5697 2976 5766 τῆς
3013 5693 3218 5748 ἐαυτοῦ
3252 5691 3529 5762 βασιλείας
3569 5687 3759 5757 δρῶσιν

514 5791 984 5863 καθαπτομέναις,
1012 5793 1160 5855 ὅστις
1203 5791 1297 5844 καὶ
1329 5787 1501 5844 εἰπὼν
1539 5792 1598 5843 ἐν
1631 5789 1920 5859 προοιμίου
1947 5787 2092 5859 λόγῳ

517 5881 616 5934 καὶ
645 5884 1154 5958 ἀπολογησάμενος,
1183 5884 1284 5938 ὅσα
1314 5883 1485 5952 είκδς,
1537 5882 1730 5937 ἔπειτα
1760 5881 2086 5952 διηγήσατο,

2192 5789 2571 5858 ἐκλάμποντα,
2606 5789 2863 5842 ἐντεῦθεν
2889 5789 3016 5851 τοὺς
3048 5789 3385 5858 κορυφαίους
3405 5782 3515 5837 τῶν
3538 5778 3760 5836 ἀποστό-

2195 5881 2303 5937 λων
2335 5881 2822 5955 προσλαμϐάνεται
2855 5881 3141 5953 μάρτυρας
3175 5880 3272 5951 τῆς
3297 5877 3499 5941 οἰκείας
3531 5874 3680 5944 δόξης
3703 5887 3760 5926 τε
