4046 6478
344 473 490 538 1245

1420 465 1819 532 ΞΥΝΟΒΙΟᾸΞ
1858 465 2552 532 CONSTITUTIONES.

3479 471 3620 541 1216

336 591 438 646 καὶ
481 590 760 658 θεότητος,
796 587 1180 644 ἀποκαλύπτει
1213 587 1268 643 δέ
1320 589 1508 653 αὐτοῖς
1562 589 1665 659 τὴν
1707 585 1920 641 οἰκείαν
1942 589 1994 653 Α
2021 586 2184 658 φύσιν
2204 587 2468 648 ἔκστασιν
2490 584 2586 643 καὶ
2607 585 2899 652 ἀνάϐασιν,
2918 586 3044 642 καθ’
3073 588 3141 660 ἢν
3170 589 3268 644 καὶ
3296 587 3392 645 τοῦ
3423 594 3615 662 κρείτ-

339 685 596 754 θεότητα,
615 683 859 745 τελείους
883 683 942 736 δέ
964 678 1109 737 εῖναι
1140 683 1269 747 τοὺς
1288 683 1388 751 τὴν
1414 683 1568 738 θείαν
1590 682 1748 750 δόξαν
1773 681 1920 747 είκὸς

340 775 805 841 κατοπτεύοντας,
839 777 942 849 τὴν
974 776 1240 832 ἁπάντων
1285 775 1565 841 ἐπέκεινα,
1612 775 1713 846 τὴν
1741 774 1920 845 μόνην

339 867 436 921 καὶ
470 866 742 938 ὑπερτελῆ
767 867 864 920 καὶ
892 857 1288 938 προτέλειονο¹δ
1311 865 1456 930 θεῖος
1486 866 1596 935 γὰρ
1625 865 1796 928 δντως
1824 864 1922 929 καὶ

343 956 613 1028 θεηγόρος
635 958 941 1022 Διονύσιος,
961 956 1148 1020 Οὕτως
1165 959 1195 1011 6
1222 957 1514 1026 δεσπότης,
1542 957 1729 1026 φησὶν,
1752 956 1920 1027 ὀφθή-

346 1070 498 1108 σεται
545 1055 661 1115 τοῖς
711 1053 912 1108 ἐαυτοῦ
953 1053 1186 1118 τελείοις
1230 1054 1596 1124 θεράπουσιν,
1625 1053 1686 1108 ὃν
1718 1054 1920 1126 τρόπον

345 1150 402 1201 ἐν
430 1146 548 1213 δρει
578 1145 779 1215 Θαϐὼρ
811 1148 922 1210 τοῖς
946 1146 1272 1211 ἀποστόλοις
1305 1146 1623 1210 ὀπτάνεται,
1662 1145 1920 1213 Ἰωάννην

346 1234 810 1304 παραλαμϐάνει,
861 1235 938 1298 ὡς
1000 1237 1102 1306 τῆς
1155 1235 1438 1304 θεολογίας
1497 1235 1771 1306 παρθένον
1828 1235 1922 1288 καὶ

344 1325 735 1400 καθαρώτατον
759 1330 1034 1400 ὸργανον,,
1057 1333 1208 1394 ὅπως
1234 1331 1334 1401 τὴν
1364 1331 1594 1401 ἄχρονον
1635 1327 1796 1394 δόξαν
1825 1328 1920 1382 τοῦ

341 1419 473 1472 Υἱοῦ
505 1420 866 1490 θεασάμενος,
901 1420 1010 1474 Ἐν
1061 1420 1221 1490 ἀρχῇ
1273 1417 1354 1492 ἦν
1401 1424 1435 1477 ὁ
1485 1422 1698 1490 Λόγος,
1738 1419 1839 1474 καί
1887 1421 1922 1474 ό

341 1513 534 1582 Λόγος
561 1509 642 1583 ἦν
685 1513 838 1583 πρὸς
870 1516 979 1569 τὸν
1014 1515 1184 1582 Θεὸν,
1222 1515 1322 1569 καὶ
1356 1515 1503 1581 Θεὸς
1533 1511 1614 1585 ἦν
1644 1517 1678 1570 ό
1705 1516 1920 1584 Λόγος,
1948 1579 1955 1584 ,

342 1605 682 1676 βροντήσειε·
729 1609 916 1679 μήτηρ
942 1610 1054 1680 γὰρ
1083 1609 1398 1680 προσευχῆς
1430 1610 1464 1679 ή
1499 1608 1722 1680 ἡσυχία,
1751 1625 1919 1678 προσ-

344 1697 482 1768 ευκῆ
512 1697 567 1751 δὲ
592 1699 744 1762 θείας
779 1699 936 1772 δόξης
968 1701 1264 1771 ἐμφάνεια·
1293 1702 1428 1757 ὅταν
1458 1699 1570 1772 γὰρ
1602 1702 1702 1764 τὰς
1732 1700 1921 1770 αἰσθή-

341 1807 456 1854 σεις
479 1789 764 1860 μύσωμεν,
785 1793 884 1846 καὶ
905 1793 1123 1858 ἑαυτοῖς
1147 1794 1244 1849 καὶ
1268 1793 1344 1864 τῷ
1369 1793 1493 1865 Θεῷ
1524 1792 1920 1863 συγγενώμεθα

340 1885 435 1938 καὶ
471 1885 568 1953 τῆς
623 1885 825 1952 ἔξωθεν
876 1886 970 1941 τοῦ
1012 1887 1236 1958 κόσμου,
1267 1887 1579 1957 περιφορᾶς
1625 1884 1922 1956 ἐλευθερω-

339 1974 525 2039 θέντες
547 1975 699 2040 ἐντὸς
734 1962 914 2033 αὐτῶν
946 1978 1266 2049 γενώμεθα,
1295 1977 1419 2032 τότε
1452 1977 1670 2047 τρανῶς
1704 1979 1763 2030 ἐν
1793 1978 1919 2030 ἐαυ-

334 2069 448 2129 τοτς
475 2067 576 2136 τὴν
605 2067 700 2120 τοῦ
727 2068 865 2122 Θεοῦ
896 2069 1181 2137 βασιλείαν
1207 2067 1478 2139 ὀψόμεθα·
1523 2070 1596 2123 Ἠ
1623 2069 1920 2134 ,ϐασιλεία

335 2156 444 2224 γὰρ
469 2155 589 2210 τῶν
617 2157 914 2224 οὐρανῶν,
943 2159 1080 2228 ἥτις
1123 2159 1259 2215 ἐστί
1296 2160 1592 2225 βασιλεία
1623 2158 1794 2221 Θεοῦ,
1818 2160 1916 2214 ἐν·

334 2249 440 2313 τὸς
495 2248 665 2317 ἡμῶν
715 2250 908 2316 ἐστιν,
954 2250 1167 2322 Ἰησοῦς
1220 2253 1250 2306 6
1312 2237 1449 2314 Θεὸς
1495 2250 1914 2319 ἀπεφθέγξατο·

334 2340 649 2410 ἔμπροσθεν
671 2342 777 2395 τῶν
810 2341 1073 2413 μαθητῶν
1101 2343 1560 2414 μεταμορφοῦται
1584 2344 1613 2395 6
1631 2343 1718 2396 ἀεὶ
1736 2341 1916 2396 ὡσαύ-

331 2450 441 2495 τως
468 2432 859 2503 δεδοξασμένος
893 2435 989 2489 καὶ
1015 2435 1253 2506 λάμπων
1283 2436 1540 2507 ἀστραπῇ
1575 2435 1676 2505 τῆς
1721 2435 1915 2504 θεότη-

331 2541 445 2589 τος,
478 2524 730 2594 ἀνάρχως
755 2527 854 2594 μὲν
878 2529 940 2580 ἐκ
967 2529 1183 2598 Πατρὸς
1213 2526 1524 2599 γεννηθεὶς,
1554 2527 1652 2598 τὴν
1675 2527 1913 2598 φυσικὴν

331 2617 527 2670 ἀκτῖνα
566 2616 813 2688 ἄναρχον
854 2620 1122 2690 κέκτηται
1155 2621 1256 2690 τῆς
1292 2620 1581 2692 θεότητος,
1620 2621 1712 2675 καὶ
1744 2623 1777 2692 ἠ
1811 2621 1912 2690 τῆς

331 2709 583 2781 θεότητος
611 2711 739 2776 δόξα
770 2713 867 2766 καὶ
909 2711 1036 2779 δόξα
1083 2714 1177 2768 τοῦ
1217 2713 1473 2785 σώματος
1521 2715 1754 2784 γίνεται,
1791 2713 1910 2769 ἀλλ’

333 2802 546 2872 ἀφανὴς
573 2804 608 2874 ὴ
643 2803 771 2867 δόξα
804 2804 1126 2874 ὑπάρχουσα
1151 2806 1210 2860 ἐν
1237 2805 1314 2876 τῷ
1349 2807 1659 2877 φαινομένῳ
1692 2806 1908 2877 σώματι

329 2896 440 2958 τοῖς
468 2895 543 2966 μὴ
573 2895 816 2966 χωροῦσι
844 2895 917 2949 τά
953 2896 1050 2951 καὶ
1083 2898 1338 2966 ἀγγέλοις
1371 2899 1603 2965 ἀθέατα,
1635 2901 1746 2963 τοῖς
1778 2917 1909 2971 σαρ-

330 2986 427 3050 κὸς
472 2986 716 3058 δεσμίοις
753 2988 989 3059 ἀόρατος
1031 2989 1406 3060 ἐχρημάτιζε·
1451 2992 1907 3062 μεταμορφοῦται

330 3074 534 3139 τοίνυν,
571 3075 668 3146 σύχ
696 3076 724 3130 ὃ
750 3078 851 3130 οὐκ
880 3073 951 3150 ἦν
977 3079 1446 3150 προσλαϐόμενος,
1473 3079 1614 3146 οὐδὲ,
1662 3082 1742 3144 είς
1767 3080 1906 3151 ὅπερ

327 3165 427 3220 οὐκ
451 3161 520 3237 ἦν
557 3167 1054 3239 μεταϐαλλόμενος,
1089 3169 1205 3224 ἀλλ’
1233 3170 1373 3240 ὅπερ
1419 3165 1487 3242 ἦν
1535 3173 1650 3234 τοῖς
1680 3171 1904 3236 οἰκείοις

2021 697 2179 745 τονος
2213 682 2246 752 ἡ
2293 681 2602 751 ἐκνίκησις,
2648 681 2682 752 ἢ
2716 681 2778 736 τό
2820 697 2886 751 γε
2942 682 3286 755 κυριώτερον
3339 684 3539 750 είπεῖν,
3575 686 3610 755 ή

2019 773 2390 844 ἀνεκλάλητος
2444 773 2666 839 θέωσις·
2701 773 2863 830 τοῦτο
2920 775 3300 846 θαυμάζουσιν
3349 778 3601 847 ἄγγελοι,

2019 863 2181 919 τοῦτο
2229 865 2608 935 δοξολογοῦσιν
2662 867 3025 938 ἀρχάγγελοι,
3091 870 3254 922 τοῦτο
3304 871 3457 924 πᾶσα
3499 870 3613 925 τῶν

2023 957 2422 1028 ὕπερκοσμίων
2456 959 2516 1029 ήλ
2541 959 2710 1029 νοητὴ
2745 959 3141 1030 διακόσμησις,
3177 961 3362 1025 ἀΰλως
3411 962 3609 1017 ἐστιω-

2023 1049 2188 1120 μένη,
2221 1050 2526 1120 τεκμήριον
2553 1049 2955 1120 ἐναργέστατόν
2985 1068 3048 1104 τε
3073 1052 3171 1105 καὶ
3195 1051 3630 1121 ἀψευδέστατον,

2020 1140 2233 1196 τίθεται
2287 1143 2391 1213 τῆς
2449 1143 2583 1216 περὶ
2615 1144 2769 1215 ἡμᾶς
2798 1143 2894 1198 τοῦ
2949 1145 3127 1213 Λόγου
3163 1145 3608 1215 φιλανθρωπίας.

2021 1233 2137 1286 Οὐκ
2166 1232 2284 1286 ἐστι
2306 1233 2419 1287 τῶν
2448 1235 2505 1286 ἐν
2531 1236 2597 1304 τῇ
2625 1235 2806 1288 κτίσει
2839 1234 3265 1305 θεωρουμένων,
3290 1231 3334 1304 ᾧ
3365 1237 3611 1307 χωρήσει

2018 1325 2217 1379 τούτου
2272 1326 2374 1398 τὴν
2431 1326 2748 1398 ὑπερϐολὴν
2800 1326 2906 1398 τῆς
2961 1327 3390 1400 λαμπρότητος·
3444 1331 3472 1383 6
3501 1330 3611 1400 γὰρ

2022 1417 2356 1488 ὕπερούσιος
2387 1420 2468 1483 είς
2497 1418 2691 1480 οὐσίαν
2736 1419 2956 1489 ἀληθῶς
2985 1419 3159 1474 ἐλθὼν
3202 1421 3300 1474 καὶ
3342 1422 3486 1492 ὑπὲρ
3515 1423 3610 1476 ού-

2023 1507 2146 1561 σίαν
2173 1499 2481 1574 οὕσιωθεὶς,
2517 1509 2609 1563 διά
2646 1512 2853 1582 σαρκὸς
2900 1511 3033 1580 ἡμῖν
3083 1512 3497 1574 πεπολίτευται,
3550 1513 3611 1574 ὃς

2019 1598 2083 1669 δὴ
2117 1601 2211 1654 καὶ
2264 1599 2718 1672 ὑπερϐαλλόντως
2755 1605 2852 1658 ἐπὶ
2900 1604 2996 1658 τοῦ
3041 1604 3203 1674 ὅρους
3234 1603 3607 1676 ἐξήστραψεν,

2020 1691 2084 1744 οὐ
2113 1691 2236 1744 τότε
2265 1693 2565 1762 γενόμενος
2597 1692 2796 1748 ἑαυτοῦ
2835 1693 3230 1768 διαυγέστερος
3260 1695 3292 1765 ἢ
3343 1696 3610 1767 ὑψηλότε-

2023 1799 2143 1854 ρος,
2175 1785 2385 1855 ἄπαγε,
2427 1786 2543 1840 ἀλλ’
2572 1772 2711 1858 ὅπερ
2745 1788 2842 1843 καὶ
2874 1788 3144 1860 πρότερον
3195 1792 3310 1854 τοῖς
3348 1791 3609 1862 τελουμέ-

2022 1891 2134 1938 νοις
2174 1876 2282 1930 τῶν
2331 1877 2596 1948 μαθητῶν
2645 1878 2744 1933 καὶ
2803 1881 3144 1950 μυουμένοις
3185 1883 3253 1936 τὰ
3297 1882 3611 1956 ὑψηλότερα

2023 1966 2170 2021 κατά
2199 1956 2465 2040 ἀλήθειαν
2515 1971 2916 2042 θεωρούμενος·
2953 1973 3061 2038 ἔξω
3105 1973 3216 2044 γὰρ
3268 1976 3474 2044 σαρκὸς
3514 1977 3611 2029 καὶ

2023 2059 2234 2129 κόσμου
2271 2061 2580 2132 γενόμενοι,
2625 2064 2749 2116 καθ’
2781 2064 2906 2118 ὅσον
2935 2065 3192 2134 ἐφικτὸν,
3244 2066 3481 2122 ἐνταῦθα
3535 2069 3605 2122 τὰ

2019 2151 2120 2221 τῆς
2155 2152 2465 2223 μελλούσης
2499 2156 2893 2219 καταστάσεως
2923 2158 3049 2229 ἤδη,
3101 2159 3169 2224 ἐξ
3192 2151 3268 2213 ὧν
3299 2159 3603 2229 ἐπειράθη-

2021 2260 2142 2310 σαν,
2175 2244 2540 2316 ἐδιδάχθησαν
2561 2261 2578 2276 ·
2607 2247 2655 2299 εί
2688 2247 2802 2317 γὰρ
2833 2247 2928 2302 καὶ
2978 2249 3175 2321 μηδενὶ
3203 2250 3316 2303 τῶν
3346 2251 3605 2304 ἁπάντων

2019 2337 2390 2408 ἀκοινώνητόν
2416 2341 2534 2392 ἐστι
2565 2339 2799 2394 καθόλου
2827 2340 2888 2393 τὸ
2913 2341 3146 2409 ἀγαθὸν,
3168 2340 3285 2396 ἀλλ’
3311 2341 3434 2413 οὐχὶ
3459 2341 3602 2410 ὅλον,

2019 2429 2049 2484 ὃ
2077 2448 2128 2484 τι
2157 2432 2288 2486 ποτέ
2319 2434 2496 2495 ἐστιν,
2537 2431 2655 2485 ἀλλ’
2702 2434 2828 2486 ὅσον
2862 2434 2958 2486 καὶ
2990 2433 3141 2498 ὅπως
3185 2436 3300 2501 τοῖς
3343 2435 3603 2505 μετέχου-

2020 2537 2124 2587 σιν,
2161 2521 2252 2585 ὠς
2288 2522 2536 2590 ἐφικτὸν,
2589 2524 2845 2594 χωρητὸν
2898 2523 3139 2594 γίνεται,
3189 2527 3286 2580 καὶ
3333 2525 3495 2579 τοῦτο
3536 2527 3604 2579 δι’

2014 2613 2193 2684 ἄκραν
2248 2615 2568 2686 ἀγαθότητα
2618 2618 2743 2680 ταῖς
2800 2617 3201 2688 ἀπειροδὼροις
3262 2619 3603 2689 ἐλλάμψεσιν

2014 2706 2201 2759 ὁδεῦον
2253 2707 2348 2759 ἐπὶ
2383 2707 2562 2761 πάντα
2597 2691 2708 2760 καὶ
2757 2709 3154 2779 προχεόμενον.
3201 2709 3508 2776 Ἀπόδειξις
3536 2710 3600 2782 δὴ

2012 2797 2122 2851 τῶν
2151 2798 2465 2869 λεγομένων
2515 2799 2648 2853 αὐτὸ
2681 2800 2747 2854 ἂν
2787 2801 2875 2870 εἴη
2905 2801 2967 2855 τὸ
3010 2803 3290 2875 μακάριον
3323 2804 3496 2878 πάθος
3537 2803 3600 2858 τὸ

2011 2889 2412 2962 πολυύμνητον,
2441 2893 2579 2964 ὅπερ
2635 2894 2732 2947 ἐπὶ
2784 2894 2880 2948 τοῦ
2934 2895 3102 2967 ὅρους
3164 2895 3506 2950 πεπόνθασιν
3548 2898 3599 2951 οἱ

2009 2981 2323 3048 ἀπόστολοι,
2355 2983 2520 3054 ήνίκα
2543 2985 2606 3038 τὸ
2638 2986 2938 3058 ἀπρόσιτον
2975 2987 3069 3041 καὶ
3093 2988 3331 3058 ἄχρονον
3356 2989 3476 3057 φῶς
3500 2988 3602 3060 τὴν

2010 3074 2222 3128 οἰκείαν
2263 3075 2446 3146 σάρκα
2481 3079 2929 3148 μεταμορφῶσαν
2959 3079 3040 3152 τῷ
3067 3081 3465 3152 ὑπερϐάλλοντι
3498 3082 3598 3150 τῆς

2007 3165 2222 3230 οίκείας
2283 3168 2666 3238 φωτοϐλυσίας
2718 3174 3068 3244 ύπερουσίως
3115 3174 3488 3245 ἐλάμπρυνεν.
3529 3175 3596 3228 Ὢ

331 3258 604 3328 μαθηταῖς
629 3259 1056 3329 ἐμφαινόμενος,
1102 3261 1393 3330 διανοίγων
1431 3262 1640 3317 τούτων
1689 3263 1758 3318 τά
1807 3264 1908 3334 δμ-
1934 3275 1977 3332 c
2008 3257 2105 3311 τοῦ
2140 3257 2452 3330 θαύματοςί
2503 3263 2632 3318 κατ’
2659 3265 2929 3321 ἔκστασιν
2975 3265 3332 3337 τελειοτάτην
3359 3266 3460 3335 τῆς
3493 3266 3598 3336 φύ-

334 3365 480 3416 ματα
522 3350 619 3404 καὶ
663 3351 727 3404 ἐκ
769 3349 993 3420 τυφλῶν
1031 3352 1404 3423 ἐργαζόμενος
1439 3353 1760 3424 βλέποντας.
1795 3357 1906 3411 Καὶ

329 3441 488 3495 τοῦτό
536 3443 654 3496 ἐστι
698 3444 781 3498 τό·
810 3447 1248 3516 Μετεμορφώθη
1291 3447 1638 3517 ἔμπροσθεν
1666 3449 1902 3505 αὐτῶν·

334 3534 511 3604 μένων
540 3535 648 3605 γὰρ
686 3535 852 3601 αὐτὸς
878 3538 935 3590 ἐν
966 3538 1263 3609 ταυτότητι
1294 3539 1438 3610 παρὸ
1476 3540 1538 3594 τὸ
1578 3543 1711 3612 πρὶν
1751 3543 1907 3610 ἐφαί-

263 3635 265 3640 ’
331 3642 471 3691 νετο,
507 3627 695 3698 ἔτερος
719 3628 817 3683 νῦν
846 3633 960 3695 τοῖς
997 3632 1268 3703 μαθηταῖς
1305 3634 1518 3704 ἑωρᾶτο
1553 3635 1904 3707 φαινόμενος·

332 3717 436 3772 Καί
480 3717 740 3789 ἔλαμψε,
780 3722 969 3791 φησὶν,
1001 3724 1081 3791 ὡς
1117 3727 1151 3780 ό
1189 3725 1386 3793 ἣλιος,
1417 3728 1518 3798 οὐχ
1560 3728 1642 3781 ὅτι
1687 3729 1763 3799 μὴ
1810 3727 1904 3804 τοῦ

329 3809 483 3877 ὴλίου
514 3808 922 3884 λαμπρότερον,
955 3814 1242 3884 ἀμήχανον
1270 3818 1380 3886 γὰρ
1405 3817 1814 3889 ἀπαραλήπτως
1845 3807 1902 3873 ἐν

326 3903 393 3972 τῇ
427 3901 604 3956 κτίσει
635 3902 695 3955 τὸ
728 3891 989 3958 ἀκτιστον
1039 3894 1428 3974 είκονίζεῖσθαι,
1469 3903 1588 3963 ἀλλ’
1621 3909 1744 3962 ὅσον
1773 3907 1907 3980 ἐχώ-

332 4008 458 4060 ρουν
506 3991 750 4064 καθορᾷν
794 3995 845 4048 οί
901 3994 1230 4065 βλέποντες·
1283 3998 1421 4054 Θεὸν
1464 3999 1565 4069 μὲν
1596 4003 1705 4073 γὰρ
1731 4001 1904 4065 οὐδεὶς

325 4076 542 4155 ἑώρακε
571 4079 817 4151 πώποτε,
856 4086 1000 4142 καθὰ
1059 4088 1275 4158 πέφυκε
1337 4091 1578 4160 φύσεως,
1632 4092 1726 4145 καί
1763 4092 1793 4147 ὃ
1847 4091 1905 4147 δέ

327 4175 600 4246 ἐὼρακεν,
636 4178 694 4231 ἐν
727 4179 1004 4250 πνεύματι
1021 4179 1204 4263 ,τοῦτο
1247 4181 1528 4237 τεθέαται·
1563 4183 1701 4254 αὕτη
1737 4186 1772 4255 ή
1811 4187 1905 4240 ἀλ-

323 4268 540 4334 λοίωσις
571 4269 673 4341 τῆς
704 4269 888 4336 δεξιᾶς
927 4271 1025 4326 τοῦ
1085 4272 1374 4344 Ὑψίστου,
1425 4275 1604 4331 ταῦτά
1653 4279 1824 4342 ἐστιν,
1867 4277 1905 4334 ἃ

324 4362 602 4434 ὀφθαλμὸς
631 4364 734 4418 οὐκ
759 4360 869 4420 οἶδε
899 4365 996 4422 καὶ
1029 4364 1125 4433 οὕς
1157 4368 1260 4423 οὐκ
1291 4370 1495 4441 ἢκουσε
1521 4372 1618 4425 καὶ
1647 4373 1740 4426 ἐπὶ⁵
1764 4391 1904 4444 καρ-

322 4452 443 4513 δίαν
472 4454 767 4525 ἀνθρώπου
813 4455 939 4515 οὐκ,
975 4458 1146 4530 ἀνέϐη
1205 4461 1451 4516 πώποτε.
1501 4461 1692 4527 Οὕτως
1733 4465 1792 4518 ἐν
1821 4464 1904 4536 τῷ

321 4546 481 4600 αίῶνι
533 4545 613 4618 τῷ
665 4546 918 4624 μέλλοντι
978 4551 1215 4606 πάντοτε
1273 4554 1371 4607 σὺν
1423 4555 1614 4626 Κυρίῳ
1659 4555 1902 4627 ἐσόμεθα

2011 3364 2150 3410 σεως
2173 3349 2469 3404 πίπτουσιν
2499 3351 2654 3418 ὕπνῳ
2686 3353 2851 3426 βαρεῖ
2880 3355 2976 3409 καὶ
3013 3353 3165 3424 φόϐῳ
3197 3354 3594 3425 κρατούμενοι,

2011 3437 2285 3508 μύσαντες
2315 3439 2416 3505 τὰς
2446 3441 2752 3514 αίσθήσεις,
2795 3445 2986 3499 πᾶσαν
3025 3445 3220 3522 νοεράν
3249 3447 3466 3515 κίνησιν
3496 3447 3597 3500 καὶ

2007 3530 2296 3601 ἀντίληψιν
2350 3533 2633 3598 παντελῶς
2681 3536 2898 3591 ἑαυτῶν
2939 3537 3389 3602 ἀποσπάσαντες,
3441 3537 3590 3594 οὕτω

2006 3622 2152 3677 κατά
2185 3623 2276 3678 τὸν
2315 3624 2460 3679 θεῖον
2494 3628 2705 3680 ἐκεῖνον
2735 3628 2830 3683 καὶ
2862 3630 3193 3702 ὑπέρφωτον
3234 3632 3330 3706 καὶ
3365 3628 3599 3702 ἀόρατον

2005 3723 2208 3790 γνόφον
2234 3722 2312 3792 τῷ
2349 3723 2473 3793 Θεῷ
2505 3725 2881 3800 συνεγένοντο⁴
2919 3725 2998 3797 τῷ
3057 3725 3308 3797 μηδόλως
3359 3727 3494 3797 όρᾷν
3535 3727 3598 3780 τὸ

2005 3813 2176 3879 ὅντως
2205 3817 2340 3886 όρᾷν
2370 3817 2752 3890 είσδεχόμενοι
2779 3820 2874 3872 καὶ
2901 3818 2978 3889 τῷ
3011 3819 3246 3890 πάσχειν
3297 3819 3596 3888 ἀγνῶστως

2004 3908 2106 3978 τὴν
2131 3907 2256 3964 καθ’
2299 3908 2581 3981 ὑπεροχὴν
2635 3911 2917 3979 ἀγνωσίαν
2950 3911 3306 3981 ποριζόμενοι
3357 3911 3451 3964 καὶ
3491 3910 3597 3981 τὴν

2007 4000 2192 4071 πάσης
2243 4003 2440 4071 νοερᾶς
2495 4002 2825 4066 ἐπιστασίας
2864 4002 3210 4075 ὑψηλοτέραν
3249 4003 3596 4073 ἐγρήγορσιν

2007 4090 2164 4164 ὕπνῳ
2195 4094 2754 4163 μυσταγωγούμενοι,
2789 4095 2894 4160 ἔξω
2942 4097 3161 4148 πάντων
3197 4094 3452 4163 ἐγένοντο
3485 4093 3595 4145 τῶν

2004 4185 2304 4256 ὁρωμένων
2354 4203 2414 4239 τε
2451 4185 2549 4240 καὶ
2582 4187 2917 4256 νοουμένων,
2982 4186 3062 4240 ἔτι
3113 4187 3169 4240 δέ
3209 4185 3306 4240 καὶ
3355 4182 3593 4248 ἑαυτῶν,

2005 4279 2095 4332 ῖνα
2117 4277 2178 4330 τὸ
2205 4278 2390 4346 πάσης
2415 4277 2668 4343 θεὼσεώς
2702 4295 2765 4332 τε
2813 4281 2910 4335 καὶ
2959 4279 3311 4349 ἀφαιρέσεως
3360 4277 3593 4348 ἐκϐεϐη-

2006 4371 2101 4434 κὸς
2157 4369 2278 4425 καθ’
2341 4367 2624 4442 ὑπεροχὴν
2682 4371 3010 4442 ὑπερούσιον
3073 4373 3138 4441 τῇ
3194 4370 3457 4440 ἐκφάνσει
3495 4369 3592 4424 τοῦ

2006 4463 2183 4532 Λόγου
2219 4463 2316 4517 καὶ
2367 4465 2437 4534 τῇ
2499 4463 2819 4517 ἐπισκιάσει
2868 4461 2965 4516 τοῦ
2999 4463 3322 4532 Πνεύματος
3370 4461 3467 4514 καὶ
3522 4463 3590 4531 τῇ

2005 4558 2218 4614 ἄνωθεν
2248 4559 2310 4610 ἐκ
2356 4558 2458 4629 τῆς
2503 4558 2734 4628 νεφέλης
2767 4557 3051 4628 φερομένῃ
3085 4559 3235 4627 φωνῇ
3269 4554 3365 4607 τοῦ
3393 4554 3592 4623 γεννή-

320 4638 562 4709 Χριστὸν
589 4639 850 4712 ὁρῶντες,
879 4640 958 4713 τῷ
986 4644 1128 4711 φωτὶ
1163 4647 1547 4717 ἀστράπτοντα
1575 4649 1677 4717 τῆς
1709 4649 1898 4720 θεότη-
1929 4658 1976 4715 Β
2002 4671 2160 4722 τορος
2190 4652 2258 4705 δι’
2278 4649 2556 4721 ἀγνωσίας
2589 4651 2683 4705 καὶ
2713 4650 2980 4721 ἀϐλεψίας
3005 4647 3347 4704 παιδευθῶσι
3382 4647 3591 4716 μυστή-
3675 4721 3678 4724 4

319 4749 432 4814 τος,
462 4731 622 4786 τούτο
655 4735 714 4786 τὸ
750 4733 877 4802 φῶς·
899 4735 1046 4788 κατά
1087 4736 1273 4810 πάσης
1318 4739 1536 4809 φύσεως
1565 4741 1680 4812 ἔχει
1715 4743 1784 4796 τά
1813 4761 1898 4795 νι-

318 4826 580 4896 κητήρια,
616 4825 756 4898 αὕτη
785 4828 818 4897 ή
853 4827 968 4900 ζωὴ
1004 4829 1036 4900 ή
1068 4829 1161 4882 τὸν
1200 4831 1408 4900 κόσμον
1451 4833 1750 4904 νικήσασα,
1778 4833 1898 4886 ἀλλ’

263 4965 287 4996 Ι.
317 4919 347 4970 ό
377 4918 604 4989 Πέτρος,
638 4919 845 4974 Καλόν
879 4920 1056 4975 ἐστιν
1099 4921 1258 4990 ἡμᾶς
1283 4917 1400 4977 ὧδε
1448 4919 1626 4986 εῖναι,
1671 4927 1764 4978 καὶ
1808 4927 1899 4979 ἐν-

316 5009 510 5064 τεῦθεν
538 5011 758 5082 νεφέλη,
796 5013 857 5066 οὐ
890 5014 1118 5082 γνόφου,
1150 5015 1287 5068 ἀλλὰ
1316 5015 1498 5086 φωτὸς
1531 5017 1894 5084 ἐπεσκίασεν,

316 5103 379 5157 τὸ
411 5105 796 5175 κεκρυμμένον
829 5108 938 5176 γάρ
969 5106 1077 5162 ἀπὸ
1099 5107 1209 5160 τῶν
1240 5109 1457 5163 αἰώνων
1491 5111 1588 5164 καὶ
1635 5112 1744 5165 ἀπὸ
1783 5113 1896 5166 τῶν

317 5194 524 5262 γενεῶν
568 5197 872 5266 μυστήριον
908 5197 1342 5266 ἐκκαλύπτεται,
1381 5201 1534 5272 φωνὴ
1567 5203 1786 5270 Πατρὸς
1831 5205 1896 5257 ἐκ

317 5287 551 5357 νεφέλης
594 5287 686 5340 τοῦ
725 5289 1045 5359 [ίνεύματος
1089 5291 1307 5360 γέγονε,
1341 5294 1438 5345 καὶ
1469 5292 1597 5358 δόξα
1639 5293 1895 5364 διηνεκὴς

318 5377 415 5432 καὶ
467 5378 857 5444 διαιωνίζουσα
886 5381 1188 5438 δείκνυται.
1231 5384 1289 5438 ’0
1332 5385 1388 5438 δὲ
1421 5387 1664 5457 ,Κρήτης
1698 5386 1894 5438 θεσπέ-

318 5487 434 5535 σιος
479 5471 758 5544 Ἀνδρέας,
799 5493 820 5527 ι
865 5477 992 5530 Ἐπὶ
1043 5475 1104 5529 τὸ
1143 5476 1292 5548 ὅρος,
1349 5479 1558 5555 φησὶν..
1584 5478 1780 5548 ἀνάγει
1832 5481 1894 5532 τὸ

257 5622 261 5627 ,
316 5564 522 5634 ὑψηλὸν
557 5565 688 5629 τοὺς
723 5567 975 5638 μαθητὰς
1006 5570 1035 5622 6
1063 5568 1276 5640 Σωτὴρ,
1309 5568 1360 5622 τί
1391 5570 1636 5642 ποιήσων
1665 5571 1699 5642 ἢ
1729 5575 1782 5625 τί
1810 5574 1892 5626 δι-

314 5655 527 5723 δάξωνς
555 5655 669 5729 Τὴν
695 5657 1271 5730 ὕπεραστράπτουσαν
1299 5663 1645 5732 παραδείξων
1676 5664 1778 5735 τῆς
1807 5667 1893 5718 οί-

316 5748 472 5812 κείας
501 5747 756 5820 θεότητος
777 5748 938 5814 δόξαν
969 5767 1029 5804 τε
1061 5753 1156 5807 καὶ
1179 5753 1568 5825 λαμπρότητα·
1600 5753 1760 5808 τοῦτο
1784 5755 1893 5809 τοί-

317 5858 414 5895 νυν
442 5841 778 5913 ἑορτάζομεν
812 5843 1081 5916 σήμερον,
1127 5846 1228 5918 τὴν
1264 5846 1364 5919 τῆς
1400 5846 1620 5916 φύσεως
1653 5847 1852 5902 θέωσιν
1872 5886 1891 5914 ,

314 5934 412 6006 τὴν
443 5936 522 6004 είς
569 5937 628 5993 τὸ
682 5937 930 6009 κρεῖττον
961 5939 1275 6009 ἀλλοίωσιν,
1337 5940 1438 6014 τὴν
1485 5941 1581 5998 ἐπὶ
1624 5943 1694 5999 τὰ
1743 5945 1885 6018 ὑπὲρ

2007 4761 2144 4816 ριον.
2183 4763 2202 4796 ι
2242 4744 2380 4814 Περὶ
2410 4743 2505 4797 τοῦ
2534 4743 2680 4797 θείου
2711 4743 2905 4796 τούτου
2937 4741 3117 4812 φωτός
3155 4756 3322 4809 φησιν
3353 4741 3380 4792 6
3415 4738 3592 4808 μέγας

1948 4893 1955 4896 _
1999 4837 2302 4908 Γρηγὸριος
2339 4837 2366 4888 6
2395 4836 2685 4904 Θεολόγος·
2730 4853 2748 4884 ι
2785 4835 2905 4898 Φῶς
2937 4836 2969 4904 ἠ
2997 4831 3434 4903 παραδειχθείσα
3471 4830 3592 4884 0:6-

1999 4946 2100 4998 της
2130 4929 2224 4981 ἐπὶ
2244 4928 2340 4981 τοῦ
2370 4929 2534 4999 ὅρους
2564 4930 2680 4992 τοῖς
2713 4928 2988 4998 μαθηταῖς
3015 4925 3226 4996 μικροῦ.
3245 4925 3588 4995 στερροτέρα

1999 5022 2096 5074 καὶ
2147 5020 2368 5092 ὅψεως·
2411 5039 2431 5073 ι
2489 5021 2588 5074 καί
2641 5020 2831 5083 αὖθις·
2871 5038 2890 5072 ι
2927 5018 3090 5084 ’Ἥξει
3132 5018 3230 5088 μὲν
3264 5017 3341 5080 ὡς
3387 5016 3416 5069 6
3457 5017 3590 5086 ἐμὸς

1997 5113 2179 5180 λόγος,
2213 5112 2447 5175 τοιοῦτος
2468 5112 2545 5179 δέ,
2578 5108 2692 5176 οἶος
2718 5110 2881 5182 ὤφθη
2915 5113 3029 5174 τοῖς
3049 5110 3328 5181 μαθηταῖς
3358 5109 3391 5178 ἢ
3423 5125 3590 5176 παρε-

1997 5206 2209 5278 δείχθη,
2247 5205 2638 5278 ὕπερνικὼσης
2681 5206 2743 5260 τὸ
2797 5207 3028 5277 σαρκίον
3085 5205 3186 5275 τῆς
3245 5204 3519 5275 θεότητος.
3561 5221 3582 5255 ι

2011 5300 2068 5352 ’0
2100 5301 2156 5353 δὲ
2184 5300 2341 5369 ἅγιος
2379 5299 2672 5370 Μάξιμος,
2713 5318 2730 5351 ι
2773 5299 2949 5352 Τοῦτό
3002 5300 3141 5362 ἐστι,
3195 5300 3355 5368 φησὶ,
3388 5295 3450 5349 τὸ
3487 5295 3585 5348 τοῦ

1997 5391 2135 5446 Θεοῦ
2169 5390 2531 5460 Εὐαγγέλιον,
2587 5390 2856 5462 πρεσϐεία
2903 5389 3042 5444 Θεοῦ
3093 5390 3190 5444 καὶ
3235 5387 3583 5458 παράκλησις

1995 5486 2133 5556 πρὸς
2163 5485 2489 5555 ἀνθρώπους
2516 5485 2742 5555 δι’ΔΥίοῦ
2774 5485 3155 5555 σαρκωθέντος
3193 5485 3290 5536 καὶ
3317 5482 3415 5550 τῆς
3441 5482 3580 5551 πρὸς

1995 5579 2086 5632 τὸν
2123 5577 2346 5645 Πατέρα
2394 5576 2746 5647 καταλλαγῆς
2806 5578 3001 5648 μισθὸν
3054 5575 3403 5646 δωρουμένου
3464 5576 3579 5636 τοῖς

1951 5700 1975 5727 .-.
1995 5671 2346 5739 πειθομένοις
2398 5667 2548 5738 αὐτῷ
2586 5670 2688 5738 τὴν
2745 5670 3044 5739 ἀγέννητον
3076 5669 3309 5721 θέωσιν·
3344 5667 3580 5736 ἀγέννη-

1992 5779 2085 5816 τον
2120 5762 2177 5816 δέ
2203 5761 2350 5830 λέγω
2379 5759 2577 5814 θέωσιν
2609 5762 2711 5831 τὴν
2745 5763 2868 5815 κατ’
2901 5757 3041 5822 εἶδος
3076 5760 3441 5814 ἐνυπόστατον
3487 5758 3577 5814 ἐλ-

1994 5852 2224 5923 λαμψιν,
2258 5851 2380 5921 ἥτις
2411 5851 2512 5904 οὐκ
2541 5851 2654 5922 ἔχει
2689 5853 2924 5921 γένεσιν,
2973 5849 3094 5904 ἀλλ’
3125 5851 3485 5922 ἀνεπινόητον
3517 5851 3577 5905 ἐν

1993 5948 2106 6010 τοῖς
2142 5943 2318 6012 ἀξίοις
2371 5944 2707 6014 φανέρωσιν·
2751 5961 2769 5997 ι
2832 5944 2926 6002 καὶ
2974 5938 3131 6009 αὖθις
3159 5950 3171 5972 "
3211 5961 3230 5995 ι
3268 5943 3344 5996 Οὐ
3398 5943 3568 5999 πᾶσαι
