4046 6486
425 439 563 506 1247

1430 386 1646 503 ΙΟΑΝ.
1680 386 1993 500 CALECE
2027 438 2137 503 cp.
2171 439 2707 506 mmmam/1;

3562 440 3701 510 1⁵248

421 557 514 611 ἀεὶ
551 553 692 626 μετὰ
719 553 900 625 δόξης.
932 554 1123 626 φησὶν.
1171 553 1200 607 6
1252 550 1459 623 Κύριος
1510 551 1864 620 ἐπιφαίνεται
1899 552 2017 617 τοῖς
2047 553 2222 623 Ατῆς
2280 554 2425 626 ὑπὲρ
2471 554 2601 609 νοῦν
2645 553 2897 620 ένώσεως
2949 557 3010 610 έν
3065 559 3184 620 ταῖς
3234 555 3342 610 τῶν
3383 556 3705 628 ὑπερφανῶν

424 649 560 718 παρ’
590 647 741 718 αὑτῷ
771 645 1125 717 ἱσταμένοις,
1171 643 1310 699 ἀλλά
1336 645 1453 706 τοῖς
1493 644 1598 714 μὲν
1630 643 2016 713 εἰσαγομένοις

426 739 486 793 ἐν
527 738 715 792 δούλου
769 739 956 808 μορφῇ
1001 734 1392 806 παραγίνεται,
1433 737 1547 800 τοῖς
1581 734 1638 789 δὲ
1689 733 2025 803 δυναμένοις

427 831 794 901 ἀκολουθῆσαι
845 829 997 900 αὐτῷ
1057 829 1152 884 ἐπὶ
1199 828 1263 883 τὸ
1293 827 1497 899 ὑψηλὸν
1531 826 1890 882 ἀναϐαίνοντι
1920 828 2022 896 τής

427 920 594 976 αὑτοῦ
629 921 1124 990 μεταμορφώσεως
1157 919 1284 991 ὅρος
1306 920 1370 973 ἐν
1403 921 1588 990 μορφῇ
1617 917 1755 971 Θεοῦ
1799 917 2024 986 ἐπιφαί-

431 1033 607 1080 νεται,
631 1015 692 1068 ὲν
787 1013 1006 1084 ὑπῆρχε
1033 1013 1141 1086 ’πρὸ
1170 1012 1265 1067 τοῦ
1298 1014 1392 1068 τὸν
1417 1015 1628 1083 κόσμον
1651 1008 1819 1069 εῖναι.
1864 1032 1882 1066 ι
1913 1013 2032 1067 Καὶ

430 1107 602 1160 πάλιν
635 1107 664 1160 6
693 1106 879 1172 αὐτὸς,
910 1123 933 1160 ι
973 1105 1047 1160 Τὸ
1073 1105 1215 1176 φῶς,
1259 1106 1420 1176 φησὶ,
1449 1103 1550 1159 τοῦ
1576 1104 1876 1176 προσώπου
1914 1106 2030 1160 Κυ-

436 1197 555 1269 ρίου
602 1198 665 1252 τὸ
723 1199 959 1268 νικῆσαν
1005 1197 1106 1267 τῆς
1163 1197 1519 1266 ἀνθρωπίνης
1576 1196 1890 1267 αἰσθήσεως
1928 1199 2032 1268 τὴν

432 1290 724 1360 ἐνέργειαν
754 1289 846 1344 τὸν
876 1290 1090 1362 τρόπον
1110 1289 1369 1344 διετύπου
1402 1290 1516 1354 τοῖς
1551 1287 1848 1359 μακαρίοις
1890 1289 2031 1346 ἀπο-

434 1380 648 1445 στόλοις
675 1379 776 1450 τῆς
803 1381 949 1435 κατά
971 1380 1252 1448 ἀπόφασιν
1281 1378 1555 1451 μυστικῆς
1578 1379 1880 1448 θεολογίας,
1904 1378 2029 1433 καθ’

433 1473 503 1546 ἢν
564 1474 597 1542 ἡ
659 1473 914 1544 μακαρία
957 1472 1054 1526 καὶ
1103 1472 1236 1542 ἁγία
1265 1474 1460 1544 θεότης
1496 1472 1619 1527 κατ’
1645 1473 1844 1527 οὐσίαν
1880 1473 2033 1527 ἐστὶν

435 1565 823 1637 ὑπεράρρητος
847 1567 944 1621 καὶ
973 1565 1400 1637 ὑπεράγνωστος
1437 1566 1536 1620 καὶ
1561 1565 1744 1636 πάσης
1770 1566 2035 1636 ἀπειρίας

437 1659 743 1728 ἀπειράκις
773 1657 1126 1732 ἐξῃρημένη,
1159 1655 1270 1712 οὐδ’
1305 1657 1454 1728 τχνος
1497 1657 1636 1722 ὅλως
1667 1656 2032 1728 καταλήψεως

441 1748 547 1803 κάν
575 1746 734 1819 ψιλὸν
758 1749 871 1812 τοῖς
903 1748 1025 1819 μετ’
1047 1748 1222 1820 αὑτὴν
1248 1747 1632 1816 καταλείψασα
1647 1764 1662 1779 °
1697 1748 1756 1802 Ὀ
1777 1749 1890 1813 τοῖς
1913 1743 2034 1801 οὖσι

440 1843 572 1912 γάρ,
608 1844 777 1912 φησιν
812 1840 841 1893 ό
884 1841 1077 1904 αὑτὸς,
1111 1839 1189 1912 μὴ
1219 1840 1342 1895 κατ’
1376 1840 1569 1894 οὑσίαν
1610 1839 1873 1912 ὑπάρχων
1904 1839 2038 1908 μεθ-

442 1931 628 1998 εκτὸς,
659 1931 782 1985 κατ’
810 1931 971 1986 ἄλλον
1012 1930 1072 1985 δὲ
1125 1931 1334 2002 τρόπον
1364 1930 1700 2003 μετέχεσθαι
1739 1933 1852 1995 τοῖς
1881 1930 2037 1984 δυνα-

448 2025 633 2094 μένοις
675 2024 1008 2096 βουλόμενος
1051 2024 1148 2079 τοῦ
1194 2023 1319 2080 κατ’
1345 2024 1540 2079 οὐσίαν
1573 2023 1808 2093 κρυφίου
1837 2039 2037 2076 παντε-

441 2119 552 2184 λῶς
578 2120 679 2172 οὐκ
708 2118 1014 2186 ἐξίσταται,
1068 2117 1233 2172 όπότε
1279 2118 1376 2172 καὶ
1410 2115 1575 2180 αὑτὸς
1597 2119 1626 2170 6
1654 2117 1880 2185 τρόπος,
1913 2115 2039 2169 καθ’

442 2212 503 2266 ὃν
533 2211 707 2266 θέλων
742 2211 1058 2283 μετέχεται,
1105 2210 1260 2280 μένει
1289 2207 1560 2280 διηνεκῶς
1590 2210 1704 2272 τοῖς
1743 2210 1910 2262 πᾶσιν
1935 2210 2034 2262 ἀν-

446 2304 737 2375 έκφαντος.
779 2322 801 2355 ι
839 2304 978 2373 Φησὶ
1023 2302 1083 2356 δὲ
1131 2301 1228 2356 καὶ
1259 2303 1287 2356 6
1331 2302 1512 2372 μέγας
1555 2301 1880 2364 Βασίλειος⁹
1911 2319 1930 2353 ι
1969 2300 2043 2354 Τὸ

449 2396 678 2467 Πνεῦμα
709 2396 771 2450 τὸ
794 2396 971 2466 ἀγιον,
1012 2397 1311 2468 ἀπρόσιτον
1355 2397 1421 2466 τῇ
1470 2396 1660 2465 φύσει,
1695 2395 1945 2468 χωρητὸν
1975 2395 2044 2448 δι’

449 2489 791 2561 ἀγαθότητα,
825 2489 1005 2543 πάντα
1037 2488 1139 2558 μὲν
1175 2487 1424 2561 πληροῦν
1464 2491 1532 2558 τῇ
1558 2488 1811 2558 δυνάμει,
1861 2487 2046 2559 μόνοις

447 2583 505 2638 δὲ
533 2581 598 2636 δν
623 2581 890 2651 μεθεκτὸν
916 2582 1028 2645 τοῖς
1054 2579 1250 2646 ἀξίοις,
1273 2581 1374 2650 οὑχ
1401 2579 1484 2634 ένὶ
1515 2580 1703 2651 μέτρῳ
1738 2579 2048 2650 μετεχόμε-

450 2692 563 2742 νον,
603 2673 743 2728 ἀλλά
770 2674 913 2728 κατά
934 2673 1235 2741 ἀναλογίαν
1280 2672 1382 2742 τῆς
1408 2672 1649 2742 πίστεως
1679 2670 1925 2742 διαιροῦν
1949 2670 2048 2741 τὴν

450 2767 760 2836 ἐνέργειαν,
793 2764 1004 2820 ἁπλοῦν
1035 2767 1105 2836 τῇ
1140 2765 1324 2836 οὑσίᾳ,
1359 2764 1610 2818 ποικίλον
1657 2765 1780 2828 ταῖς
1814 2763 2050 2835 δυνάμει-

453 2877 564 2923 σιν,
597 2855 721 2913 ὅλὸν
752 2859 974 2930 ἐκάστῳ
1005 2856 1184 2930 παρὸν
1210 2861 1306 2913 καὶ
1334 2857 1455 2911 ὅλον
1481 2855 1766 2926 πανταχοῦ
1799 2855 1878 2923 ὃν,
1905 2856 2050 2912 ἀπα-

453 2951 566 3014 θῶς
597 2950 960 3021 μεριζόμενον
1000 2949 1096 3004 καὶ
1123 2948 1430 3018 ὁλοσχερῶς
1471 2949 1861 3020 μετεχόμενον,
1905 2948 2050 3002 κατά

455 3043 559 3113 τὴν
589 3042 774 3096 εἰκόνα
803 3043 902 3113 τῆς
936 3042 1173 3113 ἡλιακῆς
1223 3042 1476 3104 ἀκτῖνος,
1527 3042 1622 3094 καὶ
1667 3039 1889 3112 ἑκάστῳ
1940 3039 2051 3094 τῶν

453 3135 725 3190 δεκτικῶν
786 3134 864 3198 ώς
925 3133 1075 3205 μόνῳ
1127 3134 1328 3206 παρὸν,
1361 3132 1582 3204 διαρκεῖ
1612 3133 1727 3198 τοῖς
1767 3133 1906 3187 πᾶσι
1951 3133 2050 3201 τὴν

2124 647 2364 702 ἀκτίνων
2422 647 2727 716 ἀγνώστοις
2789 649 2887 703 καὶ
2944 650 3251 721 μακαρίαις
3306 650 3584 714 ἐπιϐολαῖς
3642 652 3704 705 ἐν

2123 739 2379 812 θειοτέρα
2429 741 2666 810 μιμήσει
2698 740 2810 795 τῶν
2834 741 3249 813 ὑπερουρανίων
3288 743 3440 798 νόων.
3477 763 3494 796 ι
3529 743 3636 799 Καὶ
3671 745 3704 796 6

2127 833 2306 902 μέγας
2332 833 2638 898 Βασίλειος,
2669 849 2688 885 ι
2730 827 2937 889 Ἀθλον
2964 834 3095 906 γὰρ,
3124 837 3314 906 φησιν,
3342 836 3543 906 ἀρετῆς
3566 837 3706 889 Θεὸν

2125 924 2381 992 γενέσθαι
2433 925 2530 978 καὶ
2569 923 2648 993 τῷ
2686 924 3069 998 καθαρωτάτῳ
3111 927 3253 996 φωτὶ
3295 926 3703 997 καταστράπτε-

2129 1014 2275 1080 σθαι,
2311 1016 2524 1088 ἡμέρας
2567 1017 2787 1088 ἐκείνης
2821 1018 2938 1072 υίὸν
2967 1019 3282 1088 γενόμενον,
3333 1019 3366 1090 ἢ
3413 1019 3486 1089 μὴ
3521 1019 3706 1073 διακό-

2128 1124 2325 1164 πτεται
2372 1109 2557 1180 ζόφῳ·
2595 1110 2756 1174 ἀλλος
2805 1110 2918 1181 γάρ
2965 1110 3176 1181 ταύτην
3220 1112 3366 1165 ποιεῖ
3387 1111 3557 1182 ἥλιος.
3585 1115 3612 1165 6
3643 1113 3704 1164 τὸ

2129 1199 2388 1271 ἀληθινὸν
2420 1201 2542 1272 φῶς
2567 1202 3010 1273 ἀπαστράπτων’,
3037 1202 3118 1266 ὃς,
3148 1201 3374 1257 ἐπειδὰν
3407 1201 3552 1269 ἅπαξ
3587 1205 3703 1255 ἐπι-

2131 1291 2321 1364 φαύσῃ
2365 1295 2524 1364 ἡμῖν,
2568 1294 2755 1349 οὐκέτι
2804 1298 2866 1349 ιν
2913 1295 3151 1364 δυσμαῖς
3208 1295 3534 1364 κρύπτεται,
3570 1294 3704 1349 ἀλλά

2133 1386 2312 1442 πάντα
2341 1389 2409 1458 τῇ
2443 1391 2752 1460 φωτιστικῇ
2788 1389 2989 1445 ἐαυτοῦ
3019 1390 3252 1460 δυνάμει
3305 1389 3707 1459 περιπτυξάμε·

2137 1493 2320 1546 μενος,
2381 1478 2634 1547 διηνεκὲς
2690 1479 2786 1532 καὶ
2836 1479 3120 1549 ἀδιάδοχον
3149 1479 3261 1540 τοῖς
3289 1477 3459 1543 ἀξίοις
3500 1477 3558 1530 τὸ
3591 1478 3708 1546 φῶς

2135 1565 2382 1636 ἐμποιεῖ,
2435 1568 2531 1620 καὶ
2571 1567 2776 1627 αὐτοὺς
2826 1568 2955 1632 τοὺς
3002 1568 3328 1638 μετέχοντας
3381 1566 3476 1620 τοῦ
3532 1567 3708 1635 φωτὸς

2134 1657 2351 1712 ἐκείνου
2408 1658 2605 1724 ἀλλους
2657 1660 2847 1732 ἡλίους
2889 1662 3373 1732 ἀπεργαζόμενος·
3413 1662 3545 1717 Τότε
3582 1662 3710 1730 γὰρ.

2139 1745 2294 1813 φησὶ,
2324 1745 2423 1800 καὶ
2455 1749 2517 1801 οἱ
2530 1747 2754 1804 δίκαιοι
2801 1751 3235 1821 ἐκλάμψουσιν
3275 1752 3356 1818 ὡς
3396 1754 3428 1806 ό
3463 1752 3647 1818 ἣλιος.
3687 1771 3707 1798 ι

2139 1836 2251 1892 Καὶ
2296 1839 2325 1891 6
2355 1838 2500 1902 θεῖος
2541 1840 2832 1912 Μάξιμοςο
2877 1861 2897 1896 ι
2950 1843 3015 1897 Ἦ
3044 1844 3191 1915 ψυχὴ
3230 1845 3440 1912 γίνεται
3478 1843 3606 1904 Θεὸς
3643 1846 3715 1913 τῇ

2149 1927 2369 1999 μεθέξει
2393 1930 2492 2001 τῆς
2514 1931 2703 2003 θεῖκῆς
2727 1935 2950 2005 χάριτος
2980 1936 3172 1990 πασῶν
3197 1936 3307 1991 τῶν
3339 1936 3478 1990 κατά
3510 1935 3631 1988 νοῦν
3656 1951 3722 1989 τι

2149 2022 2238 2077 καὶ
2261 2022 2516 2094 αἴσθησιν
2547 2026 2868 2096 ἐνεργειῶν,
2894 2029 3032 2099 αὐτῇ
3064 2028 3141 2083 δὲ’
3157 2030 3480 2099 παυσαμένῃ
3506 2027 3599 2082 καὶ
3620 2026 3721 2092 τὰς

2147 2113 2241 2168 τοῦ
2294 2115 2548 2186 σώματος
2588 2119 3065 2176 συναποπαὺσασα
3120 2122 3359 2191 φυσικὰς
3420 2117 3719 2189 ἐνεργείας.

2151 2209 2546 2274 συνθεωθέντος
2608 2211 2748 2283 αὑτῇ
2806 2212 2951 2268 κατά
2993 2212 3095 2285 τὴν
3151 2213 3519 2282 ἀναλογοῦσαν
3569 2211 3722 2282 αὑτῷ

2154 2302 2375 2373 μέθεξιν
2429 2304 2532 2374 τῆς
2583 2303 2860 2370 θεώσεως,
2909 2305 3049 2360 ῶστε
3080 2306 3240 2376 μόνον
3263 2307 3353 2360 τὸν
3381 2306 3513 2360 Θεὸν
3549 2305 3634 2360 διά
3660 2319 3723 2357 τε

2152 2399 2251 2467 τῆς
2280 2395 2462 2467 ψυχῆς
2493 2398 2588 2450 καὶ
2617 2397 2713 2451 τοῦ
2749 2397 3005 2467 σώματος
3047 2398 3170 2452 τότε
3217 2397 3526 2466 φαίνεσθαι,
3570 2414 3725 2466 νικη-

2155 2489 2358 2543 θέντων
2385 2489 2562 2542 αὑτῶν
2592 2491 2658 2560 τῇ
2694 2491 2969 2562 ὑπερϐολῇ
3017 2490 3115 2559 τῆς
3145 2488 3304 2559 δόξης
3333 2489 3442 2541 τῶν
3483 2487 3720 2555 φυσικῶν

2153 2582 2575 2656 γνωρισμάτων.
2605 2601 2625 2636 ι
2664 2583 2819 2637 Καὶό
2846 2585 3022 2654 μέγας
3063 2583 3337 2646 Διονύσιος
3359 2599 3373 2613 °
3409 2600 3429 2636 ι
3459 2580 3720 2649 Οὐδεμίαν

2154 2673 2374 2745 ὁρῶμεν
2411 2673 2610 2728 θέωσιν
2643 2673 2676 2744 ἢ
2708 2672 2880 2746 ζωὴν,
2905 2673 3030 2746 ἥτις
3057 2673 3306 2745 ἀκριϐῶς
3338 2674 3584 2744 ἐμφερής
3609 2675 3727 2726 ἐστι

2155 2770 2223 2839 τῇ
2259 2768 2478 2822 πάντων
2519 2767 2900 2841 ὑπερκειμένῃ
2926 2768 3078 2838 αἰτίᾳ
3099 2783 3114 2798 ο
3155 2786 3176 2821 ι
3218 2768 3316 2822 καὶ
3346 2769 3373 2820 6
3402 2767 3564 2829 αὐτὸς
3592 2767 3727 2836 ἐρω-

2155 2860 2402 2931 τώμενος
2436 2863 2464 2915 6
2495 2860 2718 2916 πάντων
2745 2863 3010 2915 ἐπέκεινα
3039 2861 3178 2933 ὑπὲρ
3202 2861 3462 2932 θεαρχίαν
3489 2861 3603 2914 ἐστὶ
3635 2858 3729 2911 καὶ

2160 2951 2301 3021 ὑπὲρ
2329 2951 2704 3023 ἀγαθαρχίαν,
2744 2970 2763 3004 ι
2811 2952 2876 3006 El
2917 2950 3170 3021 θεότητα,
3200 2951 3353 3021 φησι,
3398 2949 3494 3004 καὶ
3535 2948 3728 3015 ἀγαθό-

2157 3059 2301 3114 τητα
2333 3044 2584 3114 νοήσαις,
2615 3041 2750 3096 αὑτὸ
2772 3042 2835 3096 τὸ
2872 3043 3062 3114 χρῆμα
3091 3040 3188 3095 τοῦ
3214 3038 3535 3110 ἀγοθοποιοῦ
3563 3038 3730 3108 δώρου

2159 3136 2257 3190 καὶ
2277 3136 2338 3190 τὸ
2367 3135 2648 3206 ἀμίμητον
2679 3135 2909 3207 μίμημα
2933 3135 3027 3190 τοῦ
3049 3134 3316 3204 ὑπιρθέου
3343 3132 3438 3186 καὶ
3462 3131 3732 3200 ὑπεραγά-

455 3230 642 3300 χάριν,
692 3229 790 3281 καὶ
817 3226 1118 3297 ὁλόκληρον
1165 3226 1459 3296 ἐπαφίησι.
1493 3243 1511 3276 ι
1552 3224 1666 3279 Καὶ
1690 3224 1856 3280 πάλιν
1877 3241 1893 3256 ο
1931 3244 1950 3276 ι
1985 3225 2055 3278 Αἱ
2079 3263 2124 3320 C
2162 3226 2278 3294 οου,
2306 3226 2446 3280 καθὸ
2472 3225 2749 3297 θεοὺμεθα
2796 3227 2893 3280 καὶ
2944 3221 3356 3312 ἀγαθυνόμεθα,
3393 3222 3487 3276 καὶ
3526 3223 3654 3291 γὰρ,
3684 3219 3732 3272 εί

460 3320 564 3392 μὲν
591 3319 866 3391 ἐνέργειαι
912 3318 1010 3373 τοῦ
1046 3316 1181 3372 Θεοῦ
1209 3317 1535 3394 ποικίλαι,ἡ
1577 3315 1635 3370 δὲ
1674 3315 1834 3370 οὐσία
1872 3315 2041 3386 ἀπλῆ,

457 3415 624 3484 ἡμεῖς
652 3412 710 3467 δὲ
741 3414 806 3466 ἐκ
858 3411 967 3466 τῶν
1013 3413 1312 3483 ἐνεργειῶν
1341 3411 1636 3483 γνωρίζειν
1674 3411 1912 3480 λέγομεν
1957 3411 2050 3463 τὸν

457 3506 616 3573 Θεὸν,
636 3508 704 3576 τῇ
731 3505 789 3560 δὲ
825 3503 987 3578 οὐσίᾳ
1009 3505 1176 3561 αὑτοῦ
1205 3503 1596 3577 προσεγγίζειν
1625 3504 1727 3574 οὑχ
1755 3502 2052 3575 ὑπισχνοῦ-

462 3600 638 3673 μεθα’
669 3601 726 3654 αί
751 3599 852 3670 μὲν
873 3600 984 3672 γὰρ
1020 3600 1297 3672 ἐνέργειαι
1328 3598 1499 3653 αὑτοῦ
1542 3599 1681 3670 πρὸς
1709 3599 1861 3671 ἡμᾶς
1889 3615 2056 3653 κατα-

458 3693 762 3758 ϐαίνουσιν,
804 3692 839 3764 ἡ
867 3692 926 3746 δὲ
957 3691 1120 3746 οὐσία
1152 3691 1324 3757 αὑτοῦ
1357 3691 1510 3761 μένει
1549 3689 1877 3762 ἀπρόσιτος.
1900 3707 1919 3743 ι
1952 3687 2058 3743 O6-

458 3805 539 3842 τω
595 3785 705 3858 γὰρ
755 3787 850 3839 καὶ
889 3786 918 3839 6
958 3785 1136 3855 μέγας
1177 3784 1503 3849 Ἀθανάσιος
1553 3783 1724 3853 λέγει,
1759 3783 1842 3837 ὄτι
1881 3782 2058 3846 οὐδεὶς

459 3880 767 3952 ἀνθρώπων
797 3878 1026 3934 δύναται
1053 3877 1192 3933 Θεοῦ
1234 3878 1426 3932 οὑσίαν
1469 3877 1686 3948 γυμνὴν
1737 3875 1870 3930 ἰδεῖν
1901 3875 2058 3929 066a-

463 3975 592 4046 μοῦ,
639 3973 764 4029 ὅθεν
829 3973 1122 4044 πρόδηλον,
1171 3972 1256 4027 ὅτι
1289 3973 1350 4026 οὑ
1410 3973 1511 4044 τὴν
1554 3971 1747 4026 οὐσίαν
1792 3969 1889 4025 τοῦ
1917 3970 2057 4024 Θεοῦ

461 4067 693 4122 ἔϐλεπον
723 4067 774 4120 οἱ
815 4067 985 4136 ἅγιοι,
1018 4065 1158 4120 ἀλλὰ
1194 4065 1296 4128 τὴν
1326 4064 1511 4131 δόξαν,
1540 4064 1616 4128 ὡς
1651 4063 1750 4119 καὶ
1783 4062 1916 4134 περὶ
1949 4062 2060 4116 τῶν

461 4159 785 4214 ἀποστόλων
821 4159 1156 4230 γέγραπται,
1189 4157 1273 4212 ὅτι
1312 4157 1860 4232 διαγρηγορήσαντες
1901 4157 1929 4209 6
1957 4155 2059 4208 Πέ-

460 4270 592 4322 τρος
612 4254 707 4308 καὶ
731 4251 780 4304 οῑ
816 4253 914 4306 σὺν
941 4250 1091 4321 αὐτῷ
1111 4247 1255 4304 εἶδον
1294 4250 1394 4323 τὴν
1426 4250 1584 4317 δόξαν
1618 4249 1810 4316 αὑτοῦ,
1835 4248 1928 4302 καὶ
1967 4246 2064 4302 αὒ-

465 4346 550 4408 θις
603 4345 632 4398 6
681 4343 866 4407 αὑτὸς.
902 4342 1170 4413 ’Δπαθὴς,
1221 4343 1381 4414 φησὶ,
1408 4343 1505 4397 καὶ¹
1537 4343 1597 4394 ἐν
1627 4343 1741 4404 τοῖς
1771 4338 2061 4410 παθήμασι

464 4439 566 4508 τῆς
595 4435 800 4508 σαρκὸς
828 4438 856 4491 6
890 4435 1132 4506 Χριστὸς
1161 4435 1238 4501 ώς
1268 4436 1404 4500 Θεὸς
1435 4435 1670 4505 νικήσας
1704 4431 1940 4486 θάνατον
1966 4429 2062 4483 καὶ

443 4531 706 4594 ἀναστὰς
736 4531 802 4602 τῆ
836 4531 994 4603 τρίτῃ
1026 4530 1213 4601 ἡμέρᾳ
1258 4529 1356 4586 καὶ
1392 4526 1638 4588 ἀνελθὼν
1662 4526 1744 4589 είς
1776 4524 1869 4578 τὸν
1898 4523 2063 4596 οὐρα-

2161 3321 2322 3376 τοῦτο
2365 3321 2511 3393 ἀρχὴ
2565 3321 2775 3392 γίνεται
2815 3320 2914 3375 τοῦ
2949 3319 3205 3375 θεοῦσθαι
3248 3319 3342 3374 καὶ
3373 3316 3735 3388 ἀγαθύνεσθαι

2162 3414 2273 3476 τοῖς
2308 3410 2622 3483 θεουμένοις
2657 3412 2754 3466 καὶ
2781 3411 3233 3481 ἀγαθυνομένοις,
3265 3410 3294 3462 6
3339 3409 3517 3478 πάσης
3562 3407 3733 3478 ἀρχῆς

2163 3503 2498 3575 ὑπεράρχιος
2546 3502 2640 3558 καὶ
2692 3503 2792 3573 τῆς
2839 3501 2984 3555 οὕτω
3016 3500 3317 3570 λεγομένης
3355 3499 3599 3566 θεότητος
3642 3497 3734 3550 καὶ

2162 3598 2526 3669 ἀγαθότητος,
2560 3596 2636 3660 ὡς
2667 3596 2926 3667 θεαρχίας
2955 3595 3050 3650 καὶ
3075 3592 3419 3664 ἀγαθαρχίας
3448 3592 3596 3647 ἐστὶν
3616 3589 3737 3642 έπέ-

2163 3707 2345 3745 κεινα.
2375 3708 2394 3744 ι
2424 3689 2534 3743 Καὶ
2563 3690 2592 3743 6
2619 3687 2845 3758 Νύσσης
2879 3687 3024 3753 θεῖος
3050 3687 3370 3759 Γρηγόριος,
3405 3703 3424 3737 ι
3459 3685 3521 3738 El
3553 3682 3645 3736 καὶ
3667 3679 3735 3735 τά

2165 3783 2417 3854 κρίματα
2471 3780 2664 3849 αὑτοῦ,
2721 3781 2911 3851 φησὶν,
2940 3779 3366 3852 ἐξερευνηθῆναι
3414 3777 3474 3832 οὐ
3515 3775 3736 3831 δύναται

2167 3879 2264 3934 καὶ
2294 3876 2351 3930 αἱ
2383 3875 2494 3930 ὁδοὶ
2523 3874 2625 3928 οὑκ
2657 3873 3058 3945 ἐξιχνιάζονται
3084 3875 3180 3928 καὶ
3207 3873 3240 3942 ἡ
3268 3871 3378 3925 τῶν
3399 3869 3614 3939 ἀγαθῶν
3644 3867 3737 3919 ἐπ-

2165 3965 2396 4035 αγγελία
2461 3966 2642 4036 πάσης
2695 3964 3024 4034 ὑπέρκειται
3095 3964 3198 4034 τῆς
3258 3962 3368 4016 ἀπὸ
3424 3956 3742 4030 στοχασμῶν

2167 4059 2443 4128 εἰκασίας,
2475 4059 2627 4130 πόσῳ
2650 4056 2855 4128 μᾶλλον
2876 4056 2955 4127 τῷ
2982 4057 3169 4128 μέτρῳ
3203 4055 3343 4108 κατά
3374 4053 3436 4108 τὸ
3467 4049 3739 4122 ἀφραστόν

2167 4170 2228 4207 τε
2278 4153 2374 4210 καὶ
2425 4148 2884 4222 ἀπροσπέλαστον
2941 4149 3056 4204 ἄνω
3105 4148 3226 4202 ἐστὶ
3277 4148 3374 4201 καὶ
3414 4142 3738 4214 ὑψηλότερον

2168 4245 2302 4301 αὑτὸ
2323 4246 2385 4300 τὸ
2411 4244 2557 4299 θεῖον
2585 4245 2697 4299 τῶν
2721 4245 2851 4314 περὶ
2881 4242 3014 4298 αὑτὸ
3049 4241 3390 4312 νοουμένων;
3415 4257 3435 4292 1
3475 4235 3629 4290 Ἀλλὰ
3646 4235 3738 4286 καὶ

2168 4341 2198 4393 6
2220 4339 2362 4404 θεῖος
2401 4339 2660 4411 Ἰωάννης
2685 4339 2715 4392 6
2747 4337 3110 4408 Δαμασκηνὸς
3149 4333 3313 4390 πάλιν
3355 4335 3414 4387 ἐν
3439 4336 3549 4395 τοῖς
3582 4329 3741 4400 ἱεροῖς

2172 4431 2396 4501 μέλεσιν
2417 4445 2431 4460 ⁸
2475 4448 2495 4483 ι
2529 4429 2651 4483 Ἵνα
2693 4445 2787 4483 σου
2809 4427 2994 4500 δείξῃς
3029 4425 3289 4497 ἐμφανῶς
3316 4424 3416 4495 τὴν
3440 4423 3741 4494 ἀπόρρητον

2169 4524 2432 4596 δευτέραν
2478 4521 2805 4588 κατάϐασιν,
2845 4523 2994 4585 ὅπως
3018 4521 3047 4574 6
3086 4519 3310 4590 ὕψιστος
3361 4518 3495 4582 Θεὸς
3537 4513 3741 4583 ὀφθήσῃ

465 4628 559 4680 νὸν
581 4627 641 4680 ἐν
670 4624 801 4699 δόξῃ
834 4627 1042 4698 φυσικῇ
1076 4625 1174 4680 καὶ
1197 4624 1300 4678 οὑκ
1333 4624 1393 4677 ἐν
1437 4624 1626 4692 χάριτι
1673 4618 1974 4691 ἐρχόμενος
2004 4619 2063 4670 ὲν
2101 4636 2140 4692 ι)
2172 4615 2346 4677 ἑστὼς
2403 4616 2462 4669 ἐν
2516 4614 2671 4685 μέσῳ
2725 4612 2891 4676 θεῶν.
2924 4613 3038 4675 τοῖς
3071 4610 3396 4674 ἀποστόλοις
3440 4609 3498 4662 ὲν
3551 4602 3742 4699 Θαϐώρ

465 4722 535 4790 τῇ
584 4719 752 4774 αὑτοῦ
805 4719 1043 4792 θεότητι,
1100 4718 1364 4790 ἐμφανῶς
1415 4715 1721 4787 ἐκλάμπων
1763 4715 1828 4768 ἐκ
1871 4711 1968 4767 τοῦ
2002 4713 2068 4766 ἐκ

466 4812 690 4881 Μαρίας
747 4813 1006 4884 σώματος
1054 4813 1222 4867 αὑτοῦ
1277 4810 1372 4864 τοῦ
1421 4810 1578 4879 ἁγίου
1623 4807 1728 4879 τὴν
1765 4805 1926 4874 δόξαν
1969 4806 2069 4875 τὴν

467 4906 804 4978 ἀπόρρητον,
833 4908 910 4970 ώς
939 4906 1036 4961 καὶ
1058 4907 1151 4960 ἐπὶ
1180 4905 1275 4960 τοῦ
1301 4905 1464 4977 ὄρους
1486 4904 1690 4968 ἔδειξεν
1707 4903 1816 4956 ἀπὸ
1841 4899 2066 4971 μέρους,

465 4997 739 5049 διδάσκων
778 4997 955 5067 ἡμᾶς,
1001 4996 1086 5050 ὅτι
1121 4997 1218 5050 καὶ
1269 4996 1543 5066 πρότερον
1590 4994 1686 5048 καὶ
1718 4995 1814 5048 νῦν
1843 4997 1873 5049 6
1905 4989 2068 5052 αὑτός

468 5091 622 5142 ἐστιν
662 5090 1026 5153 ἀναλλοίωτος
1059 5088 1136 5143 ὢν
1171 5090 1266 5143 καὶ
1297 5088 1604 5160 μεταϐολὴν
1636 5087 1899 5156 οὐδεμίαν
1929 5085 2070 5155 ἔχων

470 5181 603 5251 περὶ
657 5179 755 5250 τὴν
791 5181 1046 5251 θεότητα.
1088 5180 1252 5236 Οῦτω
1305 5181 1401 5232 καὶ
1456 5181 1484 5231 6
1547 5179 1724 5247 μέγας
1788 5176 2068 5238 Διόνυσος,

477 5293 496 5325 ι
523 5275 699 5329 Ὅταν
749 5273 1044 5344 ἄφθαρτοι,
1088 5272 1247 5343 φησὶ,
1291 5271 1387 5325 καὶ
1436 5271 1703 5325 ἀθάνατοι
1753 5269 2068 5340 γενώμεθα,

474 5363 570 5440 καὶ
599 5362 701 5434 τῆς
723 5363 1113 5440 Χριστοειδοῦς
1146 5363 1243 5417 καὶ
1281 5361 1715 5432 μακαριωτάτης
1746 5360 2072 5431 ἐφικώμεθα

470 5432 703 5525 λήξεως,
727 5432 967 5510 πάντοτε
1002 5432 1100 5509 σῦν
1121 5456 1310 5526 Κυρίῳ
1343 5455 1483 5509 κατά
1511 5453 1571 5506 τὸ
1601 5452 1782 5522 λόγιον
1808 5453 2070 5525 ἐσόμεθα,

472 5550 572 5616 τῆς
623 5549 723 5619 μὲν
768 5549 978 5620 ὁρατῆς
1012 5547 1336 5616 θεοφανείας
1366 5548 1424 5600 ἐν
1471 5544 1775 5614 πανάγνοις
1813 5546 2072 5618 θεωρίαις

473 5641 990 5712 ἁποπληροὺμενοι,
1052 5640 1386 5712 φανοτάταις
1455 5641 1604 5712 ἡμᾶς
1674 5641 2071 5711 μαρμαρυγαῖς

475 5734 982 5806 περιαυγαζούσης,
1019 5734 1093 5799 ὼς
1148 5735 1278 5799 τοὺς
1341 5733 1592 5805 μαθητὰς
1660 5735 1718 5786 ἔν
1765 5734 1952 5803 ἐκείνη
2004 5735 2070 5802 τῇ

477 5824 736 5901 θειοτάτῃ
765 5831 1224 5900 μεταμορφώσει,
1250 5829 1349 5900 τῆς
1379 5829 1436 5883 δὲ
1471 5827 1670 5898 νοητῆς
1702 5824 1873 5880 αὑτοῦ
1899 5844 2072 5894 φωτο-

479 5912 660 5983 δοσίας
697 5923 753 5975 ὲν
808 5924 1013 5978 ἀπαθεῖ
1052 5925 1139 5978 καὶ
1182 5923 1332 5994 ἀΰλῳ
1365 5921 1443 5993 τῷ
1474 5920 1550 5991 νῷ
1597 5918 1945 5991 μετέχοντες,
1983 5921 2070 5970 καὶ

2169 4709 2346 4779 Μωσῇ
2376 4708 2478 4763 σὺν
2519 4707 2682 4778 Ἠλίᾳ
2737 4723 2798 4760 τε
2856 4706 3120 4779 ἀρρήτως
3162 4702 3434 4773 έλαμψας.
3473 4717 3494 4752 1
3539 4698 3647 4753 Καὶ
3685 4696 3741 4748 ἐν

2171 4801 2345 4874 ἑτέρῳ
2380 4801 2570 4872 μέλειο
2623 4818 2643 4852 ι
2676 4799 2788 4854 Καὶ
2835 4799 3034 4869 μικρὸν
3070 4795 3356 4867 ὑποκύψας
3405 4795 3503 4866 τῆς
3551 4788 3743 4862 σαρκὸς

2169 4896 2232 4948 τὸ
2285 4893 2652 4965 πρόσλημμα,
2710 4890 3116 4964 μετεμορφώθη
3179 4888 3497 4960 ἔμπροσθεν
3549 4884 3742 4948 αὑτῶν,

2172 4986 2457 5058 ἐμφαίνων
2499 4986 2594 5040 τοῦ
2639 4985 2955 5058 ἀρχετύπου
3005 4982 3238 5047 κάλλους
3268 4981 3369 5054 τὴν
3401 4978 3744 5048 εὐπρέπειαν,

2171 5083 2270 5134 καὶ
2306 5078 2516 5150 ταύτην
2541 5077 2641 5150 οὑχ
2677 5077 2995 5148 ὁλόκληρον,
3025 5075 3086 5131 τὸ
3119 5075 3218 5145 μὲν
3248 5069 3607 5144 πληροφορῶν
3650 5066 3743 5120 αὑ-

2169 5173 2321 5238 τοὺς,
2351 5171 2469 5244 ἅμα
2496 5172 2592 5226 καὶ
2620 5170 2963 5242 φειδόμενος,
2995 5169 3193 5240 μήπως
3225 5167 3323 5220 σὺν
3351 5167 3416 5235 τῇ
3442 5163 3629 5234 ὁράσει
3657 5157 3746 5214 καὶ

2170 5266 2234 5318 τὸ
2265 5264 2365 5336 ζῇν
2394 5263 2763 5327 ἀπολέσωσιν,
2806 5261 2923 5316 ἀλλ’
2971 5261 3048 5326 ώς
3095 5261 3359 5331 ἡδύναντο
3407 5257 3605 5328 χωρεῖν
3641 5254 3746 5315 τοῖς

2174 5358 2515 5428 σωματικοῖς
2547 5354 2854 5424 ὀφθαλμοῖς
2888 5353 3298 5424 περιφέροντες.
3335 5369 3354 5402 ι
3390 5349 3500 5402 Καὶ
3522 5350 3550 5400 6
3579 5345 3746 5416 μέγας

2172 5452 2451 5512 Διονύσιος
2477 5445 2637 5511 αὖθις
2659 5449 2686 5500 6
2705 5445 2852 5511 θεῖός
2875 5461 3034 5516 φησι,
3054 5464 3072 5496 ι
3102 5444 3305 5511 Γνόφος
3337 5441 3456 5494 ἐστὶ
3475 5441 3534 5492 τὸ
3553 5437 3753 5507 ἀπρόσ·-

2175 5561 2287 5599 ιτον
2323 5544 2462 5613 φῶς,
2498 5543 2555 5595 ἐν
2577 5533 2919 5608 ᾧκατοικεῖν
2951 5541 2981 5593 6
3000 5538 3132 5601 Θεὸς
3163 5538 3404 5605 λέγεται,
3426 5534 3521 5587 καὶ
3548 5533 3756 5605 ἀοράτῳ

2173 5638 2312 5705 ὅντι,
2335 5637 2425 5690 διὰ
2455 5634 2555 5705 τὴν
2583 5633 2962 5706 ὑπερέχουσαν
3015 5631 3316 5702 φανότητα,
3356 5629 3450 5682 καὶ
3482 5625 3752 5697 ἀπροσίτφ

2174 5729 2245 5782 δι’
2283 5726 2596 5798 ὑπερϐολὴν
2617 5725 2934 5794 ὑπερουσίῳ
2982 5724 3351 5794 φωτοχυσίας.
3382 5740 3401 5776 ι
3437 5721 3549 5791 Οὐχ
3573 5721 3601 5774 6
3627 5717 3752 5780 Θεὸς

2175 5823 2253 5887 δὲ,
2280 5823 2448 5890 φησὶν
2475 5822 2503 5873 6
2532 5819 2919 5890 Χρυσόστομος
2957 5817 3170 5889 Πατήρ,
3195 5817 3309 5871 ἀλλ’
3341 5818 3375 5888 ἡ
3397 5818 3554 5888 χάρις
3586 5811 3757 5881 ἐκχεῖ·-

2178 5915 2461 5970 ται.Ἐπε“ι
2517 5912 2572 5966 δὲ
2608 5913 2699 5967 τὸν
2743 5910 3186 5983 προσγενόμενον
3233 5911 3327 5964 ἐπὶ
3354 5909 3447 5980 τῆς
3484 5905 3758 5975 θειοτάτης
