4046 6460
331 367 466 435 1252

1384 363 1782 428 SYNODIC/E
1823 360 2526 428 CONSTITUTIONES.

3452 354 3592 424 1254

328 481 438 537 ἀπὸ
464 479 559 534 τοῦ
585 479 680 532 νῦν
715 477 812 532 καὶ
839 476 918 539 εἰς
952 476 1012 530 τδ
1042 475 1170 544 ἑξῆς
1212 474 1563 544 δογματίζειν
1599 475 1737 537 ὅλως
1780 473 1903 528 τινὰ
1931 475 1978 532 Δ
2004 471 2212 525 δίκαιον
2252 471 2336 535 ὃν,
2387 471 2468 532 εἰς
2503 468 2812 539 ἐπισκοπὴν
2837 467 2919 522 ἐτι
2959 466 3219 540 τελούσης
3247 468 3347 542 τῆς
3405 471 3601 526 τοιαύ-

326 570 438 624 τῶν
465 568 744 630 ἀπάντων,
776 565 1028 620 κινοῦντα
1053 565 1213 632 λόγον
1257 565 1382 619 τινὰ
1429 563 1562 634 περὶ
1590 562 1797 618 τούτων
1847 581 1907 617 τε

329 658 426 713 καὶ
449 658 623 712 ἀλλων
653 655 1001 726 δογματικῶν
1031 655 1226 722 λόγων,
1257 653 1380 707 οὔτε
1414 655 1712 723 ἐγγράφως
1735 653 1906 721 δηλα-

328 750 415 820 δὴ,
440 748 564 802 οὔτε
594 747 880 818 ἀγράφως,
909 747 984 810 ώς
1031 747 1093 800 ού
1139 745 1352 816 μικρῶν
1392 743 1650 797 ἐντεῦθεν
1699 744 1779 806 εἰς
1807 742 1908 812 τὴν

343 837 672 908 Ἐκκλησίαν
710 834 804 888 τοῦ
834 835 968 888 Θεοῦ
999 836 1423 889 ἀνακυπτόντων
1456 832 1772 888 σκανδάλων
1813 831 1909 885 καὶ

333 929 791 1004 συγχύσεως-καὶ
817 927 1067 1000 ταραχῆς
1117 927 1210 979 καὶ
1260 926 1422 980 σάλου
1474 924 1569 978 καὶ
1610 923 1910 995 τρικυμίας

333 1018 720 1088 ἐπιγινομένης
778 1018 902 1080 ταῖς
947 1017 1148 1087 ψυχαῖς
1181 1016 1289 1069 τῶν
1321 1015 1630 1070 ἀκουόντων
1664 1015 1758 1068 καὶ
1799 1014 1910 1067 τῶν

331 1108 739 1182 ἀκεραιοτέρων
772 1108 1030 1178 μάλιστα,
1057 1107 1125 1160 δι’
1150 1107 1186 1162 ἃ
1209 1107 1274 1179 δὴ
1306 1108 1520 1172 πάντως
1548 1108 1643 1161 καὶ
1689 1104 1738 1160 σί
1766 1106 1908 1160 ἀνω-

330 1201 473 1272 τέρω
507 1198 878 1269 ἐκτεθειμένοι
908 1198 1041 1251 θεῖοι
1086 1197 1309 1260 κανόνες
1340 1199 1450 1261 τοῖς
1487 1197 1770 1266 θεοφόροις
1814 1193 1912 1249 καὶ

333 1294 512 1359 ἁγίοις
550 1289 828 1358 Πατράσιν
857 1290 1207 1359 ἐξετέθησαν.
1239 1289 1416 1358 Χάριν
1451 1287 1556 1359 γὰρ
1583 1286 1674 1341 τοῦ
1710 1285 1911 1357 μηκέτι

334 1386 541 1454 μηδένα
571 1387 690 1447 ταῖς
717 1383 938 1453 ὁμοίαις
965 1382 1197 1445 πλάναις
1231 1382 1554 1452 περιπεσεῖν
1593 1378 1911 1449 ποιούμενοι

333 1475 611 1545 πρόνοιαν,
667 1473 763 1526 καὶ
812 1475 875 1526 τὸ
913 1473 1088 1543 παρὸν
1141 1475 1220 1536 εἰς
1269 1471 1572 1542 ἀσφάλειαν
1628 1469 1912 1540 ἐκθέμενοι

332 1567 591 1637 γράμμα,
632 1567 751 1627 ταῖς
798 1564 1029 1626 οἰκείαις
1058 1552 1406 1634 ύπογραφαίῖς
1446 1562 1914 1633 ἐπεσημηνάμεθα

334 1657 478 1711 κατά
537 1657 682 1726 μῆνα
731 1656 951 1710 Ἰούλιον
1003 1655 1101 1724 τῆς
1135 1652 1178 1708 θ’
1213 1656 1312 1710 ίνδ.
1344 1654 1383 1724 -ι-
1413 1654 1539 1723 Εἶχε
1585 1653 1675 1706 καὶ
1714 1652 1913 1720 ὑπογε-

336 1748 657 1817 γραμμένον
690 1747 777 1800 διά
810 1746 911 1814 τῆς
942 1745 1349 1816 πατριαρχικῆς
1379 1745 1561 1815 χειρὸς
1589 1743 1650 1798 τό
1674 1759 1688 1774 ⁶
1735 1741 1913 1798 Ἰωάν-

337 1806 466 1911 νης,
497 1806 648 1909 ’ἐλέῳ
712 1806 1343 1909 Θεοῦμάρχιεπίσκοπος
1381 1806 1911 1889 ’Κώνσταντινουπόο
1948 1806 1990 1864 Β

221 2007 228 2010 _
338 1930 495 1996 λεως,
542 1931 670 1994 νέας
706 1928 946 2000 Ῥώμης,
977 1929 1074 1983 καὶ
1125 1927 1503 1998 οἰκουμενικὺς
1535 1925 1918 1996 πατριάρχης·

340 2014 561 2087 .ςωμθ’.

339 2132 535 2188 XXIV.
569 2131 832 2203 Synodus_
863 2132 1064 2186 dirimit
1113 2132 1528 2203 controversiam
1563 2138 1766 2203 ortam_
1784 2131 1924 2188 inter

411 2200 772 2270 melropblilas
803 2200 1217 2256 Lacedazmoniaz
1256 2211 1304 2255 et
1343 2202 1700 2270 Antiquarum
1727 2200 1924 2254 Patra-

410 2288 528 2325 rum
553 2271 615 2325 de
646 2274 954 2340 episcopatu
992 2271 1241 2340 Amyclii.

409 2385 449 2452 ἰ-
483 2383 604 2440 Τῶν
642 2369 1004 2436 δικαιοτάτων
1047 2382 1156 2453 ἄρα
1199 2381 1291 2435 καὶ
1329 2382 1464 2434 πᾶσι
1497 2380 1639 2436 πάνυ
1669 2396 1751 2433 τοι
1798 2380 1924 2434 ἐπο-

343 2476 680 2548 φειλομένων
711 2476 836 2546 ὅρια
869 2475 1162 2543 φυλάττειν
1207 2474 1439 2528 ἕκαστον
1479 2473 1585 2526 ίδια
1627 2459 1722 2526 καὶ
1755 2471 1923 2543 μηδέν

341 2588 426 2623 τοι
470 2567 711 2621 ,τούτων
775 2567 930 2629 ἐκτὸς
999 2567 1339 2636 πράττοντας
1398 2563 1703 2634 φαίνεσθαι,
1768 2583 1788 2616 ι
1829 2565 1923 2635 Μὴ

345 2661 569 2732 μέταιρε
601 2659 728 2730 γὰρ,
756 2661 943 2728 φησὶν,
976 2659 1120 2727 ὅρια,
1154 2658 1190 2712 ἃ
1235 2658 1424 2712 ἐθεντο
1452 2658 1502 2711 οἰ
1536 2657 1771 2729 πατέρες
1803 2673 1922 2722 σου,

348 2753 484 2823 μηδέ
518 2751 656 2820 ὑπὲρ
711 2750 776 2804 τά
808 2752 1133 2820 ἐσκαμμένα
1186 2749 1307 2804 θέλε
1357 2751 1556 2819 πηδᾷν,
1589 2768 1610 2803 ι
1649 2749 1790 2802 ὥστε
1831 2749 1924 2808 καὶ

343 2841 608 2911 τιμητέον
661 2842 791 2910 ἡμῖν
847 2857 910 2910 γε
967 2841 1201 2909 μάλιστα
1250 2839 1428 2908 τοῦτο,
1480 2841 1528 2894 οἳ
1580 2843 1710 2911 περὶ
1756 2840 1924 2896 αὐτοῦ

345 2933 438 2984 καὶ
491 2933 602 2994 τοῖς
651 2929 835 2992 ἀλλοις
886 2929 1353 2998 διαμαρτύρεσθαι
1383 2929 1546 3000 χρέος
1584 2930 1678 2982 καὶ
1701 2929 1926 2999 ὀφειλὴν

346 3023 565 3092 ἔχομεν,
597 3021 684 3074 οἵα
723 3022 785 3090 δὴ
827 3021 937 3074 τῶν
983 3020 1077 3074 τοῦ
1109 3021 1245 3072 Θεοῦ
1298 3020 1688 3090 δικαιωμάτων
1726 3020 1927 3090 ἐκφάν-

346 3133 503 3184 τορες
527 3131 540 3143 ·
580 3115 678 3168 ἰδοι
713 3114 759 3169 δ’
780 3117 843 3170 ἄν
872 3133 953 3178 τις
988 3116 1116 3184 περί
1147 3114 1395 3179 πλείονος
1421 3113 1554 3167 αὐτὸ
1592 3129 1926 3183 ποιουμενην

346 3210 442 3262 καὶ
496 3209 664 3277 αὐτήν
726 3224 786 3276 γε
848 3206 945 3278 τὴν
994 3208 1159 3275 φύσιν
1201 3208 1300 3261 καὶ
1345 3208 1414 3260 τά
1467 3206 1790 3276 πράγματα,
1822 3206 1922 3275 οὐχ

315 3301 547 3372 ,ἥκιστα
595 3301 653 3352 δέ
707 3302 805 3370 τὴν
868 3300 1016 3370 ἱερὰν
1065 3299 1156 3352 καὶ
1196 3297 1490 3351 θεσπισίαν
1519 3295 1626 3349 τῶν
1662 3295 1922 3365 Πατέρων

353 3393 692 3464 νομοθεσίαν*
727 3393 760 3462 ἡ
796 3391 894 3460 μὲν
927 3389 1033 3459 γάρ
1063 3389 1242 3458 πάντη
1279 3389 1498 3450 πάντως
1535 3386 1920 3456 ἀμετακίνητα

346 3489 446 3554 τῆς
475 3485 686 3537 ἑαυτῶν
718 3483 926 3546 τάξεως
977 3481 1046 3534 τά
1090 3483 1267 3534 οἰκεῖα
1314 3481 1496 3548 τηρεῖ,
1531 3479 1634 3530 κᾶν
1667 3474 1923 3547 βιάζηταί

347 3595 433 3640 τις
466 3579 732 3648 μυριάκις
761 3575 923 3640 αὐτὰ,
962 3575 1030 3626 τὰ
1054 3573 1110 3626 δέ
1137 3575 1238 3644 τὴν
1283 3571 1492 3624 οἰκείαν
1520 3570 1621 3623 οὐκ
1662 3571 1924 3638 ἀγνοήσει

349 3671 534 3740 φύσιν·
564 3669 829 3724 ἀδύνατον
863 3667 971 3738 γὰρ
1024 3665 1227 3735 ὁμοίως
1286 3664 1318 3734 ἢ
1348 3665 1408 3717 τὸ
1438 3662 1550 3734 πῦρ
1595 3663 1693 3732 τῆς
1722 3661 1800 3724 εἰς
1853 3661 1922 3714 τά

347 3765 460 3818 ἀνω
497 3763 668 3833 φορᾶς
701 3761 734 3832 ἢ
767 3761 866 3832 τῆς
898 3762 980 3822 εἰς
1029 3758 1097 3812 τὰ
1127 3759 1278 3812 κάτω
1336 3758 1608 3827 κινήσεως
1665 3754 1728 3808 τὸ
1780 3753 1924 3820 ὕδωρ

353 3855 719 3928 μετακινῆσαι
744 3868 888 3908 τινα·
925 3855 987 3906 ού
1018 3854 1124 3922 γὰρ
1167 3851 1340 3915 ἐστιν,
1390 3851 1492 3903 οὐκ
1550 3848 1724 3916 ἐστιν,
1768 3848 1919 3909 ὅπως

349 3950 553 4019 ἑτέρως
585 3948 697 4012 ἔξει
728 3947 865 4000 ποτὲ
905 3946 1038 4016 ἢὼς
1082 3946 1180 4016 τὴν
1231 3943 1418 4014 ἀρχὴν
1471 3942 1656 4012 ἐκείνη
1713 3939 1927 4002 τούτοις

350 4041 516 4112 ὥρισε
546 4041 639 4092 καὶ
686 4038 958 4108 ἐκύρωσε,
1007 4038 1104 4090 καὶ
1157 4034 1518 4104 φιλοστοργία
1573 4033 1630 4087 δέ
1663 4031 1927 4100 Πατέρων

351 4135 634 4199 ἐντεῦθεν,
697 4130 816 4187 ἀλλ’
841 4131 942 4185 ούκ
983 4130 1210 4186 ἄλλοθέν
1257 4131 1445 4194 ποθεν,
1508 4127 1605 4182 καὶ
1673 4125 1928 4198 μητέρων

353 4225 668 4296 φιλοτεκνία
697 4224 793 4278 καί¹
817 4225 948 4287 πᾶν,
983 4224 1010 4276 ὅ
1038 4241 1089 4277 τι
1115 4224 1182 4277 ἂν
1237 4221 1368 4276 ἄλλο
1399 4219 1788 4290 παραπλήσιον
1845 4217 1929 4270 εί-

355 4338 446 4374 ποι
477 4337 581 4386 τις,
616 4318 871 4373 ἐντεῦθεν
937 4317 1226 4386 πάσχουσα
1256 4315 1355 4385 τὴν
1386 4313 1568 4385 ψυχὴν
1609 4311 1793 4383 μήτηρ
1833 4309 1930 4363 καὶ

355 4411 856 4485 προκινδυνεύουσα
931 4409 1028 4462 τοῦ
1077 4409 1212 4463 ἰδίου
1271 4409 1556 4478 κυήματος
1629 4406 1810 4459 πάντα
1868 4419 1927 4455 τε

2009 577 2109 629 της
2156 559 2546 630 μητροπόλεως
2600 558 2698 612 καὶ
2728 558 2840 611 ὑπὸ
2869 561 2972 629 τὴν
3020 561 3123 630 τῆς
3183 561 3455 631 Κορίνθου
3497 579 3594 615 τε·

2008 651 2315 720 ταγμένης,
2349 651 2572 716 ἔπειτα,
2605 651 2664 716 EE
2701 650 2824 704 ὅτου
2860 652 3062 723 δηλαδὴ
3081 653 3176 705 καὶ
3207 653 3349 723 αὕτη
3379 654 3456 724 τῷ
3490 654 3594 722 τῆς

2013 743 2412 813 μητροπόλεως
2443 742 2686 810 ἐτιμήθη
2734 743 3080 812 σεμνώματι,
3133 744 3216 804 εἰς
3275 745 3592 814 ἐπισκοπὴν

2011 833 2109 887 καὶ
2147 833 2282 887 αὐτὸ
2327 834 2726 887 ἀποκαταστάν
2786 815 2943 904 παρά
2974 834 3072 888 τοῦ
3127 836 3332 906 μέρους
3391 839 3590 905 αὐτῆς,

2011 917 2233 994 σύνΙαμα
2277 925 2344 996 τῇ
2378 924 2476 993 τῆς
2513 924 2723 993 Πίσσης
2754 925 2850 977 καί.
2880 926 2946 995 τῇ
2988 925 3098 978 τῶν
3143 926 3384 996 Ἐζερῶν
3411 928 3481 981 δι’
3510 929 3598 980 ἐν-

1976 1018 2210 1080 ,δόσεως
2242 1017 2524 1086 ἐγγράφου
2561 1015 2852 1087 βασιλικῆς
2885 1019 2980 1071 καὶ
3009 1018 3298 1088 συνοδικῆς
3319 1035 3334 1050 ·
3383 1021 3592 1089 μεταξὺ

2014 1107 2113 1178 μὲν
2143 1107 2505 1177 πειραθείσης
2536 1107 2636 1176 τῆς
2684 1108 2799 1162 τῶν
2828 1110 3086 1164 Παλαιῶν
3135 1111 3368 1180 Πατρῶν
3412 1111 3492 1174 εἰς
3512 1112 3596 1163 οἰ-

2010 1198 2168 1252 κείαν
2201 1198 2332 1253 αὐτὸ
2367 1198 2708 1268 μεταμεῖψαι
2737 1201 3072 1272 ἐπισκοπὴν,
3112 1202 3200 1256 ὅτε
3251 1201 3362 1254 ἀπὸ
3406 1203 3596 1271 ἀρχιε-

2013 1290 2292 1359 πισκοπῆς
2332 1292 2415 1354 εἰς
2446 1290 2786 1362 μητρόπολιν
2836 1294 2934 1347 καὶ
2973 1292 3113 1364 αὐτὴ
3136 1292 3601 1362 ῑπροσιδασθεῖσα

2012 1386 2109 1434 καὶ
2168 1383 2484 1453 τιμηθεῖσα,
2541 1382 2700 1452 ἔσχεν
2746 1383 2839 1454 ὑφ’
2870 1385 3073 1454 ἐαυτὴν
3136 1385 3233 1438 καὶ
3287 1387 3603 1450 ἐπισκοπῆς

2011 1474 2110 1542 τῆς
2140 1472 2441 1544 Κορίνθου,
2472 1472 2643 1536 ἄλλας
2669 1491 2730 1528 τε
2754 1475 2854 1529 καὶ
2884 1474 2984 1544 τὴν
3010 1473 3444 1545 Λακεδαίμονος,
3494 1478 3602 1529 ὑπὸ

2013 1562 2110 1631 τῆς
2148 1562 2369 1616 συνόδου
2399 1563 2454 1616 δέ
2495 1564 2860 1635 κωλυθείσηςο
2907 1561 2976 1638 ἦν
3030 1565 3131 1635 μὲν
3161 1561 3257 1620 οῦν
3287 1569 3353 1636 τῇ
3391 1584 3601 1638 μητρο-

2015 1654 2170 1708 πόλει
2203 1654 2608 1722 Λακεδαίμονος
2636 1656 2976 1726 διαφέρουσα
3028 1657 3292 1729 ἀνωθενή
3325 1659 3606 1730 ἐπισκοπή

2019 1747 2183 1818 αῦτη,
2220 1747 2295 1810 ῶς
2327 1750 2395 1802 τὰ
2424 1748 2562 1801 κατά
2599 1749 2768 1818 μέρος
2797 1751 2929 1819 περὶ
2967 1749 3172 1802 τούτου
3218 1751 3527 1820 διείληπται
3548 1754 3618 1804 ἐν-
3726 1753 3740 1763 ’

2023 1842 2136 1904 τοῖς
2177 1838 2480 1909 προσοῦσιν
2519 1839 2659 1910 αὐτῇ
2694 1840 3056 1910 δικαιώμασι,
3123 1842 3318 1910 φθάνει
3360 1844 3417 1897 δὲ
3445 1843 3598 1913 ὅμως

2025 1931 2353 1984 ὑποτεθεῖσα
2380 1932 2449 2002 τῇ
2482 1930 2593 1983 τῶν
2647 1929 2905 1985 Παλαιῶν
2974 1931 3210 2002 Πατρῶν
3271 1933 3346 1995 ὡς
3399 1933 3602 1997 οἰκεία,

2023 2016 2144 2073 εἶτα
2167 2020 2420 2090 συνοδικῇ
2447 2019 2718 2092 ἐγγράφῳ
2744 2019 2926 2091 κρίσεί
2956 2023 3069 2077 xu):
3091 2022 3386 2091 διαγνώσει
3434 2023 3594 2091 ἀφαιι

2025 2110 2247 2182 ρεθεῖσα
2285 2111 2518 2177 ἐκεῖθεν,
2549 2113 2617 2181 τῇ
2646 2114 2744 2182 τῆς
2792 2113 3200 2183 Λακεδαίμονος
3245 2115 3602 2180 ἀνασώζεται

2023 2205 2088 2274 τῇ
2125 2203 2399 2275 ἐμφανείᾳ
2428 2203 2537 2257 τῶν
2567 2204 2960 2275 δικαιωμάτων
3005 2207 3196 2277 αὐτῆς·
3253 2209 3379 2264 ἐπεὶ
3422 2210 3477 2263 δὲ
3509 2209 3606 2265 καὶ

2025 2295 2134 2363 πρὸ
2179 2293 2390 2362 ὀλίγου,
2440 2295 2536 2349 ἐπὶ
2587 2293 2686 2348 τοῦ
2727 2296 2835 2364 πρὸ
2869 2297 3032 2367 ἡμῶν
3074 2299 3322 2368 δηλονότι
3348 2300 3603 2370 ἀοιδίμου

2024 2385 2388 2455 πατριάρχου,
2425 2387 2533 2457 κῦρ
2575 2385 2824 2453 Ἡσαΐου,
2851 2388 2952 2458 τὴν
2982 2388 3157 2460 αὐτὴν
3181 2392 3477 2460 προτεῖναν
3503 2393 3600 2446 καὶ

2026 2476 2191 2531 πάλιν
2211 2477 2398 2532 αἰτίαν
2428 2477 2492 2532 τὸ
2523 2479 2689 2550 μέρος
2738 2481 2838 2550 τῆς
2875 2481 2987 2533 τῶν
3039 2480 3296 2535 Παλαιῶν
3341 2482 3597 2552 Πατρῶν,

2025 2569 2250 2639 ῐσχυσεν
2278 2568 2642 2624 ἐπιλαϐέσθαι
2693 2571 2792 2642 τῆς
2853 2572 3162 2641 ἐπισκοπῆς
3216 2571 3451 2645 ταύτης,
3509 2592 3610 2646 χη-

2028 2661 2298 2731 ρευούσης
2323 2661 2425 2731 τῆς
2453 2661 2884 2732 Λακεδαίμονος,
2905 2662 3283 2734 πορισάμενον
3311 2665 3404 2718 ἐπὶ
3427 2665 3607 2735 τούτῳ

2024 2751 2118 2804 καί⁵
2145 2751 2384 2822 γράμμα
2421 2752 2702 2807 συνοδικὺν
2729 2755 2822 2806 καὶ
2872 2755 3070 2809 σεπτὸν
3123 2755 3212 2809 ἐπ’
3245 2754 3395 2826 αὐτῷ
3427 2756 3602 2826 πρόσο

2033 2856 2247 2909 ταγμα,
2307 2836 2432 2894 εἶτα
2456 2842 2544 2894 ἐπ’
2568 2843 2774 2912 ἀμφοῖν
2802 2842 3016 2898 τούτοιν
3045 2845 3140 2896 καὶ
3176 2844 3373 2897 σεπτὸν
3403 2845 3609 2914 χρυσό-

2026 2932 2275 2988 σουλλον.
2317 2933 2377 2986 '0
2412 2933 2507 2987 νῦν
2540 2934 2840 3004 ἱερώτατος
2873 2937 3285 3009 μητιροπολίτης
3333 2939 3608 2994 Λακεδαι-

2032 3025 2226 3096 μονίας
2258 3026 2349 3079 καὶ
2372 3025 2698 3097 ύπέρτιμος,
2733 3031 2790 3082 ἐν
2817 3030 2962 3100 ἀγίῳ
3006 3031 3287 3100 Πνεύματι
3321 3035 3609 3102 ἀγαπητὸς

1952 3143 1996 3203 c
2041 3119 2269 3189 ἀδελφὸς
2299 3122 2394 3174 καὶ
2419 3121 2834 3192 συλλειτουργὸς
2880 3123 2981 3190 τῆς
3012 3122 3174 3192 ήμῶν
3227 3124 3607 3194 μετριότητος,

2029 3210 2140 3282 κῦρ
2171 3212 2384 3276 Νεῖλος,
2408 3213 2661 3283 οὐδαμῶς
2707 3213 2970 3284 περιιδεῖν
2996 3214 3118 3268 δέον
3144 3213 3358 3285 ἔκρινεν
3390 3214 3610 3268 ἀδικου-

2032 3303 2207 3374 μένην
2239 3304 2338 3374 τὴν
2369 3303 2643 3374 λαχοῦσαν
2668 3304 2833 3359 αὐτὸν
2872 3305 2965 3358 ἐπὶ
2988 3309 3054 3377 τῇ
3082 3307 3260 3377 οἰκείᾳ
3288 3307 3461 3378 ταύτῃ
3491 3305 3615 3360 ἐπι-

2027 3396 2228 3465 σκοπῇ,
2247 3394 2340 3447 καί
2362 3410 2424 3462 γε
2441 3395 2722 3464 ἀναφορὰν
2743 3396 3116 3466 ποιησαμένου
3136 3397 3272 3468 πρὸς
3288 3397 3377 3449 τὸν
3393 3398 3457 3449 ἐκ
3473 3394 3610 3450 Θεοῦ

2028 3487 2322 3556 κράτιστον
2345 3487 2440 3540 καὶ
2465 3486 2620 3556 ἅγιόν
2644 3505 2746 3558 μου
2767 3488 3146 3559 αὐτοκράτορα
3171 3490 3267 3542 καὶ
3309 3488 3489 3558 κρίσιν
3524 3489 3612 3541 αἰ-

2025 3579 2358 3649 τησαμένου,
2398 3582 2426 3634 ό
2455 3581 2518 3634 ἐκ
2545 3581 2678 3634 Θεοῦ
2714 3580 2985 3650 βασιλεὺς,
3015 3582 3049 3652 ή
3088 3581 3491 3652 βασιλικωτάτη
3528 3581 3610 3651 τῷ

2026 3669 2140 3721 ὄντι
2176 3668 2325 3739 ψυχὴ
2357 3671 2451 3723 καὶ
2478 3671 2646 3741 μηδὲν
2672 3669 2816 3724 οὕτω
2841 3671 3076 3725 πνέουσα
3099 3672 3194 3724 καὶ
3223 3672 3508 3740 τρυφῶσα,
3534 3670 3610 3734 ὡς

2027 3761 2088 3816 τὸ
2105 3761 2452 3831 δικαιοσύνην
2469 3761 2744 3832 πανταχοῦ
2761 3763 3140 3816 πολιτεύεσθαι
3159 3762 3254 3816 καὶ
3270 3763 3612 3832 ἐπικρατεῖν,

2031 3855 2326 3924 ἐπιτρέπει
2377 3855 2470 3907 καὶ
2515 3855 2835 3925 ἀνατίθησιν
2890 3855 3024 3923 ἡμῖν
3074 3852 3369 3916 συνοδικῶς
3395 3853 3488 3906 καὶ
3513 3870 3615 3904 κα-

2029 3946 2258 4009 νονικῶς
2283 3945 2343 4000 τδ
2365 3947 2857 4018 ἀμφισϐητήσιμον
2901 3946 3256 4001 διευλυτῶσαι
3278 3945 3613 4019 ἀμφοτέροις

2033 4038 2247 4103 τούτοις
2277 4039 2342 4110 δὴ
2374 4041 2488 4102 τοῖς
2532 4038 2849 4109 ἱερωτάτοις
2911 4039 3284 4111 ἀρχιερεῦσιν·
3343 4039 3498 4092 ἔνθεν
3524 4055 3612 4092 τοι

2043 4133 2140 4186 καὶ
2193 4131 2492 4204 σενοδικῶς
2545 4131 2797 4202 ἀλλήλοις
2853 4131 3270 4200 ἀντιφέρονται,
3295 4131 3353 4184 ἐν
3406 4131 3474 4200 τῇ
3508 4129 3608 4198 τῆς

2019 4225 2465 4295 ιΓοργοεηπκόου
2499 4223 2776 4294 σεδασμίᾳ
2814 4225 2949 4294 μονῇ
3001 4221 3366 4277 συνελθόντων
3423 4221 3608 4291 ἡμῶν,

2039 4317 2380 4386 ζητήσαντος
2415 4316 2576 4369 τοῦτο
2637 4316 2729 4370 τοῦ
2786 4315 3043 4370 Παλαιῶν
3100 4314 3336 4385 Πατρῶν
3368 4314 3458 4368 διά
3515 4314 3614 4382 τὴν

2035 4410 2281 4480 συνήθως
2312 4409 2638 4481 ἐνοχλοῦσαν
2688 4408 2854 4484 αὐτὸν
2890 4408 3203 4473 ἀσθένειαν,
3254 4406 3616 4478 διαμηνυθέν-

351 4507 582 4574 δεύτερα
627 4503 661 4573 ἢ
691 4503 850 4556 οὐδὲν
881 4501 1144 4568 τιθεμένη
1201 4500 1298 4569 τῆς
1350 4499 1562 4552 ἐκείνου
1623 4497 1928 4567 ζητήσεως,
1960 4502 2006 4558 ι)
2035 4519 2125 4566 τος
2157 4501 2425 4572 πρότερον
2451 4501 2547 4562 καὶ
2601 4500 2666 4553 δι’
2705 4500 3020 4571 ἱερωτάτων
3063 4498 3369 4571 ἀρχιερέων
3403 4499 3498 4552 καὶ
3527 4498 3597 4552 δι’

355 4602 402 4652 εἰ
428 4598 578 4651 λάθοι
624 4611 726 4648 που
759 4593 1214 4662 ἀποσχοινισθὲνο
1263 4592 1370 4644 τῶν
1427 4591 1526 4660 μὲν
1579 4589 1672 4645 οῦν
1729 4586 1931 4653 ἐαυτῆς

357 4690 500 4744 ἰδίων
530 4686 702 4749 οὓτως
745 4684 856 4755 ἔχει
885 4678 1262 4753 φιλοστόργως
1293 4685 1324 4752 ή
1359 4682 1546 4752 φύσις,
1595 4680 1847 4750 μιμεῖται
1874 4677 1931 4728 δέ

353 4785 524 4852 αὐτὴν
558 4781 822 4850 ἄντικρυς
855 4779 953 4830 καὶ
985 4776 1056 4830 τὰ
1087 4776 1413 4845 πράγματα,
1441 4773 1539 4826 καὶ
1569 4773 1706 4842 πρὸς
1754 4768 1928 4840 αὐτὴν

355 4870 956 4932 ἀπευθύνεσθαιθέλει,
1003 4868 1100 4922 καὶ
1132 4868 1234 4921 οὐκ
1267 4867 1518 4935 ἀνέχεται
1563 4863 1736 4936 χωρὶς
1788 4858 1930 4914 εἶναι

355 4966 561 5019 τούτων
583 4964 676 5018 ἐπὶ
710 4952 869 5028 πολὺ,
898 4954 972 5015 ὧν
991 4960 1180 5022 κακῶς
1211 4958 1474 5026 ὑπέμεινε
1509 4956 1610 5028 τὴν
1632 4950 1929 5018 διάζευξιν,

355 5058 515 5111 οίοτεί
536 5073 645 5110 τισι
664 5053 918 5125 φυσικαῖς
942 5051 1128 5116 ὁλκαῖς
1150 5052 1244 5105 καὶ
1267 5049 1643 5110 ἀντιπαθείαις
1659 5046 1932 5100 ἀντισπώ-

360 5167 499 5222 μενα
547 5151 640 5202 καὶ
689 5148 1065 5218 ἀνθελκόμενα
1089 5145 1276 5212 πάλιν,
1299 5141 1528 5204 καὶτοῖς
1557 5142 1719 5211 ἱεροῖς
1751 5139 1810 5192 δέ
1838 5139 1932 5192 καὶ

358 5245 520 5306 θείοις
557 5241 745 5296 κανόσι
770 5241 1002 5310 πάμπαν
1026 5238 1419 5309 ἀπηγόρευται,
1448 5233 1670 5312 μὴθτοὺς
1695 5231 1932 5294 οἰκείους

358 5333 713 5405 ὑπερϐαίνειν
739 5332 902 5401 ὄρους
939 5329 1064 5385 τινά
1087 5327 1466 5399 ὁπωσδήποτε·
1525 5324 1664 5380 ἀλλὰ
1708 5327 1818 5393 γὰρ
1850 5321 1931 5386 εἰς

357 5427 409 5478 τί
429 5423 581 5478 ταῦθ’
607 5425 742 5494 ἡμῖν
772 5423 1026 5495 εἰρηται;
1081 5420 1318 5490 δηλώσει
1359 5419 1578 5480 πάντως
1603 5417 1672 5469 τά
1706 5415 1799 5468 νῦν
1836 5416 1934 5484 ρης

357 5517 655 5586 θησόμενα.
715 5514 790 5566 Τὸ
859 5513 1206 5583 Ἀμύκλειον,
1267 5514 1300 5580 ή
1355 5507 1656 5578 ἐπισκοπὴ,
1716 5503 1783 5579 ἦν
1831 5505 1932 5576 μὲν

356 5609 563 5662 ἀνωθεν
592 5607 651 5672 ἐξ
683 5605 878 5675 ἀρχῆς,
907 5607 966 5670 ἐξ
999 5603 1192 5674 αὐτῆς,
1259 5601 1334 5664 ὠς
1381 5601 1579 5667 εἰπεῖν,
1629 5599 1727 5669 τῆς
1770 5597 1932 5668 ῥίζης

355 5703 452 5755 καὶ
477 5701 574 5769 τῆς
599 5699 778 5768 ἀρχῆς
832 5697 1091 5767 διαφέρον
1146 5699 1212 5766 τῇ
1251 5693 1537 5764 ἁγιωτάτῃ
1591 5689 1930 5769 μητροπόλει

355 5797 451 5866 τῆς
476 5765 940 5863 Λακεδαιμονίας,
1070 5791 1262 5872 πρῶτα
1308 5790 1408 5860 μὲν
1444 5765 1928 5870 ἐνοριακὸνάύτῆς

2037 4594 2515 4664 ἐκκλησιαστικῶν
2575 4592 2856 4664 ἀρχόντων
2885 4593 3163 4663 διαφόρως
3231 4592 3329 4645 καὶ
3382 4592 3616 4658 ὑπερτε-

2036 4684 2222 4747 θέντος
2259 4684 2355 4737 τοῦ
2387 4685 2714 4754 πράγματος
2747 4685 2845 4738 καὶ
2874 4684 2968 4737 ἐπὶ
3007 4684 3184 4754 μῆνας
3213 4682 3357 4736 ἐπτά
3390 4682 3480 4736 διά
3510 4683 3612 4753 τὴν

2033 4776 2296 4844 τοιαύτην
2347 4773 2515 4828 αὐτοῦ
2563 4775 2881 4829 ἀσθένειανο
2920 4776 3014 4828 καὶ
3067 4775 3192 4828 ἐπεὶ
3245 4777 3370 4836 ταῖς
3416 4773 3615 4839 αὑταῖς

2033 4863 2176 4937 ἦσαν
2207 4865 2412 4930 αἰτίαις
2442 4867 2535 4919 καὶ
2565 4867 2872 4938 ἀμφότεροι
2898 4865 3176 4936 χρώμενοι
3210 4866 3304 4920 καὶ
3342 4856 3613 4935 διισχυρι-

2035 4959 2280 5029 ζόμενοι,
2317 4961 2385 5030 τῇ
2417 4957 2538 5011 κατ’
2579 4957 2744 5011 αύτδν
2796 4959 3062 5029 ἑκάτερος
3117 4958 3386 5029 ἐκκλησίᾳ
3425 4955 3615 5028 διαφέ-

2039 5068 2154 5122 ρειν
2208 5051 2452 5122 ἀρχῆθεν
2500 5053 2600 5121 τὴν
2635 5052 2959 5122 ἀμφίμαχον
3013 5053 3222 5122 ταύτην
3277 5043 3611 5122 ἐπισκοπὴν,

2035 5144 2241 5216 πολλὴν
2267 5146 2454 5214 ἡμεῖς,
2484 5144 2559 5208 ὼς
2583 5145 2756 5208 εἰκὸς,
2790 5149 2920 5214 περὶ
2960 5144 3153 5198 τούτου
3178 5144 3418 5215 ζήτησιν
3453 5160 3612 5212 ποιη-

2037 5236 2289 5305 σάμενοι,
2322 5235 2558 5306 εὕρομεν
2588 5237 2862 5306 ἀριδήλως
2899 5237 2995 5292 καὶ
3031 5237 3288 5308 φανερῶς
3329 5236 3392 5290 ἐκ
3422 5252 3481 5289 τε
3513 5236 3614 5305 τῆς

2037 5327 2330 5398 συνοδικῆς
2400 5329 2686 5396 ἐγγράφου
2739 5329 3092 5397 διαγνώσεως
3151 5330 3247 5382 καὶ
3284 5329 3611 5396 ἀποφάσεως

2036 5417 2134 5472 τοῦ
2163 5418 2283 5493 τότε
2313 5420 2662 5488 πατριάρχου
2693 5419 2796 5489 κῦρ
2820 5419 3155 5491 Γρηγορίου,
3208 5418 3298 5488 ἐφ’
3323 5414 3357 5491 ᾖ
3389 5419 3488 5472 καὶ
3519 5431 3612 5471 σε·

2037 5511 2171 5562 πτὸν
2211 5509 2418 5580 προέϐη
2443 5511 2866 5579 χρυσόϐουλλον,
2916 5510 3014 5565 καὶ
3037 5512 3146 5566 ἀπὸ
3164 5511 3275 5564 τῶν
3302 5510 3480 5566 ἀλλων
3504 5525 3616 5562 πα-

2037 5600 2310 5669 λαιγενῶν
2396 5601 2810 5672 δικαιωμάτων,
2875 5603 3019 5673 ἅπερ
3082 5606 3111 5656 ὁ
3166 5603 3613 5671 Λακεδαιμονίας

2037 5691 2342 5760 προέτεινε,
2369 5690 2463 5743 τοῦ
2501 5691 2723 5762 βρεϐἰσῦ
2771 5692 2976 5764 δηλαδὴ
3034 5693 3136 5759 τῆς
3183 5692 3472 5762 βασιλικῆς
3516 5692 3614 5744 καὶ

2040 5782 2326 5866 σννοδικῆς
2360 5783 2642 5852 ἐνδόσεως,
2669 5784 2754 5854 ἐφ’
2776 5779 2819 5854 ᾧ
2849 5785 2940 5838 τὸν
2970 5785 3413 5862 ᾼακεδαιμονίας
3438 5788 3617 5853 ἀπαρ-
