4046 6464
460 371 596 438 1255

1450 367 1667 430 JOAN.
1707 313 2018 428 CALECJE
2060 364 2174 427 CP.
2209 352 2724 426 PATRIARCHJE

3572 361 3706 427 1956

448 497 622 565 τῆσαι
659 493 768 549 ἀπὺ
797 492 900 564 τῆς
925 487 1050 545 κατ’
1089 487 1254 544 αὑτὸν
1273 485 1492 557 ἐνορίας
1543 483 1852 546 ἐπισκοπὰς
1876 483 2028 554 τρεῖς
2058 487 2102 545 Α
2132 481 2256 536 σίαν
2283 483 2619 553 ἁγροικικὰς
2650 477 2947 550 παροικίας
2975 475 3009 548 ἢ
3035 474 3335 546 ἐγχωρίους
3361 475 3543 546 μένειν
3570 480 3707 536 ἁπι-

448 587 677 650 ταύτας,
711 584 770 638 τὸ
805 581 1158 654 Ἀμύκλειον,
1185 577 1287 648 τὴν
1313 579 1412 642 τῆς
1448 575 1658 644 Πίσσης
1685 575 1779 628 καὶ
1801 573 1899 644 τὴν
1922 573 2030 626 τῶν

457 675 718 745 Ἐζερῶν,
751 675 862 727 τῶν
891 669 1112 725 σεπτῶν
1163 664 1605 739 χρυσοϐούλλων,
1662 662 1759 716 τοῦ
1791 659 2031 715 τοπικοῦ

449 767 841 836 σημειώματος
861 764 957 818 καὶ
988 762 1102 816 τῶν
1155 761 1337 816 ἄλλων
1387 758 1668 828 διαφόρων
1723 753 2036 824 δικαιωμά-

447 873 581 920 των,
617 855 694 914 ὡς
733 852 946 909 ἄνωθεν
977 853 1075 907 καὶ
1112 849 1176 917 ἐξ
1202 850 1378 921 ἀρχῆς
1409 846 1516 901 ἰδία
1545 845 1647 915 τῆς
1678 843 2029 914 Λακεδαίμο-

449 962 540 1008 νος
575 941 645 1018 ἦν
673 946 705 1016 η
747 947 978 1015 τοιαύτη
1009 941 1105 998 τοῦ
1141 941 1473 1012 ’Δμυκλείου
1505 935 1787 1006 ἐπισκοπὴ
1817 936 1915 989 καὶ
1940 936 2038 989 αύ-

445 1021 518 1107 τῇ
558 1037 844 1102 ὑπέκειτο,
869 1037 920 1090 εἰ
950 1035 1048 1090 καὶ
1078 1033 1283 1106 μεταξὺ
1323 1033 1388 1087 ἐκ
1423 1031 1784 1103 περιπετείας
1816 1031 2062 1096 πάντως·

447 1128 556 1180 ὑπὸ
578 1127 680 1198 τὴν
708 1129 820 1182 τῶν
875 1127 1138 1182 Παλαιῶν
1192 1125 1428 1196 Πατρῶν
1483 1124 1734 1193 γέγονεν·
1775 1123 2036 1193 ἐχωρεῖτο

453 1219 556 1290 μὲν
583 1220 697 1289 γὰρ
733 1220 832 1274 ἀπ’
867 1220 1124 1282 ἐναντίας
1152 1219 1220 1288 τῇ
1256 1218 1510 1285 συνοδικῇ
1538 1215 1714 1286 ταύτῃ
1743 1213 2036 1281 διαγνώσει

447 1312 512 1365 τὸ
572 1311 781 1381 προσὸν
827 1313 894 1382 τῇ
934 1311 1048 1364 τῶν
1094 1309 1358 1367 Παλαιῶν
1427 1307 1665 1378 Πατρῶν
1752 1305 2035 1361 συνοδικδν

449 1404 693 1474 γράμμα
725 1399 822 1459 τοῦ
847 1403 956 1472 κῦρ
987 1401 1220 1455 Ἥσαῖου
1243 1403 1305 1455 ἐν
1335 1399 1516 1471 μέρει,
1550 1398 1781 1454 αὐτόθεν
1803 1399 1861 1451 δὲ
1890 1401 2038 1466 ἁπη-

449 1495 682 1565 λέγχετο
723 1496 820 1548 καὶ
857 1492 1175 1565 ἀνατροπὴν
1219 1491 1554 1563 ἐλάμϐανεν,
1603 1489 1662 1556 ἐξ
1689 1483 1766 1544 ὥν
1795 1488 1898 1552 ’ὡς
1954 1488 2036 1542 cl-

453 1588 611 1651 κείας
641 1586 882 1641 ἐδικαίου
911 1587 1012 1656 τὴν
1040 1585 1151 1640 τῶν
1173 1584 1448 1639 ’Παλαιῶν
1501 1582 1735 1654 Πατρῶν
1775 1579 2036 1635 ἐπιλαϐέ-

456 1677 585 1730 σθαι
612 1677 810 1748 αύτῆς,
841 1677 1019 1746 λέγων
1045 1675 1165 1748 ἁμα
1183 1675 1279 1730 καὶ
1306 1675 1382 1739 ὡς
1404 1674 1721 1744 οικονομίας
1754 1673 1900 1744 λόγῳ
1932 1689 2038 1724 πα-

459 1769 752 1840 ρεχωρηθη
806 1771 874 1840 τῇ
908 1771 1008 1838 τῆς
1040 1767 1455 1839 Λακεδαίμονος
1503 1767 1600 1820 καὶ
1650 1766 1728 1830 ὡς
1761 1767 1832 1819 τά
1863 1765 2036 1833 αὐτῆς

2140 572 2509 643 ρασαλεύτους
2531 571 2686 642 παρὰ
2703 571 2815 635 τοῖς
2831 567 3155 638 κατέχουσιν
3172 567 3271 623 αὐτ
3281 565 3345 632 άς
3363 569 3702 632 ἐπισκόποις,

2136 667 2231 721 καὶ
2264 666 2527 734 μάλιστα,
2558 665 2608 718 εἰ
2642 662 3040 734 τριακονταετῆ
3069 663 3264 733 χρόνον
3326 661 3530 726 ταύτας
3553 663 3709 715 ἁϐιά-

2139 772 2284 819 στως
2325 755 2742 825 διακατέχοντες
2795 752 3162 824 ᾠκονόμησαν
3185 769 3202 786 ο
3234 754 3282 806 εἱ
3313 752 3370 806 δὲ
3400 753 3556 817 ἐντὸς
3600 754 3710 807 τῶν

2135 849 2436 918 τριάκοντα
2465 847 2606 901 ἐτῶν
2632 845 2932 916 γε’γένηταί
2951 863 3038 909 τις
3072 844 3204 915 περὶ
3229 844 3412 920 αὐτῶν
3428 845 3677 916 ἁμφισϐή
3695 876 3710 885 -

2132 940 2316 1010 τησις,
2345 938 2546 1004 ἐξεῖναι
2574 941 2687 1003 τοῖς
2742 939 2997 1008 λέγουσιν
3026 936 3320 1008 ἠδικῆσθαι
3357 937 3484 1009 περὶ
3508 936 3710 990 τούτων

2138 1033 2314 1087 κινεῖν
2344 1033 2500 1104 παρὰ
2534 1033 2608 1102 τῇ
2640 1030 2843 1103 συνόδῳ
2871 1030 2972 1102 τῆς
2993 1029 3282 1101 ἐπαρχίας·
3324 1030 3372 1083 εἰ
3398 1029 3453 1083 δέ
3483 1047 3562 1092 τις
3597 1029 3711 1083 ἀδι-

2137 1125 2291 1178 κοῖτο
2315 1125 2469 1192 παρὰ
2497 1122 2593 1177 τοῦ
2631 1123 2764 1177 ἰδίου
2796 1122 3227 1194 μητροπολίτου,
3260 1121 3412 1193 παρὰ
3440 1121 3516 1192 τῷ
3540 1120 3703 1190 ἐξάρ-

2136 1234 2220 1288 χῳ
2239 1220 2343 1286 τῆς
2368 1217 2696 1287 διοικήσεως
2718 1217 2752 1287 ἢ
2779 1215 2858 1288 τῷ
2885 1215 3513 1277 Κωνσταντινουπόλεως
3539 1212 3706 1283 θρόνῳ

2137 1308 2466 1374 δικαζέσθω,
2502 1310 2650 1365 καθά
2676 1310 3060 1382 προείρηται.»
3101 1309 3211 1362 Καὶ⁵
3232 1307 3260 1360 6
3291 1307 3391 1378 τῆς
3417 1307 3472 1360 ἐν
3497 1305 3706 1375 Ἐφέσῳ

2137 1402 2325 1472 δγδοος
2349 1402 2533 1456 κανὼν
2568 1403 2712 1472 μετὰ
2756 1419 2898 1457 τινα·
2955 1420 2974 1454 ι
3012 1401 3088 1454 Τὸ
3120 1401 3178 1455 δὲ
3204 1400 3338 1454 αὑτὸ
3364 1399 3458 1454 καὶ
3487 1399 3576 1451 ἐπὶ
3597 1397 3706 1450 τῶν

2138 1493 2315 1550 ἄλλων
2369 1495 2702 1566 διοικήσεων,
2739 1494 3003 1565 καὶ-,τῶν
3047 1489 3366 1564 ἁπανταχοῦ
3434 1491 3705 1562 ἐπαρχιῶν
3745 1525 3748 1529 ν

2139 1586 2731 1658 παραφυλαχθήσεται,
2765 1587 2908 1642 ὥστε
2938 1586 3145 1658 μηδένα
3197 1585 3309 1638 τῶν
3358 1583 3707 1654 θεοφιλεστά-

2138 1697 2249 1734 των
2282 1682 2600 1738 ἐπισκόπων
2630 1682 2906 1753 ἐπαρχίαν
2931 1681 3127 1751 ἑτέραν
3165 1679 3266 1733 οὑκ
3296 1673 3460 1734 οὖσαν
3507 1676 3708 1731 ἄνωθεν

2139 1775 2234 1830 καὶ
2267 1773 2325 1840 ἐξ
2349 1776 2522 1846 ἀρχῆς
2551 1776 2656 1829 ὑπὸ
2687 1776 2788 1846 τὴν
2821 1773 2988 1829 αὑτοῦ
3019 1774 3189 1846 ῆγουν
3232 1773 3340 1826 τῶν
3385 1771 3492 1840 πρὸ
3544 1770 3707 1823 αὑτοῦ

783 1837 1135 1929 δικαιώματα
1164 1837 1323 1929 παρὰ
1349 1859 1444 1912 τοῦ
1480 1857 1684 1911 σεπτοῧ
1701 1855 2039 1926 χρυσοὸοῠλ-
2067 1837 2112 1894 Β
2142 1837 2801 1938 χεῖρα-καταλαμϐάνειν,
2858 1867 2974 1923 ἀλλ’
2996 1837 3173 1922 εἰνκαί
3199 1882 3280 1928 τις
3326 1837 3586 1918 κατέλαϐε
3615 1861 3708 1913 καὶ

455 1951 552 2004 λου
578 1951 672 2004 τοῦ
697 1949 967 2022 βασιλέως
997 1950 1092 2004 τοῦ
1134 1951 1293 2019 ἁγίόυ
1317 1949 1412 2004 τοῦ
1440 1951 1674 2006 πάππου
1697 1945 1794 2003 τοῦ
1818 1949 1880 2001 ἐκ
1899 1946 2039 2001 Θεοῦ

454 2043 758 2115 κρατίστου
791 2043 890 2096 καὶ
927 2043 1088 2112 ἁγίου
1139 2059 1244 2114 μου
1261 2041 1690 2112 αὐτοκράτορος,
1754 2040 1852 2094 τοῦ
1873 2039 2040 2094 ἁοιδί-

459 2153 563 2207 μου
595 2136 691 2191 καὶ
728 2139 1060 2208 μακαρίτου,
1116 2136 1326 2207 καίπερ
1371 2134 1460 2188 ἐπ’
1489 2134 1668 2188 οὐδενὶ
1717 2133 2040 2204 παλαιτέρῳ

452 2227 1263 2300 δικαιώματιέπερειδόμενον,
1319 2227 1626 2298 ὥσπερέπί
1661 2228 1880 2292 πολλοῖς
1944 2227 2041 2282 καὶ

453 2319 594 2373 πολὺ
621 2318 681 2372 τὸ
706 2318 926 2389 βέϐαιον
949 2319 1143 2389 ηεχουσι
1197 2318 1296 2373 καὶ
1341 2319 1563 2388 ίσχυρδν
1617 2317 1681 2370 τὸ
1733 2317 1892 2389 παρὰ
1939 2315 2038 2371 τοῦ

451 2411 561 2482 κῦρ
625 2412 931 2483 Γρηγορίου
983 2411 1220 2482 προϐἁν,
1277 2410 1745 2481 διαλαμϐάνοντος
1807 2409 1866 2464 δὲ
1942 2408 2037 2463 τοῦ

451 2504 700 2558 τοιούτου
801 2503 1084 2558 συνοδικοῦ
1172 2504 1507 2576 γράμματος
1567 2504 1664 2556 καὶ
1710 2504 1845 2573 περί⁹
1905 2503 2040 2557 ἁκυ-

455 2597 688 2668 ρωσίας,
723 2597 799 2659 ὡς
830 2597 1070 2667 εἴρηται,
1092 2594 1204 2650 τῶν
1233 2594 1587 2668 δηλωθέντων
1627 2595 2038 2666 δικαιωμάτων,

454 2690 580 2743 οὐδὲ
605 2689 769 2743 τοῦτο
795 2689 1070 2760 παρέλκον
1101 2688 1456 2759 ἡγησάμεθα,
1493 2687 1638 2741 ὥστε
1669 2687 1745 2758 μὴ
1768 2689 1836 2758 τῇ
1869 2703 2042 2759 προσ-

451 2783 666 2854 ηκούσῃ
697 2781 883 2836 δοῦναι
914 2782 1182 2846 ἐξετάσει.
1227 2780 1506 2850 Ἐζητήθη
1558 2779 1745 2832 τοίνυν
1795 2780 1892 2832 καὶ
1917 2779 2037 2831 ἐνε-

453 2874 694 2943 φανίσθη
731 2874 865 2943 ἡμῖν
887 2873 950 2926 τὸ
971 2874 1173 2925 σεπτὸν
1197 2870 1624 2940 χρυσόϐουλλον,
1651 2868 1788 2938 παρ’
1807 2862 1868 2921 οῦ
1905 2870 2010 2923 ἁκυ

457 2966 704 3037 ρωθῆναι
735 2964 890 3018 ταῦτ’
937 2965 1117 3033 ἐλεγε,
1175 2964 1274 3016 καὶ
1331 2960 1651 3032 ἀνεγνώσθη
1703 2962 1760 3014 ἐν
1785 2961 2035 3030 ἐπηκόῳ,

453 3059 716 3128 οὐδαμῶς
777 3057 836 3110 δέ
882 3059 1168 3128 ἐμέμνητο
1213 3054 1527 3118 ὑποθέσεως
1588 3052 1848 3124 τοιαύτης
1906 3055 2038 3122 περὶ

451 3148 550 3215 τῆς
573 3145 874 3216 εἰρημένης
897 3146 1233 3216 ἐπισκοπῆς,
1256 3145 1394 3198 ἀλλὰ
1431 3145 1564 3214 περὶ
1590 3144 1902 3208 ὑποθέσεως
1933 3142 2030 3197 τοῦ

455 3237 828 3309 ροναστηρίου
859 3238 955 3291 τοῦ
987 3237 1150 3306 ἁγίου
1184 3238 1434 3300 Νίκωνος
1483 3237 1582 3291 καὶ
1631 3238 1764 3308 περὶ
1813 3235 2028 3300 ὕδατος.

463 3329 622 3383 Ἐπεὶ
655 3329 748 3383 οὖν
772 3329 1046 3400 ἁριδήλως
1088 3331 1184 3383 καὶ
1228 3329 1648 3401 άναντιρῤήτως
1709 3327 2033 3399 ἀπεδείχθη,

451 3421 580 3476 καθ’
604 3420 663 3475 ὃν
717 3422 940 3492 εἴρηται
974 3422 1196 3492 τρόπον,
1246 3420 1458 3476 ἄνωθεν
1517 3421 1614 3474 καὶ
1641 3420 1702 3485 ἐξ
1745 3420 1927 3491 ἀρχῆς
1967 3421 2035 3490 τῇ

447 3513 554 3579 τῆς
573 3513 978 3583 Λακεδαίμονος
1002 3514 1336 3585 διαφέρουσα
1370 3513 1403 3584 ή
1431 3512 1527 3567 τοῦ
1566 3512 1892 3582 Ἀμυκλείου
1917 3514 2035 3566 ἐπι-

454 3604 632 3675 σκοπὴ
663 3607 757 3658 καὶ
778 3606 855 3668 ὡς
899 3606 1188 3675 ὲνοριακδν
1239 3604 1412 3674 αὐτῆς
1461 3603 1674 3656 δίκαιον
1703 3604 1804 3674 τὴν
1850 3603 2028 3674 ἀρχὴν

451 3697 550 3749 καὶ
571 3695 645 3759 ὡς
694 3695 828 3765 παρ’
855 3695 1029 3766 αὐτῆς
1079 3696 1160 3758 εἰς
1227 3694 1540 3765 ἐπισκοπὴν
1595 3693 2034 3764 προϐιϐασθεῖσα

450 3790 546 3842 καὶ
581 3789 674 3842 ὑπ’
704 3787 1176 3860 αὑτὴντελοῦσα,
1239 3788 1310 3841 δι’
1337 3786 1375 3842 ἃ
1419 3788 1599 3850 καλῶς
1665 3786 1888 3850 πάντως
1940 3785 2033 3839 κα)⁵

449 3885 756 3946 κανονικῶς
785 3881 1075 3936 ἐδικαίωσε
1108 3881 1202 3934 καὶ
1226 3881 1260 3950 ἡ
1290 3879 1387 3933 τοῦ
1425 3880 1531 3950 κῦρ
1565 3879 1877 3951 Γρηγορίου
1909 3895 2033 3932 συν-

446 3975 602 4048 οδικὴ
634 3973 858 4046 πρᾶξις,
891 3968 981 4026 οἷα
1015 3972 1185 4042 μητρὶ
1221 3973 1424 4044 γνησίᾳ
1451 3974 1519 4044 τῇ
1552 3971 1654 4042 τῆς
1685 3971 2034 4042 Λακεδαίμοο

446 4085 538 4130 νος
565 4067 894 4120 ὑποκεῖσθαι
925 4064 1022 4117 καὶ
1043 4065 1210 4120 πάλιν
1247 4066 1444 4136 αὑτήν·
1507 4063 2030 4136 συνδιασκεψαμένη

445 4157 517 4212 τά
540 4158 670 4228 περὶ
701 4155 897 4209 τούτου
952 4157 986 4227 η
1023 4158 1320 4228 μετριότης
1349 4155 1512 4227 ἡμῶν
1544 4158 1658 4219 τοῖς
1694 4157 1828 4226 περὶ
1860 4156 2032 4225 αὐτὴν

449 4252 771 4323 ίερωτάτοις
803 4250 1145 4322 ἀρχιερεῦσι,
1179 4251 1260 4320 τῷ
1311 4249 1584 4314 Κυζίκου,
1620 4248 1700 4319 τῷ
1747 4247 2027 4320 Σάρδεων,

443 4347 525 4417 τῷ
561 4345 994 4415 Θεσσαλονίκης,
1043 4343 1123 4415 τῷ
1155 4343 1492 4415 Δυρραχίου,
1553 4342 1630 4412 τῷ
1681 4343 2031 4414 Χριστουπό-

443 4439 605 4502 λεως,
634 4438 714 4509 τῷ
741 4437 1029 4504 Μαδύτων,
1059 4438 1137 4509 τῷ
1171 4435 1484 4508 Μηθύμνης
1530 4436 1627 4488 καὶ
1676 4435 1755 4504 τῷ
1784 4435 2026 4507 Βάρνης,

442 4531 506 4584 τὸ
540 4531 707 4602 κῦρος
746 4531 844 4585 καὶ
903 4531 1126 4601 βέϐαιον
1183 4529 1335 4599 ἔχειν
1393 4529 1488 4580 καὶ
1531 4526 1619 4591 ἐἰς
1661 4527 1720 4580 τὸ
1773 4526 1906 4599 ἑξῆς
1963 4527 2030 4581 τὰ

441 4625 668 4678 τοιαῦτα
714 4623 1069 4694 δικαιώματα
1137 4625 1239 4691 τῆς
1314 4620 1576 4684 πολλάκις
1635 4619 2026 4692 διαληφθείσης

444 4712 762 4784 ἁγιωτάτης
795 4711 1192 4782 μητροπόλεως
1219 4709 1667 4780 Λακεδαιμονίας
1692 4710 1899 4783 ἔκρινε,
1936 4713 2029 4764 κοιλ⁵

441 4805 566 4859 κατ’
592 4805 732 4860 αύτὰ
755 4806 1080 4859 ἐδικαίωσεν
1117 4806 1445 4860 ἐπανελθεῖν
1470 4806 1570 4860 καὶ
1601 4805 2026 4877 ἐπανασωθῆναι

439 4900 506 4968 τῇ
559 4898 923 4970 διαληφθείσῃ
966 4897 1257 4970 ἁγιωτάτῃ
1318 4900 1656 4971 μητροπόλει
1716 4902 1814 4972 τῆς
1850 4901 2029 4954 Λακε-

440 4989 729 5058 δαιμονίας
752 4992 853 5059 τὴν
876 4989 1144 5062 ῥηθεῖσαν
1173 4993 1495 5061 ἐπισκοπὴν
1523 4989 1697 5059 αὐτῆς
1730 4992 1828 5045 τοῦ
1853 4991 2026 5058 Ἀμυ-

442 5070 626 5136 κλὲίου
664 5087 757 5138 καὶ
798 5085 1130 5140 ὑποκεῖσθαι
1165 5080 1305 5156 αὐτῇ
1337 5084 1730 5153 ἁναφαιρέτως
1770 5087 1865 5137 καὶ
1895 5085 2027 5137 ἁνα-

445 5176 778 5241 ποσπάστως
799 5181 877 5241 εἰς
905 5181 994 5231 τὸν
1021 5180 1153 5247 ἑξῆς
1185 5179 1408 5232 ἃπαντα
1433 5177 1528 5228 καὶ
1549 5176 1778 5244 διηνεκῆ
1813 5175 2025 5246 χρόνον,

443 5271 583 5323 κατά
602 5289 656 5322 τε
685 5273 784 5342 τὴν
817 5273 1112 5342 περίληψιν
1157 5269 1268 5322 τῶν
1304 5269 1616 5337 προσόντων
1653 5269 1790 5339 αὐτῇ
1824 5269 2028 5338 ἐγγρά-

444 5377 561 5426 φων
591 5362 1007 5438 δικαιωμάτων,
1043 5359 1103 5426 ἐξ
1132 5354 1208 5412 ὧν
1239 5357 1605 5428 ἁριδηλότατα
1637 5359 2022 5428 ἀναφαίνεται,

443 5455 654 5506 οἰκείαν
717 5453 927 5521 ταύτης
959 5447 1102 5504 εἰναι
1130 5452 1462 5522 ἐπισκοπὴν,
1523 5451 1600 5514 ὡς
1649 5454 1745 5506 κα)⁸
1772 5452 1871 5521 τὴν
1926 5451 2027 5519 τῆς

441 5545 646 5616 “iam;
676 5547 771 5598 καὶ
802 5543 900 5611 τὴν
957 5544 1066 5595 τῶν
1114 5544 1375 5615 Ἐξερῶν,
1430 5545 1613 5608 καθὼς
1649 5546 1911 5613 ἀνωτέρω
1941 5544 2026 5598 λέ-

437 5638 651 5703 λεκται,
692 5638 785 5689 καὶ
814 5635 999 5699 καθὼς
1030 5639 1079 5691 οἱ
1111 5639 1252 5711 ἱεροὶ
1299 5644 1392 5693 καὶ
1426 5642 1562 5693 θεῖοι
1593 5640 1870 5692 δικαιοῦσι
1927 5656 2028 5691 κα-

439 5735 608 5794 νόνες·
658 5731 793 5798 φησὶ
825 5731 934 5799 γὰρ
967 5731 992 5783 ὁ
1021 5734 1118 5802 τῆς
1153 5735 1212 5786 ὲν
1237 5734 1548 5804 Χαλκηδόνι
1586 5732 1750 5801 ἁγίας
1806 5733 2022 5784 συνόδου

439 5821 912 5884 ἑπτακαιδέκατος
948 5828 1152 5881 κανών·
1186 5847 1204 5880 ι
1239 5828 1350 5892 Τὰς
1388 5827 1511 5881 καθ’
1545 5827 1789 5895 ἑκάστην
1828 5824 2023 5894 ἐκκλη-

2142 1959 2234 2030 ὑφ’
2264 1961 2444 2032 ἑαυτῷ
2476 1961 2773 2029 πεποίηται
2809 1959 3160 2032 βιασάμενος,
3215 1954 3405 2010 τοῦτον
3464 1952 3706 2008 ἀποδιδό-

2139 2069 2252 2119 ναι,
2288 2051 2374 2105 ῖνα
2422 2051 2499 2124 μὴ
2524 2051 2638 2105 τῶν
2663 2051 2925 2122 Πατέρων
2979 2052 3028 2104 οἰ
3058 2051 3280 2114 κανόνες
3337 2046 3707 2120 παραϐαίνων-

2138 2158 2252 2206 ται,
2287 2142 2424 2212 μηδέ
2456 2146 2512 2194 ὲν
2541 2141 2859 2212 ἱερουργίας
2885 2142 3239 2213 προσχήματι
3267 2139 3517 2206 ἐξουσίας
3540 2138 3708 2208 τῦφος

2131 2232 2425 2304 κοσμικῆς
2458 2233 2890 2306 παρεισδύηται,
2922 2233 3058 2306 μηδὲ
3095 2232 3352 2303 λάθωμεν
3374 2232 3474 2302 τὴν
3499 2229 3706 2284 ἐλευθε-

2143 2327 2268 2398 ρίαν
2300 2326 2446 2378 κατὰ
2475 2325 2681 2396 μικρὸν·
2712 2325 3107 2390 ἀπολέσαντες,
3139 2326 3206 2396 ῆν
3235 2327 3365 2395 ἡμῖν
3401 2324 3707 2395 ἐδωρήσατο

2139 2418 2217 2490 τῷ
2254 2420 2371 2491 ἰδίῳ
2409 2420 2609 2488 αἵματι
2643 2419 2671 2471 6
2703 2417 2909 2488 Κύριος
2939 2419 3099 2490 ἡμῶν
3150 2417 3366 2488 Ἰησοῦς
3396 2417 3652 2488 Χριστὸς,
3677 2417 3705 2468 6

2142 2515 2362 2568 πάντων
2388 2511 2696 2586 ἀνθρώπων
2746 2511 3145 2584 ἐλευθερωτής.
3205 2509 3390 2576 Ἔδοξε
3419 2509 3595 2564 τοίνυν
3639 2509 3705 2579 τῇ

2142 2607 2276 2677 ἁγίᾳ
2299 2607 2395 2660 καὶ
2417 2606 2780 2676 οἰκουμενικῇ
2819 2603 3022 2676 συνόδῳ
3052 2603 3325 2682 σώζεσθαι
3380 2601 3585 2674 ἑκάστη
3615 2602 3708 2653 ιπ-

2141 2700 2312 2772 αρχίᾳ
2340 2698 2560 2770 καθαρὰ
2583 2699 2678 2754 καὶ
2712 2698 2949 2755 ἁϐίαστα
2979 2700 3047 2752 τὰ
3077 2679 3214 2768 αὐτῇ
3243 2697 3510 2770 προσόντα
3531 2697 3706 2750 δίκαια

2140 2792 2199 2859 ἐξ
2237 2793 2412 2862 ἀρχῆς
2457 2792 2554 2846 καὶ
2613 2788 2847 2858 ἄνωθεν,
2905 2791 3047 2845 κατὰ
3085 2794 3142 2843 τδ
3196 2790 3368 2845 πάλαι
3433 2791 3707 2860 κρατῆσαν

2138 2884 2287 2951 ἔθος,
2323 2885 2514 2938 ἄδειαν
2549 2882 2768 2955 ἔχοντος
2825 2882 3062 2938 ἑκάστου
3092 2881 3511 2953 μητροπολίτου,
3533 2881 3597 2934 τὰ
3619 2879 3704 2930 ίσα

2140 2978 2253 3031 τῶν
2270 2977 2684 3048 πεπραγμένων
2730 2975 2957 3049 πρὸςτδ
3002 2976 3205 3030 οἰκεῖον
3260 2974 3499 3044 ἀσφαλὲς
3554 2975 3708 3028 ἐκλα-

2141 3068 2276 3122 ϐεῖν·
2310 3072 2360 3123 εἰ
2391 3071 2448 3126 δέ
2477 3086 2560 3133 τις
2586 3069 2902 3140 μαχόμενον
2952 3067 3124 3122 τύπον
3153 3071 3266 3133 τοῖς
3317 3066 3415 3121 νῦν
3473 3066 3707 3136 ὡρισμέ-

2141 3179 2251 3226 νοις
2279 3163 2632 3234 προκομίσει,
2651 3163 2860 3236 ἄκυρον
2883 3160 3024 3218 εἶναι
3062 3161 3253 3217 τοῦτον
3281 3161 3425 3226 ἔδοξε
3458 3163 3522 3229 τῇ
3569 3160 3703 3230 ἁγίᾳ

2145 3257 2294 3325 πάσῃ
2343 3257 2439 3308 καὶ
2487 3257 2850 3327 οίκουμενικῇ
2882 3255 3111 3326 συνόδῳ.
3157 3273 3176 3306 ι
3243 3257 3352 3309 Καὶ
3385 3255 3511 3323 γοῦν
3556 3253 3706 3308 ἐσται

2147 3346 2248 3416 μὲν
2292 3347 2326 3417 ἡ
2360 3345 2634 3418 ἰπισκοπὴ
2663 3345 2805 3418 αὕτη
2840 3347 3259 3416 ὑποτεταγμένη
3289 3348 3356 3418 τῇ
3390 3346 3490 3416 τῆς
3528 3346 3708 3401 Δακε-

2143 3439 2422 3508 δαίμονος,
2477 3438 2623 3493 καθὰ
2658 3439 2756 3492 καὶ
2819 3439 2880 3492 τὸ
2938 3438 3225 3512 πρότερον,
3263 3438 3355 3491 τοῦ
3417 3440 3707 3509 ίερωτάτου

2142 3531 2350 3603 ταύτης
2403 3531 2812 3604 μητροπολίτου
2847 3531 3156 3602 φροντίζειν
3216 3534 3311 3587 καὶ
3344 3532 3484 3602 ὑπὲρ
3540 3531 3706 3600 αὐτῆς

2142 3620 2454 3689 ὀφείλοντος
2493 3621 2639 3676 κατὰ
2668 3621 2730 3675 τὸ
2756 3623 2940 3692 χρέος,
2986 3623 3126 3694 ὅπερ
3162 3622 3277 3694 ἔχει
3307 3622 3392 3676 ἐπ’
3425 3626 3583 3694 αὐτῇ,
3623 3624 3710 3676 ού-

2141 3713 2252 3778 δεῖς
2279 3715 2336 3768 δὲ
2353 3713 2538 3768 οὐκέτι
2568 3715 2689 3769 τῶν
2717 3714 2812 3769 τοῦ
2843 3716 3045 3786 μέρους
3074 3716 3171 3786 τῆς
3205 3717 3310 3771 τῶν
3345 3717 3587 3770 Παλαιῶν
3606 3717 3708 3768 Πα-

2141 3807 2307 3876 τρῶν,
2335 3805 2462 3860 οὕτε
2500 3810 2529 3862 6
2563 3806 2658 3862 νῦν
2691 3809 2986 3878 ἱερώτατος
3018 3809 3193 3880 αὐτῆς
3217 3810 3525 3881 ἀρχιερεὺς,
3585 3809 3704 3863 οὔτε

2141 3916 2224 3963 τις
2253 3899 2365 3952 τῶν
2395 3901 2515 3968 μετ’
2541 3900 2706 3954 αὑτὸν
2754 3901 2824 3956 δι’
2858 3901 3021 3974 ὄχλου
3059 3905 3190 3974 περὶ
3217 3903 3388 3975 αὐτῆς
3425 3905 3705 3973 γενήσεται

2140 3990 2216 4061 τῷ
2239 3991 2338 4062 τῆς
2362 3992 2791 4062 Λακεδαίμονος,
2827 3994 2969 4062 ἐπεὶ,
3003 3996 3070 4067 ἢν
3094 3996 3392 4064 ἐπορίσατο
3429 3996 3706 4064 συνοδικὴν

2141 4081 2366 4152 πρᾶξιν,
2395 4083 2493 4137 καὶ
2526 4084 2667 4156 αὑτὴ
2722 4085 2783 4138 τὸ
2831 4086 3037 4156 ἄκυρον
3074 4086 3220 4157 ἔχειν
3255 4087 3476 4157 ὀφείλει,
3545 4086 3610 4139 δι’
3641 4085 3708 4150 ἁς

2140 4162 2390 4246 εἴπομεν
2433 4177 2638 4243 αἰτίας,
2711 4178 2794 4232 δτι
2831 4179 2956 4232 οὐδὲ
2983 4179 3194 4248 ὀφείλει
3235 4167 3318 4243 τις
3348 4180 3546 4245 αὐτῶν,
3588 4180 3706 4233 οὐδὲ

2138 4266 2349 4323 δίκαιον
2373 4269 2517 4340 ίσχει
2535 4269 2824 4342 ἀλλοτρίας
2874 4271 3277 4326 ἀντιποιεῖσθαι
3295 4272 3612 4344 ἐπισκοπῆς,
3632 4273 3705 4335 ὡς

2141 4356 2442 4429 ἀπεδείχθη
2479 4359 2724 4428 ἐναργῶς
2759 4361 2853 4412 καὶ
2889 4359 3174 4432 προδήλως
3206 4361 3344 4429 μετὰ
3374 4362 3568 4432 πολλὴν
3612 4365 3703 4418 καὶ

2138 4449 2345 4520 ἀκριϐῆ
2392 4450 2490 4522 τὴν
2517 4451 2768 4518 ἐξέτασιν
2805 4453 2912 4506 τῶν
2941 4451 3102 4524 ιερῶν
3131 4453 3226 4507 καὶ
3253 4452 3412 4508 θείων
3446 4454 3700 4521 κανόνων,

2059 4559 2109 4618 ι)
2136 4543 2490 4600 δικαιούντων
2525 4546 2766 4616 ἑκάστην
2796 4547 3096 4618 ἐκκλησίαν
3140 4548 3254 4602 τῶν
3291 4549 3510 4602 οἰκείων
3559 4543 3695 4601 εἶναι

2131 4636 2614 4694 ἐπαπολαύουσαν.
2647 4637 2852 4695 Τούτου
2885 4641 2992 4712 γὰρ
3018 4640 3180 4712 χάριν
3237 4644 3329 4694 καὶ
3365 4643 3396 4714 ή
3452 4641 3692 4713 παροῦσα

2133 4732 2386 4805 συνοδικὴ
2414 4732 2610 4805 πρᾶξις
2632 4734 2849 4801 ἐγένετο
2896 4735 2992 4788 καὶ
3026 4733 3257 4802 ἐπεδόθη
3284 4734 3361 4804 τῷ
3392 4735 3551 4806 μέρει
3605 4735 3698 4804 τῆς

2131 4827 2398 4890 πολλάκις
2477 4826 2866 4898 διαληφθείσης
2928 4827 3238 4896 ἁγιωτάτης
3327 4827 3698 4898 μητροπόλεως

2130 4919 2571 4989 Λακεδαιμονίας
2622 4921 2702 4983 είς
2761 4918 3178 4982 διαιωνίζουσαν
3229 4919 3328 4989 τὴν
3385 4920 3696 4988 ἀσφάλειαν.

2207 5012 2247 5083 1-
2272 5009 2416 5082 Εἶχε
2445 5015 2534 5067 τόν
2563 5013 2723 5090 Μηγί
2755 5013 3057 5082 Νοεμϐρίῳ
3091 5011 3204 5066 ἱνδ.
3235 5011 3302 5077 θ’,
3337 5011 3434 5066 διὰ
3468 5011 3572 5080 τῆς
3597 5028 3698 5064 πα-

2131 5105 2483 5174 τριαρχικῆς
2515 5089 2714 5174 τιμίας
2744 5105 2962 5172 χειρὸς,
3001 5103 3325 5172 ἀπηώρητο
3374 5104 3557 5158 αὐτοῦ
3604 5089 3718 5155 καί

2125 5197 2372 5260 βούλλα
2413 5195 2775 5265 μολυϐδίνη,
2797 5195 3034 5264 ἔχουσα
3062 5194 3133 5248 ὲν
3156 5193 3274 5263 μὲν
3308 5193 3384 5258 τῷ
3430 5193 3520 5246 ἐνί
3545 5191 3702 5262 μέρει

2131 5287 2246 5357 τὴν
2269 5291 2478 5342 εἰκόνα
2512 5287 2620 5356 τῆς
2673 5287 2969 5340 Θεοτόκου
3017 5285 3577 5355 βρεφοκρατοῦσαν,
3635 5284 3702 5337 ἐν

2130 5381 2198 5433 δὲ
2226 5379 2306 5444 τῷ
2337 5379 2535 5449 ἑτέρῳ·
2589 5381 2866 5446 Ἰωάννης
2891 5377 3042 5442 ἐλέῳ
3073 5379 3221 5432 Θεοῦ
3238 5377 3700 5445 άρχιεπίσκοπος

2129 5472 2857 5536 Κωνσταντινουπόλεως,
2889 5471 3046 5538 Νέας
3084 5467 3333 5540 Ῥώμης,
3383 5467 3483 5523 καί
3506 5469 3699 5524 οἰκου-

2125 5565 2374 5633 μενικὸς
2393 5563 2731 5633 πατριάρχη
2744 5585 2799 5632 ς.

2130 5660 2293 5716 XXV.
2329 5659 2528 5732 Synodi
2577 5663 2852 5742 decretum.
2875 5661 2937 5784 dig
2979 5659 3208 5731 quodam
3239 5648 3551 5714 monaileria
3586 5671 3696 5709 mo-

2428 5783 2431 5784 ν
2799 5748 2887 5784 ma
2916 5748 3046 5784 mm.

2799 5748 3046 5786 manum.

2201 5827 2240 5897 ’ἰ-
2293 5826 2351 5882 '0
2382 5783 2709 5898 δόμέστικος
2745 5783 3074 5896 κῦριινωκᾶς
3107 5827 3134 5879 6
3160 5823 3452 5896 Μαρούὶης
3473 5822 3694 5886 ἐκεῖνος,
