  <div class='ocr_page' id='page_1' title='image "/cluster/home/n/w/nwhite01/storage/ocr_20150623/152/coo.31924054870575/645.png"; bbox 0 0 4046 6446; ppageno 0'>
   <div class='ocr_carea' id='block_1_1' title="bbox 457 363 595 432">
    <p class='ocr_par' dir='ltr' id='par_1_1' title="bbox 457 363 595 432">
     <span class='ocr_line' id='line_1_1' title="bbox 457 363 595 432; baseline 0.014 -2"><span class='ocrx_word' id='word_1_1' title='bbox 457 363 595 432; x_wconf 78' lang='lat'><strong>1275</strong></span> 
     </span>
    </p>
   </div>
   <div class='ocr_carea' id='block_1_2' title="bbox 1449 372 2746 452">
    <p class='ocr_par' dir='ltr' id='par_1_2' title="bbox 1449 372 2746 452">
     <span class='ocr_line' id='line_1_2' title="bbox 1449 372 2746 452; baseline -0.001 -14"><span class='ocrx_word' id='word_1_2' title='bbox 1449 373 1668 440; x_wconf 81' lang='lat' dir='ltr'><strong>IOAN.</strong></span> <span class='ocrx_word' id='word_1_3' title='bbox 1714 374 2026 437; x_wconf 78' lang='lat' dir='ltr'><strong>CALECIE</strong></span> <span class='ocrx_word' id='word_1_4' title='bbox 2065 373 2180 435; x_wconf 77' lang='grc' dir='ltr'><strong>ΕΡ.</strong></span> <span class='ocrx_word' id='word_1_5' title='bbox 2220 372 2746 452; x_wconf 61' lang='lat' dir='ltr'><strong>PATRIARCIL‘E</strong></span> 
     </span>
    </p>
   </div>
   <div class='ocr_carea' id='block_1_3' title="bbox 3585 375 3718 443">
    <p class='ocr_par' dir='ltr' id='par_1_3' title="bbox 3585 375 3718 443">
     <span class='ocr_line' id='line_1_3' title="bbox 3585 375 3718 443; baseline 0.03 -4"><span class='ocrx_word' id='word_1_6' title='bbox 3585 375 3718 443; x_wconf 76' lang='lat'><strong>1276</strong></span> 
     </span>
    </p>
   </div>
   <div class='ocr_carea' id='block_1_4' title="bbox 448 481 3716 566">
    <p class='ocr_par' dir='ltr' id='par_1_4' title="bbox 448 481 3716 566">
     <span class='ocr_line' id='line_1_4' title="bbox 448 481 3716 566; baseline 0.002 -28"><span class='ocrx_word' id='word_1_7' title='bbox 448 485 507 542; x_wconf 80' lang='grc' dir='ltr'>ἐν</span> <span class='ocrx_word' id='word_1_8' title='bbox 528 484 732 556; x_wconf 82' lang='grc' dir='ltr'><strong>Θαϐὼρ</strong></span> <span class='ocrx_word' id='word_1_9' title='bbox 759 484 872 550; x_wconf 89' lang='grc' dir='ltr'><strong>τοῖς</strong></span> <span class='ocrx_word' id='word_1_10' title='bbox 897 483 1204 556; x_wconf 72' lang='grc' dir='ltr'><strong>ὀφθαλμοῖς</strong></span> <span class='ocrx_word' id='word_1_11' title='bbox 1232 486 1548 556; x_wconf 78' lang='grc' dir='ltr'><strong>ἑωράκασιν</strong></span> <span class='ocrx_word' id='word_1_12' title='bbox 1575 490 1627 542; x_wconf 80' lang='grc' dir='ltr'><strong>οῖ</strong></span> <span class='ocrx_word' id='word_1_13' title='bbox 1657 489 1923 560; x_wconf 76' lang='grc' dir='ltr'><strong>μαθηταὶ,</strong></span> <span class='ocrx_word' id='word_1_14' title='bbox 1945 485 2040 541; x_wconf 90' lang='grc' dir='ltr'><strong>νῦν</strong></span> <span class='ocrx_word' id='word_1_15' title='bbox 2071 489 2114 545; x_wconf 80' lang='grc' dir='ltr'><strong>Α</strong></span> <span class='ocrx_word' id='word_1_16' title='bbox 2145 482 2302 548; x_wconf 86' lang='grc' dir='ltr'><strong>δυνος</strong></span> <span class='ocrx_word' id='word_1_17' title='bbox 2340 484 2599 555; x_wconf 86' lang='grc' dir='ltr'><strong>θορυϐεῖν</strong></span> <span class='ocrx_word' id='word_1_18' title='bbox 2628 481 2783 550; x_wconf 78' lang='grc' dir='ltr'><strong>αὖθις</strong></span> <span class='ocrx_word' id='word_1_19' title='bbox 2815 487 3095 566; x_wconf 80' lang='grc' dir='ltr'><strong>ἄρχονται,</strong></span> <span class='ocrx_word' id='word_1_20' title='bbox 3133 484 3425 540; x_wconf 78' lang='grc' dir='ltr'><strong>κλέπτουσι</strong></span> <span class='ocrx_word' id='word_1_21' title='bbox 3444 488 3569 552; x_wconf 79' lang='grc' dir='ltr'><strong>τούς</strong></span> <span class='ocrx_word' id='word_1_22' title='bbox 3591 493 3716 543; x_wconf 84' lang='grc' dir='ltr'><strong>πολ-</strong></span> 
     </span>
    </p>
   </div>
   <div class='ocr_carea' id='block_1_5' title="bbox 449 577 2035 650">
    <p class='ocr_par' dir='ltr' id='par_1_5' title="bbox 449 577 2035 650">
     <span class='ocr_line' id='line_1_5' title="bbox 449 577 2035 650; baseline 0.004 -21"><span class='ocrx_word' id='word_1_23' title='bbox 449 577 554 646; x_wconf 79' lang='grc' dir='ltr'><strong>μέν</strong></span> <span class='ocrx_word' id='word_1_24' title='bbox 581 578 770 647; x_wconf 87' lang='grc' dir='ltr'><strong>οὐσίαν</strong></span> <span class='ocrx_word' id='word_1_25' title='bbox 803 578 958 632; x_wconf 80' lang='grc' dir='ltr'><strong>θείαν</strong></span> <span class='ocrx_word' id='word_1_26' title='bbox 983 579 1203 647; x_wconf 85' lang='grc' dir='ltr'><strong>λέγουσι</strong></span> <span class='ocrx_word' id='word_1_27' title='bbox 1234 582 1305 632; x_wconf 82' lang='grc' dir='ltr'><strong>τά</strong></span> <span class='ocrx_word' id='word_1_28' title='bbox 1334 581 1743 649; x_wconf 85' lang='grc' dir='ltr'><strong>Μασσαλιανῶν</strong></span> <span class='ocrx_word' id='word_1_29' title='bbox 1770 582 2035 650; x_wconf 80' lang='grc' dir='ltr'><strong>ἄντικρυς</strong></span> 
     </span>
    </p>
   </div>
   <div class='ocr_carea' id='block_1_6' title="bbox 447 668 2033 742">
    <p class='ocr_par' dir='ltr' id='par_1_6' title="bbox 447 668 2033 742">
     <span class='ocr_line' id='line_1_6' title="bbox 447 668 2033 742; baseline 0.004 -20"><span class='ocrx_word' id='word_1_30' title='bbox 447 668 758 736; x_wconf 84' lang='grc' dir='ltr'><strong>νοσοῦντες,</strong></span> <span class='ocrx_word' id='word_1_31' title='bbox 802 669 900 725; x_wconf 90' lang='grc' dir='ltr'><strong>νῦν</strong></span> <span class='ocrx_word' id='word_1_32' title='bbox 927 669 986 724; x_wconf 75' lang='grc' dir='ltr'><strong>δὲ</strong></span> <span class='ocrx_word' id='word_1_33' title='bbox 1030 671 1112 734; x_wconf 86' lang='grc' dir='ltr'><strong>είς</strong></span> <span class='ocrx_word' id='word_1_34' title='bbox 1150 671 1362 742; x_wconf 90' lang='grc' dir='ltr'><strong>κτίσμα</strong></span> <span class='ocrx_word' id='word_1_35' title='bbox 1411 674 1794 740; x_wconf 80' lang='grc' dir='ltr'><strong>κατασπῶσιν,</strong></span> <span class='ocrx_word' id='word_1_36' title='bbox 1826 673 1902 738; x_wconf 82' lang='grc' dir='ltr'><strong>ὡς</strong></span> <span class='ocrx_word' id='word_1_37' title='bbox 1932 675 2033 729; x_wconf 90' lang='grc' dir='ltr'><strong>οὐκ</strong></span> 
     </span>
    </p>
   </div>
   <div class='ocr_carea' id='block_1_7' title="bbox 444 761 2035 838">
    <p class='ocr_par' dir='ltr' id='par_1_7' title="bbox 444 761 2035 838">
     <span class='ocr_line' id='line_1_7' title="bbox 444 761 2035 838; baseline 0.004 -24"><span class='ocrx_word' id='word_1_38' title='bbox 444 762 640 815; x_wconf 88' lang='grc' dir='ltr'><strong>οὐσίαν</strong></span> <span class='ocrx_word' id='word_1_39' title='bbox 671 761 845 830; x_wconf 81' lang='grc' dir='ltr'>θείαν,</span> <span class='ocrx_word' id='word_1_40' title='bbox 880 762 998 816; x_wconf 90' lang='grc' dir='ltr'><strong>ἀλλ’</strong></span> <span class='ocrx_word' id='word_1_41' title='bbox 1028 763 1319 834; x_wconf 74' lang='grc' dir='ltr'><strong>ὶνέργειάν</strong></span> <span class='ocrx_word' id='word_1_42' title='bbox 1342 781 1402 818; x_wconf 88' lang='grc' dir='ltr'><strong>τε</strong></span> <span class='ocrx_word' id='word_1_43' title='bbox 1430 765 1527 819; x_wconf 71' lang='grc' dir='ltr'><strong>καὶ</strong></span> <span class='ocrx_word' id='word_1_44' title='bbox 1552 765 1824 838; x_wconf 74' lang='grc' dir='ltr'><strong>ἔλλαμψιν</strong></span> <span class='ocrx_word' id='word_1_45' title='bbox 1859 766 2035 836; x_wconf 84' lang='grc' dir='ltr'><strong>ὐπάρ-</strong></span> 
     </span>
    </p>
   </div>
   <div class='ocr_carea' id='block_1_8' title="bbox 447 854 2034 925">
    <p class='ocr_par' dir='ltr' id='par_1_8' title="bbox 447 854 2034 925">
     <span class='ocr_line' id='line_1_8' title="bbox 447 854 2034 925; baseline 0.006 -19"><span class='ocrx_word' id='word_1_46' title='bbox 447 871 567 924; x_wconf 76' lang='grc' dir='ltr'><strong>χον.</strong></span> <span class='ocrx_word' id='word_1_47' title='bbox 610 855 676 908; x_wconf 89' lang='grc' dir='ltr'><strong>Τί</strong></span> <span class='ocrx_word' id='word_1_48' title='bbox 703 854 790 908; x_wconf 84' lang='grc' dir='ltr'><strong>διὰ</strong></span> <span class='ocrx_word' id='word_1_49' title='bbox 821 855 1033 910; x_wconf 82' lang='grc' dir='ltr'><strong>τούτων</strong></span> <span class='ocrx_word' id='word_1_50' title='bbox 1073 857 1592 924; x_wconf 70' lang='grc' dir='ltr'><strong>κατασκευάζοντες</strong></span> <span class='ocrx_word' id='word_1_51' title='bbox 1619 862 1715 914; x_wconf 75' lang='grc' dir='ltr'><strong>καὶ</strong></span> <span class='ocrx_word' id='word_1_52' title='bbox 1758 864 1887 925; x_wconf 70' lang='grc' dir='ltr'><strong>τούς</strong></span> <span class='ocrx_word' id='word_1_53' title='bbox 1914 879 2034 916; x_wconf 80' lang='grc' dir='ltr'><strong>πει-</strong></span> 
     </span>
    </p>
   </div>
   <div class='ocr_carea' id='block_1_9' title="bbox 448 945 2033 1024">
    <p class='ocr_par' dir='ltr' id='par_1_9' title="bbox 448 945 2033 1024">
     <span class='ocr_line' id='line_1_9' title="bbox 448 945 2033 1024; baseline 0.007 -27"><span class='ocrx_word' id='word_1_54' title='bbox 448 945 714 1013; x_wconf 80' lang='grc' dir='ltr'><strong>θομένους</strong></span> <span class='ocrx_word' id='word_1_55' title='bbox 741 948 1036 1015; x_wconf 77' lang='grc' dir='ltr'><strong>ἐνάγοντες</strong></span> <span class='ocrx_word' id='word_1_56' title='bbox 1083 954 1340 1019; x_wconf 77' lang='grc' dir='ltr'><strong>φρονεῖν-ς</strong></span> <span class='ocrx_word' id='word_1_57' title='bbox 1386 951 1604 1006; x_wconf 77' lang='grc' dir='ltr'><strong>’Δθεῖαν</strong></span> <span class='ocrx_word' id='word_1_58' title='bbox 1640 953 1757 1024; x_wconf 72' lang='grc' dir='ltr'><strong>ἅμα</strong></span> <span class='ocrx_word' id='word_1_59' title='bbox 1807 955 1900 1008; x_wconf 82' lang='grc' dir='ltr'><strong>καὶ</strong></span> <span class='ocrx_word' id='word_1_60' title='bbox 1936 973 2033 1008; x_wconf 89' lang='grc' dir='ltr'><strong>πο-</strong></span> 
     </span>
    </p>
   </div>
   <div class='ocr_carea' id='block_1_10' title="bbox 447 1037 2036 1114">
    <p class='ocr_par' dir='ltr' id='par_1_10' title="bbox 447 1037 2036 1114">
     <span class='ocr_line' id='line_1_10' title="bbox 447 1037 2036 1114; baseline 0.007 -25"><span class='ocrx_word' id='word_1_61' title='bbox 447 1037 695 1105; x_wconf 78' lang='grc' dir='ltr'><strong>λυθεΐαν,</strong></span> <span class='ocrx_word' id='word_1_62' title='bbox 744 1040 815 1092; x_wconf 90' lang='grc' dir='ltr'><strong>τά</strong></span> <span class='ocrx_word' id='word_1_63' title='bbox 844 1041 932 1094; x_wconf 80' lang='grc' dir='ltr'><strong>’ἐκ</strong></span> <span class='ocrx_word' id='word_1_64' title='bbox 983 1041 1284 1113; x_wconf 81' lang='grc' dir='ltr'><strong>διαμέτρου</strong></span> <span class='ocrx_word' id='word_1_65' title='bbox 1340 1043 1511 1106; x_wconf 76' lang='grc' dir='ltr'><strong>κακὰ,</strong></span> <span class='ocrx_word' id='word_1_66' title='bbox 1559 1045 1657 1098; x_wconf 80' lang='grc' dir='ltr'><strong>καὶ</strong></span> <span class='ocrx_word' id='word_1_67' title='bbox 1686 1046 1789 1114; x_wconf 77' lang='grc' dir='ltr'><strong>τὴν</strong></span> <span class='ocrx_word' id='word_1_68' title='bbox 1833 1045 2036 1100; x_wconf 88' lang='grc' dir='ltr'><strong>κακίαν</strong></span> 
     </span>
    </p>
   </div>
   <div class='ocr_carea' id='block_1_11' title="bbox 443 1131 2034 1207">
    <p class='ocr_par' dir='ltr' id='par_1_11' title="bbox 443 1131 2034 1207">
     <span class='ocr_line' id='line_1_11' title="bbox 443 1131 2034 1207; baseline 0.009 -26"><span class='ocrx_word' id='word_1_69' title='bbox 443 1131 710 1199; x_wconf 85' lang='grc' dir='ltr'><strong>όμότιμα,</strong></span> <span class='ocrx_word' id='word_1_70' title='bbox 762 1132 859 1201; x_wconf 76' lang='grc' dir='ltr'><strong>τὴν</strong></span> <span class='ocrx_word' id='word_1_71' title='bbox 913 1133 1016 1204; x_wconf 76' lang='grc' dir='ltr'><strong>μὲν</strong></span> <span class='ocrx_word' id='word_1_72' title='bbox 1065 1135 1131 1188; x_wconf 86' lang='grc' dir='ltr'><strong>ἐκ</strong></span> <span class='ocrx_word' id='word_1_73' title='bbox 1163 1134 1259 1189; x_wconf 89' lang='grc' dir='ltr'><strong>τοῦ</strong></span> <span class='ocrx_word' id='word_1_74' title='bbox 1304 1138 1676 1207; x_wconf 73' lang='grc' dir='ltr'><strong>κατατέμνειν</strong></span> <span class='ocrx_word' id='word_1_75' title='bbox 1719 1139 1798 1202; x_wconf 86' lang='grc' dir='ltr'><strong>είς</strong></span> <span class='ocrx_word' id='word_1_76' title='bbox 1839 1142 2034 1195; x_wconf 81' lang='grc' dir='ltr'><strong>κτιστά</strong></span> 
     </span>
    </p>
   </div>
   <div class='ocr_carea' id='block_1_12' title="bbox 447 1223 2033 1300">
    <p class='ocr_par' dir='ltr' id='par_1_12' title="bbox 447 1223 2033 1300">
     <span class='ocr_line' id='line_1_12' title="bbox 447 1223 2033 1300; baseline 0.007 -25"><span class='ocrx_word' id='word_1_77' title='bbox 447 1223 542 1275; x_wconf 82' lang='grc' dir='ltr'><strong>καὶ</strong></span> <span class='ocrx_word' id='word_1_78' title='bbox 577 1223 814 1279; x_wconf 85' lang='grc' dir='ltr'><strong>ἀκτιστα</strong></span> <span class='ocrx_word' id='word_1_79' title='bbox 845 1225 946 1296; x_wconf 82' lang='grc' dir='ltr'><strong>τὴν</strong></span> <span class='ocrx_word' id='word_1_80' title='bbox 983 1226 1116 1295; x_wconf 89' lang='grc' dir='ltr'><strong>μίαν</strong></span> <span class='ocrx_word' id='word_1_81' title='bbox 1162 1229 1417 1299; x_wconf 87' lang='grc' dir='ltr'><strong>θεότητα,</strong></span> <span class='ocrx_word' id='word_1_82' title='bbox 1449 1230 1550 1300; x_wconf 81' lang='grc' dir='ltr'><strong>τὴν</strong></span> <span class='ocrx_word' id='word_1_83' title='bbox 1595 1229 1654 1284; x_wconf 81' lang='grc' dir='ltr'><strong>δὲ</strong></span> <span class='ocrx_word' id='word_1_84' title='bbox 1703 1231 1893 1286; x_wconf 80' lang='grc' dir='ltr'><strong>ἀθεῖαν</strong></span> <span class='ocrx_word' id='word_1_85' title='bbox 1929 1235 2033 1286; x_wconf 90' lang='grc' dir='ltr'><strong>οὐκ</strong></span> 
     </span>
    </p>
   </div>
   <div class='ocr_carea' id='block_1_13' title="bbox 442 1315 2033 1394">
    <p class='ocr_par' dir='ltr' id='par_1_13' title="bbox 442 1315 2033 1394">
     <span class='ocr_line' id='line_1_13' title="bbox 442 1315 2033 1394; baseline 0.008 -28"><span class='ocrx_word' id='word_1_86' title='bbox 442 1315 702 1372; x_wconf 79' lang='grc' dir='ltr'><strong>ἐντεῦθεν</strong></span> <span class='ocrx_word' id='word_1_87' title='bbox 747 1317 911 1386; x_wconf 88' lang='grc' dir='ltr'><strong>μόνον</strong></span> <span class='ocrx_word' id='word_1_88' title='bbox 944 1319 1263 1388; x_wconf 75' lang='grc' dir='ltr'><strong>εἰσάγοντες</strong></span> <span class='ocrx_word' id='word_1_89' title='bbox 1290 1337 1306 1353; x_wconf 78' lang='grc' dir='ltr'><strong>ο</strong></span> <span class='ocrx_word' id='word_1_90' title='bbox 1341 1317 1409 1393; x_wconf 83' lang='grc' dir='ltr'>ἧς</span> <span class='ocrx_word' id='word_1_91' title='bbox 1436 1323 1546 1391; x_wconf 83' lang='grc' dir='ltr'><strong>γάρ</strong></span> <span class='ocrx_word' id='word_1_92' title='bbox 1577 1323 1768 1387; x_wconf 83' lang='grc' dir='ltr'><strong>οὐσίας</strong></span> <span class='ocrx_word' id='word_1_93' title='bbox 1805 1327 1836 1394; x_wconf 77' lang='grc' dir='ltr'>ἡ</span> <span class='ocrx_word' id='word_1_94' title='bbox 1872 1326 2033 1380; x_wconf 83' lang='grc' dir='ltr'><strong>δύνα-</strong></span> 
     </span>
    </p>
   </div>
   <div class='ocr_carea' id='block_1_14' title="bbox 448 1410 2031 1489">
    <p class='ocr_par' dir='ltr' id='par_1_14' title="bbox 448 1410 2031 1489">
     <span class='ocr_line' id='line_1_14' title="bbox 448 1410 2031 1489; baseline 0.008 -29"><span class='ocrx_word' id='word_1_95' title='bbox 448 1426 543 1476; x_wconf 88' lang='grc' dir='ltr'><strong>μις</strong></span> <span class='ocrx_word' id='word_1_96' title='bbox 581 1410 679 1462; x_wconf 71' lang='grc' dir='ltr'><strong>καὶ</strong></span> <span class='ocrx_word' id='word_1_97' title='bbox 709 1411 741 1481; x_wconf 81' lang='grc' dir='ltr'><strong>ὴ</strong></span> <span class='ocrx_word' id='word_1_98' title='bbox 791 1411 1050 1482; x_wconf 66' lang='grc' dir='ltr'><strong>ἐνέργεια</strong></span> <span class='ocrx_word' id='word_1_99' title='bbox 1086 1415 1184 1467; x_wconf 82' lang='grc' dir='ltr'><strong>καὶ</strong></span> <span class='ocrx_word' id='word_1_100' title='bbox 1217 1415 1251 1485; x_wconf 80' lang='grc' dir='ltr'><strong>ἡ</strong></span> <span class='ocrx_word' id='word_1_101' title='bbox 1299 1415 1523 1488; x_wconf 87' lang='grc' dir='ltr'><strong>θέλησις</strong></span> <span class='ocrx_word' id='word_1_102' title='bbox 1553 1417 1646 1469; x_wconf 77' lang='grc' dir='ltr'><strong>καὶ</strong></span> <span class='ocrx_word' id='word_1_103' title='bbox 1694 1419 1727 1487; x_wconf 77' lang='grc' dir='ltr'><strong>ἡ</strong></span> <span class='ocrx_word' id='word_1_104' title='bbox 1761 1417 2031 1489; x_wconf 73' lang='grc' dir='ltr'><strong>ἕλλαμψις</strong></span> 
     </span>
    </p>
   </div>
   <div class='ocr_carea' id='block_1_15' title="bbox 443 1502 2032 1582">
    <p class='ocr_par' dir='ltr' id='par_1_15' title="bbox 443 1502 2032 1582">
     <span class='ocr_line' id='line_1_15' title="bbox 443 1502 2032 1582; baseline 0.009 -30"><span class='ocrx_word' id='word_1_105' title='bbox 443 1502 664 1571; x_wconf 79' lang='grc' dir='ltr'><strong>κτιστὴ,</strong></span> <span class='ocrx_word' id='word_1_106' title='bbox 694 1502 810 1564; x_wconf 72' lang='grc' dir='ltr'><strong>πῶς</strong></span> <span class='ocrx_word' id='word_1_107' title='bbox 846 1503 989 1574; x_wconf 72' lang='grc' dir='ltr'><strong>αὕτη</strong></span> <span class='ocrx_word' id='word_1_108' title='bbox 1018 1505 1281 1561; x_wconf 77' lang='grc' dir='ltr'><strong>ἀκτιστος</strong></span> <span class='ocrx_word' id='word_1_109' title='bbox 1307 1527 1323 1573; x_wconf 86' lang='lat'><strong>;</strong></span> <span class='ocrx_word' id='word_1_110' title='bbox 1349 1505 1496 1562; x_wconf 69' lang='grc' dir='ltr'><strong>’ἀλλὰ</strong></span> <span class='ocrx_word' id='word_1_111' title='bbox 1532 1511 1630 1562; x_wconf 80' lang='grc' dir='ltr'><strong>καὶ</strong></span> <span class='ocrx_word' id='word_1_112' title='bbox 1663 1509 1770 1562; x_wconf 83' lang='grc' dir='ltr'><strong>ἀπὸ</strong></span> <span class='ocrx_word' id='word_1_113' title='bbox 1801 1511 1896 1566; x_wconf 80' lang='grc' dir='ltr'><strong>τοῦ</strong></span> <span class='ocrx_word' id='word_1_114' title='bbox 1931 1513 2032 1582; x_wconf 84' lang='grc' dir='ltr'><strong>τὴν</strong></span> 
     </span>
    </p>
   </div>
   <div class='ocr_carea' id='block_1_16' title="bbox 443 1595 2030 1674">
    <p class='ocr_par' dir='ltr' id='par_1_16' title="bbox 443 1595 2030 1674">
     <span class='ocr_line' id='line_1_16' title="bbox 443 1595 2030 1674; baseline 0.009 -26"><span class='ocrx_word' id='word_1_115' title='bbox 443 1595 717 1665; x_wconf 77' lang='grc' dir='ltr'><strong>διαφορὰν</strong></span> <span class='ocrx_word' id='word_1_116' title='bbox 746 1598 964 1650; x_wconf 75' lang='grc' dir='ltr'><strong>ἀνελεῖν</strong></span> <span class='ocrx_word' id='word_1_117' title='bbox 1004 1598 1109 1667; x_wconf 86' lang='grc' dir='ltr'><strong>τῆς</strong></span> <span class='ocrx_word' id='word_1_118' title='bbox 1141 1598 1295 1662; x_wconf 86' lang='grc' dir='ltr'><strong>θείας</strong></span> <span class='ocrx_word' id='word_1_119' title='bbox 1339 1600 1532 1664; x_wconf 84' lang='grc' dir='ltr'><strong>οὐσίας</strong></span> <span class='ocrx_word' id='word_1_120' title='bbox 1581 1603 1715 1671; x_wconf 78' lang='grc' dir='ltr'><strong>πρὸς</strong></span> <span class='ocrx_word' id='word_1_121' title='bbox 1745 1603 1847 1674; x_wconf 79' lang='grc' dir='ltr'><strong>τὴν</strong></span> <span class='ocrx_word' id='word_1_122' title='bbox 1878 1605 2030 1662; x_wconf 91' lang='grc' dir='ltr'><strong>θείαν</strong></span> 
     </span>
    </p>
   </div>
   <div class='ocr_carea' id='block_1_17' title="bbox 441 1688 2032 1767">
    <p class='ocr_par' dir='ltr' id='par_1_17' title="bbox 441 1688 2032 1767">
     <span class='ocr_line' id='line_1_17' title="bbox 441 1688 2032 1767; baseline 0.01 -30"><span class='ocrx_word' id='word_1_123' title='bbox 441 1688 759 1754; x_wconf 71' lang='grc' dir='ltr'><strong>ἐνέργειαν·</strong></span> <span class='ocrx_word' id='word_1_124' title='bbox 794 1689 1036 1760; x_wconf 78' lang='grc' dir='ltr'><strong>ἑκατέρα</strong></span> <span class='ocrx_word' id='word_1_125' title='bbox 1073 1692 1183 1762; x_wconf 80' lang='grc' dir='ltr'><strong>γάρ</strong></span> <span class='ocrx_word' id='word_1_126' title='bbox 1229 1692 1405 1757; x_wconf 78' lang='grc' dir='ltr'><strong>οὕτως</strong></span> <span class='ocrx_word' id='word_1_127' title='bbox 1451 1695 1542 1764; x_wconf 77' lang='grc' dir='ltr'><strong>ὐφ’</strong></span> <span class='ocrx_word' id='word_1_128' title='bbox 1589 1697 1859 1767; x_wconf 78' lang='grc' dir='ltr'><strong>ἑκατέρας</strong></span> <span class='ocrx_word' id='word_1_129' title='bbox 1887 1701 2032 1753; x_wconf 82' lang='grc' dir='ltr'><strong>κατά</strong></span> 
     </span>
    </p>
   </div>
   <div class='ocr_carea' id='block_1_18' title="bbox 443 1781 2026 1862">
    <p class='ocr_par' dir='ltr' id='par_1_18' title="bbox 443 1781 2026 1862">
     <span class='ocr_line' id='line_1_18' title="bbox 443 1781 2026 1862; baseline 0.009 -31"><span class='ocrx_word' id='word_1_130' title='bbox 443 1781 630 1832; x_wconf 75' lang='grc' dir='ltr'><strong>πᾶσαν</strong></span> <span class='ocrx_word' id='word_1_131' title='bbox 670 1781 922 1851; x_wconf 88' lang='grc' dir='ltr'><strong>ἀνάγκην</strong></span> <span class='ocrx_word' id='word_1_132' title='bbox 975 1784 1352 1856; x_wconf 78' lang='grc' dir='ltr'><strong>ἐξωθουμένη,</strong></span> <span class='ocrx_word' id='word_1_133' title='bbox 1383 1789 1628 1859; x_wconf 75' lang='grc' dir='ltr'><strong>χωρήσει</strong></span> <span class='ocrx_word' id='word_1_134' title='bbox 1667 1791 1808 1860; x_wconf 80' lang='grc' dir='ltr'><strong>πρὸς</strong></span> <span class='ocrx_word' id='word_1_135' title='bbox 1857 1793 1918 1845; x_wconf 83' lang='grc' dir='ltr'><strong>τὸ</strong></span> <span class='ocrx_word' id='word_1_136' title='bbox 1951 1793 2026 1862; x_wconf 78' lang='grc' dir='ltr'><strong>μὴ</strong></span> 
     </span>
    </p>
   </div>
   <div class='ocr_carea' id='block_1_19' title="bbox 439 1869 2026 1955">
    <p class='ocr_par' dir='ltr' id='par_1_19' title="bbox 439 1869 2026 1955">
     <span class='ocr_line' id='line_1_19' title="bbox 439 1869 2026 1955; baseline 0.009 -32"><span class='ocrx_word' id='word_1_137' title='bbox 439 1869 525 1936; x_wconf 79' lang='grc' dir='ltr'><strong>ὃν,</strong></span> <span class='ocrx_word' id='word_1_138' title='bbox 563 1873 657 1926; x_wconf 72' lang='grc' dir='ltr'><strong>καὶ</strong></span> <span class='ocrx_word' id='word_1_139' title='bbox 684 1874 753 1928; x_wconf 85' lang='grc' dir='ltr'><strong>δι’</strong></span> <span class='ocrx_word' id='word_1_140' title='bbox 789 1875 1038 1947; x_wconf 75' lang='grc' dir='ltr'><strong>ἀλλήλων</strong></span> <span class='ocrx_word' id='word_1_141' title='bbox 1067 1879 1404 1948; x_wconf 77' lang='grc' dir='ltr'><strong>ἀμφότεραι,</strong></span> <span class='ocrx_word' id='word_1_142' title='bbox 1435 1883 1529 1935; x_wconf 78' lang='grc' dir='ltr'><strong>καὶ</strong></span> <span class='ocrx_word' id='word_1_143' title='bbox 1571 1880 1715 1950; x_wconf 71' lang='grc' dir='ltr'><strong>οῦτω</strong></span> <span class='ocrx_word' id='word_1_144' title='bbox 1747 1885 2026 1955; x_wconf 76' lang='grc' dir='ltr'><strong>συμϐήσε-</strong></span> 
     </span>
    </p>
   </div>
   <div class='ocr_carea' id='block_1_20' title="bbox 440 1966 2026 2048">
    <p class='ocr_par' dir='ltr' id='par_1_20' title="bbox 440 1966 2026 2048">
     <span class='ocr_line' id='line_1_20' title="bbox 440 1966 2026 2048; baseline 0.011 -33"><span class='ocrx_word' id='word_1_145' title='bbox 440 1980 530 2017; x_wconf 84' lang='grc' dir='ltr'><strong>ται</strong></span> <span class='ocrx_word' id='word_1_146' title='bbox 579 1967 853 2036; x_wconf 80' lang='grc' dir='ltr'><strong>μηδεμίαν</strong></span> <span class='ocrx_word' id='word_1_147' title='bbox 915 1966 1059 2024; x_wconf 77' lang='grc' dir='ltr'><strong>εἶναι</strong></span> <span class='ocrx_word' id='word_1_148' title='bbox 1111 1971 1342 2040; x_wconf 75' lang='grc' dir='ltr'><strong>θεότητα</strong></span> <span class='ocrx_word' id='word_1_149' title='bbox 1390 1973 1669 2030; x_wconf 85' lang='grc' dir='ltr'><strong>άκτιστον.</strong></span> <span class='ocrx_word' id='word_1_150' title='bbox 1717 1977 1921 2032; x_wconf 83' lang='grc' dir='ltr'><strong>Τούτου</strong></span> <span class='ocrx_word' id='word_1_151' title='bbox 1963 1981 2026 2048; x_wconf 77' lang='grc' dir='ltr'><strong>δὴ</strong></span> 
     </span>
    </p>
   </div>
   <div class='ocr_carea' id='block_1_21' title="bbox 439 2056 2026 2142">
    <p class='ocr_par' dir='ltr' id='par_1_21' title="bbox 439 2056 2026 2142">
     <span class='ocr_line' id='line_1_21' title="bbox 439 2056 2026 2142; baseline 0.013 -34"><span class='ocrx_word' id='word_1_152' title='bbox 439 2056 536 2110; x_wconf 87' lang='grc' dir='ltr'><strong>τοῦ</strong></span> <span class='ocrx_word' id='word_1_153' title='bbox 583 2061 840 2128; x_wconf 81' lang='grc' dir='ltr'><strong>νεήλυδος</strong></span> <span class='ocrx_word' id='word_1_154' title='bbox 880 2058 1272 2133; x_wconf 83' lang='grc' dir='ltr'><strong>Ἀρειανισμοῦ</strong></span> <span class='ocrx_word' id='word_1_155' title='bbox 1305 2083 1362 2120; x_wconf 88' lang='grc' dir='ltr'><strong>τε</strong></span> <span class='ocrx_word' id='word_1_156' title='bbox 1411 2072 1507 2120; x_wconf 79' lang='grc' dir='ltr'><strong>καὶ</strong></span> <span class='ocrx_word' id='word_1_157' title='bbox 1550 2069 2026 2142; x_wconf 81' lang='grc' dir='ltr'><strong>Σαϐελλιανισμοῦ</strong></span> 
     </span>
    </p>
   </div>
   <div class='ocr_carea' id='block_1_22' title="bbox 441 2151 2028 2233">
    <p class='ocr_par' dir='ltr' id='par_1_22' title="bbox 441 2151 2028 2233">
     <span class='ocr_line' id='line_1_22' title="bbox 441 2151 2028 2233; baseline 0.01 -31"><span class='ocrx_word' id='word_1_158' title='bbox 441 2151 536 2202; x_wconf 77' lang='grc' dir='ltr'><strong>καὶ</strong></span> <span class='ocrx_word' id='word_1_159' title='bbox 565 2151 662 2220; x_wconf 82' lang='grc' dir='ltr'><strong>τῆς</strong></span> <span class='ocrx_word' id='word_1_160' title='bbox 695 2153 859 2207; x_wconf 84' lang='grc' dir='ltr'><strong>ἀθέου</strong></span> <span class='ocrx_word' id='word_1_161' title='bbox 883 2155 1092 2226; x_wconf 83' lang='grc' dir='ltr'><strong>ταύτης</strong></span> <span class='ocrx_word' id='word_1_162' title='bbox 1119 2159 1215 2212; x_wconf 82' lang='grc' dir='ltr'><strong>καὶ</strong></span> <span class='ocrx_word' id='word_1_163' title='bbox 1247 2158 1512 2214; x_wconf 81' lang='grc' dir='ltr'><strong>πολυθέου</strong></span> <span class='ocrx_word' id='word_1_164' title='bbox 1549 2163 1820 2233; x_wconf 83' lang='grc' dir='ltr'><strong>συστολῆς</strong></span> <span class='ocrx_word' id='word_1_165' title='bbox 1849 2182 1908 2218; x_wconf 85' lang='grc' dir='ltr'><strong>τε</strong></span> <span class='ocrx_word' id='word_1_166' title='bbox 1932 2167 2028 2220; x_wconf 64' lang='grc' dir='ltr'><strong>καλ⁹</strong></span> 
     </span>
    </p>
   </div>
   <div class='ocr_carea' id='block_1_23' title="bbox 442 2245 2027 2330">
    <p class='ocr_par' dir='ltr' id='par_1_23' title="bbox 442 2245 2027 2330">
     <span class='ocr_line' id='line_1_23' title="bbox 442 2245 2027 2330; baseline 0.011 -36"><span class='ocrx_word' id='word_1_167' title='bbox 442 2245 766 2315; x_wconf 79' lang='grc' dir='ltr'><strong>κατατομῆς</strong></span> <span class='ocrx_word' id='word_1_168' title='bbox 800 2246 901 2314; x_wconf 81' lang='grc' dir='ltr'><strong>τῆς</strong></span> <span class='ocrx_word' id='word_1_169' title='bbox 953 2248 1211 2319; x_wconf 85' lang='grc' dir='ltr'><strong>θεότητος</strong></span> <span class='ocrx_word' id='word_1_170' title='bbox 1263 2253 1511 2321; x_wconf 81' lang='grc' dir='ltr'><strong>ἀρχηγὸς</strong></span> <span class='ocrx_word' id='word_1_171' title='bbox 1567 2256 1664 2308; x_wconf 78' lang='grc' dir='ltr'><strong>καὶ</strong></span> <span class='ocrx_word' id='word_1_172' title='bbox 1712 2259 2027 2330; x_wconf 82' lang='grc' dir='ltr'><strong>προστάτης</strong></span> 
     </span>
    </p>
   </div>
   <div class='ocr_carea' id='block_1_24' title="bbox 439 2336 2028 2420">
    <p class='ocr_par' dir='ltr' id='par_1_24' title="bbox 439 2336 2028 2420">
     <span class='ocr_line' id='line_1_24' title="bbox 439 2336 2028 2420; baseline 0.009 -32"><span class='ocrx_word' id='word_1_173' title='bbox 439 2336 653 2407; x_wconf 78' lang='grc' dir='ltr'><strong>ὑπῆρξε</strong></span> <span class='ocrx_word' id='word_1_174' title='bbox 684 2340 907 2409; x_wconf 90' lang='grc' dir='ltr'><strong>πρῶτος</strong></span> <span class='ocrx_word' id='word_1_175' title='bbox 934 2344 963 2396; x_wconf 88' lang='lat'><strong>6</strong></span> <span class='ocrx_word' id='word_1_176' title='bbox 993 2342 1287 2414; x_wconf 81' lang='grc' dir='ltr'><strong>Καλαϐρὸς</strong></span> <span class='ocrx_word' id='word_1_177' title='bbox 1315 2345 1586 2416; x_wconf 87' lang='grc' dir='ltr'><strong>Βαρλαάμ</strong></span> <span class='ocrx_word' id='word_1_178' title='bbox 1611 2363 1626 2378; x_wconf 75' lang='grc'><strong><em>⁸</em></strong></span> <span class='ocrx_word' id='word_1_179' title='bbox 1661 2348 2028 2420; x_wconf 85' lang='grc' dir='ltr'><strong>ὐποκρινόμε-</strong></span> 
     </span>
    </p>
   </div>
   <div class='ocr_carea' id='block_1_25' title="bbox 441 2429 2027 2512">
    <p class='ocr_par' dir='ltr' id='par_1_25' title="bbox 441 2429 2027 2512">
     <span class='ocr_line' id='line_1_25' title="bbox 441 2429 2027 2512; baseline 0.009 -32"><span class='ocrx_word' id='word_1_180' title='bbox 441 2445 531 2490; x_wconf 82' lang='grc' dir='ltr'><strong>νος</strong></span> <span class='ocrx_word' id='word_1_181' title='bbox 557 2429 617 2483; x_wconf 75' lang='grc' dir='ltr'><strong>δὲ</strong></span> <span class='ocrx_word' id='word_1_182' title='bbox 651 2431 732 2501; x_wconf 81' lang='grc' dir='ltr'><strong>τῷ</strong></span> <span class='ocrx_word' id='word_1_183' title='bbox 765 2432 962 2507; x_wconf 67' lang='grc' dir='ltr'><strong>ἐνιαίῳ</strong></span> <span class='ocrx_word' id='word_1_184' title='bbox 991 2438 1322 2507; x_wconf 81' lang='grc' dir='ltr'><strong>συνηγορεῖν</strong></span> <span class='ocrx_word' id='word_1_185' title='bbox 1353 2439 1454 2509; x_wconf 81' lang='grc' dir='ltr'><strong>τῆς</strong></span> <span class='ocrx_word' id='word_1_186' title='bbox 1479 2439 1756 2512; x_wconf 86' lang='grc' dir='ltr'><strong>θεότητος,</strong></span> <span class='ocrx_word' id='word_1_187' title='bbox 1795 2442 2027 2505; x_wconf 65' lang='grc' dir='ltr'><strong>πολλοὺς</strong></span> 
     </span>
    </p>
   </div>
   <div class='ocr_carea' id='block_1_26' title="bbox 439 2517 2026 2598">
    <p class='ocr_par' dir='ltr' id='par_1_26' title="bbox 439 2517 2026 2598">
     <span class='ocr_line' id='line_1_26' title="bbox 439 2517 2026 2598; baseline 0.009 -26"><span class='ocrx_word' id='word_1_188' title='bbox 439 2517 765 2591; x_wconf 74' lang='grc' dir='ltr'><strong>ὑπηγάγετο</strong></span> <span class='ocrx_word' id='word_1_189' title='bbox 797 2525 894 2578; x_wconf 79' lang='grc' dir='ltr'><strong>καὶ</strong></span> <span class='ocrx_word' id='word_1_190' title='bbox 927 2525 1038 2578; x_wconf 89' lang='grc' dir='ltr'><strong>τῶν</strong></span> <span class='ocrx_word' id='word_1_191' title='bbox 1066 2526 1142 2590; x_wconf 85' lang='grc' dir='ltr'><strong>ὼς</strong></span> <span class='ocrx_word' id='word_1_192' title='bbox 1181 2527 1400 2598; x_wconf 88' lang='grc' dir='ltr'><strong>ἀληθῶς</strong></span> <span class='ocrx_word' id='word_1_193' title='bbox 1449 2530 1546 2584; x_wconf 73' lang='grc' dir='ltr'><strong>ἕνα</strong></span> <span class='ocrx_word' id='word_1_194' title='bbox 1589 2531 1858 2586; x_wconf 84' lang='grc' dir='ltr'><strong>σεϐόντων</strong></span> <span class='ocrx_word' id='word_1_195' title='bbox 1891 2533 2026 2587; x_wconf 81' lang='grc' dir='ltr'><strong>Θεὸν</strong></span> 
     </span>
    </p>
   </div>
   <div class='ocr_carea' id='block_1_27' title="bbox 436 2613 2027 2698">
    <p class='ocr_par' dir='ltr' id='par_1_27' title="bbox 436 2613 2027 2698">
     <span class='ocr_line' id='line_1_27' title="bbox 436 2613 2027 2698; baseline 0.011 -34"><span class='ocrx_word' id='word_1_196' title='bbox 436 2613 498 2663; x_wconf 81' lang='grc' dir='ltr'><strong>ἐν</strong></span> <span class='ocrx_word' id='word_1_197' title='bbox 532 2615 631 2684; x_wconf 86' lang='grc' dir='ltr'><strong>μιᾷ</strong></span> <span class='ocrx_word' id='word_1_198' title='bbox 661 2617 756 2669; x_wconf 74' lang='grc' dir='ltr'><strong>καὶ</strong></span> <span class='ocrx_word' id='word_1_199' title='bbox 780 2617 950 2683; x_wconf 80' lang='grc' dir='ltr'><strong>ὅντως</strong></span> <span class='ocrx_word' id='word_1_200' title='bbox 1003 2619 1252 2691; x_wconf 81' lang='grc' dir='ltr'><strong>ἀκτίστῳ</strong></span> <span class='ocrx_word' id='word_1_201' title='bbox 1285 2621 1504 2692; x_wconf 84' lang='grc' dir='ltr'><strong>θεότητι</strong></span> <span class='ocrx_word' id='word_1_202' title='bbox 1553 2624 1651 2677; x_wconf 83' lang='grc' dir='ltr'><strong>καὶ</strong></span> <span class='ocrx_word' id='word_1_203' title='bbox 1685 2624 1901 2698; x_wconf 69' lang='grc' dir='ltr'><strong>γλτὶοττῃ</strong></span> <span class='ocrx_word' id='word_1_204' title='bbox 1930 2625 2027 2680; x_wconf 81' lang='grc' dir='ltr'><strong>καὶ</strong></span> 
     </span>
    </p>
   </div>
   <div class='ocr_carea' id='block_1_28' title="bbox 437 2707 2028 2789">
    <p class='ocr_par' dir='ltr' id='par_1_28' title="bbox 437 2707 2028 2789">
     <span class='ocr_line' id='line_1_28' title="bbox 437 2707 2028 2789; baseline 0.008 -28"><span class='ocrx_word' id='word_1_205' title='bbox 437 2707 741 2776; x_wconf 78' lang='grc' dir='ltr'><strong>γράμμασι</strong></span> <span class='ocrx_word' id='word_1_206' title='bbox 783 2711 1168 2782; x_wconf 84' lang='grc' dir='ltr'><strong>κατατρέχων,</strong></span> <span class='ocrx_word' id='word_1_207' title='bbox 1201 2714 1278 2777; x_wconf 83' lang='grc' dir='ltr'><strong>ὡς</strong></span> <span class='ocrx_word' id='word_1_208' title='bbox 1304 2714 1566 2770; x_wconf 82' lang='grc' dir='ltr'><strong>ἄκτιστον</strong></span> <span class='ocrx_word' id='word_1_209' title='bbox 1594 2711 1738 2771; x_wconf 78' lang='grc' dir='ltr'><strong>εἶναι</strong></span> <span class='ocrx_word' id='word_1_210' title='bbox 1765 2719 2028 2789; x_wconf 87' lang='grc' dir='ltr'><strong>φρονούν-</strong></span> 
     </span>
    </p>
   </div>
   <div class='ocr_carea' id='block_1_29' title="bbox 435 2801 2055 2884">
    <p class='ocr_par' dir='ltr' id='par_1_29' title="bbox 435 2801 2055 2884">
     <span class='ocr_line' id='line_1_29' title="bbox 435 2801 2055 2884; baseline 0.01 -32"><span class='ocrx_word' id='word_1_211' title='bbox 435 2817 547 2853; x_wconf 88' lang='grc' dir='ltr'><strong>των</strong></span> <span class='ocrx_word' id='word_1_212' title='bbox 577 2801 720 2870; x_wconf 83' lang='grc' dir='ltr'><strong>μετά</strong></span> <span class='ocrx_word' id='word_1_213' title='bbox 756 2803 858 2873; x_wconf 84' lang='grc' dir='ltr'><strong>τῆς</strong></span> <span class='ocrx_word' id='word_1_214' title='bbox 889 2804 1032 2876; x_wconf 85' lang='grc' dir='ltr'><strong>ὑπὲρ</strong></span> <span class='ocrx_word' id='word_1_215' title='bbox 1069 2807 1255 2860; x_wconf 80' lang='grc' dir='ltr'><strong>πᾶσαν</strong></span> <span class='ocrx_word' id='word_1_216' title='bbox 1289 2807 1559 2876; x_wconf 76' lang='grc' dir='ltr'><strong>έκφανσιν</strong></span> <span class='ocrx_word' id='word_1_217' title='bbox 1585 2809 1778 2873; x_wconf 79' lang='grc' dir='ltr'><strong>οὐσίας</strong></span> <span class='ocrx_word' id='word_1_218' title='bbox 1809 2814 1903 2865; x_wconf 79' lang='grc' dir='ltr'><strong>καὶ</strong></span> <span class='ocrx_word' id='word_1_219' title='bbox 1923 2812 2055 2884; x_wconf 76' lang='grc' dir='ltr'><strong>τῆν’</strong></span> 
     </span>
    </p>
   </div>
   <div class='ocr_carea' id='block_1_30' title="bbox 431 2894 2027 2984">
    <p class='ocr_par' dir='ltr' id='par_1_30' title="bbox 431 2894 2027 2984">
     <span class='ocr_line' id='line_1_30' title="bbox 431 2894 2027 2984; baseline 0.008 -39"><span class='ocrx_word' id='word_1_220' title='bbox 431 2895 552 2956; x_wconf 86' lang='grc' dir='ltr'><strong>τοῖς</strong></span> <span class='ocrx_word' id='word_1_221' title='bbox 581 2894 755 2960; x_wconf 78' lang='grc' dir='ltr'><strong>ἀξίοις</strong></span> <span class='ocrx_word' id='word_1_222' title='bbox 805 2897 1248 2969; x_wconf 82' lang='grc' dir='ltr'><strong>ἐπιφαινομένην</strong></span> <span class='ocrx_word' id='word_1_223' title='bbox 1278 2899 1436 2955; x_wconf 88' lang='grc' dir='ltr'><strong>θείαν</strong></span> <span class='ocrx_word' id='word_1_224' title='bbox 1475 2901 1754 2972; x_wconf 77' lang='grc' dir='ltr'><strong>ἔλλαμψιν</strong></span> <span class='ocrx_word' id='word_1_225' title='bbox 1781 2903 1878 2960; x_wconf 88' lang='grc' dir='ltr'><strong>δύο</strong></span> <span class='ocrx_word' id='word_1_226' title='bbox 1909 2905 2027 2984; x_wconf 83' lang='grc' dir='ltr'><strong>θεό-</strong></span> 
     </span>
    </p>
   </div>
   <div class='ocr_carea' id='block_1_31' title="bbox 435 2991 2026 3067">
    <p class='ocr_par' dir='ltr' id='par_1_31' title="bbox 435 2991 2026 3067">
     <span class='ocr_line' id='line_1_31' title="bbox 435 2991 2026 3067; baseline 0.006 -25"><span class='ocrx_word' id='word_1_227' title='bbox 435 3006 612 3058; x_wconf 85' lang='grc' dir='ltr'><strong>τητας</strong></span> <span class='ocrx_word' id='word_1_228' title='bbox 667 2991 964 3056; x_wconf 78' lang='grc' dir='ltr'><strong>ἀκτίστους</strong></span> <span class='ocrx_word' id='word_1_229' title='bbox 1022 2993 1389 3062; x_wconf 85' lang='grc' dir='ltr'><strong>πρεσϐεύειν,</strong></span> <span class='ocrx_word' id='word_1_230' title='bbox 1445 2997 1856 3067; x_wconf 78' lang='grc' dir='ltr'><strong>ὑπερκειμένην</strong></span> <span class='ocrx_word' id='word_1_231' title='bbox 1929 3001 2026 3052; x_wconf 62' lang='grc' dir='ltr'><strong>καὶ</strong></span> 
     </span>
    </p>
   </div>
   <div class='ocr_carea' id='block_1_32' title="bbox 437 3081 2026 3158">
    <p class='ocr_par' dir='ltr' id='par_1_32' title="bbox 437 3081 2026 3158">
     <span class='ocr_line' id='line_1_32' title="bbox 437 3081 2026 3158; baseline 0.007 -26"><span class='ocrx_word' id='word_1_232' title='bbox 437 3081 767 3153; x_wconf 83' lang='grc' dir='ltr'><strong>ὑφειμένην,</strong></span> <span class='ocrx_word' id='word_1_233' title='bbox 799 3084 1081 3149; x_wconf 89' lang='grc' dir='ltr'><strong>δυσσεϐῶς</strong></span> <span class='ocrx_word' id='word_1_234' title='bbox 1137 3087 1463 3156; x_wconf 66' lang='grc' dir='ltr'><strong>κατηγόρει,</strong></span> <span class='ocrx_word' id='word_1_235' title='bbox 1495 3087 1726 3158; x_wconf 69' lang='grc' dir='ltr'><strong>κτιστὴν</strong></span> <span class='ocrx_word' id='word_1_236' title='bbox 1749 3090 1914 3153; x_wconf 77' lang='grc' dir='ltr'><strong>αὐτὸς</strong></span> <span class='ocrx_word' id='word_1_237' title='bbox 1930 3093 2026 3144; x_wconf 79' lang='grc' dir='ltr'><strong>καὶ</strong></span> 
     </span>
    </p>
   </div>
   <div class='ocr_carea' id='block_1_33' title="bbox 435 3173 2095 3264">
    <p class='ocr_par' dir='ltr' id='par_1_33' title="bbox 435 3173 2095 3264">
     <span class='ocr_line' id='line_1_33' title="bbox 435 3173 2095 3264; baseline 0.004 -34"><span class='ocrx_word' id='word_1_238' title='bbox 435 3179 609 3242; x_wconf 70' lang='grc' dir='ltr'><strong>ὅντως</strong></span> <span class='ocrx_word' id='word_1_239' title='bbox 646 3179 974 3249; x_wconf 82' lang='grc' dir='ltr'><strong>ὐφειμένην,</strong></span> <span class='ocrx_word' id='word_1_240' title='bbox 1011 3179 1087 3243; x_wconf 82' lang='grc' dir='ltr'><strong>ὡς</strong></span> <span class='ocrx_word' id='word_1_241' title='bbox 1143 3180 1374 3251; x_wconf 82' lang='grc' dir='ltr'><strong>κτιστὴν</strong></span> <span class='ocrx_word' id='word_1_242' title='bbox 1424 3180 1520 3233; x_wconf 80' lang='grc' dir='ltr'><strong>καὶ</strong></span> <span class='ocrx_word' id='word_1_243' title='bbox 1570 3173 1862 3252; x_wconf 76' lang='grc' dir='ltr'><strong>ὁρωμένην</strong></span> <span class='ocrx_word' id='word_1_244' title='bbox 1908 3185 2095 3264; x_wconf 69' lang='grc' dir='ltr'><strong>τοῖςρ</strong></span> 
     </span>
    </p>
   </div>
   <div class='ocr_carea' id='block_1_34' title="bbox 435 3268 2025 3348">
    <p class='ocr_par' dir='ltr' id='par_1_34' title="bbox 435 3268 2025 3348">
     <span class='ocr_line' id='line_1_34' title="bbox 435 3268 2025 3348; baseline 0.003 -23"><span class='ocrx_word' id='word_1_245' title='bbox 435 3274 940 3343; x_wconf 84' lang='grc' dir='ltr'><strong>κεχαριτωμένοις,</strong></span> <span class='ocrx_word' id='word_1_246' title='bbox 999 3273 1161 3338; x_wconf 84' lang='grc' dir='ltr'><strong>θείως</strong></span> <span class='ocrx_word' id='word_1_247' title='bbox 1212 3273 1660 3344; x_wconf 80' lang='grc' dir='ltr'><strong>ἀποφαινόμενος</strong></span> <span class='ocrx_word' id='word_1_248' title='bbox 1693 3268 1876 3348; x_wconf 13' lang='grc' dir='ltr'><strong>κεῖναι,</strong></span> <span class='ocrx_word' id='word_1_249' title='bbox 1924 3275 2025 3345; x_wconf 81' lang='grc' dir='ltr'><strong>τὴν</strong></span> 
     </span>
    </p>
   </div>
   <div class='ocr_carea' id='block_1_35' title="bbox 437 3362 2024 3434">
    <p class='ocr_par' dir='ltr' id='par_1_35' title="bbox 437 3362 2024 3434">
     <span class='ocr_line' id='line_1_35' title="bbox 437 3362 2024 3434; baseline 0 -18"><span class='ocrx_word' id='word_1_250' title='bbox 437 3362 595 3430; x_wconf 83' lang='grc' dir='ltr'><strong>θείαν</strong></span> <span class='ocrx_word' id='word_1_251' title='bbox 636 3363 734 3417; x_wconf 68' lang='grc' dir='ltr'><strong>καὶ</strong></span> <span class='ocrx_word' id='word_1_252' title='bbox 769 3362 1024 3416; x_wconf 69' lang='grc' dir='ltr'><strong>θεοποιδν</strong></span> <span class='ocrx_word' id='word_1_253' title='bbox 1050 3363 1332 3432; x_wconf 76' lang='grc' dir='ltr'><strong>ἐνέργειαν</strong></span> <span class='ocrx_word' id='word_1_254' title='bbox 1367 3365 1464 3418; x_wconf 71' lang='grc' dir='ltr'><strong>καὶ</strong></span> <span class='ocrx_word' id='word_1_255' title='bbox 1491 3363 1654 3434; x_wconf 84' lang='grc' dir='ltr'><strong>χάριν</strong></span> <span class='ocrx_word' id='word_1_256' title='bbox 1687 3367 1781 3417; x_wconf 79' lang='grc' dir='ltr'><strong>καὶ</strong></span> <span class='ocrx_word' id='word_1_257' title='bbox 1821 3362 2024 3434; x_wconf 73' lang='grc' dir='ltr'><strong>ἐλλαμ-</strong></span> 
     </span>
    </p>
   </div>
   <div class='ocr_carea' id='block_1_36' title="bbox 433 3455 2023 3526">
    <p class='ocr_par' dir='ltr' id='par_1_36' title="bbox 433 3455 2023 3526">
     <span class='ocr_line' id='line_1_36' title="bbox 433 3455 2023 3526; baseline 0.001 -19"><span class='ocrx_word' id='word_1_258' title='bbox 433 3455 553 3525; x_wconf 72' lang='grc' dir='ltr'><strong>ψιν,</strong></span> <span class='ocrx_word' id='word_1_259' title='bbox 591 3455 828 3525; x_wconf 79' lang='grc' dir='ltr'><strong>μάλιστα</strong></span> <span class='ocrx_word' id='word_1_260' title='bbox 859 3457 1080 3510; x_wconf 88' lang='grc' dir='ltr'><strong>πάντων</strong></span> <span class='ocrx_word' id='word_1_261' title='bbox 1110 3458 1170 3511; x_wconf 89' lang='grc' dir='ltr'><strong>ἐν</strong></span> <span class='ocrx_word' id='word_1_262' title='bbox 1199 3456 1412 3520; x_wconf 88' lang='grc' dir='ltr'><strong>τούτοις</strong></span> <span class='ocrx_word' id='word_1_263' title='bbox 1447 3457 1920 3526; x_wconf 80' lang='grc' dir='ltr'><strong>καταφερόμενος,</strong></span> <span class='ocrx_word' id='word_1_264' title='bbox 1947 3457 2023 3520; x_wconf 84' lang='grc' dir='ltr'>ὡς</span> 
     </span>
    </p>
   </div>
   <div class='ocr_carea' id='block_1_37' title="bbox 437 3547 2027 3619">
    <p class='ocr_par' dir='ltr' id='par_1_37' title="bbox 437 3547 2027 3619">
     <span class='ocr_line' id='line_1_37' title="bbox 437 3547 2027 3619; baseline 0 -17"><span class='ocrx_word' id='word_1_265' title='bbox 437 3549 534 3602; x_wconf 75' lang='grc' dir='ltr'><strong>καὶ</strong></span> <span class='ocrx_word' id='word_1_266' title='bbox 558 3550 587 3602; x_wconf 89' lang='lat'><strong>6</strong></span> <span class='ocrx_word' id='word_1_267' title='bbox 616 3547 784 3618; x_wconf 85' lang='grc' dir='ltr'><strong>τόμος</strong></span> <span class='ocrx_word' id='word_1_268' title='bbox 819 3547 1183 3617; x_wconf 88' lang='grc' dir='ltr'><strong>διαλαμϐάνει</strong></span> <span class='ocrx_word' id='word_1_269' title='bbox 1215 3548 1308 3602; x_wconf 83' lang='grc' dir='ltr'><strong>τοῦ</strong></span> <span class='ocrx_word' id='word_1_270' title='bbox 1345 3550 1686 3619; x_wconf 88' lang='grc' dir='ltr'><strong>τιμιωτάτου</strong></span> <span class='ocrx_word' id='word_1_271' title='bbox 1721 3551 1781 3602; x_wconf 90' lang='grc' dir='ltr'><strong>ἐν</strong></span> <span class='ocrx_word' id='word_1_272' title='bbox 1815 3551 2027 3618; x_wconf 86' lang='grc' dir='ltr'><strong>ἱερομο-</strong></span> 
     </span>
    </p>
   </div>
   <div class='ocr_carea' id='block_1_38' title="bbox 433 3641 2024 3714">
    <p class='ocr_par' dir='ltr' id='par_1_38' title="bbox 433 3641 2024 3714">
     <span class='ocr_line' id='line_1_38' title="bbox 433 3641 2024 3714; baseline -0.002 -18"><span class='ocrx_word' id='word_1_273' title='bbox 433 3643 622 3713; x_wconf 88' lang='grc' dir='ltr'><strong>νάχοις</strong></span> <span class='ocrx_word' id='word_1_274' title='bbox 667 3641 772 3714; x_wconf 88' lang='grc' dir='ltr'><strong>κῦρ</strong></span> <span class='ocrx_word' id='word_1_275' title='bbox 807 3642 1115 3712; x_wconf 89' lang='grc' dir='ltr'><strong>Γρηγορίου</strong></span> <span class='ocrx_word' id='word_1_276' title='bbox 1165 3641 1262 3695; x_wconf 87' lang='grc' dir='ltr'><strong>τοῦ</strong></span> <span class='ocrx_word' id='word_1_277' title='bbox 1312 3642 1570 3711; x_wconf 79' lang='grc' dir='ltr'><strong>Παλαμᾶ,</strong></span> <span class='ocrx_word' id='word_1_278' title='bbox 1610 3643 1685 3704; x_wconf 85' lang='grc' dir='ltr'><strong>ὡς</strong></span> <span class='ocrx_word' id='word_1_279' title='bbox 1711 3642 1807 3696; x_wconf 81' lang='grc' dir='ltr'><strong>καὶ</strong></span> <span class='ocrx_word' id='word_1_280' title='bbox 1840 3641 2024 3709; x_wconf 84' lang='grc' dir='ltr'><strong>λόγοις</strong></span> 
     </span>
    </p>
   </div>
   <div class='ocr_carea' id='block_1_39' title="bbox 435 3733 2027 3808">
    <p class='ocr_par' dir='ltr' id='par_1_39' title="bbox 435 3733 2027 3808">
     <span class='ocr_line' id='line_1_39' title="bbox 435 3733 2027 3808; baseline -0.003 -16"><span class='ocrx_word' id='word_1_281' title='bbox 435 3739 534 3792; x_wconf 80' lang='grc' dir='ltr'><strong>καὶ</strong></span> <span class='ocrx_word' id='word_1_282' title='bbox 571 3734 863 3808; x_wconf 72' lang='grc' dir='ltr'><strong>γράμμασι</strong></span> <span class='ocrx_word' id='word_1_283' title='bbox 900 3737 1002 3806; x_wconf 82' lang='grc' dir='ltr'><strong>τὴν</strong></span> <span class='ocrx_word' id='word_1_284' title='bbox 1028 3735 1197 3789; x_wconf 84' lang='grc' dir='ltr'><strong>αὐτοῦ</strong></span> <span class='ocrx_word' id='word_1_285' title='bbox 1239 3737 1503 3806; x_wconf 78' lang='grc' dir='ltr'><strong>τοιαύτην</strong></span> <span class='ocrx_word' id='word_1_286' title='bbox 1537 3733 1865 3788; x_wconf 76' lang='grc' dir='ltr'><strong>δυσσέϐειαν</strong></span> <span class='ocrx_word' id='word_1_287' title='bbox 1895 3735 2027 3787; x_wconf 86' lang='grc' dir='ltr'><strong>ἀνα-</strong></span> 
     </span>
    </p>
   </div>
   <div class='ocr_carea' id='block_1_40' title="bbox 434 3818 2022 3901">
    <p class='ocr_par' dir='ltr' id='par_1_40' title="bbox 434 3818 2022 3901">
     <span class='ocr_line' id='line_1_40' title="bbox 434 3818 2022 3901; baseline -0.004 -16"><span class='ocrx_word' id='word_1_288' title='bbox 434 3831 756 3901; x_wconf 61' lang='grc' dir='ltr'><strong>τρέποντω.</strong></span> <span class='ocrx_word' id='word_1_289' title='bbox 809 3831 1226 3886; x_wconf 85' lang='grc' dir='ltr'><strong>Μετακαλεῖται</strong></span> <span class='ocrx_word' id='word_1_290' title='bbox 1264 3828 1447 3881; x_wconf 85' lang='grc' dir='ltr'><strong>τοίνυν</strong></span> <span class='ocrx_word' id='word_1_291' title='bbox 1507 3825 1794 3898; x_wconf 70' lang='grc' dir='ltr'><strong>πόρρωθεν</strong></span> <span class='ocrx_word' id='word_1_292' title='bbox 1845 3818 2022 3892; x_wconf 73' lang='grc' dir='ltr'><strong>οὗτος,</strong></span> 
     </span>
    </p>
   </div>
   <div class='ocr_carea' id='block_1_41' title="bbox 437 3917 2026 4002">
    <p class='ocr_par' dir='ltr' id='par_1_41' title="bbox 437 3917 2026 4002">
     <span class='ocr_line' id='line_1_41' title="bbox 437 3917 2026 4002; baseline -0.006 -24"><span class='ocrx_word' id='word_1_293' title='bbox 437 3926 827 3994; x_wconf 78' lang='grc' dir='ltr'><strong>συγκροτεῖται</strong></span> <span class='ocrx_word' id='word_1_294' title='bbox 861 3922 1125 3990; x_wconf 87' lang='grc' dir='ltr'><strong>σύλλογος</strong></span> <span class='ocrx_word' id='word_1_295' title='bbox 1155 3920 1422 3991; x_wconf 85' lang='grc' dir='ltr'><strong>ἀρίστων,</strong></span> <span class='ocrx_word' id='word_1_296' title='bbox 1455 3921 1636 3990; x_wconf 84' lang='grc' dir='ltr'><strong>χεῖται</strong></span> <span class='ocrx_word' id='word_1_297' title='bbox 1667 3921 1829 4002; x_wconf 50' lang='grc' dir='ltr'><strong>’πᾶσα</strong></span> <span class='ocrx_word' id='word_1_298' title='bbox 1862 3920 1896 3990; x_wconf 80' lang='grc' dir='ltr'>ἡ</span> <span class='ocrx_word' id='word_1_299' title='bbox 1929 3917 2026 3970; x_wconf 87' lang='grc' dir='ltr'><strong>πό-</strong></span> 
     </span>
    </p>
   </div>
   <div class='ocr_carea' id='block_1_42' title="bbox 435 4010 2027 4083">
    <p class='ocr_par' dir='ltr' id='par_1_42' title="bbox 435 4010 2027 4083">
     <span class='ocr_line' id='line_1_42' title="bbox 435 4010 2027 4083; baseline -0.004 -13"><span class='ocrx_word' id='word_1_300' title='bbox 435 4020 519 4080; x_wconf 88' lang='grc' dir='ltr'><strong>λις</strong></span> <span class='ocrx_word' id='word_1_301' title='bbox 575 4015 1027 4082; x_wconf 86' lang='grc' dir='ltr'><strong>αὐτεπάγγελτος</strong></span> <span class='ocrx_word' id='word_1_302' title='bbox 1065 4013 1205 4083; x_wconf 75' lang='grc' dir='ltr'><strong>πρὸς</strong></span> <span class='ocrx_word' id='word_1_303' title='bbox 1247 4015 1348 4082; x_wconf 83' lang='grc' dir='ltr'><strong>τὴν</strong></span> <span class='ocrx_word' id='word_1_304' title='bbox 1400 4013 1693 4081; x_wconf 69' lang='grc' dir='ltr'><strong>ἀκρόασιν.</strong></span> <span class='ocrx_word' id='word_1_305' title='bbox 1751 4010 2027 4071; x_wconf 76' lang='grc' dir='ltr'><strong>Βασιλέως</strong></span> 
     </span>
    </p>
   </div>
   <div class='ocr_carea' id='block_1_43' title="bbox 437 4102 2026 4176">
    <p class='ocr_par' dir='ltr' id='par_1_43' title="bbox 437 4102 2026 4176">
     <span class='ocr_line' id='line_1_43' title="bbox 437 4102 2026 4176; baseline -0.005 -14"><span class='ocrx_word' id='word_1_306' title='bbox 437 4113 628 4165; x_wconf 82' lang='grc' dir='ltr'><strong>τοίνυν</strong></span> <span class='ocrx_word' id='word_1_307' title='bbox 655 4109 872 4162; x_wconf 84' lang='grc' dir='ltr'><strong>ἐκείνου</strong></span> <span class='ocrx_word' id='word_1_308' title='bbox 910 4107 1006 4172; x_wconf 82' lang='grc' dir='ltr'><strong>τοῦ</strong></span> <span class='ocrx_word' id='word_1_309' title='bbox 1039 4107 1293 4176; x_wconf 83' lang='grc' dir='ltr'><strong>ἀοιδίμου</strong></span> <span class='ocrx_word' id='word_1_310' title='bbox 1335 4105 1430 4159; x_wconf 78' lang='grc' dir='ltr'><strong>καὶ</strong></span> <span class='ocrx_word' id='word_1_311' title='bbox 1458 4107 1767 4175; x_wconf 85' lang='grc' dir='ltr'><strong>μακαρίτου</strong></span> <span class='ocrx_word' id='word_1_312' title='bbox 1795 4104 1891 4157; x_wconf 74' lang='grc' dir='ltr'><strong>καὶ</strong></span> <span class='ocrx_word' id='word_1_313' title='bbox 1930 4102 2026 4155; x_wconf 84' lang='grc' dir='ltr'><strong>τοῦ</strong></span> 
     </span>
    </p>
   </div>
   <div class='ocr_carea' id='block_1_44' title="bbox 435 4192 2027 4274">
    <p class='ocr_par' dir='ltr' id='par_1_44' title="bbox 435 4192 2027 4274">
     <span class='ocr_line' id='line_1_44' title="bbox 435 4192 2027 4274; baseline -0.006 -16"><span class='ocrx_word' id='word_1_314' title='bbox 435 4208 784 4274; x_wconf 77' lang='grc' dir='ltr'><strong>πατριάρχου</strong></span> <span class='ocrx_word' id='word_1_315' title='bbox 841 4192 1310 4272; x_wconf 76' lang='grc' dir='ltr'><strong>προκαθημένων,</strong></span> <span class='ocrx_word' id='word_1_316' title='bbox 1371 4196 1646 4266; x_wconf 86' lang='grc' dir='ltr'><strong>ἱεραρχῶν</strong></span> <span class='ocrx_word' id='word_1_317' title='bbox 1681 4214 1742 4250; x_wconf 87' lang='grc' dir='ltr'><strong>τε</strong></span> <span class='ocrx_word' id='word_1_318' title='bbox 1791 4197 2027 4250; x_wconf 72' lang='grc' dir='ltr'><strong>καὶτῶν</strong></span> 
     </span>
    </p>
   </div>
   <div class='ocr_carea' id='block_1_45' title="bbox 435 4288 2026 4363">
    <p class='ocr_par' dir='ltr' id='par_1_45' title="bbox 435 4288 2026 4363">
     <span class='ocr_line' id='line_1_45' title="bbox 435 4288 2026 4363; baseline -0.006 -14"><span class='ocrx_word' id='word_1_319' title='bbox 435 4295 745 4349; x_wconf 83' lang='grc' dir='ltr'><strong>καθολικῶν</strong></span> <span class='ocrx_word' id='word_1_320' title='bbox 779 4293 1008 4363; x_wconf 79' lang='grc' dir='ltr'><strong>κριτῶν,</strong></span> <span class='ocrx_word' id='word_1_321' title='bbox 1044 4293 1146 4362; x_wconf 79' lang='grc' dir='ltr'><strong>τῆς</strong></span> <span class='ocrx_word' id='word_1_322' title='bbox 1197 4308 1260 4344; x_wconf 87' lang='grc' dir='ltr'><strong>τε</strong></span> <span class='ocrx_word' id='word_1_323' title='bbox 1295 4289 1609 4359; x_wconf 81' lang='grc' dir='ltr'><strong>συγκλήτου</strong></span> <span class='ocrx_word' id='word_1_324' title='bbox 1646 4289 1742 4341; x_wconf 78' lang='grc' dir='ltr'><strong>καὶ</strong></span> <span class='ocrx_word' id='word_1_325' title='bbox 1791 4288 1902 4341; x_wconf 89' lang='grc' dir='ltr'><strong>τῶν</strong></span> <span class='ocrx_word' id='word_1_326' title='bbox 1931 4289 2026 4342; x_wconf 88' lang='grc' dir='ltr'><strong>τοῦ</strong></span> 
     </span>
    </p>
   </div>
   <div class='ocr_carea' id='block_1_46' title="bbox 436 4379 2028 4460">
    <p class='ocr_par' dir='ltr' id='par_1_46' title="bbox 436 4379 2028 4460">
     <span class='ocr_line' id='line_1_46' title="bbox 436 4379 2028 4460; baseline -0.004 -21"><span class='ocrx_word' id='word_1_327' title='bbox 436 4387 646 4456; x_wconf 78' lang='grc' dir='ltr'><strong>κλήρου</strong></span> <span class='ocrx_word' id='word_1_328' title='bbox 705 4385 948 4453; x_wconf 84' lang='grc' dir='ltr'><strong>λογάδων</strong></span> <span class='ocrx_word' id='word_1_329' title='bbox 989 4381 1480 4460; x_wconf 72' lang='grc' dir='ltr'><strong>παρακαθημένων</strong></span> <span class='ocrx_word' id='word_1_330' title='bbox 1537 4380 1724 4443; x_wconf 88' lang='grc' dir='ltr'><strong>αὐτοῖς</strong></span> <span class='ocrx_word' id='word_1_331' title='bbox 1773 4379 1868 4433; x_wconf 74' lang='grc' dir='ltr'><strong>καὶ</strong></span> <span class='ocrx_word' id='word_1_332' title='bbox 1919 4379 2028 4433; x_wconf 87' lang='grc' dir='ltr'><strong>τῶν</strong></span> 
     </span>
    </p>
   </div>
   <div class='ocr_carea' id='block_1_47' title="bbox 413 4473 2028 4547">
    <p class='ocr_par' dir='ltr' id='par_1_47' title="bbox 413 4473 2028 4547">
     <span class='ocr_line' id='line_1_47' title="bbox 413 4473 2028 4547; baseline -0.006 -11"><span class='ocrx_word' id='word_1_333' title='bbox 413 4479 616 4536; x_wconf 81' lang='grc' dir='ltr'><strong>,ἄλλων</strong></span> <span class='ocrx_word' id='word_1_334' title='bbox 645 4479 905 4534; x_wconf 84' lang='grc' dir='ltr'><strong>ἁπάντων</strong></span> <span class='ocrx_word' id='word_1_335' title='bbox 930 4474 1345 4547; x_wconf 86' lang='grc' dir='ltr'><strong>περιεστώτων,</strong></span> <span class='ocrx_word' id='word_1_336' title='bbox 1369 4473 1673 4546; x_wconf 72' lang='grc' dir='ltr'><strong>ἐξηλέγχθη</strong></span> <span class='ocrx_word' id='word_1_337' title='bbox 1702 4476 1730 4528; x_wconf 89' lang='lat'><strong>6</strong></span> <span class='ocrx_word' id='word_1_338' title='bbox 1757 4473 2028 4543; x_wconf 85' lang='grc' dir='ltr'><strong>Βαρλαάμ</strong></span> 
     </span>
    </p>
   </div>
   <div class='ocr_carea' id='block_1_48' title="bbox 2140 577 3716 654">
    <p class='ocr_par' dir='ltr' id='par_1_48' title="bbox 2140 577 3716 654">
     <span class='ocr_line' id='line_1_48' title="bbox 2140 577 3716 654; baseline 0.006 -25"><span class='ocrx_word' id='word_1_339' title='bbox 2140 577 2266 640; x_wconf 81' lang='grc' dir='ltr'><strong>λούς</strong></span> <span class='ocrx_word' id='word_1_340' title='bbox 2321 577 2514 642; x_wconf 84' lang='grc' dir='ltr'><strong>πάλιν;</strong></span> <span class='ocrx_word' id='word_1_341' title='bbox 2569 577 2646 641; x_wconf 86' lang='grc' dir='ltr'><strong>ὡς</strong></span> <span class='ocrx_word' id='word_1_342' title='bbox 2723 577 2823 648; x_wconf 82' lang='grc' dir='ltr'><strong>μὲν</strong></span> <span class='ocrx_word' id='word_1_343' title='bbox 2891 579 2993 648; x_wconf 80' lang='grc' dir='ltr'><strong>τὴν</strong></span> <span class='ocrx_word' id='word_1_344' title='bbox 3051 579 3457 649; x_wconf 84' lang='grc' dir='ltr'><strong>Βαρλααμίτιδα</strong></span> <span class='ocrx_word' id='word_1_345' title='bbox 3509 582 3716 654; x_wconf 84' lang='grc' dir='ltr'><strong>πλάνην</strong></span> 
     </span>
    </p>
   </div>
   <div class='ocr_carea' id='block_1_49' title="bbox 2139 669 3716 744">
    <p class='ocr_par' dir='ltr' id='par_1_49' title="bbox 2139 669 3716 744">
     <span class='ocr_line' id='line_1_49' title="bbox 2139 669 3716 744; baseline 0.005 -22"><span class='ocrx_word' id='word_1_346' title='bbox 2139 669 2586 736; x_wconf 85' lang='grc' dir='ltr'><strong>έπεκδικοῦντες,</strong></span> <span class='ocrx_word' id='word_1_347' title='bbox 2627 671 2936 742; x_wconf 86' lang='grc' dir='ltr'><strong>ἀναθέματι</strong></span> <span class='ocrx_word' id='word_1_348' title='bbox 2983 671 3174 744; x_wconf 84' lang='grc' dir='ltr'><strong>πυκνῷ</strong></span> <span class='ocrx_word' id='word_1_349' title='bbox 3211 673 3716 740; x_wconf 74' lang='grc' dir='ltr'><strong>καθυποϐάλλοντες</strong></span> 
     </span>
    </p>
   </div>
   <div class='ocr_carea' id='block_1_50' title="bbox 2141 760 3716 832">
    <p class='ocr_par' dir='ltr' id='par_1_50' title="bbox 2141 760 3716 832">
     <span class='ocr_line' id='line_1_50' title="bbox 2141 760 3716 832; baseline 0.006 -20"><span class='ocrx_word' id='word_1_350' title='bbox 2141 760 2348 813; x_wconf 86' lang='grc' dir='ltr'><strong>ἐκεῖνον</strong></span> <span class='ocrx_word' id='word_1_351' title='bbox 2382 762 2479 814; x_wconf 82' lang='grc' dir='ltr'><strong>καὶ</strong></span> <span class='ocrx_word' id='word_1_352' title='bbox 2513 761 2745 832; x_wconf 79' lang='grc' dir='ltr'><strong>μηδενὸς</strong></span> <span class='ocrx_word' id='word_1_353' title='bbox 2773 762 3203 830; x_wconf 72' lang='grc' dir='ltr'><strong>ἀναγκάζοντος.</strong></span> <span class='ocrx_word' id='word_1_354' title='bbox 3239 764 3520 820; x_wconf 81' lang='grc' dir='ltr'><strong>Μανθάνει</strong></span> <span class='ocrx_word' id='word_1_355' title='bbox 3545 765 3716 822; x_wconf 68' lang='grc' dir='ltr'><strong>ταῦτα⁵</strong></span> 
     </span>
    </p>
   </div>
   <div class='ocr_carea' id='block_1_51' title="bbox 2138 855 3713 930">
    <p class='ocr_par' dir='ltr' id='par_1_51' title="bbox 2138 855 3713 930">
     <span class='ocr_line' id='line_1_51' title="bbox 2138 855 3713 930; baseline 0.004 -21"><span class='ocrx_word' id='word_1_356' title='bbox 2138 855 2307 909; x_wconf 86' lang='grc' dir='ltr'><strong>πάλιν</strong></span> <span class='ocrx_word' id='word_1_357' title='bbox 2338 855 2367 908; x_wconf 97' lang='lat'><strong>6</strong></span> <span class='ocrx_word' id='word_1_358' title='bbox 2401 857 2543 926; x_wconf 75' lang='grc' dir='ltr'><strong>ίερδς</strong></span> <span class='ocrx_word' id='word_1_359' title='bbox 2595 857 2887 926; x_wconf 80' lang='grc' dir='ltr'><strong>Παλαμᾶς,</strong></span> <span class='ocrx_word' id='word_1_360' title='bbox 2923 858 3204 930; x_wconf 79' lang='grc' dir='ltr'><strong>ἐξελέγχει</strong></span> <span class='ocrx_word' id='word_1_361' title='bbox 3253 858 3346 913; x_wconf 81' lang='grc' dir='ltr'><strong>τὸν</strong></span> <span class='ocrx_word' id='word_1_362' title='bbox 3389 861 3713 928; x_wconf 84' lang='grc' dir='ltr'><strong>Ἀκίνδυνον,</strong></span> 
     </span>
    </p>
   </div>
   <div class='ocr_carea' id='block_1_52' title="bbox 2136 931 3716 1025">
    <p class='ocr_par' dir='ltr' id='par_1_52' title="bbox 2136 931 3716 1025">
     <span class='ocr_line' id='line_1_52' title="bbox 2136 931 3716 1025; baseline 0.004 -26"><span class='ocrx_word' id='word_1_363' title='bbox 2136 931 2238 1000; x_wconf 89' lang='grc' dir='ltr'><strong>οὐκ</strong></span> <span class='ocrx_word' id='word_1_364' title='bbox 2290 946 2491 1015; x_wconf 76' lang='grc' dir='ltr'><strong>ὀλίγων</strong></span> <span class='ocrx_word' id='word_1_365' title='bbox 2539 949 2918 1020; x_wconf 83' lang='grc' dir='ltr'><strong>ἀκροωμένων</strong></span> <span class='ocrx_word' id='word_1_366' title='bbox 2965 951 3252 1015; x_wconf 86' lang='grc' dir='ltr'><strong>πολλάκις,</strong></span> <span class='ocrx_word' id='word_1_367' title='bbox 3283 951 3360 1016; x_wconf 85' lang='grc' dir='ltr'><strong>ὡς</strong></span> <span class='ocrx_word' id='word_1_368' title='bbox 3409 953 3502 1006; x_wconf 78' lang='grc' dir='ltr'><strong>καὶ</strong></span> <span class='ocrx_word' id='word_1_369' title='bbox 3549 954 3716 1025; x_wconf 69' lang='grc' dir='ltr'><strong>μηδὲν</strong></span> 
     </span>
    </p>
   </div>
   <div class='ocr_carea' id='block_1_53' title="bbox 2135 1038 3710 1116">
    <p class='ocr_par' dir='ltr' id='par_1_53' title="bbox 2135 1038 3710 1116">
     <span class='ocr_line' id='line_1_53' title="bbox 2135 1038 3710 1116; baseline 0.004 -22"><span class='ocrx_word' id='word_1_370' title='bbox 2135 1038 2306 1094; x_wconf 81' lang='grc' dir='ltr'><strong>αὐτὸν</strong></span> <span class='ocrx_word' id='word_1_371' title='bbox 2363 1039 2670 1108; x_wconf 81' lang='grc' dir='ltr'><strong>ἀντιλέγειν</strong></span> <span class='ocrx_word' id='word_1_372' title='bbox 2729 1041 2941 1113; x_wconf 78' lang='grc' dir='ltr'><strong>ἔχοντα,</strong></span> <span class='ocrx_word' id='word_1_373' title='bbox 3013 1043 3358 1114; x_wconf 83' lang='grc' dir='ltr'><strong>οίκειοχείρφ</strong></span> <span class='ocrx_word' id='word_1_374' title='bbox 3417 1045 3710 1116; x_wconf 87' lang='grc' dir='ltr'><strong>γράμματι</strong></span> 
     </span>
    </p>
   </div>
   <div class='ocr_carea' id='block_1_54' title="bbox 2139 1133 3785 1211">
    <p class='ocr_par' dir='ltr' id='par_1_54' title="bbox 2139 1133 3785 1211">
     <span class='ocr_line' id='line_1_54' title="bbox 2139 1133 3785 1211; baseline 0.006 -25"><span class='ocrx_word' id='word_1_375' title='bbox 2139 1133 2496 1204; x_wconf 82' lang='grc' dir='ltr'><strong>μαρτυρῆσαι</strong></span> <span class='ocrx_word' id='word_1_376' title='bbox 2525 1133 2604 1205; x_wconf 82' lang='grc' dir='ltr'><strong>τῷ</strong></span> <span class='ocrx_word' id='word_1_377' title='bbox 2636 1133 2880 1207; x_wconf 75' lang='grc' dir='ltr'><strong>ιῐαλαμᾷ</strong></span> <span class='ocrx_word' id='word_1_378' title='bbox 2912 1135 3016 1207; x_wconf 77' lang='grc' dir='ltr'><strong>τὴν</strong></span> <span class='ocrx_word' id='word_1_379' title='bbox 3039 1135 3130 1190; x_wconf 75' lang='grc' dir='ltr'><strong>διὰ</strong></span> <span class='ocrx_word' id='word_1_380' title='bbox 3179 1137 3422 1205; x_wconf 88' lang='grc' dir='ltr'><strong>πάντων,</strong></span> <span class='ocrx_word' id='word_1_381' title='bbox 3455 1134 3532 1195; x_wconf 84' lang='grc' dir='ltr'><strong>ὧν</strong></span> <span class='ocrx_word' id='word_1_382' title='bbox 3563 1140 3712 1211; x_wconf 85' lang='grc' dir='ltr'><strong>λέγει</strong></span> <span class='ocrx_word' id='word_1_383' title='bbox 3776 1170 3785 1177; x_wconf 94' lang='grc'><strong>-</strong></span> 
     </span>
    </p>
   </div>
   <div class='ocr_carea' id='block_1_55' title="bbox 2135 1227 3707 1307">
    <p class='ocr_par' dir='ltr' id='par_1_55' title="bbox 2135 1227 3707 1307">
     <span class='ocr_line' id='line_1_55' title="bbox 2135 1227 3707 1307; baseline 0.004 -28"><span class='ocrx_word' id='word_1_384' title='bbox 2135 1243 2194 1279; x_wconf 91' lang='grc' dir='ltr'><strong>τε</strong></span> <span class='ocrx_word' id='word_1_385' title='bbox 2232 1227 2324 1280; x_wconf 72' lang='grc' dir='ltr'><strong>καὶ</strong></span> <span class='ocrx_word' id='word_1_386' title='bbox 2350 1229 2577 1298; x_wconf 82' lang='grc' dir='ltr'><strong>γράφει,</strong></span> <span class='ocrx_word' id='word_1_387' title='bbox 2615 1229 2755 1300; x_wconf 64' lang='grc' dir='ltr'><strong>πρὶς</strong></span> <span class='ocrx_word' id='word_1_388' title='bbox 2781 1228 2908 1293; x_wconf 84' lang='grc' dir='ltr'><strong>τούς</strong></span> <span class='ocrx_word' id='word_1_389' title='bbox 2933 1229 3125 1299; x_wconf 88' lang='grc' dir='ltr'><strong>ἀγίους</strong></span> <span class='ocrx_word' id='word_1_390' title='bbox 3145 1231 3707 1307; x_wconf 71' lang='grc' dir='ltr'><strong>ἀκριϐἦσυμφωνίαν,</strong></span> 
     </span>
    </p>
   </div>
   <div class='ocr_carea' id='block_1_56' title="bbox 2135 1317 3704 1396">
    <p class='ocr_par' dir='ltr' id='par_1_56' title="bbox 2135 1317 3704 1396">
     <span class='ocr_line' id='line_1_56' title="bbox 2135 1317 3704 1396; baseline 0.006 -26"><span class='ocrx_word' id='word_1_391' title='bbox 2135 1317 2163 1370; x_wconf 87' lang='lat'><strong>6</strong></span> <span class='ocrx_word' id='word_1_392' title='bbox 2194 1319 2289 1371; x_wconf 76' lang='grc' dir='ltr'><strong>καὶ</strong></span> <span class='ocrx_word' id='word_1_393' title='bbox 2326 1319 2564 1390; x_wconf 90' lang='grc' dir='ltr'><strong>πάρεστι</strong></span> <span class='ocrx_word' id='word_1_394' title='bbox 2611 1321 2727 1383; x_wconf 86' lang='grc' dir='ltr'><strong>τοῖς</strong></span> <span class='ocrx_word' id='word_1_395' title='bbox 2771 1319 3124 1391; x_wconf 86' lang='grc' dir='ltr'><strong>βουλομένοις</strong></span> <span class='ocrx_word' id='word_1_396' title='bbox 3168 1322 3326 1393; x_wconf 79' lang='grc' dir='ltr'><strong>όρᾷν,</strong></span> <span class='ocrx_word' id='word_1_397' title='bbox 3370 1325 3552 1378; x_wconf 80' lang='grc' dir='ltr'><strong>ἀθετεῖ</strong></span> <span class='ocrx_word' id='word_1_398' title='bbox 3587 1326 3704 1396; x_wconf 87' lang='grc' dir='ltr'><strong>μετ’</strong></span> 
     </span>
    </p>
   </div>
   <div class='ocr_carea' id='block_1_57' title="bbox 2136 1401 3709 1487">
    <p class='ocr_par' dir='ltr' id='par_1_57' title="bbox 2136 1401 3709 1487">
     <span class='ocr_line' id='line_1_57' title="bbox 2136 1401 3709 1487; baseline 0.004 -25"><span class='ocrx_word' id='word_1_399' title='bbox 2136 1408 2318 1477; x_wconf 82' lang='grc' dir='ltr'><strong>ὀλίγον</strong></span> <span class='ocrx_word' id='word_1_400' title='bbox 2344 1401 2457 1465; x_wconf 48' lang='grc' dir='ltr'><strong>καῖ’</strong></span> <span class='ocrx_word' id='word_1_401' title='bbox 2493 1410 2594 1481; x_wconf 79' lang='grc' dir='ltr'><strong>τὴν</strong></span> <span class='ocrx_word' id='word_1_402' title='bbox 2626 1411 2929 1482; x_wconf 88' lang='grc' dir='ltr'><strong>αὐτόχειρα</strong></span> <span class='ocrx_word' id='word_1_403' title='bbox 2984 1412 3192 1483; x_wconf 83' lang='grc' dir='ltr'><strong>ταύτην</strong></span> <span class='ocrx_word' id='word_1_404' title='bbox 3247 1414 3446 1468; x_wconf 71' lang='grc' dir='ltr'><strong>ἑαυτοῦ</strong></span> <span class='ocrx_word' id='word_1_405' title='bbox 3495 1419 3709 1487; x_wconf 69' lang='grc' dir='ltr'><strong>γραφὴν</strong></span> 
     </span>
    </p>
   </div>
   <div class='ocr_carea' id='block_1_58' title="bbox 2137 1499 3706 1578">
    <p class='ocr_par' dir='ltr' id='par_1_58' title="bbox 2137 1499 3706 1578">
     <span class='ocr_line' id='line_1_58' title="bbox 2137 1499 3706 1578; baseline 0.006 -27"><span class='ocrx_word' id='word_1_406' title='bbox 2137 1499 2233 1552; x_wconf 80' lang='grc' dir='ltr'><strong>καὶ</strong></span> <span class='ocrx_word' id='word_1_407' title='bbox 2289 1500 2640 1572; x_wconf 78' lang='grc' dir='ltr'><strong>ὑπογραφὴν,</strong></span> <span class='ocrx_word' id='word_1_408' title='bbox 2693 1503 2786 1555; x_wconf 81' lang='grc' dir='ltr'><strong>καὶ</strong></span> <span class='ocrx_word' id='word_1_409' title='bbox 2822 1503 2987 1557; x_wconf 86' lang='grc' dir='ltr'><strong>πάλιν</strong></span> <span class='ocrx_word' id='word_1_410' title='bbox 3031 1503 3282 1575; x_wconf 87' lang='grc' dir='ltr'><strong>θορυϐῶν</strong></span> <span class='ocrx_word' id='word_1_411' title='bbox 3338 1508 3574 1578; x_wconf 75' lang='grc' dir='ltr'><strong>περιῄει,</strong></span> <span class='ocrx_word' id='word_1_412' title='bbox 3615 1511 3706 1560; x_wconf 73' lang='grc' dir='ltr'><strong>καὶ</strong></span> 
     </span>
    </p>
   </div>
   <div class='ocr_carea' id='block_1_59' title="bbox 2135 1592 3707 1667">
    <p class='ocr_par' dir='ltr' id='par_1_59' title="bbox 2135 1592 3707 1667">
     <span class='ocr_line' id='line_1_59' title="bbox 2135 1592 3707 1667; baseline 0.006 -22"><span class='ocrx_word' id='word_1_413' title='bbox 2135 1592 2296 1648; x_wconf 87' lang='grc' dir='ltr'><strong>πάλιν</strong></span> <span class='ocrx_word' id='word_1_414' title='bbox 2328 1593 2548 1654; x_wconf 81' lang='grc' dir='ltr'><strong>σύνοδος</strong></span> <span class='ocrx_word' id='word_1_415' title='bbox 2586 1595 2629 1647; x_wconf 83' lang='grc' dir='ltr'><strong>ίε</strong></span> <span class='ocrx_word' id='word_1_416' title='bbox 2643 1594 2710 1663; x_wconf 75' lang='grc' dir='ltr'><strong>ρὰ</strong></span> <span class='ocrx_word' id='word_1_417' title='bbox 2733 1595 2837 1664; x_wconf 79' lang='grc' dir='ltr'><strong>τῆς</strong></span> <span class='ocrx_word' id='word_1_418' title='bbox 2869 1596 3142 1667; x_wconf 77' lang='grc' dir='ltr'><strong>προτέρας</strong></span> <span class='ocrx_word' id='word_1_419' title='bbox 3171 1597 3390 1666; x_wconf 83' lang='grc' dir='ltr'><strong>ἐκείνης</strong></span> <span class='ocrx_word' id='word_1_420' title='bbox 3419 1599 3539 1653; x_wconf 76' lang='grc' dir='ltr'><strong>κατ’</strong></span> <span class='ocrx_word' id='word_1_421' title='bbox 3560 1600 3707 1654; x_wconf 75' lang='grc' dir='ltr'><strong>οὐδὲν</strong></span> 
     </span>
    </p>
   </div>
   <div class='ocr_carea' id='block_1_60' title="bbox 2138 1682 3704 1758">
    <p class='ocr_par' dir='ltr' id='par_1_60' title="bbox 2138 1682 3704 1758">
     <span class='ocr_line' id='line_1_60' title="bbox 2138 1682 3704 1758; baseline 0.008 -24"><span class='ocrx_word' id='word_1_422' title='bbox 2138 1682 2333 1753; x_wconf 85' lang='grc' dir='ltr'><strong>μείων,</strong></span> <span class='ocrx_word' id='word_1_423' title='bbox 2363 1683 2457 1738; x_wconf 87' lang='grc' dir='ltr'><strong>τοῦ</strong></span> <span class='ocrx_word' id='word_1_424' title='bbox 2491 1686 2592 1754; x_wconf 84' lang='grc' dir='ltr'><strong>μὲν</strong></span> <span class='ocrx_word' id='word_1_425' title='bbox 2622 1687 2935 1757; x_wconf 88' lang='grc' dir='ltr'><strong>μακαρίτου</strong></span> <span class='ocrx_word' id='word_1_426' title='bbox 2968 1687 3236 1757; x_wconf 86' lang='grc' dir='ltr'><strong>βασιλέως</strong></span> <span class='ocrx_word' id='word_1_427' title='bbox 3264 1690 3428 1758; x_wconf 78' lang='grc' dir='ltr'><strong>αὐτῆς</strong></span> <span class='ocrx_word' id='word_1_428' title='bbox 3461 1692 3704 1757; x_wconf 79' lang='grc' dir='ltr'><strong>ά“πόντο·,</strong></span> 
     </span>
    </p>
   </div>
   <div class='ocr_carea' id='block_1_61' title="bbox 2135 1775 3746 1853">
    <p class='ocr_par' dir='ltr' id='par_1_61' title="bbox 2135 1775 3746 1853">
     <span class='ocr_line' id='line_1_61' title="bbox 2135 1775 3746 1853; baseline 0.007 -28"><span class='ocrx_word' id='word_1_429' title='bbox 2135 1776 2259 1828; x_wconf 75' lang='grc' dir='ltr'><strong>ἐπεὶ</strong></span> <span class='ocrx_word' id='word_1_430' title='bbox 2290 1775 2384 1829; x_wconf 79' lang='grc' dir='ltr'><strong>καὶ</strong></span> <span class='ocrx_word' id='word_1_431' title='bbox 2411 1775 2522 1828; x_wconf 90' lang='grc' dir='ltr'><strong>τῶν</strong></span> <span class='ocrx_word' id='word_1_432' title='bbox 2549 1775 2858 1846; x_wconf 85' lang='grc' dir='ltr'><strong>ἀνθρώπων</strong></span> <span class='ocrx_word' id='word_1_433' title='bbox 2887 1777 3056 1848; x_wconf 84' lang='grc' dir='ltr'><strong>ἀπῆν,</strong></span> <span class='ocrx_word' id='word_1_434' title='bbox 3101 1779 3218 1832; x_wconf 85' lang='grc' dir='ltr'><strong>ἀντ’</strong></span> <span class='ocrx_word' id='word_1_435' title='bbox 3253 1780 3467 1832; x_wconf 87' lang='grc' dir='ltr'><strong>ἐκείνου</strong></span> <span class='ocrx_word' id='word_1_436' title='bbox 3493 1780 3547 1833; x_wconf 80' lang='grc' dir='ltr'><strong>δὲ</strong></span> <span class='ocrx_word' id='word_1_437' title='bbox 3571 1799 3702 1853; x_wconf 88' lang='grc' dir='ltr'><strong>παρ-</strong></span> <span class='ocrx_word' id='word_1_438' title='bbox 3743 1823 3746 1826; x_wconf 71' lang='lat'><strong><em>.</em></strong></span> 
     </span>
    </p>
   </div>
   <div class='ocr_carea' id='block_1_62' title="bbox 2130 1864 3707 1944">
    <p class='ocr_par' dir='ltr' id='par_1_62' title="bbox 2130 1864 3707 1944">
     <span class='ocr_line' id='line_1_62' title="bbox 2130 1864 3707 1944; baseline 0.005 -26"><span class='ocrx_word' id='word_1_439' title='bbox 2130 1864 2282 1929; x_wconf 60' lang='grc' dir='ltr'><strong>όνὲος</strong></span> <span class='ocrx_word' id='word_1_440' title='bbox 2341 1868 2438 1922; x_wconf 82' lang='grc' dir='ltr'><strong>καὶ</strong></span> <span class='ocrx_word' id='word_1_441' title='bbox 2505 1867 2926 1940; x_wconf 87' lang='grc' dir='ltr'><strong>προλάμποντος</strong></span> <span class='ocrx_word' id='word_1_442' title='bbox 2961 1873 3028 1942; x_wconf 79' lang='grc' dir='ltr'><strong>τῇ</strong></span> <span class='ocrx_word' id='word_1_443' title='bbox 3072 1871 3279 1944; x_wconf 82' lang='grc' dir='ltr'><strong>συνόδῳ</strong></span> <span class='ocrx_word' id='word_1_444' title='bbox 3315 1876 3412 1929; x_wconf 84' lang='grc' dir='ltr'><strong>καὶ</strong></span> <span class='ocrx_word' id='word_1_445' title='bbox 3453 1876 3707 1943; x_wconf 82' lang='grc' dir='ltr'><strong>γενναίως</strong></span> 
     </span>
    </p>
   </div>
   <div class='ocr_carea' id='block_1_63' title="bbox 2133 1959 3710 2036">
    <p class='ocr_par' dir='ltr' id='par_1_63' title="bbox 2133 1959 3710 2036">
     <span class='ocr_line' id='line_1_63' title="bbox 2133 1959 3710 2036; baseline 0.005 -22"><span class='ocrx_word' id='word_1_446' title='bbox 2133 1959 2252 2028; x_wconf 66' lang='grc' dir='ltr'><strong>ἄμα</strong></span> <span class='ocrx_word' id='word_1_447' title='bbox 2302 1961 2399 2014; x_wconf 74' lang='grc' dir='ltr'><strong>καὶ</strong></span> <span class='ocrx_word' id='word_1_448' title='bbox 2443 1960 2783 2032; x_wconf 67' lang='grc' dir='ltr'><strong>θαυμασίως,</strong></span> <span class='ocrx_word' id='word_1_449' title='bbox 2815 1963 2920 2028; x_wconf 90' lang='grc' dir='ltr'><strong>τάς</strong></span> <span class='ocrx_word' id='word_1_450' title='bbox 2965 1964 3278 2020; x_wconf 83' lang='grc' dir='ltr'><strong>Ἀκινδύνου</strong></span> <span class='ocrx_word' id='word_1_451' title='bbox 3312 1969 3710 2036; x_wconf 86' lang='grc' dir='ltr'><strong>παρακεκινδυ-</strong></span> 
     </span>
    </p>
   </div>
   <div class='ocr_carea' id='block_1_64' title="bbox 2131 2053 3709 2132">
    <p class='ocr_par' dir='ltr' id='par_1_64' title="bbox 2131 2053 3709 2132">
     <span class='ocr_line' id='line_1_64' title="bbox 2131 2053 3709 2132; baseline 0.006 -26"><span class='ocrx_word' id='word_1_452' title='bbox 2131 2054 2403 2122; x_wconf 78' lang='grc' dir='ltr'><strong>νευμένας</strong></span> <span class='ocrx_word' id='word_1_453' title='bbox 2433 2053 2816 2126; x_wconf 69' lang='grc' dir='ltr'><strong>ἐξελέγχοντος</strong></span> <span class='ocrx_word' id='word_1_454' title='bbox 2847 2056 3060 2122; x_wconf 87' lang='grc' dir='ltr'><strong>πλάνας</strong></span> <span class='ocrx_word' id='word_1_455' title='bbox 3120 2058 3215 2114; x_wconf 88' lang='grc' dir='ltr'><strong>τοῦ</strong></span> <span class='ocrx_word' id='word_1_456' title='bbox 3262 2060 3355 2115; x_wconf 76' lang='grc' dir='ltr'><strong>καὶ</strong></span> <span class='ocrx_word' id='word_1_457' title='bbox 3386 2061 3586 2126; x_wconf 79' lang='grc' dir='ltr'><strong>ζῶντος</strong></span> <span class='ocrx_word' id='word_1_458' title='bbox 3616 2062 3709 2132; x_wconf 83' lang='grc' dir='ltr'><strong>βα-</strong></span> 
     </span>
    </p>
   </div>
   <div class='ocr_carea' id='block_1_65' title="bbox 2135 2146 3710 2218">
    <p class='ocr_par' dir='ltr' id='par_1_65' title="bbox 2135 2146 3710 2218">
     <span class='ocr_line' id='line_1_65' title="bbox 2135 2146 3710 2218; baseline 0.006 -21"><span class='ocrx_word' id='word_1_459' title='bbox 2135 2146 2356 2212; x_wconf 81' lang='grc' dir='ltr'><strong>σιλέως,</strong></span> <span class='ocrx_word' id='word_1_460' title='bbox 2379 2149 2526 2200; x_wconf 88' lang='grc' dir='ltr'><strong>κατὰ</strong></span> <span class='ocrx_word' id='word_1_461' title='bbox 2557 2148 2618 2200; x_wconf 81' lang='grc' dir='ltr'><strong>τὸ</strong></span> <span class='ocrx_word' id='word_1_462' title='bbox 2641 2151 3040 2218; x_wconf 86' lang='grc' dir='ltr'><strong>γεγραμμένον</strong></span> <span class='ocrx_word' id='word_1_463' title='bbox 3061 2151 3256 2213; x_wconf 74' lang='grc' dir='ltr'><strong>εἰπεῖν,</strong></span> <span class='ocrx_word' id='word_1_464' title='bbox 3284 2151 3594 2218; x_wconf 80' lang='grc' dir='ltr'><strong>είσάγοντος</strong></span> <span class='ocrx_word' id='word_1_465' title='bbox 3616 2151 3710 2206; x_wconf 79' lang='grc' dir='ltr'><strong>καὶ</strong></span> 
     </span>
    </p>
   </div>
   <div class='ocr_carea' id='block_1_66' title="bbox 2130 2238 3703 2312">
    <p class='ocr_par' dir='ltr' id='par_1_66' title="bbox 2130 2238 3703 2312">
     <span class='ocr_line' id='line_1_66' title="bbox 2130 2238 3703 2312; baseline -0.008 -20"><span class='ocrx_word' id='word_1_466' title='bbox 2130 2238 2418 2306; x_wconf 72' lang='grc' dir='ltr'><strong>ἐξάγοντος</strong></span> <span class='ocrx_word' id='word_1_467' title='bbox 2435 2239 2527 2294; x_wconf 80' lang='grc' dir='ltr'><strong>τὸν</strong></span> <span class='ocrx_word' id='word_1_468' title='bbox 2570 2239 2789 2311; x_wconf 80' lang='grc' dir='ltr'><strong>Ἰσραὴλ</strong></span> <span class='ocrx_word' id='word_1_469' title='bbox 2818 2241 2916 2294; x_wconf 76' lang='grc' dir='ltr'><strong>καὶ</strong></span> <span class='ocrx_word' id='word_1_470' title='bbox 2935 2240 3002 2294; x_wconf 73' lang='grc' dir='ltr'><strong>τὰ</strong></span> <span class='ocrx_word' id='word_1_471' title='bbox 3039 2239 3328 2311; x_wconf 81' lang='grc' dir='ltr'><strong>Ῥωμαίων</strong></span> <span class='ocrx_word' id='word_1_472' title='bbox 3354 2244 3703 2312; x_wconf 63' lang='grc' dir='ltr'><strong>μεγαλοφυεῦς</strong></span> 
     </span>
    </p>
   </div>
   <div class='ocr_carea' id='block_1_67' title="bbox 2129 2330 3707 2406">
    <p class='ocr_par' dir='ltr' id='par_1_67' title="bbox 2129 2330 3707 2406">
     <span class='ocr_line' id='line_1_67' title="bbox 2129 2330 3707 2406; baseline 0.003 -22"><span class='ocrx_word' id='word_1_473' title='bbox 2129 2330 2408 2394; x_wconf 84' lang='grc' dir='ltr'><strong>διέποντος</strong></span> <span class='ocrx_word' id='word_1_474' title='bbox 2457 2330 2791 2402; x_wconf 88' lang='grc' dir='ltr'><strong>πράγματα,</strong></span> <span class='ocrx_word' id='word_1_475' title='bbox 2827 2331 2924 2386; x_wconf 89' lang='grc' dir='ltr'><strong>νῦν</strong></span> <span class='ocrx_word' id='word_1_476' title='bbox 2959 2333 3015 2386; x_wconf 86' lang='grc' dir='ltr'><strong>δέ</strong></span> <span class='ocrx_word' id='word_1_477' title='bbox 3065 2334 3203 2388; x_wconf 84' lang='grc' dir='ltr'><strong>Θεοῦ</strong></span> <span class='ocrx_word' id='word_1_478' title='bbox 3252 2337 3435 2406; x_wconf 85' lang='grc' dir='ltr'><strong>χάριτι</strong></span> <span class='ocrx_word' id='word_1_479' title='bbox 3487 2337 3582 2389; x_wconf 76' lang='grc' dir='ltr'><strong>καὶ</strong></span> <span class='ocrx_word' id='word_1_480' title='bbox 3609 2336 3707 2406; x_wconf 72' lang='grc' dir='ltr'><strong>τὴν</strong></span> 
     </span>
    </p>
   </div>
   <div class='ocr_carea' id='block_1_68' title="bbox 2133 2421 3705 2501">
    <p class='ocr_par' dir='ltr' id='par_1_68' title="bbox 2133 2421 3705 2501">
     <span class='ocr_line' id='line_1_68' title="bbox 2133 2421 3705 2501; baseline 0.005 -25"><span class='ocrx_word' id='word_1_481' title='bbox 2133 2421 2430 2495; x_wconf 77' lang='grc' dir='ltr'><strong>βασιλικὴν</strong></span> <span class='ocrx_word' id='word_1_482' title='bbox 2461 2423 2621 2490; x_wconf 76' lang='grc' dir='ltr'><strong>ἀξίαν</strong></span> <span class='ocrx_word' id='word_1_483' title='bbox 2649 2425 2739 2478; x_wconf 86' lang='grc' dir='ltr'><strong>ἐπ’</strong></span> <span class='ocrx_word' id='word_1_484' title='bbox 2780 2425 3011 2497; x_wconf 74' lang='grc' dir='ltr'><strong>εὐτυχία</strong></span> <span class='ocrx_word' id='word_1_485' title='bbox 3052 2425 3344 2496; x_wconf 85' lang='grc' dir='ltr'><strong>Ῥωμαίων</strong></span> <span class='ocrx_word' id='word_1_486' title='bbox 3390 2431 3705 2501; x_wconf 74' lang='grc' dir='ltr'><strong>περικειμέο</strong></span> 
     </span>
    </p>
   </div>
   <div class='ocr_carea' id='block_1_69' title="bbox 2130 2517 3702 2593">
    <p class='ocr_par' dir='ltr' id='par_1_69' title="bbox 2130 2517 3702 2593">
     <span class='ocr_line' id='line_1_69' title="bbox 2130 2517 3702 2593; baseline 0.003 -23"><span class='ocrx_word' id='word_1_487' title='bbox 2130 2535 2225 2570; x_wconf 91' lang='grc' dir='ltr'><strong>νου</strong></span> <span class='ocrx_word' id='word_1_488' title='bbox 2254 2518 2352 2571; x_wconf 80' lang='grc' dir='ltr'><strong>καὶ</strong></span> <span class='ocrx_word' id='word_1_489' title='bbox 2383 2517 2880 2587; x_wconf 88' lang='grc' dir='ltr'><strong>συμϐασιλεύοντος</strong></span> <span class='ocrx_word' id='word_1_490' title='bbox 2915 2517 2994 2587; x_wconf 81' lang='grc' dir='ltr'><strong>τῷ</strong></span> <span class='ocrx_word' id='word_1_491' title='bbox 3024 2518 3130 2590; x_wconf 84' lang='grc' dir='ltr'><strong>υἱῷ</strong></span> <span class='ocrx_word' id='word_1_492' title='bbox 3158 2520 3250 2574; x_wconf 84' lang='grc' dir='ltr'><strong>τοῦ</strong></span> <span class='ocrx_word' id='word_1_493' title='bbox 3277 2522 3702 2593; x_wconf 87' lang='grc' dir='ltr'><strong>τρισμακαρίτου</strong></span> 
     </span>
    </p>
   </div>
   <div class='ocr_carea' id='block_1_70' title="bbox 2131 2609 3703 2682">
    <p class='ocr_par' dir='ltr' id='par_1_70' title="bbox 2131 2609 3703 2682">
     <span class='ocr_line' id='line_1_70' title="bbox 2131 2609 3703 2682; baseline 0.003 -19"><span class='ocrx_word' id='word_1_494' title='bbox 2131 2610 2230 2664; x_wconf 84' lang='grc' dir='ltr'><strong>καὶ</strong></span> <span class='ocrx_word' id='word_1_495' title='bbox 2264 2610 2424 2678; x_wconf 87' lang='grc' dir='ltr'><strong>ἀγίου</strong></span> <span class='ocrx_word' id='word_1_496' title='bbox 2463 2609 2626 2680; x_wconf 78' lang='grc' dir='ltr'><strong>ἡμῶν</strong></span> <span class='ocrx_word' id='word_1_497' title='bbox 2651 2610 2915 2664; x_wconf 90' lang='grc' dir='ltr'><strong>αὐθέντου</strong></span> <span class='ocrx_word' id='word_1_498' title='bbox 2951 2612 3046 2666; x_wconf 78' lang='grc' dir='ltr'><strong>καὶ</strong></span> <span class='ocrx_word' id='word_1_499' title='bbox 3096 2610 3378 2682; x_wconf 83' lang='grc' dir='ltr'><strong>βασιλέως.</strong></span> <span class='ocrx_word' id='word_1_500' title='bbox 3413 2613 3578 2669; x_wconf 86' lang='grc' dir='ltr'><strong>Πάλιν</strong></span> <span class='ocrx_word' id='word_1_501' title='bbox 3614 2613 3703 2668; x_wconf 70' lang='grc' dir='ltr'><strong>οῦν</strong></span> 
     </span>
    </p>
   </div>
   <div class='ocr_carea' id='block_1_71' title="bbox 2129 2703 3701 2779">
    <p class='ocr_par' dir='ltr' id='par_1_71' title="bbox 2129 2703 3701 2779">
     <span class='ocr_line' id='line_1_71' title="bbox 2129 2703 3701 2779; baseline 0.001 -21"><span class='ocrx_word' id='word_1_502' title='bbox 2129 2703 2440 2776; x_wconf 75' lang='grc' dir='ltr'><strong>ἀνάρῤησις</strong></span> <span class='ocrx_word' id='word_1_503' title='bbox 2462 2704 2916 2775; x_wconf 84' lang='grc' dir='ltr'><strong>περιφανεστάτη</strong></span> <span class='ocrx_word' id='word_1_504' title='bbox 2943 2706 3039 2760; x_wconf 82' lang='grc' dir='ltr'><strong>καὶ</strong></span> <span class='ocrx_word' id='word_1_505' title='bbox 3063 2705 3153 2760; x_wconf 82' lang='grc' dir='ltr'><strong>ἐπ’</strong></span> <span class='ocrx_word' id='word_1_506' title='bbox 3177 2706 3349 2779; x_wconf 82' lang='grc' dir='ltr'><strong>αὐτῆς</strong></span> <span class='ocrx_word' id='word_1_507' title='bbox 3369 2707 3465 2778; x_wconf 82' lang='grc' dir='ltr'><strong>τῆς</strong></span> <span class='ocrx_word' id='word_1_508' title='bbox 3492 2707 3701 2760; x_wconf 87' lang='grc' dir='ltr'><strong>συνόδου</strong></span> 
     </span>
    </p>
   </div>
   <div class='ocr_carea' id='block_1_72' title="bbox 2128 2795 3699 2871">
    <p class='ocr_par' dir='ltr' id='par_1_72' title="bbox 2128 2795 3699 2871">
     <span class='ocr_line' id='line_1_72' title="bbox 2128 2795 3699 2871; baseline 0.002 -21"><span class='ocrx_word' id='word_1_509' title='bbox 2128 2796 2233 2867; x_wconf 82' lang='grc' dir='ltr'><strong>τῆς</strong></span> <span class='ocrx_word' id='word_1_510' title='bbox 2251 2795 2347 2852; x_wconf 85' lang='grc' dir='ltr'><strong>τοῦ</strong></span> <span class='ocrx_word' id='word_1_511' title='bbox 2385 2797 2624 2868; x_wconf 79' lang='grc' dir='ltr'><strong>Παλαμᾶ</strong></span> <span class='ocrx_word' id='word_1_512' title='bbox 2649 2799 2743 2852; x_wconf 83' lang='grc' dir='ltr'><strong>καὶ</strong></span> <span class='ocrx_word' id='word_1_513' title='bbox 2763 2798 2874 2854; x_wconf 88' lang='grc' dir='ltr'><strong>τῶν</strong></span> <span class='ocrx_word' id='word_1_514' title='bbox 2899 2798 3050 2871; x_wconf 82' lang='grc' dir='ltr'><strong>αὐτῷ</strong></span> <span class='ocrx_word' id='word_1_515' title='bbox 3073 2799 3405 2871; x_wconf 73' lang='grc' dir='ltr'><strong>συνᾳδόντων</strong></span> <span class='ocrx_word' id='word_1_516' title='bbox 3433 2799 3699 2869; x_wconf 73' lang='grc' dir='ltr'><strong>ἀσφαλοῦς</strong></span> 
     </span>
    </p>
   </div>
   <div class='ocr_carea' id='block_1_73' title="bbox 2129 2885 3698 2958">
    <p class='ocr_par' dir='ltr' id='par_1_73' title="bbox 2129 2885 3698 2958">
     <span class='ocr_line' id='line_1_73' title="bbox 2129 2885 3698 2958; baseline 0.004 -20"><span class='ocrx_word' id='word_1_517' title='bbox 2129 2885 2416 2950; x_wconf 88' lang='grc' dir='ltr'><strong>εὐσεϐείας</strong></span> <span class='ocrx_word' id='word_1_518' title='bbox 2445 2887 2545 2942; x_wconf 85' lang='grc' dir='ltr'><strong>τοῦ</strong></span> <span class='ocrx_word' id='word_1_519' title='bbox 2575 2887 2714 2956; x_wconf 73' lang='grc' dir='ltr'><strong>πρὸς</strong></span> <span class='ocrx_word' id='word_1_520' title='bbox 2763 2888 2967 2952; x_wconf 72' lang='grc' dir='ltr'><strong>αὐτοὺς</strong></span> <span class='ocrx_word' id='word_1_521' title='bbox 2991 2889 3365 2958; x_wconf 88' lang='grc' dir='ltr'><strong>ἀντιλέγοντος</strong></span> <span class='ocrx_word' id='word_1_522' title='bbox 3405 2889 3698 2945; x_wconf 82' lang='grc' dir='ltr'><strong>Ἀκινδύνου</strong></span> 
     </span>
    </p>
   </div>
   <div class='ocr_carea' id='block_1_74' title="bbox 2129 2979 3700 3054">
    <p class='ocr_par' dir='ltr' id='par_1_74' title="bbox 2129 2979 3700 3054">
     <span class='ocr_line' id='line_1_74' title="bbox 2129 2979 3700 3054; baseline 0.001 -21"><span class='ocrx_word' id='word_1_523' title='bbox 2129 2981 2332 3043; x_wconf 78' lang='grc' dir='ltr'><strong>τελέως</strong></span> <span class='ocrx_word' id='word_1_524' title='bbox 2359 2979 2630 3054; x_wconf 85' lang='grc' dir='ltr'><strong>καταδίκῃ</strong></span> <span class='ocrx_word' id='word_1_525' title='bbox 2657 2980 3166 3050; x_wconf 83' lang='grc' dir='ltr'><strong>καθυποϐληθέντος</strong></span> <span class='ocrx_word' id='word_1_526' title='bbox 3194 2981 3268 3044; x_wconf 86' lang='grc' dir='ltr'><strong>ὡς</strong></span> <span class='ocrx_word' id='word_1_527' title='bbox 3300 2981 3588 3046; x_wconf 83' lang='grc' dir='ltr'><strong>δυσσεϐοῦς</strong></span> <span class='ocrx_word' id='word_1_528' title='bbox 3613 2983 3700 3035; x_wconf 68' lang='grc' dir='ltr'><strong>καὶ</strong></span> 
     </span>
    </p>
   </div>
   <div class='ocr_carea' id='block_1_75' title="bbox 2129 3059 3702 3146">
    <p class='ocr_par' dir='ltr' id='par_1_75' title="bbox 2129 3059 3702 3146">
     <span class='ocr_line' id='line_1_75' title="bbox 2129 3059 3702 3146; baseline 0.002 -20"><span class='ocrx_word' id='word_1_529' title='bbox 2129 3072 2210 3142; x_wconf 80' lang='grc' dir='ltr'><strong>τῷ</strong></span> <span class='ocrx_word' id='word_1_530' title='bbox 2240 3069 2510 3144; x_wconf 85' lang='grc' dir='ltr'><strong>Βαρλαάμ</strong></span> <span class='ocrx_word' id='word_1_531' title='bbox 2538 3073 2719 3143; x_wconf 86' lang='grc' dir='ltr'><strong>σοφῶς</strong></span> <span class='ocrx_word' id='word_1_532' title='bbox 2746 3074 3186 3145; x_wconf 77' lang='grc' dir='ltr'><strong>ὁμοφρονοῦντας</strong></span> <span class='ocrx_word' id='word_1_533' title='bbox 3216 3059 3535 3146; x_wconf 74' lang='grc' dir='ltr'><strong>δειχθέντος,</strong></span> <span class='ocrx_word' id='word_1_534' title='bbox 3577 3079 3702 3129; x_wconf 89' lang='grc' dir='ltr'><strong>κάν-</strong></span> 
     </span>
    </p>
   </div>
   <div class='ocr_carea' id='block_1_76' title="bbox 2128 3163 3702 3236">
    <p class='ocr_par' dir='ltr' id='par_1_76' title="bbox 2128 3163 3702 3236">
     <span class='ocr_line' id='line_1_76' title="bbox 2128 3163 3702 3236; baseline 0.001 -20"><span class='ocrx_word' id='word_1_535' title='bbox 2128 3163 2323 3217; x_wconf 87' lang='grc' dir='ltr'><strong>τεῦθεν</strong></span> <span class='ocrx_word' id='word_1_536' title='bbox 2351 3164 2413 3216; x_wconf 87' lang='grc' dir='ltr'><strong>οὐ</strong></span> <span class='ocrx_word' id='word_1_537' title='bbox 2457 3165 2610 3234; x_wconf 87' lang='grc' dir='ltr'><strong>ποιρά</strong></span> <span class='ocrx_word' id='word_1_538' title='bbox 2635 3164 2737 3232; x_wconf 83' lang='grc' dir='ltr'><strong>τῆς</strong></span> <span class='ocrx_word' id='word_1_539' title='bbox 2764 3165 3025 3235; x_wconf 86' lang='grc' dir='ltr'><strong>δευτέρας</strong></span> <span class='ocrx_word' id='word_1_540' title='bbox 3051 3165 3256 3236; x_wconf 82' lang='grc' dir='ltr'><strong>ταύτης</strong></span> <span class='ocrx_word' id='word_1_541' title='bbox 3287 3165 3454 3234; x_wconf 81' lang='grc' dir='ltr'><strong>μόνης</strong></span> <span class='ocrx_word' id='word_1_542' title='bbox 3489 3166 3702 3219; x_wconf 78' lang='grc' dir='ltr'><strong>συνόδου</strong></span> 
     </span>
    </p>
   </div>
   <div class='ocr_carea' id='block_1_77' title="bbox 2127 3255 3703 3330">
    <p class='ocr_par' dir='ltr' id='par_1_77' title="bbox 2127 3255 3703 3330">
     <span class='ocr_line' id='line_1_77' title="bbox 2127 3255 3703 3330; baseline 0 -20"><span class='ocrx_word' id='word_1_543' title='bbox 2127 3255 2664 3326; x_wconf 74' lang='grc' dir='ltr'><strong>καταψηφισθέντος,</strong></span> <span class='ocrx_word' id='word_1_544' title='bbox 2691 3257 2826 3311; x_wconf 81' lang='grc' dir='ltr'><strong>ἀλλὰ</strong></span> <span class='ocrx_word' id='word_1_545' title='bbox 2849 3259 2944 3310; x_wconf 74' lang='grc' dir='ltr'><strong>καὶ</strong></span> <span class='ocrx_word' id='word_1_546' title='bbox 2969 3259 3120 3330; x_wconf 85' lang='grc' dir='ltr'><strong>παρά</strong></span> <span class='ocrx_word' id='word_1_547' title='bbox 3141 3259 3241 3327; x_wconf 82' lang='grc' dir='ltr'><strong>τῆς</strong></span> <span class='ocrx_word' id='word_1_548' title='bbox 3261 3259 3532 3329; x_wconf 86' lang='grc' dir='ltr'><strong>προτέρας</strong></span> <span class='ocrx_word' id='word_1_549' title='bbox 3569 3259 3703 3312; x_wconf 81' lang='grc' dir='ltr'><strong>ὲκεί-</strong></span> 
     </span>
    </p>
   </div>
   <div class='ocr_carea' id='block_1_78' title="bbox 2127 3347 3702 3422">
    <p class='ocr_par' dir='ltr' id='par_1_78' title="bbox 2127 3347 3702 3422">
     <span class='ocr_line' id='line_1_78' title="bbox 2127 3347 3702 3422; baseline 0 -20"><span class='ocrx_word' id='word_1_550' title='bbox 2127 3366 2250 3415; x_wconf 82' lang='grc' dir='ltr'><strong>νης.</strong></span> <span class='ocrx_word' id='word_1_551' title='bbox 2293 3348 2569 3420; x_wconf 81' lang='grc' dir='ltr'><strong>Καθάπερ</strong></span> <span class='ocrx_word' id='word_1_552' title='bbox 2601 3351 2772 3421; x_wconf 76' lang='grc' dir='ltr'><strong>γὰρὴ</strong></span> <span class='ocrx_word' id='word_1_553' title='bbox 2807 3349 3311 3422; x_wconf 76' lang='grc' dir='ltr'><strong>καταψηφισαμένη</strong></span> <span class='ocrx_word' id='word_1_554' title='bbox 3351 3350 3446 3404; x_wconf 87' lang='grc' dir='ltr'><strong>τοῦ</strong></span> <span class='ocrx_word' id='word_1_555' title='bbox 3495 3347 3702 3422; x_wconf 69' lang='grc' dir='ltr'><strong>’Δρείου</strong></span> 
     </span>
    </p>
   </div>
   <div class='ocr_carea' id='block_1_79' title="bbox 2131 3441 3701 3515">
    <p class='ocr_par' dir='ltr' id='par_1_79' title="bbox 2131 3441 3701 3515">
     <span class='ocr_line' id='line_1_79' title="bbox 2131 3441 3701 3515; baseline 0.004 -23"><span class='ocrx_word' id='word_1_556' title='bbox 2131 3441 2437 3511; x_wconf 84' lang='grc' dir='ltr'><strong>σεπτοτάτη</strong></span> <span class='ocrx_word' id='word_1_557' title='bbox 2493 3442 2716 3506; x_wconf 83' lang='grc' dir='ltr'><strong>σύνοδος</strong></span> <span class='ocrx_word' id='word_1_558' title='bbox 2767 3444 2860 3497; x_wconf 78' lang='grc' dir='ltr'><strong>καὶ</strong></span> <span class='ocrx_word' id='word_1_559' title='bbox 2895 3445 3022 3506; x_wconf 78' lang='grc' dir='ltr'><strong>τοὺς</strong></span> <span class='ocrx_word' id='word_1_560' title='bbox 3060 3442 3291 3515; x_wconf 82' lang='grc' dir='ltr'><strong>ὕστερον</strong></span> <span class='ocrx_word' id='word_1_561' title='bbox 3331 3445 3701 3512; x_wconf 82' lang='grc' dir='ltr'><strong>ἀναφανέντας</strong></span> 
     </span>
    </p>
   </div>
   <div class='ocr_carea' id='block_1_80' title="bbox 2127 3533 3703 3605">
    <p class='ocr_par' dir='ltr' id='par_1_80' title="bbox 2127 3533 3703 3605">
     <span class='ocr_line' id='line_1_80' title="bbox 2127 3533 3703 3605; baseline 0.002 -21"><span class='ocrx_word' id='word_1_562' title='bbox 2127 3533 2428 3602; x_wconf 84' lang='grc' dir='ltr'><strong>ὁμολόγους</strong></span> <span class='ocrx_word' id='word_1_563' title='bbox 2456 3534 2653 3605; x_wconf 84' lang='grc' dir='ltr'><strong>ἐκείνῳ</strong></span> <span class='ocrx_word' id='word_1_564' title='bbox 2683 3535 3148 3602; x_wconf 79' lang='grc' dir='ltr'><strong>συγκαταδικάζει</strong></span> <span class='ocrx_word' id='word_1_565' title='bbox 3183 3536 3411 3602; x_wconf 85' lang='grc' dir='ltr'><strong>πάντας,</strong></span> <span class='ocrx_word' id='word_1_566' title='bbox 3443 3537 3585 3590; x_wconf 75' lang='grc' dir='ltr'><strong>οὕτω</strong></span> <span class='ocrx_word' id='word_1_567' title='bbox 3610 3537 3703 3588; x_wconf 76' lang='grc' dir='ltr'><strong>καὶ</strong></span> 
     </span>
    </p>
   </div>
   <div class='ocr_carea' id='block_1_81' title="bbox 2131 3625 3706 3700">
    <p class='ocr_par' dir='ltr' id='par_1_81' title="bbox 2131 3625 3706 3700">
     <span class='ocr_line' id='line_1_81' title="bbox 2131 3625 3706 3700; baseline 0.002 -23"><span class='ocrx_word' id='word_1_568' title='bbox 2131 3627 2164 3695; x_wconf 82' lang='grc' dir='ltr'><strong>ἡ</strong></span> <span class='ocrx_word' id='word_1_569' title='bbox 2196 3626 2286 3677; x_wconf 67' lang='grc' dir='ltr'><strong>τὸν</strong></span> <span class='ocrx_word' id='word_1_570' title='bbox 2319 3626 2585 3696; x_wconf 72' lang='grc' dir='ltr'><strong>Βαρλαάμ</strong></span> <span class='ocrx_word' id='word_1_571' title='bbox 2630 3625 3049 3681; x_wconf 70' lang='grc' dir='ltr'><strong>καταδικάσασα</strong></span> <span class='ocrx_word' id='word_1_572' title='bbox 3083 3629 3264 3698; x_wconf 77' lang='grc' dir='ltr'><strong>ψῆφος</strong></span> <span class='ocrx_word' id='word_1_573' title='bbox 3305 3631 3431 3690; x_wconf 82' lang='grc' dir='ltr'><strong>τοὺς</strong></span> <span class='ocrx_word' id='word_1_574' title='bbox 3473 3631 3542 3682; x_wconf 77' lang='grc' dir='ltr'><strong>τὰ</strong></span> <span class='ocrx_word' id='word_1_575' title='bbox 3571 3630 3706 3700; x_wconf 77' lang='grc' dir='ltr'><strong>Βαρ-</strong></span> 
     </span>
    </p>
   </div>
   <div class='ocr_carea' id='block_1_82' title="bbox 2129 3717 3703 3791">
    <p class='ocr_par' dir='ltr' id='par_1_82' title="bbox 2129 3717 3703 3791">
     <span class='ocr_line' id='line_1_82' title="bbox 2129 3717 3703 3791; baseline 0.001 -20"><span class='ocrx_word' id='word_1_576' title='bbox 2129 3717 2281 3788; x_wconf 67' lang='grc' dir='ltr'><strong>λαόμ</strong></span> <span class='ocrx_word' id='word_1_577' title='bbox 2332 3719 2630 3788; x_wconf 57' lang='grc' dir='ltr'><strong>ότεδίῖποτε</strong></span> <span class='ocrx_word' id='word_1_578' title='bbox 2690 3718 3025 3791; x_wconf 83' lang='grc' dir='ltr'><strong>φρονοῦντάς</strong></span> <span class='ocrx_word' id='word_1_579' title='bbox 3073 3737 3132 3773; x_wconf 84' lang='grc' dir='ltr'><strong>τε</strong></span> <span class='ocrx_word' id='word_1_580' title='bbox 3197 3719 3286 3773; x_wconf 74' lang='grc' dir='ltr'><strong>καὶ</strong></span> <span class='ocrx_word' id='word_1_581' title='bbox 3341 3721 3703 3790; x_wconf 81' lang='grc' dir='ltr'><strong>φρονήσοντας</strong></span> 
     </span>
    </p>
   </div>
   <div class='ocr_carea' id='block_1_83' title="bbox 2128 3793 3705 3882">
    <p class='ocr_par' dir='ltr' id='par_1_83' title="bbox 2128 3811 3705 3882">
     <span class='ocr_line' id='line_1_83' title="bbox 2128 3811 3705 3882; baseline -0.001 -17"><span class='ocrx_word' id='word_1_582' title='bbox 2128 3811 2505 3876; x_wconf 83' lang='grc' dir='ltr'><strong>καταδικάζει.</strong></span> <span class='ocrx_word' id='word_1_583' title='bbox 2537 3812 2696 3868; x_wconf 84' lang='grc' dir='ltr'><strong>Μετά</strong></span> <span class='ocrx_word' id='word_1_584' title='bbox 2725 3813 2790 3882; x_wconf 71' lang='grc' dir='ltr'><strong>δὴ</strong></span> <span class='ocrx_word' id='word_1_585' title='bbox 2828 3814 2918 3866; x_wconf 67' lang='grc' dir='ltr'><strong>καὶ</strong></span> <span class='ocrx_word' id='word_1_586' title='bbox 2957 3813 3058 3881; x_wconf 75' lang='grc' dir='ltr'><strong>τὴν</strong></span> <span class='ocrx_word' id='word_1_587' title='bbox 3104 3812 3414 3867; x_wconf 86' lang='grc' dir='ltr'><strong>Ἀκινδύνου</strong></span> <span class='ocrx_word' id='word_1_588' title='bbox 3446 3812 3538 3865; x_wconf 87' lang='grc' dir='ltr'><strong>τοῦ</strong></span> <span class='ocrx_word' id='word_1_589' title='bbox 3573 3811 3705 3880; x_wconf 83' lang='grc' dir='ltr'><strong>Βαρ-</strong></span> 
     </span>
    </p>
   </div>
   <div class='ocr_carea' id='block_1_84' title="bbox 2129 3904 3704 3975">
    <p class='ocr_par' dir='ltr' id='par_1_84' title="bbox 2129 3904 3704 3975">
     <span class='ocr_line' id='line_1_84' title="bbox 2129 3904 3704 3975; baseline -0.001 -18"><span class='ocrx_word' id='word_1_590' title='bbox 2129 3904 2400 3974; x_wconf 88' lang='grc' dir='ltr'><strong>λααμίτου</strong></span> <span class='ocrx_word' id='word_1_591' title='bbox 2435 3907 2740 3972; x_wconf 83' lang='grc' dir='ltr'><strong>πεφηνότος</strong></span> <span class='ocrx_word' id='word_1_592' title='bbox 2787 3904 3075 3975; x_wconf 83' lang='grc' dir='ltr'><strong>συνοδικὴν</strong></span> <span class='ocrx_word' id='word_1_593' title='bbox 3107 3905 3407 3975; x_wconf 77' lang='grc' dir='ltr'><strong>καταδίκην</strong></span> <span class='ocrx_word' id='word_1_594' title='bbox 3435 3909 3462 3959; x_wconf 83' lang='lat'><strong>6</strong></span> <span class='ocrx_word' id='word_1_595' title='bbox 3507 3904 3704 3958; x_wconf 78' lang='grc' dir='ltr'><strong>συνοδι-</strong></span> 
     </span>
    </p>
   </div>
   <div class='ocr_carea' id='block_1_85' title="bbox 2132 3997 3705 4069">
    <p class='ocr_par' dir='ltr' id='par_1_85' title="bbox 2132 3997 3705 4069">
     <span class='ocr_line' id='line_1_85' title="bbox 2132 3997 3705 4069; baseline -0.001 -19"><span class='ocrx_word' id='word_1_596' title='bbox 2132 3997 2227 4062; x_wconf 78' lang='grc' dir='ltr'><strong>κὺς</strong></span> <span class='ocrx_word' id='word_1_597' title='bbox 2261 3999 2584 4069; x_wconf 78' lang='grc' dir='ltr'><strong>συνεγράφη</strong></span> <span class='ocrx_word' id='word_1_598' title='bbox 2615 4015 2673 4051; x_wconf 87' lang='grc' dir='ltr'><strong>τε</strong></span> <span class='ocrx_word' id='word_1_599' title='bbox 2709 4001 2803 4052; x_wconf 77' lang='grc' dir='ltr'><strong>καὶ</strong></span> <span class='ocrx_word' id='word_1_600' title='bbox 2858 3999 3156 4068; x_wconf 80' lang='grc' dir='ltr'><strong>ὑπεγράφη</strong></span> <span class='ocrx_word' id='word_1_601' title='bbox 3186 3997 3373 4067; x_wconf 85' lang='grc' dir='ltr'><strong>τόμος,</strong></span> <span class='ocrx_word' id='word_1_602' title='bbox 3406 4015 3527 4050; x_wconf 87' lang='grc' dir='ltr'><strong>συνε</strong></span> <span class='ocrx_word' id='word_1_603' title='bbox 3542 4013 3705 4062; x_wconf 83' lang='grc' dir='ltr'><strong>πτυγ-</strong></span> 
     </span>
    </p>
   </div>
   <div class='ocr_carea' id='block_1_86' title="bbox 2135 4087 3703 4160">
    <p class='ocr_par' dir='ltr' id='par_1_86' title="bbox 2135 4087 3703 4160">
     <span class='ocr_line' id='line_1_86' title="bbox 2135 4087 3703 4160; baseline -0.004 -17"><span class='ocrx_word' id='word_1_604' title='bbox 2135 4092 2313 4160; x_wconf 85' lang='grc' dir='ltr'><strong>μένως</strong></span> <span class='ocrx_word' id='word_1_605' title='bbox 2368 4091 2491 4157; x_wconf 78' lang='grc' dir='ltr'><strong>μὲν,</strong></span> <span class='ocrx_word' id='word_1_606' title='bbox 2527 4093 2705 4143; x_wconf 85' lang='grc' dir='ltr'><strong>πάντα</strong></span> <span class='ocrx_word' id='word_1_607' title='bbox 2747 4089 2794 4144; x_wconf 81' lang='grc' dir='ltr'><strong>δ’</strong></span> <span class='ocrx_word' id='word_1_608' title='bbox 2833 4091 2987 4160; x_wconf 81' lang='grc' dir='ltr'><strong>ὅμως</strong></span> <span class='ocrx_word' id='word_1_609' title='bbox 3016 4089 3420 4158; x_wconf 81' lang='grc' dir='ltr'><strong>διαλαμϐάνων,</strong></span> <span class='ocrx_word' id='word_1_610' title='bbox 3467 4087 3558 4140; x_wconf 77' lang='grc' dir='ltr'><strong>καὶ</strong></span> <span class='ocrx_word' id='word_1_611' title='bbox 3608 4087 3703 4155; x_wconf 76' lang='grc' dir='ltr'><strong>τὴν</strong></span> 
     </span>
    </p>
   </div>
   <div class='ocr_carea' id='block_1_87' title="bbox 2129 4181 3700 4254">
    <p class='ocr_par' dir='ltr' id='par_1_87' title="bbox 2129 4181 3700 4254">
     <span class='ocr_line' id='line_1_87' title="bbox 2129 4181 3700 4254; baseline -0.004 -18"><span class='ocrx_word' id='word_1_612' title='bbox 2129 4183 2228 4237; x_wconf 85' lang='grc' dir='ltr'><strong>τοῦ</strong></span> <span class='ocrx_word' id='word_1_613' title='bbox 2256 4183 2496 4250; x_wconf 85' lang='grc' dir='ltr'><strong>Παλαμᾶ</strong></span> <span class='ocrx_word' id='word_1_614' title='bbox 2531 4183 2757 4236; x_wconf 79' lang='grc' dir='ltr'><strong>καὶτῶν</strong></span> <span class='ocrx_word' id='word_1_615' title='bbox 2790 4183 3040 4254; x_wconf 87' lang='grc' dir='ltr'><strong>μοναχῶν</strong></span> <span class='ocrx_word' id='word_1_616' title='bbox 3070 4183 3355 4236; x_wconf 89' lang='grc' dir='ltr'><strong>εὐσέϐειαν</strong></span> <span class='ocrx_word' id='word_1_617' title='bbox 3385 4181 3460 4243; x_wconf 85' lang='grc' dir='ltr'><strong>ὡς</strong></span> <span class='ocrx_word' id='word_1_618' title='bbox 3492 4181 3700 4250; x_wconf 63' lang='grc' dir='ltr'><strong>ἀσφαλῆ</strong></span> 
     </span>
    </p>
   </div>
   <div class='ocr_carea' id='block_1_88' title="bbox 2129 4271 3702 4344">
    <p class='ocr_par' dir='ltr' id='par_1_88' title="bbox 2129 4271 3702 4344">
     <span class='ocr_line' id='line_1_88' title="bbox 2129 4271 3702 4344; baseline -0.002 -20"><span class='ocrx_word' id='word_1_619' title='bbox 2129 4288 2190 4324; x_wconf 86' lang='grc' dir='ltr'><strong>τε</strong></span> <span class='ocrx_word' id='word_1_620' title='bbox 2220 4273 2316 4325; x_wconf 68' lang='grc' dir='ltr'><strong>καὶ</strong></span> <span class='ocrx_word' id='word_1_621' title='bbox 2347 4271 2517 4336; x_wconf 77' lang='grc' dir='ltr'><strong>ὅντως</strong></span> <span class='ocrx_word' id='word_1_622' title='bbox 2542 4275 2732 4340; x_wconf 82' lang='grc' dir='ltr'><strong>κοινὴν</strong></span> <span class='ocrx_word' id='word_1_623' title='bbox 2762 4275 2873 4327; x_wconf 89' lang='grc' dir='ltr'><strong>τῶν</strong></span> <span class='ocrx_word' id='word_1_624' title='bbox 2901 4273 3250 4344; x_wconf 83' lang='grc' dir='ltr'><strong>Χριστιανῶν</strong></span> <span class='ocrx_word' id='word_1_625' title='bbox 3280 4272 3558 4326; x_wconf 83' lang='grc' dir='ltr'><strong>εὐσέϐειαν</strong></span> <span class='ocrx_word' id='word_1_626' title='bbox 3580 4273 3702 4322; x_wconf 82' lang='grc' dir='ltr'><strong>ἀνα-</strong></span> 
     </span>
    </p>
   </div>
   <div class='ocr_carea' id='block_1_89' title="bbox 2131 4355 3703 4437">
    <p class='ocr_par' dir='ltr' id='par_1_89' title="bbox 2131 4355 3703 4437">
     <span class='ocr_line' id='line_1_89' title="bbox 2131 4355 3703 4437; baseline -0.002 -19"><span class='ocrx_word' id='word_1_627' title='bbox 2131 4366 2422 4436; x_wconf 82' lang='grc' dir='ltr'><strong>κηρύττων</strong></span> <span class='ocrx_word' id='word_1_628' title='bbox 2462 4367 2555 4420; x_wconf 65' lang='grc' dir='ltr'><strong>καλΙ</strong></span> <span class='ocrx_word' id='word_1_629' title='bbox 2584 4369 2713 4430; x_wconf 79' lang='grc' dir='ltr'><strong>τούς</strong></span> <span class='ocrx_word' id='word_1_630' title='bbox 2744 4370 2807 4421; x_wconf 76' lang='grc' dir='ltr'><strong>ἐκ</strong></span> <span class='ocrx_word' id='word_1_631' title='bbox 2838 4367 2934 4421; x_wconf 89' lang='grc' dir='ltr'><strong>τοῦ</strong></span> <span class='ocrx_word' id='word_1_632' title='bbox 2973 4355 3257 4437; x_wconf 67' lang='grc' dir='ltr'><strong>Βαρλαάμ</strong></span> <span class='ocrx_word' id='word_1_633' title='bbox 3274 4369 3368 4420; x_wconf 81' lang='grc' dir='ltr'><strong>καὶ</strong></span> <span class='ocrx_word' id='word_1_634' title='bbox 3406 4365 3703 4420; x_wconf 54' lang='grc' dir='ltr'><strong>’.ἀκινδύνου</strong></span> 
     </span>
    </p>
   </div>
   <div class='ocr_carea' id='block_1_90' title="bbox 2132 4458 3707 4530">
    <p class='ocr_par' dir='ltr' id='par_1_90' title="bbox 2132 4458 3707 4530">
     <span class='ocr_line' id='line_1_90' title="bbox 2132 4458 3707 4530; baseline -0.003 -18"><span class='ocrx_word' id='word_1_635' title='bbox 2132 4461 2606 4529; x_wconf 78' lang='grc' dir='ltr'><strong>φενακιζομένους</strong></span> <span class='ocrx_word' id='word_1_636' title='bbox 2647 4461 3012 4515; x_wconf 88' lang='grc' dir='ltr'><strong>ἀπαλλάττων</strong></span> <span class='ocrx_word' id='word_1_637' title='bbox 3044 4461 3144 4528; x_wconf 81' lang='grc' dir='ltr'><strong>τῆς</strong></span> <span class='ocrx_word' id='word_1_638' title='bbox 3171 4460 3400 4530; x_wconf 86' lang='grc' dir='ltr'><strong>πλάνης.</strong></span> <span class='ocrx_word' id='word_1_639' title='bbox 3435 4458 3564 4529; x_wconf 79' lang='grc' dir='ltr'><strong>μεθὸ</strong></span> <span class='ocrx_word' id='word_1_640' title='bbox 3587 4474 3707 4526; x_wconf 80' lang='grc' dir='ltr'><strong>φρι-</strong></span> 
     </span>
    </p>
   </div>
   <div class='ocr_carea' id='block_1_91' title="bbox 436 4551 3702 4646">
    <p class='ocr_par' dir='ltr' id='par_1_91' title="bbox 436 4551 3702 4646">
     <span class='ocr_line' id='line_1_91' title="bbox 436 4551 3702 4646; baseline -0.005 -19"><span class='ocrx_word' id='word_1_641' title='bbox 436 4573 590 4642; x_wconf 87' lang='grc' dir='ltr'><strong>παρὰ</strong></span> <span class='ocrx_word' id='word_1_642' title='bbox 617 4575 710 4626; x_wconf 85' lang='grc' dir='ltr'><strong>τοῦ</strong></span> <span class='ocrx_word' id='word_1_643' title='bbox 739 4571 1036 4646; x_wconf 85' lang='grc' dir='ltr'><strong>είρημένου</strong></span> <span class='ocrx_word' id='word_1_644' title='bbox 1067 4568 1428 4639; x_wconf 80' lang='grc' dir='ltr'><strong>ἱερομονάχου</strong></span> <span class='ocrx_word' id='word_1_645' title='bbox 1459 4567 1567 4637; x_wconf 88' lang='grc' dir='ltr'><strong>κῦρ</strong></span> <span class='ocrx_word' id='word_1_646' title='bbox 1596 4567 1902 4637; x_wconf 83' lang='grc' dir='ltr'><strong>Γρηγορῖου</strong></span> <span class='ocrx_word' id='word_1_647' title='bbox 1929 4567 2026 4621; x_wconf 89' lang='grc' dir='ltr'><strong>τοῦ</strong></span> <span class='ocrx_word' id='word_1_648' title='bbox 2062 4561 2103 4615; x_wconf 87' lang='lat' dir='ltr'>D</span> <span class='ocrx_word' id='word_1_649' title='bbox 2135 4553 2328 4617; x_wconf 80' lang='grc' dir='ltr'><strong>κώδεις</strong></span> <span class='ocrx_word' id='word_1_650' title='bbox 2369 4555 2621 4646; x_wconf 22' lang='grc' dir='ltr'><strong>ᾅραὶᾼκαὶ</strong></span> <span class='ocrx_word' id='word_1_651' title='bbox 2652 4555 2826 4646; x_wconf 38' lang='lat' dir='ltr'><strong>553W!&quot;-</strong></span> <span class='ocrx_word' id='word_1_652' title='bbox 2868 4554 3058 4646; x_wconf 74' lang='grc' dir='ltr'><strong>ῥήξεις</strong></span> <span class='ocrx_word' id='word_1_653' title='bbox 3092 4554 3188 4646; x_wconf 47' lang='grc' dir='ltr'><strong>καλ</strong></span> <span class='ocrx_word' id='word_1_654' title='bbox 3218 4554 3360 4646; x_wconf 73' lang='grc' dir='ltr'><strong>πέρα</strong></span> <span class='ocrx_word' id='word_1_655' title='bbox 3390 4551 3574 4646; x_wconf 18' lang='grc' dir='ltr'><strong>δεμιγῶν</strong></span> <span class='ocrx_word' id='word_1_656' title='bbox 3605 4552 3702 4646; x_wconf 54' lang='grc' dir='ltr'><strong>αξ)-</strong></span> 
     </span>
    </p>
   </div>
   <div class='ocr_carea' id='block_1_92' title="bbox 437 4660 2028 4736">
    <p class='ocr_par' dir='ltr' id='par_1_92' title="bbox 437 4660 2028 4736">
     <span class='ocr_line' id='line_1_92' title="bbox 437 4660 2028 4736; baseline -0.003 -18"><span class='ocrx_word' id='word_1_657' title='bbox 437 4667 592 4719; x_wconf 85' lang='grc' dir='ltr'><strong>Παλα</strong></span> <span class='ocrx_word' id='word_1_658' title='bbox 603 4668 702 4736; x_wconf 81' lang='grc' dir='ltr'><strong>μᾶ,</strong></span> <span class='ocrx_word' id='word_1_659' title='bbox 730 4664 928 4734; x_wconf 86' lang='grc' dir='ltr'><strong>παρὼν</strong></span> <span class='ocrx_word' id='word_1_660' title='bbox 956 4663 1252 4733; x_wconf 86' lang='grc' dir='ltr'><strong>παρόντος,</strong></span> <span class='ocrx_word' id='word_1_661' title='bbox 1285 4661 1548 4716; x_wconf 80' lang='grc' dir='ltr'><strong>τάναντία</strong></span> <span class='ocrx_word' id='word_1_662' title='bbox 1575 4663 1689 4725; x_wconf 89' lang='grc' dir='ltr'><strong>τοῖς</strong></span> <span class='ocrx_word' id='word_1_663' title='bbox 1723 4662 1890 4731; x_wconf 77' lang='grc' dir='ltr'><strong>ἱεροῖς</strong></span> <span class='ocrx_word' id='word_1_664' title='bbox 1916 4660 2028 4714; x_wconf 89' lang='grc' dir='ltr'><strong>τῶν</strong></span> 
     </span>
    </p>
   </div>
   <div class='ocr_carea' id='block_1_93' title="bbox 439 4751 2028 4827">
    <p class='ocr_par' dir='ltr' id='par_1_93' title="bbox 439 4751 2028 4827">
     <span class='ocr_line' id='line_1_93' title="bbox 439 4751 2028 4827; baseline -0.004 -16"><span class='ocrx_word' id='word_1_665' title='bbox 439 4758 703 4827; x_wconf 81' lang='grc' dir='ltr'><strong>Πατέρων</strong></span> <span class='ocrx_word' id='word_1_666' title='bbox 738 4756 923 4823; x_wconf 85' lang='grc' dir='ltr'><strong>λόγοις</strong></span> <span class='ocrx_word' id='word_1_667' title='bbox 945 4755 1044 4808; x_wconf 74' lang='grc' dir='ltr'><strong>καὶ</strong></span> <span class='ocrx_word' id='word_1_668' title='bbox 1071 4755 1139 4825; x_wconf 81' lang='grc' dir='ltr'><strong>τῇ</strong></span> <span class='ocrx_word' id='word_1_669' title='bbox 1177 4755 1330 4826; x_wconf 83' lang='grc' dir='ltr'><strong>κοινῇ</strong></span> <span class='ocrx_word' id='word_1_670' title='bbox 1364 4753 1474 4806; x_wconf 88' lang='grc' dir='ltr'><strong>τῶν</strong></span> <span class='ocrx_word' id='word_1_671' title='bbox 1498 4751 1849 4822; x_wconf 83' lang='grc' dir='ltr'><strong>Χριστιανῶν</strong></span> <span class='ocrx_word' id='word_1_672' title='bbox 1873 4751 2028 4804; x_wconf 89' lang='grc' dir='ltr'><strong>εὐσε-</strong></span> 
     </span>
    </p>
   </div>
   <div class='ocr_carea' id='block_1_94' title="bbox 437 4847 2027 4925">
    <p class='ocr_par' dir='ltr' id='par_1_94' title="bbox 437 4847 2027 4925">
     <span class='ocr_line' id='line_1_94' title="bbox 437 4847 2027 4925; baseline -0.004 -22"><span class='ocrx_word' id='word_1_673' title='bbox 437 4853 563 4925; x_wconf 68' lang='grc' dir='ltr'><strong>ϐείᾳ</strong></span> <span class='ocrx_word' id='word_1_674' title='bbox 589 4855 682 4905; x_wconf 71' lang='grc' dir='ltr'><strong>καὶ</strong></span> <span class='ocrx_word' id='word_1_675' title='bbox 721 4849 966 4916; x_wconf 78' lang='grc' dir='ltr'><strong>δοξάζων</strong></span> <span class='ocrx_word' id='word_1_676' title='bbox 996 4851 1092 4904; x_wconf 78' lang='grc' dir='ltr'><strong>καὶ</strong></span> <span class='ocrx_word' id='word_1_677' title='bbox 1118 4849 1297 4919; x_wconf 77' lang='grc' dir='ltr'><strong>λέγων</strong></span> <span class='ocrx_word' id='word_1_678' title='bbox 1331 4850 1426 4902; x_wconf 77' lang='grc' dir='ltr'><strong>καὶ</strong></span> <span class='ocrx_word' id='word_1_679' title='bbox 1456 4848 1937 4918; x_wconf 86' lang='grc' dir='ltr'><strong>συγγραφόμενος,</strong></span> <span class='ocrx_word' id='word_1_680' title='bbox 1971 4847 2027 4898; x_wconf 88' lang='grc' dir='ltr'><strong>ἐν</strong></span> 
     </span>
    </p>
   </div>
   <div class='ocr_carea' id='block_1_95' title="bbox 435 4939 2054 5015">
    <p class='ocr_par' dir='ltr' id='par_1_95' title="bbox 435 4939 2054 5015">
     <span class='ocr_line' id='line_1_95' title="bbox 435 4939 2054 5015; baseline -0.004 -17"><span class='ocrx_word' id='word_1_681' title='bbox 435 4941 514 5006; x_wconf 77' lang='grc' dir='ltr'><strong>οἷς</strong></span> <span class='ocrx_word' id='word_1_682' title='bbox 552 4944 648 4998; x_wconf 84' lang='grc' dir='ltr'><strong>τοῦ</strong></span> <span class='ocrx_word' id='word_1_683' title='bbox 679 4962 736 4997; x_wconf 88' lang='grc' dir='ltr'><strong>τε</strong></span> <span class='ocrx_word' id='word_1_684' title='bbox 761 4943 999 5015; x_wconf 86' lang='grc' dir='ltr'><strong>Παλαμᾶ</strong></span> <span class='ocrx_word' id='word_1_685' title='bbox 1029 4944 1125 4998; x_wconf 65' lang='grc' dir='ltr'><strong>καὶ</strong></span> <span class='ocrx_word' id='word_1_686' title='bbox 1150 4944 1260 4996; x_wconf 86' lang='grc' dir='ltr'><strong>τῶν</strong></span> <span class='ocrx_word' id='word_1_687' title='bbox 1287 4943 1388 4996; x_wconf 84' lang='grc' dir='ltr'><strong>σὺν</strong></span> <span class='ocrx_word' id='word_1_688' title='bbox 1419 4941 1570 5010; x_wconf 83' lang='grc' dir='ltr'><strong>αὐτῷ</strong></span> <span class='ocrx_word' id='word_1_689' title='bbox 1607 4939 1863 5011; x_wconf 79' lang='grc' dir='ltr'><strong>μοναχῶν</strong></span> <span class='ocrx_word' id='word_1_690' title='bbox 1896 4955 2026 4993; x_wconf 86' lang='grc' dir='ltr'><strong>κατ·</strong></span> <span class='ocrx_word' id='word_1_691' title='bbox 2051 4945 2054 4950; x_wconf 80' lang='grc'><em>“</em></span> 
     </span>
    </p>
   </div>
   <div class='ocr_carea' id='block_1_96' title="bbox 437 5030 2027 5110">
    <p class='ocr_par' dir='ltr' id='par_1_96' title="bbox 437 5030 2027 5110">
     <span class='ocr_line' id='line_1_96' title="bbox 437 5030 2027 5110; baseline -0.005 -20"><span class='ocrx_word' id='word_1_692' title='bbox 437 5039 651 5109; x_wconf 70' lang='grc' dir='ltr'><strong>ηγόρει,</strong></span> <span class='ocrx_word' id='word_1_693' title='bbox 681 5039 935 5110; x_wconf 84' lang='grc' dir='ltr'><strong>καθάπερ</strong></span> <span class='ocrx_word' id='word_1_694' title='bbox 971 5039 1067 5090; x_wconf 68' lang='grc' dir='ltr'><strong>ἐπὶ</strong></span> <span class='ocrx_word' id='word_1_695' title='bbox 1131 5036 1332 5099; x_wconf 81' lang='grc' dir='ltr'><strong>λέξεως</strong></span> <span class='ocrx_word' id='word_1_696' title='bbox 1373 5037 1402 5087; x_wconf 89' lang='grc' dir='ltr'>ὁ</span> <span class='ocrx_word' id='word_1_697' title='bbox 1435 5033 1648 5102; x_wconf 80' lang='grc' dir='ltr'><strong>προϐάς</strong></span> <span class='ocrx_word' id='word_1_698' title='bbox 1677 5032 1774 5085; x_wconf 73' lang='grc' dir='ltr'><strong>ἐπὶ</strong></span> <span class='ocrx_word' id='word_1_699' title='bbox 1811 5030 2027 5092; x_wconf 87' lang='grc' dir='ltr'><strong>τούτοις</strong></span> 
     </span>
    </p>
   </div>
   <div class='ocr_carea' id='block_1_97' title="bbox 438 5122 2028 5201">
    <p class='ocr_par' dir='ltr' id='par_1_97' title="bbox 438 5122 2028 5201">
     <span class='ocr_line' id='line_1_97' title="bbox 438 5122 2028 5201; baseline -0.006 -18"><span class='ocrx_word' id='word_1_700' title='bbox 438 5131 584 5201; x_wconf 66' lang='grc' dir='ltr'><strong>ίερδς</strong></span> <span class='ocrx_word' id='word_1_701' title='bbox 613 5132 780 5200; x_wconf 84' lang='grc' dir='ltr'><strong>τόμος</strong></span> <span class='ocrx_word' id='word_1_702' title='bbox 807 5129 1196 5200; x_wconf 84' lang='grc' dir='ltr'><strong>διαλαμϐάνει.</strong></span> <span class='ocrx_word' id='word_1_703' title='bbox 1226 5124 1682 5194; x_wconf 69' lang='grc' dir='ltr'><strong>Καταψηφισθεὶς</strong></span> <span class='ocrx_word' id='word_1_704' title='bbox 1707 5123 1802 5176; x_wconf 82' lang='grc' dir='ltr'><strong>οῦν</strong></span> <span class='ocrx_word' id='word_1_705' title='bbox 1827 5123 1857 5174; x_wconf 92' lang='lat'><strong>6</strong></span> <span class='ocrx_word' id='word_1_706' title='bbox 1887 5122 2028 5192; x_wconf 83' lang='grc' dir='ltr'><strong>Βαρ-</strong></span> 
     </span>
    </p>
   </div>
   <div class='ocr_carea' id='block_1_98' title="bbox 435 5214 2025 5293">
    <p class='ocr_par' dir='ltr' id='par_1_98' title="bbox 435 5214 2025 5293">
     <span class='ocr_line' id='line_1_98' title="bbox 435 5214 2025 5293; baseline -0.005 -19"><span class='ocrx_word' id='word_1_707' title='bbox 435 5222 587 5293; x_wconf 80' lang='grc' dir='ltr'><strong>λοάμ</strong></span> <span class='ocrx_word' id='word_1_708' title='bbox 621 5222 922 5286; x_wconf 83' lang='grc' dir='ltr'><strong>συνοδικῶς</strong></span> <span class='ocrx_word' id='word_1_709' title='bbox 949 5222 1044 5273; x_wconf 76' lang='grc' dir='ltr'><strong>ἐπὶ</strong></span> <span class='ocrx_word' id='word_1_710' title='bbox 1070 5219 1284 5280; x_wconf 86' lang='grc' dir='ltr'><strong>τούτοις</strong></span> <span class='ocrx_word' id='word_1_711' title='bbox 1312 5217 1606 5286; x_wconf 87' lang='grc' dir='ltr'><strong>μετάνοιαν</strong></span> <span class='ocrx_word' id='word_1_712' title='bbox 1631 5214 2025 5284; x_wconf 84' lang='grc' dir='ltr'><strong>ἐπηγγείλατο⁶</strong></span> 
     </span>
    </p>
   </div>
   <div class='ocr_carea' id='block_1_99' title="bbox 434 5305 2030 5384">
    <p class='ocr_par' dir='ltr' id='par_1_99' title="bbox 434 5305 2030 5384">
     <span class='ocr_line' id='line_1_99' title="bbox 434 5305 2030 5384; baseline -0.003 -19"><span class='ocrx_word' id='word_1_713' title='bbox 434 5315 537 5384; x_wconf 82' lang='grc' dir='ltr'><strong>τὴν</strong></span> <span class='ocrx_word' id='word_1_714' title='bbox 567 5313 613 5368; x_wconf 86' lang='grc' dir='ltr'><strong>δ’</strong></span> <span class='ocrx_word' id='word_1_715' title='bbox 644 5313 946 5384; x_wconf 83' lang='grc' dir='ltr'><strong>ὑστεραίαν</strong></span> <span class='ocrx_word' id='word_1_716' title='bbox 991 5311 1169 5383; x_wconf 73' lang='grc' dir='ltr'><strong>ᾤχετο</strong></span> <span class='ocrx_word' id='word_1_717' title='bbox 1230 5308 1456 5379; x_wconf 88' lang='grc' dir='ltr'><strong>φεύγων</strong></span> <span class='ocrx_word' id='word_1_718' title='bbox 1485 5306 1727 5378; x_wconf 86' lang='grc' dir='ltr'><strong>ἀδήλως,</strong></span> <span class='ocrx_word' id='word_1_719' title='bbox 1759 5308 1860 5378; x_wconf 82' lang='grc' dir='ltr'><strong>τὴν</strong></span> <span class='ocrx_word' id='word_1_720' title='bbox 1899 5305 2030 5380; x_wconf 64' lang='grc' dir='ltr'><strong>ᾅδου</strong></span> 
     </span>
    </p>
   </div>
   <div class='ocr_carea' id='block_1_100' title="bbox 437 5399 2030 5479">
    <p class='ocr_par' dir='ltr' id='par_1_100' title="bbox 437 5399 2030 5479">
     <span class='ocr_line' id='line_1_100' title="bbox 437 5399 2030 5479; baseline -0.004 -21"><span class='ocrx_word' id='word_1_721' title='bbox 437 5407 629 5478; x_wconf 84' lang='grc' dir='ltr'><strong>κυνῆν,</strong></span> <span class='ocrx_word' id='word_1_722' title='bbox 677 5407 706 5460; x_wconf 85' lang='grc' dir='ltr'>ὅ</span> <span class='ocrx_word' id='word_1_723' title='bbox 754 5419 943 5475; x_wconf 85' lang='grc' dir='ltr'><strong>φασιν,</strong></span> <span class='ocrx_word' id='word_1_724' title='bbox 984 5401 1209 5465; x_wconf 85' lang='grc' dir='ltr'><strong>ὑποδύς.</strong></span> <span class='ocrx_word' id='word_1_725' title='bbox 1243 5403 1319 5455; x_wconf 88' lang='grc' dir='ltr'><strong>Οὐ</strong></span> <span class='ocrx_word' id='word_1_726' title='bbox 1357 5401 1493 5479; x_wconf 71' lang='grc' dir='ltr'><strong>πρλὺ</strong></span> <span class='ocrx_word' id='word_1_727' title='bbox 1525 5401 1586 5454; x_wconf 87' lang='grc' dir='ltr'><strong>τὸ</strong></span> <span class='ocrx_word' id='word_1_728' title='bbox 1633 5401 1692 5454; x_wconf 88' lang='grc' dir='ltr'><strong>ἐν</strong></span> <span class='ocrx_word' id='word_1_729' title='bbox 1726 5400 1901 5472; x_wconf 84' lang='grc' dir='ltr'><strong>μέσῳ,</strong></span> <span class='ocrx_word' id='word_1_730' title='bbox 1935 5399 2030 5454; x_wconf 69' lang='grc' dir='ltr'><strong>καὶ</strong></span> 
     </span>
    </p>
   </div>
   <div class='ocr_carea' id='block_1_101' title="bbox 441 5493 2024 5566">
    <p class='ocr_par' dir='ltr' id='par_1_101' title="bbox 441 5493 2024 5566">
     <span class='ocr_line' id='line_1_101' title="bbox 441 5493 2024 5566; baseline -0.004 -16"><span class='ocrx_word' id='word_1_731' title='bbox 441 5496 697 5566; x_wconf 84' lang='grc' dir='ltr'><strong>βασιλεὺς</strong></span> <span class='ocrx_word' id='word_1_732' title='bbox 726 5499 960 5562; x_wconf 85' lang='grc' dir='ltr'><strong>ἐκεῖνος,</strong></span> <span class='ocrx_word' id='word_1_733' title='bbox 993 5498 1023 5548; x_wconf 90' lang='grc' dir='ltr'>ὁ</span> <span class='ocrx_word' id='word_1_734' title='bbox 1059 5493 1260 5557; x_wconf 70' lang='grc' dir='ltr'><strong>παντὸς</strong></span> <span class='ocrx_word' id='word_1_735' title='bbox 1292 5493 1498 5565; x_wconf 78' lang='grc' dir='ltr'><strong>μᾶλλον</strong></span> <span class='ocrx_word' id='word_1_736' title='bbox 1538 5494 1632 5548; x_wconf 81' lang='grc' dir='ltr'><strong>ἐπὶ</strong></span> <span class='ocrx_word' id='word_1_737' title='bbox 1658 5493 1762 5564; x_wconf 75' lang='grc' dir='ltr'><strong>τῆς</strong></span> <span class='ocrx_word' id='word_1_738' title='bbox 1802 5493 2024 5546; x_wconf 87' lang='grc' dir='ltr'><strong>συνόδου</strong></span> 
     </span>
    </p>
   </div>
   <div class='ocr_carea' id='block_1_102' title="bbox 346 5585 2030 5665">
    <p class='ocr_par' dir='ltr' id='par_1_102' title="bbox 346 5585 2030 5665">
     <span class='ocr_line' id='line_1_102' title="bbox 346 5585 2030 5665; baseline -0.006 -19"><span class='ocrx_word' id='word_1_739' title='bbox 346 5657 350 5661; x_wconf 92' lang='lat'><em>_</em></span> <span class='ocrx_word' id='word_1_740' title='bbox 443 5592 982 5665; x_wconf 79' lang='grc' dir='ltr'><strong>παρρησιασάμενος</strong></span> <span class='ocrx_word' id='word_1_741' title='bbox 1011 5591 1107 5643; x_wconf 67' lang='grc' dir='ltr'><strong>καὶ</strong></span> <span class='ocrx_word' id='word_1_742' title='bbox 1143 5591 1400 5661; x_wconf 77' lang='grc' dir='ltr'><strong>κυρώσας</strong></span> <span class='ocrx_word' id='word_1_743' title='bbox 1445 5591 1501 5642; x_wconf 86' lang='grc' dir='ltr'><strong>τὸ</strong></span> <span class='ocrx_word' id='word_1_744' title='bbox 1538 5589 1782 5654; x_wconf 80' lang='grc' dir='ltr'><strong>εὐσεϐὲς,</strong></span> <span class='ocrx_word' id='word_1_745' title='bbox 1814 5585 2030 5641; x_wconf 88' lang='grc' dir='ltr'><strong>ἀπολεί-</strong></span> 
     </span>
    </p>
   </div>
   <div class='ocr_carea' id='block_1_103' title="bbox 441 5677 2029 5754">
    <p class='ocr_par' dir='ltr' id='par_1_103' title="bbox 441 5677 2029 5754">
     <span class='ocr_line' id='line_1_103' title="bbox 441 5677 2029 5754; baseline -0.006 -16"><span class='ocrx_word' id='word_1_746' title='bbox 441 5701 534 5738; x_wconf 89' lang='grc' dir='ltr'><strong>πει</strong></span> <span class='ocrx_word' id='word_1_747' title='bbox 569 5689 663 5739; x_wconf 80' lang='grc' dir='ltr'><strong>τὸν</strong></span> <span class='ocrx_word' id='word_1_748' title='bbox 697 5685 813 5754; x_wconf 84' lang='grc' dir='ltr'><strong>βίον</strong></span> <span class='ocrx_word' id='word_1_749' title='bbox 840 5701 851 5714; x_wconf 91' lang='grc'><strong>·</strong></span> <span class='ocrx_word' id='word_1_750' title='bbox 883 5683 1186 5738; x_wconf 87' lang='grc' dir='ltr'><strong>κάντεῦθεν</strong></span> <span class='ocrx_word' id='word_1_751' title='bbox 1215 5684 1262 5736; x_wconf 81' lang='grc' dir='ltr'><strong>οἱ</strong></span> <span class='ocrx_word' id='word_1_752' title='bbox 1304 5685 1400 5754; x_wconf 72' lang='grc' dir='ltr'><strong>τῆς</strong></span> <span class='ocrx_word' id='word_1_753' title='bbox 1432 5684 1528 5737; x_wconf 89' lang='grc' dir='ltr'><strong>τοῦ</strong></span> <span class='ocrx_word' id='word_1_754' title='bbox 1563 5681 1832 5752; x_wconf 70' lang='grc' dir='ltr'><strong>Βαρλαάμ</strong></span> <span class='ocrx_word' id='word_1_755' title='bbox 1879 5677 2029 5748; x_wconf 76' lang='grc' dir='ltr'><strong>αἱρέ-</strong></span> 
     </span>
    </p>
   </div>
   <div class='ocr_carea' id='block_1_104' title="bbox 443 5772 2029 5848">
    <p class='ocr_par' dir='ltr' id='par_1_104' title="bbox 443 5772 2029 5848">
     <span class='ocr_line' id='line_1_104' title="bbox 443 5772 2029 5848; baseline -0.015 -4"><span class='ocrx_word' id='word_1_756' title='bbox 443 5793 581 5842; x_wconf 85' lang='grc' dir='ltr'><strong>σεως</strong></span> <span class='ocrx_word' id='word_1_757' title='bbox 634 5777 899 5847; x_wconf 70' lang='grc' dir='ltr'><strong>μαθηταὶ,</strong></span> <span class='ocrx_word' id='word_1_758' title='bbox 955 5779 1051 5831; x_wconf 71' lang='grc' dir='ltr'><strong>καὶ</strong></span> <span class='ocrx_word' id='word_1_759' title='bbox 1089 5779 1326 5848; x_wconf 85' lang='grc' dir='ltr'><strong>μάλιστα</strong></span> <span class='ocrx_word' id='word_1_760' title='bbox 1379 5778 1602 5830; x_wconf 83' lang='grc' dir='ltr'><strong>πάντων</strong></span> <span class='ocrx_word' id='word_1_761' title='bbox 1640 5772 1763 5826; x_wconf 84' lang='grc' dir='ltr'><strong>κατ’</strong></span> <span class='ocrx_word' id='word_1_762' title='bbox 1815 5772 2029 5824; x_wconf 83' lang='grc' dir='ltr'><strong>ἐκεῖνον</strong></span> 
     </span>
    </p>
   </div>
   <div class='ocr_carea' id='block_1_105' title="bbox 448 5861 2028 5942">
    <p class='ocr_par' dir='ltr' id='par_1_105' title="bbox 448 5861 2028 5942">
     <span class='ocr_line' id='line_1_105' title="bbox 448 5861 2028 5942; baseline -0.006 -20"><span class='ocrx_word' id='word_1_763' title='bbox 448 5865 535 5917; x_wconf 73' lang='grc' dir='ltr'><strong>ὑπ’</strong></span> <span class='ocrx_word' id='word_1_764' title='bbox 567 5868 780 5926; x_wconf 84' lang='grc' dir='ltr'><strong>ἐκείνου</strong></span> <span class='ocrx_word' id='word_1_765' title='bbox 803 5871 902 5940; x_wconf 82' lang='grc' dir='ltr'><strong>τὴν</strong></span> <span class='ocrx_word' id='word_1_766' title='bbox 926 5869 1172 5942; x_wconf 71' lang='grc' dir='ltr'><strong>πονηράν</strong></span> <span class='ocrx_word' id='word_1_767' title='bbox 1198 5869 1584 5939; x_wconf 74' lang='grc' dir='ltr'><strong>πεπλασμένος</strong></span> <span class='ocrx_word' id='word_1_768' title='bbox 1612 5864 1816 5920; x_wconf 83' lang='grc' dir='ltr'><strong>πλάσιν</strong></span> <span class='ocrx_word' id='word_1_769' title='bbox 1850 5861 2028 5916; x_wconf 79' lang='grc' dir='ltr'><strong>’Δκίν-</strong></span> 
     </span>
    </p>
   </div>
   <div class='ocr_carea' id='block_1_106' title="bbox 2131 4642 3703 4715">
    <p class='ocr_par' dir='ltr' id='par_1_106' title="bbox 2131 4642 3703 4715">
     <span class='ocr_line' id='line_1_106' title="bbox 2131 4642 3703 4715; baseline -0.002 -19"><span class='ocrx_word' id='word_1_770' title='bbox 2131 4646 2222 4698; x_wconf 76' lang='grc' dir='ltr'><strong>τόν</strong></span> <span class='ocrx_word' id='word_1_771' title='bbox 2251 4662 2310 4696; x_wconf 84' lang='grc' dir='ltr'><strong>τε</strong></span> <span class='ocrx_word' id='word_1_772' title='bbox 2361 4645 2451 4698; x_wconf 64' lang='grc' dir='ltr'><strong>τὸν</strong></span> <span class='ocrx_word' id='word_1_773' title='bbox 2504 4644 2794 4715; x_wconf 85' lang='grc' dir='ltr'><strong>Βαρλαὰμ,</strong></span> <span class='ocrx_word' id='word_1_774' title='bbox 2825 4647 2874 4698; x_wconf 86' lang='grc' dir='ltr'><strong>εί</strong></span> <span class='ocrx_word' id='word_1_775' title='bbox 2922 4645 2998 4714; x_wconf 84' lang='grc' dir='ltr'><strong>μὴ</strong></span> <span class='ocrx_word' id='word_1_776' title='bbox 3040 4645 3347 4714; x_wconf 84' lang='grc' dir='ltr'><strong>μετάμελον</strong></span> <span class='ocrx_word' id='word_1_777' title='bbox 3392 4643 3564 4704; x_wconf 86' lang='grc' dir='ltr'><strong>λάϐοι,</strong></span> <span class='ocrx_word' id='word_1_778' title='bbox 3608 4642 3703 4706; x_wconf 77' lang='grc' dir='ltr'><strong>τῆς</strong></span> 
     </span>
    </p>
   </div>
   <div class='ocr_carea' id='block_1_107' title="bbox 2132 4733 3700 4807">
    <p class='ocr_par' dir='ltr' id='par_1_107' title="bbox 2132 4733 3700 4807">
     <span class='ocr_line' id='line_1_107' title="bbox 2132 4733 3700 4807; baseline -0.003 -20"><span class='ocrx_word' id='word_1_779' title='bbox 2132 4735 2287 4806; x_wconf 77' lang='grc' dir='ltr'><strong>ἱερᾶς</strong></span> <span class='ocrx_word' id='word_1_780' title='bbox 2331 4735 2665 4806; x_wconf 82' lang='grc' dir='ltr'><strong>Ἐκκλησίας</strong></span> <span class='ocrx_word' id='word_1_781' title='bbox 2694 4736 3179 4807; x_wconf 71' lang='grc' dir='ltr'><strong>ἀποκηρύττουσαί</strong></span> <span class='ocrx_word' id='word_1_782' title='bbox 3233 4753 3291 4789; x_wconf 90' lang='grc' dir='ltr'><strong>τε</strong></span> <span class='ocrx_word' id='word_1_783' title='bbox 3337 4736 3434 4796; x_wconf 76' lang='grc' dir='ltr'><strong>καὶ</strong></span> <span class='ocrx_word' id='word_1_784' title='bbox 3473 4733 3700 4787; x_wconf 72' lang='grc' dir='ltr'><strong>ἀπελαύο</strong></span> 
     </span>
    </p>
   </div>
   <div class='ocr_carea' id='block_1_108' title="bbox 2131 4826 3702 4901">
    <p class='ocr_par' dir='ltr' id='par_1_108' title="bbox 2131 4826 3702 4901">
     <span class='ocr_line' id='line_1_108' title="bbox 2131 4826 3702 4901; baseline -0.003 -18"><span class='ocrx_word' id='word_1_785' title='bbox 2131 4848 2323 4883; x_wconf 88' lang='grc' dir='ltr'><strong>νουσαι</strong></span> <span class='ocrx_word' id='word_1_786' title='bbox 2354 4830 2567 4884; x_wconf 77' lang='grc' dir='ltr'><strong>καὶτοῦ</strong></span> <span class='ocrx_word' id='word_1_787' title='bbox 2607 4829 2849 4900; x_wconf 81' lang='grc' dir='ltr'><strong>Χριστοῦ</strong></span> <span class='ocrx_word' id='word_1_788' title='bbox 2887 4833 3141 4901; x_wconf 82' lang='grc' dir='ltr'><strong>σώματος</strong></span> <span class='ocrx_word' id='word_1_789' title='bbox 3185 4831 3584 4899; x_wconf 82' lang='grc' dir='ltr'><strong>ἀποτέμνουσαι</strong></span> <span class='ocrx_word' id='word_1_790' title='bbox 3614 4826 3702 4880; x_wconf 74' lang='grc' dir='ltr'><strong>καὶ</strong></span> 
     </span>
    </p>
   </div>
   <div class='ocr_carea' id='block_1_109' title="bbox 2129 4921 3698 4992">
    <p class='ocr_par' dir='ltr' id='par_1_109' title="bbox 2129 4921 3698 4992">
     <span class='ocr_line' id='line_1_109' title="bbox 2129 4921 3698 4992; baseline -0.003 -17"><span class='ocrx_word' id='word_1_791' title='bbox 2129 4921 2414 4975; x_wconf 85' lang='grc' dir='ltr'><strong>διιστῶσαι</strong></span> <span class='ocrx_word' id='word_1_792' title='bbox 2460 4923 2668 4986; x_wconf 78' lang='grc' dir='ltr'><strong>παντὸς</strong></span> <span class='ocrx_word' id='word_1_793' title='bbox 2717 4922 2812 4975; x_wconf 86' lang='grc' dir='ltr'><strong>τοῦ</strong></span> <span class='ocrx_word' id='word_1_794' title='bbox 2863 4924 3264 4992; x_wconf 82' lang='grc' dir='ltr'><strong>Χριστωνύμου</strong></span> <span class='ocrx_word' id='word_1_795' title='bbox 3316 4921 3698 4992; x_wconf 83' lang='grc' dir='ltr'><strong>πληρώματος,</strong></span> 
     </span>
    </p>
   </div>
   <div class='ocr_carea' id='block_1_110' title="bbox 2131 5011 3700 5086">
    <p class='ocr_par' dir='ltr' id='par_1_110' title="bbox 2131 5011 3700 5086">
     <span class='ocr_line' id='line_1_110' title="bbox 2131 5011 3700 5086; baseline -0.005 -18"><span class='ocrx_word' id='word_1_796' title='bbox 2131 5015 2272 5086; x_wconf 77' lang='grc' dir='ltr'><strong>πρὸς</strong></span> <span class='ocrx_word' id='word_1_797' title='bbox 2305 5015 2362 5068; x_wconf 85' lang='grc' dir='ltr'><strong>δέ</strong></span> <span class='ocrx_word' id='word_1_798' title='bbox 2391 5016 2486 5068; x_wconf 80' lang='grc' dir='ltr'><strong>καὶ</strong></span> <span class='ocrx_word' id='word_1_799' title='bbox 2510 5016 2721 5079; x_wconf 85' lang='grc' dir='ltr'><strong>πάντας</strong></span> <span class='ocrx_word' id='word_1_800' title='bbox 2749 5015 2877 5077; x_wconf 84' lang='grc' dir='ltr'><strong>τοὺς</strong></span> <span class='ocrx_word' id='word_1_801' title='bbox 2898 5013 3330 5083; x_wconf 83' lang='grc' dir='ltr'><strong>ἀποτολμῶντας</strong></span> <span class='ocrx_word' id='word_1_802' title='bbox 3354 5015 3386 5083; x_wconf 80' lang='grc' dir='ltr'>ἢ</span> <span class='ocrx_word' id='word_1_803' title='bbox 3416 5011 3700 5080; x_wconf 70' lang='grc' dir='ltr'><strong>τολμήσον-</strong></span> 
     </span>
    </p>
   </div>
   <div class='ocr_carea' id='block_1_111' title="bbox 2130 5106 3702 5180">
    <p class='ocr_par' dir='ltr' id='par_1_111' title="bbox 2130 5106 3702 5180">
     <span class='ocr_line' id='line_1_111' title="bbox 2130 5106 3702 5180; baseline -0.006 -19"><span class='ocrx_word' id='word_1_804' title='bbox 2130 5125 2230 5172; x_wconf 88' lang='grc' dir='ltr'><strong>τας</strong></span> <span class='ocrx_word' id='word_1_805' title='bbox 2258 5110 2359 5176; x_wconf 79' lang='grc' dir='ltr'><strong>τῆς</strong></span> <span class='ocrx_word' id='word_1_806' title='bbox 2383 5108 2479 5162; x_wconf 89' lang='grc' dir='ltr'><strong>τοῦ</strong></span> <span class='ocrx_word' id='word_1_807' title='bbox 2526 5109 2767 5179; x_wconf 87' lang='grc' dir='ltr'><strong>Παλαμᾶ</strong></span> <span class='ocrx_word' id='word_1_808' title='bbox 2799 5109 2893 5161; x_wconf 72' lang='grc' dir='ltr'><strong>καὶ</strong></span> <span class='ocrx_word' id='word_1_809' title='bbox 2937 5108 3047 5161; x_wconf 88' lang='grc' dir='ltr'><strong>τῶν</strong></span> <span class='ocrx_word' id='word_1_810' title='bbox 3082 5106 3234 5180; x_wconf 84' lang='grc' dir='ltr'><strong>αὐτῷ</strong></span> <span class='ocrx_word' id='word_1_811' title='bbox 3261 5106 3591 5178; x_wconf 77' lang='grc' dir='ltr'><strong>συνᾳδόντων</strong></span> <span class='ocrx_word' id='word_1_812' title='bbox 3613 5119 3702 5170; x_wconf 82' lang='grc' dir='ltr'><strong>μο-</strong></span> 
     </span>
    </p>
   </div>
   <div class='ocr_carea' id='block_1_112' title="bbox 2130 5193 3704 5274">
    <p class='ocr_par' dir='ltr' id='par_1_112' title="bbox 2130 5193 3704 5274">
     <span class='ocr_line' id='line_1_112' title="bbox 2130 5193 3704 5274; baseline -0.006 -17"><span class='ocrx_word' id='word_1_813' title='bbox 2130 5203 2315 5274; x_wconf 85' lang='grc' dir='ltr'><strong>ναχῶν</strong></span> <span class='ocrx_word' id='word_1_814' title='bbox 2339 5203 2649 5265; x_wconf 80' lang='grc' dir='ltr'><strong>εὐσεϐείας,</strong></span> <span class='ocrx_word' id='word_1_815' title='bbox 2675 5203 2750 5260; x_wconf 82' lang='grc' dir='ltr'><strong>ὡς</strong></span> <span class='ocrx_word' id='word_1_816' title='bbox 2775 5203 2802 5254; x_wconf 87' lang='lat'><strong>6</strong></span> <span class='ocrx_word' id='word_1_817' title='bbox 2830 5201 3120 5272; x_wconf 82' lang='grc' dir='ltr'><strong>Βαρλαάμ,</strong></span> <span class='ocrx_word' id='word_1_818' title='bbox 3143 5201 3523 5268; x_wconf 81' lang='grc' dir='ltr'><strong>κατατρέχειν.</strong></span> <span class='ocrx_word' id='word_1_819' title='bbox 3552 5193 3704 5248; x_wconf 72' lang='grc' dir='ltr'><strong>Ἀλλὰ</strong></span> 
     </span>
    </p>
   </div>
   <div class='ocr_carea' id='block_1_113' title="bbox 2135 5286 3783 5368">
    <p class='ocr_par' dir='ltr' id='par_1_113' title="bbox 2135 5286 3783 5368">
     <span class='ocr_line' id='line_1_113' title="bbox 2135 5286 3783 5368; baseline -0.006 -21"><span class='ocrx_word' id='word_1_820' title='bbox 2135 5296 2276 5366; x_wconf 74' lang='grc' dir='ltr'><strong>μετὰ</strong></span> <span class='ocrx_word' id='word_1_821' title='bbox 2305 5295 2403 5366; x_wconf 81' lang='grc' dir='ltr'><strong>τὴν</strong></span> <span class='ocrx_word' id='word_1_822' title='bbox 2433 5293 2798 5364; x_wconf 78' lang='grc' dir='ltr'><strong>καταγραφὴν</strong></span> <span class='ocrx_word' id='word_1_823' title='bbox 2827 5295 2926 5347; x_wconf 71' lang='grc' dir='ltr'><strong>καὶ</strong></span> <span class='ocrx_word' id='word_1_824' title='bbox 2958 5291 3292 5364; x_wconf 73' lang='grc' dir='ltr'><strong>ὑπογραφὴν</strong></span> <span class='ocrx_word' id='word_1_825' title='bbox 3322 5289 3418 5344; x_wconf 90' lang='grc' dir='ltr'><strong>τοῦ</strong></span> <span class='ocrx_word' id='word_1_826' title='bbox 3447 5289 3580 5359; x_wconf 81' lang='grc' dir='ltr'><strong>ὑπὲρ</strong></span> <span class='ocrx_word' id='word_1_827' title='bbox 3612 5286 3702 5355; x_wconf 79' lang='grc' dir='ltr'><strong>τῆς</strong></span> <span class='ocrx_word' id='word_1_828' title='bbox 3769 5352 3783 5368; x_wconf 39' lang='grc' dir='ltr'><em>ρ</em></span> 
     </span>
    </p>
   </div>
   <div class='ocr_carea' id='block_1_114' title="bbox 2133 5377 3698 5457">
    <p class='ocr_par' dir='ltr' id='par_1_114' title="bbox 2133 5377 3698 5457">
     <span class='ocr_line' id='line_1_114' title="bbox 2133 5377 3698 5457; baseline -0.01 -16"><span class='ocrx_word' id='word_1_829' title='bbox 2133 5389 2323 5457; x_wconf 82' lang='grc' dir='ltr'><strong>κοινῆς</strong></span> <span class='ocrx_word' id='word_1_830' title='bbox 2360 5385 2645 5449; x_wconf 83' lang='grc' dir='ltr'><strong>εὐσεϐείας</strong></span> <span class='ocrx_word' id='word_1_831' title='bbox 2673 5383 2822 5457; x_wconf 80' lang='grc' dir='ltr'><strong>ἱεροῦ</strong></span> <span class='ocrx_word' id='word_1_832' title='bbox 2849 5382 3040 5437; x_wconf 88' lang='grc' dir='ltr'><strong>τούτου</strong></span> <span class='ocrx_word' id='word_1_833' title='bbox 3075 5383 3269 5451; x_wconf 86' lang='grc' dir='ltr'><strong>τόμου,</strong></span> <span class='ocrx_word' id='word_1_834' title='bbox 3302 5381 3360 5432; x_wconf 85' lang='grc' dir='ltr'><strong>ὃν</strong></span> <span class='ocrx_word' id='word_1_835' title='bbox 3389 5383 3482 5431; x_wconf 76' lang='grc' dir='ltr'><strong>καὶ</strong></span> <span class='ocrx_word' id='word_1_836' title='bbox 3519 5378 3547 5428; x_wconf 82' lang='lat'><strong>6</strong></span> <span class='ocrx_word' id='word_1_837' title='bbox 3581 5377 3698 5427; x_wconf 86' lang='grc' dir='ltr'><strong>τότε</strong></span> 
     </span>
    </p>
   </div>
   <div class='ocr_carea' id='block_1_115' title="bbox 2133 5473 3702 5551">
    <p class='ocr_par' dir='ltr' id='par_1_115' title="bbox 2133 5473 3702 5551">
     <span class='ocr_line' id='line_1_115' title="bbox 2133 5473 3702 5551; baseline -0.008 -17"><span class='ocrx_word' id='word_1_838' title='bbox 2133 5481 2482 5551; x_wconf 82' lang='grc' dir='ltr'><strong>πατριάρχης</strong></span> <span class='ocrx_word' id='word_1_839' title='bbox 2514 5479 2620 5550; x_wconf 84' lang='grc' dir='ltr'><strong>πρὸ</strong></span> <span class='ocrx_word' id='word_1_840' title='bbox 2668 5479 2776 5532; x_wconf 90' lang='grc' dir='ltr'><strong>τῶν</strong></span> <span class='ocrx_word' id='word_1_841' title='bbox 2813 5477 2991 5533; x_wconf 82' lang='grc' dir='ltr'><strong>ἄλλων</strong></span> <span class='ocrx_word' id='word_1_842' title='bbox 3022 5477 3212 5545; x_wconf 68' lang='grc' dir='ltr'><strong>χερσὶν</strong></span> <span class='ocrx_word' id='word_1_843' title='bbox 3247 5475 3474 5536; x_wconf 81' lang='grc' dir='ltr'><strong>οἰκείαις</strong></span> <span class='ocrx_word' id='word_1_844' title='bbox 3501 5473 3702 5537; x_wconf 82' lang='grc' dir='ltr'><strong>ὑποση-</strong></span> 
     </span>
    </p>
   </div>
   <div class='ocr_carea' id='block_1_116' title="bbox 2136 5562 3710 5646">
    <p class='ocr_par' dir='ltr' id='par_1_116' title="bbox 2136 5562 3710 5646">
     <span class='ocr_line' id='line_1_116' title="bbox 2136 5562 3710 5646; baseline -0.009 -18"><span class='ocrx_word' id='word_1_845' title='bbox 2136 5574 2455 5646; x_wconf 87' lang='grc' dir='ltr'><strong>μηνάμενος</strong></span> <span class='ocrx_word' id='word_1_846' title='bbox 2488 5571 2818 5635; x_wconf 81' lang='grc' dir='ltr'><strong>διετέλεσεν,</strong></span> <span class='ocrx_word' id='word_1_847' title='bbox 2855 5568 3011 5624; x_wconf 82' lang='grc' dir='ltr'><strong>οῦπω</strong></span> <span class='ocrx_word' id='word_1_848' title='bbox 3039 5571 3134 5624; x_wconf 82' lang='grc' dir='ltr'><strong>δύο</strong></span> <span class='ocrx_word' id='word_1_849' title='bbox 3171 5569 3338 5641; x_wconf 81' lang='grc' dir='ltr'><strong>μῆνες</strong></span> <span class='ocrx_word' id='word_1_850' title='bbox 3363 5565 3473 5620; x_wconf 76' lang='grc' dir='ltr'><strong>ὅλοι</strong></span> <span class='ocrx_word' id='word_1_851' title='bbox 3504 5562 3710 5633; x_wconf 76' lang='grc' dir='ltr'><strong>παρῆλ-</strong></span> 
     </span>
    </p>
   </div>
   <div class='ocr_carea' id='block_1_117' title="bbox 2135 5659 3710 5738">
    <p class='ocr_par' dir='ltr' id='par_1_117' title="bbox 2135 5659 3710 5738">
     <span class='ocr_line' id='line_1_117' title="bbox 2135 5659 3710 5738; baseline -0.008 -14"><span class='ocrx_word' id='word_1_852' title='bbox 2135 5670 2249 5738; x_wconf 88' lang='grc' dir='ltr'><strong>θον,</strong></span> <span class='ocrx_word' id='word_1_853' title='bbox 2281 5670 2377 5723; x_wconf 79' lang='grc' dir='ltr'><strong>καὶ</strong></span> <span class='ocrx_word' id='word_1_854' title='bbox 2409 5670 2600 5732; x_wconf 88' lang='grc' dir='ltr'><strong>στάσις</strong></span> <span class='ocrx_word' id='word_1_855' title='bbox 2643 5669 2738 5722; x_wconf 69' lang='grc' dir='ltr'><strong>καὶ</strong></span> <span class='ocrx_word' id='word_1_856' title='bbox 2767 5669 3054 5738; x_wconf 85' lang='grc' dir='ltr'><strong>σύγχυσις,</strong></span> <span class='ocrx_word' id='word_1_857' title='bbox 3084 5668 3183 5736; x_wconf 88' lang='grc' dir='ltr'><strong>φεῦ</strong></span> <span class='ocrx_word' id='word_1_858' title='bbox 3212 5669 3222 5720; x_wconf 91' lang='lat'>!</span> <span class='ocrx_word' id='word_1_859' title='bbox 3256 5667 3287 5735; x_wconf 80' lang='grc' dir='ltr'>ἡ</span> <span class='ocrx_word' id='word_1_860' title='bbox 3335 5663 3523 5716; x_wconf 78' lang='grc' dir='ltr'><strong>πασῶν</strong></span> <span class='ocrx_word' id='word_1_861' title='bbox 3556 5659 3710 5730; x_wconf 76' lang='grc' dir='ltr'><strong>χαλε-</strong></span> 
     </span>
    </p>
   </div>
   <div class='ocr_carea' id='block_1_118' title="bbox 2138 5754 3710 5834">
    <p class='ocr_par' dir='ltr' id='par_1_118' title="bbox 2138 5754 3710 5834">
     <span class='ocr_line' id='line_1_118' title="bbox 2138 5754 3710 5834; baseline -0.008 -15"><span class='ocrx_word' id='word_1_862' title='bbox 2138 5765 2368 5834; x_wconf 84' lang='grc' dir='ltr'><strong>πωτάτη</strong></span> <span class='ocrx_word' id='word_1_863' title='bbox 2427 5761 2843 5832; x_wconf 81' lang='grc' dir='ltr'><strong>καταλαμϐάνει</strong></span> <span class='ocrx_word' id='word_1_864' title='bbox 2897 5762 2994 5832; x_wconf 77' lang='grc' dir='ltr'><strong>τὴν</strong></span> <span class='ocrx_word' id='word_1_865' title='bbox 3055 5761 3346 5832; x_wconf 82' lang='grc' dir='ltr'><strong>Ῥωμαίων</strong></span> <span class='ocrx_word' id='word_1_866' title='bbox 3390 5754 3710 5826; x_wconf 73' lang='grc' dir='ltr'><strong>άρχὴν,ὐπδ</strong></span> 
     </span>
    </p>
   </div>
   <div class='ocr_carea' id='block_1_119' title="bbox 2139 5848 3704 5928">
    <p class='ocr_par' dir='ltr' id='par_1_119' title="bbox 2139 5848 3704 5928">
     <span class='ocr_line' id='line_1_119' title="bbox 2139 5848 3704 5928; baseline -0.01 -15"><span class='ocrx_word' id='word_1_867' title='bbox 2139 5857 2418 5928; x_wconf 81' lang='grc' dir='ltr'><strong>βασκάνου</strong></span> <span class='ocrx_word' id='word_1_868' title='bbox 2457 5857 2550 5913; x_wconf 74' lang='grc' dir='ltr'><strong>καὶ</strong></span> <span class='ocrx_word' id='word_1_869' title='bbox 2599 5855 2848 5926; x_wconf 74' lang='grc' dir='ltr'><strong>πονηρᾶς</strong></span> <span class='ocrx_word' id='word_1_870' title='bbox 2880 5855 2972 5908; x_wconf 71' lang='grc' dir='ltr'><strong>καὶ</strong></span> <span class='ocrx_word' id='word_1_871' title='bbox 3023 5853 3303 5924; x_wconf 78' lang='grc' dir='ltr'><strong>φυλάρχου</strong></span> <span class='ocrx_word' id='word_1_872' title='bbox 3349 5848 3571 5921; x_wconf 76' lang='grc' dir='ltr'><strong>γνώμης</strong></span> <span class='ocrx_word' id='word_1_873' title='bbox 3601 5848 3704 5900; x_wconf 81' lang='grc' dir='ltr'><strong>τῶν</strong></span> 
     </span>
    </p>
   </div>
  </div>
