4046 6462
377 278 514 382 13οε

1199 321 1541 383 CALLISTI
1587 325 1682 382 ET
1718 325 2142 386 PIHLOTIlEl
2186 327 2296 388 CP.
2335 328 2803 392 PATRIARCU.

3488 326 3621 405 1366

376 436 472 528 καλ
500 435 810 501 διαϐολικάς
862 439 956 492 καὶ
1007 441 1185 510 πάσης
1230 442 1486 506 ἀσεϐείας
1536 445 1744 513 μεστὰς
1777 445 1857 508 είς
1887 463 1945 498 τε
1975 453 2018 506 Α
2049 447 2309 502 τοιούτων
2361 451 2722 527 ψυχοφθόρων
2765 453 2860 506 καὶ
2918 452 3242 523 λυμεώνων,
3306 456 3402 510 καὶ
3459 459 3620 528 ἔχητε

373 527 631 598 ἀθέτησιν
663 529 762 597 τῆς
803 530 1088 599 ὀρθοδόξου
1121 533 1218 586 καὶ
1247 533 1508 604 εὐσεϐοῦς
1542 535 1650 588 τῶν
1681 537 1940 604 Χριστια-

371 622 480 674 νῶν
509 621 744 684 πίστεως
767 622 860 676 καὶ¹
899 624 980 685 εἰς
1011 624 1230 695 ἀπάτην
1260 626 1354 680 καὶ
1406 628 1612 697 πλάνην
1649 629 1743 682 καὶ
1775 629 1939 700 ψυχι-

369 713 464 769 κδν
508 715 688 768 αὐτῶν
737 715 982 787 δλεθρον,
1028 718 1123 771 καὶ
1174 721 1321 783 ὅπως
1373 721 1484 774 ἀπὸ
1533 722 1634 790 τῆς
1669 724 1940 795 τοιαύτης

370 807 578 877 πλάνης
622 809 1033 878 παρεσύρησαν,
1068 809 1266 876 οἵτινες
1291 811 1354 883 δὴ
1385 815 1477 877 καὶ
1519 816 1933 887 παρεσύρησαν,

367 900 447 962 εἰς
501 901 600 970 τὴν
651 900 966 970 διαϐολικὴν
1025 903 1229 974 ταύτην
1297 907 1536 977 ἀπάτην.
1590 902 1700 973 Ἦν
1752 905 1845 964 οῦν
1906 912 1936 981 ἡ

367 990 588 1062 τοιαύτη
622 993 847 1048 ἀσέϐεια
878 994 970 1047 ἐπὶ
996 996 1210 1065 χρόνοις
1263 999 1468 1062 ίκανοῖς
1494 1003 1849 1074 κρυπτομένη
1877 1021 1938 1058 τε

367 1083 460 1134 καὶ
509 1081 871 1149 λανθάνουσα,
904 1085 1406 1158 προμηθευσαμένη
1449 1090 1508 1143 δέ
1557 1092 1589 1161 ἠ
1643 1096 1936 1164 μετριότης

365 1175 392 1241 ἡ
404 1175 540 1242 μῶν,
567 1176 806 1246 Χριστοῦ
839 1177 1044 1246 χάριτι,
1073 1181 1213 1234 κατά
1257 1181 1318 1234 τὸ
1362 1183 1510 1246 εἰκὸς
1541 1184 1632 1237 καὶ
1657 1185 1745 1238 διὰ
1773 1201 1938 1254 φρον-

361 1265 503 1328 τίδος
557 1269 935 1339 ποιησαμένη,
996 1269 1137 1324 ὥστε
1196 1275 1480 1345 καταφανῆ
1539 1277 1635 1330 καὶ
1693 1277 1938 1348 φανεράν

362 1358 613 1422 γενέσθαι
665 1360 764 1430 τὴν
821 1363 1080 1433 τοιαύτην
1126 1366 1658 1439 συγκεκαλυμμένην
1701 1370 1930 1441 πλάνην,

367 1448 508 1512 μετά
536 1449 634 1518 τῆς
667 1453 1051 1524 προσηκούσης
1100 1455 1368 1528 πρότερον
1407 1460 1786 1528 παραινέσεως
1815 1460 1939 1532 ἐξή-

364 1553 526 1606 νεγκε
577 1541 672 1595 καὶ
706 1541 874 1614 βάρος
926 1546 1728 1619 ἐκκλησιαστικοῦ-ἐπιτιμίου,
1770 1553 1865 1606 καὶ
1906 1554 1934 1606 ὁ

364 1629 463 1703 τὴν
519 1634 792 1703 σωτηρίαν
837 1635 1095 1691 ἁπάντων
1152 1642 1681 1711 πραγματευόμενος
1735 1642 1937 1713 Κύριος

365 1721 460 1774 καὶ
515 1723 584 1776 τά
644 1727 861 1780 ἐναντία
901 1727 992 1782 διά
1040 1728 1148 1783 τῶν
1193 1731 1450 1785 ἐναντίων
1493 1733 1793 1803 οἰκονομῶν
1836 1735 1936 1788 οὑκ

2046 541 2139 592 καὶ
2182 541 2282 610 τὴν
2313 542 2432 612 μετ’
2466 543 2714 614 ἀλλήλων
2763 545 3056 616 ἐπαινετὴν
3103 548 3332 618 εἰρήνην
3361 551 3454 602 καὶ
3487 553 3622 616 ἁγά-

2044 648 2176 700 πην,
2217 634 2558 703 μεμνημένοι
2610 635 2703 689 τοῦ
2759 637 2996 706 μεγάλου
3054 639 3358 693 ἀποστόλου
3405 641 3618 694 Παύλου

2043 722 2413 787 διδάσκοντος·
2486 725 2794 794 Ἀδελφοί,
2849 728 3102 795 εἰρήνην
3175 727 3418 783 διώκετε
3467 731 3618 798 μετὰ

2043 815 2286 869 πάντων
2331 817 2437 874 ,καί
2497 817 2606 870 τὸν
2663 819 2988 887 ἁγιασμόν,
3053 813 3126 875 οὗ
3185 821 3364 890 χωρὶς
3418 821 3622 886 οὐδεὶς

2043 908 2222 976 ὄψετε
2276 907 2387 961 τὸν
2435 909 2674 976 Κύριον.
2709 910 2819 963 Καὶ
2881 911 3024 964 κατά
3072 911 3167 964 τδν
3224 913 3386 965 αὐτὸν
3441 913 3616 981 μέγαν

2055 1001 2382 1056 Ἀπόστολον
2421 1002 2815 1073 ἐπεκτείνησθε
2878 1005 2993 1066 τοῖς
3052 1003 3366 1072 ἔμπροσθεν
3422 1003 3612 1064 καλοῖς

2042 1093 2224 1162 ἔργοις
2258 1094 2355 1148 καὶ
2389 1093 2806 1165 κατορθώμασι,
2836 1094 2930 1148 καὶ
2979 1092 3288 1165 ἐνθυμῆσθε
3327 1094 3388 1146 τὸ
3418 1093 3618 1163 ἐπίκη-

2045 1203 2136 1254 ρον
2170 1186 2262 1238 καὶ
2297 1184 2474 1256 βραχὺ
2532 1185 2635 1255 τῆς
2698 1185 2982 1256 παρούσης
3031 1185 3199 1254 ζωῆς,
3231 1185 3328 1248 τάς
3379 1201 3438 1236 τε
3490 1187 3616 1254 μελ-

2041 1277 2242 1339 λούσας
2287 1278 2546 1342 αἰωνίους
2598 1278 2708 1331 τῶν
2743 1277 2966 1345 ἀγαθῶν
3000 1277 3331 1348 κληρουχίας
3380 1277 3487 1330 τῶν
3517 1295 3618 1330 κα-

2039 1369 2149 1434 λῶς
2178 1372 2274 1424 καὶ
2332 1370 2644 1440 θεαρέστως
2697 1370 2935 1424 ἐνταῦθα
2979 1369 3324 1439 βεϐιωκότων
3367 1371 3462 1422 καὶ
3515 1370 3616 1430 τὰς

2040 1459 2432 1528 ἀτελευτήτους
2469 1458 2724 1522 κολάσεις
2769 1458 2876 1512 τῶν
2927 1460 3316 1530 ἀμετανοήτως
3359 1459 3616 1529 ἁμαρτα-

2041 1549 2262 1614 νόντων,
2295 1549 2383 1603 ἵνα
2437 1548 2528 1602 διὰ
2573 1549 2675 1618 τῆς
2707 1550 2880 1621 καλῆς
2939 1551 3096 1620 ὑμῶν
3143 1551 3491 1621 ἀναστροφῆς
3523 1549 3617 1603 καὶ

2040 1641 2321 1708 πολιτείας
2379 1641 2472 1694 καὶ
2529 1640 2932 1712 ἐκπληρώσεως
3000 1639 3112 1694 τῶν
3166 1639 3326 1693 θείων
3383 1637 3616 1691 ἐντολῶν

2040 1733 2333 1801 δοξάζηται
2361 1734 2422 1785 τὸ
2451 1721 2717 1799 πανάγιω
2757 1731 2928 1798 ὑνομα
2966 1730 3064 1784 τοῦ
3092 1729 3253 1792 Θεοῦ,
3286 1731 3608 1798 ἐδιδάχθητε

364 1815 645 1886 ἠνέσχετο,
683 1818 803 1872 οὑδέ
835 1819 1228 1894 παρεχώρησεν
1257 1823 1348 1876 ἐπὶ
1395 1823 1557 1877 πλέον
1587 1793 1934 1896 συγκρύπτε-
1965 1793 2013 1853 Β
2044 1793 2129 1878 δὲ-
2154 1793 2252 1876 καλ
2306 1824 2363 1875 ἐν
2390 1826 2456 1894 τῇ
2484 1823 2577 1877 τοῦ
2609 1793 2786 1890 -ἀγίου
2821 1793 3201 1892 βαπτίσματος
3228 1793 3478 1891 ἀποταγῇ
3508 1793 3617 1873 τῶν

367 1905 490 1960 σθαι
518 1910 612 1963 καὶ
656 1910 938 1966 λανθάνειν
983 1914 1052 1967 τά
1093 1916 1360 1985 εἰρημένα
1392 1916 1492 1985 τῆς
1531 1917 1936 1989 Ἀμαραντίνης

366 2000 826 2068 κακουργήματα,
877 2003 1012 2057 ἀλλά
1061 2007 1180 2068 ταῖς
1231 2007 1389 2076 ἡμῶν
1438 2007 1548 2062 τῶν
1593 2007 1934 2078 ἁμαρτωλῶν

366 2089 462 2142 καὶ
510 2089 746 2154 ἀναξίων
805 2093 1008 2146 δούλων
1059 2095 1223 2157 αὑτοῦ
1276 2099 1468 2169 εὐχαῖς
1533 2099 1630 2152 καὶ
1684 2099 1937 2171 δεήσεσιν

367 2180 759 2250 ἐπικαμφθεὶς,
790 2185 1242 2257 ὡςέὑσπλαχνος
1280 2189 1442 2258 φύσει
1493 2192 1586 2244 καὶ
1633 2191 1938 2262 φιλοικτίρο

371 2289 510 2340 μων,
545 2274 626 2336 εἰς
658 2275 823 2344 μέσον
866 2279 1246 2348 παρεσκεύασε
1292 2281 1467 2334 ταῦτα
1507 2281 1936 2353 θριαμϐευθῆναι

372 2361 466 2413 καὶ
519 2364 920 2437 ἀπελεγχθῆναι
958 2369 1050 2422 καί.
1077 2369 1165 2423 διά
1208 2370 1369 2441 τῆσδε
1397 2371 1499 2442 τῆς
1534 2367 1937 2444 Ἀμαραντίνης

369 2451 477 2504 ἀπὸ
528 2455 795 2524 στόματος
841 2458 1325 2531 ἀνομολογησάσης
1359 2463 1451 2516 ἐπὶ
1489 2464 1588 2534 τῆς
1635 2466 1757 2518 καθ’
1790 2467 1938 2534 ἡμᾶς

369 2545 521 2610 θείας
577 2550 672 2602 καὶ
727 2552 878 2622 ίερᾶς
931 2554 1149 2607 συνόδου
1199 2556 1294 2609 καὶ
1347 2556 1415 2610 δι’
1471 2558 1675 2626 ἐτέρων
1727 2558 1937 2614 πολλῶν

373 2638 838 2709 προσδραμόντων
879 2645 944 2713 τῇ
997 2647 1149 2715 κοινῇ
1203 2648 1374 2716 μητρὶ
1418 2649 1483 2718 τῇ
1514 2647 1608 2700 τοῦ
1640 2647 1773 2702 Θεοῦ
1816 2649 1940 2702 Ἐκ-

372 2729 591 2801 κλησίᾳ,
616 2731 696 2802 τῷ
724 2734 892 2804 κοινῷ
938 2735 1046 2789 τῶν
1086 2735 1274 2807 ψυχῶν
1325 2740 1566 2810 ἰατρείῳ,
1599 2740 1693 2792 καὶ
1748 2739 1938 2807 ἐξομο-

374 2822 602 2893 λόγησιν
629 2824 874 2896 καθαρὰν
922 2830 1310 2899 ποιησαμένων
1341 2832 1435 2885 καὶ
1477 2833 1613 2898 πρὸς
1642 2831 1938 2901 θεραπείαν

374 2915 471 2967 καὶ
523 2915 813 2984 ἐξιλασμδν
865 2920 1214 2990 προσήκοντα
1242 2923 1512 2978 λαϐόντων
1566 2928 1661 2978 καὶ
1693 2926 1762 2979 τά
1795 2927 1938 2996 φάρ-

378 3023 551 3075 μακα.
585 3005 755 3061 Τοῦτο
793 3009 847 3062 δὲ
893 3011 1118 3077 γέγονεν
1168 3013 1386 3085 εὐδοκία
1435 3015 1598 3079 Θεοῦ,
1635 3016 1712 3080 ὡς
1760 3019 1826 3070 ἂν
1864 3017 1940 3087 μὴ

376 3095 606 3150 καθόλου
637 3099 697 3151 τὸ
729 3099 838 3152 τῶν
883 3101 1229 3171 Χριστιανῶν
1279 3105 1549 3175 ἀπόληται
1580 3107 1756 3175 γένος,
1789 3110 1942 3180 ἐνερ-

378 3188 662 3258 γουμένων
689 3188 785 3242 καὶ
811 3189 889 3242 ἔτι
923 3190 1035 3244 τῶν
1067 3193 1324 3246 τοιούτων
1357 3195 1630 3264 θεομισῶν
1661 3197 1949 3268 ἀσεϐημά-

378 3281 487 3333 τῶν
540 3281 634 3333 καὶ
683 3283 1010 3350 μιασμάτων
1037 3301 1050 3314 ο
1083 3285 1172 3338 διὰ
1217 3287 1390 3341 ταῦτα
1425 3289 1532 3358 γὰρ
1563 3288 1801 3358 ἐπῆλθον
1844 3292 1951 3344 ἀπὸ

377 3369 478 3437 τῆς
533 3369 795 3438 θεηλάτου
827 3375 920 3426 καὶ
949 3374 1164 3438 δικαίας
1207 3375 1377 3446 ὀργῆς
1422 3376 1482 3441 ἐξ
1524 3378 1951 3449 ἀγανακτήσεως

379 3461 434 3512 οἱ
457 3478 514 3513 τε
550 3461 700 3532 λιμοὶ
731 3464 825 3517 καὶ
854 3463 1034 3534 λοιμοὶ
1077 3467 1274 3519 ἐκεῖνοι
1315 3466 1408 3520 καὶ
1441 3467 1489 3520 οί
1525 3469 1622 3536 τῆς
1668 3468 1770 3539 γῆς
1817 3469 1950 3522 ἀνα-

380 3556 633 3624 τιναγμοὶ
663 3556 756 3608 καὶ
787 3561 1026 3626 σεισμοὶ,
1060 3560 1125 3610 ἐκ
1155 3559 1423 3626 θεμελίων
1453 3561 1657 3630 ταύτην
1693 3562 1950 3614 σαλεύον·

380 3664 492 3713 τες,
526 3649 621 3700 καὶ
674 3651 730 3700 αἰ
787 3650 887 3718 τῆς
936 3649 1210 3720 θαλάσσης
1259 3651 1489 3721 φοϐεραὶ
1541 3653 1801 3722 ἐκδρομαὶ
1857 3655 1954 3706 καὶ

382 3742 714 3810 ἐπικλύσεις,
769 3742 1124 3814 βρυχωμένης
1168 3743 1356 3816 ῶσπερ
1387 3747 1442 3799 ἐν
1477 3745 1633 3816 θυμῷ
1679 3748 1770 3799 καὶ
1811 3763 1954 3816 παρ-

384 3833 684 3903 ερχομένης
732 3835 800 3887 τά
845 3835 1044 3906 ἐαυτῆς
1092 3837 1238 3908 ὅρια,
1326 3838 1418 3890 καὶ
1470 3837 1520 3889 οἰ
1574 3836 1954 3907 κατακλυσμοὶ

267 3934 290 3948 ⁸
385 3928 478 3978 καὶ
538 3928 588 3979 οἰ
650 3925 1019 3998 ἐνσκήψαντες
1083 3929 1426 3999 ἐμπρησμοὶ,
1461 3929 1551 3981 καὶ
1602 3929 1652 3981 οἰ
1705 3912 1954 3981 τοσοῦτοι

386 4020 640 4090 ἐμφύλιοι
668 4021 917 4092 πόλεμοι,
960 4021 1054 4074 καὶ
1086 4021 1118 4092 ἡ
1147 4020 1550 4091 ἀπροσδόκητος
1581 4019 1827 4090 ῥομφαία
1859 4017 1953 4072 τοῦ

387 4114 702 4180 θανατικοῦ,
743 4116 836 4169 καὶ
884 4116 912 4166 ὁ
939 4116 1098 4184 φόνος
1146 4115 1254 4167 τῶν
1283 4113 1570 4182 ὁμοφύλων
1611 4112 1956 4184 Χριστιανῶν

387 4209 632 4276 ἀδελφῶν
667 4209 761 4264 καὶ
794 4209 1037 4278 γνησίων
1069 4207 1349 4276 συγγενῶν
1393 4205 1483 4259 ὑπ’
1516 4205 1781 4275 ἀλλήλων,
1818 4206 1953 4273 φεῦί

387 4306 512 4359 καθ’
541 4305 780 4372 ἑκάστην
808 4301 1207 4372 φονευομένων,
1228 4301 1612 4370 ἀγνοησάντων
1642 4300 1770 4361 τοὺς
1799 4300 1959 4368 ὄρους

387 4399 482 4469 τῆς
519 4399 752 4465 φύσεως,
789 4395 896 4448 ὑπὸ
938 4395 1039 4462 τῆς
1085 4394 1178 4447 τοῦ
1226 4392 1474 4447 διαϐόλου
1534 4391 1960 4461 φρενοϐλαϐείας

2051 1914 2359 1970 σατανικῶν
2398 1913 2579 1982 ἔργων
2609 1915 2706 1966 καὶ
2751 1915 2816 1983 τῇ
2849 1912 2943 1965 τοῦ
2975 1911 3217 1980 Χριστοῦ
3268 1913 3508 1981 συνταγῇ
3551 1913 3619 1963 τά

2049 2006 2353 2076 ἀρέσκοντα
2409 2005 2487 2076 τῷ
2533 2005 2651 2074 Θεῷ
2678 2007 2773 2058 καὶ
2811 2005 2909 2073 τὴν
2957 2004 3066 2056 τῶν
3115 2002 3302 2056 κακῶν
3329 2003 3621 2071 ἀποφυγὴν

2049 2098 2145 2151 καὶ
2193 2095 2565 2167 ἀλλοτρίωσιν.
2630 2095 2965 2166 Φοϐηθῶμεν
3025 2095 3239 2158 τοίνυν,
3296 2093 3617 2161 ἀγαπητοὶ,

2049 2190 2146 2243 καὶ
2177 2192 2468 2260 ἀποστήτω
2518 2190 2747 2252 ἕκαστος
2798 2189 2907 2242 ἀπο
2954 2188 3065 2241 τῶν
3131 2185 3389 2256 πονηρῶν
3443 2185 3620 2254 ὑμῶν,

2049 2283 2146 2337 καὶ
2196 2283 2270 2352 μὴ
2305 2282 2688 2351 καταδεχέσθω
2725 2279 3144 2348 συναπάγεσθαι
3195 2281 3310 2340 τοῖς
3360 2278 3455 2331 τοῦ
3501 2279 3622 2331 δισ-

2049 2373 2206 2426 ϐόλου
2257 2359 2643 2442 θεραπευταῖς,
2677 2371 2814 2426 ἀλλά
2881 2371 3231 2436 σπουδαζέτω
3275 2369 3374 2439 τὴν
3425 2367 3623 2439 ἐαυτοῦ

2047 2465 2227 2535 ψυχὴν
2284 2465 2380 2533 τῆς
2432 2464 2657 2518 αἰωνίου
2720 2465 3109 2533 κατακρίσεως
3170 2459 3620 2532 περισώσασθαι·

2050 2557 2358 2624 γέγραπται
2413 2558 2560 2628 γάρ,
2619 2557 2702 2608 ὅτι
2770 2556 2969 2618 πάντες
3025 2552 3495 2625 παραστησόμεθα
3546 2551 3625 2618 τῷ

2054 2648 2259 2718 βήματι
2300 2648 2394 2701 τοῦ
2429 2649 2690 2720 Χριστοῦ,
2739 2649 2824 2703 ἵνα
2858 2649 3151 2718 κομίσηται
3205 2648 3439 2709 ἕκαστος
3489 2645 3626 2716 πρὸς

2049 2739 2077 2791 δ
2107 2738 2362 2807 ἔπραξεν,
2391 2738 2502 2792 εἴτε
2538 2739 2764 2807 ἀγαθὸν,
2793 2739 2904 2791 εῐτε
2952 2739 3215 2808 πονηρὸν,
3253 2737 3378 2788 ἐπεὶ
3426 2735 3522 2788 καὶ
3568 2735 3625 2785 αἰ

2053 2831 2196 2884 κατὰ
2243 2830 2304 2883 τδ
2361 2829 2540 2895 θετον,
2587 2830 2666 2893 ὡς
2718 2830 2956 2902 εἴρηται,
3020 2828 3308 2899 βάπτισμα
3359 2826 3626 2893 συνθῆκαι

2052 2920 2148 2972 καὶ
2206 2922 2465 2986 συνταγαὶ
2536 2921 2768 2991 μεγάλαι
2845 2920 2939 2974 καὶ
2993 2921 3042 2974 οἰ
3099 2920 3378 2989 μάρτυρες
3441 2915 3627 2978 αἰδοῦς

2053 3010 2235 3062 ἱκανοὶ
2285 3010 2506 3079 ἄγγελοι
2533 3027 2547 3041 ⁸
2577 3011 2672 3065 καὶ
2717 3011 2826 3080 γὰρ
2856 3009 2998 3063 κατά
3047 3010 3140 3062 τὸν
3172 3007 3362 3078 καιρὸν
3412 3008 3628 3059 ἐκεῖνον

2050 3103 2149 3170 τὴν
2210 3101 2498 3171 ὁμολογίαν
2548 3103 2942 3171 ἐγγράφουσιν,
2972 3101 3039 3173 ἢν
3079 3101 3177 3154 καλ⁹
3228 3099 3628 3170 ἀπαραιτήτως

2053 3191 2545 3264 ἀπαιτηθησόμεθα
2593 3194 2650 3246 ἐν
2684 3194 2750 3264 τῇ
2803 3192 3012 3264 φοϐερᾷ
3068 3194 3346 3262 παρουσίᾳ
3387 3189 3481 3243 τοῦ
3523 3189 3629 3242 Κυ-

2057 3284 2174 3352 ρίου
2205 3284 2300 3337 καὶ
2331 3284 2467 3339 Θεοῦ
2533 3285 2628 3338 καὶ
2664 3285 2920 3356 Σωτῆρος
2952 3285 3111 3354 ἡμῶν
3158 3282 3335 3352 Ἰησοῦ
3383 3281 3624 3351 Χριστοῦ

2053 3375 2109 3426 ἐν
2139 3377 2204 3444 τῇ
2231 3375 2415 3446 ἡμέρᾳ
2443 3376 2539 3445 τῆς
2579 3375 2882 3446 μελλούσης
2924 3375 3362 3437 ἀνταποδόσεως.
3406 3373 3502 3435 Τίς
3531 3371 3626 3424 οῦν

2053 3469 2114 3521 οὑ
2157 3469 2348 3540 τρέμει
2389 3469 2451 3522 τὸ
2492 3469 2806 3537 λογοθέσιον
2851 3470 3030 3521 ἐκεῖνο
3082 3465 3320 3536 τδμέγα
3369 3468 3463 3520 καὶ
3510 3467 3630 3518 ἀδέ-

2056 3580 2276 3628 καστον,
2305 3564 2394 3615 ὅτε
2445 3559 2915 3631 παραστησόμεθα
2964 3559 3162 3630 γυμνοί
3217 3559 3310 3612 καί⁵
3360 3576 3629 3630 τετραχη-

2055 3656 2302 3727 λισμένοι
2333 3656 2427 3708 ἐπὶ
2467 3654 2562 3708 τοῦ
2595 3652 2830 3722 φοϐεροῦ
2865 3652 2959 3706 καὶ
3006 3649 3448 3722 ἀπαραλογίστου
3508 3669 3630 3718 κρι-

2056 3749 2248 3820 τηρίου
2285 3747 2515 3812 ἐκείνου,
2537 3746 2692 3813 λόγον
2719 3743 3117 3812 ἀπαιτούμενοι
3159 3742 3268 3794 τῶν
3303 3743 3632 3811 πεπραγμέ-

2027 3821 2198 3907 ’νωνς
2255 3840 2320 3893 Τί
2389 3839 2606 3908 λέγεις,
2672 3837 2960 3906 άνθρωπες
3023 3836 3164 3896 Χθές
3228 3835 3490 3900 ἀπετάξῳ
3553 3834 3632 3903 τῷ

2059 3934 2271 4003 Σατανᾷ
2305 3921 2398 3985 καὶ
2439 3933 2571 3984 πᾶσι
2611 3932 2722 3993 τοῖς
2752 3928 2937 3997 ἔργοις
2965 3926 3153 3995 αὑτοῦ,
3188 3928 3281 3980 καλ⁵
3312 3925 3387 3996 τῷ
3411 3926 3634 3996 Χριστῷ

2061 4026 2360 4091 συνετάξω,
2391 4024 2486 4078 νῦν
2516 4024 2573 4076 δέ
2605 4023 2948 4093 θεραπευτὴς
2978 4021 3165 4091 ἐγένου
3209 4021 3306 4076 τοῦ
3355 4021 3628 4074 διαϐόλου.

2059 4119 2134 4172 Οὑ
2170 4117 2345 4185 φοϐεῖ,
2377 4116 2500 4169 οὑδέ
2543 4117 2807 4186 τρέμεις;
2859 4115 3002 4186 Πρὸς
3051 4114 3174 4168 τίνα
3209 4113 3311 4175 τάς
3359 4111 3634 4182 συνθήκας

2061 4214 2362 4281 ἐποίησας;
2393 4211 2508 4262 Οὑκ
2540 4208 2780 4279 ἤκουσας
2833 4207 2931 4277 τὴν
2971 4205 3372 4275 ἁπόφασιψτήν
3397 4221 3410 4235 ·
3460 4205 3635 4256 Ἀπο-

2060 4304 2302 4375 χωρεῖτε
2338 4302 2441 4358 ἀπ’
2490 4301 2658 4372 ἐμοῦ,
2695 4302 2917 4366 πάντες
2974 4304 3033 4354 οἰ
3062 4300 3299 4371 ἐργάται
3349 4298 3456 4367 τῆς
3494 4301 3636 4354 ἀνο-

2057 4399 2222 4466 μίας,
2255 4399 2350 4452 καὶ
2384 4399 2465 4451 ὅτι
2515 4399 2543 4450 ό
2578 4395 2795 4467 σκώληξ
2829 4395 3009 4450 αὑτῶν
3044 4397 3104 4448 οὑ
3153 4396 3402 4460 τελευτᾷ,
3435 4397 3528 4448 καὶ
3573 4395 3636 4446 τὸ

390 4491 485 4542 καὶ
517 4490 550 4558 η
583 4487 735 4558 παρά
767 4485 874 4539 τῶν
927 4485 1220 4556 βαρϐάρων
1250 4487 1346 4538 καὶ
1381 4484 1593 4538 ἀσεϐῶν
1622 4483 1832 4552 ἐχθρῶν
1865 4483 1959 4534 καὶ
1991 4509 2036 4565 ι)
2063 4490 2174 4560 πῦρ
2239 4491 2420 4544 αὑτῶν
2491 4489 2552 4542 οὑ
2613 4489 2919 4554 σϐέννυται,
2981 4489 3096 4551 καὶ,
3148 4487 3384 4556 Δήσατε
3445 4486 3634 4540 αὐτοῦ

389 4581 565 4636 ἀθέων
594 4577 898 4632 ἐπελθοῦσα
947 4577 1157 4647 χαλεπὴ
1205 4578 1299 4630 καὶ
1346 4578 1559 4646 μεγάλη
1611 4575 1960 4646 αἰχμαλωσία

390 4675 484 4729 καὶ
518 4675 546 4725 ὁ
576 4669 885 4742 ἀφανισμὸς
925 4665 1019 4720 καὶ
1073 4668 1106 4735 ἡ
1153 4667 1328 4736 φθορὰ
1358 4671 1451 4720 καὶ
1495 4668 1528 4736 ἡ
1579 4665 1862 4735 διασπορὰ,
1894 4663 1962 4732 ἦν

394 4769 608 4836 ὑπέστη
651 4765 746 4820 καὶ
803 4763 1094 4834 ὑφίσταται
1129 4760 1331 4824 ἀθλίως
1375 4762 1434 4814 τὺ
1477 4761 1586 4816 τῶν
1617 4760 1960 4831 Χριστιανῶν

393 4863 570 4930 γένος,
602 4859 732 4930 περὶ
780 4851 855 4911 ὧν
887 4853 1011 4909 οὔτε
1055 4854 1275 4908 ἀκούειν
1317 4852 1565 4920 δυνατὸν,
1604 4852 1728 4905 οὔτε
1777 4852 1957 4920 λέγειν

393 4952 679 5033 ἀρακρυτί.
710 4952 808 5005 Διά
838 4948 1008 5003 ταῦτα
1046 4945 1348 5018 παρακαλῶ
1375 4946 1519 5014 ὑμᾶς
1547 4945 1641 4996 καὶ
1692 4947 1755 4998 ἐκ
1789 4943 1960 5012 μέσης

397 5046 494 5116 τῆς
531 5045 708 5116 ψυχῆς
759 5039 1083 5113 παρακαλῶ,
1110 5038 1276 5092 τέκνα
1309 5054 1424 5105 μου*
1464 5039 1520 5090 ὲν
1568 5035 1789 5105 Χριστῷ
1818 5038 1957 5102 ἀγα·

399 5142 568 5210 πητά,
603 5137 689 5190 ἵνα
720 5133 1085 5202 ἐπιστρέψητε
1121 5131 1348 5193 ἕκαστος
1382 5129 1549 5197 ὑγιῶς
1599 5127 1694 5180 καὶ
1725 5127 1988 5200 γνησίως,

399 5233 491 5284 καὶ
529 5230 586 5296 ἐξ
612 5229 736 5300 ὅλης
766 5227 944 5297 ψυχῆς
973 5228 1066 5278 καὶ
1095 5220 1332 5284 διανοίας
1361 5221 1494 5292 πρὸς
1519 5218 1654 5273 Θεὸν
1684 5218 1772 5270 τὸν
1803 5217 1964 5286 μόνον

400 5321 596 5386 σώζειν
647 5319 968 5390 δυνάμενον,
1022 5317 1120 5369 καὶ
1163 5313 1325 5384 ἔχητε
1380 5313 1485 5383 πρὸ
1537 5309 1831 5380 ὀφθαλμῶν
1873 5309 1965 5362 τὸν

398 5414 561 5483 φόϐον
592 5411 778 5479 αὑτοῦ,
823 5414 918 5464 καὶ
947 5409 1275 5480 προσέχητε,
1313 5407 1428 5469 πῶς
1475 5405 1831 5476 περιπατεῖτε
1871 5403 1966 5455 καὶ

403 5508 722 5576 συντηρείτε
774 5504 868 5557 καὶ
909 5503 1214 5572 φυλάσσετε
1263 5499 1494 5561 ἐαυτοὺς
1528 5497 1853 5566 ἀκλονήτους
1885 5496 1965 5558 εἰς

397 5601 496 5671 τὴν
527 5597 1009 5670 πατροπαράδοτον
1055 5593 1301 5663 καθαράν
1353 5595 1446 5646 καὶ
1492 5591 1774 5660 ὀρθόδοξον
1807 5589 1963 5641 εὑσέο

399 5693 552 5747 ϐειαν
587 5694 681 5746 καὶ
719 5690 902 5743 πίστιν
934 5688 1108 5758 ὑμῶν,
1144 5687 1240 5740 καί¹
1276 5684 1557 5755 ἀπέχησθε
1596 5681 1825 5736 καθόλου
1856 5681 1964 5732 ἀπὸ

403 5788 499 5854 τῆς
531 5781 810 5855 ἐπιμιξίας
844 5783 934 5835 καὶ
965 5778 1380 5851 συμφιλιώσεως
1417 5778 1506 5830 καὶ
1537 5776 1817 5838 κοινωνίας
1857 5775 1962 5826 τῶν

2066 4582 2269 4651 χεῖρας
2299 4581 2395 4634 καί
2427 4579 2640 4646 πόδας,
2683 4579 2782 4632 καί
2815 4580 3037 4648 ῥίψατε
3066 4581 3154 4644 εἰς
3194 4578 3261 4630 τὸ
3309 4578 3530 4640 σκότος
3567 4578 3632 4628 τύ

2062 4673 2388 4740 ἐξώτερον;
2433 4672 2497 4723 Τί
2528 4669 2704 4725 ταῦτα
2728 4669 3168 4741 περιφρονοῦμεν
3201 4668 3275 4731 ὡς
3307 4668 3381 4737 μὴ
3410 4667 3635 4720 ἀκούον-

2063 4779 2193 4827 τες;
2234 4765 2297 4815 Τί
2345 4762 2436 4816 τὸν
2467 4763 2659 4832 καιρὸν
2703 4761 2800 4831 τῆς
2853 4761 3144 4832 μετανοίας
3177 4759 3628 4828 ἀναϐαλ>.όμεθι;

2067 4855 2182 4908 Ἵνα
2221 4854 2271 4906 τί
2317 4855 2377 4907 οὑ
2432 4853 2794 4924 φροντίζομεν
2852 4853 2952 4922 τῆς
3009 4852 3166 4921 ἡμῶν
3201 4850 3496 4919 σωτηρίας,
3526 4849 3633 4908 ἕως

2064 4945 2293 5016 καιρό;;
2329 4944 2526 5014 Αὔριον
2559 4945 2679 5014 ἥξει
2730 4944 2837 4998 ἀπὸ
2869 4943 2965 4997 τοῦ
3021 4943 3252 4997 θανάτου
3307 4943 3480 5006 τέλος,
3537 4945 3636 4996 καὶ

2065 5039 2163 5092 οὑκ
2203 5039 2351 5091 ἔστιν
2383 5040 2440 5092 ἐν
2465 5036 2543 5107 τῷ
2571 5035 2674 5109 ᾅδῃ
2707 5037 2985 5106 μετάνοια,
3021 5035 3141 5088 οὑδὲ
3190 5034 3495 5106 ἐπιστροφὴ
3534 5034 3631 5086 καὶ

2065 5133 2473 5203 ἐξομολόγησις,
2503 5131 2639 5186 ἀλλά
2667 5129 2943 5198 κάθειρξις
2973 5127 3228 5199 διηνεκὴς
3271 5127 3367 5180 καὶ
3396 5125 3636 5179 ἀνταπόο

2067 5225 2212 5287 δοσις
2283 5225 2390 5275 τῶν
2454 5224 2686 5276 ἐκάστου
2739 5221 3271 5292 πλημμελημάτων
3325 5222 3374 5274 εἴ
3430 5237 3483 5273 τι
3543 5216 3638 5270 οὑν

2066 5317 2190 5384 ἐμοὶ
2234 5315 2532 5380 πείθοισθε,
2566 5315 2733 5367 τέκνα
2784 5331 2886 5382 μου
2941 5313 3204 5383 ἀγαπητά
3236 5312 3330 5365 καὶ
3366 5311 3509 5379 φίλοι
3541 5311 3636 5363 καὶ

2067 5407 2309 5476 ἀδελφοὶ,
2333 5407 2699 5475 ἐπιστρέψατε
2755 5407 2848 5477 καξ
2893 5406 3162 5473 ἐπίγνωτε
3205 5404 3293 5459 διά
3337 5404 3434 5474 τῆς
3473 5421 3641 5473 μετα-

2069 5497 2218 5560 νοίας
2248 5499 2342 5551 καὶ
2368 5497 2607 5567 ψυχικῆς
2639 5495 2990 5562 κατανύξεως
3019 5497 3082 5548 ἐν
3111 5491 3373 5563 συντριϐῇ
3405 5492 3636 5562 καρδίας

2068 5591 2162 5642 καὶ
2214 5587 2489 5657 πνεύματι
2536 5586 2923 5649 ταπεινώσεως
2977 5587 3070 5639 τὸν
3113 5585 3335 5653 Κύριον,
3373 5582 3440 5634 ἶν’
3497 5581 3641 5634 οὑτω

2068 5680 2303 5734 καὶτῶν
2334 5679 2761 5749 ἐπηγγελμένων
2811 5678 3035 5746 ἀγαθῶν
3089 5675 3414 5746 κληρονόμοι
3461 5675 3640 5739 γένοιο

2072 5772 2186 5836 σΟε,
2221 5771 2254 5824 ἀ
2283 5772 2579 5841 ἡτοίμασεν
2619 5774 2645 5826 ὁ
2679 5771 2808 5833 Θεὸς
2853 5770 2968 5832 τοῖς
2998 5769 3348 5836 ἀγαπήσασιν
3382 5766 3544 5817 αὑτὸν
3577 5765 3638 5814 ἐκ
