4046 6448
285 416 419 483 Γιιί

1119 427 1467 523 GALLIS“
1515 428 1611 486 ET
1657 429 1992 488 PHILOTH
2010 429 2082 489 ΕΙ
2114 430 2224 492 (ΣΡ.
2257 432 2718 494 PATRIARCH.

3405 425 3542 492 13M

282 536 392 595 κῶς
419 535 511 586 καὶ
535 534 697 600 θείως
724 539 818 590 καὶ
838 539 1179 608 ἡγνισμένως
1209 542 1302 595 καὶ
1328 543 1469 611 μετά
1493 543 1866 614 καθαρότητος
1897 569 1938 618 Α
1970 549 2063 600 καὶ
2109 545 2328 615 μακρὰν
2369 547 2838 623 ἀπορριφήσεται,
2883 545 2958 606 ὡς
3001 544 3220 610 ἀνάξιος
3261 544 3404 595 κατά
3441 541 3543 611 τὴν

283 626 780 696 προσαρμοζούσης
812 632 924 693 τοῖς
953 630 1031 698 τῷ
1065 632 1186 702 θεῷ
1219 633 1476 702 ἱερᾶσθαι
1507 635 1735 704 λαχοῦσι
1764 637 1861 688 καὶ
1966 637 2262 708 κανονικὴν
2295 639 2686 709 παρατήρησίν
2717 655 2776 691 τε
2809 638 2906 691 καὶ
2935 635 3364 706 παρακέλευσιν.

284 721 467 788 δοχεῖα
505 717 660 773 οὖσιν
700 721 888 777 αὐτοῦ.
921 724 1112 776 Ἔνθεν
1151 743 1230 778 τοι
1274 728 1366 779 καὶ
1409 728 1508 794 τῆς
1551 728 1860 798 κρείττονος

283 811 538 878 τυχόντες
580 811 628 862 οἱ
672 813 837 882 ἱερεῖς
878 814 1083 878 τάξεως
1128 817 1250 868 καθ’
1274 817 1332 870 ὃν
1371 819 1588 888 εἴρηται
1632 819 1858 890 τρόπον,

285 902 593 968 ὀφείλουσιν
639 905 856 966 πάντως
904 909 1132 976 κοσμεῖν
1180 910 1409 972 ἐαυτοὶς
1461 912 1557 965 καὶ
1598 914 1712 975 τοῖς
1754 913 1863 965 τῶν
1935 903 1942 907 4

286 993 500 1061 ἀρετῶν
532 993 716 1064 ἔργοις
749 995 1073 1049 ἀπευθύνειν
1104 1001 1184 1062 εἱς
1218 1002 1449 1072 μίμησιν
1479 1004 1620 1056 κατά
1649 1004 1712 1056 τὺ
1746 1007 1865 1072 ἐφι-

287 1083 414 1134 κτὸν
445 1083 540 1136 τοῦ
574 1086 791 1153 πρώτου
825 1088 920 1138 καὶ
955 1088 1193 1156 μεγάλου
1228 1091 1534 1160 ἀρχιερέως
1570 1093 1664 1146 καὶ
1697 1093 1864 1146 καλοῦ

288 1176 566 1244 ποιμένος,
600 1177 808 1246 Κυρίου
839 1179 996 1248 ἡμῶν
1032 1183 1207 1249 Ἰησοῦ
1241 1183 1503 1252 Χριστοῦ,
1534 1186 1628 1238 τοῦ
1661 1189 1726 1239 τὰ
1760 1187 1866 1240 ἴδια

289 1267 540 1334 πρόϐατα
579 1267 877 1332 καλοῦντος
918 1273 1038 1325 κατ’
1063 1273 1232 1340 ὄνομα
1274 1276 1384 1329 ἀπὸ
1419 1278 1517 1344 τῆς
1557 1277 1702 1346 ζωῆς
1737 1279 1868 1346 ταύτ

222 1352 228 1359 ’
289 1373 386 1425 της
421 1359 516 1410 ἐπὶ
550 1359 648 1428 τὴν
683 1360 985 1430 μέλλουσαν
1015 1366 1111 1417 καὶ
1141 1369 1254 1428 τοῖς
1287 1367 1520 1440 δικαίοις
1556 1344 1867 1442 ἀποκεκληί

291 1449 548 1520 ρωμένην
575 1453 666 1504 καὶ
699 1453 1014 1507 ἀκολουθεῖν
1042 1458 1161 1508 κατ’
1189 1457 1334 1527 ἴχνος
1362 1461 1474 1522 τοῖς
1505 1460 1671 1525 θείοις
1702 1463 1866 1517 αὐτοῦ

291 1540 584 1612 διδάγμασι
627 1544 721 1597 καὶ
756 1548 872 1609 ταῖς
913 1547 1180 1612 ἐντολαῖς,
1219 1551 1358 1602 ἀλλά
1401 1554 1475 1621 μὴ
1509 1555 1628 1615 ταῖς
1667 1555 1728 1606 οὐ
1774 1571 1873 1608 κα-

290 1635 412 1700 λαῖς
447 1637 729 1706 βιωτικαῖς
763 1641 1123 1709 περιστάσεσι
1157 1643 1250 1695 καὶ
1277 1645 1392 1707 τοῖς
1419 1646 1629 1714 γηίνοις
1659 1647 1870 1711 τούτοις

295 1727 394 1791 καὶ
427 1731 790 1800 προσκαίροις
823 1735 1260 1802 προστετηκότες
1293 1738 1615 1806 χραίνεσθαι
1637 1779 1652 1804 ,
1684 1741 1869 1792 ἐντεῦ-

293 1819 384 1873 θεν
430 1822 525 1872 καὶ
573 1821 664 1873 τὸν
718 1821 821 1888 τῆς
870 1821 1052 1892 ψυχῆς
1102 1825 1384 1896 ὀφθαλμὸν
1432 1829 1730 1898 ἀμϐλύνειν
1777 1832 1871 1884 καὶ

2376 770 2403 842 ι-
2437 771 2762 842 Ὑπόσχεσις
2795 771 2902 824 τῶν
2939 771 3140 826 αὐτῶν.

2022 910 2106 971 JI.
2137 909 2179 980 -ι-
2217 909 2368 962 Ἐπεὶ
2397 910 2425 962 6
2452 906 2876 976 παναγιώτατος
2901 909 2934 976 ὴ
2946 907 3065 975 μῶν
3091 906 3388 974 δεσπότης,
3418 907 3446 958 6
3471 906 3549 957 οἱ-

1968 1002 2293 1072 κουμενικδς
2322 1001 2692 1071 πατριάρχης,
2719 1003 2819 1070 τῆς
2844 999 2955 1052 τῶν
2981 1000 3240 1053 ἁπάντων
3272 999 3548 1066 σωτηρίας

1968 1093 2060 1146 καὶ
2088 1092 2341 1159 εὐταξίας
2369 1093 2700 1161 κηδόμενος,
2726 1091 2800 1155 ὡς
2827 1092 2937 1145 ἀπὸ
2964 1091 3098 1144 Θεοῦ
3127 1092 3550 1158 καταπεμφθεὶς

1967 1185 2048 1247 εἰς
2097 1187 2278 1237 κοινὸν
2323 1184 2604 1252 φωτισμὸν
2653 1184 2748 1236 καὶ
2795 1183 3092 1252 ἀγιασμὸν,
3141 1183 3241 1244 τὰς
3289 1182 3550 1248 ἀνωτέρω

1969 1276 2111 1328 κατά
2149 1275 2322 1344 μέρος,
2345 1276 2646 1345 εἰρημένας
2681 1274 3036 1342 παραινέσεις
3070 1273 3163 1325 καὶ
3195 1271 3550 1332 διδασκαλίας

1971 1371 2433 1439 παρηγγυήσατο,
2461 1367 2566 1420 ὑπὸ
2591 1366 2686 1420 τοῦ
2718 1365 2990 1432 παναγίου
3019 1364 3158 1416 Πνεύ
3169 1379 3338 1432 ματος
3363 1362 3516 1415 κινού
3537 1391 3550 1400 -

1975 1460 2133 1530 μενός
2163 1477 2221 1512 τε
2253 1461 2348 1512 καὶ
2381 1459 2781 1530 ὁδηγούμενος,
2813 1455 2878 1518 ἃς
2908 1457 3004 1510 καὶ
3030 1455 3103 1519 ὡς
3135 1456 3233 1508 ἀπ’
3257 1453 3424 1509 αὐτοῦ
3455 1453 3548 1505 τοῖν

1970 1549 2107 1603 Θεοῦ
2147 1549 2452 1619 ἐδεξάμεθα
2491 1548 2805 1619 ὁλοψύχως,
2851 1546 3272 1616 ὑπισχνούμεθα
3311 1546 3414 1616 ἤδη
3457 1546 3548 1608 ἐγ-

1971 1643 2235 1710 γράφως,
2285 1643 2372 1695 ἵνα
2422 1643 2784 1711 φυλάττωμεν
2833 1641 2928 1704 τὰς
2976 1639 3236 1700 τοιαύτας
3281 1637 3554 1702 διατάξεις

1974 1735 2069 1787 καὶ
2094 1735 2472 1796 ὐποτυπώσεις
2502 1733 2955 1802 ἀπαραποιήτους
2979 1749 3038 1784 τε
3069 1733 3166 1784 καὶ
3192 1727 3553 1798 ἀπαραθραύ-

1976 1843 2156 1890 στους,
2188 1828 2284 1879 καὶ
2315 1824 2712 1896 συντηρώμεθα
2742 1829 2884 1878 κατὰ
2917 1824 3094 1877 πάντα
3127 1822 3219 1874 ἐπὶ
3251 1823 3315 1890 τῇ
3350 1820 3556 1872 τούτων

292 1909 433 1962 οὕτω
465 1909 581 1978 βίον
613 1909 888 1980 αἱρεῖσθαι
919 1912 1200 1982 ἀπᾴδοντα
1232 1917 1327 1969 καὶ
1360 1917 1868 1986 μὴ’συμφωνοῦντα
1905 1917 1945 1971 Β
1972 1917 2247 1989 ἀσφαλείᾳ
2289 1917 2382 1969 καὶ
2425 1915 2793 1986 ἐκπληρώσει.
2836 1914 2964 1967 Ἐὰν
3007 1915 3086 1978 δὲ,
3128 1914 3266 1980 ὅπερ
3315 1912 3556 1977 ἀπευχό-

292 2001 370 2071 τῷ
414 2000 678 2070 ἱερατικῷ
722 2003 985 2072 σχήματι,
1021 2005 1095 2066 ὡς
1129 2009 1195 2075 τῇ
1241 2008 1390 2078 αἰτίᾳ
1424 2010 1596 2080 ταύτῃ
1639 2010 1871 2079 συμϐαί-

293 2108 425 2154 νειν,
474 2090 572 2161 τὴν
621 2092 719 2161 μὲν
766 2093 1018 2161 γλῶσσαν
1064 2096 1340 2168 ἐπιρῤεπῆ
1388 2099 1524 2169 πρὸς
1571 2101 1632 2153 τὸ
1680 2100 1874 2170 ψεῦδος

293 2183 440 2250 ἔχειν
470 2182 692 2246 αὐτοὺς,
728 2185 1102 2259 φιλαργύρους
1130 2189 1188 2241 δὲ
1221 2190 1510 2258 φαίνεσθαι
1543 2193 1639 2246 καὶ
1665 2194 1874 2247 οἰνοπό-

294 2291 412 2339 τας,
453 2274 788 2340 πλεονεξίαις
820 2282 1109 2348 χαίροντας
1140 2283 1234 2334 καὶ
1264 2282 1604 2354 φιλοκερδεῖς
1631 2286 1874 2356 ἀσχημό-

296 2383 400 2427 νως
441 2367 532 2420 καὶ
569 2367 630 2420 τὸ
667 2370 814 2438 μέγα
846 2371 944 2440 τῆς
980 2372 1282 2444 ἱερωσύνης
1318 2373 1488 2444 ὕψος,
1525 2376 1626 2444 φεῦ
1657 2379 1669 2433 ἱ
1707 2395 1875 2430 κατα-

299 2456 555 2521 σπῶντας
601 2461 679 2523 είς
729 2461 1002 2531 ἐμπορίαν
1051 2464 1332 2534 προδήλως
1383 2470 1870 2538 κατεγνωσμένην,

293 2547 451 2614 ὀλίγα
476 2548 569 2601 τοῦ
599 2551 736 2605 κατά
762 2550 940 2624 ψυχὴν
967 2554 1119 2619 ἐντὸς
1149 2555 1438 2626 ἀνθρώπου
1469 2559 1874 2630 φροντίζοντας,

292 2639 385 2692 τὶν
417 2639 462 2692 δ’
487 2640 594 2705 ἐξω
629 2643 725 2696 καὶ
761 2647 1078 2714 σωματικὸν
1111 2639 1638 2721 θεραπεύεινμόνον
1673 2655 1876 2724 προθυ-

299 2735 627 2802 μουμένους,
651 2736 728 2798 ὼς
752 2736 998 2806 γίνεσθαι
1029 2740 1119 2794 τὸν
1149 2739 1297 2811 ἱερέα
1319 2741 1395 2805 ὡς
1419 2741 1510 2795 τὸν
1532 2743 1659 2796 λαόν
1679 2760 1694 2775 ·
1723 2745 1878 2814 μόλις

295 2828 403 2896 γὰρ
443 2828 508 2881 ἂν
540 2829 618 2899 τῷ
652 2831 898 2898 περιόντι
933 2833 1044 2886 τῶν
1080 2834 1261 2888 καλῶν
1296 2834 1476 2906 ἔργων
1511 2836 1791 2906 δυνηθεῖεν
1827 2840 1876 2891 οἱ

297 2921 462 2990 ἱερεῖς
503 2920 686 2977 ἕλκειν
725 2928 805 2988 εἱς
846 2925 1080 2996 μίμησιν
1123 2928 1248 2992 τοὺς
1289 2930 1371 2990 εἱς
1409 2929 1607 2991 αὐτοὺς
1651 2930 1879 2996 βλέπον-

294 3029 394 3074 τας
421 3030 436 3045 ο
470 3013 563 3067 ὲάν
595 3014 650 3066 δέ
688 3015 893 3086 φαῦλον
926 3019 1238 3088 ἀρχέτυπον
1273 3021 1607 3089 φαίνωνται,
1647 3038 1878 3089 καταγι-

297 3107 658 3175 νωςκόμενοι,
699 3110 877 3180 πόσης
919 3112 986 3165 ἂν
1026 3112 1112 3182 εἴη
1158 3111 1316 3166 τοῦτο
1355 3113 1456 3182 τῆς
1500 3114 1880 3184 κατακρίσεως

295 3198 486 3266 ἄξιον;
522 3202 619 3253 Διά
653 3202 828 3256 ταῦτα
862 3202 1280 3276 διασκεψαμένη
1317 3206 1349 3275 ἡ
1392 3208 1687 3277 μετριότης
1722 3207 1879 3278 ἡμῶν

299 3291 601 3359 ἀσφάλειαν
646 3295 740 3364 τὴν
783 3296 1103 3367 πρέπουσαν
1149 3299 1448 3368 ἐποιήσατο
1494 3301 1588 3352 καὶ
1628 3300 1729 3370 τῆς
1773 3301 1881 3353 τῶν

303 3381 500 3452 ἱερέων
531 3383 904 3454 διορθώσεως,
940 3387 1183 3456 Χριστοῦ
1217 3388 1438 3458 χάριτι,
1473 3389 1566 3441 καὶ
1599 3386 1882 3452 ἐξελέξατο

300 3475 410 3527 ἀπὸ
435 3476 541 3528 τῶν
565 3478 620 3529 ἐν
645 3480 710 3547 τῇ
740 3477 1074 3548 Θεοδοξάστῳ
1103 3479 1680 3534 Κωνσταντινουπόλει
1711 3479 1886 3532 τοιού-

301 3584 412 3620 τιυν
436 3570 627 3638 ἱερέων
647 3570 768 3631 τοὺς
798 3573 1334 3642 μεμαρτυρημένους
1358 3572 1756 3627 ἀντιποιεῖσθαι
1785 3573 1886 3642 μά·-

303 3660 461 3713 λιστα
497 3661 615 3731 βίου
649 3662 930 3730 θεοφιλοῦς
962 3663 1056 3716 καὶ
1088 3665 1410 3734 κρείττονας
1441 3665 1536 3718 καὶ
1565 3665 1885 3718 εὐλαϐεστέ-

309 3771 471 3822 ρους,
522 3757 615 3808 καὶ
667 3758 972 3829 κατέστησε
1026 3757 1154 3811 καθ’
1186 3757 1425 3827 ἑκάστην
1477 3757 1754 3826 γειτονίαν
1803 3758 1886 3820 εἱς

305 3844 575 3917 ἐξάρχους
607 3847 716 3900 τῶν
745 3849 947 3902 λοιπῶν
981 3849 1170 3919 ἱερέων
1201 3849 1297 3902 ἐπὶ
1329 3848 1404 3919 τῷ
1443 3848 1588 3902 κατά
1618 3848 1716 3920 τὴν
1746 3848 1884 3917 πρὸς

306 3939 503 4003 αὐτοὺς
549 3941 805 3994 ἀνάθεσιν
843 3941 985 4012 μετά
1023 3944 1207 4012 πάσης
1244 3942 1523 4013 προσοχῆς
1563 3944 1655 3995 καὶ
1690 3959 1887 4011 συντη-

311 4031 522 4100 ρήσεως
552 4033 884 4086 ἐπιϐλέπειν
900 4033 1096 4097 αὐτοὺς
1127 4036 1222 4088 καὶ
1253 4033 1528 4086 διδάσκειν
1558 4034 1654 4087 καὶ
1683 4051 1886 4104 παραι-

305 4131 450 4190 νεῖν,
483 4127 582 4180 ὃσα
615 4128 696 4190 εἱς
732 4126 994 4179 σύστασιν
1025 4127 1121 4179 καὶ
1154 4125 1360 4196 κόσμον
1394 4126 1675 4194 ἀφορῶσιν
1706 4125 1888 4179 αὐτῶν

307 4218 400 4270 καὶ
453 4217 758 4286 ἀσφάλειαν
803 4217 909 4288 τῆς
959 4215 1425 4287 ἐκκλησιαστικῆς
1475 4215 1885 4280 καταστάσεως,

305 4309 380 4370 ὡς
419 4307 486 4362 ἂν
519 4309 774 4364 ἐντεῦθεν
804 4309 865 4363 τὸ
898 4310 1083 4380 τίμιον
1119 4310 1214 4362 καὶ
1247 4307 1528 4377 αἰδέσιμον
1563 4306 1780 4377 ἔχοντες
1813 4306 1890 4358 οἱ-

307 4405 468 4456 κοθεν
499 4404 600 4472 τῆς
635 4402 954 4473 πρεπούσης
987 4402 1251 4468 ἀξιῶνται
1285 4399 1574 4464 εὐλαϐείας
1607 4401 1701 4454 καὶ
1733 4399 1888 4467 παρὰ

306 4496 403 4550 τοῦ
443 4492 628 4548 κοινοῦ
669 4494 952 4564 δημώδους
991 4493 1155 4561 λαοῦ,
1194 4494 1289 4547 κα)⁸
1329 4493 1527 4563 ἔχωσιν
1561 4489 1709 4544 οὗτοι
1753 4490 1886 4560 πρὸς

308 4585 507 4648 αὐτοὺς
539 4583 600 4637 τὸ
642 4582 807 4646 σέϐας
849 4583 1288 4652 προσερχόμενοι
1331 4583 1430 4635 καὶ
1471 4580 1764 4650 ζητοῦντες
1795 4581 1888 4633 τὸν

309 4677 590 4744 ἁγιασμὸν
618 4673 750 4746 παρ’
776 4673 957 4728 αὐτῶν
985 4673 1106 4743 μετ’
1128 4672 1310 4734 αἱδοῦς
1335 4689 1394 4726 τε
1424 4675 1517 4726 καὶ
1548 4671 1884 4736 εὐπειθείας,

311 4771 406 4822 καὶ
437 4768 588 4822 οὐδὲν
619 4766 1022 4837 καθυϐρίζηται
1053 4766 1113 4819 τὸ
1148 4767 1294 4837 μέγα
1323 4766 1486 4820 τοῦτο
1513 4766 1614 4835 τῆς
1649 4767 1884 4833 Ἐκκλη-

313 4862 437 4924 σίας
471 4859 767 4928 κεφάλαιον
801 4859 889 4913 διὰ
924 4858 1200 4920 πολιτείας
1237 4858 1448 4927 φαύλης
1469 4901 1484 4924 ,
1519 4859 1595 4918 ὼς
1629 4860 1844 4928 εἴρηται
1868 4871 1881 4883 ·

311 4952 732 5019 γινωσκέτωσαν
784 4952 894 5021 γὰρ
951 4951 1032 5014 εἰς
1087 4949 1312 5020 βεϐαίαν
1369 4949 1462 5002 καὶ
1513 4949 1886 5018 ἀναμφίϐολον

312 5046 712 5117 πληροφορίαν,
739 5047 843 5111 ὅτι,
869 5043 928 5108 ὃς
959 5043 1026 5097 ἂν
1057 5042 1164 5096 ἀπὸ
1195 5043 1287 5095 τοῦ
1321 5042 1416 5095 νῦν
1443 5042 1642 5112 εὑρεθῇ
1671 5041 1779 5092 τῶν
1813 5039 1888 5091 ἱε-

314 5139 550 5211 ρατικῶς
581 5138 1058 5210 ἐξυπηρετούντων
1088 5134 1210 5204 Θεῷ
1238 5133 1715 5204 ἀναστρεφόμενος
1750 5133 1888 5197 μετά

312 5233 517 5288 λαῖκῶν
559 5235 618 5286 ἐν
661 5231 989 5300 συμποσίοις
1029 5228 1062 5292 ἢ
1104 5225 1382 5288 ἀσυνέτως
1425 5227 1520 5278 καὶ
1558 5223 1890 5293 ἀφυλάκτως

315 5324 636 5396 περιπατῶν
667 5324 698 5393 ἢ
732 5325 936 5394 μάχαις
967 5321 1066 5375 καὶ
1094 5322 1361 5391 ταραχαῖς
1391 5321 1486 5373 καὶ
1521 5319 1742 5372 στάσεσι
1775 5315 1893 5385 χαί-

317 5435 428 5490 ρων
480 5418 514 5488 ἢ
571 5415 846 5486 ἐμπορίαν
901 5415 1229 5483 ποιούμενος
1283 5411 1743 5480 κατεγνωσμένην
1799 5409 1892 5462 καὶ⁴

315 5509 692 5578 ἀπείργουσαν
735 5507 797 5560 τὸ
845 5505 1123 5577 ἱερατικὸν
1165 5504 1414 5574 ἀξίωμα,
1460 5503 1494 5572 ἢ
1538 5492 1894 5571 ὁπῶσδὴποτε

319 5607 688 5677 ἀπελεγχθείη
720 5605 924 5673 διάγων
963 5602 1115 5672 παρά
1146 5602 1245 5673 τὴν
1282 5599 1782 5672 προσαρμόζουσαν
1820 5597 1895 5649 ἱε-

324 5700 553 5770 ρατικὴν
587 5698 925 5768 κατάστασιν
957 5699 1052 5751 καὶ
1086 5696 1413 5766 ἀκρίϐειαν,
1450 5694 1766 5746 ἐκπεσεῖται
1798 5692 1899 5743 αύ-

321 5793 443 5846 τίκα
478 5793 574 5861 τῆς
605 5790 764 5856 ἀξίας
793 5791 886 5842 καὶ
916 5791 1075 5859 δόξης
1104 5789 1198 5842 τοῦ
1233 5787 1594 5856 σεμνώματος
1622 5785 1718 5837 τοῦ
1750 5785 1900 5853 ἱερα-

324 5886 502 5952 τικοῦ,
545 5885 640 5939 καλ⁸
681 5883 772 5936 τοῦ
821 5882 981 5953 χοροῦ
1024 5882 1132 5936 τῶν
1180 5879 1374 5951 ἱερέων
1421 5877 1899 5948 ἀποτμηθήσεται,

1979 2007 2136 2078 μεθα,
2187 2006 2621 2074 ἀπελεγχθῶμεν
2663 2004 2757 2056 ἐπὶ
2801 2003 3112 2072 παραϐάσει
3159 2001 3254 2053 καὶ
3301 1999 3560 2068 ἁθετήσει

1976 2098 2155 2153 αὐτῶν
2178 2139 2191 2162 ,
2229 2095 2726 2167 καταδικαζὼμεθα
2763 2098 2855 2149 καὶ
2891 2095 3257 2162 ἐκπίπτωμεν
3294 2095 3554 2160 ἀσυμπα-

1976 2192 2084 2254 θῶς
2120 2192 2214 2244 καὶ
2248 2191 2349 2260 τῆς
2388 2190 2692 2260 ἱερωσύνης
2725 2169 2882 2259 ἡμῶν
2905 2228 2919 2252 ,
2957 2187 3053 2239 καὶ
3089 2182 3446 2252 εὐθυνώμεθα
3481 2182 3557 2242 ὠς

1976 2271 2075 2347 τὰς
2127 2281 2598 2353 ἐκκλησιαστικάς
2655 2282 2750 2334 καὶ
2805 2279 3170 2340 ἀποστολικάς
3225 2273 3556 2344 παραδόσεις

1976 2376 2451 2444 περιφρονοῦντες.
2475 2373 2635 2443 Μηνὶ
2663 2374 2994 2442 Δεκεμϐρίῳ
3026 2371 3139 2426 ινδ.
3169 2367 3239 2422 δ’.

2047 2467 2087 2537 -τ-
2123 2469 2255 2535 Περὶ
2292 2466 2412 2520 τῶν
2444 2467 2818 2535 ἐκλεγέντων
2853 2461 3278 2531 πνευματικῶν
3309 2459 3410 2514 διὰ
3443 2475 3560 2512 τοι-

1976 2560 2172 2614 ούτων
2204 2559 2582 2613 δεσποτικῶν
2614 2559 2822 2627 τιμίων
2855 2554 3285 2622 ἑνταλτηρίων.

2050 2743 2145 2796 III.
2181 2741 2224 2812 ἰ-
2258 2740 2323 2794 Ή
2351 2740 2444 2794 τοῦ
2478 2739 2783 2810 φιλαγάθου
2815 2737 2951 2810 Θεοῦ
2981 2739 3142 2809 ἡμῶν
3175 2737 3305 2806 περὶ
3333 2737 3394 2790 τὸ
3429 2737 3566 2806 ἡμέ-

1977 2851 2139 2902 τερον
2171 2834 2326 2901 γένος
2357 2832 2656 2902 κηδεμονία
2681 2831 2861 2900 σοφῶς
2889 2831 2958 2884 τά
2989 2831 3166 2883 πάντα
3196 2830 3564 2898 διοικονομου-

1982 2927 2118 2995 μένη
2149 2912 2246 2980 καὶ
2275 2925 2630 2979 διευθύνουσα
2658 2926 2758 2993 τὴν
2788 2924 2892 2994 τῆς
2926 2922 3312 2990 πνευματικῆς
3345 2921 3567 2992 χάριτς

1981 3019 2296 3087 ἐπιστήμην
2330 3018 2570 3087 ἀρχῆθεν
2607 3019 2718 3080 τοῖς
2753 3015 2852 3087 τὴν
2886 3015 3258 3085 ποιμαντικὴν
3293 3017 3390 3069 καὶ
3423 3014 3568 3067 διδα-

1983 3112 2248 3181 σκαλικὴν
2285 3110 2444 3176 ἀξίαν
2484 3109 2742 3177 λαχοῦσιν
2785 3107 3072 3179 ἱεράρχαις
3115 3105 3450 3176 ἐπέτρεψεν,
3489 3107 3568 3166 εἰς

1981 3205 2188 3274 δοχεϊον
2222 3202 2318 3256 τοῦ
2356 3203 2514 3270 ἀγίου
2550 3203 2872 3271 Πνεύματος
2906 3199 3400 3270 παρασκευάσασιν
3437 3199 3570 3250 ἐαυ-

1986 3297 2134 3358 τούς·
2183 3296 2299 3349 ἀλλ’
2329 3296 2362 3364 ή
2417 3289 2657 3364 μέριμνα
2700 3293 2794 3367 καὶ
2839 3292 3061 3360 φροντὶς
3105 3288 3216 3344 τῶν
3259 3289 3570 3357 ἐκκλησιῶν

1985 3389 2080 3444 καὶ
2120 3389 2152 3458 ἡ
2199 3385 2342 3454 μετὰ
2384 3387 2618 3454 σπουδῆς
2663 3383 3018 3453 ἐπεκδίκησις
3049 3382 3160 3435 τῶν
3194 3381 3570 3450 ἀδικουμένων

1988 3482 2079 3532 καὶ
2108 3481 2162 3532 αἱ
2192 3480 2303 3532 τῶν
2335 3477 2520 3549 χηρῶν
2550 3477 2644 3530 καὶ⁸
2674 3476 2928 3545 ὀρφανῶν
2959 3473 3387 3543 ἐποφειλόμεναι
3419 3474 3570 3526 ἀντι-

1984 3572 2180 3642 λήψεις
2207 3571 2298 3624 καὶ
2325 3568 2687 3639 προστασίαι,
2719 3566 2945 3636 προσέτι
2971 3582 3036 3636 γε
3067 3567 3175 3636 μὴν
3203 3565 3296 3618 καὶ
3322 3564 3390 3619 τά
3420 3567 3571 3624 παρά

1985 3667 2078 3720 τοῦ
2123 3665 2302 3719 κοινοῦ
2344 3662 2543 3732 ἐχθροῦ
2583 3661 2661 3730 τῷ
2709 3661 3038 3729 ἀνθρωπίνῳ
3079 3660 3224 3727 γένει
3267 3657 3386 3712 τῶν
3420 3659 3573 3729 αἱρέ-

1989 3774 2127 3810 σεων
2164 3754 2388 3823 κύματα
2426 3751 2707 3818 θαλάσσης
2741 3751 2900 3820 δίκην
2935 3747 3028 3802 ὐπ’
3053 3747 3272 3818 ἀνέμων
3304 3765 3572 3818 τραχυνο-

1990 3848 2160 3918 μένης
2203 3845 2346 3898 κατὰ
2386 3843 2485 3911 τῆς
2525 3840 2811 3911 ὀρθοδόξου
2855 3839 3099 3902 πίστεως
3142 3839 3469 3908 ἐγειρόμενά
3511 3857 3570 3889 τε

1988 3941 2086 3994 καὶ
2135 3937 2494 4000 ἐπικλύζοντα
2549 3933 2888 3986 στασιαστῶν
2937 3931 3034 3985 καὶ
3079 3931 3430 4000 χαιρεκάκων
3483 3933 3577 3982 ἀνε-

1990 4031 2229 4102 θρώπων
2265 4029 2368 4081 ὑπὸ
2402 4026 2496 4080 τοῦ
2542 4025 2780 4096 πονηροῦ
2825 4023 3238 4093 ἐνεργουμένων
3274 4024 3416 4074 κατά
3450 4022 3573 4073 δια-

1991 4123 2192 4193 φόρους
2221 4119 2450 4190 καιρούς
2473 4119 2654 4171 τεκαὶ
2677 4121 2904 4186 χρόνους
2928 4115 3380 4183 ἐπανισταμένων
3404 4115 3573 4182 ἀφρό-

1990 4235 2096 4280 νως
2140 4217 2240 4270 οὐκ
2285 4214 2458 4284 ἐφῆκε
2505 4211 2720 4273 τούτοις
2769 4208 2987 4279 βοηθεῖν
3034 4207 3181 4261 κατά
3229 4207 3435 4260 σκοπὸν
3481 4209 3576 4260 καὶ

1993 4307 2325 4380 θεραπεύειν
2359 4300 2804 4374 ἐπιστημονικῶς
2834 4301 2961 4361 τοὺς
2995 4299 3136 4368 βέλει
3167 4299 3268 4368 τῆς
3300 4298 3576 4368 ἁμαρτίας

1973 4400 2439 4472 ,πεπληγμένους,
2491 4395 2787 4451 κάντεῦθεν
2834 4392 3103 4455 ποικίλοις
3152 4392 3250 4445 καὶ
3293 4391 3573 4458 διαφόροις

1991 4495 2270 4567 τραύμασι
2317 4491 2718 4550 καταστίκτους
2765 4486 3170 4554 γεγενημένους
3215 4484 3309 4537 καὶ
3360 4481 3576 4534 πολλῶν

1920 4603 1965 4660 ι)
1993 4589 2103 4642 τῶν
2133 4585 2443 4655 φαρμάκων
2472 4583 2566 4636 καὶ
2591 4581 2703 4634 τῶν
2733 4579 2932 4633 ἱάσεων
2957 4578 3268 4644 δεομένους.
3296 4575 3394 4626 Διά
3421 4573 3581 4626 τοῦτο

1994 4680 2056 4734 τδ
2088 4680 2189 4742 τῆς
2233 4676 2613 4744 πνευματικῆς
2648 4672 2853 4740 ταύτης
2890 4668 3169 4730 διακονίας
3207 4665 3582 4735 λειτούργημα

1999 4768 2063 4820 τὸ
2092 4766 2210 4820 κατ’
2234 4766 2444 4818 ἐκείνου
2480 4761 2674 4834 καιροῦ
2702 4763 2813 4824 τοῖς
2846 4746 3140 4830 ἱερατικῶς
3167 4757 3286 4823 Θεῷ
3317 4755 3585 4825 ἐξυπηρε·

2001 4862 2287 4931 τουμένοις
2309 4897 2325 4923 ,
2356 4854 2800 4925 κεκαθαρμένοις
2831 4851 2953 4906 οὖσι
2982 4851 3080 4903 καὶ
3110 4847 3311 4919 ἀρετῆς
3341 4846 3436 4900 καὶ
3469 4846 3584 4915 βίου

2004 4951 2288 5022 θεοφιλοῦς
2323 4949 2800 5018 ἀντιποιουμένοις
2831 4945 2930 4999 καὶ
2965 4938 3025 4996 εὖ
3064 4941 3208 5012 μάλα
3245 4940 3586 5009 πεπειραμέ-

2004 5064 2116 5110 νοις
2138 5044 2327 5116 ψυχῶν
2353 5039 2717 5112 προῖστασθαι
2743 5039 2839 5090 καὶ
2863 5035 3226 5106 χειραγωγεῖν
3251 5030 3423 5092 αὐτὰς
3450 5031 3585 5098 πρὶς

2003 5141 2104 5209 τὴν
2151 5136 2430 5205 σωτηρίαν
2471 5131 2625 5202 παρὰ
2665 5130 2774 5183 τῶν
2821 5126 3081 5182 τοιούτων
3125 5122 3448 5193 προστατῶν
3491 5120 3587 5172 καὶ

2004 5229 2478 5300 πνευματοφόρων
2516 5222 2777 5289 Πατέρων
2813 5220 2908 5273 κοιλ,
2947 5216 3290 5270 διδασκάλων
3322 5212 3547 5270 ἀνετέθη
3569 5250 3584 5274 ,
3629 5241 3632 5243 λ

2006 5324 2080 5385 ὡς
2117 5301 2263 5382 εἱκός
2285 5359 2300 5383 ,
2338 5317 2479 5370 κατὰ
2516 5313 2803 5384 μετάδοσιν
2837 5311 3138 5379 θειοτέραν.
3167 5304 3275 5360 Ἦν
3311 5301 3406 5358 οὖν
3439 5301 3588 5354 τοῦθ’

2005 5416 2149 5470 οὓτω
2187 5412 2370 5474 καλῶς
2404 5411 2498 5462 καὶ
2531 5407 2845 5476 θεαρέστως
2878 5398 3275 5473 προϐαῖνόντε
3312 5396 3408 5450 καὶ
3441 5395 3591 5462 γινό·

2013 5520 2175 5575 μενον
2197 5502 2376 5568 ’,ἐπεὶ
2414 5499 2470 5550 δὲ
2503 5499 2622 5558 ταῖς
2657 5494 2799 5548 κατὰ
2835 5493 3029 5563 μικρὸν
3064 5488 3353 5557 ἐπηρεηίαις
3387 5487 3456 5538 τά
3489 5486 3588 5550 τῆς

2010 5592 2293 5663 θεοφιλοῦς
2319 5589 2525 5658 ταύτης
2555 5587 2848 5640 ἐσϐέννυτο
2876 5582 3288 5641 καταστάσεως,
3317 5577 3414 5630 καὶ
3439 5576 3468 5629 6
3493 5575 3591 5626 τοῦ

2013 5691 2220 5753 κόσμου
2261 5686 2468 5756 άρχων,
2509 5681 2605 5734 ἆτε
2642 5679 2705 5748 δὴ
2744 5677 2854 5730 τῶν
2898 5674 3154 5739 ζιζανίων
3195 5671 3454 5739 σπορεύς,
3491 5669 3592 5719 οὐκ

2015 5780 2252 5836 ἐπαύετο
2283 5775 2568 5848 χρώμενος
2599 5773 2719 5833 ταῖς
2752 5768 3047 5828 κακίσταις
3085 5763 3252 5817 αὐτοῦ
3289 5760 3592 5830 μεθοδείαις

2019 5874 2117 5928 καὶ
2165 5869 2434 5941 μηχαναῖς
2481 5867 2560 5928 εἰς
2607 5859 2884 5926 ἐξαπάτην
2928 5858 3024 5910 καὶ
3068 5850 3452 5921 ἐξουθενισμδν
3499 5850 3592 5902 καὶ
