4050 6492
410 466 553 534 1ης)

1480 458 1883 524 SYNODICI‘E
1922 453 2501 520 CONSTITUTION
2514 454 2618 515 ES.

3540 455 3673 521 1‘20

403 579 551 636 κατὰ
575 579 675 648 τὴν
716 578 822 631 τῶν
862 575 1026 648 ἱερῶν
1059 575 1306 630 κανόνων
1338 573 1750 645 παρακέλευσιν
1774 575 1857 636 εἰς
1894 573 1995 639 τὴν
2032 577 2070 632 Δ
2101 566 2359 636 ἐφορείας
2412 565 2729 626 ἐθέσπισεν.
2777 565 2838 618 οὐ
2896 564 3004 636 μὴν
3039 566 3139 636 τὴν
3193 568 3385 622 τούτου
3421 570 3685 643 ἑκτριδὴν

404 674 566 743 ἡμῶν
619 671 958 740 μετριότητα
981 687 993 700 ·
1026 668 1153 722 ὅθεν
1184 668 1280 722 καὶ
1322 667 1628 738 διεμηνύθη
1653 666 1797 720 κατὰ
1831 666 1891 719 τὸ
1918 666 1994 718 εί-

402 765 507 826 κὸξ
537 765 568 833 ἡ
610 762 840 833 ῥηθεῖσι
869 761 1242 831 περιπόθητος
1274 758 1546 830 ὲξαδέλφη
1567 757 1663 812 τοῦ
1687 757 1993 825 κρατίστου

402 856 501 907 καὶ
552 853 711 922 ἁγίου
769 869 873 922 μου
897 852 1340 923 μαύτοκράτορος
1369 852 1402 921 ἠ
1432 847 1872 920 Φιλανθρωπηνὴ
1903 845 1996 899 διὰ

404 945 500 998 τοῦ
524 944 876 1013 έντιμοτάτου
902 941 1354 1015 ραιφερενδαρίου
1376 943 1475 1012 τῆς
1494 939 1622 995 καθ’
1642 940 1795 1008 ἡμᾶς
1824 938 1998 1007 ἁγιω-

402 1039 574 1107 τάτης
624 1036 718 1090 τοῦ
753 1035 891 1090 Θεοῦ
943 1035 1207 1106 Μεγάλης
1240 1030 1719 1105 ⁹Εκκλησίας,κῦρ
1739 1029 1996 1101 Μανουὴλ

402 1130 500 1184 τοῦ
523 1129 874 1202 Σιλϐέστρου,
896 1123 965 1202 ἧς
991 1128 1055 1200 δὴ
1076 1128 1172 1182 καὶ
1206 1127 1377 1199 μηδὲν
1422 1126 1709 1194 εἰπούσης,
1731 1124 1869 1194 μηδὲ
1890 1123 1997 1176 δει-

407 1222 576 1294 ξάσης
605 1223 750 1277 κατὰ
768 1223 829 1276 τὸ
852 1223 1094 1295 πρῶτον,
1116 1221 1213 1274 καὶ
1238 1219 1477 1289 δευτέρῳ
1518 1215 1798 1288 μηνύματι
1829 1216 1998 1285 ἐχρη-

408 1315 625 1385 σάμεθα
651 1312 743 1369 διὰ
772 1313 869 1368 τοῦ
897 1313 1236 1383 τιμιωτάτου
1284 1308 1539 1381 μεγάλου
1573 1305 1995 1389 χαρτοφρλακος

403 1410 503 1462 καὶ
526 1410 736 1461 ὑπάτου
760 1407 871 1462 τῶν
903 1407 1238 1476 φιλοσόφων,
1264 1404 1569 1474 ἀγαπητῶν
1596 1404 1739 1457 κατὰ
1767 1403 1997 1473 Πνεῦμα

405 1502 542 1555 υίῶν
574 1503 676 1571 τῆς
722 1499 882 1570 ἡμῶν
921 1499 1304 1569 μετριότητος,
1322 1496 1636 1569 ,κάντεῦθεν
1667 1496 1788 1551 ἀντὶ
1812 1497 1997 1567 πάσης

408 1589 712 1659 ἀπολογίας
754 1587 1109 1654 ἐξαπέστειλε
1158 1589 1300 1660 πρὶς
1332 1587 1431 1659 τὴν
1465 1585 1628 1659 ἡμῶν
1660 1586 1997 1658 μετριότητα

406 1685 471 1738 τὸ
500 1682 744 1738 τοιοῦτον
786 1682 983 1736 σεπτὸν
1008 1678 1430 1753 χρυσόὁουλλον,
1450 1680 1589 1751 ὅπερ
1620 1680 1717 1735 καὶ
1747 1681 1998 1749 ἀναγνω-

411 1775 537 1827 σθὲν
566 1775 660 1827 καὶ
695 1772 940 1837 ἐξετάσει
968 1772 1122 1826 δοθὲν
1151 1770 1387 1841 εὕρηται
1415 1770 1517 1841 ούχ
1549 1770 1627 1835 ὡς
1658 1770 1871 1842 προέϐη
1895 1769 1998 1842 τὴν

410 1865 611 1937 ἀρχὴν,
644 1864 761 1917 ἀλλ’
800 1866 922 1935 οὑχ,
967 1864 1045 1926 ὡς
1082 1863 1214 1930 ἔδει,
1239 1862 1612 1933 μεταποιηθὶν
1648 1863 1745 1917 καὶ
1779 1863 1856 1935 μὴ
1893 1863 1996 1936 τῆς

406 1956 671 2029 ἀληθείας
693 1958 976 2027 ἐχόμενον,
1002 1957 1059 2009 ὲν
1082 1950 1165 2019 οἷς
1191 1955 1294 2028 τὴν
1321 1954 1439 2025 τοῦλ
1466 1956 1842 2028 μοναστηρίου
1891 1974 1997 2011 πα-

400 2050 716 2121 ραπομπὴν
742 2052 841 2102 καὶ
866 2048 1282 2103 καταδούλωσιν
1313 2049 1553 2102 ἐποιεῖτο
1581 2047 1678 2104 καὶ
1709 2049 1849 2121 πρὸς
1869 2049 1999 2115 τοὺς

410 2140 610 2205 παῖδας
636 2141 734 2195 τοῦ
768 2141 1030 2213 ῥηθέντος
1060 2144 1594 2211 πανυπερσεσάστου
1636 2142 1733 2196 καὶ
1757 2141 1998 2213 καθεξῆς

403 2237 670 2301 ὡσαύτως
724 2236 863 2305 πρὸς
907 2238 1036 2300 τοὺς
1085 2236 1145 2305 ἐξ
1183 2235 1412 2292 ἐκείνων
1462 2236 1660 2302 παῖδας
1688 2237 1789 2290 καὶ
1816 2236 1998 2292 διαδό-

401 2346 555 2401 χους.
587 2330 703 2401 Τῆς
736 2328 868 2399 γοῦν
902 2330 1219 2394 ὑποθέσεως
1262 2329 1410 2384 οὕτω
1463 2330 1995 2402 παρακολουθούσης

403 2416 622 2471 καὶτοῦ
655 2418 904 2472 τοιούτου
954 2418 1160 2473 σεπτοῦ
1193 2419 1598 2491 χρυσοϐούλλου
1636 2423 1779 2492 μετά
1804 2420 1992 2486 ἐξετά-

403 2528 543 2576 σεως
564 2510 827 2583 ἀκριϐοῦς
845 2513 1213 2582 ἀναφανέντος
1247 2528 1591 2584 μεταπεποιη
1601 2514 1767 2584 μένου
1793 2517 1874 2579 είς
1897 2516 1997 2586 τὴν

408 2603 676 2675 ῥηθεῖσαν
707 2600 1097 2672 παραπομπὴν
1146 2604 1238 2655 καὶ
1285 2596 1694 2657 καταδούλωσιν
1725 2605 1823 2657 καὶ
1856 2605 1998 2675 πρὸς

404 2695 539 2758 τοὺς
598 2693 795 2756 παῖδας
829 2693 1025 2746 τούτου
1077 2692 1143 2765 δὴ
1191 2692 1290 2747 τοῦ
1341 2695 1871 2767 πανυπερσεϐάστου
1901 2699 2015 2751 καὶ.

405 2787 547 2857 πρὸς
560 2789 702 2852 τοὺς
728 2786 787 2854 ἐξ
831 2787 1059 2843 ἐκείνων
1088 2787 1295 2858 ὁμοίιος
1341 2787 1542 2858 ἑφεξῆς
1573 2789 1720 2842 κατά
1742 2789 1837 2843 τὸν
1865 2790 1998 2843 ἀνα-

403 2880 799 2951 γεγραμμένον
832 2879 1060 2951 τρόπον,
1105 2879 1203 2934 καὶ
1236 2879 1330 2934 τοῦ
1377 2882 1748 2949 παλαιγενοῦς
1781 2898 1996 2954 πρατη-

408 2976 527 3045 ρίου
575 2974 911 3042 γράμματος
943 2970 1120 3043 ἀληθῆ
1156 2971 1539 3044 παριστῶντος
1568 2973 1669 3044 τὴν
1713 2975 1867 3042 παρὰ
1897 2976 1997 3046 τῆς

402 3065 747 3137 δηλωθείσης
780 3062 1127 3135 ὑψηλοτάτης
1173 3062 1469 3134 δεσποίνης
1494 3064 1606 3119 τῶν
1634 3055 1995 3134 Μουγουλίων

294 3176 297 3179 ·
403 3160 697 3231 γεγονυῖαν
754 3157 996 3228 ἀρχῆθεν
1055 3154 1323 3227 έξὼνησιν
1376 3157 1473 3209 καὶ
1526 3156 1667 3225 μετὰ
1719 3156 1993 3229 πλείσεων

405 3247 784 3317 ἀναλωμάτων
815 3245 1032 3315 ἐκείνης
1061 3244 1158 3298 τοῦ
1200 3245 1569 3317 μοναστηρίου
1597 3245 1877 3315 ἀνίδρυσιν
1898 3247 1996 3302 καὶ

407 3340 806 3413 προσκύρωσιν
826 3339 940 3391 τῶν
971 3338 1373 3408 ἀφιερωμένων
1397 3338 1493 3392 καὶ
1523 3341 1995 3411 προσκεκυρωμέ-

407 3452 516 3490 νων
550 3432 721 3502 αὐτῷ,
746 3430 822 3495 ὡς
868 3429 1190 3500 δεδήλωται,
1223 3430 1690 3504 ἀποδεδειγμένης
1732 3449 1791 3486 τε
1824 3430 1995 3505 οὔσης

407 3531 502 3585 καὶ
531 3530 632 3598 τῆς
675 3524 946 3597 τοσαύτης
975 3526 1333 3595 καινοτομίας
1364 3527 1463 3579 καὶ
1493 3525 1674 3595 λύμης
1699 3528 1798 3579 καὶ
1826 3542 1995 3581 κατα-

403 3623 604 3693 τρισῆς
651 3620 747 3674 τοῦ
797 3618 1167 3691 μοναστηρίου
1195 3620 1261 3671 ἐκ
1296 3618 1397 3689 τῆς
1430 3618 1575 3672 κατὰ
1605 3617 1773 3690 μέρος
1806 3619 1993 3690 ῥηθείς-

403 3731 505 3784 σης
535 3712 628 3766 τοῦ
660 3710 1187 3783 πανυπερσεὸάστου
1217 3711 1478 3781 αίτίας,ὴ
1508 3697 1994 3784 μετριότηςῖῆμῶν

290 3814 296 3822 ‘
405 3806 527 3874 ἅμα
578 3804 680 3874 μὲν
718 3804 814 3858 καὶ
874 3801 971 3856 τοῦ
1021 3801 1259 3873 ψυχικοῦ
1313 3802 1732 3874 κατακρίματος
1784 3803 1993 3858 ἐκεῖνον

407 3899 849 3965 άπαλλάττουσα,
891 3896 1009 3967 ἅμα
1045 3896 1104 3950 δὲ
1147 3894 1247 3950 καὶ
1293 3893 1388 3948 τοῦ
1413 3894 1865 3948 ἀκαταδουλώτου
1899 3897 1993 3949 καὶ

405 3986 681 4051 ἁΰλαόοῦς
712 3986 822 4041 ἀπὸ
850 3985 961 4040 τῶν
991 3983 1279 4055 κοσμικῶν
1311 3983 1573 4049 καθάπαξ
1599 3984 1695 4039 τοῦ
1720 4002 1996 4055 μοναστη-

406 4084 526 4153 ρίου
564 4079 948 4151 φροντίζουσα,
992 4076 1251 4146 καθάπερ
1298 4077 1671 4147 ὀφειλομένως
1720 4077 1858 4148 ἔχει,
1897 4079 1994 4132 καὶ

401 4175 503 4245 τῆς
548 4171 743 4241 λοιπῆς
776 4171 1122 4250 λυσιτελείας
1157 4170 1303 4225 κατὰ
1345 4169 1525 4240 ψυχὴν
1575 4172 1673 4224 καὶ
1718 4169 1994 4241 ὠφελείας

402 4266 548 4320 κατὰ
579 4264 675 4334 τὴν
712 4264 1019 4333 μοναχικὴν
1048 4261 1208 4329 τάξιν
1237 4279 1298 4315 τε
1347 4263 1442 4316 καὶ
1480 4263 1846 4330 κατάστασιν,
1876 4257 1993 4333 εἶχε

404 4359 511 4429 μὲν
545 4356 686 4408 κατά
707 4354 801 4407 τὸν
826 4353 921 4406 τοῦ
949 4354 1158 4407 δικαίου
1177 4352 1338 4423 λόγον
1365 4354 1712 4427 ἀναζητῆσαι
1734 4358 1832 4411 καὶ
1857 4361 1992 4413 επα-

402 4444 757 4504 νασώσασθαι
777 4444 914 4517 τῷδε
934 4444 1014 4516 τῷ
1045 4445 1401 4519 μοναστηρίῳ
1424 4447 1525 4518 τὴν
1553 4448 1624 4514 ἢν
1655 4449 1890 4522 ὑπέστη,
1913 4452 1991 4517 ὡς

404 4544 644 4614 εἴρηται,
677 4541 860 4612 λύμην
904 4540 1001 4594 καὶ
1048 4539 1404 4613 καινοτομίαν
1449 4542 1529 4606 είς
1564 4543 1636 4596 τὰ
1669 4558 1981 4615 προσκεκυ-

2027 1917 2076 1979 Β

2101 661 2195 714 καὶ
2235 661 2317 723 είς
2351 660 2413 712 τὸ
2440 657 2634 730 μηκέτ’
2661 653 2802 712 εἶναι
2835 658 3089 712 ἐντεῦθεν
3119 659 3417 714 κατάλυσιν
3437 676 3451 692 ·
3471 664 3679 734 ἀνεπη-

2100 752 2335 824 ρεάστου
2367 750 2477 823 γὰρ
2509 752 2665 815 ὄντος
2687 750 2854 805 αὐτοῦ
2888 751 2982 805 καὶ
3013 751 3353 823 κατατριθῆς
3377 754 3674 827 ἀνωτέρου,

2102 841 2358 913 μέλλουσι
2390 842 2610 906 πάντως
2636 844 2732 898 καὶ
2758 843 2814 896 αί
2847 842 3082 914 μοναχαὶ
3106 843 3361 910 ἀϐλασῶς
3385 845 3477 899 καὶ
3507 848 3676 918 ἀνεμ-
3753 856 3767 868 '

2098 935 2371 1000 ποδίστως
2419 935 2515 1001 τὸν
2565 936 2708 990 κατὰ
2759 934 2894 990 Θεὸν
2921 934 3125 1006 δρόμον
3156 938 3333 992 αὐτῶν
3372 938 3557 993 ἀνύειν
3587 941 3680 994 καὶ

2096 1028 2198 1101 τὴν
2228 1027 2470 1100 ψυχικὴν
2518 1030 2798 1101 σωτηρίαν
2843 1030 3093 1096 ἑαυταῖς,
3137 1031 3214 1095 ὡς
3257 1034 3676 1103 ἐπηγγείλαντο,

2100 1120 2620 1193 πραγματεύεσθαι.
2655 1121 2955 1194 Τά-μέντοι
2982 1123 3310 1194 διαφέροντα
3343 1125 3406 1178 ὲκ
3445 1125 3677 1180 παλαιοῦ

2098 1213 2176 1285 τῷ
2233 1216 2588 1286 μοναστηρίῳ
2642 1217 2882 1288 ὀσπήτια
2926 1217 2990 1270 ού
3043 1215 3226 1278 καλῶς
3274 1216 3563 1273 ἐκδοθέντα
3590 1220 3680 1287 ἐγ-

2100 1306 2328 1377 γράφως
2373 1308 2527 1378 παρὰ
2578 1305 2675 1362 τοῦ
2706 1306 2952 1362 τοιούτου
2984 1308 3511 1381 πανυπερσεϐάστου
3545 1312 3679 1380 πρὸς

2099 1399 2192 1451 τὸν
2211 1397 2523 1470 δηλωθέντα
2544 1399 2918 1473 περιπόθητον
2952 1401 3242 1472 ἒξάδελφον
3265 1401 3359 1457 τοῦ
3384 1405 3678 1474 κρατίστου

2099 1492 2193 1547 καὶ
2227 1491 2385 1559 ἀγίου
2437 1507 2543 1560 μου
2597 1493 3037 1565 αὐτοκράτορος,
3090 1493 3267 1562 μέγαν
3322 1500 3680 1568 πριμικήριον

2100 1580 2468 1649 Παλαιολόγον
2495 1580 2590 1635 τὸν
2625 1581 2881 1654 Ἀσάνην,
2902 1583 3006 1654 κύρ
3054 1583 3409 1656 Ἀνδρόνικον,
3432 1587 3521 1639 τὸν
3542 1588 3683 1641 ὲκεί-

2100 1687 2194 1724 νου
2229 1673 2371 1739 υίδν,
2407 1671 2617 1744 ὀφείλει
2676 1674 3100 1746 ὲπανασωθῆναι
3143 1677 3238 1730 καὶ
3283 1680 3582 1747 προσεῖναι,
3605 1679 3677 1744 ὡς

2100 1763 2161 1816 τὸ
2214 1765 2509 1836 πρότερον,
2545 1764 2624 1836 τῷ
2678 1767 3032 1838 μοναστηρίῳ
3078 1768 3447 1842 ἀνενοχλὴτως
3481 1776 3680 1843 παντά-

2101 1873 2238 1912 πασι
2269 1858 2368 1913 καὶ
2416 1858 2888 1924 ἀδιασείστως,ού
2923 1861 3083 1931 μόνον
3114 1861 3171 1915 δὲ
3201 1862 3394 1931 ταῦτα,
3423 1863 3556 1917 ἀλλὰ
3588 1868 3681 1918 καὶ

2104 1948 2157 2003 ετ
2190 1968 2274 2014 τις
2300 1950 2513 2023 ἕτερος,
2539 1951 2645 2006 κᾶν
2674 1952 2823 2012 ὅστις
2849 1951 2961 2022 άρα
2983 1955 3076 2008 καὶ
3103 1950 3160 2028 ᾖ,
3186 1954 3388 2025 ἔφθασε
3414 1960 3505 2010 καὶ
3530 1958 3682 2026 ἀφεί-

2102 2040 2226 2096 λετο
2246 2043 2605 2116 ὀπωσδήποτέ
2628 2061 2682 2098 τι
2706 2044 2816 2098 τῶν
2842 2046 3219 2115 ὑποκειμένων
3254 2048 3348 2101 καὶ¹
3376 2049 3681 2119 ἀνηκόντων

2100 2134 2273 2206 αὐτῷ,
2299 2137 2470 2208 χωρὶς
2489 2136 2626 2206 δῆτα
2648 2139 2751 2210 τῆς
2768 2138 3075 2202 οίκοθεσίας
3107 2140 3352 2193 Ἰωάννου
3373 2140 3466 2194 τοῦ
3487 2141 3677 2213 Θωμᾶ,

2100 2226 2307 2295 ὀφείλει
2362 2228 2616 2292 κάκεῖνος
2642 2228 2920 2284 ἀπολῦσαι
2976 2231 3155 2285 τοῦτο.
3188 2232 3269 2285 Τά
3299 2233 3411 2305 γάρ
3440 2233 3677 2306 ἀφιερω-

2103 2317 2244 2387 μένα
2267 2316 2387 2389 Θεῷ
2411 2317 2753 2391 ἀναφαίρετα
2777 2321 2873 2376 καὶ
2907 2323 3305 2378 άναπόσπαστα
3334 2323 3425 2380 τὸν
3442 2325 3531 2379 ἀεὶ
3551 2326 3680 2396 χρό-

2100 2426 2191 2464 νον
2234 2412 2532 2482 τυγχάνειν
2575 2414 2807 2484 ὀφείλει,
2838 2409 2921 2479 οἷς
2963 2416 3286 2489 ἀφιέρωται,
3313 2418 3410 2472 καί⁵
3458 2419 3486 2472 ὀ
3525 2421 3708 2490 χεῖρεμ

2102 2502 2435 2573 πλεονέκτην
2463 2507 2557 2558 καὶ
2614 2507 2844 2577 ᾶρπαγα
2874 2508 3089 2575 τούτοις
3136 2509 3448 2565 ἐπιϐάλλειν
3474 2512 3679 2583 ἐπιχει-

2101 2593 2213 2665 ρῶν
2241 2596 2313 2659 ὼς
2351 2598 2632 2666 ἱερόσυλος
2658 2598 2921 2672 ἄντικρυς
2947 2602 3197 2672 κρίνεται
3222 2604 3373 2674 παρά
3394 2603 3501 2657 τῶν
3522 2604 3680 2659 θείων

2100 2689 2194 2742 καὶ
2228 2689 2397 2760 ἱερῶν
2426 2692 2694 2746 κανόνων.
2757 2692 2913 2746 Ἐπεὶ
2963 2693 3021 2747 δὲ
3068 2696 3366 2768 ἀνηνέχθη,
3390 2698 3465 2762 ὡς
3490 2699 3555 2752 τὸ
3582 2700 3680 2768 τῆς

2110 2782 2417 2857 Ἰατραίνης
2450 2785 2669 2857 ἐκείνης
2715 2787 2982 2856 ὀσπήτιον
3015 2791 3547 2861 προσκεκυρωμένον
3588 2793 3683 2846 καὶ

2099 2877 2527 2947 ἀνατεθειμένον
2577 2876 2639 2932 ὃν
2672 2881 2737 2950 τῇ
2784 2882 2917 2949 μονῇ
2954 2880 3160 2950 ἔφθασε
3213 2883 3307 2935 καὶ
3355 2882 3678 2954 ἀπεσπάσθη

2099 2971 2381 3026 καὶτοῦτο
2415 2973 2572 3045 παρά
2602 2973 2697 3027 τοῦ
2749 2976 2956 3046 μέρους
2997 2977 3093 3030 τοῦ
3128 2976 3292 3031 αὑτοῦ
3338 2994 3683 3052 πανυπερσε-

2100 3063 2325 3129 σάστου,
2370 3065 2581 3136 ὀφείλει
2624 3069 2722 3121 καὶ
2755 3067 2913 3122 τοῦτο
2946 3069 3370 3141 έπανασωθῆναι
3392 3071 3485 3125 καὶ
3518 3089 3682 3141 προσ-

2101 3156 2242 3210 εῖναι
2311 3157 2483 3229 αύτῷ,
2502 3158 2650 3214 καθὰ
2669 3162 2764 3214 καὶ
2787 3160 2846 3214 τὸ
2876 3161 3147 3233 πρότερον
3170 3180 3183 3194 ·
3202 3164 3325 3217 ἐπεὶ
3353 3166 3479 3229 τοὺς
3507 3183 3683 3235 παρα-

2104 3247 2395 3313 ϐαίνοντας
2417 3250 2546 3314 τοὺς
2582 3251 2857 3317 τοιούτους
2881 3252 3063 3318 θείους
3091 3255 3189 3310 καὶ
3217 3257 3397 3328 ἱεροὺς
3429 3258 3679 3323 κανόνας,

2101 3340 2241 3411 ὅπερ
2290 3340 2419 3397 κατ’
2463 3342 2645 3398 αὐτῶν
2681 3345 2959 3417 ἐπιτίμιον
2998 3346 3347 3419 δὲκφωνοῦσιν
3386 3348 3553 3415 οῦτοι,
3586 3354 3681 3407 καὶ

2103 3436 2267 3506 ἡμεῖς
2297 3435 2613 3502 ἀκολούθως
2644 3437 2705 3491 τὸ
2735 3439 2867 3492 αύτὸ
2898 3438 3063 3511 βάρος
3089 3440 3424 3513 έπιτίθεμεν.
3450 3444 3542 3507 Είς
3574 3445 3680 3514 γὰρ

2100 3527 2204 3599 τὴν
2237 3528 2368 3596 περὶ
2403 3530 2596 3583 τούτου
2633 3530 2936 3601 ἀσφάλειαν
2991 3532 3084 3586 καὶ
3122 3533 3182 3587 τὸ
3227 3536 3404 3604 παρὸν
3446 3538 3681 3608 γράμμα

2100 3618 2200 3688 τῆς
2225 3620 2384 3690 ἡμῶν
2418 3622 2772 3692 μετριότητος
2799 3624 3128 3680 ἀπολέλυται
3158 3627 3253 3681 ἐπὶ
3280 3627 3356 3698 τῷ
3387 3632 3674 3701 προσεῖναι

2101 3712 2168 3782 τῇ
2217 3710 2580 3787 διαληφθείσῃ
2632 3715 2909 3787 σεδασμίᾳ
2976 3720 3114 3791 μονῇ
3166 3718 3246 3783 είς
3292 3721 3677 3793 άνενοχλησίαν

2102 3798 2329 3871 διηνεκῆ
2368 3819 2429 3855 τε
2478 3804 2575 3859 καὶ
2633 3805 2865 3876 μόνιμον
2916 3809 3071 3863 κατὰ
3115 3807 3286 3878 μῆνα
3331 3808 3683 3883 Ὀκτώϐριον

2101 3892 2213 3963 τῆς
2242 3892 2285 3949 ε’
2312 3896 2425 3950 ίνὸ.
2484 3899 2593 3953 τοῦ
2625 3899 2783 3972 ,ςωξν
2810 3900 3006 3968 ἔτους.

2170 3986 2212 4058 -ι-
2239 3984 2382 4059 Εἶχε
2413 3991 2498 4044 τό·
2519 3995 2882 4061 Κάλλιστος,
2906 3993 3058 4061 ἐλέῳ
3107 3996 3255 4051 Θεοῦ
3302 3997 3683 4066 ἁρχιεπίσκο-

2102 4096 2216 4150 πος
2271 4081 3007 4155 Χωνσταντινουπόλεως,
3071 4088 3227 4156 Νέας
3285 4090 3531 4161 Ῥώμης,
3584 4092 3681 4146 καί

2101 4177 2517 4245 οἱκουμενικύς
2567 4179 2971 4250 πατριάρχης,
3020 4179 3120 4234 διὰ
3178 4181 3290 4250 τῆς
3350 4183 3545 4253 τιμίας
3587 4184 3684 4238 καί

2101 4265 2266 4332 θείας
2294 4267 2668 4339 ὃεσποτικῆς
2705 4270 3145 4341 πατριαρχικῆς
3173 4274 3396 4342 χειρός.

2108 4423 2196 4482 Vl.
2226 4424 2484 4482 Callistus
2510 4427 2800 4495 conﬁrmat
2832 4429 3169 4500 praebendam
3192 4431 3562 4487 Amaranuuw
3585 4434 3683 4487 da-

2621 4507 2730 4552 tam
2757 4501 2823 4554 ab
2853 4501 3195 4571 imperatore.

409 4637 627 4709 ρωμένα
655 4632 828 4704 αύτῷ,
866 4632 1090 4704 παρῆκε
1134 4633 1192 4688 δὲ
1222 4634 1367 4706 λόγῳ
1401 4638 1864 4706 συματαόἀσεως
1897 4641 1991 4695 καὶ
2025 4648 2070 4705 D
2166 4633 2208 4705 -ι-
2249 4634 2405 4689 Ἐπεὶ
2435 4636 2468 4704 ἡ
2498 4636 2970 4710 ἐπονομαζομὲνη
3002 4638 3376 4709 ’Δμαραντίνα
3407 4640 3601 4709 ἔφθασε
3625 4643 3682 4708 ἐξ

408 4729 651 4801 μάλιστα
677 4726 754 4792 ὡς
804 4727 905 4798 τῆς
961 4727 1057 4781 τοῦ
1102 4728 1411 4799 ἐἰρημένου
1455 4730 1992 4802 πανυπερσεόάστου

404 4821 667 4893 τελευτῆς
692 4820 1222 4894 προκαταλαϐούσης
1247 4836 1263 4853 ο
1300 4821 1364 4876 τὸ
1406 4823 1584 4893 παρὸν
1630 4827 1821 4895 μέντοι
1856 4826 1995 4880 ἀπο-

405 4914 612 4969 λύουσα
637 4914 874 4985 γράμμα
906 4916 964 4970 ὲν
990 4914 1133 4987 ἁγίῳ
1170 4915 1615 4986 παρακελεύεται
1649 4917 1989 4990 Πνεύματιῆ

411 5010 704 5081 μετριότης
731 5009 910 5081 ἡμῶν,
933 5008 1010 5072 ὡς
1042 5010 1112 5063 ἂν
1139 5009 1474 5080 εὑρίσκηται
1507 5011 1570 5064 τὸ
1601 5010 1711 5064 ἀπὸ
1739 5010 1899 5065 τοῦδε
1931 5011 1995 5065 τὸ

404 5102 699 5173 διαληφθὲν
725 5100 1089 5173 μοναστὴριον
1115 5100 1216 5171 τῆς
1238 5102 1663 5171 πανυπράγνου
1691 5101 1996 5172 Δεσποίνης

408 5194 505 5247 καὶ
533 5195 878 5263 Θεομήτορος
908 5191 1009 5261 τῆς
1051 5191 1510 5261 Ιιαναγιωτίσσης
1542 5191 1993 5246 άκαταδούλωτον

410 5288 508 5338 καὶ
553 5284 840 5351 ἐλεύθερον
876 5282 1156 5344 παντελῶς
1203 5282 1306 5350 τῆς
1358 5278 1847 5351 ἐφορείας’παντὸς
1899 5284 1996 5338 τοῦ

410 5381 615 5446 μέρους
648 5377 860 5430 ἐκείνου
896 5375 962 5445 δὴ
993 5375 1089 5430 τοῦ
1128 5375 1683 5446 πανυπερσεϐάστου,
1717 5377 1996 5447 μηδεμίαν

410 5468 679 5538 μηδαμῶς
707 5466 996 5522 δικαίωσιν
1034 5468 1250 5538 ἔχοντος
1279 5469 1391 5522 ἀπὸ
1433 5472 1529 5522 τοῦ
1562 5469 1767 5524 σεπτοῦ
1798 5487 1998 5540 χρυσο-

409 5560 636 5613 6ούλλου
662 5560 1034 5629 ἀναφανέντος
1054 5576 1397 5631 μεταπεποιη
1408 5560 1576 5630 μένου
1601 5564 1661 5615 έν
1690 5563 1846 5631 μέρει
1874 5561 1999 5632 τρό-

409 5668 509 5704 πον
532 5651 591 5723 ὃν
623 5634 860 5724 εἴρηται,
889 5652 1067 5717 ἄλλως
1095 5653 1144 5707 θ’
1187 5654 1269 5707 ὅτι
1299 5655 1394 5708 καλ⁵
1428 5657 1455 5707 ὀ
1482 5654 1730 5724 ἀοίδιμος
1767 5658 1860 5707 καὶ
1894 5673 1997 5725 μαι

410 5748 640 5816 καρίτης
674 5746 931 5818 βασιλεὺς
972 5745 1071 5818 τὴν
1117 5748 1381 5803 σύστασιν
1411 5749 1509 5800 καὶ
1537 5747 1637 5815 τὴν
1663 5746 1759 5799 ἐπὶ
1787 5746 1848 5799 τὸ
1877 5745 1998 5816 βέλ-

407 5854 521 5895 τιον
552 5841 778 5912 πρόοδον
834 5843 928 5895 καὶ
972 5840 1269 5911 ψυχωφελῆ
1308 5839 1647 5910 συντήρησιν
1694 5838 1790 5892 τοῦ
1826 5856 1997 5908 μονα-

410 5934 634 6004 στηρίου
686 5936 794 5989 ἀπὸ
833 5934 943 6005 τῆς,
977 5933 1072 5986 τοῦ
1122 5934 1418 6003 εἰρημένου
1464 5935 1994 6005 πανυπερσεόάστου

2096 4728 2369 4799 ὑποϐολῆς
2395 4732 2492 4785 καὶ
2521 4730 2824 4801 βασκανίας
2839 4731 2934 4786 τοῦ
2956 4734 3137 4786 κοινοῦ
3167 4734 3362 4805 ἐχθροῦ
3390 4737 3485 4788 καὶ
3512 4752 3682 4805 προσ-

2094 4821 2276 4874 έκειτο
2334 4823 2605 4893 πρότερον
2636 4826 2957 4897 ἀτοπήμασι
3007 4826 3101 4879 καὶ
3131 4825 3317 4896 ἔργοις
3350 4827 3682 4898 ψυχοδλοόέ-

2097 4930 2203 4979 σιν,
2235 4912 2464 4986 ὕστερον
2504 4916 2561 4970 δὲ
2596 4917 2820 4990 εὐδοκία
2854 4916 2993 4973 Θεοῦ
3032 4920 3142 4973 ἀπὸ
3178 4926 3556 4990 παραινέσεως
3582 4922 3678 4989 τῆς

2098 5008 2259 5076 ἀγίας
2291 5008 2386 5062 τοῦ
2439 5010 2577 5064 Θεοῦ
2623 5010 2974 5082 Ἐκκλησίας,
3016 5011 3110 5065 τοῦ
3141 5012 3323 5067 κοινοῦ
3364 5013 3470 5068 τῶν
3495 5014 3679 5085 ψυχῶν

2102 5100 2365 5170 ἰατρείου,
2394 5101 2456 5154 ού
2493 5103 2655 5171 μόνον
2701 5102 3025 5169 έόδελύξατο
3067 5108 3160 5158 καὶ
3194 5107 3407 5175 ἀπέστη
3450 5106 3676 5159 καθόλου

2096 5194 2205 5247 ἀπ’)
2232 5194 2344 5247 τῶν
2367 5181 2628 5265 τοιούτων
2662 5192 2929 5267 ὀλεθρίων
2962 5196 3237 5267 πράξεων,
3266 5198 3402 5250 ἀλλὰ
3433 5198 3525 5251 καὶ
3554 5195 3676 5266 θερ-

2102 5289 2210 5358 μὴν
2250 5289 2312 5340 ἐκ
2358 5288 2468 5342 τῶν
2500 5288 2680 5358 ἔργων
2727 5287 3031 5354 ἐνεδείξατο
3082 5292 3181 5359 την
3241 5289 3533 5359 μετάνοιαν
3585 5284 3680 5339 καὶ

2097 5381 2399 5447 κατάνυξιν
2424 5384 2519 5434 καὶ
2547 5382 2828 5452 ὁλοψύχως
2885 5383 3119 5453 πρὸςτὶ
3155 5385 3402 5452 κρεῖττον
3435 5384 3682 5449 ἐπιστρο-

2098 5472 2226 5543 φὴν,
2255 5471 2331 5536 ὡς
2365 5475 2461 5526 καὶ
2490 5473 2549 5526 τὸ
2575 5473 2873 5543 μοιαχικδν
2903 5475 3157 5543 ἀσμένως
3193 5471 3679 5544 μεταμφιάσασθαι

2098 5565 2289 5635 σχῆμα
2315 5568 2408 5618 καὶ
2440 5565 2731 5635 ἀγαπῆσαι
2776 5566 2868 5618 τδν
2905 5569 3118 5637 μονήρη
3159 5566 3294 5637 βίον,
3329 5561 3680 5618 εἰσελθοῦσαν

2098 5656 2156 5708 ὲν
2179 5658 2243 5726 τῇ
2280 5656 2554 5726 σεϐασμίᾳ
2587 5658 2727 5727 μονῇ
2754 5656 2850 5709 τοῦ
2886 5658 3092 5727 Περτζὲ
3120 5658 3215 5711 καὶ
3241 5653 3681 5727 ἐπιμελουμένην

2096 5744 2197 5815 τῆς
2226 5745 2465 5817 ψυχικῆς
2490 5748 2663 5816 αὐτῆς
2686 5747 2986 5819 σωτηρίας.
3026 5750 3338 5819 ’Δνενεχθὲν
3368 5748 3425 5800 δὲ
3450 5747 3526 5818 τῷ
3552 5764 3584 5799 κ
3590 5764 3683 5817 ρα-

2097 5838 2266 5909 τίστῳ
2307 5841 2402 5891 καὶ
2462 5839 2604 5909 ἁγίῳ
2666 5828 2769 5910 μου
2810 5841 3175 5913 αὐτοκράτορι
3212 5843 3364 5910 παρὰ
3400 5842 3495 5910 τῆς
3528 5838 3681 5908 ἡμῶν

2103 5933 2458 6005 μετριότητος
2491 5933 2653 5989 ἓνεκα
2697 5937 3042 6007 προμηθείας
3080 5937 3181 6008 τῆς
3214 5937 3475 6009 ρηθείσηέ
3508 5936 3680 6003 Ἀμα-

2860 6093 2895 6152 1
