4046 6466
392 1622 410 1671 “ι

403 1675 413 1721 ι

460 424 605 490 1223

1507 416 1906 480 ΞῩΝΟΒΙῦίΕ
1950 368 2636 479 ϐΟΝὸΤΙΤΠΤΙΟΝΕὸ.

3559 412 3695 477 1324

465 539 569 609 πρὸ
595 535 790 591 τούτου
825 533 1153 606 ᾠκονόμησα
1186 532 1477 602 ἄνθρωπον
1502 532 1669 586 καλὸν
1701 532 1868 586 ἰδικόν
1903 548 2028 600 μου,
2063 534 2108 590 Α
2137 528 2259 592 σίας
2292 530 2619 601 ἐπιϐλέπῃς,
2650 532 2746 583 καὶ
2788 527 2918 603 ἔχῃς
2951 527 3093 598 μετά
3125 528 3346 584 πάντων
3375 524 3483 581 τῶν
3515 529 3700 598 ῥηγῶν

466 632 557 685 καὶ
596 629 902 683 ἀπέστειλα
933 628 1073 697 πρὸς
1107 625 1209 695 τὴν
1244 627 1344 694 σὴν
1392 625 1672 695 ίερότητα,
1714 623 1850 676 διότι
1880 626 1908 676 ὁ
1941 623 2036 691 μέ-

465 739 565 789 γας
600 722 777 792 ρήγας
803 718 1037 788 Λητϐῶν
1074 717 1365 793 ἀπέστειλε
1396 715 1537 785 πρός
1569 732 1636 784 με
1671 714 1912 784 γράμμα
1940 715 2030 765 αὖ·

464 814 578 878 τοῦ,
605 814 702 866 καὶ
735 812 946 881 ἔγραφε
972 810 1166 875 πολλὰ,
1194 809 1285 862 διὰ
1315 808 1475 861 τοῦτο
1506 808 1699 877 ἔκρινα
1726 806 1915 872 καλὸν,
1941 806 2038 860 καὶ

463 905 761 957 ἀπέστειλα
822 900 1112 969 ἄνθρωπόν
1151 917 1253 970 μου
1301 901 1438 968 πρὸς
1493 898 1592 968 τὴν
1642 898 1742 968 σὴν
1778 897 2057 965 ἱερότητα.

467 995 603 1061 μετᾶ
652 993 1004 1062 γραμμάτων
1050 990 1151 1058 τῆς
1200 989 1363 1059 ἡμῶν
1419 989 1796 1059 μετριότητος,
1837 989 1932 1056 ἀφ’
1962 982 2039 1040 ὧν

466 1086 687 1153 μέλλεις
718 1085 1011 1154 γνωρίσειν
1046 1081 1314 1150 ἀκριϐῶς,
1352 1081 1498 1148 άπερ
1536 1078 1778 1147 ἔγραφεν
1805 1079 1834 1131 ὁ
1865 1079 2040 1147 μέγας

466 1180 641 1245 ῥήγας
680 1176 935 1244 Λητεῶν.
979 1175 1374 1245 Ἐξερχομένου
1401 1173 1457 1225 δὲ
1493 1171 1589 1225 τοῦ
1618 1170 1906 1240 ἀνθρώπου
1937 1188 2039 1239 μου

464 1265 629 1336 ἦλθεν
665 1269 775 1319 ἀπὸ
796 1268 892 1320 τοῦ
924 1268 1163 1337 μεγάλου
1194 1266 1361 1337 ρηγδς
1388 1265 1482 1317 τοῦ
1510 1263 1784 1331 Ἰὐφερίου
1817 1261 2040 1332 Μιχαὴλ

466 1360 773 1428 καλόγηρος
803 1361 945 1427 μετὰ
967 1357 1320 1427 γραμμάτων
1362 1356 1574 1408 ἐκείνου
1598 1372 1611 1386 ·
1645 1354 1920 1420 ἐδεξάμην
1945 1350 2042 1407 οὖν

466 1454 533 1502 τι
558 1451 868 1518 γράμματα
893 1450 1089 1512 ταῦτα,
1123 1449 1218 1503 καὶ
1239 1447 1537 1517 ἐγνώρισα,
1568 1447 1669 1499 ὅσα
1691 1463 1782 1515 μοι
1808 1446 2041 1515 ἔγραφεο

469 1542 678 1608 ἔγραφε
727 1540 787 1592 δὲ
825 1541 922 1592 καὶ
957 1538 1125 1601 αὐτὸς
1174 1537 1368 1603 πολλὰ,
1412 1538 1549 1607 πρὸς
1599 1535 1656 1588 δὲ
1710 1537 1824 1598 τοῖς
1862 1534 2045 1598 ἄλλοις

468 1627 673 1695 ἐζήτει,
709 1628 795 1679 ἵνα
826 1629 994 1697 κριθῇ
1034 1626 1130 1679 καὶ
1167 1625 1306 1694 μετὰ
1343 1624 1461 1688 σοῦ,
1506 1623 1574 1677 νά
1598 1623 1730 1697 ἑλθῃ
1756 1625 1790 1694 ή
1829 1624 2044 1694 ίερότης

471 1736 568 1771 σου
619 1718 857 1772 ἐνταῦθα
909 1721 992 1779 είς
1034 1718 1134 1788 τὴν
1168 1717 1408 1779 σύνοδον,
1461 1718 1558 1771 καὶ⁵
1611 1716 1678 1770 νά
1711 1716 1904 1785 πέμψῃ
1949 1715 2066 1784 καὶ,

471 1814 678 1874 ἐκεῖνος
712 1811 983 1881 ἄρχοντάς
1018 1828 1135 1875 του,
1169 1810 1237 1863 νά
1271 1812 1496 1880 γένηται
1545 1809 1748 1879 κρίσις.
1795 1808 1936 1877 Ἐγὼ
1962 1809 2040 1873 δὲ,

472 1904 594 1965 πῶς
737 1869 986 1967 δύνατδν,
1042 1869 1131 1955 ἵνα
1176 1902 1253 1973 μὴ
1282 1869 1462 1954 ’δώσω
1496 1869 1648 1970 αύτῷ
1681 1869 1900 1970 κρίσινς
1945 1869 2047 1953 Διά
2076 1869 2120 1929 Β

473 1995 633 2048 τοῦτο
659 1994 876 2064 ἔγραψα
897 1993 1034 2063 πρὸς
1059 1994 1161 2061 τὴν
1192 1992 1292 2063 σὴν
1321 1992 1578 2062 ίερότητα
1606 1990 1744 2061 μετὰ
1767 1990 1863 2043 τοῦ
1882 1991 2051 2062 προρ-

478 2088 737 2156 ρηθέντος
766 2085 1079 2157 ἀνθρώπου,
1126 2085 1312 2148 καθὼς
1361 2085 1578 2155 μέλλεις
1611 2084 1906 2154 γνωρίσειν
1939 2082 2052 2136 ἀπὸ

478 2184 587 2235 τῶν
618 2181 847 2251 γραφῶν
895 2197 1018 2248 μου,
1052 2179 1086 2248 ἢ
1138 2180 1226 2231 ἴνα
1258 2178 1419 2251 ἔλθῃς
1477 2180 1542 2231 σὺ
1584 2177 1843 2237 ἐνταῦθα,
1890 2175 2051 2245 εἴπερ

475 2273 552 2326 ἔνι
586 2272 838 2333 δυνατὸν.
874 2272 906 2341 ἢ
940 2271 1169 2343 πέμψῃς
1190 2271 1463 2340 ἄρχοντάς
1498 2286 1617 2332 σου,
1652 2268 1847 2340 πέμψῃ
1871 2267 1929 2321 δὲ
1956 2268 2051 2320 καὶ⁵

473 2367 684 2427 ἐκεῖνος
715 2364 919 2426 ίδικούς
948 2381 1045 2417 του
1076 2364 1369 2434 ἄρχοντας,
1397 2364 1494 2416 καὶ
1521 2364 1752 2432 γένηται
1779 2362 1811 2431 ή
1846 2361 2047 2432 κρίσις

474 2460 571 2511 νῦν
623 2460 702 2523 δέ,
767 2459 1015 2522 ἐλθόντος
1054 2458 1150 2511 τοῦ
1204 2455 1500 2528 ἀνθρώπου
1559 2474 1657 2510 σου
1709 2459 1803 2511 τοῦ
1846 2455 2053 2510 Ἀϐδα-

475 2553 642 2620 κοὺμ,
679 2552 959 2620 ἐγνώρισα
1009 2553 1100 2606 καὶ
1130 2551 1239 2605 ἀπὸ
1286 2552 1384 2621 τῆς
1414 2551 1637 2621 γραφῆς
1686 2567 1782 2603 σου
1820 2550 1912 2603 καὶ
1943 2550 2053 2603 ἀπὸ

471 2643 569 2696 τοῦ
626 2644 893 2713 στόματος
954 2645 1174 2709 τούτου,
1234 2644 1338 2697 ὅσα
1390 2644 1628 2714 ἔγραφες
1666 2641 1781 2697 καὶε
1809 2640 2048 2712 ἐζήτεις.

488 2736 631 2801 Ἐγὼ
676 2736 733 2788 δὲ
759 2778 772 2799 ,
845 2735 1189 2805 μιμούμενος
1243 2738 1335 2789 τὸν
1380 2730 1753 2805 εἰρηνοποιὸν
1791 2735 2052 2803 Χριστὸν,

480 2826 683 2896 γράφω
713 2827 808 2878 καὶ
842 2826 1301 2896 παρακελεύομαι
1351 2827 1488 2896 πρὸς
1531 2826 1613 2890 σὲ,
1649 2826 1733 2878 ὄτι
1770 2826 1926 2878 οὐδέν
1965 2843 2055 2895 μοι

478 2918 733 2986 φαίνεται
772 2917 959 2978 καλὸν,
1000 2920 1087 2970 ἶνα
1121 2918 1253 2988 ἔχῃς
1291 2918 1431 2986 μετά
1471 2919 1567 2971 τοῦ
1619 2920 1785 2987 ρηγδς
1815 2919 1910 2971 τοῦ
1949 2920 2059 2972 Τυ-

480 3011 673 3080 φερίου
705 3009 801 3063 τοῦ
839 3009 1064 3079 Μιχαὴλ
1111 3010 1389 3064 σκάνδαλα
1424 3012 1516 3062 καὶ
1548 3011 1820 3082 ὀχλήσεις,
1859 3012 1953 3064 καὶ
1991 3013 2055 3065 νά

480 3103 718 3171 ἔρχεσθε
753 3103 834 3164 είς
881 3103 1086 3173 κρίσιν,
1130 3102 1265 3156 ἀλλὰ
1286 3104 1359 3163 ὼς
1382 3105 1568 3174 πατὴρ
1599 3107 1692 3157 καὶ
1738 3105 2057 3169 διδάσκαλος

483 3194 810 3258 σπούδασον,
852 3194 938 3247 ἵνα
979 3194 1306 3269 είρηνεύσῃς
1358 3197 1476 3265 μετ’
1509 3196 1700 3259 αὐτοῦ,
1748 3198 1842 3250 καὶ
1891 3198 2048 3269 είπερ
2076 3215 2120 3274 ο

482 3284 708 3334 ἔπταισε
748 3283 843 3335 καὶ
871 3284 1083 3349 τίποτε,
1119 3284 1184 3337 σὺ
1216 3284 1293 3347 ὡς
1337 3286 1523 3355 πατὴρ
1556 3286 1914 3358 συγχώρησον
1959 3292 2056 3343 καί

482 3376 825 3429 ἀνακάλεσον
852 3378 1017 3430 αὑτὸν
1036 3379 1119 3442 ὡς
1146 3379 1262 3432 υίόν
1290 3397 1408 3445 σου,
1445 3382 1540 3433 καὶ
1573 3381 1665 3451 ἔχε
1694 3383 1790 3435 καὶ
1816 3383 1934 3453 μετ’
1961 3385 2059 3436 αὺ-

482 3465 581 3531 τοῦ
606 3468 853 3536 εἱρήνην,
892 3466 1083 3537 ὥ-ιπερ
1115 3469 1261 3539 ἔχεις
1301 3472 1394 3522 καὶ
1433 3470 1574 3540 μετά
1598 3470 1707 3523 τῶν
1746 3472 1924 3525 ἄλλων
1955 3474 2055 3543 ρη-

483 3560 617 3624 γιῦν.
649 3559 850 3612 Μέλλει
876 3560 937 3614 δὲ
964 3562 1029 3614 νὰ
1059 3563 1266 3635 ποιήσῃ
1298 3562 1397 3617 ’καὶ
1420 3563 1584 3627 αὐτὸς
1630 3565 1926 3634 μετάνοιαν
1965 3567 2059 3619 καὶ

485 3655 550 3702 vi
607 3652 820 3724 ζητήσῃ
874 3652 1249 3725 συγχώρησιν,
1283 3654 1469 3719 καθὼς
1513 3654 1626 3724 ἐγὼ
1677 3657 1874 3726 γράφω
1923 3658 2061 3726 πρὸς

460 3742 671 3811 καύτόν.
704 3742 879 3797 Τοῦτό
940 3760 1032 3815 μοι
1071 3746 1223 3798 δοκεῖ
1265 3744 1430 3799 καλὸν
1481 3748 1576 3800 καὶ
1625 3748 1933 3819 συμφέρον,
1967 3752 2062 3803 καὶ

481 3840 629 3893 οὕτω
653 3840 896 3908 γενέσθω
927 3842 1058 3895 ἀνευ
1101 3841 1253 3905 τινὸς
1296 3841 1486 3910 λόγου.
1517 3840 1582 3895 El
1611 3841 1657 3896 δ’
1708 3843 1768 3896 οὑ
1804 3842 2060 3912 βούλεσθε

486 3932 666 3995 τοῦτο,
703 3933 924 4004 ζητεῖτε
955 3932 1018 3987 δὲ
1044 3933 1249 4003 κρίσιν,
1281 3930 1394 4001 ἐγὼ
1421 3931 1522 4001 τήν
1552 3932 1738 4002 κρίσιν
1764 3933 1919 3987 οὐδὲν
1949 3950 2059 3987 κοι-

485 4025 622 4079 λύω.
677 4026 983 4094 Προσέχετε
1027 4025 1106 4091 δὲ,
1147 4027 1345 4095 μήπως
1383 4027 1529 4095 φανῇ
1585 4025 1663 4087 είς
1716 4024 1868 4095 ὑμᾶς’
1896 4023 2061 4094 βαρύ.

499 4119 561 4171 Ἠ
597 4117 890 4186 μετριότης
917 4118 1097 4188 ήμῶν,
1135 4116 1319 4179 καθὼς
1368 4111 1548 4183 εἶπον,
1581 4115 1790 4187 ἔγραψε
1821 4122 2063 4187 γράμμα

486 4207 624 4273 «pb;
651 4206 744 4259 τὸν
784 4208 928 4276 ῥῆγα
974 4210 1067 4260 τὸν
1107 4206 1385 4276 Τυφερίου
1433 4207 1676 4276 Μιχαὴλ,
1726 4207 1822 4260 καὶ
1857 4207 2064 4276 πέμπω

486 4298 651 4350 τοῦτο
692 4298 835 4362 μετὰ
857 4296 954 4350 τοῦ
984 4297 1278 4366 ἀνθρώπου
1319 4314 1437 4362 σου,
1462 4296 1558 4349 τοῦ
1605 4297 1941 4365 Ἀῦὸακοὺμ,
1962 4294 2065 4351 ’καὶ

488 4389 733 4457 ὁπηνίκα
762 4388 891 4459 ἐλθῃ
917 4388 997 4451 είς
1030 4388 1130 4452 τὰς
1161 4388 1350 4458 χεῖράς
1379 4406 1501 4454 σου,
1527 4388 1617 4452 δὸς
1651 4390 1784 4442 αὐτὸ
1811 4393 1948 4459 πρὸς
1976 4388 2065 4441 τὸν

438 4472 441 4477 ’
491 4481 784 4550 ἄνθρωπόν
842 4498 972 4550 μου,
1016 4479 1078 4534 ὃν
1112 4480 1413 4534 ἀπέστειλα
1462 4479 1651 4535 αὑτοῦ.
1684 4483 1784 4544 Δὶς
1812 4481 1870 4534 δὲ
1917 4480 2066 4550 αὺτῷ

467 5927 485 5941 θ

427 5968 477 5997 δι’

488 4663 660 4718 αὑτοῦ
690 4666 774 4728 είς
811 4665 1047 4730 ἐκεῖνον,
1078 4664 1142 4719 νά
1175 4665 1267 4718 τὸν
1295 4664 1442 4737 δείξῃ
1484 4665 1579 4718 καὶ
1604 4664 1665 4717 τὸ
1712 4664 1928 4735 πρῶτόν
1963 4682 2065 4731 μου

487 4759 728 4827 γράμμα
775 4755 1078 4823 καὶτοῦτο,
1109 4757 1138 4809 ὃ
1190 4756 1390 4827 γράφω
1415 4756 1511 4810 νῦν
1557 4757 1694 4827 πρὸς
1740 4755 1904 4809 αὐτὸν
1935 4756 2069 4827 περὶ

487 4851 739 4919 εἰρήνης,
782 4848 848 4901 νά
890 4847 984 4902 τὸν
1012 4850 1144 4920 εἴπῃ
1185 4849 1242 4902 δέ
1282 4886 1296 4902 .
1332 4888 1347 4905 .
1379 4888 1394 4903 .
1425 4848 1521 4902 κοιλ⁵
1554 4847 1770 4916 λόγους,
1819 4845 1963 4903 ὥστε
2002 4849 2069 4900 νά

489 4939 620 5008 ἔλθῃ
660 4939 740 5001 είς
775 4939 1071 5009 μετάνοιαν
1101 4940 1196 4992 καὶ
1231 4939 1484 5010 εἰρήνην,
1520 4939 1612 4992 καὶ
1645 4937 1856 5010 θαρρῶ,
1882 4939 1966 4992 ὅτι
2003 4937 2066 4991 οὐ

493 5032 571 5100 μὴ
608 5031 810 5105 ποιήσῃ
853 5031 1048 5098 άλλως,
1084 5033 1221 5085 ἀλλὰ
1270 5033 1344 5094 ὡς
1378 5031 1446 5085 ἂν
1479 5033 1678 5101 γράφω
1717 5031 1853 5101 πρὸς
1879 5031 2065 5085 αὐτόν.

499 5123 568 5176 'll
629 5125 845 5195 ίερότης
902 5141 998 5177 σου
1043 5122 1340 5197 γινώσκεις
1389 5123 1659 5193 ἀκριϐῶς,
1713 5124 1817 5188 ὅτι,
1866 5122 1955 5175 ὅτε
2009 5139 2069 5174 σε

493 5219 1009 5287 ἐχειροτονήσαμεν,
1061 5215 1276 5269 Κυέσου
1308 5214 1403 5267 καὶ
1453 5215 1633 5284 πάσης
1673 5212 1905 5276 Ῥωσίας
1967 5231 2072 5284 μη-

494 5310 822 5379 τροπολξτην
874 5307 1394 5376 ἐχειροτονήσσμεν,
1442 5305 1540 5376 οὐχ
1577 5305 1697 5367 ἐνὸς
1743 5305 1799 5357 δὲ
1845 5306 2068 5376 μέρους,

495 5402 631 5455 ἀλλὰ
667 5402 848 5469 πάσης
892 5400 994 5468 τῆς
1040 5399 1296 5461 Ῥωσίας.
1329 5398 1444 5451 Νῦν
1476 5398 1535 5452 δέ
1587 5396 1792 5463 ἀκούω,
1837 5399 1919 5451 ὅτι
1946 5397 2072 5451 οὔτε

497 5494 576 5553 εἰς
625 5490 685 5543 τὸ
741 5488 955 5542 Κύεόον
992 5487 1246 5553 ὑπάγεις,
1284 5485 1397 5540 οὔτ’
1426 5488 1504 5550 είς
1539 5487 1638 5556 τὴν
1683 5487 1927 5556 Λητὸἄν,
1957 5487 2072 5541 ἀλλ’

495 5589 576 5646 είς
626 5583 686 5635 ἓν
735 5582 928 5651 μέρος,
954 5581 1014 5633 τὸ
1053 5580 1110 5633 δέ
1157 5579 1318 5645 ᾷλλον
1350 5580 1560 5650 ἀφῆκες
1610 5581 1950 5650 ἀποίμαντον
1984 5580 2073 5633 καὶ

498 5678 671 5742 χωρὶς
699 5668 1044 5740 ἐπισκέψεως
1072 5672 1169 5726 καὶ
1214 5671 1570 5735 διδασκαλίας
1611 5674 1909 5740 πατρικῆς,
1936 5672 2075 5739 ὅπερ

497 5763 579 5815 ένι
614 5766 751 5835 βαρὺ
786 5765 879 5818 καὶ
906 5765 1012 5831 ἔξω
1042 5767 1141 5837 τῆς
1190 5767 1546 5837 παραδόσεως
1580 5764 1687 5818 τῶν
1724 5764 1887 5830 ίερῶν
1917 5767 2076 5813 κανο-

501 5872 626 5911 νων.
662 5857 884 5911 Δίκαιον
940 5857 995 5913 δὲ
1032 5859 1131 5929 ἔνι,
1165 5860 1253 5914 ἵνα
1307 5860 1401 5912 καὶ
1431 5860 1531 5927 τὴν
1567 5857 1668 5926 γῆν
1722 5857 1899 5923 πάσης
1939 5852 2075 5904 Ῥω·

2136 621 2360 689 ἀγάπην
2399 622 2496 673 καὶ
2517 619 2765 674 διάθεσιν
2799 620 3097 691 πατρικὴν,
3128 621 3222 673 καὶ
3254 620 3473 691 ἀγαπᾷς
3505 621 3700 683 αὐτοὺς

2136 712 2360 780 ὁμοίως,
2383 714 2473 765 καὶ
2496 711 2750 784 δεικνύῃς
2772 713 2850 775 είς
2875 712 3074 775 αὐτοὺς
3094 712 3195 779 τὴν
3217 706 3384 782 αὺ¹τὴν
3401 712 3494 764 καὶ
3510 713 3700 779 ὁμοίαν

2137 804 2383 858 διάθεσιν
2435 805 2530 857 καὶ
2564 805 2855 871 εὐμένειαν
2898 807 2993 857 καὶ
3036 806 3277 871 ἀγάπην,
3306 804 3398 858 καὶ
3436 804 3509 873 μή
3552 821 3702 866 τινας

2140 895 2201 958 ἐξ
2232 895 2412 948 αὐτῶν
2457 897 2678 963 ἀγαπᾷς
2714 896 2809 948 καὶ
2853 895 2983 969 ἔχῃς
3012 896 3091 957 ὡς
3137 894 3288 956 υίούς
3332 911 3444 959 σου,
3490 895 3614 957 τοὺς
3642 894 3702 948 δὲ

2142 989 2295 1043 οὐδὲν
2320 992 2564 1059 ἀγαπᾷς,
2601 989 2719 1044 ἀλλ’
2765 989 2895 1060 ἔχῃς
2927 988 3136 1051 πάντας
3173 987 3372 1058 ὁμοίως
3401 987 3549 1051 υἱούς
3583 1004 3701 1051 σου,

2143 1081 2236 1135 καὶ
2272 1083 2490 1152 ἀγαπᾷς
2523 1083 2730 1145 πάντας
2764 1082 2966 1149 ὁμοίως
2987 1094 3002 1110 °
3035 1081 3130 1133 καὶ
3157 1081 3298 1134 οὕτω
3332 1080 3581 1150 μέλλουσι
3609 1085 3703 1134 καὶ
3798 1144 3807 1149 _

2143 1172 2303 1225 αὐτοὶ
2330 1173 2531 1225 διδόναι
2566 1173 2705 1242 πρός
2741 1188 2801 1224 σε
2835 1173 3051 1226 εῦνοιαν
3082 1174 3175 1225 καὶ
3204 1173 3426 1241 ἀγάπην
3454 1173 3545 1225 καὶ
3572 1172 3704 1224 ὑπο-

2145 1266 2321 1335 ταγὴν
2371 1265 2575 1334 πολλὴν
2623 1268 2723 1318 καὶ
2767 1266 3049 1335 μεγάλην
3090 1264 3304 1335 μέλλεις
3355 1264 3410 1317 δέ
3441 1262 3582 1333 ἔχειν
3611 1266 3703 1316 καὶ.

2144 1356 2245 1427 τὴν
2266 1357 2418 1426 παρά
2439 1356 2577 1409 Θεοῦ
2605 1357 2883 1426 βοήθειαν.
2910 1344 3148 1411 Γίνωσκε
3166 1356 3245 1420 δέ,
3267 1357 3349 1409 ὅτι
3369 1356 3476 1423 ἐγὼ
3495 1356 3703 1425 ἔγραψα

2145 1450 2246 1500 καὶ
2302 1448 2440 1516 πρὸς
2490 1448 2581 1500 τὸν
2634 1449 2811 1516 μέγαν
2868 1449 3015 1516 ῥῆγα
3049 1449 3157 1501 τῶν
3205 1447 3450 1519 Δητϐὦν,
3506 1449 3591 1502 ἵνα
3641 1465 3702 1500 σε

2147 1539 2340 1609 ἀγαπᾷ
2372 1539 2469 1592 καὶ
2493 1541 2633 1608 τιμᾷ
2669 1540 2813 1593 κατά
2845 1542 2942 1611 τὴν
2978 1539 3218 1594 παλαιὰν
3266 1538 3571 1609 συνήθειαν,
3600 1555 3704 1592 κα-

2149 1629 2259 1695 θὼς
2291 1632 2387 1684 καὶ
2411 1633 2461 1686 οἱ
2493 1631 2644 1686 ἄλλοι
2687 1632 2857 1701 ρῆγες
2886 1633 2986 1701 τῆς
3023 1631 3276 1693 Ῥωσίας,
3326 1631 3419 1685 καὶ
3451 1632 3536 1684 ὅτε
3564 1632 3700 1685 ὑπά-

2147 1739 2266 1792 γεις
2304 1724 2385 1786 είς
2415 1725 2510 1776 τὸν
2547 1725 2718 1777 τόπον
2746 1723 2937 1788 αὐτοῦ,
2967 1723 3035 1777 νά
3073 1723 3299 1796 δεικνύῃ
3330 1724 3411 1787 είς
3450 1723 3511 1776 σέ
3536 1726 3699 1793 τιμὴν

2148 1815 2243 1867 καὶ
2280 1813 2517 1884 στοργὴν
2545 1816 2640 1868 καὶ
2669 1815 2896 1885 ἀγάπην
2927 1812 3148 1886 πολλὴν,
3183 1817 3279 1868 καὶ
3303 1815 3372 1869 νά
3400 1818 3700 1885 περιπατῇς

2150 1904 2366 1959 καὶτὸν
2400 1906 2569 1959 τόπον
2617 1906 2783 1961 αὑτοῦ
2820 1908 3043 1974 ἀὸαρῶς
3092 1907 3187 1962 καὶ
3218 1908 3305 1973 σὺ,
3338 1907 3460 1961 ὅσον
3490 1907 3563 1960 ἔνι
3608 1907 3701 1960 δυο

2148 1995 2335 2053 νατόν.
2386 1996 2721 2061 Σπούδασον,
2755 1999 2847 2051 ἵνα
2875 1998 3004 2068 ἔχῃς
3049 1999 3131 2062 είς
3162 1998 3322 2051 αὐτὸν
3367 1998 3584 2068 ἀγάπην
3609 1999 3703 2051 καὶ

2150 2085 2414 2151 διάθεσιν,
2459 2089 2553 2141 καὶ
2598 2089 2730 2160 ἔχῃς
2759 2092 2855 2144 καὶ
2885 2091 3070 2156 αὑτὸν,
3125 2089 3314 2159 ὥσπερ
3342 2091 3468 2153 τοὺς
3518 2090 3707 2153 ἄλλους

2154 2179 2332 2249 ρἧας
2354 2197 2367 2212 ·
2403 2180 2540 2234 διότι
2570 2183 2599 2235 ό
2623 2182 2719 2235 τοῦ
2757 2183 2965 2252 Κυρίου
2996 2182 3125 2246 λαὸς
3163 2187 3190 2236 ό
3221 2184 3626 2253 Χριστώνυμος,
3649 2185 3707 2246 ὃς

2152 2272 2470 2339 εὑρίσκεται
2518 2271 2625 2325 ὑπὸ
2654 2274 2754 2340 τὴν
2803 2272 2976 2344 ἀρχὴν
3008 2273 3199 2339 αὐτοῦ,
3240 2272 3340 2341 τῆς
3384 2274 3483 2343 σῆς
3510 2273 3707 2343 ⁸χρῄζει

2155 2364 2501 2434 ἐπισκέψεως
2542 2366 2639 2418 καὶ
2677 2364 3029 2429 διδασκαλίας
3052 2382 3065 2395 ·
3102 2366 3198 2419 καὶ
3235 2367 3310 2420 ἔνι
3350 2367 3706 2432 ἀναγκαιότα-

2153 2470 2267 2518 τον,
2301 2453 2389 2508 ἵνα
2435 2455 2565 2525 ἔχῃς
2602 2453 2722 2525 μετ’
2758 2455 2926 2509 αὐτοῦ
2976 2456 3221 2526 ἀγάπην,
3260 2457 3346 2511 ἵνα
3396 2455 3592 2528 βλέπῃς
3616 2458 3710 2509 καὶ

2153 2543 2320 2596 αὑτὸν
2356 2545 2452 2598 καὶ
2483 2544 2577 2599 τὸν
2618 2544 2747 2598 λαὸν
2778 2546 2875 2599 τοῦ
2907 2545 3043 2600 Θεοῦ
3076 2548 3141 2601 νά
3169 2548 3258 2600 τὸν
3298 2548 3568 2617 διδάσκῃς.
3603 2550 3712 2602 Καὶ

2155 2637 2303 2689 ποίει
2331 2634 2492 2690 τοῦτο
2526 2639 2666 2706 μετὰ
2692 2638 2875 2708 πάσης
2919 2656 3013 2691 σου
3046 2639 3330 2710 δυνάμεως
3359 2642 3525 2711 χωρὶς
3557 2641 3709 2707 λόγου

2154 2730 2297 2793 τινός
2319 2747 2331 2760 ο
2369 2731 2500 2802 περὶ
2536 2731 2593 2784 δὲ
2625 2732 2735 2786 τῶν
2777 2734 2983 2786 λοιπῶν
3014 2733 3218 2806 ἔγραψέ
3256 2752 3338 2787 σοι
3385 2734 3712 2802 πλατύτερον

2155 2824 2188 2890 ή
2216 2823 2507 2893 μετριότης
2525 2825 2685 2893 ήμῶν
2707 2824 2844 2894 μετά
2866 2824 2962 2879 τοῦ
2978 2825 3269 2894 ἀνθρώπου
3296 2843 3398 2895 μου
3412 2826 3505 2880 τοῦ
3539 2827 3712 2879 Ἰωάν-

2158 2931 2277 2980 νου,
2315 2915 2412 2968 καὶ
2440 2917 2661 2986 μέλλεις
2686 2907 2981 2988 γνωρίσειν
3012 2917 3185 2972 ταῦτα
3227 2918 3487 2988 ἀκριϐῶς.

2156 3066 2252 3123 ιχ.
2285 3066 2590 3140 Imperator
2609 3078 2783 3124 monet
2812 3072 3199 3141 patriam/29m,
3242 3079 3297 3123 ιιι
3323 3071 3567 3141 dijudicet
3590 3087 3715 3125 cau-

2544 3155 2661 3194 sam
2690 3140 3037 3209 metropoliue
3069 3139 3341 3197 Caesarem.

2160 3371 2501 3441 πατριάρχα.
2547 3370 2614 3424 Ἦ
2642 3372 2893 3441 βασιλεία
2932 3390 3032 3441 μου
3075 3374 3393 3445 ἐγνώρισεν,
3421 3377 3496 3439 ὡς
3524 3377 3553 3429 ό
3580 3378 3711 3431 Και-

2161 3461 2391 3532 σαρείας
2451 3464 2855 3529 Καππαδοκίας
2881 3466 3184 3530 ’Βασίλειος
3212 3470 3241 3520 ό
3274 3468 3623 3536 Καραντηνδς
3656 3472 3716 3520 ἐκ

2160 3555 2469 3625 κακοήθους
2503 3556 2681 3627 ψυχῆς
2733 3560 2828 3610 καὶ
2859 3558 3090 3629 γνώμης
3122 3559 3381 3628 θρασείας
3430 3560 3718 3629 ἐποιήσατο

2160 3643 2409 3698 λιϐέλλου
2449 3646 2620 3713 δόσιν,
2669 3648 2736 3718 ἢν
2770 3649 3093 3717 ἐποιήσατο,
3140 3649 3421 3720 προσεχῶς
3453 3651 3586 3719 πρὸς
3622 3653 3720 3716 τὴν

2164 3734 2451 3804 βασιλείαν
2480 3754 2581 3807 μου
2609 3739 2754 3792 κατά
2775 3740 2875 3807 τῆς
2904 3739 3216 3809 ἁγιωσύνης
3242 3758 3331 3793 σου
3358 3758 3372 3772 ο
3408 3742 3714 3810 ἐνεχόμενος

2162 3831 2272 3897 γὰρ
2326 3830 2406 3892 είς
2468 3833 2653 3899 κρίσιν
2712 3833 3029 3904 συνοδικήν,
3081 3834 3221 3905 ὑπὲρ
3262 3815 3717 3903 ὦνιαίτιᾶμάτων

2164 3918 2378 3988 ὑπῆρχε
2445 3921 2970 3987 κατηγορούμενος,
3043 3922 3173 3990 πρὶν
3232 3920 3597 3975 ἀποδύσασθαι
3650 3920 3714 3971 τὰ

2163 4009 2511 4080 ἐγκλήματα,
2545 4016 2676 4080 πρὶν
2705 4013 2803 4082 τὴν
2830 4012 2938 4066 ἀπὸ
2965 4015 3065 4082 τῆς
3108 4013 3421 4082 ἁγιωσύνης
3451 4029 3545 4065 σου
3567 4012 3716 4078 αἰτή-

2165 4103 2366 4155 σασθαι
2402 4101 2610 4155 ἔνδοσιν
2653 4104 2794 4156 κατά
2821 4102 2883 4156 τὸ
2919 4106 3028 4165 τοῖς
3082 4104 3249 4173 ίεροῖς
3293 4106 3480 4156 κανόσι
3509 4101 3712 4160 δοκοῦν,

2165 4191 2304 4261 πρὸς
2333 4192 2505 4261 αὐτὴν
2534 4193 2633 4263 τὴν
2684 4193 2967 4261 βασιλείαν
2999 4210 3103 4262 μου
3138 4195 3433 4264 ἐκδραμεῖν
3473 4192 3718 4247 ἐϐουλεύ·

2167 4299 2322 4346 σατο,
2356 4284 2600 4354 σκυλμδν
2650 4285 2955 4356 ἐμποιῆσαι
2988 4288 3055 4355 τῇ
3097 4286 3389 4355 ἀνακρίσει
3412 4284 3571 4338 αὑτοῦ
3618 4300 3721 4353 μη-

2166 4375 2485 4445 χανώμενος
2512 4390 2526 4406 ⁶
2583 4376 2723 4430 ἀλλά
2753 4377 2857 4443 τῆς
2886 4378 3260 4447 ἐγχειρήσεως
3305 4378 3403 4432 οὐκ
3453 4375 3720 4429 ἀπώνατο.

2164 4465 2257 4536 Μὴ
2288 4465 2561 4533 ἀγνοοῦσα
2587 4467 2696 4536 γὰρ
2725 4468 2756 4537 ή
2785 4466 3032 4537 βασιλεία
3061 4483 3185 4533 μου,
3207 4467 3291 4520 ὅτι
3320 4466 3423 4519 ὑπί,
3446 4464 3727 4526 κανονικάς

401 4571 432 4642 ἰ
489 4573 586 4627 καὶ
624 4571 915 4643 ἄνθρωπόν
975 4588 1070 4625 σου
1128 4572 1534 4643 δραγουμάνον,
1588 4572 1677 4626 ἵνα
1718 4572 1905 4644 ὑπάγῃ
1949 4560 2146 4642 μετἸ)
2174 4557 2403 4619 εὐθύνας
2460 4558 2728 4627 ἐμπίπτει
2781 4561 2848 4611 ἐκ
2894 4557 3161 4611 τούτωνό
3219 4558 3569 4626 Καισαρείας,
3611 4557 3725 4608 τότε

2178 4651 2277 4718 μὲν
2308 4650 2466 4702 κενὸν
2493 4651 2586 4703 καὶ
2617 4650 2905 4719 ἄπρακτον
2934 4650 3099 4702 αὑτὸν
3137 4648 3521 4717 ἀπεπέμψατο,
3554 4647 3645 4698 νῦν
3670 4646 3726 4697 δὲ

2175 4741 2274 4795 καὶ
2331 4742 2531 4804 αὐτοὺς
2562 4742 2691 4804 τοὺς
2746 4742 2927 4811 ίεροὺς
2975 4741 3207 4803 κανόνας
3255 4736 3728 4810 παρρησιάσασθαι
3786 4734 3801 4748 ⁵

2179 4831 2453 4902 βούλεται,
2507 4831 2629 4885 ὅθεν
2666 4832 2762 4885 καὶ
2810 4832 3116 4901 παραδηλοί
3158 4833 3226 4901 τῇ
3262 4829 3539 4899 ἁγιωσύνῃ
3566 4844 3654 4880 σου
3696 4828 3727 4892 ή

2181 4924 2429 4994 βασιλεία
2464 4941 2590 4994 μου,
2625 4924 2699 4988 ὠς
2732 4925 2800 4979 ἂν
2830 4924 2925 4976 ἐπὶ
2960 4922 3275 4978 συνελεύσει
3303 4922 3416 4976 τῶν
3446 4918 3727 4989 ἐνδημούν·

2178 5035 2289 5070 των
2340 5020 2399 5070 ἐν
2445 5021 2513 5091 τῇ
2545 5019 2756 5088 Νικαίᾳ
2811 5019 3124 5089 ἱερωτάτων
3175 5016 3499 5085 ἀρχιερέων,
3532 5015 3639 5067 ὅσοι
3665 5012 3728 5081 δή

2182 5123 2313 5159 ποτε
2339 5108 2405 5159 ἂν
2445 5110 2540 5160 καὶ
2568 5102 2691 5173 ὦσι,
2724 5106 2827 5160 κᾶν
2866 5106 2995 5168 ἴσως
3025 5106 3120 5157 καὶ
3150 5103 3243 5157 τοῦ
3290 5102 3732 5170 κεκανονισμὲνου

2181 5199 2421 5268 ἀριθμοῦ
2459 5199 2783 5260 ἀποδειυτιν,
2817 5196 3225 5264 συγκαλέσηται
3261 5195 3356 5247 καὶ
3386 5193 3475 5245 τὸν
3515 5189 3731 5259 ίερώτι-

2182 5312 2270 5349 τον
2322 5297 2671 5365 πατριάρχην
2724 5292 3064 5353 θεουπόλεως
3116 5289 3359 5360 μεγάλης
3418 5288 3731 5356 Ἀντιοχείας

2185 5388 2323 5457 μετά
2364 5387 2473 5440 τῶν
2502 5386 2628 5455 ἄρτι
2662 5386 2933 5439 συνόντων
2981 5384 3131 5453 αὐτῷ
3157 5382 3299 5438 κατά
3336 5381 3566 5434 Νίκαιαν
3619 5380 3736 5428 ἐπι-

2184 5481 2427 5544 σκόπων,
2457 5484 2550 5531 καὶ
2577 5476 3105 5545 συνδιασκεψάμενοι
3147 5476 3297 5543 κοινῇ
3326 5474 3421 5533 τὰς
3457 5469 3733 5529 κανονικὰς

2179 5570 2806 5637 διατάξεις,·ᾲκόλουθον
2850 5571 3040 5631 αὑταῖς
3094 5563 3351 5636 περὶτοῦ
3401 5559 3731 5628 Καισαρείας

2180 5664 2511 5729 ἐξενέγκητε
2535 5662 2740 5731 ψῆφον,
2774 5661 2897 5730 ἥτις
2927 5660 3401 5726 ἐπιγνωσθήσεται
3432 5652 3527 5704 κα).
3548 5652 3613 5719 τῇ
3642 5647 3733 5716 βα-

2182 5757 2364 5823 σιλείᾳ
2392 5773 2516 5823 μου.

2294 5844 2433 5914 Εἶχε
2475 5848 2573 5899 τό·
2609 5845 2766 5913 Μηνὶ
2832 5845 3157 5912 Ὀκτωϐρίῳ
3215 5840 3326 5895 ἰνδ.
3388 5836 3444 5901 ς’
3488 5835 3559 5889 δι’
3606 5832 3739 5900 ἐδου-

2854 6066 2861 6073 ’
2913 6100 2943 6151 ι
