4046 6450
369 395 504 463 ms

1208 415 1554 476 CALLISTI
1586 414 1685 476 ΕΤ
1709 407 2130 474 PlllLOTHEI
2171 408 2281 470 CP.
2320 407 2781 472 PATRIAHCH.

3458 401 3589 465 1326

355 524 514 594 θρῶν
546 524 900 596 γραμμάτων
927 523 1039 594 τῆς
1077 525 1414 594 βασιλικῆς
1460 526 1557 580 καί
1589 526 1753 592 θείας
1798 539 1919 592 χει·
1948 524 1992 580 Α
2023 537 2107 572 σιν
2167 519 2540 590 ὑφορώμενος,
2606 521 2743 588 μήτε
2797 516 2895 586 τὴν
2945 519 3055 570 ἀπο
3107 518 3215 571 τῶν
3280 516 3591 587 ἀνθρώπων

354 619 453 685 ρός
467 657 480 671 .

425 801 493 853 1-1.
531 798 573 869 -ι-
606 798 667 852 '0
700 797 1005 865 ἀγιὼτατος
1057 796 1400 866 πατριάρχης
1451 795 1785 857 θεουπόλεως
1822 813 1922 864 με-

354 891 530 959 γάλης
570 891 900 958 ’Λντιοχείας
937 890 1063 960 ἔφη,
1086 890 1159 953 ὡς
1192 894 1219 943 ὀ
1249 890 1611 958 Καισαρείας,
1644 889 1740 940 ἐὰν
1772 887 1924 940 ἐλευ-

359 978 527 1048 θέραν
556 980 654 1047 τὴν
687 980 996 1047 συνείδησιν
1035 981 1128 1032 καὶ
1176 980 1599 1047 ἀκατάγνωστον
1649 976 1797 1048 εἶχεν
1828 976 1924 1044 ἀφ’

355 1065 432 1122 ὧν
465 1067 761 1138 ἐνεκλήθη,
794 1071 1087 1140 ὑπέμεινεν
1128 1070 1194 1123 ἂν
1220 1071 1318 1137 τὴν
1364 1069 1647 1138 συνοδικὴν
1704 1069 1924 1135 κατεξέ-

353 1176 536 1224 τασιν,
573 1162 687 1215 Νῦν
735 1161 793 1213 δὲ
847 1166 1357 1230 προπετευσάμενος
1413 1162 1508 1214 καὶ
1540 1162 1608 1231 τῇ
1667 1159 1925 1228 βασιλείῳ

354 1257 451 1309 καὶ⁵
507 1254 629 1322 θείᾳ.
668 1256 925 1322 περιωπῇ
977 1253 1078 1305 οὐκ
1131 1254 1213 1315 εἰς
1271 1252 1532 1322 εύκαιρον
1582 1252 1921 1321 προσελθὼν,

273 1395 280 1401 .
356 1347 811 1414 νεανιευσάμενος
842 1345 900 1398 δὲ
928 1344 1024 1396 καὶ
1065 1345 1208 1398 κατά
1238 1344 1332 1397 τοῦ
1379 1343 1684 1411 ἁγιωτάτων
1728 1342 1924 1396 δεσπό-

356 1453 452 1491 του
486 1436 722 1506 ἀδελφοῦ
770 1436 867 1492 καὶ
906 1436 1324 1507 συλλειτουργοῦ
1369 1453 1494 1506 μου,
1526 1434 1620 1489 τοῦ
1665 1439 1922 1505 οἱκουμε-

353 1527 510 1580 νικοῦ
567 1525 939 1597 πατριάρχου,
981 1524 1184 1593 ἔδειξεν
1242 1525 1436 1581 ἑαυτὸν
1491 1527 1922 1592 δυσσυνειδήτως

355 1618 569 1689 ἔχοντα,
600 1617 697 1671 καὶ
745 1614 838 1671 διά
884 1612 1047 1672 τοῦτο
1086 1617 1351 1688 σύγχυσιν
1401 1617 1776 1688 μελετήσαντα
1824 1618 1922 1684 τῆς

355 1708 818 1778 ἐκκλησιαστικῆς
866 1707 1152 1777 εὐταξίας,
1208 1708 1332 1763 ὅθεν
1388 1710 1687 1778 ἀπολογίας
1742 1709 1925 1777 πάσης

356 1799 507 1871 παρά
538 1800 649 1853 τῶν
684 1799 847 1869 ἱερῶν
882 1801 1127 1854 κανόνων
1159 1800 1537 1868 ἀπεστερήθη,
1585 1800 1681 1853 καὶ
1709 1799 1922 1853 ἔνδικον

356 1887 726 1960 κατεδικάσθη
751 1890 1095 1958 καθαίρεσιν,
1140 1888 1234 1941 καὶ
1260 1887 1403 1942 ἔστω
1426 1887 1808 1959 καθῃρημένος
1831 1890 1925 1943 καὶ⁵

354 1982 539 2051 πάσης
578 1982 863 2051 ἱερατικῆς
897 1980 1055 2044 ἀξίας
1089 1978 1542 2048 γεγυμνωμένος.

358 2113 427 2168 Χ.
459 2112 782 2168 Patriarcha
818 2114 876 2166 in
915 2112 1009 2183 jus
1041 2120 1190 2165 vocat
1216 2113 1525 2166 monachum
1557 2112 1921 2168 Joannlcium.

430 2244 471 2319 1-
502 2247 700 2302 Φθάνει
732 2246 762 2299 ὀ
804 2245 1038 2317 μοναχός
1080 2244 1413 2309 Ἰωαννίκιος
1444 2246 1526 2299 ἐτι
1559 2248 1700 2301 κατά
1730 2265 1926 2319 κοσμι-

354 2345 489 2407 κοὺς
511 2342 718 2411 διάγων
753 2340 850 2417 καὶ
875 2340 1100 2408 γυναικὶ
1129 2339 1394 2392 συνοικῶν
1425 2342 1506 2400 είς
1538 2341 1629 2393 τὸν
1661 2339 1755 2393 τοῦ
1785 2358 1923 2410 πρε-

358 2437 628 2505 σϐυτέρου
680 2433 892 2504 βαθμὸν
930 2431 1322 2500 προϐιϐασθεὶς
1368 2431 1675 2501 τηνικαῦτα
1723 2435 1817 2485 καὶ
1861 2433 1922 2487 τὸ

355 2527 632 2597 ἱερατικὸν
679 2526 1058 2595 λειτούργημα
1101 2523 1358 2579 ἐκτελῶν.
1402 2524 1556 2576 Ἐπεὶ
1606 2524 1663 2577 δὲ
1706 2525 1923 2595 θανάτῳ

360 2617 566 2685 ταύτην
622 2614 891 2677 ἀπέϐαλε,
951 2611 1047 2666 καὶ
1100 2616 1157 2665 ἐν
1184 2610 1384 2682 χηρείᾳ
1427 2612 1750 2683 ηὑρίσκετο,
1795 2615 1921 2667 νέαν

351 2708 503 2774 ἀγων
525 2707 625 2777 τὴν
652 2705 892 2775 ἡλικίαν,
923 2705 1025 2757 οὐκ
1063 2704 1245 2771 ἀγαθὴ
1276 2704 1330 2755 δὲ
1357 2699 1424 2773 ἦν
1452 2703 1548 2756 καὶ
1574 2705 1608 2773 ή
1638 2705 1794 2774 φήμη
1821 2706 1921 2773 τῆς

352 2799 701 2870 ἀναστροφῆς
744 2794 934 2858 αὐτοῦ,
972 2797 1271 2867 ἀπείργετο
1308 2795 1397 2849 διὰ
1428 2794 1604 2849 ταῦτα
1644 2797 1797 2866 παρά
1824 2796 1919 2850 τοῦ

354 2893 686 2961 τιμιωτάτου
737 2888 1120 2958 ἀρχιδιακόνου
1175 2888 1269 2942 καὶ
1321 2888 1609 2941 σακελλίου
1646 2888 1746 2952 τῆς
1796 2889 1920 2943 καθ’

351 2984 503 3053 ἡμᾶς
557 2980 869 3048 ἁγιωτάτης
919 2977 1015 3032 τοῦ
1069 2978 1203 3032 Θεοῦ
1263 2980 1523 3047 Μεγάλης
1569 2980 1920 3046 Ἐκκλησίας,

350 3072 640 3140 ἀγαπητοῦ
694 3072 838 3123 κατά
881 3070 1110 3140 Πνεῦμα
1148 3070 1267 3123 υἱοῦ
1303 3072 1400 3136 τῆς
1442 3071 1602 3140 ἡμῶν
1634 3074 1921 3143 μετριότη-

2028 612 2370 681 κατάγνωσιν
2420 612 2810 681 αἰσχυνόμενος
2837 626 2851 640 ·
2885 609 3074 680 ἐπειδὴ
3115 612 3210 664 καὶ
3258 611 3399 664 κατά
3436 612 3587 679 ἱεροο

2028 705 2296 773 μονάχους
2337 702 2486 773 βιοῦν
2508 704 2606 767 «ca;
2642 703 2917 774 συνθήκας
2944 704 3142 756 δέδωκε
3177 704 3313 780 πρὸς
3335 704 3488 765 Θεὸν,
3511 703 3587 766 ὡς

2027 797 2330 865 ἱερωσύνης
2360 796 2580 865 ἀξίωμα
2625 796 3033 864 περικείμενος.
3062 789 3171 846 Ἦν
3218 795 3317 864 μὲν
3364 790 3458 846 οὖν
3493 791 3588 845 ἐπὶ

2027 887 2164 940 πολὺ
2213 887 2304 939 τὸν
2349 887 2554 955 τρόπον
2607 885 2800 939 τοῦτον
2851 883 3329 954 παρυποκλέπτων
3384 901 3443 936 τε
3494 884 3591 937 καὶ

2025 977 2325 1045 λανθάνων,
2379 975 2676 1030 καὶταῦτα
2706 978 2805 1044 τῆς
2834 977 2992 1045 ήμῶν
3030 974 3381 1044 μετριότητος
3421 991 3591 1042 φρον-

2024 1069 2144 1121 τίδα
2177 1068 2437 1138 πλείστην
2472 1068 2713 1136 Χριστοῦ
2745 1067 2930 1136 χάριτι
2977 1069 3073 1119 καὶ
3103 1066 3448 1135 προμήθειαν
3477 1083 3591 1117 ποι-

2023 1160 2258 1228 ουμένης
2311 1160 2407 1212 καὶ
2442 1158 2994 1230 προαναγγελλούσης
3026 1157 3124 1210 καὶ
3172 1171 3594 1226 προαναφωνου-

2028 1249 2219 1317 μένης,
2274 1248 2341 1301 δι’
2392 1240 2467 1300 ὧν
2527 1264 2584 1299 τε
2612 1248 2883 1300 ἀπέλυσεν
2945 1247 3240 1315 ἐγγράφως
3293 1243 3590 1297 συνοδικῶν

2027 1339 2304 1406 πράξεων,
2338 1340 2431 1390 καὶ
2456 1339 2523 1391 δι’
2549 1334 2624 1390 ὧν
2661 1322 2785 1389 καθ’
2809 1337 3044 1404 ἑκάστην
3084 1335 3311 1405 παρῄνει
3363 1335 3457 1389 καὶ
3482 1336 3594 1386 είσδ

2023 1434 2236 1497 ηγεῖτο,
2268 1431 2363 1482 καὶ
2407 1431 2477 1484 δι’
2506 1424 2582 1482 ὧν
2629 1432 3078 1498 ἀποκατέστησεν
3111 1429 3356 1497 ἐξάρχων
3382 1430 3595 1488 πάντας

2023 1525 2147 1584 τοὺς
2179 1522 2519 1590 ἱερωμένους
2548 1522 2641 1573 καὶ
2675 1523 2964 1591 μοναχοὺς,
2996 1522 3370 1589 ἀπεχομένους
3405 1536 3588 1588 καπη-

2023 1613 2185 1665 λείων
2237 1615 2331 1664 καὶ
2387 1613 2558 1680 μέθης
2594 1615 2690 1665 καὶ
2717 1613 2837 1685 ,τῶν
2874 1614 2940 1664 ἐκ
2973 1612 3146 1681 μέθης
3189 1610 3593 1678 ἐπιγινομένων

2026 1702 2335 1770 θεοστυγῶν
2376 1702 2554 1772 ἔργων
2596 1704 2691 1756 καὶ
2722 1703 2968 1769 ἀσελγῶν
2998 1702 3269 1772 πράξεων,
3322 1701 3593 1754 ἐκκλίνειν

2025 1793 2249 1862 καὶτῆς
2299 1793 2519 1862 ὁμιλίας
2556 1793 2664 1844 τῶν
2709 1792 2928 1859 φαύλων
2976 1796 3068 1845 καὶ
3116 1791 3429 1844 ἀκολάστων
3453 1807 3467 1821 ο
3503 1789 3594 1842 διὰ

2024 1886 2198 1938 ταῦτα
2221 1885 2330 1955 γάρ
2356 1883 2581 1953 ἔρχεται
2615 1883 2647 1949 ἡ
2687 1882 2824 1952 ὀργὴ
2851 1882 2942 1934 τοῦ
2975 1880 3109 1934 Θεοῦ
3141 1879 3223 1950 ἐφ’
3259 1883 3403 1951 ἡμᾶς
3434 1882 3594 1937 ἀπειο

2026 1975 2273 2043 θοῦντας,
2305 1976 2445 2030 κατά
2474 1974 2565 2028 τὸν
2617 1975 2792 2043 μέγαν
2838 1973 3185 2038 Ἀπόστολον,
3223 1973 3319 2024 καὶ
3349 1973 3489 2024 κατά
3528 1973 3591 2024 τὸ

2026 2067 2410 2138 προσαρμόζον
2442 2067 2626 2129 αὐτοῖς
2658 2067 2957 2135 σεϐάσμιον
2984 2066 3173 2135 σχῆμα
3198 2061 3466 2128 θεοφιλῶς
3497 2063 3591 2117 καὶ

2026 2163 2166 2230 μετά
2222 2161 2551 2230 σεμνότητος
2605 2157 3021 2212 πολιτεύεσθαιο
3070 2159 3191 2212 ἐπεὶ
3228 2159 3324 2209 καὶ
3376 2155 3588 2225 ὁμιλίαι

2024 2253 2192 2306 κακαὶ
2248 2252 2558 2321 φθείρουσιν
2593 2252 2700 2321 ἤθη
2734 2250 2969 2321 χρηστὰ,
3013 2249 3088 2313 ὡς
3121 2250 3189 2303 τὰ
3223 2249 3346 2319 ἱερὰ
3402 2248 3591 2300 θεσπί·

2024 2343 2210 2408 ζουσιν
2251 2342 2585 2410 Εὖαγγέλια.
2621 2343 2686 2393 "A
2718 2342 2782 2410 δὴ
2829 2340 3133 2395 πάντακαὶ
3184 2335 3396 2410 βλέπων
3432 2356 3590 2392 συνε-

2022 2436 2135 2507 χῶς
2188 2435 2286 2490 καὶ
2316 2439 2452 2505 ἀκοῇ
2513 2434 2808 2504 λαμϐάνων
2862 2434 2949 2488 ὅδε
2990 2435 3018 2486 ὀ
3073 2432 3403 2494 ἰωαννίκιος
3459 2427 3588 2499 παρ’

2022 2528 2175 2582 οὐδὲν
2226 2526 2455 2591 ἐτίθετο,
2506 2527 2599 2579 καὶ
2642 2524 3015 2596 ἡφροντίστει.
3068 2524 3142 2576 Οὐ
3186 2523 3293 2594 μὴν
3328 2523 3462 2577 ἀλλά
3495 2526 3594 2577 καὶ

2025 2621 2140 2689 ἆμα
2166 2617 2244 2687 τῷ
2294 2615 2587 2686 δηλωθέντι
2626 2616 2829 2684 ἑταίρῳ
2870 2613 2966 2666 καὶ
3013 2612 3232 2682 συνήθει
3275 2610 3438 2664 αὐτοῦ
3493 2626 3592 2680 μο-
3666 2618 3673 2624 ‘

2022 2708 2171 2780 ναχῷ
2222 2707 2416 2779 Ἡσαΐᾳ
2463 2709 2559 2761 σὺν
2603 2709 2670 2777 τῇ
2718 2706 2944 2777 τοιαύτῃ
2997 2708 3206 2775 μοναχῇ
3244 2708 3307 2776 τῇ
3347 2741 3363 2758 .
3407 2742 3423 2759 .
3466 2742 3481 2757 .
3520 2740 3536 2758 .
3573 2738 3588 2756 .

2024 2800 2167 2854 κατὰ
2201 2799 2262 2852 τὸ
2291 2799 2484 2852 δοκοῦν
2517 2799 2876 2869 παραγίνετᾶι
2910 2798 2990 2859 είς
3024 2798 3081 2850 τὸ
3128 2796 3416 2866 εἰρημένον
3445 2798 3591 2848 ἀσω-

2021 2895 2167 2945 τείον
2213 2893 2421 2960 ταύτης
2477 2891 2541 2960 δὴ
2582 2891 2686 2960 τῆς
2724 2891 3072 2960 Θινιατίσσης
3126 2889 3590 2961 ἀνερυθριάστως.

2027 2984 2199 3036 Ἐνθα
2232 2983 2296 3052 δὴ
2326 2983 2423 3036 καὶ
2451 2982 2560 3052 πρὸ
2587 2982 2771 3051 ὀλίγου
2815 2980 2950 3051 ὁμοῦ
2982 2980 3190 3034 τούτων
3213 2981 3321 3034 τῶν
3344 2982 3595 3050 εὑρισκο-

2026 3080 2207 3143 μένων
2240 3077 2333 3128 καί
2390 3093 2553 3128 τινων
2603 3074 2919 3145 ἐξεπίτηδες
2964 3074 3356 3143 ἐνεδρευόντων
3403 3075 3495 3127 ἐπὶ
3534 3073 3595 3126 τὸ

348 3178 463 3227 τος,
494 3164 601 3231 κῦρ
635 3163 851 3234 Μιχαὴλ
882 3161 980 3215 τοῦ
1032 3161 1339 3223 Καϐἀσιλα,
1372 3161 1514 3215 ὥστε
1561 3167 1673 3226 τοῖς
1723 3182 1920 3234 κοσμι-
1948 3184 1996 3244 C
2025 3167 2290 3219 εἰσελθεῖν
2336 3169 2415 3228 εἰς
2446 3167 2563 3220 τόδε
2606 3167 2666 3218 τὸ
2701 3167 2968 3219 ἀσωτεῖον
3015 3167 3110 3218 καὶ
3157 3158 3242 3218 ἐπ’
3288 3166 3595 3235 αὐτοφώρῳ

350 3259 466 3318 κοῖς
498 3254 909 3324 ἐνστρέφεσθαι,
956 3254 1030 3316 ὡς
1070 3252 1146 3320 μὴ
1192 3248 1506 3307 λυσιτελοῦν
1548 3254 1695 3324 αύτῷ
1735 3255 1916 3321 τοῦτο,

352 3345 651 3400 κάντεῦθεν
677 3344 933 3413 ἀπεκάρη
969 3343 1109 3397 κατά
1141 3344 1412 3411 μοναχοὺς
1439 3346 1496 3397 ὲν
1541 3347 1606 3414 τῇ
1644 3347 1780 3399 κατά
1818 3347 1919 3414 τὴν

351 3436 706 3499 θεοδὸξαστον
752 3432 1331 3487 Κωνσταντινούπολιν
1365 3433 1641 3505 σεϐασμίᾳ
1672 3438 1768 3503 τῆς
1817 3438 1920 3489 Πε-

353 3529 646 3598 ριϐλέπτου
688 3528 846 3596 μονῇ,
889 3528 948 3577 ἐν
1045 3524 1107 3593 δὴ
1136 3523 1233 3577 καὶ⁵
1262 3525 1399 3577 κατά
1425 3525 1485 3576 τὸ
1527 3525 1766 3595 κρατοῦν
1797 3528 1916 3589 ἐθος

348 3620 449 3690 τὴν
472 3619 757 3689 ἱερατικὴν
781 3619 876 3669 καὶ
904 3618 1066 3678 αὐτὸς
1093 3616 1392 3686 ἐξεπλήρου
1415 3617 1738 3686 ὑπηρεσίαν.
1777 3619 1916 3671 Ἀλλ’

349 3711 473 3763 οὔτε
528 3705 673 3763 οὕτω
725 3710 794 3761 τὰ
850 3709 947 3776 τῆς
1000 3707 1278 3770 πολιτείας
1331 3703 1445 3777 εἶχε
1496 3709 1791 3779 συνᾴδοντα
1834 3711 1914 3780 τῷ

349 3801 561 3873 βαθμῷ,
609 3798 846 3872 ὁμιλίαις
886 3799 947 3853 ὀύ
985 3801 1177 3861 καλαῖς
1212 3799 1514 3869 χρώμενος.
1570 3799 1677 3854 Τοῦ
1714 3803 1911 3872 καιροῦ

346 3894 644 3965 τοιγαροῦν
672 3888 1398 3961 παρατρέχοντοςδιέμενεν,
1429 3892 1502 3952 ὡς
1536 3892 1729 3957 ἐδόκει,
1761 3894 1916 3959 ἀνεξ-

345 3988 578 4053 έλεγκτα
604 3986 671 4037 τὰ
701 3984 794 4037 τοῦ
845 3984 1196 4052 πράγματος.
1229 3983 1341 4051 Πρό
1366 4001 1527 4034 τινων
1571 3984 1756 4052 μέντοι
1782 3986 1919 4053 ἡμε-

350 4080 460 4149 ρῶν
494 4076 668 4130 συνὼν
705 4076 731 4128 ὀ
788 4074 1030 4138 τοιοῦτος
1062 4074 1138 4142 τῷ
1174 4075 1397 4143 μοναχῷ
1434 4076 1656 4144 Ἡσαΐᾳ,
1702 4076 1825 4146 μεθ’
1855 4070 1915 4130 οῦ

345 4169 587 4238 δηλονότι
618 4168 711 4219 ἐπί
741 4165 915 4236 βλάϐῃ
940 4166 1158 4234 [ψυχικῇ
1198 4165 1443 4233 συνήθως
1481 4160 1617 4236 εἶχε,
1648 4168 1744 4219 καὶ
1774 4166 1918 4234 φιλι-

346 4261 459 4322 κῶς
486 4260 763 4325 συνέθετο,
794 4261 889 4312 καὶ
918 4258 1219 4310 κατέλαϐον
1242 4260 1297 4309 ἐν
1332 4296 1345 4311 .
1386 4296 1400 4311 .
1440 4295 1456 4311 .
1492 4297 1506 4311 .
1544 4295 1562 4314 .
1588 4258 1669 4320 εἰς
1694 4258 1756 4311 τὸ
1784 4276 1918 4329 προ-

344 4351 524 4420 δήλως
575 4352 1023 4419 κατεγνωσμένον
1062 4349 1325 4417 ὀσπήτιον
1371 4348 1468 4417 τῆς
1502 4348 1774 4419 θυγατρδς
1821 4349 1915 4404 τοῦ

348 4436 825 4504 ἐπονομαζομένου
877 4435 1131 4489 Θινιάτου
1187 4436 1423 4497 ἐκείνου,
1462 4437 1560 4505 τῆς
1614 4437 1916 4508 λεγομένης

2022 3256 2151 3317 τοὺς
2179 3254 2456 3318 τοιούτους
2485 3256 2757 3325 κρατῆσαι
2793 3254 2887 3307 καὶ
2925 3255 3226 3323 ἀφελέσθαι
3269 3255 3368 3322 μὲν
3405 3258 3494 3306 καὶ
3522 3273 3593 3307 τα

2027 3346 2299 3415 προσόντα
2329 3346 2563 3411 τούτοις,
2597 3330 2847 3415 ἐπόπτῆν
2895 3345 2953 3398 δὲ
3006 3345 3352 3415 στηλιτεῦσαι
3394 3347 3593 3407 αὐτοὺς

2023 3441 2118 3490 καὶ
2164 3436 2572 3506 θριαμϐεῦσαιο
2620 3439 2744 3492 ἐπεὶ
2777 3439 2805 3489 ὀ
2853 3435 3187 3507 τιμιώτατος
3235 3438 3594 3508 δικαιοφύλαξ

2023 3532 2116 3581 καὶ
2147 3530 2520 3600 πρωτέκδικος
2543 3530 2640 3596 τῆς
2664 3526 2789 3582 καθ’
2821 3531 2968 3599 ἡμᾶς
2997 3531 3308 3599 ἁγιωτάτης
3333 3531 3425 3584 τοῦ
3452 3531 3589 3583 Θεοῦ

2023 3622 2287 3690 Μεγάλης
2329 3622 2682 3689 Ἐκκλησίας,
2722 3622 3005 3692 ἀγαπητὸς
3037 3622 3178 3675 κατά
3218 3623 3440 3693 Πνεῦμα
3477 3626 3587 3686 υἱὸς

2019 3711 2120 3778 τῆς
2169 3711 2325 3780 ἡμῶν
2380 3712 2756 3780 μετριότητος,
2825 3713 2931 3780 κῦρ
3000 3712 3256 3782 Ἰωάννης
3308 3716 3336 3766 ὀ
3388 3714 3588 3779 Φύλαξ,

2021 3800 2180 3871 ἔτυχε
2210 3802 2336 3854 καθ’
2375 3802 2490 3854 ὁδὸν
2538 3804 2719 3855 ἐκεῖσε
2759 3804 3127 3874 διερχόμενος,
3166 3806 3257 3858 καὶ
3289 3806 3338 3857 οἱ
3376 3807 3433 3857 ἐν
3471 3824 3589 3873 γει·

2019 3894 2191 3949 τόνων
2244 3893 2522 3957 οἰκοῦντες
2569 3889 2725 3951 εἷπον
2766 3899 2862 3949 καὶ
2917 3896 3125 3962 ἔδειξαν
3163 3899 3312 3969 αὐτῷ
3360 3902 3427 3951 τά
3463 3902 3592 3970 περὶ

2019 3984 2247 4047 τούτων,
2301 3986 2397 4037 καὶ
2436 3986 2713 4056 ἐζήτησαν
2753 3990 3243 4058 προμηθεύσασθαι
3286 3993 3378 4043 καὶ
3418 3993 3592 4043 ἀπαλι

2021 4075 2180 4140 λάξαι
2215 4077 2315 4145 τῆς
2364 4079 2590 4149 ἀτιμίας
2632 4078 2851 4145 αὐτοὺς,
2884 4082 3010 4144 τοὺς
3042 4080 3141 4150 μὲν
3176 4084 3314 4151 μετὰ
3354 4082 3590 4153 θράσους

2018 4166 2386 4238 ὡρμημένους
2414 4172 2550 4237 πρὸς
2580 4171 2739 4224 τοῦτο
2763 4171 2945 4247 ἴσχυσε
2973 4174 3124 4241 μόλις
3150 4174 3244 4226 καὶ
3278 4179 3588 4229 κατέπαυσε

2020 4263 2115 4313 καὶ
2168 4263 2525 4332 ὑποχωρῆσαι
2581 4265 2985 4332 παρεσκεύασε,
3038 4268 3586 4337 μεταχειρισάμενος,

2020 4350 2095 4410 ὡς
2129 4352 2280 4421 ἐνῆν,
2328 4355 2629 4423 γενομένης
2663 4358 2756 4411 καὶ
2793 4358 2994 4420 δόσεως
3019 4360 3097 4420 εἰς
3127 4360 3255 4422 τοὺς
3288 4361 3586 4425 τοιούτους,

2022 4443 2121 4510 ὅση
2150 4443 2214 4513 δὴ
2246 4446 2341 4496 καὶ
2398 4447 2639 4514 ἐγένετο,
2674 4448 2838 4510 αὐτὸς
2874 4447 2932 4501 δὲ
2957 4449 3126 4502 ’ἔνδον
3169 4452 3459 4521 γενόμενος
3494 4454 3587 4505 καὶ

326 4526 591 4595 λμοναχῆς
638 4561 653 4577 .
688 4563 702 4578 .
746 4565 759 4579 .
795 4562 811 4577 .
845 4566 860 4581 .
907 4525 1278 4598 Θινιατίσσης,
1340 4528 1462 4598 ἥτις
1516 4530 1610 4582 καὶ
1665 4530 1774 4599 πρὸ
1819 4529 1915 4584 τοῦ
1944 4519 1995 4578 Ῑ)
2024 4534 2149 4587 ἰδὼν
2178 4535 2403 4605 αὐτοψεὶ
2450 4538 2509 4589 ἐν
2538 4538 2615 4605 τῷ
2654 4538 2803 4607 αὐτῷ
2845 4539 3092 4609 ἀσωτείῳ
3135 4544 3228 4594 τόν
3259 4560 3314 4594 τε
3354 4543 3587 4613 ῥηθέντα

345 4615 733 4687 ἀμφιάσασθαι
764 4615 832 4666 τὰ
869 4623 1137 4685 μοναχικά
1178 4618 1679 4689 διατεθρυλλημένη
1712 4616 1802 4690 ἦν,
1839 4622 1916 4685 ὡς

346 4692 573 4767 ἀσώτως
600 4706 813 4776 βιοῦσα,
844 4707 938 4758 καὶ
960 4708 1021 4760 ού
1056 4709 1213 4776 μόνον
1241 4709 1328 4763 ἐπ’
1353 4710 1560 4779 ὀλέθρῳ
1584 4714 1682 4781 τῆς
1711 4714 1917 4778 οἰκείας

343 4796 546 4865 ψυχῆς,
583 4797 721 4850 ἀλλά
774 4796 868 4848 καὶ
899 4798 991 4849 ἐπὶ
1020 4796 1167 4866 λύμῃ
1210 4797 1420 4850 πολλῶν
1463 4799 1650 4868 ψυχῶν
1691 4803 1785 4854 ἀπ’
1818 4804 1915 4855 αύ-

343 4885 444 4953 τῆς
482 4887 1038 4956 μαστροπευομένων.
1090 4888 1246 4939 Μετά
1293 4887 1352 4939 δέ
1387 4891 1483 4940 καὶ
1513 4891 1575 4941 τδ
1620 4892 1915 4961 περιϐαλέ-

346 4978 469 5031 σθαι
520 4978 579 5030 ἐν
617 4979 693 5048 τῷ
727 4980 861 5049 οἴκῳ
910 4980 1081 5048 αὐτῆς
1122 4981 1190 5034 τὰ
1220 4982 1490 5051 μοναχικά
1540 4985 1635 5036 καὶ
1676 4987 1735 5035 ἐν
1760 4985 1912 5052 αὐτῷ

345 5070 696 5139 καταμένειν,
734 5070 826 5123 ἐπὶ
873 5074 935 5123 τὸ
968 5074 1149 5141 χεῖρον
1203 5072 1481 5142 προέκοψε
1520 5074 1781 5142 μάλιστα,
1820 5078 1912 5130 τὸν

342 5158 588 5213 τοιοῦτον
619 5158 816 5229 ἑαυτῆς
849 5159 997 5214 οἶκον
1019 5164 1416 5231 χαμαιτυπεῖον
1441 5164 1908 5237 ἀπεργασαμένη,

342 5251 437 5303 καὶ
466 5255 590 5312 ταῖς
618 5254 916 5322 νεωτέραις
947 5254 1211 5321 μοναχαῖς
1246 5256 1561 5322 μαστροπὸν
1594 5257 1793 5326 ἑαυτὴν
1814 5275 1913 5310 κα-

339 5341 680 5408 ταστήσασα,
713 5339 790 5403 ὡς
822 5343 899 5411 μὴ
942 5340 1178 5409 ὤφελεν.
1221 5342 1414 5396 Ἔνθεν
1456 5362 1540 5397 τοι
1573 5347 1669 5398 καὶ
1717 5346 1909 5414 ἐφοίτα

343 5432 441 5501 μὲν
492 5436 519 5485 ὀ
556 5433 744 5502 ῥηθεὶς
800 5435 1150 5501 Ίωαννίκιος,
1199 5438 1317 5488 ἐκεῖ
1354 5439 1908 5508 προσεταιριζόμενος

340 5526 554 5579 καὶτὸν
584 5528 797 5596 συνήθη
828 5527 995 5581 αὐτοῦ
1049 5531 1285 5599 μοναχὴν
1329 5529 1580 5598 Ἡσαΐαν,
1616 5533 1903 5601 ἐφείλκετο

337 5615 393 5668 δὲ
426 5616 547 5684 μεθ’
578 5617 776 5670 ἐαυτοῦ
815 5623 909 5673 καὶ
931 5621 1029 5687 τὴν
1065 5621 1306 5690 μοναχὴν
1338 5662 1350 5675 .
1388 5662 1401 5676 .
1437 5662 1452 5677 .
1492 5664 1506 5678 .
1546 5665 1558 5678 .
1596 5626 1677 5686 είς
1704 5625 1764 5675 τὸ
1794 5643 1906 5677 τοι·

334 5704 491 5758 οῦτοι
541 5709 812 5775 πορνεῖον,
872 5710 1096 5780 ἀναίδην
1132 5712 1514 5779 εἰσερχόμενος
1556 5713 1650 5766 καὶ
1698 5716 1764 5766 τὰ
1811 5717 1899 5766 ϐο-

229 5847 249 5854 ,
331 5795 537 5849 κοῦντα
565 5796 1054 5868 διαπραττόμενος,
1090 5806 1226 5870 μήτε
1259 5808 1355 5871 τὴν
1386 5806 1570 5855 θεάθεν
1604 5807 1893 5869 ἐπεξέλευ-

2033 4627 2357 4682 Ἰωαννίκιον
2420 4629 2513 4681 καὶ
2563 4630 2653 4683 τὸν
2721 4631 2877 4700 φίλον
2937 4633 3138 4697 αὑτοῦ,
3201 4635 3290 4686 τὸν
3354 4636 3589 4704 μοναχὸν

2032 4716 2284 4783 Ἡσαΐαν,
2314 4719 2413 4772 σὺν
2439 4723 2559 4785 ταῖς
2586 4722 2908 4792 εἰρημέναις
2937 4727 3198 4794 μοναχαῖς
3221 4726 3287 4794 τῇ
3317 4742 3375 4777 τε
3406 4725 3592 4777 Θινια-

2016 4809 2180 4882 τίσσῃ
2236 4810 2330 4862 καὶ⁵
2364 4814 2428 4880 τῇ
2463 4850 2477 4863 .
2516 4853 2530 4867 .
2564 4850 2581 4866 .
2619 4854 2633 4869 .
2669 4853 2682 4866 .
2712 4814 3056 4884 ἠλευθέρωσε
3111 4816 3209 4884 μὲν
3239 4816 3463 4877 τούτους
3506 4820 3592 4869 ἐν-

2013 4898 2228 4962 τεῦθεν,
2262 4898 2404 4970 πλὴν
2438 4901 2735 4970 σκώμμασι
2774 4902 2869 4954 καὶ
2908 4902 3234 4970 ὀνειδισμοῖς
3256 4901 3356 4954 οὐκ
3387 4903 3590 4967 ὀλίγοις

2016 4987 2218 5048 αὐτοὺς
2241 4989 2594 5043 καθυπέϐαλε
2629 4990 2773 5044 κατὰ
2807 4992 2868 5042 τὸ
2902 4991 3070 5054 εἰκὸς,
3099 4992 3245 5052 ὅπως
3271 4992 3359 5043 ἐπ’
3383 4991 3549 5057 ἀθετή
3568 5020 3587 5032 ο

2018 5096 2101 5132 σει
2128 5077 2222 5131 τοῦ
2278 5081 2416 5150 πρὸς
2448 5082 2585 5135 Θεὸν
2630 5083 3055 5153 ἐπαγγέλματος
3106 5084 3334 5152 φαύλοις
3376 5087 3471 5136 καὶ
3501 5088 3589 5137 ai-

2016 5170 2257 5237 σχίστοις
2309 5174 2633 5242 πράγμασιν
2672 5173 2946 5237 ἐξέδωκαν
2992 5176 3240 5241 ἑαυτοὺς,
3289 5175 3589 5229 καὶταῦτα

2014 5262 2111 5330 τῆς
2135 5263 2296 5328 ἁγίας
2315 5263 2410 5317 τοῦ
2434 5265 2569 5317 Θεοῦ
2604 5266 2934 5334 Ἐκκλησίας
2951 5268 3093 5319 κατά
3118 5268 3209 5319 τὸν
3237 5270 3585 5336 ἀναγεγραμ-

2017 5355 2178 5422 μένον
2206 5358 2405 5425 τρόπον
2438 5359 2742 5427 ἀπέχεσθαι
2774 5358 3031 5423 καθάπαξ
3063 5361 3171 5413 τῶν
3201 5360 3459 5412 τοιούτων
3485 5378 3588 5410 πα-

2016 5448 2456 5517 ρακελευομένης
2500 5452 2594 5503 καὶ
2651 5450 3034 5521 διδασκούσης.
3075 5449 3262 5512 Οῦτως
3295 5449 3388 5503 οῦν
3437 5450 3588 5521 διαρ-

2013 5540 2184 5609 ρήδην
2229 5540 2645 5610 ἐξελεγχθέντος
2689 5543 2781 5595 τοῦ
2819 5544 3165 5613 πράγματος,
3212 5542 3439 5611 οὐδεμία
3498 5560 3584 5605 τις

2010 5623 2077 5695 ἦν
2104 5629 2261 5697 χρεία
2300 5630 2592 5699 ἦςήτησις
2631 5634 3028 5701 παραστάσεως
3079 5630 3346 5695 πλείονος,
3386 5631 3584 5685 καθαι-

2013 5720 2160 5789 ρέσει
2191 5723 2282 5773 τὴν
2338 5724 2669 5776 ’ίωαννίκιον
2706 5725 2958 5775 παντελεῖ
2985 5723 3401 5791 καθυπάγουσα.
3432 5724 3583 5793 Πλὴν

2009 5811 2039 5874 ή
2080 5814 2376 5882 μετριὶτης
2433 5813 2607 5881 ἡμῶν,
2643 5815 2820 5865 πᾶσαν
2872 5800 3148 5882 πρόφασιν
3192 5811 3582 5886 ’περιαιροῦσςινν
