4050 6518
522 363 661 429 1339
704 432 711 438 ,
1596 366 2001 427 ΞΥΝΟῡῐϐίΕ
2046 371 2086 430 C

2187 371 2727 433 STITUTIONES.
3604 374 3718 441 1340

520 493 653 530 σατο
687 476 752 545 τῇ
792 473 914 528 καθ’
942 475 1091 543 ἡμᾶς
1123 476 1246 546 ἱερᾷ
1275 475 1482 546 συνόδῳ
1521 480 1874 547 παραστῆναι
1908 482 2000 532 καὶ
2020 483 2098 543 εἰς
2131 487 2173 541 Α
2205 475 2374 553 οὗπερ
2407 484 2773 555 προσερῤάφη
2816 483 3031 553 ἱματίου
3076 481 3225 551 παρὰ
3270 483 3362 535 τοῦ
3405 488 3619 556 μοναχοῦ
3639 494 3715 544 καὶ

518 565 797 638 προῦπτον
843 567 1244 637 ἀπελεγχθῆναί
1272 585 1331 620 τε
1375 570 1469 620 καὶ
1519 569 1983 640 θριαμϐευθῆναι.
2013 574 2094 626 Τά
2205 575 2313 627 τῶν
2353 579 2899 648 προσγεγραμμένων
2925 578 2982 629 ἐν
3011 575 3089 646 τῷ
3133 578 3310 650 χάρτῃ
3345 580 3478 633 κατὰ
3501 580 3584 635 τὸν
3612 585 3713 638 ἀνα-

520 661 618 730 μέν
666 661 761 714 οῦν
797 661 1121 743 κατ’ναύτὸν
1172 660 1321 721 ὅπως
1382 677 1441 712 τε
1485 662 1945 731 παρηκολούθησε
1991 664 2093 726 τὴν
2198 669 2596 736 γεγραμμένον
2641 670 2843 740 τρόπον
2873 672 3240 740 χαρακτήρων
3289 671 3381 723 καὶ⁸
3410 675 3716 743 γραμμάτιον

514 750 691 823 ἀρχὴν
728 751 824 807 καὶ
848 742 994 815 ὅπως
1019 753 1115 808 ἆτε
1142 753 1207 821 δὴ
1232 752 1483 823 μιάστωρ
1505 755 1597 805 καὶ
1634 754 1820 822 λοιμὸς
1868 756 2096 826 διαρρή-

516 846 613 916 δην
642 848 738 911 τῆς
780 845 1037 907 ἀσεϐείας
1064 845 1160 899 καὶ
1212 847 1323 907 τοῖς
1382 846 1593 908 λοιποῖς
1631 844 1933 916 μετεδίδου,
1987 865 2094 915 μητ-

516 940 645 1008 κρύν
673 938 737 990 ἂν
762 938 846 1008 εἴη
875 938 1131 1002 διεξιέναι
1154 940 1248 991 καὶ
1277 938 1387 991 οὐδ’
1419 941 1521 992 ἀκο
1535 941 1614 1001 κῖς
1642 941 1765 1002 ταῖς
1797 939 1903 991 τῶν
1932 939 2084 1009 φιλο⁶

515 1033 754 1100 χρίστων
789 1034 1036 1097 ἀνεκτὸν,
1067 1032 1182 1085 ἀλλ’
1215 1033 1246 1099 ὴ
1288 1032 1444 1095 νόσος
1491 1030 1635 1102 αῦτη
1667 1031 1884 1084 καὶτοῦ
1921 1048 2096 1095 μονα-

513 1125 610 1195 χοῦ
640 1165 654 1181 .
686 1173 702 1189 ,
734 1165 748 1179 .
776 1126 1085 1195 καθήψατο,
1115 1125 1172 1188 ὃς
1200 1125 1262 1192 δὴ
1287 1124 1345 1188 ἐξ
1367 1123 1628 1187 ἀπονοίας
1656 1126 1751 1177 καὶ
1784 1123 2092 1192 φιλοδοξίας

515 1216 676 1269 πάθει
700 1218 961 1280 ἑαλωκὼς
988 1218 1166 1269 πάντα
1195 1218 1391 1279 ἐποίει,
1425 1218 1574 1278 ὅπως
1600 1216 1666 1269 ἂν
1693 1215 2089 1287 ἀρχιερατικοῦ

514 1312 823 1380 ἀξιώματος
875 1312 1143 1381 ἐπιτυχὴς
1205 1311 1441 1379 γένοιτο.
1509 1310 1663 1362 Ἐπεὶ
1689 1310 1768 1372 δὲ,
1805 1309 1929 1364 καθ’
1961 1311 2087 1364 ὅσον

514 1404 814 1467 ἐσπούδαζε
851 1403 1117 1470 μάλιστα,
1148 1392 1581 1457 κατὰκέοσοῦτον
1614 1401 1964 1470 ἀπετύγχανε
1993 1399 2087 1453 τοῦ

516 1495 744 1560 σκοποῦ,
790 1495 899 1547 οὐδ’
952 1496 1129 1556 οὓτως
1183 1493 1348 1561 ἔληγε
1416 1492 1771 1562 συναίσθησιν
1826 1491 2087 1561 εἰληφὼς,

512 1586 627 1642 ἀλλ’
650 1584 717 1656 ἦν
748 1587 841 1640 ἐπὶ
869 1585 1045 1655 τούτῳ
1075 1586 1315 1655 συνεχῶς
1347 1586 1415 1655 τῇ
1456 1584 1658 1653 συνόδῳ
1685 1582 1887 1653 φοιτῶν
1911 1599 1927 1615 ο
1964 1584 2088 1634 ἐπεὶ

513 1676 609 1731 οῦν
638 1678 836 1730 ἔϐλεπε
867 1677 958 1729 τὸν
983 1676 1219 1746 ρηθέντα
1249 1676 1630 1745 Καππαδόκην
1653 1674 1946 1737 συνοδικῶς
1980 1674 2087 1727 ἀπ-

515 1769 880 1839 ελεγχόμενον
899 1768 987 1821 διά
1016 1785 1075 1820 τε
1100 1769 1200 1831 τὰς
1226 1767 1632 1839 ἀρῤητουργίας
1666 1766 1832 1820 αὐτοῦ
1871 1765 2084 1824 καὶτὰς

784 1858 1060 1924 ἀσεϐείας,
1096 1852 1216 1912 δέον
1239 1835 1400 1911 αὐτ-δν
1423 1835 1489 1926 δὴ
1516 1857 1608 1910 τὸν
1636 1857 1870 1926 μοναχὸν
1900 1857 2082 1911 συνιέ-
2113 1835 2156 1891 Β

516 1970 605 2005 ναι
637 1953 731 2005 καὶ
763 1953 1133 2021 ἀποτρόπαιον
1181 1950 1438 2015 καθάπαξ
1469 1949 1723 2021 ἡγεῖσθαι
1750 1950 1945 2005 τοῦτον
1989 1954 2084 2007 καὶ

515 2044 828 2114 βδελυκτὸν,
853 2045 881 2096 6
911 2044 967 2097 δὲ
989 2044 1088 2113 τὴν
1115 2042 1210 2097 τοῦ
1236 2042 1488 2096 διαϐόλου
1527 2042 1872 2113 συμμαχίαν,
1906 2043 1982 2107 ὡς
2010 2045 2084 2116 μὴ

511 2135 747 2204 ὤφελεν,
801 2135 1240 2205 ἐπικεκλημένος
1284 2133 1380 2187 τὸν
1426 2120 1804 2204 Καππαδόκην
1832 2135 2086 2202 ἀσμένως

512 2226 800 2294 προσίεται
836 2226 934 2278 καὶ
956 2225 1139 2292 φιλίαν
1165 2222 1421 2292 ὁμολογεῖ
1454 2223 1573 2291 μετ’
1603 2222 1792 2289 αὐτοῦ,
1833 2226 1927 2277 καὶ
1963 2225 2083 2278 κατ’

508 2309 663 2367 οἶκον
687 2315 872 2384 φέρων
900 2313 1117 2376 ξενίζει,
1148 2313 1246 2365 καὶ
1300 2313 1601 2380 ὁμόστεγον
1631 2313 1794 2366 αὐτὸν
1828 2317 1922 2365 καὶ¹
1953 2317 2085 2380 ὀμο-

511 2406 721 2460 δίαιτον
774 2404 915 2475 ἔχειν
950 2406 1226 2476 βούλεται,
1268 2404 1365 2458 καὶ
1412 2403 1583 2474 δῶρα,
1640 2406 1708 2458 τά
1736 2405 1834 2471 μὲν
1864 2405 2084 2475 ἕτοιμος

509 2492 578 2567 ἦν
611 2496 762 2565 αὐτῷ
821 2498 1150 2566 παρασχεῖν,
1186 2494 1256 2547 τά
1293 2495 1352 2546 δὲ
1402 2495 1800 2562 ἐπηγγέλλετο,
1846 2497 1894 2547 εί
1925 2496 2086 2564 μόνον

501 2590 613 2644 εἰσι
668 2587 1029 2657 δεδυνημένον
1079 2585 1534 2639 συσκευάσασθαι
1588 2586 1675 2639 διὰ
1727 2585 2085 2654 μαγγανειῶν

509 2679 841 2750 πραγμάτιά
870 2695 993 2732 τινα
1022 2679 1119 2731 καὶ
1150 2676 1406 2748 μηχανὰς
1461 2675 1801 2739 διαϐολικὰς,
1828 2674 1968 2729 ὥστε
1991 2677 2085 2730 καὶ

506 2772 610 2838 τὴν
644 2770 864 2824 σύνοδον
891 2772 987 2823 καὶ
1012 2770 1139 2831 τοὺς
1164 2767 1295 2837 περὶ
1316 2768 1469 2837 ἡμᾶς
1496 2770 1684 2820 πεῖσαι
1720 2769 1812 2820 ἐπὶ
1838 2766 1917 2838 τῷ
1953 2785 2087 2838 προ-

511 2852 849 2931 ϐιϐασθῆναι
870 2862 1061 2914 τοῦτον
1090 2861 1171 2922 είς
1219 2858 1635 2930 ἀρχιερωσύνης
1667 2857 1897 2927 βαθμόν.
1944 2858 2006 2913 '0
2026 2859 2084 2913 δέ

499 2970 575 3021 ,γε
610 2951 857 3013 τοιοῦτος
893 2950 1271 3016 Καππαδόκης
1329 2950 1506 3020 ῥᾷστα
1534 2949 1632 3018 τῆς
1669 2948 1911 3016 ἐφέσεως
1949 2950 2085 3001 ταύο

504 3062 609 3113 της
667 3042 901 3108 ἀξιῶσαι
957 3042 1124 3095 αὐτὸν
1174 3041 1595 3111 καθυπέσχετο·
1663 3040 1817 3095 ἐνθεν
1858 3058 1943 3095 τοι
1987 3042 2086 3096 καὶ

504 3138 761 3208 ἀσμένως
793 3137 885 3189 καὶ
918 3136 1056 3205 μετά
1092 3134 1295 3205 πολλῆς
1324 3134 1653 3204 προσδοκίας
1699 3134 2083 3206 προσλαϐόμε-

507 3246 597 3290 νος
626 3230 716 3281 τὸν
767 3226 1149 3294 Καππαδόκην
1186 3226 1215 3279 6
1275 3226 1531 3294 μοναχὸς,
1573 3225 1647 3287 ὡς
1669 3225 2080 3296 ὑπελάμϐανεν,

506 3314 619 3389 εἶχε
651 3315 842 3370 τοῦτον
905 3317 1027 3387 μεθ’
1062 3314 1285 3379 ἑαυτοῦ,
1337 3314 1433 3368 καὶ
1463 3313 1811 3384 ἐφιλοφρόνει
1834 3331 1848 3346 ο
1882 3315 2024 3385 πλὴν
2054 3316 2084 3368 6

506 3408 910 3479 Καππαδόκης,
941 3406 1130 3478 ὥσπερ
1175 3409 1341 3461 αὐτὸν
1388 3407 1774 3479 ἀμειϐόμενος,
1805 3409 1990 3463 ἐκεῖνα
2018 3409 2083 3481 δὴ

507 3501 647 3568 ἀωρὶ
680 3497 788 3551 τῶν
837 3497 1049 3551 νυκτῶν
1077 3497 1314 3566 ἔγραφε,
1361 3500 1458 3553 καὶ
1495 3498 1660 3552 αὐτοῦ
1689 3500 1785 3552 τοῦ
1842 3499 2082 3570 μοναχοῦ

506 3592 907 3660 ἐπισταμένου,
930 3589 1026 3644 καὶ
1042 3589 1149 3642 ὐπὸ
1176 3589 1237 3642 τὸ
1257 3589 1467 3660 αἴθριον
1486 3590 1719 3660 ἀντικρύ
1738 3590 1849 3644 τῶν
1866 3590 2084 3662 ἄστρων

506 3681 711 3734 ἐτίθειο
739 3678 991 3733 ἐντεῦθεν
1017 3680 1127 3752 γάρ
1167 3679 1324 3748 ἔλεγε
1353 3679 1447 3733 καὶ
1485 3679 1581 3750 τὴν
1609 3680 1764 3750 ίσχύν
1797 3683 2084 3750 προσεῖναι

505 3773 644 3842 πρὸς
668 3773 731 3826 τὸ
761 3771 1124 3844 ζητούμενον,
1155 3773 1256 3826 ὅσα
1287 3772 1423 3842 μήτε
1451 3770 1635 3840 λέγειν
1690 3771 1818 3842 μήτ’
1862 3772 2085 3827 ἀκούειν

506 3864 674 3919 καλόν
695 3880 710 3897 ο
736 3865 839 3934 τήν
874 3880 934 3918 τε
991 3864 1092 3934 γὰρ
1146 3849 1335 3934 Ξιοινὴν
1364 3864 1471 3916 τῶν
1500 3849 1872 3934 ’Χριστῖανῶν
1921 3865 2084 3934 ἡμῶν

507 3954 819 4027 προσευχὴν
848 3955 948 4025 τὴν
970 3957 1049 4018 είς
1070 3954 1163 4007 τὸν
1186 3954 1390 4024 Κύριον
1430 3954 1592 4025 ἡμῶν
1627 3955 1719 4008 καὶ
1742 3953 1885 4007 κατά
1912 3954 2074 4023 χάριν

398 4076 408 4085 ·
506 4049 732 4120 Πατέρα
784 4048 1257 4117 ἀναπεμπομένην
1313 4047 1638 4117 γράμμασιν
1707 4047 2086 4116 ἀντιστρόφως

508 4141 604 4192 καὶ
636 4138 866 4202 ἐναλλὰξ
908 4138 1157 4206 ,ἔγραψεν
1180 4140 1236 4190 ἐν
1265 4138 1438 4208 χάρτῃ
1484 4138 1591 4191 τινὶ
1637 4135 2086 4208 παραγεγραφὼς

508 4230 686 4300 τούτῳ
722 4231 814 4283 καὶ
853 4229 923 4282 τὰ
956 4229 1099 4299 άπερ
1130 4228 1434 4296 ἐξελέξατο,
1489 4229 1747 4298 καθάπερ
1793 4229 2083 4301 ἐϐουλήθη,

506 4322 774 4392 ὀνόματα,
807 4321 951 4375 ὥστε
977 4319 1122 4375 εἶναι
1149 4322 1348 4385 αὐτοὺς
1369 4322 1620 4389 εὐηνίους
1652 4324 1749 4376 καὶ
1771 4322 2086 4386 εὐενδότους

507 4418 599 4471 καὶ
641 4396 1134 4483 καθυπαγομένους
1173 4412 1341 4466 ἕνεκα
1372 4413 1481 4468 τῶν
1511 4413 1850 4483 ζητημάτων
1893 4413 2083 4480 αὐτοῦ,

506 4508 645 4578 πρὸς
682 4506 742 4560 δὲ
793 4506 887 4560 καὶ
936 4505 1297 4576 χαρακτῆρας
1344 4520 1518 4568 τινας,
1549 4503 1577 4557 6
1622 4505 1689 4575 δὴ
1747 4503 1943 4568 ἀσεϐὲς
1989 4505 2083 4558 καὶ
2117 4529 2160 4584 ι)

504 4598 883 4672 ψυχὼλεθρον»
907 4596 1168 4669 γράμμα,
1202 4599 1345 4668 χειρὶ
1375 4597 1588 4667 γραφὲν
1627 4596 1913 4669 ξτολμηρᾷ,
1945 4597 2086 4651 πάν-

505 4713 665 4764 νυχον
712 4694 968 4760 κείμενον
1019 4689 1326 4743 διεϐίϐασεν
1380 4690 1613 4759 ἀντικρύ
1671 4690 1780 4743 τῶν
1841 4692 2085 4760 ἄστρων,

507 4782 627 4839 εἶτα
658 4785 735 4847 ὡς
760 4782 922 4852 δῆθεν
977 4783 1314 4850 φυλακτικὸν
1346 4783 1486 4834 κατά
1515 4782 1617 4844 τὰς
1663 4782 1952 4844 ὑποθέσεις
1984 4778 2081 4834 τοῦ

507 4877 882 4933 Καππαδόκου
917 4876 945 4927 6
980 4875 1214 4945 μοναχὸς
1238 4873 1316 4943 τῷ
1344 4875 1546 4944 ἱματίῳ
1588 4873 1913 4946 προσράψας
1966 4876 2093 4948 τοῖςς

506 4971 753 5039 στέρνοις
792 4965 941 5038 εἶχεν
992 4966 1357 5036 ἐγκείμενον.,
1385 4965 1740 5036 Ἀμφοτέρων
1784 4969 2088 5039 τοιγαροῦδς

504 5060 707 5113 τούτων
739 5058 1484 5129 παρισταμένωνθσυνοδικῶς
1518 5058 1743 5125 καὶιτοῦ
1773 5060 2099 5118 Καππαδό-ι(

506 5168 604 5204 κου
636 5151 711 5213 ὼς
742 5151 805 5220 δὴ
855 5149 1226 5218 μεταμέλειαν
1254 5148 1416 5216 δῆθεν
1458 5145 1715 5209 λαϐόντος
1741 5147 1950 5199 καὶτὸν
1982 5147 2088 5217 μοε

506 5246 666 5313 ναχὸν
716 5242 1098 5311 ἐξελέγχοντος
1151 5239 1245 5290 ἐπὶ
1297 5239 1410 5297 τοῖς
1440 5237 1730 5299 τοιούτοις,
1778 5239 1806 5289 6
1843 5236 2077 5309 μοναχὺς

506 5335 730 5405 ἔξαρνος
785 5329 874 5402 ἦν,
938 5330 1115 5399 μάτην
1173 5330 1269 5380 καὶ
1304 5327 1660 5394 συκοφαντῶς
1695 5328 2080 5397 διαϐεϐλῆσθαι

505 5422 907 5492 διατεινόμενος
949 5420 1084 5488 πρὸς
1110 5417 1205 5470 τοῦ
1250 5418 1650 5471 Καππαδόκου.
1695 5417 1838 5471 Ἀλλ’
1866 5422 1895 5472 6
1926 5422 2075 5475 Καπ-

508 5517 752 5582 παδόκης
796 5511 1035 5582 ἰσχυρῶς
1067 5510 1432 5576 ἀντεπείγων,
1472 5496 1676 5578 ¹ἔλεγεν
1715 5511 1914 5564 αὐτίκα
1946 5530 2080 5584 προ-

510 5606 654 5673 φανῆ
685 5607 784 5673 τὴν
812 5605 993 5654 πίστιν
1025 5599 1163 5654 εἶναι
1190 5604 1305 5664 τοῖς
1344 5601 1526 5671 ἔργοις
1550 5619 1564 5635 ο
1621 5603 1853 5673 ἐπείπερ
1883 5606 2076 5671 ἐγκόλ-

508 5710 633 5745 πιενι
660 5695 686 5745 6
723 5693 955 5762 μοναχδς
1011 5692 1167 5761 φέρει
1204 5693 1262 5746 τὸ
1292 5693 1588 5763 λεγόμενον
1622 5694 1979 5763 φυλακτικὸν,
2014 5696 2075 5750 οὖ

510 5781 576 5856 δη
609 5786 703 5836 καὶ
740 5783 903 5846 εὐθὺς
946 5782 1352 5846 ἐκσπασθέιτος
1386 5787 1479 5838 καὶ
1526 5786 1941 5851 ἐξελκυσθέντος
1979 5787 2071 5856 ἀφ’

2197 760 2475 830 ἀριδήλως
2522 762 2912 832 ἀναφανέντων
2955 754 3051 825 ἐίς
3087 762 3252 831 μέσον
3310 764 3606 831 συνοδικῶς,
3635 770 3714 821 καὶ

2194 849 2351 904 τοῦδε
2375 851 2471 905 τοῦ
2502 853 2739 922 μοναχοῦ
2771 852 2846 921 μὴ
2880 851 3184 920 ἀντιλέγειν
3207 852 3495 927 ἐχοντος,ή
3529 860 3714 929 μετριό⁴

2192 958 2291 1008 της
2325 943 2357 1012 ὴ
2368 942 2487 1010 μῶν
2523 943 3044 1015 συνδιασκεψαμένη
3071 943 3365 1009 συνοδικῶς
3391 982 3409 1000 .
3438 982 3455 1001 .
3487 985 3503 1004 .
3530 986 3548 1005 .
3576 984 3591 1002 .
3614 985 3629 1002 .
3659 990 3672 1005 .
3698 989 3713 1005 .

2194 1031 2345 1087 Finis
2377 1035 2539 1092 deest.

2188 1188 2359 1246 XXII.
2393 1190 2706 1268 Patriarcha
2760 1206 2935 1251 monet
2976 1199 3272 1268 episcopum
3318 1201 3622 1257 Novoaradii
3668 1214 3715 1257 ιιι

2493 1263 2808 1335 obtemperet
2843 1263 3184 1338 metro'polilie
3217 1267 3438 1324 Κίουὶω.

2255 1394 2296 1465 1-
2323 1395 2719 1466 Θεοφιλέστατε
2753 1400 3021 1454 ἐπίσκοπε
3047 1401 3437 1471 Νοϐογραδίου,
3468 1404 3614 1474 χάρις
3636 1404 3711 1472 είη

2186 1490 2279 1538 καὶ
2327 1489 2518 1558 εἰρήνη
2553 1492 2619 1560 τῇ
2656 1489 2938 1560 θεοφιλείᾳ
2975 1508 3070 1544 σου
3110 1493 3221 1545 ἀπὸ
3257 1491 3393 1546 Θεοῦ
3440 1496 3689 1563 παντοκρά

2184 1595 2363 1643 τορος.
2403 1576 2587 1646 Οἶδας,
2638 1580 2713 1645 ὡς
2746 1582 2843 1635 τοῦ
2875 1583 3172 1652 ίερωτάτου
3223 1584 3520 1656 ἀρχιερέως
3564 1585 3713 1653 πάσης

2196 1667 2434 1733 Ῥωσίας
2480 1671 2711 1737 ἐκείνου,
2755 1672 2860 1744 κῦρ
2905 1673 3279 1740 Θεογνώστου,
3332 1674 3708 1745 τελευτήσαντος

2183 1754 2252 1830 ἦν
2282 1762 2600 1829 ἀναγκαῖον,
2632 1763 2721 1817 ἵνα
2754 1764 2976 1832 γένηται
3008 1765 3297 1835 ἀρχιερεὺς
3339 1766 3417 1829 είς
3446 1765 3537 1834 τὴν
3563 1766 3710 1818 τοιαύ-

2188 1867 2288 1921 την
2335 1852 2647 1923 άγιωτάτην
2679 1855 3038 1925 μητρόπολιν.
3076 1856 3237 1911 Ἐπεὶ
3268 1852 3358 1910 οὖν
3386 1858 3414 1908 6
3456 1855 3601 1917 αὐτὸς
3628 1856 3711 1924 κύρ

2190 1941 2553 2010 Θεόγνωστος,
2582 1945 2731 2008 ὅστις
2773 1948 2870 2000 καὶ
2898 1946 3079 2010 καλῶς
3122 1947 3414 2019 διέπρεψεν
3444 1947 3518 2010 είς
3544 1945 3711 2016 ταύτην

2188 2033 2253 2104 δὴ
2277 2034 2374 2104 τὴν
2391 2036 2787 2106 ἀρχιερατικὴν
2809 2039 3006 2111 ἀρχὴν,
3026 2041 3291 2110 πρότερον
3314 2040 3394 2093 ἐτι
3413 2038 3515 2104 ζῶν
3535 2038 3711 2106 έπεμψε

2188 2127 2282 2178 καὶ
2311 2126 2519 2197 ἔγραψε
2545 2129 2639 2183 καὶ
2671 2131 3049 2201 παρεκάλεσεν
3079 2131 3160 2194 εἰς
3184 2132 3285 2203 τὴν
3316 2131 3474 2199 άγίαν
3495 2129 3580 2183 τοῦ
3603 2129 3711 2181 Θεοῦ

2188 2213 2483 2289 καθολικὴν
2514 2221 2614 2275 καὶ
2663 2223 3030 2294 ἀποστολικὴν
3072 2224 3427 2294 Ἐκκλησίαν,
3475 2220 3592 2291 περὶ
3636 2218 3711 2270 τοῦ

2187 2309 2320 2378 παρ’
2361 2309 2569 2364 ἐκείνου
2611 2313 3068 2381 προϐιϐασθέντος
3113 2319 3197 2376 είς
3239 2313 3525 2367 ἐπίσκοπον
3573 2309 3710 2362 mav-

2186 2399 2442 2471 διμήρου,
2459 2404 2555 2455 τοῦ
2605 2402 2774 2474 κυροῦ
2810 2403 3045 2470 Ἀλεξίου
3068 2445 3084 2470 ,
3108 2405 3190 2459 ὅτι
3218 2405 3331 2476 ἔχει
3355 2403 3509 2469 ἀξίως
3535 2401 3616 2454 καὶ
3640 2401 3712 2453 δύ·

2188 2506 2315 2543 αται
2355 2492 2757 2562 ἀρχιερατικῶς
2815 2495 3092 2563 διεξάγειν
3121 2496 3223 2567 τὴν
3250 2497 3417 2566 αὐτὴν
3443 2495 3710 2562 άγιωτάτην

2193 2583 2550 2653 μητρόπολιν,
2601 2586 2736 2639 διότι
2784 2585 2866 2640 ἔνι
2921 2587 3154 2658 εὐλαϐὴς
3188 2591 3286 2641 καὶ
3346 2587 3598 2657 ἐνάρετος,
3636 2581 3711 2635 καὶ

2187 2675 2352 2745 ἡμεῖς
2380 2670 2450 2747 δὴ
2482 2676 2828 2748 ἐξητάσαμεν
2857 2679 3045 2743 αὐτὸν,
3079 2678 3268 2743 καθὼς
3292 2679 3511 2749 ἔπρεπε.
3535 2675 3619 2729 καὶ
3640 2672 3711 2727 εὐ-

2193 2781 2359 2836 ρομεν
2408 2770 2531 2821 κατ’
2579 2769 2839 2839 ἀλήθειαν
2886 2769 3129 2824 τοιοῦτον
3158 2769 3401 2842 Χριστοῦ
3444 2768 3608 2839 χάριτι
3635 2763 3710 2817 καὶ

2190 2856 2483 2928 σύμφωνον
2519 2861 2597 2924 είς
2643 2861 2739 2923 τὰς
2783 2861 2924 2933 ὑπὲρ
2979 2861 3148 2915 αὐτοῦ
3192 2861 3501 2933 μαρτυρίας
3546 2857 3709 2912 ἀπότε

2187 2947 2301 3002 τῶν
2324 2950 2551 3005 αὐτόθεν
2607 2952 2869 3015 πολλάκις
2901 2952 3214 3023 ἐρχομένων
3257 2953 3552 3021 Ῥωμαίων,
3597 2947 3710 3003 ἀλλὰ

2187 3039 2252 3111 δὴ
2278 3042 2373 3094 καὶ
2404 3042 2585 3096 αὐτῶν
2617 3043 2723 3098 τῶν
2776 3043 3011 3111 Ῥώσων,
3036 3045 3239 3109 οἵτινες
3272 3046 3496 3116 ἤρχοντο
3517 3039 3708 3096 ἐνταῦθα

2190 3136 2288 3186 καὶ
2324 3134 2593 3204 πρότερον
2642 3122 2783 3190 κατὰ
2830 3140 3057 3206 καιροὺς
3106 3138 3419 3209 διαφόρους·
3450 3136 3533 3190 διὰ
3571 3132 3711 3187 ταῦτα

2187 3224 2221 3293 ἦ
2257 3225 2552 3296 μετρίοτης
2585 3225 2766 3294 ἡμῶν,
2795 3226 3310 3297 συνδιασκεψαμένη
3338 3227 3469 3297 μετά
3494 3224 3585 3293 τῆς
3606 3220 3712 3289 περὶ

2185 3309 2356 3380 αὐτὴν
2393 3310 2543 3374 θείας
2580 3315 2672 3367 καὶ
2709 3314 2860 3384 ἱερᾶς
2906 3314 3127 3369 συνόδου
3165 3315 3277 3369 τῶν
3322 3313 3711 3383 καθευρεθέντων

2187 3406 2504 3475 ίερωτάτων
2552 3408 2859 3479 ἀρχιερέων
2909 3408 3006 3462 καὶ
3053 3410 3395 3480 ὐπερτίμων,
3426 3407 3526 3463 ἀπὸ
3556 3401 3709 3468 κοινῆς

2185 3498 2418 3567 γνώμης
2466 3499 2793 3553 ἀνεϐίϐασεν
2822 3501 2986 3555 αὐτὸν
3034 3501 3121 3555 διὰ
3150 3500 3251 3572 τὴν
3290 3503 3531 3572 ἐνάρετον
3573 3495 3709 3550 αὐτοῦ

2186 3587 2466 3642 πολιτείαν
2494 3591 2587 3642 καὶ
2635 3593 2701 3643 τὰ
2729 3591 2894 3644 λοιπά
2939 3594 3290 3662 πνευματικά
3339 3590 3708 3663 προτερήματα.

2184 3681 2281 3733 καὶ
2307 3679 2757 3750 ἀποκατέστησεν
2791 3683 2883 3735 ἐπὶ
2906 3683 3001 3735 τὸν
3033 3682 3417 3755 μεγαλιὶηερον
3440 3683 3528 3735 καὶ
3549 3674 3709 3747 τιμιώ-

2183 3768 2343 3841 τερον
2397 3773 2791 3843 ἀρχιερατικὸν
2842 3773 3057 3842 θρόνον,
3088 3774 3296 3830 τέλειον
3347 3770 3705 3845 μητροπῖολίτηπι

2186 3862 2401 3916 Κυέϐου
2442 3866 2537 3917 καὶ
2573 3866 2755 3935 πάσης
2793 3865 3045 3932 Ῥωσίας,
3079 3865 3222 3934 μετὰ
3254 3865 3504 3936 είδήσεως
3531 3860 3615 3916 καὶ
3635 3859 3707 3911 0a-

2186 3953 2399 4023 λήσεως
2430 3956 2526 4007 τοῦ
2556 3957 2854 4026 κρατίστου
2885 3957 2981 4009 καὶ
3015 3958 3170 4025 ἁγίου
3205 3975 3308 4025 μου
3335 3954 3710 4023 αὐτοκράτορος,

2187 4044 2282 4097 τοῦ
2320 4045 2591 4117 διαπύρου
2628 4049 2916 4119 προμάχου
2963 4050 3060 4118 τῆς
3106 4045 3558 4118 ἐκκλησιαστικῆς
3583 4043 3711 4094 εὐτα-

2190 4136 2308 4202 ξίας
2334 4139 2430 4191 καὶ
2495 4139 2675 4191 πάντα
2713 4140 2779 4192 τὰ
2817 4141 2957 4193 καλὰ
2999 4124 3163 4210 τιμᾷν
3194 4141 3288 4193 καὶ
3334 4136 3557 4206 ἀνυψοῦν
3589 4131 3711 4186 εὐδο·

2190 4227 2416 4291 κοῦντος
2465 4230 2559 4282 καὶ
2597 4229 2949 4299 βουλομένου,
2981 4230 3165 4292 καθὼς
3222 4230 3438 4300 μέλλεις
3465 4223 3712 4293 γνωρίσειν

2187 4321 2285 4374 καὶ
2313 4321 2422 4374 ἀπὸ
2452 4322 2561 4374 τῶν
2599 4324 2692 4375 ἐπὶ
2722 4322 2897 4391 τούτῳ
2939 4322 3322 4376 ἀπολυθέντων
3347 4322 3540 4389 ἑτέρων
3562 4328 3711 4384 γραμ·

2189 4411 2376 4479 μάτων
2401 4412 2502 4481 τῆς
2546 4412 2707 4480 ἡμῶν
2766 4415 3145 4485 μετριότητος.
3189 4412 3408 4481 Ἐπειδὴ
3453 4402 3711 4474 ἐδεξάμεθα

2188 4508 2283 4555 καὶ
2311 4502 2397 4555 διά
2424 4503 2523 4556 τοῦ
2577 4503 2998 4572 θεοφιλεστάτου
3051 4506 3357 4559 ἐπισκόπου
3398 4501 3612 4572 Σαραῖου
3640 4494 3709 4546 καὶ

2188 4596 2294 4658 τὰς
2327 4596 2664 4658 συστατικὰς
2698 4597 2839 4665 ὑπὲρ
2873 4596 3040 4650 αὐτοῦ
3071 4596 3380 4667 ἐγγράφους
3403 4593 3608 4662 γνώμας
3630 4583 3709 4637 τῶν

2197 4689 2387 4743 αὐτόθι
2427 4688 2630 4741 λοιπῶν
2668 4689 3106 4757 θεοφιλεστάτων
3157 4688 3488 4743 ἐπισκόπων.
3524 4677 3709 4748 ’Δρτίως

2191 4779 2286 4834 οῦν
2311 4783 2528 4851 ἔρχεται
2552 4781 2649 4834 σὺν
2682 4781 2801 4849 Θεῷ
2828 4784 2856 4834 6
2890 4783 3179 4851 ἱερώτατος
3205 4778 3589 4852 μητροπολίτης
3603 4770 3707 4825 Κυέ·

2193 4862 2308 4924 ϐου’
2342 4875 2436 4927 καὶ
2484 4875 2666 4945 πάσης
2708 4874 2962 4939 Ῥωσίας,
3018 4876 3125 4946 κῦρ
3169 4875 3423 4940 Ἀλέξιος,
3473 4862 3708 4938 όιγειπτῖτῖὃς

2192 4966 2336 5018 κατὰ
2379 4967 2582 5036 Κύριον
2616 4967 2847 5036 ἀδελφὸς
2877 4966 2974 5020 καὶ
3014 4967 3424 5037 συλλειτουργδς
3466 4964 3554 5030 τῆς
3585 4952 3707 5027 ἡμῶν

2195 5058 2568 5129 μετριότητος,
2593 5061 2673 5121 είς
2698 5060 2798 5127 τὴν
2827 5058 3096 5128 λαχοῦσαν
3122 5058 3284 5112 αὐτὸν
3304 5056 3546 5122 τοιαύτην
3574 5051 3706 5116 ἁγιω-

2189 5147 2362 5216 τάτην
2399 5151 2736 5221 μητρόπολιν
2762 5166 2775 5180 ·
2829 5150 2921 5203 διὰ
2954 5150 3113 5202 τοῦτο
3161 5152 3253 5202 καὶ
3303 5151 3568 5216 γράφομεν
3598 5138 3706 5208 πρὸς

2190 5240 2290 5309 τὴν
2327 5241 2634 5310 θεοφιλείαν
2687 5259 2805 5305 σου,
2840 5242 2927 5295 ἵνα
2974 5240 3282 5311 εὐφρανθῇς
3316 5240 3404 5291 καὶ
3438 5239 3499 5289 σὺ
3547 5233 3629 5285 ἐπὶ
3655 5228 3706 5296 τῇ

2190 5335 2468 5405 παρουσίᾳ
2500 5333 2690 5400 αὐτοῦ,
2720 5336 2816 5388 καὶ
2845 5336 3123 5404 ἀπονέμῃς
3160 5334 3258 5401 τὴν
3286 5328 3617 5400 ὀφειλομένην
3642 5337 3706 5371 τι·

2194 5423 2300 5493 μὴν
2327 5423 2421 5476 καὶ
2457 5423 2768 5476 εὐπείθειαν
2798 5424 2934 5492 πρὸς
2960 5423 3142 5481 αὐτὸν.
3176 5425 3254 5483 εἰς
3296 5420 3331 5473 ἂ
3359 5417 3528 5487 μέλλει
3558 5412 3705 5473 λέτειν

2188 5514 2264 5577 ὡς
2297 5516 2498 5584 ποιμὴν
2553 5518 2647 5569 καὶ
2694 5515 3016 5576 διδάσκαλος
3049 5513 3342 5584 ψυχωφελῆ
3373 5509 3461 5563 καὶ
3501 5503 3703 5567 σωτήρια

2193 5607 2289 5659 καὶ
2320 5608 2622 5661 συστατικὰ
2655 5608 2762 5660 τῶν
2794 5607 2953 5660 θείων
3000 5608 3095 5661 καὶ
3138 5606 3292 5673 ἱερῶν
3338 5598 3598 5669 δογμάτων
3626 5586 3703 5650 τῆς

2200 5697 2530 5767 Ἐκκλησίας
2560 5700 2697 5752 Θεοῦ
2720 5716 2733 5730 ⁶
2765 5698 2922 5751 τοῦτο
2952 5699 3058 5768 γάρ
3094 5701 3211 5751 ἐστι
3251 5695 3343 5748 καὶ
3370 5694 3447 5754 εἰς
3476 5687 3557 5740 τὸν
3596 5675 3702 5768 Θεὸν

2191 5792 2556 5844 εὐαπνὶδεκτον
2589 5791 2683 5844 καὶ
2733 5792 2812 5854 εἰς
2844 5790 2941 5855 τὴν
2982 5790 3137 5857 ἡμῶν
3176 5785 3491 5854 μετριότητα
3517 5773 3597 5829 καὶ
3619 5763 3698 5830 τὴν
