4050 6482
314 452 454 522 1349

1148 449 1486 512 αΑιιιδῖι
1528 450 1621 509 ΕΤ
1667 448 2090 511 PHILOTHEI
2125 448 2236 511 (ΣΡ.
2279 449 2748 511 PATRIARCH.

3433 446 3573 512 1350

308 586 430 632 πως
461 568 760 640 λεγομένην
787 566 1108 622 Καυκασίαν
1130 582 1144 597 ·
1182 567 1483 631 ἐξετάσεως
1536 565 1672 635 γὰρ,
1715 565 1888 618 καθά·
1916 577 1962 632 Α
1987 581 2160 633 τεροι,
2194 566 2244 617 οἰ
2274 563 2562 628 Ταναῗται,
2599 567 2700 618 οὐκ
2753 560 2910 633 ἦσαν,
2939 561 3337 633 ἐπιδημοῦντες
3368 546 3575 617 ’ἐνταῦ“

312 673 422 727 περ
452 657 644 726 ἐχρῆν,
680 655 942 727 ἀκριϐοῦς
971 657 1271 725 γενομένης
1304 657 1400 710 καί
1436 657 1546 710 τῶν
1576 656 1885 709 κανονικῶν

316 749 515 819 βίϐλων
549 748 991 819 προτεθειμὲνων
1021 749 1103 810 εἰς
1135 749 1301 817 μέσον
1323 749 1419 801 καὶ
1443 751 1543 816 τῆς
1565 749 1882 819 ἀπαριθμή-

315 857 455 902 σεως
504 837 795 906 γεγονυίας
859 837 1264 907 λελογισμένως
1305 838 1416 891 τῶν
1462 857 1521 892 τε
1574 839 1886 908 ἑκασταχοῦ

324 931 710 1000 μητροπόλεων
742 928 839 982 καὶ
868 929 977 981 τῶν
1005 929 1382 998 ὑποκειμένων
1418 930 1639 993 ταύταις
1669 932 1890 982 ἐπισκο-

314 1022 438 1074 πῶν
469 1022 611 1074 κατά
642 1020 743 1091 τὴν
771 1023 836 1073 ἐκ
867 1021 1102 1074 παλαιοῦ
1129 1023 1587 1091 ἐπικρατήσασαν
1606 1023 1763 1087 τάξιν
1791 1024 1890 1076 καὶ

314 1112 670 1167 ὑποτύπωσιν
706 1114 786 1177 εἱς
815 1113 916 1183 τὴν
943 1115 1043 1182 τῆς
1096 1112 1355 1183 ἀληθείας
1385 1114 1699 1185 ἀνεύρεσιν,
1742 1117 1890 1168 οὐδε-

319 1204 420 1274 μία
469 1220 557 1265 τις
604 1204 836 1273 εὓρηται
868 1204 1146 1271 ἐπισκοπὴ
1198 1204 1563 1275 εὑρισκομένη
1630 1206 1736 1259 ὑπὸ
1790 1207 1891 1269 τὴν

320 1295 581 1357 ⁴Ἄλανίας
619 1297 651 1365 ή
685 1295 978 1348 Καυκασία
1030 1295 1322 1364 λεγομένη,
1354 1296 1430 1359 ὡς
1480 1298 1641 1361 αὐτὸς
1677 1314 1892 1368 προφα-

317 1387 602 1454 σιζόμενος
638 1386 843 1454 έλεγεν,
897 1386 1034 1440 ἀλλά
1095 1388 1256 1455 μόνον
1297 1388 1530 1459 εὕρηται
1578 1392 1698 1453 ταῖς
1757 1391 1891 1462 άλη-

321 1477 496 1541 θείαις
546 1479 885 1548 μητρόπολις
939 1480 1100 1548 ἡμῶν
1138 1482 1475 1534 Καυκασίων
1515 1480 1723 1537 ἄνωθεν
1770 1486 1892 1547 ταῖς

321 1568 631 1632 συνοδικαῖς
676 1569 1037 1639 μητροπόλεσι
1071 1572 1548 1643 ίσυνηριθμημένη
1599 1574 1745 1628 κατά
1799 1576 1892 1629 τὸν

1990 656 2080 709 θα.
2109 655 2352 723 Ἐφθασε
2403 656 2460 708 δὲ
2510 658 2606 709 καὶ
2641 659 2669 708 ὁ
2730 654 2961 723 ἀδελφὸς
3021 654 3211 719 αὐτοῦ,
3270 654 3425 722 παρά
3472 653 3573 725 τὴν

1985 749 2178 799 τούτου
2242 748 2424 800 αἰτίαν
2498 738 2626 809 τοίῖς
2680 750 2847 817 ἱερεῖς
2913 746 3254 811 ἀδικοῦντος,
3316 746 3573 811 καθάπερ

1990 837 2379 907 ἀνωμολογήθη
2414 830 2567 905 παρά
2586 839 2695 891 τῶν
2715 839 2972 905 ἀνωτέρω
2994 838 3304 906 εἰρημένων
3340 836 3575 889 πολιτῶν

1990 929 2083 979 καὶ
2160 928 2623 996 πραγματευτῶν,
2682 929 3086 999 προσχωρήσας
3148 931 3262 988 τοῖς
3334 928 3575 994 Πέρσαις

1989 1019 2077 1071 διὰ
2102 1020 2165 1072 τὸ
2189 1020 2265 1088 μὴ
2293 1019 2583 1087 βούλεσθαι
2617 1020 2934 1083 ἀποδοῦναι,
2968 1021 3100 1089 ὅσην
3131 1019 3182 1071 οἱ
3217 1021 3385 1089 ἱερεῖς
3441 1036 3573 1072 κατ-

1992 1111 2250 1165 εϐἀλοντο
2279 1111 2480 1177 ἔξοδον,
2540 1112 2869 1175 ἀπελθόντες
2918 1114 2977 1177 ἐξ
3034 1112 3215 1175 αἰτίας
3278 1111 3444 1164 αὐτοῦ
3494 1112 3573 1171 εἰς

1991 1204 2084 1255 τὸν
2141 1203 2351 1270 Χάνην,
2417 1204 2512 1256 καὶ
2556 1204 2884 1274 συνθέμενος
2940 1207 3006 1274 τῇ
3060 1205 3267 1257 τούτων
3327 1204 3574 1272 ἀσεϐείᾳ,

1996 1293 2496 1362 μουσουλμανίσας,
2559 1296 2790 1348 πλεῖστα
2853 1296 3216 1349 καθικέτευσε
3277 1294 3576 1356 συνοδικῶς

1995 1386 2097 1453 τὴν
2120 1385 2280 1454 ἡμῶν
2314 1386 2648 1456 μετριότητα
2682 1386 2776 1439 καὶ
2823 1389 3006 1440 πᾶσαν
3056 1386 3157 1456 τὴν
3217 1386 3348 1455 περί
3403 1386 3576 1453 αὐτὴν

1998 1477 2148 1542 ἰερὰν
2178 1478 2540 1548 ἀδελφότητα,
2561 1477 2638 1540 ὡς
2669 1476 2737 1531 ἀν
2761 1478 3001 1542 μάλιστα
3028 1479 3115 1530 διὰ
3157 1478 3222 1531 τὸ
3250 1477 3576 1545 ἐπιστρέψαι

1993 1567 2102 1620 ἀπὸ
2139 1567 2243 1636 τῆς,
2265 1569 2478 1636 πλάνης
2537 1568 2631 1621 καί
2692 1569 2948 1631 ἀσεϐείας
2991 1570 3143 1623 τόνδε
3195 1569 3289 1620 τὸν
3349 1568 3577 1637 ἀδελφὸν

318 1662 812 1733 ἀναγεγραμμένον
833 1664 1056 1733 τρόπον.
1083 1663 1362 1726 Ὠσαύτως
1382 1665 1610 1736 ἐκινήθη
1634 1669 1725 1719 καὶ
1751 1667 1894 1734 ἀπη-
1950 1658 2160 1729 ,αὐτοῦ
2190 1659 2333 1731 λάϐῃ
2361 1661 2458 1714 ἐπί
2488 1678 2614 1714 τινα
2648 1661 2909 1730 καιρικὴν
2964 1659 3312 1730 προθεσμίαν
3367 1659 3430 1712 τὸ
3491 1660 3578 1711 ἐν-

318 1751 526 1822 λέγχθη
557 1753 834 1822 ἀριδήλως
883 1756 981 1807 καὶ
1010 1755 1159 1817 ὅπως
1218 1756 1310 1808 τὸν
1356 1756 1678 1822 ἐπίσκοπον,
1709 1757 1893 1812 ὅντινα
1993 1748 2238 1818 δόσιμον,
2274 1750 2372 1803 καί
2399 1751 2613 1831 ἀπέλθῃ
2636 1751 2731 1803 ἐπὶ
2766 1750 2942 1817 τούτῳ
2966 1751 3170 1815 ἐκεῖσε,
3232 1748 3578 1816 καθυποσχό-

319 1841 494 1911 δήπου
539 1842 877 1912 παρανόμως
925 1844 1023 1897 καὶ
1059 1846 1430 1908 ἀκανονίστως
1486 1848 1894 1917 ἐχειροτόνησεν
1999 1856 2162 1907 μενος
2198 1841 2269 1894 δι’
2301 1841 2658 1912 οὶκειοχειρου
2713 1841 3044 1914 γράμματος
3110 1841 3278 1894 αὐτοῦ
3339 1841 3434 1894 καὶ
3473 1840 3580 1910 ἰδίᾳ

322 1933 404 1996 εἰς
425 1935 531 2004 τήν
563 1934 879 2004 ἀγιωτάτην
915 1938 1258 2007 μητρόπολιν
1292 1940 1651 2002 Καυκασίων,
1687 1941 1894 1995 συνοδι-
1924 1941 1964 1997 Β
1994 1931 2285 2002 ὑπογραφῇ
2325 1933 2765 2002 πεπιστωμένου,
2789 1933 3079 1997 ἐπιστῆναι
3115 1933 3579 2004 ἀλογοπραγήτως
3678 1968 3684 1973 ‘

322 2026 426 2097 κήν
455 2026 644 2093 οὖσαν,
695 2032 1155 2102 χειροτονήσαντα
1209 2032 1304 2086 τὸν
1353 2035 1600 2088 τοιοῦτον
1639 2040 1733 2089 καὶ
1763 2054 1897 2106 προ-

319 2116 624 2172 ϐισάσαντα
687 2122 768 2183 εἱς
828 2122 976 2191 ἱερέα
1025 2124 1147 2177 τινά
1204 2124 1483 2194 ἀθέσμως,
1537 2126 1634 2179 ἀτε
1675 2126 1739 2195 δὴ
1772 2144 1896 2180 συν-

322 2209 565 2278 αφθέντα
620 2213 876 2279 γυναικὶ,
945 2211 1006 2277 ἐξ
1061 2215 1248 2282 ἐτέρου
1303 2214 1440 2288 οῦσῃ
1535 2217 1730 2285 ἀνδρὸς
1799 2219 1895 2271 καί

320 2300 655 2371 χηρευούσῃ,
703 2302 799 2355 καί
843 2304 923 2365 εἰς
963 2304 1279 2372 τούμφανὲς
1326 2307 1407 2369 εἰς
1463 2308 1624 2360 τοῦτο
1670 2308 1896 2377 ἐξελεγα

322 2388 547 2458 χθέντα,
601 2391 691 2444 διὰ
740 2389 918 2444 ταῦτα
965 2392 1182 2445 καθεῖλε
1232 2392 1382 2446 τόνδε
1426 2393 1518 2444 τὸν
1569 2393 1893 2460 ἐπίσκοπον,

322 2478 421 2531 καὶ
448 2479 542 2532 τὸν
571 2480 735 2534 αὑτὸν
761 2482 925 2533 πάλιν
946 2480 1345 2551 δεξιωσάμενον
1390 2481 1610 2548 ἔπειτα,
1672 2484 1897 2539 αὐτονό-

324 2586 412 2638 μῳ
439 2571 635 2641 γνώμῃ
666 2574 761 2627 καὶ
783 2572 936 2643 παρά
965 2573 1186 2642 τὴντῶν
1209 2574 1370 2628 θείων
1388 2577 1482 2628 καὶ
1522 2575 1686 2646 ἰεριῖν
1735 2577 1898 2633 κανό-

321 2676 430 2713 νων
459 2659 874 2733 παρατήρησιν,
906 2663 969 2716 οὐ
1007 2664 1168 2734 μόνον
1198 2666 1601 2737 συγχωρήσεως
1638 2668 1897 2738 ἠξίωσεν,

322 2751 463 2805 ἀλλά
499 2752 596 2804 καὶ
654 2754 1174 2826 συνελειτούργησεν
1229 2755 1402 2824 αὐτῷ,
1445 2756 1535 2810 ὅτε
1577 2756 1640 2827 δὴ
1688 2757 1899 2827 φθάσας

324 2843 706 2913 ἐχειροτόνησε
729 2844 822 2898 τὸν
856 2847 1092 2914 Σαραϊου
1128 2849 1451 2912 ἐπίσκοπον,
1473 2850 1722 2914 δεδωκὼς
1757 2852 1898 2906 ἀδει-

323 2950 392 2986 αν
411 2934 706 3000 ἀκωλύτως
729 2937 1054 3007 ἱερουργεῖν,
1097 2937 1288 3013 ῶσπερ
1323 2940 1391 2994 ἂν
1415 2942 1465 2993 εἱ
1497 2941 1665 3011 μηδέν
1702 2958 1757 2996 τι
1796 2961 1899 3015 μη-

324 3025 514 3093 δαμῶς
545 3028 1016 3098 ⁸προσκεκρουκὼς
1042 3033 1156 3092 τοῖς
1189 3030 1414 3085 κανόσιν
1469 3033 1667 3102 ἐφάνη,
1700 3034 1840 3103 πρὸς
1871 3034 1900 3087 δ

326 3118 392 3188 δὴ
421 3118 517 3172 καὶ
567 3120 679 3172 ἀπὸ
713 3123 980 3191 στόματος
1043 3126 1337 3191 συνοδικῶς
1386 3126 1752 3199 διωμολόγησε
1806 3130 1903 3185 καὶ

327 3211 616 3281 πρότερον,
646 3213 721 3284 μὴ
746 3214 1048 3285 δυνάμενος
1076 3217 1216 3288 πρὸς
1241 3218 1342 3288 τὴν
1371 3219 1633 3288 ἀλήθειαν
1680 3221 1901 3290 ἀπομά-

327 3300 544 3370 χεσθαι.
586 3304 785 3373 Ἤρκει
808 3304 910 3373 μὲν
938 3306 1033 3360 οὖν
1054 3308 1125 3362 τὰ
1158 3311 1287 3375 περὶ
1314 3309 1530 3376 τούτου,
1580 3311 1676 3364 καὶ
1741 3313 1901 3380 μόνον

325 3387 500 3452 οὕτως
525 3391 973 3464 ἀποδεδειγμένα,
1003 3397 1325 3468 καθαιρέσει
1353 3400 1562 3453 ἐκεῖνον
1587 3399 1901 3455 ὑποόαλεῖνο

328 3483 381 3534 εἰ
418 3483 528 3553 γάρ
574 3486 729 3557 ἀνδρὶ
781 3489 950 3554 παγὶς
1012 3490 1210 3558 ἱσχυρά
1265 3490 1334 3543 τά
1387 3490 1494 3545 ῐδια
1545 3492 1718 3562 χείλη,
1769 3495 1904 3563 φησί

328 3570 607 3641 Σολομὼν,
659 3575 756 3629 καὶ
806 3575 988 3643 λόγοις
1045 3576 1249 3630 οἰκείου
1300 3580 1564 3648 στόματος
1604 3571 1903 3636 ’ἁλίσκεται

308 3663 582 3731 ’ἕκαστος
615 3666 796 3736 πολλῷ
826 3684 891 3735 γε
929 3668 1130 3737 μᾶλλον
1159 3670 1187 3722 ὑ
1213 3669 1304 3723 ἐπὶ
1325 3669 1420 3725 τοῦ
1445 3671 1593 3741 ἱεροῦ
1625 3673 1901 3727 συνοδικοῦ

326 3754 681 3825 δικαστηρίου
740 3759 836 3811 καὶ
894 3760 994 3829 τῆς
1056 3760 1380 3831 Ἐκκλησίας
1432 3762 1617 3831 σχεδὸν
1681 3764 1900 3834 ἀπάσης

328 3845 493 3909 αὐτὸς
523 3846 618 3914 ἀφ’
643 3847 864 3913 ἑαυτοῦ,
926 3850 1001 3913 ὠς
1053 3850 1296 3922 εἴρηται,
1354 3852 1768 3923 διομολογήσας,
1818 3857 1901 3909 ὃτι

326 3935 388 3988 ού
411 3935 478 3989 δι’
505 3936 693 4006 ἐτερόν
714 3954 767 3991 τι
821 3938 1042 3993 καθεῖλε
1094 3941 1189 3994 τὸν
1235 3944 1311 4006 ὠς
1360 3943 1522 4013 δῆθεν
1569 3944 1901 4000 Καυκασίων

328 4028 658 4098 παρανόμως
686 4032 1133 4101 χειροτονηθέντα
1164 4033 1241 4097 εἱς
1292 4033 1392 4106 τὴν
1438 4036 1721 4107 συνοδικὴν
1769 4039 1903 4093 ταύ-

329 4134 429 4188 την
463 4118 777 4192 ἀγιωτάτην
806 4122 1162 4192 μητρόπολιν,
1196 4126 1245 4178 εἰ
1274 4127 1349 4197 μὴ
1374 4126 1460 4182 διά
1490 4129 1552 4181 τὸ
1574 4129 1900 4197 ἀφυλάκτως

329 4209 429 4277 τὴν
455 4212 797 4281 χειροτονίαν
834 4215 1043 4268 ἐκεῖνον
1082 4215 1414 4285 ποιήσασθαι
1463 4218 1559 4271 τοῦ
1605 4219 1900 4289 πρεσϐυτέ-

331 4318 426 4372 ρου
459 4303 673 4357 ἐκείνου
709 4305 805 4357 τοῦ
830 4307 1052 4372 γυναικί
1087 4308 1396 4379 χηρευούσῃ
1465 4310 1898 4382 συνεζευγμένου

329 4393 425 4444 καὶ
454 4390 514 4455 ἐξ
541 4392 732 4464 ἐτέρου
763 4394 903 4469 οῦσῃ
929 4397 1145 4467 ἀνδρὸς,
1176 4398 1253 4461 ὡς
1307 4399 1621 4470 δεδήλωται,
1670 4403 1902 4458 ἐνταῦθα

327 4480 421 4534 τοῦ
450 4480 585 4534 Θεοῦ
608 4483 842 4552 μάλιστα
875 4488 1316 4555 συνελαύνοντος,
1360 4492 1437 4555 ὡς
1487 4493 1589 4563 τὴν
1642 4496 1901 4565 ἀλήθειαν

330 4571 647 4641 ἁπανταχοῦ
675 4575 1104 4642 ἐπευδοκοῦντος
1129 4585 1356 4650 κρατεῖν
1383 4584 1480 4638 καὶ
1524 4586 1897 4656 παῤῥησιάζε-
1929 4600 1973 4654 Ῑ)

331 4660 478 4726 σθαι,
510 4663 606 4714 σὺν
637 4661 759 4734 δίκῃ
781 4665 1240 4736 ἐμπεδηθήσεται,
1272 4671 1348 4733 ὥς
1407 4690 1551 4727 τισιν
1600 4678 1901 4747 ἀρρήκτοις

331 4748 521 4813 πέδαις
545 4754 1043 4823 περισφιγγόμενος
1085 4757 1198 4819 τοῖς
1238 4758 1440 4827 χείλεσι
1492 4763 1606 4825 τοῖς
1658 4765 1897 4827 οἰκείοις.

332 4839 549 4896 Τούτων
609 4843 667 4896 δὲ
723 4843 865 4898 οὔτω
923 4850 1452 4918 προκεχωρηκότων,
1511 4854 1632 4905 ἐπεὶ
1684 4856 1902 4926 εὐδοκία

333 4929 468 4983 Θεοῦ
491 4932 744 5001 εἰσῆλθεν
772 4936 800 4988 ό
826 4936 1118 5005 κράτιστος
1142 4939 1236 4991 καὶ
1282 4938 1436 5006 ἀγιός
1488 4959 1588 5010 μου
1635 4944 1901 5014 αὐτοκρά-

332 5036 447 5090 τωρ
501 5022 821 5093 παραδόξως
851 5027 929 5088 εἱς
968 5027 1068 5096 τὴν
1124 5027 1488 5095 θεοδόξαστον,
1531 5032 1902 5100 θεοφύλακτον

337 5114 432 5167 καί
461 5112 896 5183 θεομεγάλυντον
926 5119 1129 5187 ταύτην
1183 5122 1780 5191 Κωνσταντινούπολιν,
1828 5127 1905 5179 δι-

337 5207 671 5269 καιώσαντος
704 5208 866 5262 αὐτὸν
894 5209 987 5262 τοῦ
1020 5209 1157 5263 Θεοῦ
1207 5214 1348 5267 κατά
1389 5213 1451 5267 τὸ
1506 5215 1706 5285 προσὸν
1753 5216 1903 5283 αὐτῷ

336 5299 631 5365 περιφανὲς
658 5299 865 5353 δίκαιον
899 5304 979 5365 εἰς
1007 5303 1106 5373 τὴν
1133 5307 1462 5376 προγονικὴν
1508 5310 1604 5360 καί
1629 5309 1904 5379 πατρικὴν

337 5386 500 5439 αὑτοῦ
524 5388 718 5458 ἀρχὴν,
753 5388 842 5442 διὰ
890 5391 952 5443 τὸ
1010 5391 1275 5466 θεοφιλῶς
1336 5396 1639 5465 βασιλεύειν
1693 5400 1789 5451 καὶ
1846 5401 1904 5450 ἐν

338 5475 513 5527 ᾶπασι
538 5478 650 5538 τοῖς
683 5478 992 5543 καλλίστοις
1033 5481 1384 5550 διαλάμπειν,
1447 5486 1545 5555 οὑχ
1609 5486 1810 5555 ἥκιστα
1847 5487 1904 5540 δὲ

338 5567 718 5639 φιλανθρωπίᾳ
775 5587 836 5622 τε
893 5572 987 5623 καὶ
1051 5575 1379 5643 χρηστότητι
1438 5578 1530 5629 καὶ
1567 5577 1902 5649 δικαιοσύνῃ.

349 5659 770 5728 Ἐπανῆλθεδὲ,
806 5662 967 5716 αὑτοῦ
1024 5665 1118 5716 τοῦ
1175 5664 1309 5717 Θεοῦ
1365 5670 1775 5734 συναιρομένου,
1841 5671 1906 5721 ἐκ

337 5748 435 5818 τῆς
466 5750 764 5820 ὑπερορίας
791 5753 1007 5824 ἐκείνης
1041 5755 1134 5807 καὶ
1179 5757 1210 5824 ή
1273 5762 1554 5829 μετριότης
1604 5759 1760 5829 ἡμῶν
1824 5763 1903 5822 εἰς

338 5840 435 5906 τὴν
471 5838 795 5907 Ἐκκλησίαν
819 5842 1004 5911 αὐτῆς.
1043 5844 1105 5895 Οί
1131 5844 1184 5895 δέ
1246 5861 1306 5911 γε
1370 5846 1625 5913 ῥηθέντες
1672 5846 1906 5914 πρεσϐύ-

1996 2023 2062 2091 τῇ
2086 2023 2209 2076 καθ’
2234 2024 2385 2091 ἡμᾶς
2415 2025 2535 2095 ἱερᾷ
2560 2027 2652 2078 καί
2672 2025 2793 2096 θείᾳ
2818 2026 3022 2096 συνόδῳ
3074 2026 3171 2079 καὶ
3225 2024 3577 2092 ἀπολογήσα-

2000 2112 2126 2165 σθαι
2145 2113 2241 2166 καὶ
2266 2114 2359 2166 ἐπὶ
2394 2116 2506 2176 τοῖς
2535 2115 2748 2184 ἑτέροις
2776 2117 3136 2186 ἐγκλήμασιν,
3166 2115 3250 2183 ἐφ’
3301 2108 3384 2177 οἷς
3406 2132 3577 2182 κατη-

1999 2204 2240 2272 γορεῖτο,
2265 2204 2335 2257 δι’
2360 2205 2484 2258 ὅλου
2520 2206 2616 2259 τοῦ
2648 2207 3016 2277 παρελθόντος
3083 2207 3418 2276 Ὀκτωϐρίου
3473 2224 3577 2278 μη-

1998 2294 2116 2357 νδς,
2175 2294 2272 2349 ἅτε
2333 2295 2399 2366 δὴ
2464 2297 2561 2351 καὶ
2623 2299 2731 2351 τῶν
2797 2301 3333 2369 ἀντικαθισταμένων
3398 2298 3577 2368 τούτῳ

2001 2386 2451 2455 μετακληθέντων
2481 2390 2576 2442 καὶ
2606 2392 3070 2460 παραγενομένων
3100 2407 3115 2422 ο
3148 2393 3276 2445 ἐπεὶ
3303 2391 3364 2445 δὲ
3412 2392 3576 2455 αὐτὸς

2002 2478 2102 2544 μὲν
2132 2478 2402 2544 ἐψεύσατο
2452 2480 2552 2547 τὴν
2606 2480 2920 2550 ὑπόσχεσιν,
2975 2485 3023 2535 οἱ
3079 2482 3138 2536 δὲ
3179 2483 3577 2553 ’διαληφθέντες

2002 2565 2167 2633 ἱερεῖς
2195 2563 2338 2638 ἦσαν
2367 2571 2434 2639 τῇ
2469 2572 2738 2643 ἐκκλησίᾳ
2767 2573 3226 2648 προσεδρεύοντες
3274 2574 3371 2629 καὶ
3405 2589 3576 2643 προσ-

1997 2655 2506 2728 ταλαιπωρούμενοι
2553 2663 2785 2737 πλείστῃ
2832 2664 3181 2735 κακοπαθείᾳ
3215 2664 3312 2718 καὶ
3365 2663 3576 2719 ἑαυτῶν

1998 2761 2064 2813 γε
2082 2746 2192 2800 τῶν
2222 2749 2539 2818 ἀναγκαίων
2560 2755 3060 2825 κατατρυχόμενοι,
3097 2755 3351 2809 συνοδικά
3381 2754 3575 2824 ,ψηφί-

2000 2853 2186 2908 σματα
2245 2841 2510 2904 πολλάκις
2561 2844 2659 2898 καὶ
2709 2845 2984 2916 διαφόρως
3028 2845 3378 2917 ἀπελύθησαν
3438 2845 3575 2916 πρὸς

2000 2931 2165 2983 αὐτὸν
2228 2931 2323 2985 ἐπὶ
2380 2933 2508 3006 τῷ.
2526 2934 2823 3004 ἀφικέσθαι
2880 2939 3327 3011 ἀπροφασίστως
3359 2941 3439 3003 εἱς
3477 2940 3578 3009 τὴν

2004 3018 2220 3073 σύνοδον
2244 3025 2356 3088 καὶ,
2382 3023 2437 3076 εί
2459 3039 2526 3091 γε
2550 3026 2788 3091 δύναιτο,
2815 3026 3263 3099 ἀπολογήσασθαι
3295 3030 3427 3099 περὶ
3466 3030 3577 3083 τῶν

2003 3111 2456 3182 ἐπενηνεγμένων
2505 3122 2634 3171 κατ’
2685 3118 2853 3172 αὐτοῦ
2899 3119 3157 3175 τοιούτων
3209 3121 3575 3189 αἱτιαμάτων,

2003 3203 2252 3273 δοθείσης
2280 3209 2378 3259 καὶ
2404 3208 2568 3263 πάλιν
2599 3211 2753 3282 αὐτῷ
2780 3212 2975 3283 ἑτέρας
3025 3212 3286 3283 καιρικῆς
3328 3214 3577 3283 διωρίας,

1928 3274 1974 3336 C
2008 3295 2198 3363 μέχρις
2224 3297 2323 3349 καὶ
2349 3297 2470 3351 ὅλου
2495 3299 2694 3371 δηλαδὴ
2721 3274 2816 3355 τοῦ
2841 3274 3205 3373 παρελθόντος
3240 3274 3577 3373 ςᾸπριλλίού,

2003 3384 2169 3438 τῶνδε
2199 3389 2310 3439 τῶν
2335 3388 2532 3458 ἱερέων
2561 3392 2705 3445 κατὰ
2733 3393 2826 3446 τὸν
2853 3394 3037 3463 ὅμοιον
3089 3395 3293 3465 τρόπον
3342 3395 3576 3450 ἐνταῦθα

2005 3477 2488 3546 κατατριϐομένων
2556 3483 2651 3536 καὶ
2704 3482 2807 3555 τὴν
2859 3486 3130 3557 τοσαύτην
3191 3486 3576 3555 ὑφισταμένων

2002 3569 2382 3641 ταλαιπωρίαν
2454 3572 2550 3626 καί
2621 3575 2997 3630 κακοπάθειαν
3072 3578 3167 3631 καὶ
3220 3578 3320 3647 τὴν
3369 3579 3577 3631 ἐκείνου

2003 3658 2187 3730 ἄφιξιν
2219 3664 2602 3731 ἀναμενόντων
2652 3666 2750 3719 καὶ
2803 3665 3243 3721 διαόιϐασάντων
3297 3671 3360 3722 οὐ
3415 3670 3576 3739 μόνον

2000 3750 2102 3821 τὴν
2129 3753 2251 3804 τότε
2275 3746 2370 3806 τοῦ
2411 3756 2732 3825 μετοπώρου
2781 3755 2949 3825 ὥραν,
2999 3758 3138 3811 άλλά
3177 3762 3273 3812 καὶ
3334 3761 3435 3829 τὴν
3480 3759 3576 3813 τοῦ

2000 3843 2298 3911 χειμῶνος,
2337 3845 2436 3914 ἤδη
2465 3844 2522 3899 δὲ
2555 3846 2650 3899 καὶ
2680 3848 2912 3917 ταυτηνὶ
2939 3848 3125 3918 σχεδὸν
3172 3849 3271 3919 τὴν
3331 3850 3426 3902 τοῦ
3470 3851 3575 3901 ἐνι-

1977 3934 2271 4013 σταμένου
2299 3935 2512 4005 θέρους.
2558 3937 2769 4008 Προέὸη
2814 3940 2999 4006 μέντοι
3031 3943 3124 3993 καὶ
3172 3936 3330 4004 αῦθις
3370 3941 3575 3994 συνοδι-

2001 4024 2096 4076 κὸν
2126 4025 2387 4094 ψήφισμα
2420 4027 2558 4093 πρὸς
2588 4028 2754 4082 αὑτὸν
2807 4029 3088 4099 ἐμϐριθῶς
3138 4033 3197 4084 ἐν
3256 4032 3451 4102 ἱσχυρᾷ
3491 4031 3575 4101 βε-

2003 4114 2232 4168 ϐαιώσει
2286 4119 2771 4186 ἐπιφωνούμενον,
2838 4122 2954 4186 ὡς,
3017 4121 3178 4190 εἴπερ
3239 4123 3337 4175 καὶ
3388 4124 3574 4190 πάλιν,

2002 4209 2482 4276 περιφρονητικῶς
2508 4208 2797 4275 διατεθεὶς,
2829 4211 2929 4264 οὐκ
2961 4213 3270 4283 ἀπαντήσει
3297 4214 3447 4275 ἐντὸς
3477 4215 3575 4283 τῆς

2002 4296 2403 4370 ἀποταχθείσης
2429 4299 2650 4370 διωρίας
2683 4302 2826 4355 κατά
2887 4302 3089 4373 πολλὴν
3143 4306 3573 4371 συγκατάὄπισιν,

2005 4389 2179 4459 ἤγουν
2204 4389 2299 4442 τοῦ
2331 4390 2696 4459 παρελθόντος
2767 4393 3103 4463 Ἀπριλλίου,
3141 4395 3217 4457 ὡς
3258 4395 3575 4467 δεδήλωται,

2001 4479 2077 4542 ὡς
2109 4482 2462 4551 καταφρονῶν
2493 4484 2595 4551 μὲν
2624 4484 2720 4538 καὶ
2760 4486 2859 4555 τῆς
2898 4474 3010 4541 τῶν
3056 4488 3214 4540 θείων
3267 4492 3363 4545 καὶ
3414 4490 3576 4557 ἱερῶν

2002 4571 2243 4624 κανόνων
2273 4573 2730 4641 παρακελεύσεώς
2773 4590 2834 4627 τε
2860 4577 2955 4629 καί
3016 4577 3330 4641 διατάξεως,
3365 4578 3575 4634 ἀθετῶν

2002 4661 2174 4714 δὲκαὶ
2197 4661 2293 4732 τὴν
2324 4663 2460 4731 πρὸς
2498 4664 2597 4731 τὴν
2630 4663 2846 4717 σύνοδον
2903 4667 3041 4720 ἰδίαν
3069 4667 3366 4736 ὑπόσχεσιν
3406 4668 3574 4721 αὐτοῦ

2002 4752 2468 4821 ὁμολογουμένως,
2535 4755 2858 4825 καθαιρέσει
2920 4758 3360 4827 ὑποδληθήσεται
3413 4759 3576 4812 ἕνεκα

2003 4845 2113 4897 τῶν
2134 4843 2603 4913 ἀποδεδειγμένων
2629 4847 2754 4899 κατ’
2780 4846 2947 4900 αὑτοῦ
2998 4849 3258 4902 τοιούτων
3294 4850 3462 4919 ἐγκλη
3473 4851 3577 4918 μά-

2003 4949 2134 4994 των,
2161 4930 2230 4984 δι’
2258 4925 2334 4985 ὧν
2361 4934 2473 4995 τοῖς
2501 4935 2722 4987 κανόσιν
2762 4935 2934 5005 ἐφάνη
2989 4937 3452 5005 προσκεκρουκὼς
3480 4941 3575 4991 καὶ

2006 5024 2438 5094 ἐμπαροινήσας.
2476 5025 2712 5090 Ἐκεῖνος
2745 5027 2927 5094 μέντοι
2995 5043 3061 5095 γε
3111 5029 3208 5081 καί
3274 5029 3575 5101 διαρρήδην

2004 5111 2431 5181 διωμολόγησεν,
2488 5113 2569 5166 έτι
2620 5115 2900 5187 ἐπιδημῶν
2946 5117 3200 5181 ἐνταῦθα,
3253 5120 3577 5189 ὑπεραλγῶν

2004 5201 2165 5270 δῆθεν
2195 5205 2287 5255 ἐπὶ
2324 5206 2390 5274 τῇ
2459 5204 2666 5275 ψυχικῇ
2723 5207 2972 5280 ἀπωλείᾳ
3018 5208 3113 5262 τοῦ
3170 5209 3422 5278 ἀδελφοῦ,
3475 5211 3572 5274 ὡς,

2007 5293 2165 5364 εἴπερ
2198 5295 2455 5349 ἀπεδίδου
2490 5299 2587 5367 τὴν
2617 5300 3061 5370 καταϐληθεῖσαν
3088 5304 3243 5372 παρὰ
3271 5302 3435 5355 τῶνδε
3465 5304 3576 5354 τῶν

2008 5385 2199 5453 ἱερέων
2232 5387 2429 5453 ἔξοδον,
2462 5390 2807 5444 ἀπελθόντων
2833 5391 2892 5455 ἐξ
2925 5393 3106 5454 αἰτίας
3147 5392 3312 5451 αὑτοῦ
3338 5394 3417 5453 εἰς
3477 5391 3571 5444 τὸν

2009 5474 2214 5547 Χάνην,
2266 5478 2519 5548 καθάπερ
2541 5481 2754 5550 εῐρηται
2784 5481 3064 5553 ἀνωτέρω,
3096 5481 3389 5534 κάντεῦθεν
3417 5498 3577 5535 κατε-

2009 5568 2244 5620 παύοντο
2270 5569 2364 5621 καὶ
2394 5571 2460 5621 τά
2487 5572 2786 5638 ἐπιφυέντα
2813 5558 3109 5640 σκάνδαλα,
3143 5575 3242 5624 οὑκ
3268 5573 3336 5626 ἂν
3363 5573 3391 5623 ό
3429 5573 3578 5626 ἀδελι

2010 5660 2219 5726 φὺς,ὠ;
2259 5662 2333 5730 μὴ
2360 5659 2656 5732 ῶφελε,τῷ
2690 5664 3186 5734 μουσουλμανισμῷ
3218 5668 3575 5734 περιέπιπτε.
3688 5702 3693 5703 ν

2009 5752 2445 5823 Μεμαρτύρηται
2464 5754 2520 5806 δὲ
2538 5755 2806 5825 ἁριδήλως
2823 5757 2891 5808 τά
2913 5754 3043 5825 περὶ
3068 5756 3258 5809 τούτου
3303 5757 3397 5810 καὶ
3427 5757 3582 5826 παρὰ

2009 5845 2117 5899 τῶν
2172 5846 2474 5914 ἱερωτάτων
2527 5848 2827 5917 ἀρχιερέων
2876 5849 2970 5902 καὶ
3025 5849 3364 5918 ὑπερτίμων,
3397 5847 3491 5902 τοῦ
3514 5862 3580 5901 τε
