4050 6482
311 409 458 480 1353

1154 412 1506 474 CALLISTI
1546 411 1644 472 ΕΤ
1673 409 2103 473 PHILOTHEI
2142 409 2253 472 ΟΡ.
2302 405 2768 469 PATRIARCH.

3451 392 3585 458 1354

315 527 612 601 μετριότης
647 479 806 598 ἡμῶν
860 521 1238 594 ἀναδεξαμένη
1286 525 1394 579 ἀπὸ
1425 522 1562 577 Θεοῦ
1594 521 1694 592 τὴν
1724 522 1902 576 οἰκου-
1932 527 1976 583 Δ
2006 519 2106 590 (pb;
2139 521 2236 574 καὶ
2265 517 2685 586 συλλειτουργὺς
2711 514 2812 583 τῆς
2844 509 3006 582 ἡμῶν
3033 510 3416 580 μετριότητος.
3447 509 3587 578 ἀνὴρ

319 623 552 694 μενικὴν
591 620 701 674 τῶν
731 617 922 690 ψυχῶν
950 617 1291 690 προστασίαν
1339 617 1448 671 τῶν
1487 615 1746 672 ἀπάντων
1768 615 1904 684 Χρι-

319 706 575 778 στιανῶν,
610 712 698 766 διὰ
731 711 1012 782 φροντίδος
1060 705 1176 782 εἶχε
1223 711 1319 764 καί
1350 711 1619 780 πρότερον
1662 711 1902 778 ἐγκατα-

319 806 518 875 στῆσαι
555 805 826 875 ἀρχιερέα
856 804 954 859 καὶ
980 804 1076 857 ἐπὶ
1106 805 1173 874 τῇ
1211 802 1332 856 καθ’
1365 803 1510 871 ὑμᾶς
1537 801 1712 872 ταύτῃ
1737 802 1906 868 ἁγιω-

287 943 294 947 .
318 897 460 970 τάτῃ
486 895 820 966 μητροπόλει
845 909 860 926 ο
885 894 1010 948 ἐπεὶ
1034 894 1093 949 δὲ
1120 893 1326 964 ἀρτίως
1351 891 1650 947 κατέλαϐεν
1671 890 1906 946 ἐνταῦθα

321 989 353 1043 ό
383 986 590 1059 ἀρτίως
613 985 912 1056 ψηφισθεὶς
961 986 1058 1040 καί⁸
1101 983 1506 1056 χειροτονηθεὶς
1549 983 1774 1053 γνήσιος
1811 985 1909 1053 ἀρ-

321 1081 545 1152 χιερεὺς
577 1079 673 1134 ἐπὶ
695 1082 824 1150 τῇδε
863 1081 930 1152 τῇ
963 1081 1246 1153 ἁγιωτάτῃ
1285 1077 1579 1149 ἐκκλησίᾳ,
1608 1077 1908 1148 ὐπέρτιμος
1935 1131 1944 1136 ,,

321 1176 418 1230 καὶ
443 1174 672 1246 ἔξαρχος
692 1174 803 1228 τῶν
833 1173 1128 1233 Κυκλάδων
1179 1176 1384 1242 νήσων,
1436 1173 1724 1243 ἀγαπητὸς
1767 1171 1910 1227 κατά

320 1270 528 1342 Κύριον
585 1269 818 1339 ἀδελφὸς
847 1270 968 1325 ικαὶ
1021 1270 1440 1341 συλλειτουργδς
1473 1270 1575 1340 τῆς
1618 1268 1777 1339 ἡμῶν
1812 1285 1911 1339 με-

321 1364 634 1436 τριότητος,
683 1362 824 1435 ἀνήρ
849 1363 1087 1435 εὐλαϐὴς
1119 1365 1214 1419 καὶ
1273 1365 1530 1435 ἐνάρετος
1579 1364 1675 1418 καὶ
1727 1363 1912 1428 ἰκανδς

321 1454 512 1525 ψυχῶν
557 1447 920 1525 προΐστασθαι
969 1455 1065 1508 καὶ
1122 1458 1492 1526 χειραγωγεῖν
1546 1455 1721 1519 αὐτὰς
1771 1455 1912 1526 πρὸς

321 1548 424 1616 τὴν
475 1546 750 1617 σωτηρίαν
776 1547 960 1616 λόγοις
1005 1547 1099 1602 καὶ
1147 1547 1513 1617 παραινέσεσι
1551 1548 1670 1609 ταῖς
1702 1564 1915 1616 προση-

325 1636 576 1701 κούσαις,
606 1637 701 1691 καὶ
732 1638 842 1692 ίδού
871 1639 970 1692 σὺν
992 1637 1114 1708 Θεῷ
1139 1637 1360 1709 ἔρχεται
1396 1639 1533 1706 πρὸς
1558 1639 1704 1708 ὑμᾶς
1723 1655 1738 1671 ο
1771 1655 1915 1708 παρ-

326 1731 595 1797 εγγυᾶται
623 1730 789 1784 πᾶσιν
819 1730 952 1800 ύμῖν
982 1731 1015 1800 ή
1055 1731 1350 1801 μετριότης
1372 1731 1549 1802 ἡμῶν,
1582 1733 1660 1796 ώς
1693 1731 1760 1788 ἃν
1783 1731 1916 1786 ὑπο-

2005 609 2225 665 συνέσει
2249 609 2347 663 καὶ
2371 609 2718 679 πνευματικῇ
2745 603 2968 673 παιδείᾳ
2991 603 3084 655 καὶ
3109 601 3283 670 ἀρετῇ
3313 614 3591 668 κεκοσμη-

2009 702 2171 773 μένος
2197 702 2294 756 καὶ
2314 702 2499 763 ἰκανὸς
2521 699 2709 770 ψυχῶν
2732 697 2828 752 καὶ
2850 694 3199 765 πραγμάτων
3222 691 3589 761 προΐστασθαι

2005 797 2099 849 καί
2127 797 2493 867 χειραγωγείν
2522 792 2694 856 αὐτάς
2739 790 2876 862 πρὸς
2900 789 2998 861 τὴν
3029 785 3311 856 σωτηρίαν
3337 784 3418 852 τῷ
3454 783 3588 835 ὐπο-

2005 886 2262 956 δείγματι
2293 886 2386 942 τοῦ
2419 884 2707 955 θεοφιλοῦς
2739 884 2854 956 βίου
2901 880 3090 944 αὐτοῦ,
3114 880 3267 940 ὅστις
3298 877 3394 929 καὶ
3436 875 3590 944 ἔρχε-

2008 995 2101 1032 ται
2131 978 2244 1037 ἰδοὺ
2275 979 2375 1032 σὺν
2417 977 2538 1049 Θεῷ
2583 977 2720 1047 πρὸς
2768 975 2948 1046 ὑμᾶς’
2983 961 3368 1042 παρεγγυᾶται
3409 967 3592 1021 τοίνυν

2009 1070 2296 1140 πατρικῶς
2346 1072 2511 1125 πᾶσιν
2559 1071 2691 1141 ὐμίν
2734 1070 2767 1140 ή
2821 1068 3115 1140 μετριότης
3169 1062 3352 1135 ήμῶν,
3402 1059 3478 1122 ώς
3525 1058 3602 1112 ἂν.

2011 1161 2342 1233 ὐποδέξησθε
2373 1162 2564 1216 τοῦτον
2593 1160 2713 1232 μετ’
2740 1159 3082 1231 εὐφροσύνης
3131 1158 3274 1210 κατά
3299 1153 3363 1208 τδ
3404 1150 3589 1223 χρέος,

2010 1257 2147 1327 ὅπερ
2181 1256 2332 1327 ἔχετε
2378 1257 2488 1312 ἀπὸ
2527 1255 2637 1310 τῶν
2670 1254 2832 1328 ἱερῶν
2863 1256 3104 1309 κανόνων
3131 1251 3230 1306 καὶ
3261 1249 3372 1304 τῶν
3403 1245 3594 1317 φιλευ-

2012 1347 2188 1404 σεϐῶν
2213 1349 2416 1420 νόμων,
2447 1348 2540 1401 καὶ
2571 1347 2885 1418 ἀπονέμητε
2916 1345 3090 1414 τούτῳ
3126 1343 3267 1398 κατά
3296 1340 3397 1410 τὴν
3431 1337 3588 1408 περι-

2011 1440 2275 1511 κειμένην
2325 1439 2474 1510 αὐτῷ
2521 1439 2913 1511 ἀρχιερατικὴν
2952 1437 3113 1502 ἀξίαν
3164 1433 3427 1490 παντοίαν
3457 1430 3590 1484 αἰδὼ

2014 1534 2110 1589 καὶ
2135 1535 2321 1606 τιμήν,
2341 1536 2433 1589 καί⁵
2456 1524 2690 1605 δέχησθε
2725 1516 2822 1587 καὶ
2845 1530 3116 1601 σπεύδητε
3139 1524 3469 1599 ἐκπληροῦν,
3491 1524 3592 1578 ὅσα

2017 1631 2206 1699 μέλλει
2256 1630 2438 1700 λέγειν
2493 1632 2591 1701 καὶ
2645 1629 2918 1684 διδάσκειν
2962 1627 3136 1698 ’ὐμᾶς,
3176 1622 3468 1694 ἀφορῶντα
3511 1618 3595 1680 εἱς

2015 1722 2292 1793 ὠφέλειαν
2315 1724 2425 1778 τῶν
2451 1722 2736 1793 ὑμετέρων
2760 1713 2974 1792 ψυχῶν,
2999 1719 3092 1772 καὶ
3123 1718 3208 1788 ἐφ’
3228 1712 3310 1779 οἷς
3340 1714 3406 1769 ἂν
3427 1712 3596 1782 δεήσῃ

325 1819 554 1890 δέξησθε
595 1817 790 1873 τοῦτον
820 1819 961 1890 μετὰ
989 1821 1371 1891 περιχαρείας,
1423 1821 1520 1876 καὶ
1568 1821 1913 1892 εὐφρανθῆτε
2018 1813 2338 1885 προϐαίνειν
2382 1814 2722 1885 χειροτονίας
2769 1814 2991 1883 ἰερέων,
3041 1811 3326 1874 διακόνων,
3363 1806 3502 1861 ἀλλά
3532 1804 3599 1874 δή

326 1911 419 1966 ἐπὶ
467 1912 534 1982 τῇ
575 1912 860 1983 παρουσίᾳ
899 1912 1090 1975 αὐτοῦ,
1130 1915 1224 1966 καὶ
1256 1911 1488 1983 δέχησθε
1515 1913 1612 1966 καὶ
1642 1912 1913 1982 σπεύδητε
1948 1903 1987 1958 Β
2017 1908 2113 1960 καὶ
2141 1904 2506 1973 καθιερώσεις
2534 1904 2702 1968 ναῶν,
2729 1903 2920 1958 τοῦτον
2959 1902 3124 1973 μόνον
3165 1899 3396 1970 δέχησθε
3439 1898 3598 1950 ἐκτε-

330 2002 661 2074 ἐκπληροῦν,
707 2003 808 2057 ὅσα
851 2003 1036 2074 μέλλει
1085 2005 1267 2072 λέγειν
1317 2007 1416 2058 καὶ
1452 2004 1728 2060 διδάσκειν
1767 2007 1920 2076 ὑμᾶς
2019 1999 2215 2052 λοῦντα
2243 1996 2420 2052 ταῦτα
2450 1999 2526 2059 ὡς
2547 1998 2772 2065 γνήσιον
2801 1993 3069 2066 ἀρχιερέα
3089 1993 3244 2061 ὑμῶν
3268 1991 3363 2044 καὶ
3384 1989 3602 2057 πατέρα

327 2093 624 2165 ψυχωφελῆ
664 2096 757 2148 καὶ
799 2095 1068 2166 σωτήρια,
1101 2096 1426 2161 ὑπείκοντες
1473 2097 1624 2167 αὐτῷ
1656 2101 1754 2154 καὶ
1791 2116 1914 2151 πει-

330 2184 682 2255 θαρχοῦντες,
706 2183 782 2248 ὡς
807 2185 998 2256 οἰκείῳ
1026 2186 1252 2255 ποιμένι
1282 2188 1379 2242 καὶ
1425 2189 1598 2258 πατρὶ
1641 2191 1736 2245 καὶ
1765 2189 1919 2245 διδα-

331 2278 520 2348 σκάλῳ
562 2277 946 2347 πνευματικιῖη
993 2279 1090 2333 καὶ
1121 2279 1299 2335 πάντα
1339 2281 1545 2352 τρόπον
1580 2283 1915 2348 ἐπαγωνιζό-

334 2385 486 2440 μενοι
516 2367 959 2438 ἀναστρέφεσθαι
993 2371 1086 2422 καὶ
1117 2370 1517 2438 πολιτεύεσθαι,
1550 2371 1626 2435 ώς
1679 2373 1922 2443 ἁρμόζειν

331 2459 682 2530 Χριστιανοῖς
709 2460 1020 2532 ἀνθρώποις
1050 2461 1191 2516 κατά
1227 2463 1354 2526 τοὺς
1387 2461 1624 2534 θεσμοὺς
1657 2463 1760 2532 τῆς
1795 2463 1918 2519 Ἐκ-

334 2551 566 2622 κλησίας
618 2550 778 2618 Θεοῦ,
829 2554 923 2606 καὶ
953 2551 1136 2616 καθὼς
1174 2555 1224 2607 οἰ
1261 2553 1603 2622 φιλευσεϐεῖς
1646 2556 1757 2609 τῶν
1782 2558 1920 2628 Χρι-

336 2646 574 2700 στιανῶν
610 2645 907 2699 ἀπαιτοῦσι
935 2645 1116 2716 νόμοι,
1149 2646 1374 2717 ἀγάπην
1422 2647 1640 2718 ἔχοντες
1675 2649 1794 2719 μετ’
1826 2651 1919 2702 ἀλ-

337 2738 517 2809 λήλων
542 2740 636 2793 καὶ
663 2739 914 2811 εἰρήνην,
940 2739 1310 2811 ἐλεημοσύνην
1343 2739 1441 2794 καὶ
1465 2742 1752 2809 μετάδοσιν
1782 2746 1922 2816 πρὸς

334 2830 460 2891 τοὺς
485 2829 723 2902 πένητας
743 2830 837 2884 καὶ
861 2831 986 2895 τοὺς
1012 2831 1417 2901 αἰχμαλώτους,
1440 2833 1759 2904 ἐξαγορείαν
1785 2836 1921 2906 πρὸς

335 2922 464 2985 τοὺς
509 2923 921 2992 πνευματικοὺς
979 2925 1248 2993 πατέρας,
1302 2923 1414 2978 τῶν
1445 2927 1924 2998 ἐκκλησιαστικῶν

339 3015 615 3080 συνάξεων
640 3017 738 3069 καὶ
761 3015 873 3070 τῶν
902 3017 984 3079 εἰς
1008 3015 1144 3070 Θεὸν
1164 3011 1453 3088 ὐμνὶρδιῶν
1489 3021 1761 3091 μηδαμῶς
1791 3025 1927 3076 ἀπο-

336 3107 734 3177 λιμπανόμενοι
791 3108 885 3161 ἐπὶ
923 3107 1341 3179 καθάρσει-καὶ
1390 3110 1654 3180 ἁγιασμῷ
1702 3113 1813 3167 τῶν
1844 3114 1924 3166 οἰ-

338 3201 504 3255 κείων
528 3200 740 3270 ψυχῶν,
767 3199 867 3255 καί
891 3199 1080 3263 ἁπλῶς
1110 3203 1309 3270 εἰπεῖν,
1338 3203 1516 3273 πάσης
1552 3203 1652 3273 μέν
1680 3204 1926 3275 ἀκαθαρ-

340 3291 464 3355 σίας
495 3258 850 3361 άπεχόμενοι,
875 3258 1076 3360 πάσης-
1095 3291 1154 3345 δέ
1205 3258 1576 3364 ἀγαθοεργίας
1623 3258 1926 3364 ἀντεχόμε-
1954 3258 1996 3315 C

339 3401 444 3448 νοι,
476 3366 625 3454 ἐίῆς
655 3384 788 3445 Θεὸς
817 3382 1186 3453 θεραπεύεται
1215 3386 1310 3437 καὶ
1335 3384 1627 3453 ἀμείϐεται
1654 3385 1928 3447 πλουσίως

340 3478 469 3540 τούς
500 3472 1110 3546 οἰκείουςδθεράποντας
1141 3475 1199 3530 ἐν
1221 3493 1280 3530 τε
1335 3477 1413 3548 τῷ
1435 3475 1532 3533 νῦν
1557 3477 1714 3532 αἰῶνι
1745 3479 1840 3531 καὶ
1870 3479 1930 3531 ἐν

342 3569 422 3640 τῷ
452 3570 702 3640 μέλλοντι
727 3581 742 3599 ⁸
770 3568 1028 3641 τοιαύτην
1054 3569 1163 3638 γάρ
1188 3569 1282 3623 καὶ
1307 3568 1526 3640 ἔχοντες
1544 3569 1646 3639 τήν
1668 3570 1931 3641 ἀναστρο-

343 3662 451 3734 φήν
496 3663 594 3715 καὶ
625 3659 747 3732 Θεῷ
776 3658 1228 3732 εὐαρεσκοῦντες,
1258 3661 1592 3732 κληρονόμοι
1621 3662 1924 3732 γενήσεσθε

343 3757 441 3808 καὶ
469 3754 580 3810 τῶν
609 3752 1128 3823 αἰωνίων-ἀγαθῶν,
1155 3751 1192 3806 ἃ
1239 3753 1540 3824 ἡτοίμασεν
1588 3755 1617 3806 ὁ
1653 3753 1788 3817 Θεὸς
1816 3757 1930 3818 τοῖς

344 3847 440 3918 ὅλῃ
475 3843 939 3918 προθέσειψυχῆς
973 3845 1135 3902 αὐτὸν
1163 3846 1486 3915 ἀγαπήσασι
1513 3847 1722 3910 καὶτὰς
1753 3864 1933 3917 σωτη-

348 3941 501 4011 ρίους
540 3939 711 3995 αὐτοῦ
745 3939 1050 4011 φυλάξασιν
1081 3938 1324 4004 ἐντολὰς,
1365 3938 1426 3992 οὗ
1459 3939 1556 3994 καί
1589 3942 1622 4010 ή
1656 3942 1814 4012 χάρις
1843 3942 1929 4012 είη

351 4030 492 4100 μετὰ
522 4031 742 4084 πάντων
770 4029 949 4100 ὑμῶν.
973 4039 976 4042 ’

416 4123 456 4194 1-
485 4124 629 4193 Εἷχε
668 4125 770 4178 τό·
827 4122 988 4191 Μηνί
1022 4121 1338 4192 Ἀπριλλίῳ
1388 4123 1505 4176 ινδ.
1548 4129 1601 4189 ι’,
1668 4123 1767 4177 διὰ
1820 4122 1932 4192 τῆς

346 4217 547 4286 τιμίας
589 4213 964 4286 δεσποτικῆς
995 4214 1094 4269 καί
1123 4215 1302 4285 ἁγίας
1341 4215 1784 4294 πᾳτριαρχικῆς
1815 4231 1934 4284 χει-

347 4311 476 4378 ρός.

414 4486 493 4545 11.
527 4486 570 4559 ἰ-
596 4486 664 4540 Ol
707 4487 789 4551 εἰς
819 4488 921 4556 τὴν
950 4489 1224 4560 ἐπαρχίαν
1273 4488 1366 4543 καὶ¹
1417 4489 1778 4560 ἐπικράτειαν
1825 4489 1936 4544 τῶν

2021 2091 2392 2160 πνευματικὸν
2442 2091 2538 2143 καὶ
2595 2089 2939 2150 διδάσκαλον,
2973 2086 3162 2158 ἐπειδὴ
3201 2085 3297 2139 καὶ
3339 2077 3505 2137 αῦται
3543 2081 3600 2134 αἰ

2022 2184 2302 2246 Κυκλάδες
2349 2184 2505 2253 νῆσοι
2560 2165 2827 2252 ὐπὺ“’τὴν
2884 2180 3052 2234 αὐτοῦ
3101 2180 3465 2250 ἐπικράτειαν
3508 2177 3600 2228 εύ-

2025 2268 2430 2347 ρέσκονται’καὶ
2457 2276 2734 2345 ἐφορείαν,
2765 2273 2895 2336 τοὺς
2920 2272 2977 2325 δὲ
3000 2271 3196 2333 ἀλλους
3222 2270 3435 2332 πάντας
3455 2268 3608 2327 ἀπω-

2024 2368 2192 2439 θῆσθε
2251 2369 2348 2423 καὶ
2405 2367 2797 2437 ἀποπέμπητε,
2849 2365 2928 2430 ὡς
2991 2363 3268 2434 μηδεμίαν
3334 2360 3608 2434 μηδαμῶς

2025 2463 2247 2533 ἔχοντας
2282 2462 2372 2514 ἐπί
2403 2461 2614 2524 τούτοις
2643 2461 2856 2526 ἄδειαν,
2889 2459 3033 2515 κατά
3056 2458 3154 2529 τὴν
3185 2461 3292 2510 τῶν
3323 2455 3504 2509 αὐτῶν
3533 2455 3610 2508 ἰε-

2031 2556 2139 2626 ρῶν
2173 2553 2269 2608 καὶ
2299 2553 2459 2607 θείων
2489 2553 2732 2607 κανόνων
2762 2551 3167 2623 παρακέλευσιν
3201 2550 3296 2604 καὶ
3323 2546 3569 2612 διάταξιν
3593 2562 3608 2578 ·

2026 2648 2087 2701 οὐ
2119 2648 2225 2717 μὴν
2255 2647 2393 2701 ἀλλά
2423 2649 2520 2701 καὶ
2549 2646 2710 2718 εἴπερ
2743 2645 3064 2716 πειραθεῖεν
3095 2643 3224 2706 ἴσως
3256 2641 3404 2705 τινες
3433 2640 3467 2712 ἢ
3500 2640 3611 2693 τῶν

2027 2740 2122 2795 τοῦ
2148 2742 2349 2812 μέρους
2379 2743 2478 2811 τῆς
2507 2743 2729 2812 Κρήτης
2753 2740 2786 2812 ἢ
2811 2741 3002 2810 ἕτερός
3029 2756 3114 2802 τις
3140 2736 3613 2808 παρεισέρχεσθαι

2029 2832 2217 2887 αὐτόθι
2247 2835 2493 2906 ἐνεργεῖν
2522 2851 2574 2887 τι
2605 2833 3000 2904 ἀρχιερατικδν
3048 2831 3080 2902 ἢ
3109 2831 3238 2886 ἄλλο
3276 2848 3328 2884 τι
3361 2831 3470 2886 ἀπὸ
3503 2829 3614 2884 τῶν

2031 2923 2288 2992 ἀνωτέρω
2330 2923 2473 2976 κατά
2515 2922 2679 2993 μέρος
2725 2922 3062 2992 εἰρημένων,
3092 2921 3186 2975 ἐπὶ
3213 2920 3614 2991 περιφρονήσει

2030 3015 2185 3068 τοῦδε
2216 3011 2311 3067 τοῦ
2342 3013 2639 3084 ίερωτάτου
2673 3014 2976 3084 ἀρχιερέως
3004 3015 3099 3067 καὶ
3129 3012 3458 3082 ύπερτίμου,
3491 3013 3618 3066 ἐπεὶ

2033 3105 2139 3160 ὐπὸ
2161 3107 2261 3176 τὴν
2293 3106 2587 3177 κανονικὴν
2610 3104 2844 3176 εὐθύνην
2896 3105 2990 3159 καὶ
3016 3103 3320 3174 αὐστηρίαν
3348 3106 3475 3170 εἰσὶ,
3517 3105 3616 3159 καὶ

2033 3202 2067 3272 ή
2113 3202 2406 3274 μετριότης
2457 3201 2616 3272 ήμῶν
2663 3201 2881 3270 σύναμα
2918 3203 2984 3272 τῇ
3023 3199 3147 3253 καθ’
3177 3201 3324 3270 ἡμᾶς
3359 3199 3484 3272 ἰςρᾷ
3525 3200 3620 3255 καὶ

2032 3293 2152 3364 θείᾳ
2207 3293 2412 3364 συνόδῳ
2467 3293 2567 3346 ’καὶ
2619 3293 2724 3347 ὐπὸ
2784 3293 2952 3363 βάρος
3000 3293 3311 3364 ἀφορισμοῦ
3367 3294 3425 3346 ἐν
3477 3293 3620 3363 ἁγίῳ

2032 3385 2317 3455 Πνεύματι
2343 3387 2471 3448 τούς
2500 3384 2778 3448 τοιούτους
2811 3386 3142 3456 ποιούμεθα,
3175 3386 3311 3440 άλλά
3341 3387 3434 3441 καί
3459 3386 3620 3460 εῐπερ

2031 3477 2140 3531 ἀπὸ
2170 3477 2363 3548 ἐτέρας
2415 3477 2712 3549 ἐκκλησίας
2758 3479 3101 3549 χηρευούσης
3128 3481 3223 3532 καὶ
3274 3478 3350 3549 μὴ
3392 3478 3620 3532 ὑποκει-

2037 3570 2206 3641 μένης
2248 3570 2424 3642 ἐτέρῳ
2451 3572 2723 3641 ἀρχιερεῖ,
2761 3570 2896 3640 μηδὲ
2937 3571 3081 3624 κατὰ
3110 3570 3270 3638 λόγον
3317 3571 3620 3634 ἐπιδόσεως

2033 3660 2282 3731 δοθείσης
2311 3661 2448 3724 τινὶ,
2481 3659 2757 3729 βούλοιντό
2801 3675 2950 3720 τινες
2985 3659 3326 3728 χειροτονίας
3357 3659 3619 3722 δέξασθαι

2033 3751 2298 3806 διακόνων
2355 3753 2448 3806 καί
2481 3752 2697 3822 ἱερέων,
2727 3751 2810 3804 ἔτι
2848 3767 2907 3803 τε
2943 3753 3039 3806 καὶ
3070 3750 3431 3822 καθιερώσεις
3474 3749 3622 3803 ναῶν

2034 3844 2326 3907 ποιεῖσθαι,
2354 3844 2613 3914 διδόαμεν
2659 3843 2848 3897 ἄδειαν
2895 3843 2998 3915 ἤδη
3027 3844 3122 3898 καί
3154 3841 3512 3913 ἐγχωροῦμεν
3541 3843 3622 3912 τῷ

2034 3935 2182 4006 αὐτῷ
2230 3936 2510 4007 ἰερωτάτῳ
2549 3934 2926 4007 μητροπολίτῃ
2968 3933 3153 3988 Ῥόδου
3203 3934 3299 3988 καὶ
3329 3933 3623 4005 ὐπερτίμῳ
3709 3955 3713 3958 -

2035 4028 2276 4082 ἐκτελεῖν
2333 4028 2430 4081 καὶ
2499 4025 2672 4081 ταῦτα
2737 4026 2920 4080 πάντα
2976 4024 3470 4096 ἀποκριματίστως
3526 4025 3623 4077 καὶ

2036 4120 2352 4184 ἀκωλύτως.
2397 4119 2550 4172 Ἐπεὶ
2579 4117 2710 4187 γοῦν
2765 4117 3096 4172 κατελάϐετε
3150 4116 3249 4188 τὴν
3300 4116 3392 4170 ἐπ)⁸
3431 4117 3622 4170 τούτου

2035 4211 2313 4284 ἡμετέραν
2343 4210 2440 4266 καί
2479 4211 2769 4281 συνοδικὴν
2800 4211 3237 4280 παρακέλευσιν,
3259 4205 3506 4281 ὀφείλετε
3537 4212 3626 4264 εύ-

2036 4306 2339 4375 γνωμονείν
2383 4303 2480 4358 καὶ
2530 4304 2595 4355 ἐκ
2655 4301 2749 4356 τοῦ
2787 4302 2883 4356 ἀπ’
2933 4301 3188 4356 ἐντεῦθεν
3241 4303 3623 4381 ἀποπληροῦν,

2040 4399 2294 4471 καθάπερ
2345 4397 2756 4469 παρεγγυῶμεν
2785 4397 2884 4450 καὶ
2913 4397 3356 4468 ἐπισκήπτομεν,
3386 4396 3455 4450 ἶν’
3485 4395 3629 4451 οὕτω

2040 4495 2132 4545 καὶ
2171 4493 2204 4562 ή
2231 4491 2324 4544 τοῦ
2356 4490 2492 4544 Θεοῦ
2521 4490 2682 4560 χάρις
2716 4488 3047 4558 διαφυλάξαι
3075 4489 3222 4559 ὑμᾶς
3247 4489 3508 4552 ἀϐλαϐεῖς
3534 4491 3630 4542 καὶ

352 4579 654 4637 Κοκλάδων
676 4577 857 4650 νήσων
883 4578 1285 4648 εὑρισκόμενοι,
1319 4580 1630 4651 ἱιιραιιψοένθι,
1651 4581 1934 4652 ἄρχοντες,
1968 4608 2013 4662 τ)
2040 4586 2186 4661 ψυχῇ
2217 4585 2312 4638 καὶ
2343 4581 2558 4652 σώματι
2592 4583 2688 4635 καὶ
2717 4581 2992 4649 ἀνώτερον
3019 4581 3226 4644 παντὸς
3251 4580 3481 4650 ἀνιαροῦ
3505 4598 3631 4635 συν-

355 4673 583 4747 μοναχοὶ
618 4673 713 4726 καὶ
741 4670 946 4737 λαῖκοὶ,
976 4672 1036 4732 έν
1071 4669 1262 4740 Κυρίῳ
1309 4673 1571 4744 ἀγαπητά
1624 4676 1790 4728 τέκνα
1836 4675 1938 4743 τῆς

351 4765 510 4839 ήμῶν
546 4763 928 4836 μετριότητος,
976 4762 1137 4833 χάρις
1185 4762 1316 4834 ύμῖν
1345 4765 1432 4835 εἴη
1471 4769 1566 4820 καὶ
1609 4768 1942 4840 εἰρήνη’ἀπὺ

351 4859 509 4913 Θεοῦ.
537 4857 731 4912 υίδατε
753 4853 827 4920 ὡς
858 4854 956 4924 τῆς
979 4854 1296 4924 ἁγιωτάτης
1324 4857 1716 4926 μητροπόλεως
1753 4859 1934 4914 Ῥόδου

352 4949 582 5021 γνησίου
618 4945 956 5018 ἀμοιρορσης
990 4945 1320 5016 ἀρχιερέως,
1347 4947 1554 5018 ἐρημίᾳ
1577 4949 1672 5002 τοῦ
1702 4951 1942 5005 κωλύον-

353 5059 466 5108 τος,
493 5038 904 5111 παρεισήρχετο
934 5037 994 5090 τὺ
1029 5035 1195 5108 μέρος
1237 5037 1333 5091 τοῦ
1375 5039 1602 5108 Κρήτης
1636 5040 1668 5111 ἢ
1699 5043 1795 5094 καὶ
1824 5043 1944 5096 ετε..

358 5135 578 5206 ρόςηις,
613 5133 711 5186 καὶ
760 5133 985 5198 ἐνήργει
1040 5129 1384 5200 χειροτονίας
1431 5131 1699 5186 διακόνων
1741 5135 1837 5188 καί
1863 5137 1944 5188 ίε-

357 5227 520 5299 ρέων,
544 5225 625 5278 ἐτι
653 5223 711 5277 δέ
744 5224 842 5276 καὶ
877 5220 1240 5292 καθιερώσεις
1268 5223 1436 5288 ναῶν,
1469 5225 1622 5294 παρά
1645 5227 1747 5295 τὴν
1775 5243 1942 5280 κανοο

357 5317 514 5388 νικὴν
565 5316 956 5393 παρατήρησιν
999 5314 1076 5376 ώς
1128 5314 1260 5385 παρ’
1287 5315 1522 5386 ἐνορίαν,
1561 5319 1636 5388 μή
1685 5320 1945 5383 ἐνδόσεως

357 5409 524 5480 οὔσης
542 5409 635 5462 ἐπὶ
658 5407 871 5471 τούτοις
896 5407 1049 5497 παρά
1067 5406 1167 5477 τῆς
1193 5407 1486 5479 καθἰήμᾶς
1508 5411 1659 5481 ἰερᾶς
1679 5415 1772 5467 καὶ
1793 5413 1946 5478 θείας

241 5543 246 5546 .
362 5501 582 5557 συνόδου
604 5515 621 5532 ο
661 5501 868 5570 ἀρτίως
895 5499 950 5553 δέ
983 5499 1279 5568 γινώσκειν
1311 5501 1461 5570 ὑμᾶς
1509 5503 1844 5576 βουλόμεθα,
1869 5507 1946 5568 ώς

358 5599 426 5666 τῇ
458 5592 550 5647 τοῦ
586 5591 826 5661 Χριστοῦ
865 5595 1047 5662 χάριτι
1097 5591 1374 5663 ἐψηφίσθη
1427 5597 1523 5649 καὶ
1556 5597 1943 5668 ἐχειροτονήθη

360 5690 454 5743 ἐπὶ
501 5689 568 5754 τῇ
627 5683 856 5756 ῥηθείσῃ
897 5684 1178 5757 ἁγιωτάτῃ
1222 5689 1561 5760 μητροπόλει
1591 5691 1619 5743 ό
1649 5691 1946 5761 ἱερώτατος

360 5779 448 5834 ὅδε
478 5775 880 5849 μητροπολίτης
908 5776 1114 5842 Ῥόδου,
1142 5778 1446 5849 ύπέρτιμος
1466 5781 1560 5834 καὶ
1582 5781 1808 5853 ἔξαρχος
1837 5784 1946 5837 τῶν

364 5870 661 5925 Κυκλάδων
691 5869 894 5940 νήσων,
917 5867 976 5919 ἐν
997 5869 1144 5938 ἀγίῳ
1174 5870 1453 5943 [Ινεύματι
1478 5875 1766 5944 ἀγαπητὸς
1795 5877 1948 5933 ἀδελ-

570 6000 582 6014 '
651 5982 921 6046 ΡΑτιιοι..
949 5979 1064 6043 Gn.
1097 5977 1271 6040 CLII.

2043 4677 2380 4747 αντήματος.

2112 4769 2151 4839 1-
2188 4770 2348 4836 Μηνὶ
2399 4767 2497 4822 καί
2543 4765 2659 4819 ίνδ.
2707 4763 2830 4833 τοῖς
2868 4766 3099 4831 αὐτοῖς,
3139 4766 3239 4821 διὰ
3272 4765 3385 4834 τῆς
3437 4767 3632 4837 αὐτῆς

2046 4863 2245 4931 τιμίας
2275 4860 2501 4930 χειρός.

2259 4997 2429 5052 XXX.
2465 4997 2732 5068 Professio
2769 4997 2896 5066 ﬁdei
2943 4996 3154 5068 Georgii
3202 4995 3409 5052 Vacca.

2114 5137 2155 5207 -ί-
2186 5135 2435 5190 Πιστεύω
2466 5136 2546 5198 εἰς
2576 5134 2676 5190 ἕνα
2705 5134 2868 5203 Θεὸν,
2903 5134 3126 5207 Πατέρα
3183 5141 3632 5208 παντοκράτορα,

2045 5231 2283 5302 ποιητὴν
2309 5223 2536 5298 οὐρανοῦ
2564 5229 2662 5281 καὶ
2688 5227 2818 5297 γῆς,
2849 5244 2904 5283 κ.
2935 5244 2984 5282 τ.
3027 5227 3102 5295 λ.,
3128 5228 3223 5282 καὶ
3245 5230 3493 5300 ὁμολογῶ
3526 5269 3544 5285 .
3574 5267 3590 5282 .
3617 5270 3634 5287 .

2047 5324 2430 5394 προσέρχομαι
2457 5323 2554 5376 καὶ
2585 5321 2844 5394 καθαρῶς
2869 5323 2937 5393 τῇ
2963 5323 3250 5396 ἁγιωτάτῃ
3279 5324 3509 5399 Μεγάλῃ
3539 5323 3636 5378 τοῦ

2047 5418 2186 5473 Θεοῦ
2237 5417 2560 5488 Ἐκκλησία,
2595 5415 2690 5470 καί
2720 5415 3111 5488 ἀποϐάλλομαι
3145 5418 3332 5471 πᾶσαν
3372 5416 3636 5488 (αἵρεσιν)

2046 5509 2158 5562 τῶν
2197 5509 2470 5572 Λατίνων,
2503 5507 2605 5578 τὴν
2637 5507 2770 5578 περὶ
2805 5505 2907 5578 τῆς
2943 5507 3330 5579 ἐκπορεύσεως
3356 5509 3452 5562 τοῦ
3475 5507 3637 5577 ἀγίου

2050 5601 2372 5671 Πνεύματος
2407 5600 2503 5654 καὶ
2533 5599 2801 5669 λέγουσαν
2831 5615 2847 5632 ·
2881 5601 2978 5654 καί⁵
3001 5601 3067 5652 ἐκ
3111 5600 3203 5653 τοῦ
3231 5600 3366 5656 Υίοῦ
3403 5641 3418 5657 .
3459 5643 3474 5659 .
3512 5640 3528 5656 .
3564 5641 3580 5658 .
3620 5642 3638 5658 .

2047 5689 2296 5744 πιστεύω
2343 5691 2454 5762 γάρ
2493 5691 2589 5745 καί
2619 5690 2870 5762 ὁμολογῶ
2921 5691 3062 5746 κατά
3094 5692 3196 5765 τὴν
3230 5695 3511 5767 ἀπόφασιν
3539 5698 3638 5752 τοῦ

2051 5783 2256 5853 Κυρίου
2285 5785 2443 5856 ήμῶν
2488 5784 2668 5856 Ἰησοῦ
2707 5783 2949 5854 Χριστοῦ
2978 5787 3073 5839 καὶ
3104 5786 3201 5841 τοῦ
3243 5787 3390 5844 θείου
3422 5789 3640 5863 Συμϐό-

2051 5877 2144 5929 λου
2175 5877 2238 5930 ἐκ
2267 5876 2361 5930 τοῦ
2401 5877 2615 5948 [ἰατρὸς
2652 5876 3054 5948 ἐκπορεύεσθαι
3102 5879 3269 5950 μόνου
3309 5885 3366 5937 τὸ
3409 5883 3640 5956 Πνεῦμα

3171 5995 3248 6054 43
