4050 6482
335 403 468 472 I361

1399 408 1795 472 SYNODICE
1830 405 2510 472 CONSTITUTIONESL

3428 395 3591 461 I362?

330 524 579 590 ἀντάξιος
620 523 714 576 καὶ
742 523 831 578 διὰ
873 521 966 577 τοῦ
998 523 1278 596 προφήτου
1309 525 1346 580 όν
1382 526 1594 596 ἐξάγων
1642 528 1793 595 ἀξιον
1838 527 1899 594 ἐξ
1934 533 1978 592 Α
2004 531 2228 600 ποιήτου
2257 531 2360 584 κάν
2387 528 2465 596 τῷ
2493 525 2622 596 ἑξῆς
2642 522 2730 579 ἀεὶ
2755 523 2931 593 χρόνῳ
2957 519 3057 592 τῆς
3085 516 3355 588 ἐνωμότου
3388 519 3568 586 ἀσφα-

330 614 578 682 ἀναξίου,
611 616 688 679 ῶς
725 615 899 684 στόμα
929 631 1031 686 μου
1064 615 1204 683 ἐστι,
1239 617 1423 688 μέλλει
1445 619 1502 673 δὲ
1531 620 1640 673 ἀπὸ
1659 620 1758 690 τῆς
1785 636 1897 673 τοι-

331 703 504 774 αύτης
542 703 939 775 ἀρχιερατικῆς
986 705 1312 769 ἐπιστασίας
1359 705 1456 759 καὶ
1505 705 1838 775 ποιμανσίας
1869 707 1898 760 ό

331 798 391 850 ἐν
435 798 504 866 τῇ
555 796 820 867 εἰρημένη
867 797 1010 866 ἀρχῇ
1044 797 1138 850 καὶ
1190 797 1516 869 ἐπικρατείᾳ
1569 799 1749 869 πάσης
1799 797 1899 868 τῆς

333 885 631 956 είρημένης
667 887 1115 957 Οὐγγροϐλαχίας
1156 888 1544 958 εὑρισκόμενος
1581 888 1900 958 Χριστῶνυ-

335 993 438 1048 μος
466 976 560 1030 τοῦ
591 976 798 1047 Κυρίου
819 977 953 1042 κλαδς
971 979 1288 1048 όδηγείσθαι
1317 981 1398 1042 είς
1421 981 1770 1052 ἐκπλήρωσιν
1793 981 1901 1035 τῶν

332 1069 622 1140 σωτηρίων
663 1068 760 1122 τοῦ
790 1071 1030 1138 Χριστοῦ
1065 1072 1298 1127 ἐντολῶν
1342 1073 1528 1143 μέλλει
1576 1074 1902 1144 εἰσηγουμέ-

330 1176 425 1214 νου
469 1159 567 1214 τοῦ
614 1159 922 1231 ἀρχιερέως
955 1163 1053 1216 καὶ
1103 1163 1514 1227 ἐκδιδάσκοντος
1564 1165 1763 1228 αὐτοὺς
1802 1164 1904 1236 τὴν

331 1251 428 1304 τοῦ
458 1251 790 1332 Εὐαγγελίου
823 1253 942 1307 όδδν
973 1254 1069 1308 καὶ
1099 1255 1436 1323 ἀφιστῶντος
1471 1258 1565 1311 καὶ
1603 1256 1904 1318 κωλύοντος

332 1341 444 1397 ἀπὸ
484 1341 596 1395 τῶν
642 1333 1108 1414 ἀπηγορευμένων
1147 1343 1326 1417 ἐργων
1357 1348 1456 1417 τῆς
1491 1347 1764 1418 ἁμαρτίας
1812 1346 1907 1402 καὶ

336 1435 541 1498 παντὸς
566 1434 804 1505 ἐκφύλου
831 1436 926 1490 καὶ
949 1436 1231 1509 ἀλλοτρίου
1249 1438 1520 1508 δόγματος
1545 1439 1644 1509 τῆς
1679 1439 1908 1508 Ἐκκλη-

340 1527 467 1590 σίας
497 1524 764 1596 Χριστοῦ,
791 1526 870 1581 ἐτι
897 1526 953 1580 δὲ
987 1528 1084 1582 καὶ
1114 1528 1213 1598 τῆς
1240 1528 1400 1599 ήμῶν
1435 1529 1787 1600 μετριότητος
1819 1529 1908 1584 διά

335 1615 579 1685 σπουδῆς
624 1614 785 1669 τοῦτο
823 1617 1130 1688 μελλούσης
1172 1619 1260 1672 ἀεὶ
1307 1619 1484 1673 ποιεῖν
1531 1621 1628 1674 καὶ
1671 1619 1908 1689 γράφειν

335 1707 431 1760 καὶ
482 1705 756 1761 νουθετεῖν
809 1707 1006 1770 αὐτοὺς
1055 1709 1135 1772 είς
1191 1707 1425 1778 τήρησιν
1481 1709 1580 1778 τῆς
1632 1709 1909 1778 ἀσφαλοῦς

335 1797 496 1869 ήμῶν
549 1798 827 1860 πίστεωςν
858 1798 995 1868 ὅπερ
1045 1799 1227 1869 ἀφορᾷ
1279 1801 1360 1862 είς
1417 1800 1622 1871 πολλὴν
1672 1801 1910 1871 ψυχικὴν

335 1878 604 1959 ὠφέλειαν
662 1889 864 1954 αὐτῶν,
918 1890 1063 1960 ὑπὲρ
1109 1883 1171 1943 οὗ
1229 1891 1374 1944 θείου
1434 1893 1760 1964 πράγματος
1811 1894 1910 1962 οὑχ
1943 1876 1986 1936 Β

341 1981 524 2045 ίκανδς
569 1981 690 2044 ὅλος
715 1983 743 2034 ό
784 1981 1012 2051 κόσμος,
1061 1982 1139 2045 ὡς
1186 1984 1588 2038 ἀποδέδεικται·
1642 1985 1733 2038 διά
1783 1985 1916 2054 γοῦν

337 2075 511 2129 ταῦτα
545 2074 578 2144 ἡ
615 2074 908 2144 μετριότης
941 2075 1121 2144 ήμῶν,
1146 2075 1659 2148 συνδιασκεψαμένη
1686 2077 1754 2130 τὰ
1786 2077 1916 2148 περὶ

339 2166 532 2221 τούτου
563 2168 630 2236 τῇ
662 2164 788 2234 περὶ
818 2164 988 2234 αὐτὴν
1019 2166 1138 2238 θείᾳ
1165 2167 1440 2240 όμηγύρει
1469 2169 1579 2224 τῶν
1607 2169 1916 2243 ίερωτάτων

341 2257 772 2330 ἀρχιερέων,τῷ
807 2256 1150 2328 Ἡρακλείας.
1230 2301 1246 2316 .
1327 2300 1340 2316 .
1417 2301 1436 2320 .
1515 2303 1530 2319 .
1608 2303 1626 2320 .
1706 2299 1723 2318 .
1802 2304 1818 2320 .
1897 2302 1913 2320 .

341 2440 464 2495 ἐπεὶ
485 2441 838 2510 ἀμεταθέτως
865 2443 1114 2514 ἐξέχεται
1143 2393 1321 2509 είςοτδ
1370 2395 1739 2519 μέτατεθῆναὶ
1766 2395 1918 2502 τόνδέ

342 2533 433 2586 τδν
458 2535 868 2606 μητροπολίτην
896 2535 1147 2608 Βιτζίνης
1184 2539 1212 2592 ό
1237 2537 1481 2605 τοιοῦτος
1521 2540 1694 2611 μέγας
1739 2538 1920 2610 βοῖϐό-

342 2623 441 2688 δας
479 2627 558 2689 είς
591 2626 684 2681 τὸν
715 2626 906 2697 θρόνον
945 2629 1128 2701 πάσης
1176 2631 1632 2704 Οὐγγροϐλαχίας
1665 2633 1758 2686 καὶ
1799 2633 1920 2687 ἐπι·
1970 2616 1986 2635 ’

345 2714 613 2783 κρατείας
654 2717 748 2769 καὶ
778 2717 954 2788 ἀρχῆς
982 2717 1172 2784 αὐτοῦ,
1201 2721 1299 2775 καὶ
1343 2722 1486 2776 κατά
1521 2722 1584 2775 τὸ
1619 2722 1794 2792 παρὸν
1820 2722 1920 2776 οὐκ

348 2805 428 2869 είς
469 2804 658 2877 ἐτερόν
706 2823 853 2869 τινα.
897 2809 1015 2863 ἀλλ’
1049 2811 1129 2873 είς
1173 2811 1336 2884 αὐτὸν
1379 2813 1482 2882 τὴν
1527 2812 1920 2884 ἀρχιερατικὴν

347 2897 551 2969 ταύτην
575 2902 914 2971 προστασίαν
940 2903 1080 2972 μετὰ
1099 2903 1302 2973 πολλῆς
1326 2904 1482 2975 ζητεῖ
1501 2905 1918 2977 παρακλήσεως,

347 2987 780 3060 ὑπισχνούμενος
802 2991 988 3046 δοῦναι
1017 2991 1289 3064 ἐνώμοτον
1315 2994 1411 3049 καλ⁵
1441 2995 1716 3065 ἔγγραφον
1747 2997 1926 3067 ἀσφά-

348 3080 524 3142 λειαν,
547 3081 642 3136 ἶνα
671 3083 798 3153 τελῇ
827 3084 888 3137 τὺ
919 3082 1027 3137 ἀπὸ
1051 3083 1206 3140 τοῦδε
1237 3086 1332 3141 καὶ
1357 3088 1438 3151 είς
1459 3088 1521 3141 τὸ
1549 3089 1697 3158 ἑξῆς,
1729 3089 1923 3160 μέχρις

350 3172 418 3228 ἂν
452 3175 772 3228 συνίσταται
803 3179 834 3244 ή
866 3175 1124 3232 αὐθεντία
1158 3179 1255 3233 καὶ
1298 3180 1442 3252 ἀρχή
1472 3180 1661 3248 αὐτοῦ,
1691 3181 1726 3251 ή
1769 3183 1924 3252 είρη-

353 3266 492 3336 μένη
521 3268 672 3321 πᾶσα
703 3231 1143 3338 Οὐγγροϐλαχία,
1948 3231 1995 3290 c

331 3355 522 3431 ¹τάτην
571 3359 668 3414 τοῦ
727 3358 862 3414 Θεοῦ
906 3360 1172 3432 Μεγάλην
1239 3364 1571 3434 Ἐκκλησίαν
1635 3367 1778 3419 κατά
1831 3365 1922 3420 τὸν

353 3453 852 3524 ἀναγεγραμμένον
897 3454 1123 3525 τρόπον·
1162 3449 1431 3528 μετέθηκε
1480 3457 1667 3512 τοῦτον
1718 3458 1783 3528 δὴ
1832 3459 1926 3512 τὸν

353 3543 668 3614 Βιτζίνηςή
713 3543 1005 3614 μετριότης
1035 3543 1194 3615 ήμῶν
1225 3545 1420 3616 γνώμῃ
1453 3547 1548 3600 καὶ
1585 3545 1806 3617 εὐδοκία
1829 3543 1925 3599 τοῦ

354 3633 624 3704 κραταιοῦ
671 3635 768 3688 καὶ
802 3635 962 3704 ἀγίου
1011 3651 1114 3705 μου
1154 3637 1580 3708 αὐτοκράτορος,
1625 3635 1720 3691 τοῦ
1768 3637 1926 3692 πάντ’

353 3727 584 3796 ἀρίστου
628 3725 724 3779 καὶ
777 3725 1163 3796 ἀπαραμίλλου
1213 3729 1281 3796 τῇ
1334 3725 1430 3779 τοῦ
1480 3722 1646 3798 ήθους
1693 3727 1788 3782 καὶ
1817 3727 1928 3781 τῶν

353 3815 574 3885 τρόπων
599 3831 704 3886 χρη
714 3815 933 3886 στότητί
955 3832 1014 3869 τε
1044 3817 1140 3870 καὶ
1169 3815 1496 3888 γαληνότητι
1519 3817 1612 3872 καὶ
1639 3817 1701 3870 τὸ
1720 3815 1930 3872 δίκαιον

355 3910 417 3962 ἐν
453 3906 626 3962 ἀπασι
655 3904 984 3978 βουλομένου
1023 3909 1250 3978 κρατεῖν
1296 3907 1393 3962 καὶ
1428 3906 1928 3980 παρρησιάζεσθαι,

357 4001 440 4064 είς
458 4000 551 4054 τὸν
578 3998 767 4072 θρόνον
803 4000 988 4071 πάσης
1026 4001 1496 4073 Οὐγγροϐλαχίας.
1523 4001 1716 4057 Ἔσται
1753 4000 1931 4056 τοίνυν

357 4095 421 4147 τὸ
447 4092 556 4146 ἀπὸ
583 4091 740 4146 τοῦδε
787 4093 880 4146 καὶ
909 4093 990 4157 είς
1015 4093 1107 4148 τὸν
1137 4093 1264 4163 ἐξῆς
1298 4093 1517 4148 ἄπαντα
1544 4094 1740 4165 χρόνον
1767 4095 1795 4148 ό
1838 4092 1932 4165 δη-

357 4186 555 4249 λωθεὶς
590 4185 887 4256 ἱερώτατος
935 4185 1338 4257 μητροπολίτης
1369 4185 1550 4255 πάσης
1583 4184 1932 4256 Οὑγγροϐλα-

359 4276 507 4349 χίας,
561 4277 887 4349 ὑπέρτιμος,
934 4276 1221 4346 ἀγαπητὸς
1267 4279 1412 4331 κατὰ
1457 4276 1664 4348 Κύριον
1708 4274 1935 4347 ἀδελφὸς

359 4371 519 4442 ήμῶν
547 4371 646 4426 καὶ
675 4371 1113 4444 συλλειτουργδς,
1141 4370 1334 4443 ὥσπερ
1367 4370 1462 4425 τοῦ
1496 4370 1688 4442 θρόνου
1732 4370 1936 4441 ταύτης

361 4463 460 4519 καὶ
489 4462 583 4516 τοῦ
609 4465 894 4532 ὀνόματος,
927 4464 1071 4519 οὕτω
1103 4465 1350 4535 μετέχων
1386 4463 1481 4518 καὶ
1512 4461 1802 4518 ἀπολαύων
1842 4461 1936 4515 καὶ

1999 625 2150 687 λείας
2189 623 2284 676 καὶ
2329 620 2674 690 ὑποσχέσεως
2704 613 2984 686 ἐγγράφου
3022 613 3104 675 εἰς
3135 612 3249 679 ’τεὴν
3282 610 3444 680 ἀγίαν
3475 609 3571 662 τοῦ

1997 714 2242 786 Χριστοῦ
2267 711 2564 778 καθολικὴν
2591 707 2688 762 καὶ
2715 704 3081 774 ἀποστολικὴν
3114 702 3447 770 Ἐκκλησίαν
3478 701 3570 754 τοῦ

2001 805 2250 861 τοιούτου
2279 801 2667 871 εὐγενεστάτου
2703 798 2942 868 μεγάλου
2983 795 3198 867 βοῖϐόδα
3231 795 3309 855 είς
3337 793 3406 847 τδ-
3431 788 3574 846 εἶναι

2001 899 2090 952 ἀεὶ⁸
2118 896 2218 965 τήν
2243 891 2542 961 ἐκκλησίαν
2564 891 2662 960 τῆς
2688 885 3140 957 Οὐγγροϐλαχίας
3171 883 3455 952 ὑπ”αὐτὴν
3477 885 3574 934 καὶ

2001 987 2254 1060 δέχεσθαι
2297 985 2391 1038 ἀπ’
2441 982 2614 1051 αὐτῆς
2666 979 2932 1050 ἀρχιερέα
2983 977 3226 1048 γνήσιον·
3266 973 3407 1028 ὥστε
3462 973 3573 1042 γάρ

2005 1078 2394 1152 συντηρεῖσθαι
2425 1077 2504 1140 είς
2533 1077 2596 1129 τδ
2626 1075 2754 1144 ἐξῆς
2787 1072 2947 1127 τοῦτο
2989 1066 3443 1136 ἀκαινοτόμητον,
3480 1065 3576 1119 καὶ

2005 1171 2308 1244 βαρύτατον
2325 1169 2428 1221 καὶ
2455 1165 2731 1220 συνοδικδν
2763 1159 3113 1234 (ἀφορισμὸν)
3135 1157 3406 1229 ’ἠπείλητο
3431 1155 3577 1209 κατά

2008 1262 2209 1326 παντὸς
2241 1259 2338 1314 τοῦ
2378 1255 2850 1329 βουληθησομένου
2883 1251 3172 1322 ἀκυρῶσαι
3201 1249 3359 1302 αὑτόο
3386 1245 3579 1312 ἐπειδὴ

2007 1353 2200 1406 τούτου
2230 1351 2420 1406 ἐνεκεν
2448 1349 2546 1403 καὶ
2585 1348 2621 1420 ή
2665 1346 2920 1417 παροῦσα
2957 1344 3210 1412 συνοδικὴ
3242 1337 3444 1411 πρᾶξις
3484 1355 3576 1406 γε-

2008 1449 2200 1517 γονυῖα
2243 1445 2321 1516 τῷ
2362 1442 2647 1514 εἰρημένῳ
2692 1438 3064 1510 μητροπολίτῃ
3117 1435 3300 1505 πάσης
3337 1434 3580 1501 Ούγγρο-

2010 1539 2235 1610 ϐλαχίας
2285 1538 2378 1592 καὶ
2433 1533 2722 1604 ὑπερτίμῳ
2775 1533 2856 1594 είς
2907 1528 3209 1599 ἀσφάλειαν
3256 1525 3577 1582 ἐπιδέδοται.

2011 1631 2350 1686 ἀπολυθεῖσα
2398 1627 2544 1683 κατά
2581 1626 2727 1697 μῆνα
2774 1623 2945 1678 Μάῖον
2985 1622 3085 1690 τῆς
3118 1618 3478 1686 ἐνισταμένης
3515 1614 3584 1683 ιβ’

2015 1720 2112 1774 ίνδ.
2148 1717 2241 1773 τοῦ
2267 1715 2449 1783 ,ςωξζ’
2479 1714 2656 1779 ἐτους,
2679 1714 2802 1783 ἥτις
2823 1711 2922 1765 καὶ
2947 1707 3313 1779 ὑπεσημάνθη
3338 1707 3404 1778 τῇ
3433 1704 3590 1759 αὐτορ

2013 1813 2182 1883 χείρφ
2210 1810 2399 1882 γραφῇ
2439 1807 2538 1876 τῆς
2566 1806 2723 1878 ἡμῶν
2757 1802 3129 1875 μετριότητος

2087 1991 2155 2047 Π.
2195 1991 2238 2063 ἰ-
2273 1987 2647 2058 Εύγενέστατε
2672 2024 2689 2051 ,
2770 1983 3104 2038 συνετώτατε
3129 2019 3145 2044 ,
3217 1977 3596 2049 ἀνδρικῶτατε

2021 2082 2163 2152 μέγα
2196 2079 2411 2151 βοῖϐόδα
2446 2077 2544 2132 καλ⁵
2595 2073 2834 2130 αὐθέντα
2879 2074 3063 2142 πάσης
3116 2067 3605 2138 Οὐγγροϐλαχίας,

2017 2167 2077 2221 ἐν
2107 2167 2249 2237 ἁγίῳ
2284 2165 2566 2236 Πνεύματι
2591 2161 2960 2234 γνησιώτατε.
2993 2159 3343 2214 ποθεινότατε
3375 2157 3462 2210 υἱὲ
3494 2157 3592 2226 τῆς

2018 2260 2175 2333 ἡμῶν
2233 2258 2610 2331 μετριότητος,
2670 2257 2776 2324 κῦρ
2836 2253 3178 2323 Ἀλέξανδρε,
3231 2250 3442 2319 ὑγίειαν
3497 2247 3593 2302 καὶ

2019 2352 2287 2422 εὐθυμίαν
2325 2350 2526 2422 ψυχῆς,
2557 2347 2811 2419 σώματός
2837 2363 2896 2399 τε
2933 2345 3100 2418 ῥῶσιν
3136 2343 3230 2398 καὶ
3253 2341 3466 2408 εὐεξίαν
3495 2337 3594 2392 καὶ

2020 2444 2130 2498 πᾶν
2171 2443 2200 2498 ὅ
2228 2461 2300 2498 τι,
2330 2441 2537 2511 ἀγαθὸν
2568 2440 2664 2495 καὶ
2695 2439 2982 2507 σωτήριον,
3021 2435 3309 2505 ἐπεύχεται
3342 2436 3410 2502 τῇ
3447 2433 3602 2484 ἀντι-ν

2019 2533 2180 2604 λήψει
2215 2550 2310 2588 σου
2342 2534 2376 2602 ή
2415 2532 2708 2603 μετριότης
2757 2530 2915 2600 ἡμῶν
2943 2527 3054 2583 ἀπὸ
3095 2527 3231 2580 Θεοῦ
3278 2522 3596 2591 παντοκρά-

2020 2645 2198 2698 τορος.
2243 2624 2379 2680 Ἀπὸ
2404 2623 2514 2678 τῶν
2545 2621 2892 2692 γραμμάτων
2924 2619 3026 2689 τῆς
3057 2618 3156 2686 σῆς
3185 2614 3466 2687 εὐγενείας
3494 2613 3594 2669 καὶ
3673 2635 3675 2637 ί

2021 2720 2129 2776 τῶν
2159 2719 2445 2789 προτέρων
2478 2714 2573 2770 καὶ
2599 2713 2708 2769 τῶν
2743 2712 2988 2782 ὑστέρων
3019 2711 3316 2780 ἐγνώρισεν
3346 2707 3596 2778 ἀκριϐῶς

2023 2814 2057 2884 ή
2089 2812 2378 2884 μετριότης
2408 2809 2586 2880 ήμῶν,
2625 2808 2724 2862 ὅσα
2767 2807 2959 2878 ἐδήλου
3004 2806 3039 2876 ή
3079 2803 3325 2873 εὐγένειά
3361 2817 3478 2864 σου,
3505 2800 3601 2854 καὶ

2022 2902 2320 2968 ἀπεδέξατο
2358 2902 2501 2957 κατά
2536 2901 2672 2956 πολὺ
2718 2902 2816 2956 καὶ
2858 2900 3089 2972 ἐπῄνεσε
3138 2899 3237 2969 τήν
3283 2896 3602 2965 εὐπείθειαν

2030 2997 2127 3051 καὶ
2155 2994 2436 3066 ὑποταγὴν
2467 2995 2564 3048 καὶ
2591 2993 2826 3065 στοργὴν
2853 2995 2950 3046 καὶ
2978 2991 3220 3060 ἀγάπην,
3253 2989 3322 3059 ῆν
3348 2975 3489 3057 ἐχέις
3519 2987 3602 3048 είς

2024 3087 2125 3158 τὴν
2159 3087 2324 3154 ἀγίαν
2347 3085 2443 3140 τοῦ
2477 3084 2718 3157 Χριστοῦ
2762 3083 3059 3154 καθολικὴν
3100 3087 3192 3136 καὶ
3233 3077 3602 3144 ἀποστολικὴν

2039 3179 2390 3251 Ἐκκλησίαν,
2417 3180 2542 3248 ἥτις
2565 3179 2714 3233 ἐστὶν
2742 3179 2782 3248 ἡ
2803 3176 2958 3247 πηγὴ
2981 3176 3074 3230 καὶ
3098 3176 3131 3246 ή
3167 3174 3294 3245 ῥίζα
3322 3173 3420 3242 τῆς
3445 3171 3605 3224 εὐσε-

2027 3271 2180 3336 ϐείας
2203 3273 2294 3325 καὶ
2322 3272 2383 3326 τδ
2409 3272 2692 3342 στήριγμα
2721 3271 2829 3325 καὶ·
2847 3273 2876 3326 ό
2914 3269 3174 3339 θεμέλιος
3209 3265 3306 3320 τοῦ
3346 3265 3606 3335 Χριστιαο

2027 3358 2246 3432 νισμοῦ,
2278 3362 2373 3416 καὶ
2402 3361 2659 3430 μάλιστα,
2683 3360 2766 3413 ότι
2794 3357 2979 3430 ζητεῖς
3007 3356 3116 3412 ἀπὸ
3139 3355 3319 3427 ψυχῆς
3341 3353 3609 3426 ἀρχιερέα

2025 3455 2122 3510 καὶ
2153 3455 2392 3522 ποιμένα
2419 3454 2514 3508 καὶ
2543 3435 2867 3508 διδάσκαλον
2896 3451 2992 3505 τοῦ
3023 3451 3192 3504 τόπου
3221 3447 3316 3502 καὶ
3352 3449 3452 3516 τῆς
3487 3446 3608 3498 ἐπι-

2026 3544 2290 3614 κρατείας
2319 3545 2420 3614 τῆς
2447 3543 2727 3612 εὐγενείας
2771 3559 2887 3606 σου,
2914 3540 3258 3614 χειροτονίαν
3297 3539 3397 3609 τῆς
3442 3535 3606 3604 ἁγίας

2027 3632 2124 3689 τοῦ
2172 3633 2310 3688 Θεοῦ
2365 3633 2666 3703 καθολικῆς
2713 3635 2809 3686 καὶ
2839 3632 3208 3700 ἀποστολικῆς
3246 3626 3604 3699 Ἐκκλησίαέὶ

2028 3726 2105 3790 ῶς
2137 3725 2255 3789 υἱὸς
2303 3723 2480 3788 αὐτῆς
2513 3725 2738 3794 γνήσιος
2771 3725 2870 3777 καὶ
2908 3721 3193 3794 εὐπειθὴς,
3233 3719 3418 3783 καθώς
3454 3721 3605 3773 ἐστιν

2029 3815 2382 3887 ὀφειλόμενον
2407 3815 2572 3870 παντὶ
2599 3815 2914 3897 βουλομένῳ
2942 3813 3161 3882 θερμῶς
3186 3812 3282 3867 καὶ
3309 3810 3450 3881 μετά
3475 3809 3618 3864 εἰλι-Δ

2031 3907 2254 3978 κρινοῦς
2301 3908 2542 3971 πίστεως
2586 3905 2842 3978 δέχεσθαι
2878 3905 2980 3975 τὴν
3012 3903 3298 3959 εὐσέϐειαν
3331 3904 3428 3959 καὶ
3472 3903 3610 3956 ἀπο-

1984 4040 1991 4048 .
2031 3998 2330 4071 τρέπεσθαι
2352 3999 2453 4064 τάς
2479 4014 2538 4053 τε
2560 3997 3045 4070 παρασυναγωγάς
3067 3995 3164 4052 καὶ
3186 3995 3255 4048 τά
3277 3993 3484 4062 ἐκφυλα
3514 3992 3609 4044 καὶ

2033 4090 2292 4162 ἀλλότρια
2339 4091 2607 4160 δόγματα.
2660 4089 2815 4144 Ἐπεὶ
2864 4085 2981 4152 οῦν,
3038 4088 3115 4152 ὡς
3168 4087 3410 4156 είρηται,
3467 4085 3609 4152 μετά

2035 4181 2239 4254 πολλῆς
2264 4183 2536 4253 ἀποδοχῆς
2568 4183 2661 4236 καὶ
2693 4179 2928 4248 ὀρέξεως
2957 4181 3113 4253 ζητεῖ
3141 4181 3174 4252 ή
3203 4181 3454 4250 εὐγένειά
3490 4196 3610 4246 σου,

2038 4275 2127 4330 ἵνα
2155 4274 2256 4348 ἔχῃ
2280 4275 2471 4330 αὐτόθι
2499 4274 2763 4346 ἀρχιερέα
2788 4273 2890 4341 τῆς
2917 4272 3050 4344 περὶ
3073 4271 3172 4344 τὴν
3201 4272 3373 4343 ήμῶν..
3392 4273 3614 4342 μετριόρ

2035 4383 2176 4438 τητα
2209 4367 2364 4430 θείας
2391 4367 2487 4420 καὶ
2518 4366 2672 4437 ίεράς
2703 4364 2924 4420 συνόδου
2952 4365 3051 4434 τῆς
3081 4364 3346 4434 Μεγάλης
3387 4363 3618 4435 Ἐκκλη-

2041 4460 2185 4524 σίας,
2220 4460 2316 4513 καὶ
2343 4456 2439 4511 νῦν
2471 4456 2571 4526 μὲν
2599 4456 2690 4511 τὸν
2723 4454 3016 4525 ίερὼτατον
3069 4455 3472 4525 μητροπολίτην
3527 4454 3618 4506 Βι-

361 4556 462 4616 τῆς
511 4551 608 4604 τοῦ
661 4549 810 4621 ίεροῦ
860 4551 1158 4622 συνθρόνου
1215 4552 1674 4622 ἐγκαθιδρύσεως,
1725 4551 1821 4605 ἀτε
1871 4549 1936 4621 δὴ
1969 4573 2016 4633 D
2041 4549 2250 4619 τζίνης,
2286 4546 2922 4618 ὐπέρτιμον,ἀταπητὸν
2954 4544 3097 4598 κατά
3139 4545 3362 4616 Κύριον.
3387 4544 3620 4611 ἀδελφὸν

363 4646 589 4716 γνήσιος
615 4643 911 4718 ἀρχιερεὺς
937 4642 1027 4697 διὰ
1053 4642 1154 4713 τῆς
1184 4645 1406 4714 χάριτος
1437 4644 1531 4697 τοῦ
1561 4645 1696 4697 Θεοῦ
1728 4645 1940 4697 ἀποκα-

365 4737 572 4799 ταστάς
621 4735 723 4805 τῆς
777 4734 1118 4805 δηλωθείσης
1177 4734 1496 4803 ἁγιωτάτης
1553 4734 1942 4806 μητροπόλεως

367 4824 819 4897 οὐγγροϐλαχίας
863 4824 1004 4879 κατὰ
1045 4823 1144 4894 τὴν
1176 4823 1643 4894 ἐκκλησιαστικὴν
1679 4823 1838 4889 τάξιν
1883 4840 1943 4876 τε

369 4920 463 4972 καὶ
487 4916 861 4984 ὑποτύπωσιν,
882 4917 1239 4984 ἀναγνώστας
1257 4931 1317 4968 τε
1339 4914 1656 4984 σφραγίζων
1677 4915 1741 4968 ἐκ
1763 4915 1944 4982 πάσης

367 5011 468 5082 τῆς
512 5011 780 5080 ἐπαρχίας
813 5009 908 5064 καὶ
941 5008 1158 5078 ἐνορίας
1204 5005 1370 5062 αὐτοῦ
1415 5007 1510 5060 καὶ
1558 5007 1946 5069 ὑποδιακόνους

369 5105 464 5156 καὶ
501 5103 782 5165 διακόνους
813 5099 1169 5171 προϐιϐάζων
1199 5100 1293 5155 καὶ⁹
1324 5098 1735 5170 πρεσϐυτέρους
1767 5114 1946 5168 χειρο-

372 5195 565 5260 τονῶν,
599 5193 998 5262 ἐπιλαϐόμενός
1023 5208 1083 5245 τε
1111 5191 1206 5245 καὶ
1233 5193 1454 5246 πάντων
1482 5190 1592 5244 τῶν
1620 5189 1946 5262 όθενδήποτε

371 5287 740 5356 διαφερόντων
771 5283 946 5357 ταύτῃ
969 5283 1215 5337 δικαίων⁹
1244 5282 1368 5336 ὅθεν
1395 5282 1698 5350 ὀφείλουσιν
1723 5282 1776 5336 οἴ
1800 5296 1861 5332 τε
1888 5279 1946 5331 ἐν

373 5381 512 5450 αὐτῇ
548 5377 804 5447 κληρωτοὶ⁵
834 5377 926 5430 καὶ
957 5377 1006 5429 οί
1050 5374 1200 5429 ἀλλοι
1237 5375 1546 5446 ίερωμένοι,
1591 5373 1826 5444 μοναχοὶν
1850 5371 1950 5426 καλ⁵

374 5472 575 5536 λαῖκοὶ,
610 5468 861 5523 ὑπείκειν
905 5467 1002 5520 καὶ
1047 5466 1446 5520 ὑποτάττεσθαι
1477 5465 1674 5536 τούτῳ,
1721 5465 1820 5518 ὃσα
1853 5463 1950 5517 καὶ

375 5563 585 5631 γνησ.Ξῳ
633 5560 814 5612 αὐτῶν
864 5557 1087 5626 ποιμένι
1133 5557 1226 5611 καὶ
1275 5557 1442 5623 πατρὶ
1477 5558 1573 5610 καὶ
1618 5555 1946 5626 διδασκάλῳ,

376 5650 474 5706 καὶ
502 5649 751 5720 δέχεσθαι
779 5648 1076 5718 προθύμως
1102 5648 1199 5702 καὶ
1223 5647 1601 5718 ἀποπληροῦν,
1631 5648 1732 5700 ὅσα
1764 5646 1949 5716 μέλλει

2042 4640 2142 4710 τῆς
2198 4638 2360 4710 ήμῶν
2421 4637 2779 4708 μετριότητος
2848 4638 2945 4691 καὶ
3011 4635 3441 4704 συλλειτουργδν,
3513 4635 3620 4706 κῦρ

2053 4731 2365 4797 Ὑάκινθον,
2403 4729 2544 4800 μετά
2587 4728 2647 4784 δὲ
2695 4730 3026 4800 παρέλευσιν
3053 4726 3243 4792 αὐτοῦ,
3277 4726 3337 4781 ὃν
3363 4727 3430 4782 ἂν
3461 4727 3620 4782 ἐκλέ-

2045 4822 2202 4895 ξηται
2231 4823 2326 4876 καὶ
2363 4821 2728 4900 χειροτονήσῃ
2755 4819 2923 4892 ψήφῳ
2959 4818 3226 4891 συνοδικῇ,
3249 4821 3284 4891 ή
3319 4819 3443 4873 καθ’
3472 4821 3624 4890 ἡμᾶς

2045 4915 2327 4986 ἀγιωτάτη
2351 4912 2446 4968 τοῦ
2472 4914 2608 4969 Θεοῦ
2633 4914 2861 4983 Μεγάλη
2892 4913 3213 4982 Ἐκκλησία,
3242 4914 3338 4966 καὶ
3363 4912 3624 4985 ἐκπέμψῃ

2046 5008 2186 5079 πρὸς
2214 5001 2315 5079 τὴν
2341 5004 2624 5075 εὐγένειάν,
2660 5021 2758 5058 σου
2792 5005 2890 5059 καὶ
2915 5003 3180 5075 πρδςςτὴν
3219 5003 3406 5058 αὐτόθι
3438 5006 3623 5058 πᾶσαν

2044 5099 2220 5170 ἀρχὴν
2249 5101 2344 5152 καὶ
2370 5098 2727 5168 ἐπικράτειαν
2759 5095 2922 5150 αὐτοῦ
2962 5097 3235 5167 ἀρχιερέα
3250 5098 3504 5167 γνήσιον,
3527 5097 3624 5150 καὶ

2046 5191 2130 5245 ὅτι
2159 5189 2575 5245 διαϐεϐαιοῦται
2603 5190 2637 5262 ή
2665 5188 2919 5257 εὐγένειά
2951 5204 3046 5242 σου
3079 5189 3320 5258 ἐνόρκως
3357 5189 3454 5240 καὶ
3482 5189 3623 5257 μετά

2049 5281 2254 5352 πολλῆς
2285 5281 2613 5351 ἀσφαλείας,
2637 5281 2726 5336 ὅτι
2743 5282 2840 5335 καὶ
2869 5281 3009 5350 μετά
3032 5277 3268 5335 θάνατον
3298 5278 3463 5333 αὐτοῦ
3497 5278 3625 5348 μέλ-

2048 5372 2130 5426 λει
2157 5369 2299 5428 εἶναι
2347 5371 2507 5426 τοῦτο
2539 5372 2958 5443 ἀπαραποίητον
3009 5374 3106 5426 καὶ
3159 5371 3496 5443 ἀμετάθετον
3544 5370 3628 5432 είς

2049 5465 2174 5528 τοὺς
2205 5464 2578 5535 κληρονόμους
2617 5465 2711 5517 καί
2740 5463 3018 5534 διαδόχους
3047 5462 3222 5532 αὐτῆς
3249 5462 3329 5524 είς
3366 5461 3428 5514 τὸ
3459 5460 3624 5531 μηδέ-

2051 5572 2182 5611 ποτε
2229 5557 2454 5627 θελῆσαι
2484 5555 2748 5622 δέξασθαι
2795 5555 2994 5619 αὐτοὺς
3023 5555 3286 5625 ἀρχιερέα
3330 5552 3622 5623 ἑτέρωθεν,

2052 5650 2158 5704 κᾶν
2185 5646 2298 5712 οἷος
2324 5649 2434 5721 ἀρα
2463 5650 2559 5702 καὶ
2586 5649 2756 5714 ἐστιν,
2791 5651 2840 5702 εἰ
2881 5649 2958 5720 μὴ
3003 5646 3338 5717 χειροτονίαν
3367 5647 3463 5699 καὶ
3488 5647 3627 5699 ἀπο-

376 5744 556 5807 λέγειν
589 5743 686 5798 καὶ⁹
710 5745 998 5810 παραινεῖν
1026 5743 1122 5796 καὶ
1166 5742 1508 5796 ἐκδιδάσκειν
1550 5740 1771 5805 αὐτοὺς,
1817 5741 1959 5808 ἀφος
2056 5741 2251 5810 στολὴν
2279 5743 2379 5812 τῆς
2403 5741 2526 5794 καθ’
2553 5743 2700 5812 ἡμᾶς
2732 5741 3052 5808 ἁγιωτάτης
3077 5737 3171 5791 τοῦ
3198 5737 3334 5792 Θεοῦ
3363 5737 3625 5806 Μεγάλης

381 5838 562 5906 ρῶντα
592 5835 671 5897 εἰς
699 5832 936 5903 ψυχικὴν
968 5831 1329 5904 λυσιτέλειαν,
1359 5831 1702 5904 τηρουμένης
1732 5832 1948 5899 ἀπαρα-

2068 5832 2416 5903 Ἐκκλησξας.
2442 5833 2542 5886 Διά
2568 5831 2702 5901 γοῦν
2731 5833 2902 5885 ταῦτα
2931 5831 3110 5886 πάντα
3142 5831 3233 5884 καὶ
3277 5829 3508 5900 μάλιστα
3535 5828 3628 5883 διιά
3649 5875 3672 5892 κ
