4050 6472
349 351 486 482 πέτει

1402 396 1806 460 summa»:
1846 386 2532 466 CONSTITUTIONES.

3464 405 3564 471 137
3587 410 3626 473 0

341 506 644 577 δεσπότην,
675 506 772 567 τὸν
805 507 1187 578 οίκουμενικδν
1218 511 1599 582 πατριάρχην,
1635 514 1926 586 ὀφειλομέ-
1956 524 2004 579 Α
2032 519 2190 589 θῆναι
2217 519 2471 574 ἐντεῦθεν
2495 519 2591 574 καὶ
2612 519 2680 575 τὰ
2705 479 3063 592 ἐπιφυόμενα.
3081 521 3380 590 σκάνδαλα,
3404 523 3628 596 ἀπῃτη-

344 616 442 668 νης
472 599 774 671 ὑποταγῆς,
801 600 1280 672 έξετασθησόμενα
1309 605 1405 658 καὶ
1431 606 1716 677 ληψόμενα
1744 608 1928 663 ἐντεῦ-

2035 612 2209 681 θησαν
2235 612 2332 667 καῖ
2358 613 2576 684 γνῶμαι
2603 613 2803 678 κοινῶς
2830 615 2924 668 ἐπὶ
2950 616 3016 684 τῇ
3047 613 3274 687 τοιαύτη
3306 616 3623 670 συνελεύσει

347 690 442 747 θεν
468 691 750 760 ἀναλόγως
778 693 878 763 τὴν
908 692 1230 762 θεραπείαν.
1268 697 1422 751 Ἐπεὶ
1451 698 1584 766 γοῦν
1613 700 1720 770 πρὸ
1746 701 1932 768 ὀλίγου
2032 706 2144 759 τῶν
2176 707 2455 778 ῥηθέντων
2489 707 2802 776 ἱερωτάτων
2831 707 3141 779 ἀρχιερέων
3169 709 3258 762 διὰ
3287 711 3386 780 τὴν
3417 709 3622 780 ἐφεξῆς

233 849 244 854 _
348 785 378 838 ὃ
408 801 469 838 τε
504 783 799 856 ἱερώτατος
836 786 1242 858 μητροπολὶτης
1275 789 1636 860 Χαλκηδόνος
1664 794 1762 846 καὶ
1793 795 1822 847 6
1853 810 1936 846 τι-

353 874 625 947 μιώτατος
652 877 961 947 ύποψήφιος
987 879 1410 952 Θεσσαλονίκης,
1439 885 1800 956 ἱερομόναχος
1825 885 1934 958 κῦρ

349 969 546 1033 Νεῖλος
585 972 614 1024 6
655 969 1008 1051 Καδάσιλας,
1036 972 1454 1043 έγχειρίσαντες
1493 975 1826 1047 κατάστιχον
1857 979 1938 1051 τῷ

352 1062 756 1134 παναγιωτάτῳ
795 1037 954 1133 ήμῶκ
987 1037 1225 1139 δεσπότῇ
1247 1038 1377 1138 ,τῷ
1416 1037 1789 1140 σίκουμενικῖξ)
1831 1037 1939 1125 παί-

351 1155 618 1228 τριάρχῃ,
645 1156 1036 1226 κεφαλαιωδῶς
1066 1146 1486 1230 περιλαμϐάνον
1511 1162 1610 1222 τάς
1639 1161 1937 1231 διαφόρως,

353 1248 450 1302 νῦν
479 1265 540 1302 τε
573 1250 667 1302 καὶ¹
700 1249 970 1322 πρότερον
1001 1253 1302 1331 γενομέχας
1333 1255 1486 1325 παρά
1516 1255 1701 1309 πᾶσαν
1733 1257 1942 1326 εἴδησιν

354 1341 454 1410 τῆς
489 1340 823 1413 Ἐκκλησίας
863 1342 1000 1396 Θεοῦ
1043 1329 1378 1415 τριγοῐμίας,
1422 1347 1804 1417 τετραγαμίας
1844 1346 1943 1401 καὶ

355 1430 829 1502 ἀθεμιτογαμίας,
861 1433 944 1489 ἔτι
973 1450 1033 1488 τε
1061 1437 1159 1488 καὶ
1189 1435 1326 1490 ἄλλα
1353 1434 1479 1489 τινά
1497 1476 1513 1500 ,
1543 1435 1620 1499 ὡς
1649 1435 1811 1504 δῆθεν
1841 1435 1948 1506 ζηα

355 1524 575 1594 τήματα
614 1527 876 1580 κανονικά
899 1566 916 1592 ,
949 1527 1048 1584 καὶ
1085 1529 1293 1582 ἐδέοντο
1333 1529 1436 1599 τῆς
1472 1527 1681 1583 τούτων
1719 1528 1944 1599 διορθώ-

360 1629 519 1676 σεως.
563 1612 622 1668 '0
660 1610 754 1670 οῦν
796 1617 1219 1686 παναγιώτατος
1259 1619 1419 1689 ημῶν
1456 1618 1758 1688 δεσπότης,
1799 1620 1828 1672 6
1868 1619 1947 1672 οἱ·

361 1708 688 1778 κουμενικδς
732 1710 1116 1781 πατριάρχης,
1160 1711 1260 1765 καὶ
1302 1711 1475 1766 πάλαι
1516 1710 1807 1782 διόρθωσιν
1847 1711 1946 1783 τὴν

362 1800 596 1871 δυνατὴν
623 1803 993 1872 ποιησάμενος
1020 1803 1078 1855 ἐν
1104 1804 1218 1867 τοῖς
1244 1802 1510 1866 τοιούτοις
1538 1806 1634 1858 καὶ
1663 1804 1947 1875 ἐκδίκησιν

2035 798 2338 867 ἀσφάλειαν
2363 814 2377 829 ·
2410 798 2506 852 καὶ
2536 797 2600 868 δὴ
2637 797 2851 868 πρῶτος
2882 799 2910 851 6
2949 798 3281 869 Ἡρακλείας
3311 796 3468 854 εἶπεν
3489 839 3506 865 ,
3538 801 3623 855 ὅτι

2037 889 2112 941 Οὐ
2157 888 2236 943 δεῖ
2277 888 2405 958 περὶ
2446 889 2556 943 τῶν
2605 888 2916 958 τριγαμιῶν
2955 889 3053 943 καὶ
3093 890 3486 960 τετραγαμιῶν
3529 889 3627 944 καὶ

2037 977 2493 1049 ἀθεμιτογαμιῶν
2531 979 2803 1034 κινεῖσθαι
2844 979 3132 1051 παρρησίᾳ
3156 1022 3172 1048 ,
3207 981 3332 1035 ἐπεὶ
3371 981 3628 1051 οὐδαμῶς

2017 1069 2184 1139 ’μετά
2213 1069 2312 1139 τῆς
2343 1069 2616 1141 τυχούσης
2659 1070 2889 1142 γνώμης
2927 1071 3020 1125 καὶ
3059 1071 3320 1136 ἐνδόσεως
3352 1074 3454 1140 τῆς
3493 1073 3630 1124 Ἐκ-

2039 1159 2275 1231 κλησίας
2303 1163 2627 1230 γεγόνασιν,
2660 1162 2778 1218 ἀλλ’
2806 1162 2894 1217 ῐνα
2925 1164 3333 1219 ἐπεκδικῶνται
3366 1162 3629 1234 ἀλλαχόθι

2045 1252 2144 1322 μέν
2189 1251 2343 1322 παρὰ
2383 1252 2480 1306 τοῦ
2525 1253 2670 1307 κατά
2717 1252 2911 1327 χώραν,
2947 1255 3250 1308 ἐπισκόπου
3302 1254 3627 1317 κανονικῶς,

2040 1340 2277 1396 ἐνταῦθα
2313 1341 2371 1396 δέ
2411 1341 2520 1413 ἰδίᾳ
2563 1341 2713 1413 παρά
2747 1342 2841 1396 τοῦ
2885 1344 3307 1410 παναγιωτάτου
3347 1343 3508 1413 ἡμῶν
3543 1343 3631 1397 δε-

2044 1435 2268 1502 σπότου,
2287 1432 2385 1488 τοῦ
2406 1434 2792 1505 οἱκουμενικοῦ
2812 1437 3176 1507 πατριάρχου,
3199 1435 3331 1506 παρ’
3347 1426 3408 1488 οῦ
3429 1436 3523 1490 καὶ
3541 1437 3632 1489 έκ-

2042 1526 2286 1596 δικήσεις
2319 1528 2414 1580 ἐπὶ
2445 1527 2660 1590 τούτοις
2692 1529 3042 1597 ἐγεγόνεισαν
3072 1529 3345 1599 διαφόρως
3367 1545 3384 1562 θ
3417 1531 3634 1600 στέργω

2042 1617 2100 1670 δὲ
2143 1617 2240 1670 καὶ
2272 1616 2374 1688 τὴν
2411 1616 2696 1688 προσᾶσαν
2734 1617 3088 1689 συγχώρησιν
3128 1618 3265 1688 ὑπὲρ
3299 1617 3395 1670 τοῦ
3438 1618 3633 1690 ἱερέως

2045 1706 2141 1760 τοῦ
2169 1707 2510 1778 Μαχητρίου,
2537 1708 2599 1764 '0
2631 1708 2874 1774 Κυζίκου
2903 1707 3082 1772 εἶπεν,
3119 1709 3205 1763 ὄτι
3239 1710 3334 1762 Δεῖ
3361 1710 3530 1762 ταῦτα
3557 1709 3634 1774 ὡς

2046 1799 2224 1854 ἄτοπα
2277 1799 2600 1871 διαλυθῆναι
2657 1801 2789 1866 καὶ,
2839 1800 2914 1864 ὡς
2968 1801 3230 1865 δυνατὸν,
3282 1801 3627 1866 κωλύεσθαι,

359 1895 462 1968 τὴν
493 1897 915 1969 προσήκουσαν,
949 1896 1190 1968 Χριστοῦ
1221 1898 1442 1970 χάριτι,
1473 1899 1571 1952 καὶ
1601 1874 1944 1968 διατηρήσας
1975 1879 2018 1934 Β
2046 1889 2236 1962 ὥσπερ
2277 1891 2342 1964 δὴ
2383 1893 2476 1946 καὶ
2518 1874 2961 1962 ἀναχαιτίζονται
3004 1893 3096 1944 καὶ
3138 1892 3445 1945 κωλύονται
3487 1891 3634 1946 κατὰ

362 1988 455 2042 τὸν
479 1989 680 2059 τρόπον
705 1991 806 2061 τῆς
856 1989 1060 2044 τούτων
1086 1991 1182 2045 καὶ
1215 1989 1294 2043 ἐτι
1327 1992 1768 2060 μετακινήσεως,
1796 1991 1947 2060 ὅμως

362 2082 452 2136 διά
481 2081 543 2135 :6
574 2082 674 2151 τῆς
704 2083 932 2154 εἱρήνης
952 2121 968 2146 ,
997 2083 1072 2147 ῶς
1104 2082 1323 2155 εῖρηται
1343 2125 1359 2151 ,
1391 2083 1682 2138 κάλλιστον
1711 2085 1948 2154 πρᾶγμα

367 2177 463 2230 καὶ
497 2177 588 2231 διά
620 2177 720 2247 τὴν
753 2176 1032 2249 ἔγγραφον
1064 2176 1383 2249 προσταγὴν
1417 2177 1512 2230 τοῦ
1547 2175 1814 2246 κραταιοῦ
1851 2177 1948 2230 καὶ

259 2323 261 2326 ι
367 2271 524 2340 ἁγίου
565 2269 726 2340 ἡμῶν
759 2270 1021 2323 αὑθέντου
1063 2273 1158 2324 καὶ
1198 2269 1464 2341 βασιλέως
1501 2271 1950 2340 προσκαλεσάμε-

367 2382 456 2427 νος
487 2364 579 2418 τόν
609 2379 670 2418 τε
710 2363 1016 2432 ἁγιώτατον
1046 2364 1316 2433 δεσπότην
1348 2364 1442 2416 καὶ
1471 2363 1828 2434 ,πατριάρχην
1861 2361 1951 2414 Ἰε-

355 2457 691 2528 ροσολύμων
732 2459 827 2511 καὶ
871 2459 1083 2522 πάντας
1121 2457 1250 2522 τοὺς
1297 2456 1628 2527 ίερωτάτους
1670 2457 1952 2527 ἀρχιερεῖς
1982 2522 1993 2531 ,

367 2549 493 2613 τοὺς
529 2550 941 2620 ἐπιδημοῦντας
976 2552 1035 2604 ἐν
1064 2553 1132 2622 τῇ
1173 2548 1537 2621 βασιλευούσῃ
1569 2547 1680 2601 τῶν
1711 2547 1950 2611 πόλεων,

369 2644 921 2716 παρεκελεύσατο.είς
950 2644 1190 2714 ἐπήκοον
1221 2643 1441 2698 πάντων
1471 2644 1678 2696 τούτων
1707 2642 1951 2709 ἀναγνω-

370 2737 571 2808 σθῆναι
601 2739 664 2791 τδ
697 2739 993 2810 εἰρημένον
1028 2738 1392 2808 κατάστιχον,
1427 2737 1566 2806 ὅπερ
1599 2737 1696 2790 καὶ
1728 2733 1952 2806 διελάμ-

369 2831 533 2885 ϐανεν
554 2871 572 2898 ,
602 2832 706 2885 ὅσα
737 2831 874 2901 δῆτα
905 2831 1001 2885 καὶ
1031 2828 1416 2900 διελάμϐανεν.
1454 2827 1830 2898 Ἀναγνωσθέν
1858 2824 1954 2882 οὖν

373 2923 528 2993 παρά
549 2923 644 2978 τοῦ
667 2924 1002 2994 τιμιωτάτου
1033 2923 1271 2993 μεγάλου
1301 2921 1661 2992 σακελλαρίου
1691 2921 1784 2975 καὶ
1811 2919 1956 2975 διδα-

372 3017 573 3072 σκάλου
602 3018 710 3077 τῶν
734 3017 1158 3074 διδασκάὶωνού
1189 3018 1349 3087 μόνον
1377 3015 1546 3080 ἅπαξ,
1579 3014 1717 3068 ἀλλά
1746 3015 1843 3069 καὶ
1872 3014 1955 3078 δὶς

372 3113 468 3166 καὶ
510 3114 664 3184 τρὶς,
712 3110 1174 3182 συνεδριαζόντων
1217 3110 1296 3180 τῷ
1341 3111 1746 3179 παναγιωτάτῳ
1790 3109 1955 3178 ἡμῶν

371 3203 639 3272 δεσπῦτῃ,
671 3200 747 3271 τῷ
782 3199 1152 3269 οἱκουμενικῷ
1181 3201 1533 3271 πατριάρχῃ,
1564 3200 1660 3253 τοῦ
1689 3216 1752 3253 τε
1785 3199 1956 3267 ἀγιω-
1982 3223 2025 3281 c

371 3295 535 3348 τάτου
580 3293 844 3348 δεσπότου
889 3292 986 3346 καὶ
1030 3292 1374 3362 πατριάρχου
1419 3289 1817 3361 Ἰεροσολύμων
1862 3291 1957 3342 καὶ

373 3386 483 3440 τῶν
520 3386 828 3455 ίερωτάτων
863 3384 1168 3455 ἀρχιερέων
1207 3384 1460 3446 πάντων,
1497 3381 1638 3452 πλὴν
1671 3381 1766 3434 τοῦ
1810 3382 1959 3434 Χαλ-

376 3479 632 3550 κηδόνος,
666 3478 859 3547 ἐκρίθη
895 3475 1160 3548 περισσὸν
1193 3477 1289 3528 καὶ
1325 3474 1592 3544 σύγχυσιν
1625 3475 1786 3543 μόνον
1821 3474 1959 3528 ἐπά-

374 3590 472 3642 γον
503 3572 564 3626 :6
603 3572 972 3645 προκομισοέν
1003 3569 1164 3622 τοῦτο
1203 3568 1557 3638 κατάστιχον,
1594 3553 1716 3619 ἐπεῖ
1749 3567 1820 3620 τά
1861 3566 1961 3636 μὲν

373 3671 483 3724 τῶν
517 3661 911 3740 ἐμφερομένων
944 3665 1096 3737 αὑτῷ
1131 3664 1449 3735 κεφαλαίων
1483 3663 1729 3733 ἔφθασαν
1765 3663 1962 3716 διεκδι-

379 3764 614 3836 κηθῆναι
660 3761 862 3825 ἱκανῶς
905 3761 1002 3815 καὶΙ
1047 3758 1186 3827 μετά
1228 3759 1320 3812 τδν
1363 3755 1718 3827 ἐγχωροῦντα
1761 3754 1963 3824 τρόπον

377 3861 447 3929 τῇ
487 3873 546 3910 τε
581 3855 876 3925 Ἐκκλησία
921 3853 1058 3906 Θεοῦ
1103 3853 1198 3908 καὶ
1239 3850 1318 3921 τῷ
1362 3847 1763 3917 παναγιωτάτῳ
1803 3847 1962 3916 ἡμῶν

379 3949 634 4020 δεσπότῃ,
664 3946 742 4017 τῷ
769 3944 1141 4015 οἱκουμενικῷ
1171 3942 1507 4013 πατριάρχῃ,
1541 3939 1840 4010 ἐγγράφως
1869 3937 1964 3998 καὶ

379 4043 646 4115 ἀγράφως
677 4038 1192 4110 προμηθευσαμένῳ
1226 4037 1322 4091 καὶ
1355 4034 1724 4089 σπουδάσαντι
1757 4031 1836 4095 είς
1866 4033 1966 4100 τὴν

378 4135 591 4190 τούτων
623 4132 912 4204 διόρθωσιν
932 4173 946 4196 ,
980 4131 1028 4183 εί
1064 4130 1158 4184 καί
1186 4145 1334 4192 τινες
1365 4127 1417 4181 οἱ
1444 4126 1820 4197 τολμήσαντες
1850 4123 1968 4178 δια-

382 4227 694 4300 πράξασθαι
727 4227 829 4289 τάς
859 4224 1118 4287 τοιαύτας
1153 4221 1535 4294 παρανομίας,
1569 4218 1969 4289 ἀμεταμέλητα

382 4321 467 4375 ἔτι
497 4319 812 4384 νοσοῦντες,
842 4318 1122 4388 ἐξέχονται
1154 4315 1362 4370 τούτων
1394 4315 1490 4368 καὶ
1526 4314 1667 4384 μετά
1695 4312 1798 4384 τὴν
1829 4311 1970 4364 ἐνδι-

383 4431 482 4469 κον
511 4411 857 4481 ἐπιτίμησιν.
887 4410 970 4464 Τά
997 4409 1054 4463 δὲ
1088 4409 1248 4479 ἔσχον
1281 4407 1475 4478 ἑτέραν
1507 4405 1794 4476 συνοδικὴν
1825 4403 1972 4471 61.69-~

353 4536 356 4538 η
385 4509 552 4560 θωσιν
580 4506 675 4558 καὶ
703 4505 1159 4556 ἀποκατάστασιν
1179 4539 1195 4566 ,
1224 4501 1398 4571 ἤγουν
1425 4499 1495 4553 τά
1527 4499 1658 4570 περὶ
1687 4496 1784 4551 τοῦ
1822 4497 1975 4550 Ἀλα-

2047 1986 2110 2040 :6
2133 1985 2413 2058 ἐγχωροῦν
2437 1986 2514 2058 τῷ
2544 1986 2947 2058 παναγιωτάτῳ
2970 1985 3130 2058 ήμῶν
3155 1985 3393 2057 δεσπότῃ
3411 2027 3424 2048 ,
3451 1986 3530 2056 τῷ
3555 1989 3635 2039 οἱ-

2049 2077 2360 2146 κουμενικῷ
2387 2078 2727 2150 πατριάρχῃ,
2757 2078 2833 2148 μὴ
2865 2078 3051 2145 μέντοι
3079 2077 3435 2147 προστρίσειν
3460 2077 3634 2130 ταῦτα

2048 2172 2116 2241 τῇ
2153 2171 2472 2242 Ἐκκλησία,
2504 2170 2618 2223 ἀλλ’
2641 2170 2956 2225 ἀνατιθέναι
2986 2170 3085 2241 τὴν
3115 2171 3320 2226 τούτων
3351 2170 3634 2241 ἐκδίκησιν

2049 2263 2130 2332 τῷ
2158 2264 2439 2336 προστάτῃ
2470 2265 2568 2332 τῆς
2604 2262 2959 2333 Ἐκκλησίας,
2990 2263 3134 2334 πλὴν
3170 2263 3309 2334 μετά
3340 2261 3633 2342 βασιλικῆς

2054 2355 2278 2426 ἰσχύος·
2326 2357 2539 2428 στέργω
2578 2357 2634 2410 δὲ
2677 2357 2774 2410 καὶ
2814 2356 2914 2427 τὴν
2959 2357 3244 2426 προὸᾶσαν
3284 2357 3635 2425 συγχώρησιν

2053 2447 2512 2526 συνοδικὴνιύπέρ
2541 2447 2634 2500 τοῦ
2671 2448 2862 2520 ἱερέως
2894 2448 2987 2502 τοῦ
3022 2447 3366 2519 Μαχητρίου,
3410 2447 3468 2500 Ὀ
3502 2449 3635 2500 Πον-

2050 2540 2413 2610 τοηρακλεὶας
2442 2537 2622 2607 εἶπεν,
2653 2543 2733 2594 ὅτι
2762 2540 2970 2612 Στοιχῶ
2997 2540 3140 2615 κατά
3171 2543 3349 2594 πάντα
3378 2540 3472 2602 ἐπὶ
3501 2539 3637 2591 πᾶσι

2053 2632 2264 2694 τούτοις
2291 2634 2358 2702 τῇ
2390 2632 2590 2705 γνώμῃ
2619 2631 2714 2685 τοῦ
2743 2632 3008 2686 δεσπότου
3040 2630 3136 2684 τοῦ
3174 2630 3521 2702 Ἡρακλείας,
3555 2629 3638 2682 ὅτι

2053 2729 2113 2783 οὐ
2147 2729 2230 2782 δεῖ
2261 2728 2436 2782 ταῦτα
2467 2728 2948 2802 παρρησιάζεσθαι
2984 2728 3018 2799 ἢ
3054 2728 3486 2798 προστρίϐεσθαι
3524 2726 3642 2794 μῶ-

2059 2837 2160 2891 μον
2185 2821 2253 2891 τῇ
2287 2821 2495 2892 συνόδῳ
2522 2821 2610 2876 διά
2638 2820 2812 2875 ταῦτα
2835 2837 2850 2852 ο
2882 2821 3097 2892 στέργω
3123 2822 3220 2874 καὶ
3246 2821 3347 2890 τὴν
3373 2819 3516 2888 ὑπὲρ
3542 2816 3636 2871 τοῦ

2057 2915 2251 2986 ἱερέως
2284 2914 2379 2968 τοῦ
2414 2915 2740 2986 Μαχητρίου
2779 2913 3066 2981 συνοδικὴν
3101 2913 3417 2979 διάγνωσιν.
3457 2911 3516 2964 Ὀ
3551 2911 3646 2962 Βιο

2057 3009 2192 3080 ζύης
2227 3003 2420 3072 εἷπεν,
2453 3008 2536 3061 ὅτι
2562 3007 2708 3060 Ὅσα
2743 3005 2987 3074 γίνονται
3028 3006 3180 3075 παρὰ
3211 3003 3304 3056 τὸν
3336 3001 3502 3072 τόμον
3536 2999 3639 3067 τῆς

2058 3101 2305 3165 ἑνώσεως
2340 3099 2431 3154 ἐπὶ
2463 3101 2574 3162 τοῖς
2606 3097 2873 3161 τοιούτοις
2909 3088 3188 3166 ἀθεμίτοις
3225 3094 3462 3164 γάμοις,
3496 3091 3648 3160 ὀφεί-

2057 3198 2167 3263 λει,
2195 3195 2284 3249 ῖνα
2311 3193 2710 3256 ἐπεκδικῶνται
2737 3189 2888 3261 παρά
2915 3189 3008 3242 τοῦ
3038 3185 3456 3253 παναγιωτάτου
3485 3183 3644 3255 ἡμῶν

2059 3289 2343 3354 δεσπότου,
2372 3287 2483 3360 ,τοῦ
2533 3282 2917 3354 οἱκουμενικοῦ
2972 3283 3340 3352 πατριάρχου,
3390 3279 3528 3332 κατά
3577 3278 3642 3331 :6

2058 3380 2282 3436 δυνατὸν
2313 3363 2461 3450 αύτῷ
2481 3417 2496 3443 ,
2527 3376 2717 3446 ὥσπερ
2747 3376 2884 3446 δῆτα
2915 3375 3012 3428 καὶ
3041 3374 3255 3443 γίνεται
3285 3371 3417 3442 παρ’
3444 3367 3609 3423 αὑτοῦ
3631 3410 3649 3435 ,

2061 3476 2155 3528 καὶ
2187 3475 2248 3527 ού
2281 3472 2388 3544 χρὴ
2424 3467 2902 3543 παρρησιάζεσθαι
2933 3466 3109 3520 ταῦτα
3138 3466 3236 3520 καὶ
3269 3463 3543 3518 κινεῖσθαι
3579 3462 3654 3516 διῖ

2061 3565 2183 3618 ὅλου
2217 3565 2272 3617 ἐν
2297 3567 2363 3634 τῇ
2395 3563 2516 3634 θείᾳ
2543 3563 2638 3617 καὶ
2667 3560 2790 3630 ἱερᾷ
2821 3559 3024 3629 συνόδῳ
3049 3575 3063 3589 ·
3099 3558 3148 3610 εἱ
3178 3556 3225 3610 δ’
3249 3556 3382 3618 ἴσως
3413 3554 3542 3626 ἔλθῃ
3571 3554 3653 3614 εἱς

2061 3655 2368 3726 ἀδυναμίαν
2407 3655 2502 3707 τοῦ
2547 3652 2723 3707 ταῦτα
2769 3649 3030 3705 δύνασθαι
3075 3646 3310 3701 κωλύειν
3350 3648 3432 3710 εἰς
3472 3646 3650 3711 τέλος,

2066 3752 2155 3805 ἵνα
2195 3749 2426 3819 γένηται
2460 3747 2521 3801 :6
2561 3746 2809 3801 ἐλλεῖπον
2844 3742 2945 3811 τῆς
2987 3741 3326 3810 ἐκδικήσεως
3370 3737 3521 3806 παρά
3555 3737 3656 3804 τῆς

2069 3842 2356 3915 βασιλικῆς
2387 3841 2678 3910 δυνάμεως
2701 3853 2716 3868 ·
2749 3835 2968 3905 στέργω
2997 3835 3054 3888 δέ
3085 3839 3184 3886 καὶ
3210 3832 3312 3900 τὴν
3345 3828 3533 3892 ἀπλῶς
3562 3845 3660 3896 γε-

2069 3935 2304 4005 νομένην
2337 3932 2626 4000 συνοδικὴν
2658 3927 3010 4000 συγχώρησιν
3041 3925 3183 3996 ὑπὲρ
3213 3924 3307 3978 τοῦ
3337 3922 3530 3994 ἱερέως
3561 3919 3660 3974 τοῦ

2068 4024 2416 4095 Μαχητρίου,
2454 4023 2516 4075 '0
2546 4020 2802 4092 Βρύσεως
2831 4015 3008 4084 εἷπεν,
3040 4016 3124 4070 ὅτι
3155 4013 3314 4068 Κατὰ
3343 4011 3454 4067 τῶν
3481 4010 3662 4065 τοιού-

2067 4132 2178 4170 των
2205 4111 2651 4183 ἀθεμιτογαμιῶν
2681 4109 2777 4164 καὶ
2803 4105 3159 4176 πολυγαμιῶν
3176 4105 3434 4176 ἐποίησεν
3461 4104 3490 4156 6
3520 4117 3664 4156 παν-

2070 4204 2376 4275 αγιώτατος
2423 4203 2583 4273 ἡμῶν
2630 4199 2922 4269 δεσπότης,
2943 4199 2972 4251 6
2993 4196 3372 4268 οίκουμενικδς
3394 4193 3666 4264 πατριάρ-

2071 4315 2176 4370 κης
2196 4338 2211 4361 .
2246 4298 2372 4352 ὅσον
2407 4295 2516 4349 ἔδει
2549 4291 2854 4356 κανονικῶς
2877 4330 2893 4354 ,
2936 4290 3074 4362 μετά
3111 4289 3205 4344 καὶ
3237 4286 3338 4357 τῆς
3375 4284 3527 4348 θείας
3567 4283 3666 4336 καὶ

2074 4392 2227 4463 ἱερᾶς
2270 4389 2494 4444 συνόδου
2519 4428 2534 4454 ,
2570 4385 2667 4441 καὶ
2704 4383 2974 4452 ἐπεξῆλθε
3010 4379 3185 4463 ταῦτα
3227 4378 3525 4448 ἐγγράφως
3569 4372 3667 4428 καὶ

2076 4460 2344 4552 ἀγράφως
2369 4495 2384 4511 ο
2419 4478 2685 4550 περισσὸν
2717 4473 2812 4533 οὖν
2843 4476 2994 4529 δοκεῖ
3025 4475 3121 4528 καὶ
3153 4460 3254 4526 οὐκ
3285 4470 3506 4534 εὔλογον
3527 4507 3542 4532 ,
3578 4468 3667 4521 ίνα

385 4603 524 4668 νίας,
553 4598 648 4652 τοῦ
679 4597 1050 4666 Περιθεωρίου
1079 4597 1173 4649 καὶ
1197 4595 1371 4665 ἐτερά
1392 4611 1516 4648 τινα
1539 4557 1937 4662 τοιουτότροπα
1957 4606 1973 4622 ·
2013 4596 2052 4650 D
2079 4575 2339 4629 κινῶνται
2365 4570 2546 4668 ξαῦτα
2579 4570 2662 4630 εἷς
2696 4568 2795 4639 τὴν
2831 4567 3082 4630 σύνοδον,
3236 4557 3666 4668 πξοσξρίδξσθξι

385 4695 554 4764 ἐτερα
594 4693 651 4746 δὲ
685 4691 796 4745 τῶν
832 4689 1092 4744 τοιούτων
1126 4689 1408 4760 ἀθεμίτων
1444 4687 1675 4756 γάμων,
1714 4684 1977 4754 γεγονότα

388 4789 542 4858 παρά
585 4787 766 4840 πᾶσαν
808 4783 1034 4855 γνώμην
1071 4783 1169 4835 καὶ
1210 4780 1469 4852 βούλησιν
1507 4779 1608 4849 τῆς
1646 4775 1978 4846 Ἐκκλησίας

387 4880 550 4945 Θεοῦ,
591 4877 1004 4948 ἐπετιμήθησαν
1050 4875 1150 4946 μὲν
1188 4874 1265 4938 ὡς
1305 4858 1877 4942 παράνομα,’δέονται
1921 4868 1980 4921 δὲ

390 4978 471 5040 είς
496 4975 557 5027 :6
584 4971 990 5042 διασπασθῆναι
1021 4968 1116 5022 καὶ
1143 4967 1242 5038 τῆς
1271 4965 1423 5034 παρά
1449 4963 1545 5016 τοῦ
1579 4960 1848 5034 κραταιοῦ
1885 4961 1980 5014 καὶ

390 5067 550 5134 ἁγίου
596 5064 754 5136 ἡμῶν
804 5061 1066 5115 αὐθέντου
1111 5059 1208 5113 καὶ
1253 5055 1520 5129 βασιλέως
1561 5053 1976 5123 διεκδικήσεως.

393 5159 515 5213 Τῶν
552 5157 738 5227 μέντοι
779 5155 874 5208 δύο
905 5153 1113 5208 τούτων
1150 5149 1463 5220 ἱερωτάτων
1498 5145 1806 5216 ἀρχιερέων
1830 5187 1844 5210 ,
1883 5142 1979 5196 τοῦ

390 5265 452 5309 ’τε
481 5253 832 5323 Χαλκηδόνος
859 5251 954 5302 καὶ
980 5247 1075 5300 τοῦ
1108 5243 1434 5313 Σουγδαίας,
1462 5240 1543 5294 ἔτι
1561 5235 1630 5294 δέ
1660 5241 1755 5291 κα¹ι
1781 5235 1875 5288 τοῦ
1903 5251 1982 5288 τι-

401 5326 675 5420 μιωτάτου
721 5343 1061 5414 ὑποψηφίου,
1106 5335 1489 5392 ἀπαιτούντων
1532 5335 1626 5386 καὶ
1670 5329 1981 5400 ζητούντων

312 5457 320 5468 ’
397 5443 619 5497 πλείονα
648 5439 746 5510 τὴν
774 5437 1063 5508 διόρθωσιν
1091 5433 1185 5488 καὶ
1216 5430 1526 5503 βαρυτέραν
1555 5428 1654 5498 τὴν
1685 5422 1980 5489 ἐπεξέλευ-

400 5553 484 5589 σιν
517 5535 610 5589 καὶ
645 5533 719 5603 μὴ
753 5531 1114 5602 στοιχούντων
1143 5525 1398 5579 ἐντεῦθεν
1427 5524 1494 5592 τῇ
1529 5519 1799 5590 εἰρημένῃ
1831 5530 1984 5568 συνο-

398 5634 524 5704 δικῇ
567 5624 858 5697 διαγνώσει
902 5625 996 5678 καὶ
1039 5622 1193 5690 κοινῇ
1239 5619 1406 5688 ψήφῳ
1449 5615 1545 5668 καὶ
1586 5610 1842 5704 ὁμονοία,
1888 5606 1983 5704 καὶ

401 5697 682 5792 ζητησεως
736 5713 1025 5780 συνοδικῆς
1066 5709 1368 5778 γενομένης
1411 5701 1700 5774 περὶτοῦ,
1745 5699 1858 5761 πῶς
1903 5697 1986 5751 δεῖ

399 5809 846 5876 ἀποκαταστῆναι
897 5805 965 5858 τά
1013 5801 1369 5871 ἐμφερόμενα
1413 5797 1490 5865 τῷ
1536 5793 1763 5861 τοιούτῳ
1812 5808 1982 5842 κατα-

404 5909 572 5981 στίχῳ
603 5904 696 5960 καὶ
727 5900 912 5956 λαϐεῖν
939 5897 1151 5952 τελείαν
1176 5895 1276 5965 τὴν
1299 5891 1646 5948 διευλύτωσιν
1677 5890 1769 5944 καὶ.
1797 5885 1981 5940 διαλυ-

2082 4665 2330 4720 ἐντεῦθεν
2363 4662 2522 4732 ὓϐριν
2551 4661 2647 4715 καὶ
2680 4659 3018 4730 κατηγορίαν
3051 4659 3118 4727 τῇ
3154 4651 3456 4723 Ἐκκλησία
3491 4647 3627 4702 Θεοῦ
3649 4689 3666 4715 ,

2079 4759 2219 4828 ὅπερ
2251 4757 2368 4809 ἐστὶ
2397 4751 2768 4808 ἀτοπώτατον.
2797 4751 2948 4820 Ἔχω
2979 4747 3036 4802 δὲ
3068 4747 3137 4801 τά
3167 4745 3398 4798 τοιαῦτα
3429 4740 3668 4810 ἀθέμιτα

2082 4847 2400 4904 συνοικέσια
2436 4845 2535 4900 καὶ
2569 4843 2701 4912 ἐγὼ,
2737 4841 2920 4905 καθὼς
2957 4837 3080 4893 κατ’
3103 4834 3285 4891 αὐτῶν
3316 4834 3366 4887 οί
3402 4834 3536 4887 θεῖοι
3571 4831 3669 4884 καὶ

2085 4943 2222 5014 ἱεροὶ
2247 4939 2480 5002 κανόνες
2501 4935 2881 5006 διαγορεύουσι
2909 4933 3002 4986 καὶ
3028 4935 3056 4985 ό
3077 4931 3175 5000 τῆς
3203 4928 3455 4990 ἐνώσεως
3479 4926 3669 4994 τόμος,

2082 5034 2178 5089 καὶ
2205 5034 2307 5086 οὐκ
2330 5030 2507 5091 άλλως
2527 5044 2542 5059 ⁸
2573 5026 2788 5098 στέργω
2813 5024 2868 5078 δέ
2894 5023 3072 5078 καὶτὸ
3097 5021 3309 5093 προόἀν
3332 5019 3432 5089 τῆς
3459 5033 3673 5086 συγχωο

2056 5127 2298 5196 -ρήσεως
2342 5122 2581 5192 γράμμα
2627 5116 2925 5180 συνοδικῶς
2970 5115 3081 5170 ἀπὸ
3128 5111 3480 5183 συμπαθείας
3526 5107 3670 5176 ὑπὲρ

2081 5223 2176 5275 τοῦ
2209 5219 2400 5290 ἱερέως
2428 5217 2525 5271 τοῦ
2555 5214 2900 5286 Μαχητρίου,
2931 5211 3074 5279 πλὴν
3105 5208 3192 5262 ἵνα
3219 5207 3371 5260 οὐδὲν
3405 5202 3667 5273 ἱερουργῇ

2083 5316 2116 5386 ἢ
2150 5312 2449 5385 ἐργάζηται
2473 5329 2526 5364 τι
2555 5308 2831 5380 ἱερατικὸν
2854 5305 2993 5368 ὅκως
3022 5305 3080 5355 ὲν
3102 5300 3180 5370 τῷ
3211 5297 3528 5370 περιονύμῳ
3555 5293 3668 5360 ναῷ

2083 5410 2180 5479 τῆς
2206 5407 2302 5460 τοῦ
2331 5405 2466 5458 Θεοῦ
2496 5403 2672 5471 Λόγου
2703 5398 2926 5468 Σοφίας,
2953 5395 2984 5449 ὃ
3010 5395 3076 5465 δὴ
3104 5395 3309 5454 πάντες
3335 5390 3385 5442 οἱ
3411 5386 3671 5458 ἀνωτέρω

2085 5497 2377 5571 γνωματεύ
2388 5512 2574 5557 σαντες
2598 5491 2878 5563 ἀρχιερεῖς
2905 5485 3186 5557 ἔστερξαν.
3224 5484 3284 5536 '0
3308 5482 3671 5552 Χριστιανου-

2086 5595 2296 5656 πόλεως
2335 5587 2529 5645 εἶπεν·
2572 5587 2656 5640 Τά
2697 5583 2830 5654 περὶ
2871 5582 2983 5636 τῶν
3007 5578 3281 5643 ,τοιούτων
3328 5573 3668 5644 ἀθεμιτογα-

2089 5690 2249 5760 μιῶν,
2277 5685 2386 5756 έχω
2410 5681 2586 5759 ταῦτα
2615 5681 2708 5734 καὶ
2735 5676 2898 5740 αὐτὸς
2924 5672 3128 5744 αίσχρά
3153 5672 3248 5724 καὶ
3275 5668 3444 5734 κακὰ,
3472 5664 3666 5734 ὥσπερ

2089 5757 2180 5839 καὶ
2219 5785 2268 5836 οἱ
2306 5781 2439 5834 θεῖοι
2476 5757 2568 5832 καὶ
2606 5777 2740 5846 ἱεροὶ
2781 5772 3003 5830 κανόνες
3035 5766 3136 5836 τὴν
3165 5763 3515 5847 ψῆφονπερὶ
3547 5761 3672 5814 τού-

2090 5863 2196 5933 των
2224 5875 2620 5946 προφέρουσιν,
2648 5867 2784 5923 ἀλλά
2806 5865 2872 5934 δὴ
2897 5864 2990 5916 καὶ
3013 5863 3042 5914 6
3066 5864 3163 5934 τῆς
3189 5856 3433 5920 ἐνώσεως
3457 5855 3623 5925 τόμος
3646 5870 3658 5885 ·
