4050 6460
417 450 436 466 ,
490 385 630 451 1375

1310 385 1664 450 CALLISTI
1708 387 1809 448 ET
1856 336 2296 450 PHILOTHEI‘
2323 387 2438 450 CP.
2475 384 2935 482 PATRIARCH.

3606 383 3722 450 ιιι-ιδ

486 506 688 577 πολλῆς
711 506 1015 572 ἐξετάσεως
1043 506 1344 578 γενομένης
1375 505 1539 578 χάριν
1566 507 1678 561 τῶν
1730 507 1864 579 παρ’
1896 509 2072 579 ἀμφο-
2099 515 2147 571 Α
2173 508 2229 563 δέ
2252 509 2548 579 ίερὼτατος
2577 507 3002 579 μητροπολίτης,
3025 505 3134 576 κῦρ
3173 502 3478 575 Ῥωμανδς,
3527 506 3583 560 ού
3639 509 3726 576 μό-

486 598 665 670 τέρων
710 599 919 654 τούτων
966 599 1076 653 τῶν
1131 599 1439 670 ἀρχιερέων
1475 598 1814 670 κινηθέντων
1877 600 2072 669 λόγων,

486 689 918 759 προηγουμένως
945 689 1047 757 μὶν
1074 689 1281 760 ἐτάχθη
1308 685 1450 743 εἶναι
1500 691 1593 742 καὶ
1644 689 1998 760 εὑρίσκεσθαι
2043 689 2074 742 ό

401 785 404 790 ’
491 780 791 852 ἱερώτατος
819 781 1231 853 μητροπολίτης
1260 780 1368 851 κῦρ
1409 780 1671 848 Ἀλέξιος,
1702 781 1895 852 ὥσπερ
1935 782 2077 852 ἐχει-

491 871 754 943 ροτονήθη
785 871 885 942 τὴν
932 871 1107 944 ἀρχὴν
1161 871 1376 926 Κυέϐου
1431 872 1527 927 καὶ
1590 874 1774 945 πάσης
1847 873 2078 938 Ῥωσίας

491 962 636 1016 κατά
659 962 760 1030 τὴν
809 961 1014 1016 ἀνωθεν
1065 964 1522 1035 ἐπικρατήσασαν
1575 965 1908 1036 συνήθειαν·
1949 965 2079 1037 περὶ

497 1056 686 1124 μέντοι
714 1055 811 1111 τοῦ
845 1057 1141 1126 ίερωτάτου
1179 1061 1587 1131 μητροπολίτου
1612 1061 1722 1134 κῦρ
1762 1062 2076 1132 Ῥωμανοῦ,

491 1149 568 1214 ὡς
601 1152 1048 1221 χειροτονηθέντα
1069 1153 1161 1207 καὶ
1198 1154 1366 1208 αὑτὸν
1424 1154 1660 1221 Διτϐῶν,
1719 1153 2011 1226 διωρίσατο
2051 1155 2080 1208 ὁ

490 1243 788 1312 κράτιστος
809 1245 900 1298 καὶ
929 1246 1088 1315 ἀγιός
1151 1263 1256 1316 μου
1306 1247 1670 1318 αὐτοκράτωρ
1721 1247 2082 1316 συγκαταϐά-

495 1349 636 1398 σεως
661 1334 805 1404 λόγῳ
834 1336 930 1390 καὶ
963 1337 1082 1406 ἀμα
1113 1336 1206 1392 διά
1233 1338 1334 1408 τὴν
1358 1337 1751 1410 ἀνενοχλησίαν
1799 1338 1896 1392 καὶ
1925 1339 2080 1409 είρή-

492 1439 592 1494 νην
609 1424 705 1478 τοῦ
733 1426 912 1480 ἐκεῖσε
945 1428 1116 1481 τόπου
1146 1429 1296 1497 ἐχειν
1324 1428 1424 1482 σὺν
1449 1431 1572 1491 ταῖς
1600 1427 1792 1492 οὔσαις
1849 1431 1916 1500 τῇ
1971 1428 2082 1484 τῶν

493 1514 710 1569 Διτϐῶν
741 1516 987 1589 ἐπαρχία
1026 1517 1181 1570 δυσὶν
1231 1520 1588 1583 ἐπισκοπαῖς,
1618 1519 1679 1572 τὸ
1731 1512 2088 1584 Πωλότζικον

495 1609 681 1664 καὶτὸ
710 1609 984 1678 Τούροϐον
1015 1613 1156 1682 μετά
1212 1612 1305 1667 καὶ
1361 1612 1457 1667 τοῦ
1516 1613 2081 1684 Νοϐογραδοπουλίου,

496 1699 595 1754 τοῦ
649 1701 1000 1772 καθίσματος,
1055 1704 1148 1758 τοῦ
1209 1705 1608 1776 μητροπολίτου
1633 1745 1652 1773 ,
1693 1708 1793 1762 καὶ
1845 1707 1945 1769 τάς
1983 1708 2087 1778 τῆς

501 1788 708 1864 μικρᾶς
747 1791 987 1860 Ῥωσίας
1022 1797 1352 1864 ἐπισκοπάς,
1389 1799 1528 1870 ὅπερ
1555 1800 1754 1870 διέγνω
1804 1801 1898 1856 καὶ
1952 1802 2088 1855 ἀπε-

500 1850 768 1958 φήνατοή
800 1850 1093 1959 μετριότης
2117 1850 2159 1906 Β

497 1975 668 2046 αὐτὴν
693 1975 812 2031 θεία
843 1979 940 2033 καὶ
970 1980 1091 2052 ίερά
1123 1981 1360 2048 σύνοδος,
1391 1981 1538 2054 ἔχειν
1601 1985 1663 2039 τὸ
1705 1985 1937 2055 στέργον
1986 1985 2085 2040 καὶ

498 2067 720 2136 βέϐαιον
749 2072 892 2126 κατὰ
920 2074 1021 2144 τὴν
1052 2073 1146 2126 ἐπὶ
1177 2074 1358 2146 τούτῳ
1388 2077 1670 2148 ἐπίκρισιν
1696 2077 1794 2132 καὶ
1822 2077 2085 2147 εὐνομίαν

497 2162 593 2216 τοῦ
626 2165 924 2234 κρατίστου
953 2167 1050 2220 καὶ
1080 2167 1238 2237 ἁγίου
1272 2186 1377 2238 μου
1412 2153 1836 2240 αὐτοκράτορος,
1870 2171 2088 2250 πρρμή-

498 2255 651 2310 θειαν
672 2258 1021 2329 ποιησαμένη
1051 2261 1141 2313 καὶ
1175 2261 1316 2332 αὑτὴ
1345 2261 1441 2316 τοῦ
1498 2262 1741 2316 τοιούτου
1791 2263 2086 2333 ίερωτάτου

498 2350 904 2419 μητροπολίτου
954 2353 1194 2418 Λιτϐῶν,
1257 2354 1363 2424 κῦρ
1422 2353 1731 2426 Ῥωμανοῦ,
1801 2356 2088 2427 προϐάσης

495 2445 595 2496 καὶ
652 2443 849 2514 ἐτέρας
877 2445 1166 2517 συνοδικῆς
1198 2447 1474 2516 πράξεως,
1509 2448 1585 2511 ὡς
1618 2448 1686 2503 ἀν
1713 2448 1744 2500 ό
1779 2447 1880 2519 μέν
1929 2449 2090 2519 ίερώ-

494 2549 662 2597 τατος
691 2535 1100 2608 μητροπολίτης
1159 2537 1376 2592 Κυέϐου
1433 2539 1529 2592 καὶ
1586 2539 1770 2610 πάσης
1829 2538 2086 2604 Ῥωσίας,

498 2624 605 2695 κῦρ
648 2627 907 2695 ’Δλέξιος,
949 2629 1278 2702 ἐπιλάϐηται
1312 2631 1406 2684 καὶ
1452 2632 1701 2703 κατάσχῃ
1751 2633 1937 2687 πᾶσαν
1988 2631 2091 2704 τὴν

498 2715 592 2768 ὑπ’
634 2715 800 2770 αὐτὸν
840 2719 1059 2789 ἐνορίαν
1107 2721 1247 2792 μετά
1275 2723 1511 2776 καὶτῶν
1563 2724 1623 2776 ἐν
1672 2724 1810 2795 αὐτῇ
1868 2726 2095 2778 ἐπισκο-

501 2805 624 2862 πῶν
707 2809 1084 2881 ἀνενοχλήτως
1144 2813 1495 2869 παντάπασιν
1555 2815 1651 2870 καὶ
1709 2816 2090 2887 ἀδιασείστως,

501 2903 598 2956 καὶ
619 2904 774 2958 ούδδν
807 2907 1043 2978 εὑρίσκῃ
1069 2907 1224 2978 παρά
1249 2909 1345 2962 τοῦ
1407 2909 1708 2979 ίερωτάτου
1758 2913 2094 2982 μητροπολί-

499 3011 595 3048 του
648 2995 888 3061 Λιτϐῶν,
935 2997 1043 3068 κῦρ
1110 2997 1418 3069 Ῥωμανοῦ,
1471 3001 1564 3054 ἐπὶ
1609 3003 1677 3072 τῇ
1736 3005 1942 3075 κατοχῇ
1999 3005 2096 3059 καὶΙ

501 3086 811 3158 διεξαγωγῇ
848 3090 944 3142 καὶ
972 3090 1239 3160 διοικήσει
1268 3094 1368 3159 τῆς
1404 3092 1708 3164 εἰρημένης
1752 3094 1968 3166 ἐνορίας
1995 3097 2094 3165 τῆς

507 3183 902 3253 μητροπόλεως
935 3184 1149 3238 Κυέϐου
1184 3187 1327 3256 μετὰ
1380 3187 1575 3241 πασῶν
1604 3188 1724 3242 ’τῶν
1773 3189 2092 3243 ἐπισκοπῶν

503 3274 674 3328 αὐτοῦ
731 3273 834 3346 τὴν
887 3274 1163 3347 τυχοῦσαν
1223 3278 1752 3353 καταδυναστείανῆ
1804 3283 2092 3354 ἐπήρειαν,

503 3365 850 3437 ἀρκουμένου
890 3368 986 3422 τοῦ
1029 3367 1277 3425 τοιούτου
1341 3371 1638 3443 ίερωτάτου
1692 3374 2094 3446 μητροπολίτου

505 3459 744 3526 Λιτϐῶν,
772 3459 880 3531 κῦρ
923 3461 1235 3533 Ῥωμανοῦ,
1261 3464 1344 3528 είς
1373 3466 1512 3538 ὅπερ
1540 3466 1689 3539 αύτῷ
1722 3467 1880 3538 ἐδόθη
1937 3484 2097 3523 συνο-

429 3627 436 3643 1
505 3555 632 3628 δικῇ
693 3557 994 3627 διαγνώσει
1057 3559 1296 3616 ἐνώπιον
1357 3561 1460 3633 τῆς
1507 3564 1670 3634 ήμῶν
1739 3564 2098 3635 μετριότητος

517 3650 768 3722 ὕστερον,
803 3652 881 3718 ὡς
912 3653 1236 3725 δεδήλωται,
1263 3655 1680 3728 ἐμπεδωθείσης
1706 3657 1808 3728 τῆς
1835 3658 2098 3728 τοιαύτης

499 3739 767 3820 ,πράξεως
793 3744 858 3814 τῇ
885 3744 950 3797 ἐκ
981 3745 1093 3798 τῶν
1123 3745 1286 3800 θείων
1316 3747 1411 3800 καὶ
1438 3745 1601 3817 ίερῶν
1635 3747 1879 3801 κανόνων
1922 3747 2098 3817 ἐπηρ-

506 3835 724 3908 τημένῃ
752 3835 1022 3909 καταδίκῃ
1079 3838 1195 3901 τοῖς
1227 3838 1599 3909 ἀνατρέπουσι
1623 3837 1871 3904 τούτους,
1901 3837 1979 3903 ὡς
2031 3840 2100 3894 ἂν
2137 3893 2141 3896 ,

507 3928 660 3992 ὅστις
687 3927 747 3994 ἐξ
773 3929 1101 4003 ἀμφοτέρων
1135 3930 1212 4002 μὴ
1251 3932 1602 4005 ἐφησυχάζῃ,
1651 3932 1997 4004 ἀρκούμενος
2021 3932 2100 4004 τῷ

507 4020 697 4093 οἰκείῳ
724 4021 943 4094 δικαίῳ,
976 4026 1074 4079 καὶ
1123 4025 1353 4097 εἰρήνην
1401 4026 1503 4099 ἔχῃ
1564 4025 1646 4090 είς
1683 4025 1897 4093 ἐαυτὸν,
1949 4027 2027 4092 ὡς
2072 4028 2102 4082 ό

508 4112 606 4168 τοῦ
628 4114 838 4186 Κυρίου
873 4099 1128 4187 βούλεται
1157 4117 1322 4186 νόμος
1353 4119 1452 4172 καὶ
1493 4119 1557 4173 τὸ
1609 4119 1962 4191 ἐπάγγελμα,
2003 4121 2103 4176 καὶ

511 4206 848 4286 καθὼςοέστι
881 4207 1122 4278 μάλιστα
1174 4206 1535 4280 ὀφειλόμενον
1565 4210 1679 4274 τοῖς
1723 4213 2104 4284 πνευματικὴν

511 4299 860 4371 προστασίαν
891 4299 1142 4370 λαχοῦσι,
1173 4298 1315 4372 μετά
1341 4301 1444 4372 τήν
1491 4300 1754 4373 τοιαύτην
1815 4301 2103 4372 συνοδικὴν

511 4393 815 4461 διάγνωσιν
861 4393 1064 4465 πρᾶξίν
1092 4411 1152 4447 τε
1183 4411 1281 4448 και
1311 4395 1673 4464 κατάστασιν,
1698 4395 1837 4453 ἀλλά
1875 4397 2104 4472 χωρήσῃ

511 4489 598 4553 είς
623 4488 884 4558 ἀθέτησιν
913 4487 1165 4543 ὁπωσοῦν
1188 4489 1418 4562 ταύτης,
1443 4492 1540 4546 καὶ
1566 4489 1812 4564 τολμήσῃ
1830 4491 1984 4562 παρὰ
2003 4492 2103 4564 τὴν

2179 618 2271 655 νον
2302 598 2662 671 ἐξερχόμενος
2695 600 2803 654 τῶν
2824 599 3061 654 ἐνταῦθα
3087 598 3317 670 ἠθέλησε
3345 597 3526 653 λαϐεῖν
3569 599 3726 668 γράμο

2182 711 2332 763 ματα
2354 693 2454 764 τῆς
2481 695 2516 762 ή
2525 693 2645 762 μῶν
2671 694 3028 764 μετριότητος
3051 691 3134 752 είς
3157 690 3422 744 πίστωσιν
3465 688 3556 742 καὶ
3580 691 3728 760 ἀσφά·

2177 786 2330 840 λειαν
2359 787 2470 841 τῶν
2495 786 2672 850 οὕτως
2709 785 3151 854 ἀποφανθέντων,
3181 781 3308 837 οὔτε
3353 781 3451 853 τὴν
3473 781 3728 851 ὀφειλομέ-

2181 895 2280 948 νην
2311 878 2594 948 ὑποταγὴν
2619 875 2959 943 ἐνδείξασθαι
2984 877 3066 940 είς
3091 875 3191 946 τὴν
3211 873 3374 944 ήμῶν
3405 873 3725 944 μετριότητα,

2165 969 2298 1025 ιάλλ⁹
2337 970 2516 1024 ἀπιὼν
2542 968 2717 1041 ᾧχετο
2740 969 2822 1031 είς
2853 969 2952 1038 τὴν
2979 966 3255 1039 λαχοῦσαν
3300 967 3485 1028 αὑτὸν,
3531 966 3734 1019 κάκεῖσε

2182 1062 2657 1134 παραγενόμενος,
2687 1063 2766 1127 ὡς
2797 1059 3065 1132 ἀνηνέχθη
3123 1061 3192 1130 τῇ
3228 1056 3394 1129 ἡμῶν
3427 1059 3734 1128 μετριότητι,

2184 1153 2358 1208 πολλὰ
2388 1151 2498 1204 τῶν
2530 1151 2906 1206 ἀκανονίστων
2935 1149 3238 1220 είργάσατο
3267 1162 3284 1180 ο
3345 1145 3591 1201 ἀπελθὼν
3640 1145 3732 1218 γὰρ

2184 1220 2361 1312 εἰς’τδ
2385 1245 2603 1301 Κύεϐον
2635 1244 2924 1316 ἀμετόχως
2952 1241 3317 1316 ἱερούργησεν
3369 1242 3429 1295 ἐν
3470 1239 3611 1312 αὐτῷ
3654 1239 3734 1293 καὶ

2184 1338 2520 1410 χειροτονίας
2577 1336 2932 1402 διεπράξατο,
2965 1335 3106 1390 ’καὶ
3143 1333 3340 1390 ἐαυτὸν
3407 1333 3614 1388 Κυέϐου
3655 1331 3735 1386 καὶ

2185 1430 2370 1500 πάσης
2394 1427 2623 1493 Ῥωσίας
2650 1427 2942 1484 καθολικδν
2985 1425 3396 1498 μητροπολίτην
3427 1424 3590 1488 ἀδεῶς
3637 1424 3738 1478 ὀνο-

2191 1521 2375 1593 μάζει,
2394 1521 2536 1592 ὅπερ
2572 1521 2903 1592 προεξένησε
2947 1520 3212 1590 σύγχυσιν
3266 1521 3364 1574 καὶ
3403 1515 3643 1588 ’ταραχὴν
3682 1519 3736 1585 τῇ

2187 1614 2429 1686 ἐπαρχίᾳ
2480 1612 2575 1669 τοῦ
2620 1612 2924 1685 ίερωτάτου
2970 1599 3372 1683 μητροπολίτου
3407 1610 3613 1665 Κυέϐου
3659 1607 3739 1661 καὶ

2187 1703 2373 1772 πάσης
2408 1701 2664 1770 Ῥωσίας,
2696 1703 2792 1756 καὶ
2819 1701 3161 1772 παρεκίνησε
3193 1701 3292 1754 καὶ
3352 1699 3445 1754 τὸν
3503 1698 3737 1768 αὐθέντην

2189 1794 2403 1850 Λιτϐῶν
2430 1796 2576 1850 κατά
2597 1795 2709 1848 τῶν
2768 1792 3116 1864 Χριστιανῶν
3167 1790 3625 1860 κατεξαναστῆναι
3658 1791 3737 1843 καὶ

2185 1889 2286 1943 οὐκ
2309 1888 2500 1959 ὀλίγην
2532 1885 2741 1959 φθοράν
2768 1887 2866 1940 καὶ
2889 1886 3078 1956 χύσεις
3103 1885 3355 1956 αἱμάτων
3411 1883 3736 1955 ἐργάσασθαι,

2189 1981 2338 2050 άπερ
2370 1981 2582 2046 ἔδειξαν
2605 1979 3002 2050 ἀκριϐέστερον
3031 1979 3081 2032 οί
3118 1978 3215 2032 τοῦ
3245 1977 3537 2048 ίερωτάτου
3568 1991 3742 2045 μητρο-

2189 2073 2412 2128 πολίτου
2441 2073 2654 2128 Κυέϐου
2687 2073 2781 2127 καὶ
2811 2073 2990 2143 πάσης
3024 2070 3283 2139 Ῥωσίας,
3339 2071 3444 2142 κῦρ
3509 2067 3740 2133 Ἀλεξίου,

2189 2168 2628 2239 ἀποκρισιάριοι,
2661 2165 3067 2229 καταλαϐόντες
3123 2167 3361 2221 ἐνταῦθα
3386 2165 3483 2219 καὶ
3510 2164 3568 2228 ἐξ
3592 2162 3741 2216 ἀλλων

2193 2260 2294 2331 μὲν
2353 2258 2592 2324 πολλῶν,
2645 2259 2885 2328 μάλιστα
2947 2256 3005 2310 δέ
3060 2257 3154 2312 καὶ
3205 2255 3304 2325 ἀφ’
3347 2249 3424 2311 ὧν
3462 2255 3744 2324 διεκόμισαν

2189 2351 2541 2423 γραμμάτων
2573 2352 2668 2408 τοῦ
2697 2353 2995 2422 ίερωτάτου
3043 2351 3464 2423 μητροπολίτου,
3495 2348 3594 2418 κῦρ
3631 2347 3743 2400 Ῥω-

2196 2443 2392 2515 μανοῦ,
2426 2444 2570 2515 ύπερ
2619 2437 2696 2498 ὧν
2759 2445 2856 2499 καὶ
2895 2443 3087 2515 ῶσπερ
3135 2443 3542 2514 ἐγκαυχώμενοι
3577 2441 3622 2494 οἱ
3664 2437 3742 2491 τοῦ

2194 2537 2493 2609 ίερωτάτου
2534 2536 2938 2608 μητροπολίτου
2994 2535 3210 2591 Διτϐῶν
3241 2535 3538 2606 ἄνθρωποι,
3567 2530 3741 2602 1:961:-

2197 2648 2290 2702 ρον
2323 2630 2730 2694 καταλαϐόντες
2783 2628 3040 2696 ἐνταῦθα,
3072 2619 3454 2700 διεκήρυττόν,
3488 2627 3561 2690 ὡς
3585 2622 3742 2678 τοσοῦ-

2193 2739 2286 2778 τον
2317 2725 2346 2778 ό
2381 2722 2682 2794 ἱερώτατος
2717 2721 3130 2795 μητροπολίτης
3159 2720 3272 2792 κῦρ
3321 2719 3589 2791 Ῥωμανός
3617 2719 3741 2770 ἐστιν

2197 2815 2422 2887 ἰσχυρὸς
2449 2815 2545 2870 καὶ
2573 2815 2800 2870 δύναται
2822 2814 2921 2885 τὴν
2946 2815 3218 2886 ἐπαρχίαν
3280 2813 3495 2870 ἃπασαν
3514 2811 3606 2881 τῆς
3651 2826 3740 2879 μη-

2193 2909 2505 2978 τροπόλεως
2531 2907 2680 2978 ἐχειν
2722 2906 2977 2972 Ῥωσίας,
3034 2908 3118 2962 ὅτι
3168 2907 3267 2962 καὶ
3317 2907 3397 2970 είς
3451 2904 3510 2958 τδ
3561 2899 3741 2956 Κύεϐον

2195 3000 2413 3071 ἀπῆλθε
2470 3001 2568 3055 καὶ
2611 2998 3026 3070 ἐλειτούργησε,
3077 2998 3173 3053 καὶ
3233 2995 3536 3058 ἐπισκοπάς
3571 2989 3744 3050 πολλὰς

2198 3092 2588 3166 προσελάϐετο,
2621 3093 2718 3148 καὶ
2764 3092 2856 3146 τὸν
2901 3091 3171 3163 αὐθέντην
3224 3089 3441 3144 Λιτϐῶν
3485 3085 3614 3142 κατά
3662 3080 3742 3136 τοῦ

2123 3222 2168 3282 c
2199 3184 2308 3254 κῦρ
2352 3183 2591 3252 Ἀλεξίου
2634 3182 2900 3256 διήγειρε,
2949 3182 3045 3236 καὶ⁵
3101 3180 3283 3236 πάντα
3331 3179 3534 3282 ἔξεστιν
3576 3171 3743 3276 ἐκείνῳ

2201 3281 2378 3334 ποιεῖν
2403 3279 2597 3343 ἀδεῶς,
2630 3277 2864 3346 δύναμιν
2889 3276 2948 3330 ού
2974 3274 3180 3346 μικρὰν
3229 3274 3432 3346 ἔχοντι,
3488 3271 3564 3334 είς
3609 3265 3742 3321 τοῦτο

2201 3370 2618 3441 παρακινοῦσαν
2645 3369 2736 3424 τὸν
2765 3369 3034 3440 αύθέντην
3066 3351 3287 3423 Λιτϐῶν
3314 3384 3328 3400 ο
3378 3367 3464 3421 διά
3509 3363 3628 3433 γοῦν
3661 3359 3744 3428 τὴν

2198 3462 2460 3535 τοιαύτην
2482 3462 2868 3534 (κατάστασιν)
2908 3460 3189 3531 ἐπισφαλῆ
3231 3459 3576 3516 παντάπασιν
3605 3448 3745 3507 οὖσαν

2198 3557 2298 3622 καὶ
2328 3557 2434 3622 ἐξω
2459 3557 2558 3628 τῆς
2581 3556 2693 3611 τῶν
2726 3556 2892 3611 θείων
2922 3555 3017 3610 καὶ
3048 3553 3214 3625 ιερῶν
3243 3553 3487 3608 κανόνων
3514 3545 3743 3615 διαταγῆς

2199 3648 2298 3704 καὶ
2323 3649 2438 3720 ἀμσ
2462 3647 2553 3703 διά
2581 3649 2644 3702 τὸ
2671 3647 2748 3720 μὴ
2779 3645 3100 3720 προϐαίνειν
3140 3644 3290 3701 κατά
3323 3643 3418 3698 τοῦ
3460 3643 3743 3712 Χριστιανι-

2199 3740 2298 3796 κοῦ
2319 3740 2419 3811 τῆς
2461 3740 2694 3806 Ῥωσίας
2723 3741 2919 3810 γένους
2945 3740 3143 3811 φόνους
3203 3738 3302 3792 καὶ
3349 3733 3629 3806 συγ-χύσεις
3668 3728 3746 3780 καὶ

2205 3834 2386 3906 μάχας
2414 3835 2510 3889 καὶ
2555 3834 2826 3908 ταραχάς,
2880 3832 2960 3897 ῶς
3008 3833 3250 3902 λέγεται,
3313 3831 3456 3900 άπερ
3502 3825 3610 3880 ἐστὶ
3653 3820 3744 3908 τοῖς

2201 3926 2414 3982 εθνεσιν
2439 3925 2546 3980 ῖδια
2570 3925 2685 3988 τοῖς
2707 3906 2819 3994 ἡμὴ
2872 3921 3038 3993 φόϐον
3084 3923 3146 3978 ἐν
3184 3921 3403 3986 ἐαυτοῖς
3455 3917 3626 3990 έχουσι
3665 3906 3743 3964 τοῦ

2201 4021 2364 4089 Θεοῦ,
2389 4019 2484 4075 καὶ
2501 4018 2566 4074 οθ
2589 4018 2705 4083 τοῖς
2724 4013 3068 4089 ἀρχιερεῦσι,
3100 4013 3196 4070 καὶ
3221 4011 3440 4083 πρῶτον
3467 4010 3559 4082 μὲν
3576 4001 3745 4074 ἐγγρά-

2203 4133 2321 4186 φως
2347 4111 2790 4186 παρεκελεύσατο
2812 4109 2952 4181 πρὸς
2971 4110 3137 4164 αὐτὸν
3163 4107 3230 4179 δὴ
3258 4107 3355 4162 τὸν
3401 4104 3504 4175 κῦρ
3559 4098 3746 4186 Ῥωμα-

2203 4207 2293 4263 νδν
2317 4208 2352 4279 ή
2384 4185 2683 4278 μετριότης
2710 4203 2895 4276 ήμῶν,
2951 4200 3327 4272 είσηγουμένη
3368 4196 3560 4266 τούτῳ,
3579 4191 3646 4254 ὡς
3693 4185 3747 4240 ἂν

2205 4300 2424 4372 ἀποστῇ
2473 4296 2588 4354 τῶν
2636 4294 2900 4350 τοιούτων
2947 4291 3320 4350 ἀκανονίστων
3374 4286 3632 4362 πράξεων,
3678 4280 3742 4372 ,ὡς

2203 4371 2552 4463 ἐγράψαμεν,
2587 4387 2841 4459 στέργειν
2857 4385 3234 4457 ἀπαραϐάτως
3276 4384 3348 4438 τά
3409 4371 3744 4463 διεγνωσμένα

2207 4461 2504 4546 συνοδικῶς
2555 4478 2652 4535 καὶ
2698 4477 2776 4549 μὴ
2837 4473 3157 4548 περαιτέρω
3207 4471 3414 4526 τούτων
3469 4461 3746 4538 προϐαίνειν

511 4549 733 4654 ἐιορίαν
779 4549 961 4640 ἀὐτοῦ
1026 4549 1551 4654 διαπράξασθαίπι
1615 4549 2008 4658 ἀρχίερατικὸν
2056 4549 2099 4654 ’ἢ
2133 4583 2179 4641 D
2211 4575 2304 4629 καὶ
2337 4571 2478 4627 κατὰ
2511 4569 2608 4626 τοῦ
2661 4567 2767 4638 κῧρ
2832 4566 3077 4632 Ἀλεξίου
3130 4556 3631 4658 κατεξινίσξαξίξαιι
3673 4549 3749 4658 κξὶ

517 4677 794 4748 ίερατικδν
828 4679 861 4751 ἢ
898 4679 1351 4749 ἐκκλησιαστικὸν
1376 4679 1517 4745 ὅλως
1567 4680 1662 4734 ἐπὶ
1692 4681 1972 4751 ἀνατροπῇ
2007 4678 2108 4749 τῆς

515 4771 986 4843 ἐκκλησιαστικῆς
1021 4772 1434 4837 καταστάσεως,
1489 4774 1566 4835 ὼς
1598 4770 1850 4825 ἐντεῦθεν
1877 4786 2111 4842 παρεισ-

517 4863 754 4935 αχθῆναι
804 4865 968 4919 πάλιν
1005 4861 1280 4920 σκάνδαλα
1313 4865 1410 4919 καὶ
1477 4864 1751 4935 ὀχλήσεις,
1780 4865 1810 4918 ό
1867 4862 2111 4927 τοιοῦτος

519 4958 679 5025 ἀξίαν
749 4959 1119 5029 ὑποστήσεται
1169 4958 1269 5029 τὴν
1335 4957 1634 5028 κανονικὴν
1687 4957 1959 5029 τιμωρίαν
2013 4961 2109 5011 καὶ

519 5050 870 5117 ἐπεξέλευσιν
900 5051 1054 5119 παρά
1091 5051 1204 5118 τῆς.
1247 5049 1404 5120 ήμῶν
1458 5050 1814 5120 μετριότητος
1864 5050 1959 5103 καὶ
2009 5049 2109 5119 τῆς

524 5142 656 5211 περὶ
684 5140 857 5211 αὐτὴν
900 5139 1051 5203 θείας
1096 5139 1192 5193 καὶ
1246 5140 1400 5208 ίερᾶς
1445 5138 1688 5204 συνόδου,
1732 5139 1808 5204 ὡς
1841 5140 2113 5210 ἀθετητὴς

522 5235 615 5287 καί
638 5233 858 5289 ἐναντία
891 5231 1109 5303 φρονῶν
1137 5234 1202 5300 τῇ
1241 5232 1373 5303 άγίᾳ
1403 5232 1500 5286 τοῦ
1549 5233 1794 5304 Χριστοῦ
1843 5232 2110 5303 καθολικῇ

527 5325 624 5378 καὶ
653 5319 993 5391 ἀποστολικῇ
1032 5319 1354 5392 Ἐκκλησία,
1382 5323 1478 5376 καὶ
1507 5322 1833 5394 βουλόμενος
1859 5322 2112 5377 ἐντεῦθεν

527 5415 796 5485 σύγχυσιν
842 5412 940 5465 καὶ
1000 5402 1246 5487 ταραχὴν
1294 5415 1390 5468 καὶ
1447 5417 1656 5488 φθορὰν
1709 5415 1992 5486 προξενεῖν
2034 5415 2112 5486 τῷ

501 5505 635 5559 ⁵τῶν
704 5504 928 5558 Ῥώσων
984 5504 1362 5578 Χριστιανικῷ
1417 5510 1589 5578 γένει.
1664 5507 1831 5561 Ἀλλά
1909 5506 2113 5562 τούτων

525 5593 670 5650 οὕτω
702 5595 1014 5666 γενομένων
1042 5599 1138 5654 καὶ
1191 5601 1722 5665 ἀποκαταστάντων,
1777 5600 1837 5660 ὃν
1895 5601 2112 5672 εἴρηται

527 5688 751 5755 τρόπον,
787 5689 815 5742 ό
845 5688 948 5759 μὲν
981 5689 1274 5763 ἱερώτατος
1307 5692 1722 5764 μητροπολίτης
1755 5693 1970 5756 Κυέϐου
2018 5694 2114 5750 καὶ

529 5779 710 5851 πάσης
747 5780 1000 5849 Ῥωσίας,
1027 5784 1056 5836 ό
1103 5783 1208 5854 κῦρ
1271 5784 1548 5852 ’Δλέξιος,.
1592 5785 1910 5856 εὑρίσκεται
1972 5786 2111 5844 κατά

527 5869 707 5930 πάντα
755 5877 1084 5950 πειθόμενος
1124 5878 1232 5942 τοῖς
1286 5877 1669 5948 διαγνωσθεῖσι
1722 5879 2036 5947 συνοδικῶς,
2085 5879 2111 5932 ό

2209 4666 2311 4739 τὴν
2343 4665 2569 4738 μείζονα
2612 4664 2924 4735 ὲ’ττι-σκοπὴν
2961 4663 3061 4732 τῆς
3093 4660 3348 4722 Ῥωσίας,
3380 4653 3471 4708 τοῦ
3514 4642 3749 4719 Μπριανίο

2212 4776 2374 4826 σκου,
2418 4757 2812 4829 ίδιοπσιήσατο,
2857 4754 3172 4826 ἀνήκουσαν
3222 4748 3302 4819 τῷ
3359 4743 3620 4837 ίερωτάτιρ
3661 4751 3747 4837 μδ·

2211 4851 2512 4924 τροπολίτῃ
2542 4849 2762 4905 Κυέϐου
2811 4849 2909 4903 καὶ
2974 4847 3160 4916 πάσης
3233 4841 3484 4902 Ῥωσίας,
3549 4832 3620 4904 τῷ
3662 4832 3747 4894 κῧρ

2225 4945 2470 5017 ’Δλεξίιρ,
2502 4944 2596 5014 ἀφ’
2617 4938 2678 4998 οὗ
2705 4941 2951 5013 δηλονότι
2974 4937 3286 5008 ὑφορῶνται
3333 4934 3427 4987 καὶ
3452 4929 3530 4984 ἔτι
3559 4924 3748 5017 μείζονα

2212 5039 2283 5094 τά
2314 5009 2463 5095 κακά
2493 5009 2878 5109 προχωρήσειν
2905 5033 3001 5087 καί⁷
3020 5029 3287 5098 καθολική
3337 5042 3423 5090 τις
3461 5017 3622 5118 φθορᾶξ
3672 5009 3748 5118 κει]

2213 5133 2538 5204 καινοτομία
2564 5132 2675 5187 τῶν
2705 5125 3180 5204 ἐκκλησιαστικῶν
3229 5118 3562 5193 πραγμάτων
3605 5112 3656 5162 ἐν
3694 5112 3746 5204 ξῗὶ

2214 5227 2315 5302 ὅλη
2344 5196 2592 5298 ἐπέρχεαι
2619 5224 2720 5294 τῆς
2759 5196 2993 5283 Ῥω-σίας
3026 5197 3044 5254 λ
3080 5219 3116 5290 ἠ
3175 5214 3460 5287 μετριότης
3504 5203 3667 5302 ήμὲῶν,
3701 5196 3750 5294 ὃν

2214 5297 2434 5392 εἴρηται
2461 5297 2694 5390 τρόπον,
2724 5312 3003 5384 κηδομένη
3027 5309 3122 5363 καὶ
3147 5305 3521 5379 φροντίζουσα,
3548 5297 3747 5392 ξριστου

2166 5477 2174 5482 _
2215 5381 2420 5485 χάρίτι,
2448 5381 2550 5482 της
2578 5381 2920 5485 εἰρήνης
2957 5400 3212 5473 ὁμονοίας
3261 5396 3352 5453 τοῦ
3404 5393 3499 5463 τῆς
3551 5381 3747 5485 Ἐκξιληυ

2217 5471 2340 5569 ἓιᾶς
2361 5471 2484 5558 ὅλου
2503 5471 2905 5572 πληρῶματος,
2950 5471 3258 5564 ὀφείλοντος
3312 5488 3368 5542 ἐν
3415 5485 3566 5580 σῶμα
3611 5471 3747 5580 εἶναιἔ
3777 5501 3793 5515 -

2216 5560 2652 5652 καὶνσυνδεῖσθαι
2685 5560 2765 5662 τῷ
2803 5590 2904 5658 τῆς
2937 5560 3165 5658 ἀγάπης
3196 5583 3455 5656 ὰρῤήκτῳ
3483 5567 3650 5640 δεσμῷ
3672 5560 3748 5662 καὶ

2215 5688 2364 5760 ἔχειν
2437 5685 2694 5739 ἐντεῦθεν
2735 5655 2872 5735 ’τὸν-
2909 5655 3308 5750 ἀκρογωνιαῖον
3358 5672 3499 5726 λίθον
3549 5655 3747 5760 Χριστδῖί

2216 5746 2485 5851 κεφαλὴν,
2516 5777 2742 5847 ἅμα,δέ
2800 5746 3154 5843 ἀναχαιτίσαι
3210 5766 3518 5839 πειρωμένη
3575 5746 3747 5851 καὶ.τᾶ

2221 5845 2679 5947 μεσολαϋϐήσαντα
2711 5869 2983 5927 σκάνδαλα
3009 5863 3210 5938 μεταξὺ
3230 5864 3336 5918 τῶν
3357 5861 3444 5915 δύο
3466 5845 3745 5927 ἀρχιερέωνρ
