4050 6480
361 435 495 504 13η

1431 424 1819 488 εγΝοοιοΑι
1849 406 2526 490 ΟΟΝΞἸἹΤΠΤΙΟΝΕΞ.

3450 432 3590 498 1378

347 543 850 617 συνδιασκεψαμένη
880 542 951 596 τὰ
995 542 1124 614 περὶ
1155 540 1348 594 τούτου
1404 542 1516 604 τοῖς
1574 541 1703 610 περὶ
1745 539 1916 609 αὐτὴν
1942 550 1991 610 Α
2029 555 2134 610 ριοι
2165 541 2307 594 κατά
2325 543 2424 613 τήν
2449 540 2673 597 ἐνοῦσαν
2693 542 2875 610 αὐτοῖς
2899 545 3197 619 ἐμπειρίαν
3249 551 3343 603 καὶ
3391 551 3597 622 εἴδησιν

348 641 657 714 ἱερωτάτοις
688 635 1004 709 ἀρχιερεῦσι
1033 635 1127 688 καὶ
1148 634 1494 705 ύπερτίμοις,
1535 632 1678 685 κατὰ
1713 631 1920 702 Κύριον
2008 633 2130 686 ’τῶν
2161 634 2322 688 θείων
2351 637 2445 690 καὶ
2485 637 2646 710 ίερῶν
2685 639 2948 707 κανόνων,
2997 641 3183 706 καθὼς
3237 643 3597 716 ἀνετέθησαν,

346 733 652 801 ἀγαπητοῖς
681 729 930 798 ἀδελφοῖς
953 727 1050 795 τῆς
1083 725 1242 797 ήμῶν
1277 724 1630 795 μετριότητος
1658 725 1755 776 καὶ
1792 723 1921 776 συλ-

342 825 704 893 λειτουργοῖς,
737 819 816 890 τῷ
847 817 1111 884 Κυζίκου,
1140 816 1218 886 τῷ
1243 815 1611 886 Χαλκηδόνος,
1642 815 1720 885 τῷ
1782 815 1921 868 Πον-

341 912 728 983 τοηρακλείας,
755 910 832 980 τῷ
889 908 1111 977 Βιζύης,
1166 906 1246 976 τῷ
1298 907 1395 960 καὶ
1456 905 1548 959 τὸν
1593 904 1758 958 τόπον
1822 903 1918 958 τοῦ

342 1001 768 1072 Σταυροπόλεως
791 999 1064 1068 ἐπέχοντι,
1093 997 1171 1068 τῷ
1217 995 1495 1068 Βρύσεως,
1543 993 1622 1064 τῷ
1677 992 1922 1064 Κελτζη-

343 1095 463 1162 νῆς,
496 1093 575 1161 τῷ
599 1091 1161 1162 Χριστιανουπόλεως,
1187 1088 1265 1160 τῷ
1321 1085 1642 1156 Σουγδαίας,
1671 1085 1748 1156 τῷ
1789 1086 1924 1140 Ῥω·

345 1187 483 1248 σίου,
518 1185 596 1255 τῷ
631 1185 886 1255 Μάκρης,
943 1183 1023 1252 τῷ
1076 1181 1249 1236 Γάνον
1315 1180 1411 1233 καὶ
1468 1179 1546 1249 τῷ
1604 1177 1922 1247 τιμιωτάτῳ

345 1275 640 1346 ὐποψηφίῳ
693 1275 794 1344 τῆς
847 1273 1156 1344 ἁγιωτάτης
1207 1269 1592 1341 μητροπόλεως
1647 1266 1919 1320 Θεσσαλο-

345 1368 529 1436 νίκης,
557 1367 1023 1436 ἐπευδοκήσαντος
1079 1365 1162 1426 είς
1183 1361 1344 1417 τοῦτο
1373 1361 1468 1414 τοῦ
1492 1362 1556 1414 ἐκ
1602 1357 1738 1412 Θεοῦ
1786 1375 1921 1427 κρα-

345 1459 529 1512 τίστου
558 1461 652 1512 καὶ
685 1459 840 1526 ἁγίου
865 1475 965 1525 μου
995 1455 1423 1526 αὐτοκράτορος,
1454 1453 1529 1516 ὡς
1583 1450 1922 1521 ἀποδεχομέ-

342 1569 433 1606 νου
461 1555 527 1621 τῇ
563 1551 790 1621 ἐμφύτῳ
821 1549 988 1602 αὐτοῦ
1012 1550 1141 1617 περὶ
1189 1548 1258 1601 τὰ
1285 1547 1429 1600 καλά
1481 1535 1813 1616 χρηστότητι
1862 1543 1923 1598 τὸ

342 1644 441 1712 τῆς
469 1644 692 1713 είρήνης
731 1643 824 1695 καὶ
849 1642 1102 1711 ὁμονοίας
1119 1639 1284 1694 καλὸν
1314 1639 1408 1691 καὶ
1433 1637 1723 1691 διεκδικεῖν
1755 1635 1922 1690 σπεύ-

342 1732 520 1793 δοντος
551 1733 730 1785 πάντα
754 1731 824 1784 τὰ
852 1729 1286 1800 ἐκκλησιαστικὰ
1312 1729 1498 1782 δίκαια
1528 1728 1622 1782 καὶ
1649 1726 1921 1797 προνόμια

340 1825 436 1875 καὶ
473 1821 835 1891 ἐκλεξάμενον
858 1823 948 1876 τον
972 1819 1302 1890 τιμιώτατον
1331 1818 1619 1892 omum
1669 1818 1769 1887 τῆς
1797 1816 1923 1872 καθ’

341 1916 491 1985 ήμᾶς
514 1914 830 1984 ἁγιωτάτης
861 1911 956 1966 τοῦ
988 1911 1124 1967 Θεοῦ
1169 1910 1411 1983 μεγάλης
1448 1910 1778 1981 Ἐκκλησίας
1832 1912 1925 1965 καὶ
1953 1934 1999 1991 Β

343 2004 760 2073 συλλειτουργὸν
793 2003 888 2057 καὶ
940 2001 1033 2055 τὸν
1085 2003 1416 2072 τιμιώτατον
1477 2000 1758 2059 σακελλίου
1819 2001 1920 2071 τῆς

341 2092 465 2145 καθ’
497 2093 646 2163 ήμᾶς
690 2091 1000 2162 ἁγιωτάτης
1027 2088 1124 2144 τοῦ
1170 2089 1309 2143 Θεοῦ
1361 2088 1619 2159 Μεγάλης
1688 2088 1919 2160 Ἐκκλη-

343 2185 466 2247 σίας
494 2186 586 2237 καὶ
617 2181 1034 2252 δικαιοφύλακα,
1054 2183 1114 2235 ἐν
1145 2181 1284 2248 ἁγίῳ
1331 2181 1610 2252 Πνεύματι
1669 2181 1913 2250 γνησιώ-

339 2291 500 2328 τατον
531 2274 648 2328 υίὸν
700 2273 800 2342 τῆς
834 2273 993 2344 ήμῶν
1051 2253 1428 2344 μετριότητος,
1488 2271 1590 2342 κῦρ
1643 2272 1916 2343 Γεώργιον

339 2365 588 2420 διάκονον
608 2366 700 2419 τὸν
733 2365 1029 2434 Περδίκην,
1061 2365 1155 2418 καὶ
1185 2363 1260 2429 ὡς
1293 2364 1545 2428 εὐλαϐεῖς
1594 2364 1689 2417 καὶ
1725 2365 1919 2435 χρησί-

289 2475 302 2488 ·
344 2475 481 2527 μους
506 2458 603 2512 καὶ
635 2456 968 2526 ἀναγκαίους
1023 2455 1346 2527 ἀνθρώπους
1407 2457 1504 2510 καὶ
1561 2455 1770 2526 εἴδησιν
1816 2457 1919 2510 οὐκ

338 2548 529 2619 όλίγην
555 2551 934 2620 κεκτημένους
967 2549 1077 2604 τῶν
1111 2548 1276 2602 θείων
1309 2547 1404 2602 καὶ
1452 2549 1612 2619 ίερῶν
1653 2547 1918 2613 κανόνων,

340 2642 565 2712 έχοντας
593 2641 650 2694 δὲ
678 2642 774 2695 καὶ
821 2640 999 2705 άλλως
1027 2641 1162 2695 πολύ
1191 2640 1252 2693 τὸ
1285 2640 1602 2704 ἀξιόπιστον
1655 2640 1768 2694 άπὸ
1822 2639 1916 2693 τοῦ

339 2734 546 2804 τρόπου
619 2735 715 2787 καὶ
775 2737 875 2806 τῆς
930 2736 1201 2797 συνέσεως
1259 2733 1476 2799 αὐτῶν,
1537 2730 1916 2797 ἐξαπέστειλεν

340 2828 837 2898 ἀποκρισιαρίους,
902 2825 1043 2879 ὥστε
1114 2824 1448 2894 ποιήσασθαι
1506 2824 1608 2893 τήν
1658 2822 1916 2894 τοιαύτην

341 2917 610 2982 ἐξέτασιν,
647 2920 841 2980 οἵτινες
875 2917 968 2971 καὶ
1013 2917 1320 2984 ὀφείλουσιν
1375 2916 1629 2969 ἀπελθεῖν
1689 2919 1770 2979 είς
1821 2917 1918 2986 τὴν

354 3011 588 3066 ἰ’ωσίαν
623 3013 716 3063 καὶ
747 3010 1228 3081 προσκαλέσασθαι
1265 3009 1391 3070 τοὺς
1439 3009 1618 3062 ἐκεῖσε
1677 3007 1916 3078 θεοφιλε-

341 3105 582 3167 στάτους
607 3103 961 3167 ἐπισκόπους,
988 3102 1150 3164 ὅσους
1201 3100 1263 3153 οὐ
1295 3100 1494 3154 κωλύει
1529 3100 1590 3153 τὸ
1639 3089 1774 3154 πολὺ
1818 3099 1920 3169 τῆς

340 3197 460 3252 ὀδοῦ
489 3197 665 3268 μῆκος
693 3197 772 3258 είς
801 3193 967 3247 ταυτὸ
1003 3195 1303 3258 συνελθεῖν,
1328 3194 1466 3248 άλλά
1516 3193 1582 3264 δή
1635 3193 1731 3246 καὶ
1793 3193 1918 3255 τοὺς

2023 725 2354 794 ποιήσασθαι
2383 727 2679 792 ἀκωλύτως
2713 728 2814 801 τὴν
2841 731 3105 804 τοιαύτην
3157 733 3406 799 ἐξέτασιν
3464 736 3600 789 ἐνώ-

2022 833 2149 869 πιον
2185 817 2297 869 τῶν
2337 817 2767 886 θεοφιλεστάτων
2791 821 3110 877 ἐπισκόπων
3138 827 3233 878 καὶ
3275 825 3386 879 τῶν
3441 827 3600 896 εὐγε-

2021 907 2298 958 νεστάτων
2353 907 2564 976 ρηγῶν,
2621 908 2700 972 ὥς
2744 909 2812 964 ἂν
2863 909 2959 964 καὶ
3017 912 3194 977 οὕτως
3258 915 3350 968 τὸν
3395 916 3600 986 τρόπον

2020 995 2210 1048 τοῦτον
2236 996 2444 1066 ἐκκοπῇ
2486 999 2638 1053 πάσα
2673 1001 2945 1069 πρόφασις
2989 1005 3086 1056 καὶ
3123 1001 3288 1058 ἀίτία
3318 1005 3351 1076 ή
3405 1005 3600 1077 προξε-

2022 1083 2190 1137 νοῦσα
2216 1084 2406 1148 κακῶς
2431 1086 2524 1138 καὶ
2549 1087 2916 1152 ἀκανονίστως
2944 1093 3012 1146 τὰ
3042 1091 3272 1146 τοιαῦτα
3302 1095 3598 1152 σκάνδαλα.

2022 1173 2118 1236 Είς
2143 1174 2255 1242 γὰρ
2280 1173 2378 1244 τήν
2412 1177 2542 1244 περὶ
2569 1178 2764 1232 τούτου
2805 1179 3111 1252 ἀσφάλειαν
3147 1183 3474 1239 άπολέλυται
3503 1187 3601 1240 καὶ

2024 1265 2058 1334 ή
2086 1264 2338 1334 παροῦσα
2369 1267 2623 1336 συνοδικὴ
2671 1270 2890 1340 πρᾶξις,
2920 1275 3372 1344 καταστρωθεῖσα
3398 1279 3458 1331 ἐν
3522 1278 3600 1348 τῷ

2025 1354 2158 1426 ίερῷ
2191 1354 2432 1425 κωδικίῳ
2461 1357 2600 1409 κατὰ
2636 1358 2780 1430 μῆνα
2819 1361 3042 1416 Ἰούλιον
3091 1363 3185 1418 τοῦ
3214 1364 3395 1436 ,ςωξθ
3426 1365 3598 1430 ἐτους.

2092 1447 2132 1518 -ι-
2171 1444 2314 1515 Εἶχε
2375 1448 2477 1502 καὶ
2533 1449 2633 1504 διὰ
2679 1453 2877 1520 τιμίας
2930 1456 3362 1528 πατριαρχικῆς
3400 1459 3603 1528 χειρὸς

2022 1539 2092 1594 τό
2118 1555 2134 1572 ⁸
2163 1539 2325 1608 Μηνὶ
2366 1540 2610 1608 Ἰουλίῳ
2659 1543 2776 1598 ινδ.
2810 1543 2902 1599 ιδ’.

2022 1697 2272 1778 XXXIX.
2299 1699 2632 1778 Βαίτίαιςσιιιε
2669 1701 2859 1778 littera;
2886 1705 2958 1778 a4
2997 1705 3392 1778 imperatorem,
3432 1713 3605 1766 comi-

2095 1769 2228 1892 :ium
2287 1773 2337 1827 ei
2371 1773 2552 1827 daulis
2605 1773 2662 1836 in
2723 1775 2878 1831 rebus
2918 1769 3278 1833 Janu'ensium
3327 1769 3391 1834 σε’
3438 1780 3605 1836 Vene-

2118 1855 2294 1892 orum.

2118 1857 2294 1897 orum.

2171 1952 2465 2007 Πιττάκιον
2493 1957 2891 2030 πατριαρχικδν
2923 1958 3060 2032 πρὸς
3087 1959 3181 2014 τὸν
3213 1959 3461 2032 βασιλέα.

2089 2084 2133 2158 1'
2168 2088 2470 2159 Κράειστε,
2499 2091 2780 2161 θεόσεπτε,
2831 2093 3166 2163 causam,
3213 2095 3598 2171 θεοπρόσλητε,

2021 2175 2442 2251 θεοκυσέρνητε,
2468 2181 2892 2254 θεομεγάλυντε,
2915 2185 3040 2254 ᾶγιέ
3074 2204 3176 2258 μου
3206 2188 3442 2249 δέσποτα
3502 2187 3601 2259 βα⁴

2022 2268 2195 2333 σιλεῦ,
2226 2270 2417 2339 ύγείαν
2446 2274 2541 2326 καὶ
2586 2273 2857 2345 εὐθυμίαν
2899 2275 3105 2348 ψυχῆς,
3155 2277 3250 2332 τοῦ
3306 2278 3454 2331 θείου
3502 2297 3597 2333 σου

2019 2361 2115 2414 καὶ
2141 2359 2420 2430 βασιλικοῦ
2448 2363 2700 2435 σώματος
2731 2366 2902 2437 ρὦιν
2928 2369 3024 2422 καὶ
3058 2367 3294 2436 εὐεξίαν,
3353 2369 3464 2424 τῶν
3492 2373 3597 2426 ἀνὰ

2017 2455 2210 2523 χεῖρας
2269 2457 2650 2526 προκειμένων
2712 2460 3058 2530 κοινωφελῶν
3114 2462 3295 2532 ἐργων
3347 2463 3597 2535 εὐόδησιν

2017 2546 2111 2598 καὶ
2138 2546 2248 2599 πᾶν
2281 2547 2462 2613 ἄλλον,
2489 2549 2518 2602 ὅ
2543 2566 2596 2603 τι
2618 2549 2824 2618 ἀγαθὸν
2851 2551 2946 2605 κα)⁸
2981 2555 3269 2625 σωτήριον,
3293 2554 3592 2625 ἐπεύχεται

2016 2638 2082 2707 τῇ
2112 2638 2244 2708 ἁγίᾳ
2277 2639 2522 2709 βασιλεία
2551 2643 2583 2711 ἠ
2616 2640 3106 2715 μετριότης⁶ήμῶν
3135 2647 3245 2700 ἀπὸ
3278 2645 3412 2699 Θεοῦ
3449 2662 3593 2701 παν-

2015 2733 2367 2803 τοκράτορος.
2402 2732 2615 2789 Εἰδέναι
2637 2735 2942 2806 βουλόμεθα
2967 2737 3072 2808 τὴν
3128 2739 3192 2791 ἐκ
3239 2738 3375 2792 Θεοῦ
3422 2738 3585 2807 ἁγίαν

2020 2821 2298 2894 βασιλείαν
2329 2843 2444 2891 σου,
2477 2827 2559 2879 ὅτι
2590 2827 2730 2882 κατά
2757 2827 2850 2889 τὸν
2901 2827 3044 2882 θεῖον
3098 2830 3194 2884 καὶ
3235 2830 3431 2884 σεπτὸν
3481 2831 3597 2902 ὀρι-

2022 2910 2159 2979 σμὸν
2192 2910 2593 2982 διαμηνυθεῖσα
2621 2916 2654 2984 ή
2704 2918 2996 2985 μετριότης
3014 2918 3201 2987 ·,ήμῶν
3258 2921 3597 2989 παρεγένετο

2021 3004 2102 3065 είς
2127 3003 2228 3074 τήν
2270 3005 2575 3078 κρατίστην
2602 3007 2696 3060 καὶ
2723 3009 2882 3076 ἁγίαν
2919 3026 3020 3079 μου
3068 3010 3380 3066 δέσποιναν.
3425 3012 3599 3064 Συνα-

2021 3095 2380 3165 θροισθέντων
2409 3093 2506 3152 οὖν
2539 3100 2633 3152 καὶ
2666 3091 2776 3168 τῶν
2817 3101 2918 3170 τῆς
2957 3103 3265 3174 συγκλήτου
3296 3104 3596 3175 ἀρχόντων,

2021 3187 2320 3258 ἐλέχθησαν
2347 3189 2415 3240 τὰ
2445 3191 2574 3258 περὶ
2635 3190 2733 3259 τῆς
2791 3193 3115 3261 συμφωνίας
3185 3193 3282 3246 καὶ
3330 3197 3602 3248 καταστά-

341 3265 766 3358 εὐγενεστάτονς
792 3285 1068 3354 μεγάλους
1092 3287 1300 3356 ρἧας,
1359 3284 1668 3352 ὀφείλοντος
1714 3284 1916 3351 ὁμοίως
1945 3265 1988 3324 C
2023 3287 2163 3335 σεως
2221 3273 2330 3326 τῶν
2373 3291 2431 3327 τε
2495 3276 2819 3332 Γεννουῖτῶν
2869 3279 2964 3332 καὶ
3012 3280 3273 3348 Βενετῶν,
3326 3282 3475 3347 ὅπως
3539 3301 3600 3337 τε

341 3381 680 3450 ἐπιδημῆσαι
712 3377 782 3432 δι’
818 3377 1012 3431 ἐαυτοῦ
1074 3379 1154 3440 είς
1202 3377 1301 3447 τὴν
1357 3375 1617 3446 τοιαύτην
1663 3374 1917 3440 σύνταξιν

343 3475 438 3527 καὶ
477 3472 574 3525 τοῦ
609 3471 907 3541 ίερωτάτου
962 3469 1362 3541 μητροπολίτου
1410 3467 1515 3538 κῦρ
1559 3467 1839 3536 Ῥωμανοῦ
1883 3467 1918 3537 ἢ

339 3564 720 3632 ἐξαποστεῖλαι
771 3564 1003 3625 οίκείους
1057 3563 1376 3632 ἀνθρώπους
1441 3559 1559 3614 ἀντ’
1591 3546 1780 3623 αὐτοῦ,
1828 3559 1916 3612 ἵνα

340 3659 640 3723 ἐξετάσεως
669 3655 967 3724 γενομένης
995 3653 1148 3724 παρὰ
1183 3653 1282 3706 τοῦ
1313 3653 1554 3706 τοιούτου
1587 3652 1920 3721 άποκρισια-

345 3753 463 3822 ρίου
499 3747 891 3819 άπροσπαθῶς,
931 3746 1006 3809 ὡς
1037 3745 1131 3798 τοῦ
1161 3743 1297 3798 Θεοῦ
1335 3742 1542 3797 ἄνωθεν
1592 3742 1918 3812 ἐφορῶντος,

342 3847 610 3914 παρόντος
636 3845 729 3896 καὶ
765 3840 858 3895 τοῦ
891 3841 1094 3913 μέρους
1144 3838 1239 3892 τοῦ
1283 3838 1390 3908 κῦρ
1448 3836 1733 3906 Ῥωμανοῦ
1787 3836 1920 3889 ἐνώ-

342 3957 467 3993 πιον
498 3940 606 3992 τῶν
637 3937 945 4008 μελλόντων
977 3933 1248 3988 συνελθεῖν
1303 3931 1740 4002 θεοφιλεστάτων
1790 3933 1913 3985 ἐπι-

345 4033 568 4085 σκόπων
602 4034 694 4083 καὶ
725 4028 1133 4098 εὐγενεστάτων
1159 4025 1348 4096 ρηγῶν
1382 4025 1569 4077 ἕνεκεν
1599 4026 1697 4094 τῆς
1735 4021 1920 4077 τοιαύ-

342 4141 443 4195 της
473 4122 807 4187 ὑποθέσεως,
856 4120 1086 4190 γένηται
1116 4117 1394 4187 ἔγγραφος
1427 4113 1920 4184 κατησφαλισμένη

346 4213 625 4283 μαρτυρία
661 4213 753 4264 καὶ
789 4209 1245 4279 παρασημείωσις
1271 4206 1489 4259 πάντων
1521 4206 1629 4258 τῶν
1680 4204 1920 4274 λαληθη-

347 4303 592 4372 σομένων
622 4302 717 4355 καὶ
760 4298 1277 4368 ἐξετασθησομένων
1332 4295 1490 4366 χάριν
1518 4295 1627 4347 τῶν
1665 4295 1920 4348 τοιούτων

343 4396 708 4464 αἰτιαμάτων,
777 4390 1232 4462 πιστωθησομένη
1289 4389 1386 4442 καὶ
1442 4387 1786 4458 ὐπογραφαῖς
1849 4387 1926 4439 οί-

345 4487 666 4558 κειοχείροις
720 4485 828 4536 τῶν
861 4501 920 4536 τε
980 4483 1411 4552 θεοφιλεστάτων
1458 4480 1773 4534 ἐπισκόπων
1828 4478 1922 4532 καὶ

344 4583 457 4635 τῶν
487 4577 892 4645 εὐγενεστάτων
944 4577 1130 4647 ρηγῶν
1169 4575 1262 4629 καὶ
1315 4575 1517 4644 ἐτέρων
1563 4573 1920 4638 ἀξιοπίστων,

345 4677 423 4738 ὼς
444 4673 508 4726 ἂν
540 4669 745 4739 ταύτης
775 4665 1220 4736 διακομισθείσης
1252 4665 1389 4734 πρός
1419 4680 1478 4717 τε
1508 4663 1601 4717 τὸν
1630 4666 1924 4735 κράτιστον

349 4769 445 4822 καὶ
496 4765 654 4834 ἅγιόν
707 4778 810 4831 μου
866 4758 1245 4828 αὐτοκράτορα
1293 4758 1387 4810 καὶ
1433 4756 1570 4826 πρὸς
1628 4757 1736 4827 τήν
1768 4755 1924 4826 ήμῶν

351 4859 682 4931 μετριότητα
707 4855 803 4908 καλ⁵
833 4853 930 4924 τηιν
957 4851 1087 4922 περὶ
1112 4849 1280 4920 αὐτὴν
1309 4849 1458 4902 θείαν
1495 4849 1588 4901 καὶ
1611 4849 1764 4918 ίερὰν
1797 4849 1926 4900 σύν-

348 4956 469 5007 οδον
520 4951 674 5022 παρά
721 4947 828 5000 τῶν
877 4945 1137 4998 τοιούτων
1196 4941 1654 5012 άποκρισιαρίων,
1705 4939 1926 4994 ἀκινδύ-

351 5063 456 5108 νως
488 5044 585 5097 σὺν
610 5039 832 5112 βοηθείᾳ
858 5036 992 5090 Θεοῦ
1026 5035 1578 5105 ἐπαναστραφέντων,
1613 5032 1838 5102 γένηται
1865 5032 1926 5084 τὺ

349 5135 506 5199 δόξαν
534 5136 602 5204 τῇ
631 5132 754 5202 θείᾳ
781 5131 876 5184 καὶ
903 5128 1023 5198 ἱερᾷ
1057 5126 1259 5197 συνόδῳ
1288 5128 1430 5180 κατά
1457 5127 1558 5186 τὴν
1606 5123 1715 5178 τῶν
1768 5124 1927 5178 θείων

351 5228 448 5280 καὶ
475 5225 636 5294 ἱερῶν
661 5222 900 5277 κανόνων
921 5219 1206 5289 διαταγὴν,
1234 5219 1332 5272 καὶ
1357 5215 1628 5288 ἀφαιρεθῇ
1670 5213 1924 5269 ἐντεῦθεν

353 5323 388 5391 ὴ
421 5319 763 5390 ἐπερχομένη
795 5315 1020 5386 ὄχλησις
1049 5313 1190 5366 κατὰ
1222 5311 1315 5366 τοῦ
1381 5308 1768 5379 Χριστιανικοῦ
1827 5308 1927 5378 τῆς

365 5412 597 5471 Ῥωσίας
619 5409 829 5476 γένους.
865 5405 1035 5474 Είπερ
1065 5399 1161 5456 οὖν
1203 5402 1308 5455 οὐκ
1349 5401 1597 5470 ἐθελήσει
1626 5402 1654 5454 ό
1701 5398 1926 5470 ἱερώτα-

353 5521 442 5564 τος
478 5499 880 5570 μητροπολίτης
935 5495 1041 5565 κῦρ
1081 5494 1366 5563 Ῥωμανὺς
1397 5493 1462 5546 δι’
1493 5491 1699 5567 ἐαυτοῦ,
1742 5507 1923 5560 παραυ

354 5592 605 5661 γενέσθαι
637 5590 717 5652 είς
742 5591 842 5657 τὴν
871 5587 1246 5656 γενησομένην
1278 5583 1549 5650 ἐξέτασιν,
1609 5582 1762 5651 παρά
1812 5581 1924 5636 τῶν

354 5683 610 5735 τοιούτων
639 5679 1074 5749 ἀποκρισιαρίων
1101 5676 1436 5746 μηνυμάτων
1465 5676 1774 5743 γενομένων
1827 5691 1924 5727 κα-

352 5772 580 5834 νονικῶς
620 5771 754 5841 πρὸς
790 5770 974 5834 αὐτὸν,
1007 5770 1040 5836 ἦ
1097 5771 1333 5832 οἰκείους
1380 5767 1666 5838 ἐκπέμψαι
1717 5767 1924 5836 ἀνθρώ-

356 5881 491 5926 πονς
516 5862 630 5918 ἀντ’
659 5861 850 5926 αὐτοῦ,
896 5861 1204 5929 ὀφείλουσιν
1231 5855 1377 5913 οὗτοι
1405 5859 1468 5929 δὴ
1499 5859 1546 5911 οί
1593 5859 1920 5925 ἁποκρισιάο

2022 3366 2664 3436 προσήκειπροχωρῆσαι
2692 3369 2863 3436 αὐτὴν
2896 3370 2989 3423 καὶ
3019 3372 3162 3424 κατά
3199 3374 3351 3426 ποῖον
3377 3374 3443 3443 δη
3475 3375 3602 3444 τρό-

2019 3472 2123 3510 πον
2178 3459 2646 3528 ἀποκαταστῆναι,
2706 3461 2789 3528 ἐφ’
2833 3459 2876 3530 ᾧ
2923 3463 3178 3534 οὐδεμίαν
3225 3465 3449 3536 ὄχλησιν
3507 3469 3603 3521 καὶ

2020 3544 2226 3620 ζημίαν
2262 3550 2514 3618 γενέσθαι
2535 3555 2648 3616 τοῖς
2687 3551 3001 3624 Ῥωμαίοις.
3037 3556 3261 3610 Τούτων
3307 3559 3400 3611 οὖν
3457 3559 3602 3614 οὕτω

2019 3643 2321 3713 λεχθέντων
2347 3644 2644 3714 διωρίσατο
2673 3646 2769 3698 καὶ
2819 3645 3204 3723 ἀπελογήσατο
3235 3652 3330 3704 καὶ
3382 3652 3415 3718 ἡ
3468 3651 3602 3719 ἁγία

2023 3753 2125 3806 μου
2146 3737 2423 3806 δέσποινα,
2456 3738 2552 3791 ἅτε
2595 3738 2660 3810 δὴ
2703 3740 2942 3803 διανοίας
2989 3739 3256 3811 ὀξυτάτης
3318 3741 3452 3794 οὖσα
3507 3741 3601 3795 καὶ¹

2023 3829 2296 3898 συνδρομῇ
2333 3829 2523 3883 πασῶν
2557 3832 2665 3884 τῶν
2711 3835 2949 3900 χαρίτων
2999 3834 3092 3886 καὶ
3144 3835 3455 3904 φρονήσεως
3515 3832 3603 3886 ἐπ’

2019 3918 2189 3989 ἀκρὺν
2210 3920 2443 3991 ήκουσα,
2474 3925 2541 3992 τῇ
2569 3921 2666 3976 τοῦ
2693 3922 2832 3977 Θεοῦ
2881 3925 3087 3994 χάριτι,
3145 3927 3354 3996 ὅσαπερ
3409 3927 3602 3998 ἔμελλε

2022 4015 2119 4067 καὶ
2151 4015 2185 4085 ή
2217 4015 2346 4082 ἁγία
2371 4014 2617 4085 βασιλεία
2649 4033 2743 4069 σου
2779 4016 3030 4085 παροῦσα
3064 4018 3301 4073 ἐνταῦθα
3355 4019 3596 4090 διορίσα-

2023 4107 2170 4170 σθαι,
2205 4105 2403 4176 ἁδῆτα
2455 4108 2550 4162 καὶ
2576 4108 2836 4179 ἔστερξαν
2884 4112 2975 4162 καὶ
3029 4110 3076 4162 οί
3137 4113 3236 4180 τῆς
3297 4112 3603 4182 συγκλήτου

2023 4190 2304 4273 ἄρχοντες.
2366 4199 2511 4270 Πρὸς
2559 4199 2684 4264 τοὺς
2736 4197 2832 4254 οὖν
2891 4202 3013 4265 τοὺς
3062 4205 3335 4268 τοιούτους
3389 4205 3603 4273 λόγους.

2024 4284 2172 4359 ἅπερ
2194 4289 2584 4359 ἀπελογήσατο
2611 4293 2644 4360 ή
2685 4289 2977 4363 μετριότης
3021 4293 3200 4364 ήμῶν,
3259 4297 3604 4352 συντείνοντα

2025 4380 2106 4442 είς
2138 4379 2396 4434 σύστασιν
2427 4383 2522 4436 καὶ
2550 4382 2842 4452 ὠφέλειαν,
2877 4387 2972 4440 σὺν
2998 4386 3138 4456 Θεῷ,
3179 4386 3277 4457 τῆς
3327 4387 3604 4458 βασιλείας

2025 4471 2122 4526 καὶ
2153 4472 2263 4526 τῶν
2304 4473 2610 4543 Ῥωμαίων,
2645 4475 2818 4528 ταῦτά
2859 4477 2977 4528 ἐστι
3007 4491 3024 4507 ο
3058 4478 3274 4547 πρῶτον
3331 4479 3451 4548 μὲν,
3487 4479 3606 4532 δια-

2030 4564 2216 4634 μένειν
2245 4565 2344 4635 τήν
2369 4565 2463 4618 τοῦ
2487 4563 2624 4618 Θεοῦ
2667 4567 2995 4637 Ἐκκλησίαν
3025 4570 3299 4641 ἀτάραχον
3354 4572 3450 4625 καὶ¹
3501 4573 3606 4638 ἐξω

2031 4656 2212 4727 πάσης
2230 4657 2546 4727 ἡστινοσοῦν
2570 4659 2832 4748 ἐπηρείας
2862 4661 2958 4732 τῆς
2987 4663 3094 4716 ἀπὸ
3149 4665 3259 4718 τῶν
3299 4667 3605 4720 Λατινικῶν

2029 4749 2352 4816 κινουμένης
2387 4748 2674 4818 δογμάτων
2701 4765 2716 4781 ο
2765 4750 2930 4807 τοῦτο
2955 4753 3012 4805 δὲ
3064 4754 3289 4826 εἴρηκεν
3320 4759 3354 4828 ή
3390 4760 3608 4829 μετριό-

2027 4854 2127 4908 της
2162 4838 2327 4912 ὶήμῶν
2367 4841 2464 4910 οὐχ
2495 4842 2575 4894 ὅτι
2619 4841 2794 4906 άλλως
2829 4846 3041 4915 ήγείται
3091 4848 3189 4918 τὴν
3238 4849 3400 4916 ἁγίαν
3451 4851 3577 4920 βασι

2026 4928 2176 4982 λείαν
2210 4945 2304 4983 σου
2335 4931 2462 5002 περὶ
2489 4933 2694 4988 τούτων
2713 4934 2878 5006 ἔχειν,
2909 4937 3077 4991 πάλαι
3106 4941 3216 5010 γάρ
3258 4937 3368 4994 οῐδε
3393 4945 3603 5014 ταύτην

2027 5023 2374 5093 ἐμμένουσαν
2405 5026 2505 5094 μὲν
2533 5029 2645 5091 τοῖς
2675 5029 2950 5100 πατρῴοις
3006 5032 3243 5102 δόγμασι
3278 5036 3373 5088 καὶ⁹
3437 5038 3604 5109 ἐστη-

2029 5115 2298 5185 ριγμένην
2336 5118 2394 5169 ἐν
2422 5118 2632 5183 τούτοις
2659 5122 2902 5188 παγίως,
2928 5125 3339 5182 άποδιὼκουσαν
3385 5129 3444 5183 δὲ
3495 5134 3604 5184 πᾶν

2025 5205 2308 5276 ἀλλότριον
2329 5205 2505 5278 δόγμα
2544 5209 2639 5262 καὶ
2690 5209 2842 5264 νόθον
2899 5214 2997 5283 τῆς
3042 5214 3137 5268 τοῦ
3188 5216 3323 5270 Θεοῦ
3379 5217 3604 5289 Ἐκκλη-

2028 5299 2172 5362 σίας,
2203 5297 2339 5352 ἀλλὰ
2367 5299 2454 5353 διὰ
2470 5303 2567 5364 τὰς
2589 5301 2882 5374 ὑπολήψεις
2899 5321 2957 5357 τε
2973 5307 3067 5359 καὶ
3085 5306 3342 5378 ὑποψίας,
3364 5307 3428 5371 ἃς
3445 5308 3603 5378 ἔχου-

2027 5408 2112 5444 σιν
2139 5394 2209 5446 οί“
2229 5393 2432 5448 πολλοί.
2467 5395 2749 5467 Δεύτερον,
2784 5399 2879 5450 ἐπὶ
2911 5399 3123 5462 τούτοις
3150 5401 3314 5471 μηδὲν
3336 5400 3445 5454 τῶν
3473 5401 3603 5454 ὐπο-

2026 5487 2298 5556 κειμένων
2328 5490 2392 5556 τῇ
2415 5487 2662 5558 βασιλείᾳ
2697 5491 2790 5544 καὶ
2813 5493 2925 5553 τοῖς
2940 5491 3237 5562 Ῥωμαίοις
3261 5493 3603 5561 πραγμάτων

2025 5577 2131 5628 ὑπὸ
2181 5578 2428 5643 ἐξουσίαν
2459 5579 2661 5648 ἐτέρων
2689 5581 2934 5651 ποιῆσαι.
2967 5581 3184 5651 Τρίτον,
3222 5582 3390 5652 μηδὲν
3413 5583 3599 5654 ἕτερον

2023 5669 2342 5740 προσθεῖναι
2400 5674 2696 5740 κεφάλαιον
2747 5671 2953 5742 μεῖζον,
2989 5672 3288 5743 ἐπειδήπερ
3343 5676 3400 5728 ἐν
3432 5677 3600 5746 πολλῇ

2024 5765 2119 5815 καὶ
2163 5765 2380 5836 μεγάλῃ
2412 5766 2589 5838 ἐνδείᾳ
2625 5766 2722 5820 καὶ
2750 5765 3098 5837 ταλαιπωρίᾳ
3147 5768 3242 5820 καὶ
3272 5772 3616 5842 στενοχωρίᾳ,

2028 5857 2092 5908 τὰ
2127 5857 2236 5908 τῶν
2276 5857 2566 5927 Ῥωμαίων
2600 5859 2760 5915 εἰσίν.
2797 5858 2940 5927 Πρὸς
2991 5857 3204 5922 τούτοις
3237 5857 3603 5926 γενέσθαικαὶ
