4050 6454
540 441 682 507 1383

1373 432 1724 494 CALLISTI
1761 430 1859 492 ET
1896 426 2333 492 PHILOTHEI
2375 381 2499 488 ορ]
2527 421 2992 486 PATRIARCH.

3668 412 3776 479 1381

538 553 747 625 ήκοντα
771 550 868 606 καὶ
901 549 1111 605 δίκαιον
1163 544 1350 616 λόγον,
1413 545 1477 600 τδ
1517 544 1576 598 δὲ
1627 543 1963 615 τελούμενον
2001 541 2136 612 παρ’
2167 547 2208 604 Α
2241 540 2389 611 ἔχειν
2421 540 2723 610 ἀναφέρειν
2759 539 2849 593 ἀεὶ
2881 537 2986 608 τήν
3041 551 3100 590 τε
3127 532 3286 606 ήμῶν
3344 531 3656 602 μετριότητα
3703 537 3777 588 καὶ

540 642 732 710 αὑτοῦ,
766 644 940 715 ήγουν
966 642 1029 695 τὸ
1060 640 1136 712 μὴ
1165 638 1487 710 μεμνῆσθαι
1515 637 1615 707 τῆς
1643 637 1808 710 ήμῶν
1840 634 2138 708 μετριότηο

510 765 515 770 -
541 749 632 798 τος
661 735 722 787 έν
750 735 872 794 ταῖς
897 732 1095 803 ίεραῖς,
1129 731 1208 795 ὡς
1237 730 1486 801 εἴρηται,
1517 729 1769 790 τελεταῖς
1819 728 1940 779 έστι
1991 727 2143 792 πάμ-

545 840 654 884 παν
688 822 1152 895 παραλογώτατόν
1193 839 1255 876 τε
1288 821 1387 876 καὶ
1441 819 1783 875 ἀδικώτατον
1831 817 1904 872 δι’
1960 818 2144 872 αίτίαν

546 914 839 988 τοιαύτηνο
883 917 912 969 0
967 915 1326 986 πατριάρχης
1383 912 1652 985 Τρινόϐου
1685 906 1756 984 ἦν
1808 909 2024 965 άνωθεν
2051 908 2148 963 καὶ

547 1009 610 1076 έξ
627 1009 802 1080 ἀρχῆς
826 1008 1133 1063 ἐπισκόπου
1162 1007 1336 1078 ὄνομα
1361 1006 1570 1077 φέρων,
1601 1002 2056 1072 ὑποτασσόμενος
2077 1004 2145 1074 τῇ

545 1101 683 1174 ἀγίᾳ
710 1102 808 1157 τοῦ
840 1100 981 1157 Θεοῦ
1006 1102 1239 1174 Μεγάλῃ
1273 1097 1611 1170 Ἐκκλησία,
1631 1090 1738 1151 εἶθ’
1774 1095 2009 1167 ὕστερον
2042 1113 2150 1150 πα-

551 1193 878 1266 ρακλήσεως
933 1195 1228 1264 γεγονυίας
1269 1191 1474 1261 πολλῆς
1505 1191 1604 1244 καὶ
1651 1189 1894 1259 δεήσεως
1936 1190 2018 1253 είς
2050 1188 2152 1259 τὴν

551 1286 679 1342 καθ’
711 1288 860 1358 ἡμᾶς
893 1288 1105 1359 ταύτην
1135 1286 1387 1357 μεγάλην
1421 1284 1518 1340 καὶ
1545 1283 1698 1353 ίεράν
1741 1282 1964 1337 σύνοδον
1996 1281 2154 1352 παρὰ

550 1382 648 1437 τοῦ
679 1383 802 1437 τότε
826 1383 898 1436 τά
925 1385 1026 1455 τῆς
1060 1381 1343 1453 βασιλείας
1371 1380 1483 1436 τῶν
1511 1381 1846 1452 Βουλγάρων
1875 1377 2144 1433 διιθύνον-

550 1491 644 1541 τρς
681 1477 962 1546 σκῆπτρα,
1003 1475 1095 1529 διὰ.
1144 1474 1316 1546 τιμὴν
1375 1474 1592 1531 ἐκείνου
1625 1476 1722 1529 καὶ
1774 1471 1872 1526 τοῦ
1896 1472 2147 1525 τοιούτου

553 1568 766 1633 ἔθνους,
790 1569 1242 1638 ὑποτεταγμένου
1277 1568 1545 1638 φανέντος
1572 1570 1638 1640 τῇ
1665 1565 1953 1638 καθ’ήμάς
1987 1567 2156 1634 ἁγιω-

553 1661 693 1732 τάτῃ
719 1661 815 1715 τοῦ
839 1661 980 1715 Θεοῦ
1007 1661 1241 1734 Μεγάλῃ
1271 1659 1601 1732 Ἐκκλησία,
1649 1659 1906 1731 ἐδωρήθη
1937 1674 2152 1727 συγκα-

553 1753 842 1814 ταϐάσεως
889 1753 1035 1825 λόγῳ
1078 1755 1218 1824 πρὸς
1261 1753 1354 1809 τδν
1386 1752 1660 1825 Τρινόϐου
1687 1751 1750 1806 τὸ
1783 1749 2157 1823 ὀνομάζεσθαι

555 1847 909 1917 πατριάρχην
970 1845 1342 1934 Βουλγαρίας,
1395 1845 1458 1898 οὑ
1493 1845 1686 1916 μέντοι
1732 1839 1877 1898 εῖναι
1907 1842 2000 1896 καὶ
2031 1857 2158 1896 συν-

554 1938 816 2008 αρίθμιον
844 1940 956 2002 τοῖς
985 1933 1200 2000 λοιποῖς
1244 1938 1583 2006 ἁγιωτάτοις
1619 1936 2020 2006 πατριάρχαις,
2059 1933 2154 1988 καὶ

552 2028 646 2082 διὰ
663 2029 825 2083 τοῦτο
860 2030 999 2103 μηδὲ
1058 2029 1584 2102 μνημονεύεσθαιέν
1612 2031 1726 2092 τοῖς
1766 2029 1934 2100 ἱεροῖς
1962 2025 2154 2081 διπτύ-

555 2139 674 2191 χοις
705 2121 851 2176 κατά
882 2123 977 2176 τὸν
1000 2121 1146 2177 θεῖον
1167 2125 1265 2179 καὶ
1294 2121 1444 2193 ίερδν
1474 2121 1682 2175 κανόνα
1701 2121 1802 2190 τῆς
1830 2120 1874 2174 δ’
1906 2119 2154 2188 συνόδου,

555 2212 790 2280 λέγοντα
846 2215 942 2268 ἀπὶ
995 2214 1200 2280 λέξεως
1251 2213 1436 2267 οὕτω·
1501 2231 1521 2266 ε
1556 2207 1846 2283 Πανταχοῦ
1899 2212 2014 2271 τοῖς
2042 2211 2156 2263 τῶν

556 2305 733 2374 ἁγίων
767 2306 1032 2376 Πατάρων
1059 2307 1210 2378 ὅροις
1237 2305 1502 2376 ἑπόμενοι
1536 2307 1634 2360 καὶ
1665 2305 1759 2359 τὸν
1789 2303 1994 2376 ἀρτίως
2025 2304 2158 2358 ἀνα-

556 2397 879 2464 γνωσθέντα
924 2398 1143 2462 κανόνα,
1181 2397 1295 2452 τῶν
1328 2404 1405 2468 ρνν
1458 2396 1899 2466 θεοφιλεστάτων
1933 2395 2160 2450 ἐπισκό-

560 2502 683 2539 πων
727 2487 1086 2558 γνωρίζοντες
1119 2488 1190 2541 τι
1240 2487 1384 2540 αὑτά
1414 2486 1511 2540 καὶ
1537 2487 1701 2556 ήμεῖς
1772 2486 2037 2557 ὁρίζομεν
2064 2487 2161 2555 καῖ

558 2580 919 2652 ψηφιζόμεθα
971 2583 1101 2650 περὶ
1157 2581 1272 2634 τῶν
1330 2579 1645 2652 πρεσϐείων
1703 2580 1806 2650 τῆς
1841 2581 2162 2648 ἁγιωτάτης

575 2673 912 2744 Ἐκκλησίας
970 2673 1611 2748 Κωνοταντινουπόλεως
1674 2670 1825 2736 Νέας
1897 2671 2159 2742 Ῥώμης⁶

563 2767 659 2819 καὶ
685 2764 897 2836 γὰρ.τῷ
926 2765 1104 2836 θρόνῳ
1142 2767 1244 2835 τῆς
1278 2765 1672 2836 πρεσϐυτέρας
1709 2765 1954 2837 Ῥώμης,
1987 2765 2077 2818 διά
2101 2764 2165 2818 τὸ

533 2855 878 2927 ’βασιλεύειν
930 2858 1031 2928 τήν
1085 2857 1247 2911 πόλιν
1301 2858 1549 2928 ἐκείνην,
1583 2858 1632 2910 of.
1662 2857 1910 2928 Πατέρες
1933 2857 2164 2922 εἰκότως

564 2949 948 3004 ἀποδεδώκασι
973 2951 1044 3004 τά
1074 2950 1370 3020 πρεσϐεῖα.
1414 2951 1528 3004 Καὶ
1554 2949 1634 3020 τῷ
1661 2948 1814 3020 αὑτῷ
1853 2950 2044 3021 σκοπῷ
2075 2966 2166 3004 κι-

565 3046 824 3113 νούμενοι
879 3045 930 3096 οί
991 3042 1071 3116 ρν’
1111 3043 1528 3114 θεοφιλέστατοι
1585 3044 1885 3097 έπίσκοποι
1943 3043 2013 3097 τά
2075 3043 2167 3098 ίσα

566 3137 842 3208 πρεσϐεῖα
863 3137 1175 3209 ἀπένειμαν
1200 3135 1280 3207 τῷ
1304 3139 1404 3208 τῆς
1429 3135 1581 3200 Νέας
1618 3134 1839 3206 Ῥώμης
1871 3135 2169 3208 ἁγιωτάτῳ

2243 636 2370 699 τοὺς
2394 634 2590 699 ἄλλους
2611 633 2964 705 πατριάρχας
2995 632 3054 685 έν
3080 631 3194 694 τοῖς
3227 626 3680 700 ἱεροῖς’διπτύχοις
3705 631 3783 684 καὶ

2245 727 2421 790 οὕτως
2449 727 2762 792 ἀποσώζειν
2815 726 2912 779 καὶ
2943 723 3108 777 αὑτὸν
3143 725 3202 776 ὲν
3235 723 3303 792 τῇ
3361 719 3616 790 έκκλησία
3642 718 3782 773 αὐτοῦ

2245 822 2339 874 τὸν
2365 819 2538 874 τύπον
2587 818 2690 889 τῆς
2723 815 3191 889 ὲκκλησιαστικῆς
3246 812 3642 874 καταστάσεως,
3673 811 3786 881 κάν-

2248 909 2444 966 τεῦθεν
2483 909 2783 980 φαίνεσθαι
2833 909 3115 980 ἡνωμένος
3139 907 3236 960 καὶ
3281 903 3624 974 συναρίθμιος
3648 903 3785 973 ήμῖν·

2248 996 2405 1068 οὗτος
2433 1003 2489 1058 δὲ
2516 999 2734 1058 ἀθετῶν
2777 1002 2840 1057 οὑ
2895 1001 3080 1064 καλῶς
3117 1001 3210 1054 τὸν
3260 997 3504 1052 τοιοῦτον
3536 995 3790 1063 ἐκκλησια-

2254 1096 2442 1150 στικὸν
2486 1095 2694 1167 θεσμὸν
2747 1097 2844 1150 καὶ
2894 1092 3249 1164 ἀποσκιρτῶν
3284 1091 3384 1162 τῆς
3428 1085 3689 1156 ὑποταγῆς
3709 1085 3791 1152 τῆς

2253 1188 2416 1260 ήμῶν
2467 1189 2830 1261 μετριότητος
2893 1186 2992 1242 καὶ
3027 1184 3126 1257 τῆς
3176 1181 3475 1252 καθολικῆς
3503 1177 3790 1250 Ἐκκλησίας

2255 1281 2417 1349 Θεοῦ,
2457 1283 2520 1348 ἐξ
2565 1276 2656 1355 ἧς,
2712 1281 2790 1346 ὡς
2821 1281 3162 1347 διείληπται,
3208 1278 3270 1331 τδ
3299 1273 3444 1330 εἶναι
3490 1273 3792 1344 πατριάρχης

2255 1376 2398 1428 κατά
2429 1373 2844 1442 συγκατάϐασιν
2873 1371 3008 1443 ἔχει,
3042 1368 3303 1440 οὐδεμίαν
3338 1368 3569 1421 ποιεῖται
3607 1362 3793 1434 μνήμην

2255 1466 2360 1538 τῆς
2385 1466 2544 1538 ήμῶν
2570 1465 2954 1537 μετριότητος,
3007 1465 3247 1533 πρᾶγμα
3287 1459 3459 1515 ποιῶν
3486 1455 3795 1514 ἀτοπώτατον
3856 1495 3858 1500 .

2257 1561 2354 1615 καὶ
2383 1559 2491 1625 ἔξω
2531 1558 2639 1613 τῶν
2667 1559 2725 1626 ἐξ
2757 1559 2933 1629 ἀρχῆς
2983 1555 3320 1628 συμφωνιῶν
3374 1552 3482 1608 τῶν
3509 1545 3798 1618 ἀποταχθει-

2261 1653 2373 1707 σῶν
2414 1653 2505 1707 διὰ
2532 1651 2628 1707 τοῦ
2662 1651 2833 1723 τόμου
2855 1651 2950 1705 τοῦ
2984 1651 3293 1720 άγιωτάτου
3337 1645 3667 1716 πατριάρχου
3709 1636 3794 1708 κύρ
3860 1693 3866 1698 .

2259 1744 2548 1819 Γερμανοῦ
2571 1761 2587 1778 ο
2643 1745 2780 1814 φησὶ
2835 1745 2946 1815 γὰρ
2977 1745 3006 1797 0
3046 1743 3210 1806 αὑτδς
3266 1738 3608 1810 πατριάρχης
3635 1731 3686 1787 ἐν
3710 1747 3796 1785 τινι

2260 1839 2372 1894 τῶν
2435 1837 2634 1892 ἑαυτοῦ
2693 1836 3157 1907 συγγραμμάτων
3211 1830 3649 1900 ἀπολογούμενος
3690 1823 3797 1892 περὶ

2255 1931 2464 1988 τούτων
2483 1948 2499 1964 ο
2543 1950 2562 1984 ι
2602 1929 2678 1985 Τδ
2706 1929 2763 1984 δέ
2789 1929 3065 2002 ἡμέτερον
3096 1929 3156 1982 ού
3163 1946 3197 1999 χ
3242 1925 3418 1988 οὕτως
3444 1922 3574 1993 ἔχει,
3600 1920 3690 1988 οὑχ
3715 1915 3787 1970 ού·

2255 2041 2388 2091 τως,
2417 2023 2555 2079 ἀλλά
2575 2023 2851 2095 κοσμικὴν
2880 2022 2980 2095 τὴν
3012 2020 3404 2091 κοινωφέλειαν
3443 2011 3800 2084 ἐπαγγελλόμεο

2257 2133 2350 2172 νον
2378 2116 2462 2188 τῷ
2509 2116 2868 2188 τετιμημένῳ
2933 2115 3026 2169 τοῦ
3086 2113 3196 2167 τῶν
3254 2109 3580 2179 Βουλγάρων
3619 2103 3798 2185 ,ἔθνους

2257 2212 2534 2283 ἀρχιερεῖ,
2585 2210 2651 2264 τὸ
2679 2210 3056 2280 αύτοκέφαλον
3102 2203 3249 2262 εἶναι
3274 2203 3568 2274 ὁλόκληρον
3593 2199 3685 2252 οὑκ
3708 2199 3798 2249 ἑτο-

2263 2305 2650 2376 μογράφησεν,
2684 2303 2823 2358 ἀλλὰ
2867 2304 3282 2374 δασμοφορήσει
3329 2299 3508 2362 πάλιν,
3534 2289 3665 2349 τοῦτ’
3685 2289 3796 2346 ἔστι.

2260 2397 2426 2451 δώσει
2447 2397 2578 2468 τέλη
2607 2396 2706 2451 καὶ
2735 2395 2937 2467 φόρους
2969 2395 3048 2466 τῷ
3085 2393 3389 2465 τιμήσαντι
3414 2385 3709 2461 πατριάρχη
3727 2380 3803 2433 καὶ

2262 2491 2362 2561 τήν
2390 2489 2487 2543 τοῦ
2529 2483 2798 2559 ὀνόματος
2837 2486 3007 2542 αὑτοῦ
3059 2487 3149 2540 ἐπ’
3178 2485 3486 2550 ἐκκλησίας
3537 2475 3801 2548 ἀναφορὰν.

2263 2581 2342 2646 ώς
2372 2580 2739 2651 συνεισφοράν
2760 2620 2776 2646 ,
2803 2579 2876 2642 ὡς
2905 2572 2986 2640 εἷς
3017 2578 3128 2630 τῶν
3160 2575 3268 2630 ὑπὸ
3288 2576 3390 2647 τήν
3413 2565 3806 2628 Κωνσταντινού·

2264 2674 2426 2729 ⁴ιιεολιν
2458 2672 2906 2744 μητροπολιτῶν,
2935 2671 3034 2726 καλ⁹
3060 2671 3140 2734 είς
3164 2667 3536 2740 λογιστεύσεις
3562 2664 3650 2720 καὶ
3678 2658 3810 2716 εὐθύ·

2263 2783 2388 2833 νας,
2419 2765 2565 2819 τοῦτ’
2619 2765 2757 2829 ἔστι,
2790 2752 3006 2834 κρίσεις
3055 2764 3383 2835 ἀχθήσεται,
3411 2761 3544 2815 έπάν
3572 2756 3689 2811 ποτέ
3743 2767 3810 2814 τις

2267 2859 2654 2928 παρατραπεὶς
2671 2858 2767 2928 τῆς
2785 2856 3156 2927 δασμοφορίας
3180 2854 3497 2927 ἐξελεγχθῇ.
3527 2872 3543 2906 ι
3572 2849 3713 2906 οὕτω
3733 2845 3810 2916 μὲν

2267 2953 2302 3024 ή
2335 2953 2636 3023 ὑπόσχεσις
2684 2953 2782 3006 καὶ
2834 2955 2868 3023 η
2920 2953 3216 3022 συμφωνία
3251 2952 3360 3024 τῆς
3381 2952 3490 3006 τῶν
3528 2947 3812 3018 Βουλγάρων

2268 3043 2566 3114 ἐκκλησίας
2597 3043 2738 3115 πρὸς
2767 3043 2871 3113 τὴν
2895 3041 3505 3099 Κωνσταντινούπολιν.
3539 3042 3642 3097 Καὶ
3672 3039 3812 3111 χωρὶς

2269 3133 2336 3205 δή
2366 3133 2586 3200 τούτου,
2629 3136 2677 3188 εί
2697 3137 2726 3187 0
2755 3138 2852 3207 τῆς
2883 3135 3518 3200 Κωνσταντινουπόλεως
3545 3135 3718 3206 θρόνος
3738 3132 3815 3186 καὶ

569 3230 772 3300 θρόνῳ,
808 3230 1052 3300 εὐλόγως
1100 3231 1397 3301 κρίναντες
1453 3226 1553 3300 τήν
1589 3227 1845 3300 βασιλείᾳ
1890 3229 1988 3283 καὶ
2031 3246 2168 3300 συγ.
2199 3246 2243 3307 ο
2275 3232 2375 3292 τὰς
2399 3229 2511 3285 τῶν
2545 3229 2724 3286 ἄλλων
2757 3229 3123 3302 πατριαρχῶν
3153 3225 3395 3303 κρίσεις,
3427 3225 3814 3300 Ἀλεξανδρείας,

570 3326 759 3396 κλήτῳ
801 3325 1132 3396 τιμηθεϊσαν
1166 3324 1321 3378 πόλιν
1375 3323 1470 3379 καὶ
1517 3324 1630 3378 τῶν
1676 3324 1807 3377 ἰσων
1864 3325 2172 3380 ἀπολαύου-

573 3437 676 3473 σαν
711 3419 1020 3488 πρεσϐείων
1072 3420 1140 3489 τῇ
1179 3413 1534 3491 πρεσϐυτέρα
1587 3418 1821 3489 βασιλίδι
1857 3419 2046 3492 Ῥώμῃ
2077 3420 2172 3473 καὶ

569 3513 631 3566 ὲν
658 3514 766 3574 τοῖς
826 3511 1306 3580 έκκλησιαστικοῖς
1358 3511 1434 3575 ὡς
1473 3512 1693 3580 ἐκείνην
1738 3512 2168 3582 ⁶μιιγαλύνεσθαι

570 3605 892 3676 πράγμασι,
954 3603 1216 3674 δευτέραν
1279 3605 1402 3674 μετ’
1450 3604 1669 3675 ἐκείνην
1719 3604 2106 3674 ὑπάρχουσαν.
2144 3624 2162 3657 ι

583 3698 824 3770 Ὁμοίως
867 3699 962 3751 καὶ
1023 3698 1167 3751 κατὰ
1224 3697 1317 3751 τὸν
1356 3700 1457 3767 τῆς
1491 3699 1659 3767 ἕκτης
1691 3698 1914 3752 συνόδου
1970 3701 2174 3754 κανόνα

570 3790 968 3861 διαγορεύοντα
995 3790 1303 3863 ’διαρρήδην
1330 3791 1426 3857 ἐπὶ
1448 3789 1650 3858 λέξεως
1672 3791 1908 3846 ούτωσίν
1932 3807 1946 3822 °
1974 3792 2173 3846 «Ἀνα-

576 3889 866 3957 νεούμενοι
895 3887 964 3940 τά
989 3887 1144 3954 παρά
1179 3883 1289 3938 τῶν
1321 3889 1397 3955 ρν¹
1431 3885 1607 3953 ἁγίων
1653 3885 1916 3953 Πατέρων
1961 3885 2074 3939 τῶν
2115 3888 2175 3941 ὲν

575 3985 643 4051 τῇ
679 3979 1039 4050 θεοφυλάκτῳ
1064 3977 1239 4049 ταύτῃ
1280 3979 1371 4031 καὶ
1397 3976 1638 4046 βασιλίδι
1686 3979 1844 4031 πόλει
1879 3979 2174 4032 συνελθόν-

573 4090 688 4127 των
741 4074 837 4126 καὶ
877 4073 986 4126 τῶν
1021 4071 1104 4142 χλ¹
1162 4070 1275 4125 τῶν
1328 4072 1387 4124 έν
1437 4070 1748 4142 Χαλκηδόνι
1803 4071 2177 4126 συνελθόντων

575 4163 1044 4234 νομοθετηθέντα,
1095 4163 1379 4233 ὁρίζομεν,
1416 4160 1562 4215 ὥστε
1590 4161 1684 4214 τὸν
1725 4163 2178 4216 Κωνσταντινου-

580 4260 794 4321 πόλεως
819 4257 1012 4328 θρόνον
1043 4257 1154 4310 τῶν
1193 4256 1329 4309 ῐσων
1363 4255 1666 4309 ἀπολαύειν
1719 4255 2036 4323 πρεσϐείων
2079 4256 2178 4312 τοῦ

581 4354 683 4422 τῆς
715 4351 1104 4422 πρεσϐυτέρας
1139 4349 1365 4418 Ῥώμης
1388 4348 1586 4419 θρόνου
1620 4350 1716 4403 καὶ
1746 4349 1805 4401 έν
1835 4351 1950 4413 τοῖς
1977 4350 2180 4419 ἐκκλη-

583 4445 889 4506 σιαστικοῖς
909 4442 983 4506 ώς
1016 4443 1225 4495 ἐκεῖνον
1263 4439 1675 4510 μεγαλύνεσθαι
1701 4442 2022 4513 πράγμασι,
2055 4443 2181 4496 δεύο

582 4551 749 4606 τερον
785 4533 907 4605 μετ’
937 4533 1151 4588 ἐκεῖνον
1182 4533 1524 4605 ὑπάρχοντα,
1562 4533 1682 4605 μεθ’
1712 4533 1772 4588 ὃν
1800 4538 1830 4589 0
1862 4535 1962 4607 τῆς
1996 4535 2180 4601 Ἀλεξ-

2290 3323 2632 3394 ’Δντιοχείας
2656 3323 2756 3377 καὶ
2795 3322 3214 3398 Ἰεροσολύμων,
3247 3325 3349 3378 καὶ
3389 3323 3722 3392 έπανακρίνει
3743 3318 3818 3372 καὶ

2275 3416 2548 3471 διευθετεῖ
2574 3418 2669 3471 καὶ
2699 3417 3096 3488 ἐπιψηφίζεται
3123 3417 3219 3471 καὶ
3251 3418 3316 3470 τὸ
3342 3415 3506 3488 κῦρος
3529 3415 3742 3477 δίδωσιν,
3759 3410 3818 3472 ὥς

2275 3512 2326 3564 οί
2349 3511 2485 3564 θεῖοι
2507 3511 2738 3575 κανόνες
2759 3510 3144 3584 διαγορεύουσι
3169 3511 3265 3564 καὶ
3288 3512 3349 3566 αί
3369 3511 3588 3581 πράξεις
3613 3509 3818 3576 ἐπεμαρ·

2275 3601 2548 3672 τύρησαν,
2579 3603 2700 3668 πῶς
2727 3605 2790 3657 οὑ
2824 3603 3006 3674 πολλῷ
3045 3593 3248 3675 μᾶλλον
3276 3605 3378 3676 τῆς
3399 3604 3505 3659 τῶν
3533 3601 3818 3671 Βουλγάρων

2277 3697 2577 3767 ἐκκλησίας
2629 3697 2660 3751 0
2708 3697 2898 3770 θρόνος
2943 3697 3098 3762 οὗτος
3151 3701 3345 3771 κύριος
3399 3701 3588 3764 ἔσται,
3632 3691 3818 3766 παρόύ

2279 3790 2466 3843 καὶτὸ
2521 3789 2895 3860 ὀνομάζεσθαι
2933 3791 3283 3862 πατριάρχης
3323 3794 3645 3865 τετίμηται;
3689 3787 3822 3844 Ἀλλὰ

2279 3882 2589 3950 γινώσκετε
2644 3871 2861 3952 σαξρῶς,
2923 3883 3005 3937 ὅτι
3061 3886 3222 3955 εῖπερ
3255 3885 3364 3939 οὐκ
3410 3881 3478 3957 ἦν
3525 3885 3714 3956 ήπρδς
3749 3881 3822 3934 τὸν

2280 3974 2618 4046 ὑψηλότατον
2651 3975 2880 4044 βασιλέα
2908 3976 3018 4030 τῶν
3045 3976 3404 4048 Βουλγάρων,
3434 3981 3492 4034 ὲν
3521 3979 3653 4050 ἀγίῳ
3681 3972 3822 4030 Πνεύ-

2283 4086 2418 4140 ματι
2454 4069 2835 4140 γνησιώτατον
2864 4071 2982 4151 υίὸν
3021 4072 3119 4140 τῆς
3144 4072 3307 4144 ήμῶν
3362 4074 3717 4146 μετριότητος,
3738 4070 3822 4136 κῦρ
3926 4095 3930 4099 '

2293 4161 2555 4234 Ἰωάννην
2595 4164 2689 4217 τὸν
2725 4165 2951 4234 Ἀσάνη,
2991 4165 3294 4238 εἰλικρινὴς
3348 4168 3533 4240 σχέσις
3559 4169 3649 4221 καὶ
3676 4162 3824 4220 διάθε-

2282 4270 2367 4317 σις
2402 4255 2576 4325 αὑτῆς
2607 4256 2705 4309 καὶ
2735 4257 2798 4309 τὸ
2826 4247 2902 4328 μή
2938 4257 3251 4330 λυπηθῆναι
3294 4259 3486 4315 τοῦτον
3507 4260 3592 4315 διά
3623 4259 3714 4329 τὴν
3735 4272 3822 4311 τοι·

2283 4347 2458 4418 αύτην
2493 4349 2699 4410 αἰτίαν.
2736 4345 2885 4421 εἶχεν
2915 4351 3025 4404 ἀπὸ
3044 4351 3260 4406 δικαίου
3313 4357 3346 4426 ή
3390 4355 3670 4428 μετριότης
3695 4349 3823 4424 ήμῶν

2281 4443 2356 4504 ῶς
2386 4443 2774 4514 οίκουμενικδς
2822 4446 3199 4517 πατριάρχης,
3229 4447 3347 4503 ,διά
3373 4450 3472 4520 τῆς
3501 4447 3591 4502 τοῦ
3621 4441 3825 4518 Χριστοῦ

2284 4537 2533 4608 χάριτος,
2555 4538 2934 4608 ἀνακρῖναιτά
2953 4541 3076 4594 κατ’
3101 4540 3269 4596 αὑτὸν
3291 4543 3388 4596 καὶ
3421 4541 3664 4608 ἐξετάσαι
3683 4537 3826 4593 ταῦτα

585 4603 826 4699 ανδρέων
865 4603 1676 4701 μεγαλοπόλεωςάριθμείσθω
1719 4603 1933 4700 θρόνος,
1985 4627 2108 4684 εἶτα
2152 4632 2182 4684 ό
2215 4603 2258 4659 D
2283 4603 2373 4692 είς*
2399 4631 2498 4702 τὴν
2519 4603 2654 4684 καθ’
2704 4603 2858 4702 ήμᾶς
2889 4632 3044 4702 ίεράν
3094 4634 3192 4688 καὶ
3230 4603 3478 4705 μεγάλην
3523 4633 3740 4693 σύνοδον.
3767 4629 3827 4692 ὡς

582 4724 686 4792 τῆς
723 4722 1059 4793 ’Δντιοχείας
1082 4723 1178 4774 καὶ
1220 4720 1363 4791 μετά
1399 4720 1594 4775 τοῦτον
1623 4724 1651 4776 0
1675 4719 1777 4792 τῆς
1811 4720 2183 4794 Ἱεροσολυμι-

583 4819 696 4871 τῶν
717 4815 948 4880 πόλεως.
981 4833 1001 4868 ι
1054 4815 1276 4887 Ἐπειδὴ
1309 4817 1470 4870 πέντε
1496 4816 1840 4887 πατριάρχαι
1867 4817 2181 4888 ἐτάχθησαν

584 4911 648 4963 τὸ
681 4909 802 4962 κατ’
829 4907 1005 4980 ἀρχάς
1027 4908 1183 4978 παρά
1207 4908 1307 4979 τῆς
1343 4907 1642 4979 καθολικῆς
1682 4909 1781 4963 καὶ
1807 4895 2180 4983 άποστολικῆς

599 5002 934 5066 Ἑκκλησίας
990 5001 1266 5072 Χριστοῦς
1304 5002 1503 5071 μέχρις
1536 5001 1604 5054 ἂν
1631 5002 1804 5073 συνῆν
1854 5004 1988 5076 ἡμῖν
2019 5007 2116 5060 καὶ
2142 5008 2172 5060 0

587 5099 824 5159 πάπποις
889 5095 1132 5167 Ῥώμης,
1183 5095 1371 5148 ἔκτοτε
1429 5094 1487 5147 δὲ
1541 5095 1708 5164 μέχρι
1763 5094 1858 5148 τοῦ
1893 5095 1992 5152 νῦν
2038 5099 2182 5152 είσιν

586 5191 864 5260 ἡνωμένοι
916 5190 967 5242 οί
1007 5188 1301 5258 τέσσαρες,
1352 5185 1552 5249 οἵτινες
1615 5188 1905 5242 κοινωνίαν
1956 5189 2180 5262 ἔχοντες

590 5282 980 5341 ἁδιασπάστως
1028 5278 1469 5350 μνημονεύονται
1505 5277 1636 5351 παρ’
1685 5279 1940 5352 ἀλλήλων
1968 5285 2028 5337 έν
2057 5287 2183 5348 ταῖς

593 5377 1086 5446 ἐκκλησιαστικαῖς
1141 5373 1350 5435 πάσαις
1399 5372 1707 5452 συνάξεσιν.
1754 5376 1904 5429 Ἔδει
1931 5377 2066 5446 γοῦν
2090 5378 2182 5432 τὸν

594 5468 862 5538 Τρινόϐου
903 5465 1280 5536 πατριάρχην,
1301 5465 1420 5534 άμα
1455 5467 1553 5537 μὲν
1583 5467 1651 5522 δι’
1683 5468 1750 5541 ήν
1783 5468 2018 5539 ὤφειλεν
2039 5472 2184 5542 ἔχειν

596 5560 882 5631 ὑποταγὴν
914 5561 997 5622 είς
1027 5560 1127 5630 τήν
1168 5561 1291 5613 καθ’
1343 5561 1492 5632 ἡμᾶς
1552 5563 1872 5632 ἀγιωτάτην
1922 5563 2018 5618 τοῦ
2046 5564 2186 5619 Θεοῦ

594 5652 862 5723 Μεγάλην
924 5653 1280 5722 Ἐκκλησίαν,
1337 5655 1467 5724 παρ’
1500 5652 1566 5728 ἦς
1615 5657 1810 5726 είληφε
1837 5659 2012 5712 καὶτὸ
2047 5654 2190 5713 εἶναι

595 5749 688 5798 καί
721 5747 782 5800 τὸ
819 5746 1188 5828 ὀνομάζεσθαι
1222 5751 1598 5820 πατριάρχης,
1633 5751 1750 5818 ἅμα
1795 5750 1853 5804 δὲ
1884 5753 1976 5805 καὶ
2006 5752 2096 5806 διά
2125 5755 2184 5807 τὸ

601 5845 1011 5911 περιποιεῖσθαι
1053 5843 1236 5911 ὲαυτῷ
1258 5845 1429 5916 τιμὴν
1461 5847 1558 5898 καὶ
1579 5846 1867 5899 κοινωνίαν
1896 5845 1997 5918 τῆς
2023 5849 2188 5919 ήμῶν

601 5939 954 6014 μετριότητος
1009 5939 1102 5993 καὶ
1136 5935 1248 5991 τῶν
1283 5936 1462 5995 ἀλλων
1513 5943 1894 6014 πατριαρχῶν,
1928 5942 2182 6013 ἀνέγκην

2291 4723 2460 4793 μέχρι
2491 4723 2588 4778 τοῦ
2621 4723 2718 4780 νῦν
2752 4725 2829 4797 μή
2851 4726 3258 4796 γινωσκόμενα,
3281 4729 3376 4782 καὶ
3403 4728 3437 4801 ἤ
3469 4727 3646 4782 λαϐεῖν
3669 4723 3828 4778 τοῦτον

2283 4816 2580 4888 διόρθωσιν
2611 4819 2645 4893 ἢ
2683 4821 2991 4884 κανονικῶς
3025 4819 3273 4888 εύθῦναι,
3326 4821 3403 4887 ὡς
3433 4821 3714 4876 ἀθετοῦντα
3750 4816 3829 4886 τὴν

2285 4908 2626 4982 Ἐκκλησίαν
2675 4913 2983 4985 προδήλως,
3025 4911 3087 4978 ἐξ
3115 4908 3204 4987 ἧς,
3237 4913 3313 4980 ὡς
3345 4915 3600 4980 πολλάκις
3625 4915 3829 4984 είρηταιι

2284 5003 2348 5057 τδ
2371 5000 2512 5059 εἶναι
2570 5007 2927 5078 πατριάρχης
2953 5008 3327 5078 κεκλήρωται,
3375 5009 3408 5081 ή
3443 5011 3502 5063 τό
3532 5025 3592 5078 γε
3613 5006 3833 5072 δεύτερον

2289 5097 2674 5171 ἀποστερῆσαι
2702 5099 2896 5154 τοῦτον
2917 5099 3014 5153 τοῦ
3033 5101 3279 5154 τοιούτου
3302 5101 3573 5173 ,ὀνόματος
3590 5101 3654 5172 σή
3683 5097 3734 5152 δὲ
3756 5092 3832 5149 τοῦ

2289 5191 2538 5246 τοιούτου
2600 5193 2871 5264 βασιλέως
2921 5191 3110 5264 ἀγάπη
3145 5196 3240 5250 καὶ
3287 5195 3530 5260 διάθεσις
3570 5193 3733 5248 πείθει
3755 5189 3834 5259 έᾷν

2290 5284 2844 5356 ἀπολυπραγμόνητα
2875 5285 3066 5354 ταῦτα,
3123 5289 3319 5359 μέχρις
3366 5288 3433 5344 ἂν
3457 5287 3728 5359 διόρθωσιν
3758 5281 3835 5336 λά·

2293 5377 2441 5432 ϐοιεν
2496 5379 2650 5452 παρά
2683 5379 2780 5434 τοῦ
2835 5380 3004 5434 αὑτοῦ
3047 5383 3394 5452 πατριάρχου
3431 5379 3710 5452 Τρινόϐου·
3757 5372 3834 5427 καὶ

2293 5470 2472 5527 ταῦτα
2502 5474 2602 5544 μὲν
2631 5472 2760 5544 περὶ
2789 5472 2884 5527 τοῦ
2904 5473 3024 5537 ένδς
3049 5475 3373 5542 κεφαλαίου.
3399 5475 3474 5528 T0
3497 5474 3552 5527 δὲ
3583 5472 3644 5543 δή
3673 5463 3836 5541 βαπτί-

2295 5565 2412 5631 ζειν
2444 5570 2574 5630 τοὺς
2596 5567 2768 5637 ίερεῖς
2797 5567 2909 5622 τῶν
2939 5567 3275 5641 Βουλγάρων
3299 5570 3379 5633 είς
3415 5569 3544 5638 μίαν
3577 5563 3836 5620 κατάδυσιν

2295 5660 2392 5713 καὶ
2443 5660 2891 5732 περιρῤαντίζειν
2931 5662 3156 5728 αὑτοὺς,
3217 5662 3294 5727 ώς
3332 5661 3542 5733 ἔτυχεν,
3570 5655 3713 5713 ὕδατί
3740 5655 3834 5706 ἐστι

2299 5755 2541 5824 πρᾶγμα
2567 5754 2924 5808 ἀτοπώτατον
2953 5755 3051 5808 καὶ
3085 5755 3407 5817 δυσσεϐείας
3461 5752 3752 5823 ἀνάμεστον
3773 5758 3785 5773 ⁸
3809 5742 3835 5810 ἢ

2297 5850 2408 5919 γὰρ
2441 5848 2688 5915 διάταξις
2737 5849 2848 5903 τῶν
2887 5848 3062 5917 ἁγίων
3105 5848 3339 5914 ἐνδόξων
3367 5846 3460 5901 καὶ
3500 5839 3836 5911 πανευφήμων

2298 5941 2619 5999 ἀποστόλων
2653 5945 2748 5998 καὶ
2774 5944 2824 5996 οί
2853 5943 2992 6011 ιεροὶ
3017 5942 3223 5998 τούτων
3256 5943 3478 6006 κανόνες
3510 5940 3708 6000 πάντας
3730 5927 3835 5988 τοὺς
