  <div class='ocr_page' id='page_1' title='image "/cluster/home/n/w/nwhite01/storage/ocr_20150623/152/hvd.32044015473804/010.png"; bbox 0 0 3862 6310; ppageno 0'>
   <div class='ocr_carea' id='block_1_1' title="bbox 0 2393 6 3056">
    <p class='ocr_par' dir='ltr' id='par_1_1' title="bbox 0 2844 5 3056">
     <span class='ocr_line' id='line_1_1' title="bbox 0 2844 5 3056; baseline 0 0"><span class='ocrx_word' id='word_1_1' title='bbox 0 2844 5 2969; x_wconf 39' lang='grc' dir='ltr'><em>θ</em></span> 
     </span>
    </p>
   </div>
   <div class='ocr_carea' id='block_1_2' title="bbox 872 1036 2538 1181">
    <p class='ocr_par' dir='ltr' id='par_1_2' title="bbox 872 1036 2538 1181">
     <span class='ocr_line' id='line_1_2' title="bbox 872 1036 2538 1181; baseline -0.01 -20"><span class='ocrx_word' id='word_1_2' title='bbox 872 1094 1199 1161; x_wconf 84' lang='lat' dir='ltr'><strong>0RDlNlS</strong></span> <span class='ocrx_word' id='word_1_3' title='bbox 1239 1036 1985 1155; x_wconf 33' lang='lat' dir='ltr'><strong>CABTHUS‘IANORUM</strong></span> <span class='ocrx_word' id='word_1_4' title='bbox 2032 1080 2538 1145; x_wconf 79' lang='lat' dir='ltr'><strong>INSTl&#39;l‘UTOR.</strong></span> 
     </span>
    </p>
   </div>
   <div class='ocr_carea' id='block_1_3' title="bbox 1544 1271 1949 1297">
    <p class='ocr_par' dir='ltr' id='par_1_3' title="bbox 1544 1271 1949 1297">
     <span class='ocr_line' id='line_1_3' title="bbox 1544 1271 1949 1297; baseline -0.005 -3"><span class='ocrx_word' id='word_1_5' title='bbox 1544 1271 1949 1297; x_wconf 54' lang='grc' dir='ltr'><strong><em>Μ</em></strong></span> 
     </span>
    </p>
   </div>
   <div class='ocr_carea' id='block_1_4' title="bbox 311 1362 3181 1613">
    <p class='ocr_par' dir='ltr' id='par_1_4' title="bbox 311 1362 3181 1613">
     <span class='ocr_line' id='line_1_4' title="bbox 311 1362 3181 1613; baseline -0.011 -2"><span class='ocrx_word' id='word_1_6' title='bbox 311 1440 1109 1613; x_wconf 83' lang='lat' dir='ltr'><strong>SANGTI</strong></span> <span class='ocrx_word' id='word_1_7' title='bbox 1266 1421 2428 1591; x_wconf 79' lang='lat' dir='ltr'><strong>BRUNONIS</strong></span> <span class='ocrx_word' id='word_1_8' title='bbox 2564 1421 3139 1584; x_wconf 84' lang='lat' dir='ltr'><strong>ACTA</strong></span> 
     </span>
    </p>
   </div>
   <div class='ocr_carea' id='block_1_5' title="bbox 1104 1690 2358 1764">
    <p class='ocr_par' dir='ltr' id='par_1_5' title="bbox 1104 1690 2358 1764">
     <span class='ocr_line' id='line_1_5' title="bbox 1104 1690 2358 1764; baseline -0.012 -3"><span class='ocrx_word' id='word_1_9' title='bbox 1104 1706 1262 1760; x_wconf 79' lang='lat' dir='ltr'><strong>lActa</strong></span> <span class='ocrx_word' id='word_1_10' title='bbox 1293 1701 1396 1761; x_wconf 83' lang='lat' dir='ltr'><strong>SS.</strong></span> <span class='ocrx_word' id='word_1_11' title='bbox 1429 1699 1678 1757; x_wconf 80' lang='grc' dir='ltr'><strong>Βοιιαηά.</strong></span> <span class='ocrx_word' id='word_1_12' title='bbox 1713 1696 1935 1756; x_wconf 83' lang='lat' dir='ltr'><strong>Octobr.</strong></span> <span class='ocrx_word' id='word_1_13' title='bbox 1968 1704 2008 1751; x_wconf 88' lang='lat' dir='ltr'><strong>t.</strong></span> <span class='ocrx_word' id='word_1_14' title='bbox 2042 1692 2144 1762; x_wconf 85' lang='grc' dir='ltr'>ιιι,</span> <span class='ocrx_word' id='word_1_15' title='bbox 2166 1691 2255 1749; x_wconf 90' lang='lat' dir='ltr'><strong>die</strong></span> <span class='ocrx_word' id='word_1_16' title='bbox 2280 1690 2358 1764; x_wconf 86' lang='lat'><strong>6.)</strong></span> 
     </span>
    </p>
   </div>
   <div class='ocr_carea' id='block_1_6' title="bbox 762 1868 2677 2001">
    <p class='ocr_par' dir='ltr' id='par_1_6' title="bbox 762 1868 2677 2001">
     <span class='ocr_line' id='line_1_6' title="bbox 762 1868 2677 2001; baseline -0.009 0"><span class='ocrx_word' id='word_1_17' title='bbox 762 1874 1895 2001; x_wconf 80' lang='lat' dir='ltr'><strong>COMMENTARIUS</strong></span> <span class='ocrx_word' id='word_1_18' title='bbox 1971 1868 2677 1990; x_wconf 56' lang='lat' dir='ltr'><strong>PRIEVIUS.</strong></span> 
     </span>
    </p>
   </div>
   <div class='ocr_carea' id='block_1_7' title="bbox 140 2288 3362 2376">
    <p class='ocr_par' dir='ltr' id='par_1_7' title="bbox 140 2288 3362 2376">
     <span class='ocr_line' id='line_1_7' title="bbox 140 2288 3362 2376; baseline -0.005 -16"><span class='ocrx_word' id='word_1_19' title='bbox 140 2304 225 2376; x_wconf 60' lang='grc' dir='ltr'>δι.</span> <span class='ocrx_word' id='word_1_20' title='bbox 257 2304 372 2371; x_wconf 69' lang='lat' dir='ltr'><strong>Qui:</strong></span> <span class='ocrx_word' id='word_1_21' title='bbox 424 2304 567 2360; x_wconf 70' lang='lat' dir='ltr'><strong>Vita</strong></span> <span class='ocrx_word' id='word_1_22' title='bbox 620 2318 713 2357; x_wconf 77' lang='lat' dir='ltr'><strong>seu</strong></span> <span class='ocrx_word' id='word_1_23' title='bbox 758 2302 886 2376; x_wconf 59' lang='lat' dir='ltr'><strong>Acta</strong></span> <span class='ocrx_word' id='word_1_24' title='bbox 927 2299 1132 2376; x_wconf 65' lang='lat' dir='ltr'><strong>edenda</strong></span> <span class='ocrx_word' id='word_1_25' title='bbox 1175 2298 1330 2376; x_wconf 56' lang='lat' dir='ltr'><strong>sint;</strong></span> <span class='ocrx_word' id='word_1_26' title='bbox 1379 2298 1607 2376; x_wconf 68' lang='lat' dir='ltr'><strong>diversa,</strong></span> <span class='ocrx_word' id='word_1_27' title='bbox 1644 2312 1671 2351; x_wconf 71' lang='grc' dir='ltr'><em>α</em></span> <span class='ocrx_word' id='word_1_28' title='bbox 1702 2302 1745 2360; x_wconf 74' lang='grc' dir='ltr'>Α</span> <span class='ocrx_word' id='word_1_29' title='bbox 1776 2294 2015 2367; x_wconf 83' lang='lat' dir='ltr'><strong>digestas</strong></span> <span class='ocrx_word' id='word_1_30' title='bbox 2054 2293 2370 2359; x_wconf 81' lang='lat' dir='ltr'><strong>exhibeant,</strong></span> <span class='ocrx_word' id='word_1_31' title='bbox 2416 2291 2599 2350; x_wconf 69' lang='lat' dir='ltr'><strong>vorari</strong></span> <span class='ocrx_word' id='word_1_32' title='bbox 2643 2305 2750 2347; x_wconf 87' lang='lat' dir='ltr'><strong>non</strong></span> <span class='ocrx_word' id='word_1_33' title='bbox 2793 2288 3067 2347; x_wconf 85' lang='lat' dir='ltr'><strong>immerito</strong></span> <span class='ocrx_word' id='word_1_34' title='bbox 3111 2297 3362 2361; x_wconf 82' lang='lat' dir='ltr'><strong>potuere,</strong></span> 
     </span>
    </p>
   </div>
   <div class='ocr_carea' id='block_1_8' title="bbox 194 2368 1671 2446">
    <p class='ocr_par' dir='ltr' id='par_1_8' title="bbox 194 2368 1671 2446">
     <span class='ocr_line' id='line_1_8' title="bbox 194 2368 1671 2446; baseline -0.008 -17"><span class='ocrx_word' id='word_1_35' title='bbox 194 2368 350 2446; x_wconf 59' lang='lat' dir='ltr'><strong>quiin:</strong></span> <span class='ocrx_word' id='word_1_36' title='bbox 377 2377 492 2431; x_wconf 75' lang='lat' dir='ltr'><strong>lure</strong></span> <span class='ocrx_word' id='word_1_37' title='bbox 518 2383 610 2430; x_wconf 78' lang='lat' dir='ltr'><strong>aut</strong></span> <span class='ocrx_word' id='word_1_38' title='bbox 644 2373 884 2446; x_wconf 71' lang='lat' dir='ltr'><strong>confecta</strong></span> <span class='ocrx_word' id='word_1_39' title='bbox 913 2371 1215 2446; x_wconf 77' lang='lat' dir='ltr'><strong>fuere,_aut</strong></span> <span class='ocrx_word' id='word_1_40' title='bbox 1241 2368 1671 2446; x_wconf 75' lang='lat' dir='ltr'><strong>illustrabuutur,</strong></span> 
     </span>
    </p>
   </div>
   <div class='ocr_carea' id='block_1_9' title="bbox 192 2436 1677 2508">
    <p class='ocr_par' dir='ltr' id='par_1_9' title="bbox 192 2436 1677 2508">
     <span class='ocr_line' id='line_1_9' title="bbox 192 2436 1677 2508; baseline -0.006 -9"><span class='ocrx_word' id='word_1_41' title='bbox 192 2436 267 2499; x_wconf 60' lang='lat' dir='ltr'><strong>seu</strong></span> <span class='ocrx_word' id='word_1_42' title='bbox 302 2446 532 2501; x_wconf 73' lang='lat' dir='ltr'><strong>subsidia</strong></span> <span class='ocrx_word' id='word_1_43' title='bbox 575 2461 668 2499; x_wconf 74' lang='lat' dir='ltr'><strong>seu</strong></span> <span class='ocrx_word' id='word_1_44' title='bbox 706 2436 1041 2502; x_wconf 76' lang='lat' dir='ltr'><strong>documenta,</strong></span> <span class='ocrx_word' id='word_1_45' title='bbox 1088 2440 1376 2508; x_wconf 81' lang='lat' dir='ltr'><strong>horumque</strong></span> <span class='ocrx_word' id='word_1_46' title='bbox 1418 2453 1579 2491; x_wconf 79' lang='lat' dir='ltr'><strong>unum</strong></span> <span class='ocrx_word' id='word_1_47' title='bbox 1608 2436 1677 2490; x_wconf 83' lang='lat' dir='ltr'><strong>ad</strong></span> 
     </span>
    </p>
   </div>
   <div class='ocr_carea' id='block_1_10' title="bbox 193 2510 1132 2571">
    <p class='ocr_par' dir='ltr' id='par_1_10' title="bbox 193 2510 1132 2571">
     <span class='ocr_line' id='line_1_10' title="bbox 193 2510 1132 2571; baseline -0.01 0"><span class='ocrx_word' id='word_1_48' title='bbox 193 2519 408 2571; x_wconf 79' lang='lat' dir='ltr'><strong>Actorum</strong></span> <span class='ocrx_word' id='word_1_49' title='bbox 442 2515 649 2570; x_wconf 80' lang='lat' dir='ltr'><strong>calcem</strong></span> <span class='ocrx_word' id='word_1_50' title='bbox 671 2514 830 2569; x_wconf 79' lang='lat' dir='ltr'><strong>etiam</strong></span> <span class='ocrx_word' id='word_1_51' title='bbox 853 2510 1132 2566; x_wconf 79' lang='lat' dir='ltr'><strong>edendum.</strong></span> 
     </span>
    </p>
   </div>
   <div class='ocr_carea' id='block_1_11' title="bbox 1781 2382 3365 2455">
    <p class='ocr_par' dir='ltr' id='par_1_11' title="bbox 1781 2382 3365 2455">
     <span class='ocr_line' id='line_1_11' title="bbox 1781 2382 3365 2455; baseline -0.003 -15"><span class='ocrx_word' id='word_1_52' title='bbox 1781 2386 2047 2455; x_wconf 77' lang='lat' dir='ltr'><strong>aliterque</strong></span> <span class='ocrx_word' id='word_1_53' title='bbox 2075 2383 2428 2440; x_wconf 88' lang='lat' dir='ltr'><strong>nihilominus</strong></span> <span class='ocrx_word' id='word_1_54' title='bbox 2455 2392 2763 2452; x_wconf 86' lang='lat' dir='ltr'><strong>nuncupata</strong></span> <span class='ocrx_word' id='word_1_55' title='bbox 2794 2382 2961 2437; x_wconf 90' lang='lat' dir='ltr'><strong>etiam</strong></span> <span class='ocrx_word' id='word_1_56' title='bbox 2991 2382 3365 2451; x_wconf 83' lang='lat' dir='ltr'><strong>reperiuntur,</strong></span> 
     </span>
    </p>
   </div>
   <div class='ocr_carea' id='block_1_12' title="bbox 1782 2471 3369 2545">
    <p class='ocr_par' dir='ltr' id='par_1_12' title="bbox 1782 2471 3369 2545">
     <span class='ocr_line' id='line_1_12' title="bbox 1782 2471 3369 2545; baseline -0.003 -15"><span class='ocrx_word' id='word_1_57' title='bbox 1782 2472 1887 2531; x_wconf 91' lang='lat' dir='ltr'><strong>dno</strong></span> <span class='ocrx_word' id='word_1_58' title='bbox 1926 2473 2270 2545; x_wconf 88' lang='lat' dir='ltr'><strong>potissimum</strong></span> <span class='ocrx_word' id='word_1_59' title='bbox 2311 2471 2378 2528; x_wconf 86' lang='lat' dir='ltr'><strong>ad</strong></span> <span class='ocrx_word' id='word_1_60' title='bbox 2416 2471 2783 2543; x_wconf 70' lang='lat' dir='ltr'><strong>cognitionem</strong></span> <span class='ocrx_word' id='word_1_61' title='bbox 2823 2485 2999 2526; x_wconf 87' lang='lat' dir='ltr'><strong>meam</strong></span> <span class='ocrx_word' id='word_1_62' title='bbox 3045 2482 3369 2542; x_wconf 79' lang='lat' dir='ltr'><strong>pervenere,</strong></span> 
     </span>
    </p>
   </div>
   <div class='ocr_carea' id='block_1_13' title="bbox 1683 2558 3369 2632">
    <p class='ocr_par' dir='ltr' id='par_1_13' title="bbox 1683 2558 3369 2632">
     <span class='ocr_line' id='line_1_13' title="bbox 1683 2558 3369 2632; baseline -0.002 -13"><span class='ocrx_word' id='word_1_63' title='bbox 1683 2574 1689 2579; x_wconf 88' lang='lat'>&#39;</span> <span class='ocrx_word' id='word_1_64' title='bbox 1783 2565 2120 2620; x_wconf 67' lang='lat' dir='ltr'><strong>contractius</strong></span> <span class='ocrx_word' id='word_1_65' title='bbox 2171 2578 2361 2629; x_wconf 89' lang='lat' dir='ltr'><strong>unum,</strong></span> <span class='ocrx_word' id='word_1_66' title='bbox 2408 2560 2672 2632; x_wconf 79' lang='lat' dir='ltr'><strong>prolixius</strong></span> <span class='ocrx_word' id='word_1_67' title='bbox 2716 2558 2883 2617; x_wconf 80' lang='lat' dir='ltr'><strong>aliud.</strong></span> <span class='ocrx_word' id='word_1_68' title='bbox 2934 2561 3011 2617; x_wconf 90' lang='lat' dir='ltr'><strong>De</strong></span> <span class='ocrx_word' id='word_1_69' title='bbox 3058 2562 3369 2626; x_wconf 86' lang='lat' dir='ltr'><strong>amborum,</strong></span> 
     </span>
    </p>
   </div>
   <div class='ocr_carea' id='block_1_14' title="bbox 193 2637 1682 2709">
    <p class='ocr_par' dir='ltr' id='par_1_14' title="bbox 193 2637 1682 2709">
     <span class='ocr_line' id='line_1_14' title="bbox 193 2637 1682 2709; baseline -0.005 -8"><span class='ocrx_word' id='word_1_70' title='bbox 193 2646 285 2702; x_wconf 81' lang='lat' dir='ltr'><strong>Etsi</strong></span> <span class='ocrx_word' id='word_1_71' title='bbox 312 2657 428 2703; x_wconf 83' lang='lat' dir='ltr'><strong>ante</strong></span> <span class='ocrx_word' id='word_1_72' title='bbox 450 2646 645 2705; x_wconf 68' lang='lat' dir='ltr'><strong>saeculi</strong></span> <span class='ocrx_word' id='word_1_73' title='bbox 675 2644 813 2701; x_wconf 82' lang='lat' dir='ltr'><strong>sexti</strong></span> <span class='ocrx_word' id='word_1_74' title='bbox 841 2642 1037 2698; x_wconf 81' lang='lat' dir='ltr'><strong>decimi</strong></span> <span class='ocrx_word' id='word_1_75' title='bbox 1067 2640 1282 2697; x_wconf 83' lang='lat' dir='ltr'><strong>initium</strong></span> <span class='ocrx_word' id='word_1_76' title='bbox 1310 2638 1487 2693; x_wconf 86' lang='lat' dir='ltr'><strong>nullus</strong></span> <span class='ocrx_word' id='word_1_77' title='bbox 1520 2637 1682 2709; x_wconf 78' lang='lat' dir='ltr'><strong>plane</strong></span> 
     </span>
    </p>
   </div>
   <div class='ocr_carea' id='block_1_15' title="bbox 132 2732 1677 2800">
    <p class='ocr_par' dir='ltr' id='par_1_15' title="bbox 132 2732 1677 2800">
     <span class='ocr_line' id='line_1_15' title="bbox 132 2732 1677 2800; baseline -0.005 -6"><span class='ocrx_word' id='word_1_78' title='bbox 132 2752 311 2795; x_wconf 84' lang='lat' dir='ltr'><strong>omnem</strong></span> <span class='ocrx_word' id='word_1_79' title='bbox 347 2740 479 2797; x_wconf 77' lang='lat' dir='ltr'><strong>Vitze</strong></span> <span class='ocrx_word' id='word_1_80' title='bbox 524 2739 583 2795; x_wconf 91' lang='lat' dir='ltr'><strong>S.</strong></span> <span class='ocrx_word' id='word_1_81' title='bbox 624 2736 917 2800; x_wconf 84' lang='lat' dir='ltr'><strong>Brunonis,</strong></span> <span class='ocrx_word' id='word_1_82' title='bbox 966 2749 1110 2790; x_wconf 85' lang='lat' dir='ltr'><strong>anno</strong></span> <span class='ocrx_word' id='word_1_83' title='bbox 1152 2748 1222 2789; x_wconf 84' lang='lat' dir='ltr'><strong>ex</strong></span> <span class='ocrx_word' id='word_1_84' title='bbox 1261 2733 1501 2788; x_wconf 84' lang='lat' dir='ltr'><strong>dicendis</strong></span> <span class='ocrx_word' id='word_1_85' title='bbox 1545 2732 1677 2787; x_wconf 81' lang='grc'><strong>1101</strong></span> 
     </span>
    </p>
   </div>
   <div class='ocr_carea' id='block_1_16' title="bbox 132 2821 1684 2895">
    <p class='ocr_par' dir='ltr' id='par_1_16' title="bbox 132 2821 1684 2895">
     <span class='ocr_line' id='line_1_16' title="bbox 132 2821 1684 2895; baseline -0.003 -14"><span class='ocrx_word' id='word_1_86' title='bbox 132 2828 356 2895; x_wconf 78' lang='lat' dir='ltr'><strong>defuncti,</strong></span> <span class='ocrx_word' id='word_1_87' title='bbox 398 2830 634 2893; x_wconf 81' lang='lat' dir='ltr'><strong>seriem,</strong></span> <span class='ocrx_word' id='word_1_88' title='bbox 692 2839 981 2895; x_wconf 90' lang='lat' dir='ltr'><strong>moresque</strong></span> <span class='ocrx_word' id='word_1_89' title='bbox 1026 2833 1080 2880; x_wconf 92' lang='lat' dir='ltr'><strong>et</strong></span> <span class='ocrx_word' id='word_1_90' title='bbox 1119 2832 1270 2895; x_wconf 86' lang='lat' dir='ltr'><strong>gesta</strong></span> <span class='ocrx_word' id='word_1_91' title='bbox 1318 2837 1386 2877; x_wconf 81' lang='lat' dir='ltr'><strong>ex</strong></span> <span class='ocrx_word' id='word_1_92' title='bbox 1434 2821 1684 2877; x_wconf 89' lang='lat' dir='ltr'><strong>instituto</strong></span> 
     </span>
    </p>
   </div>
   <div class='ocr_carea' id='block_1_17' title="bbox 138 2911 1686 2991">
    <p class='ocr_par' dir='ltr' id='par_1_17' title="bbox 138 2911 1686 2991">
     <span class='ocr_line' id='line_1_17' title="bbox 138 2911 1686 2991; baseline -0.003 -22"><span class='ocrx_word' id='word_1_93' title='bbox 138 2914 296 2975; x_wconf 81' lang='lat' dir='ltr'><strong>litteris</strong></span> <span class='ocrx_word' id='word_1_94' title='bbox 317 2918 687 2991; x_wconf 78' lang='lat' dir='ltr'><strong>consignarit,</strong></span> <span class='ocrx_word' id='word_1_95' title='bbox 718 2930 826 2971; x_wconf 91' lang='lat' dir='ltr'><strong>non</strong></span> <span class='ocrx_word' id='word_1_96' title='bbox 852 2915 1141 2971; x_wconf 77' lang='lat' dir='ltr'><strong>defuerunt</strong></span> <span class='ocrx_word' id='word_1_97' title='bbox 1171 2922 1350 2968; x_wconf 90' lang='lat' dir='ltr'><strong>tamen</strong></span> <span class='ocrx_word' id='word_1_98' title='bbox 1382 2928 1414 2968; x_wconf 89' lang='lat' dir='ltr'><strong>e</strong></span> <span class='ocrx_word' id='word_1_99' title='bbox 1440 2911 1686 2968; x_wconf 85' lang='lat' dir='ltr'><strong>celeber-</strong></span> 
     </span>
    </p>
   </div>
   <div class='ocr_carea' id='block_1_18' title="bbox 140 3003 1683 3080">
    <p class='ocr_par' dir='ltr' id='par_1_18' title="bbox 140 3003 1683 3080">
     <span class='ocr_line' id='line_1_18' title="bbox 140 3003 1683 3080; baseline -0.003 -20"><span class='ocrx_word' id='word_1_100' title='bbox 140 3009 264 3073; x_wconf 86' lang='lat' dir='ltr'><strong>rimo,</strong></span> <span class='ocrx_word' id='word_1_101' title='bbox 293 3025 444 3080; x_wconf 84' lang='lat' dir='ltr'><strong>quem</strong></span> <span class='ocrx_word' id='word_1_102' title='bbox 492 3007 883 3065; x_wconf 72' lang='lat' dir='ltr'><strong>sanctissimus</strong></span> <span class='ocrx_word' id='word_1_103' title='bbox 927 3006 1017 3061; x_wconf 76' lang='lat' dir='ltr'><strong>hic</strong></span> <span class='ocrx_word' id='word_1_104' title='bbox 1070 3004 1381 3075; x_wconf 84' lang='lat' dir='ltr'><strong>patriarcha</strong></span> <span class='ocrx_word' id='word_1_105' title='bbox 1430 3003 1683 3070; x_wconf 83' lang='lat' dir='ltr'><strong>instituit,</strong></span> 
     </span>
    </p>
   </div>
   <div class='ocr_carea' id='block_1_19' title="bbox 141 3093 1685 3168">
    <p class='ocr_par' dir='ltr' id='par_1_19' title="bbox 141 3093 1685 3168">
     <span class='ocr_line' id='line_1_19' title="bbox 141 3093 1685 3168; baseline -0.003 -16"><span class='ocrx_word' id='word_1_106' title='bbox 141 3096 299 3155; x_wconf 83' lang='lat' dir='ltr'><strong>Ordine</strong></span> <span class='ocrx_word' id='word_1_107' title='bbox 342 3102 463 3167; x_wconf 91' lang='lat' dir='ltr'><strong>viri,</strong></span> <span class='ocrx_word' id='word_1_108' title='bbox 521 3098 769 3155; x_wconf 81' lang='lat' dir='ltr'><strong>doctrina</strong></span> <span class='ocrx_word' id='word_1_109' title='bbox 803 3097 957 3168; x_wconf 80' lang='lat' dir='ltr'><strong>juxta</strong></span> <span class='ocrx_word' id='word_1_110' title='bbox 994 3110 1058 3151; x_wconf 91' lang='lat' dir='ltr'><strong>ac</strong></span> <span class='ocrx_word' id='word_1_111' title='bbox 1110 3096 1308 3166; x_wconf 81' lang='lat' dir='ltr'><strong>pietate</strong></span> <span class='ocrx_word' id='word_1_112' title='bbox 1344 3093 1685 3163; x_wconf 72' lang='lat' dir='ltr'><strong>spectabiles,</strong></span> 
     </span>
    </p>
   </div>
   <div class='ocr_carea' id='block_1_20' title="bbox 139 3181 1689 3255">
    <p class='ocr_par' dir='ltr' id='par_1_20' title="bbox 139 3181 1689 3255">
     <span class='ocr_line' id='line_1_20' title="bbox 139 3181 1689 3255; baseline -0.004 -14"><span class='ocrx_word' id='word_1_113' title='bbox 139 3189 208 3255; x_wconf 86' lang='lat' dir='ltr'><strong>qui</strong></span> <span class='ocrx_word' id='word_1_114' title='bbox 229 3189 379 3247; x_wconf 89' lang='lat' dir='ltr'><strong>multo</strong></span> <span class='ocrx_word' id='word_1_115' title='bbox 403 3191 584 3246; x_wconf 83' lang='lat' dir='ltr'><strong>etiam</strong></span> <span class='ocrx_word' id='word_1_116' title='bbox 613 3186 800 3251; x_wconf 88' lang='lat' dir='ltr'><strong>citius,</strong></span> <span class='ocrx_word' id='word_1_117' title='bbox 835 3199 958 3255; x_wconf 80' lang='lat' dir='ltr'><strong>qua:</strong></span> <span class='ocrx_word' id='word_1_118' title='bbox 986 3183 1054 3238; x_wconf 91' lang='lat' dir='ltr'><strong>de</strong></span> <span class='ocrx_word' id='word_1_119' title='bbox 1080 3181 1388 3238; x_wconf 80' lang='lat' dir='ltr'><strong>Carthusite</strong></span> <span class='ocrx_word' id='word_1_120' title='bbox 1427 3182 1689 3251; x_wconf 87' lang='lat' dir='ltr'><strong>principis</strong></span> 
     </span>
    </p>
   </div>
   <div class='ocr_carea' id='block_1_21' title="bbox 136 3269 1689 3335">
    <p class='ocr_par' dir='ltr' id='par_1_21' title="bbox 136 3269 1689 3335">
     <span class='ocr_line' id='line_1_21' title="bbox 136 3269 1689 3335; baseline -0.003 -8"><span class='ocrx_word' id='word_1_121' title='bbox 136 3274 392 3335; x_wconf 70' lang='lat' dir='ltr'><strong>aliorumve</strong></span> <span class='ocrx_word' id='word_1_122' title='bbox 420 3277 820 3335; x_wconf 82' lang='lat' dir='ltr'><strong>nonnullarum</strong></span> <span class='ocrx_word' id='word_1_123' title='bbox 848 3275 1016 3335; x_wconf 88' lang='lat' dir='ltr'><strong>initiis</strong></span> <span class='ocrx_word' id='word_1_124' title='bbox 1047 3288 1111 3328; x_wconf 88' lang='lat' dir='ltr'><strong>ac</strong></span> <span class='ocrx_word' id='word_1_125' title='bbox 1136 3269 1515 3327; x_wconf 84' lang='lat' dir='ltr'><strong>fundatoribus</strong></span> <span class='ocrx_word' id='word_1_126' title='bbox 1536 3284 1689 3324; x_wconf 83' lang='lat' dir='ltr'><strong>com-</strong></span> 
     </span>
    </p>
   </div>
   <div class='ocr_carea' id='block_1_22' title="bbox 135 3362 1687 3439">
    <p class='ocr_par' dir='ltr' id='par_1_22' title="bbox 135 3362 1687 3439">
     <span class='ocr_line' id='line_1_22' title="bbox 135 3362 1687 3439; baseline -0.005 -16"><span class='ocrx_word' id='word_1_127' title='bbox 135 3380 255 3434; x_wconf 68' lang='lat' dir='ltr'><strong>pert:</strong></span> <span class='ocrx_word' id='word_1_128' title='bbox 280 3372 588 3436; x_wconf 81' lang='lat' dir='ltr'><strong>habebant,</strong></span> <span class='ocrx_word' id='word_1_129' title='bbox 618 3366 1033 3439; x_wconf 76' lang='lat' dir='ltr'><strong>diligentissime</strong></span> <span class='ocrx_word' id='word_1_130' title='bbox 1059 3365 1114 3420; x_wconf 88' lang='lat' dir='ltr'><strong>in</strong></span> <span class='ocrx_word' id='word_1_131' title='bbox 1140 3365 1387 3427; x_wconf 85' lang='lat' dir='ltr'><strong>chartas,</strong></span> <span class='ocrx_word' id='word_1_132' title='bbox 1422 3362 1466 3418; x_wconf 87' lang='lat' dir='ltr'><strong>si</strong></span> <span class='ocrx_word' id='word_1_133' title='bbox 1500 3376 1604 3416; x_wconf 89' lang='lat' dir='ltr'><strong>non</strong></span> <span class='ocrx_word' id='word_1_134' title='bbox 1633 3362 1687 3415; x_wconf 91' lang='lat' dir='ltr'><strong>in</strong></span> 
     </span>
    </p>
   </div>
   <div class='ocr_carea' id='block_1_23' title="bbox 138 3451 1692 3533">
    <p class='ocr_par' dir='ltr' id='par_1_23' title="bbox 138 3451 1692 3533">
     <span class='ocr_line' id='line_1_23' title="bbox 138 3451 1692 3533; baseline -0.004 -23"><span class='ocrx_word' id='word_1_135' title='bbox 138 3458 289 3530; x_wconf 65' lang='lat' dir='ltr'><strong>vulgus</strong></span> <span class='ocrx_word' id='word_1_136' title='bbox 317 3462 531 3533; x_wconf 80' lang='lat' dir='ltr'><strong>(neque</strong></span> <span class='ocrx_word' id='word_1_137' title='bbox 558 3460 705 3515; x_wconf 90' lang='lat' dir='ltr'><strong>enim</strong></span> <span class='ocrx_word' id='word_1_138' title='bbox 739 3457 791 3512; x_wconf 93' lang='lat' dir='ltr'><strong>id</strong></span> <span class='ocrx_word' id='word_1_139' title='bbox 815 3455 965 3512; x_wconf 78' lang='lat' dir='ltr'><strong>forte</strong></span> <span class='ocrx_word' id='word_1_140' title='bbox 994 3469 1209 3511; x_wconf 91' lang='lat' dir='ltr'><strong>summa</strong></span> <span class='ocrx_word' id='word_1_141' title='bbox 1247 3467 1436 3508; x_wconf 87' lang='lat' dir='ltr'><strong>eorum</strong></span> <span class='ocrx_word' id='word_1_142' title='bbox 1473 3451 1692 3508; x_wconf 73' lang='lat' dir='ltr'><strong>sivisset</strong></span> 
     </span>
    </p>
   </div>
   <div class='ocr_carea' id='block_1_24' title="bbox 132 3539 1693 3621">
    <p class='ocr_par' dir='ltr' id='par_1_24' title="bbox 132 3539 1693 3621">
     <span class='ocr_line' id='line_1_24' title="bbox 132 3539 1693 3621; baseline -0.008 -17"><span class='ocrx_word' id='word_1_143' title='bbox 132 3551 377 3620; x_wconf 84' lang='lat' dir='ltr'><strong>modestia)</strong></span> <span class='ocrx_word' id='word_1_144' title='bbox 415 3548 649 3621; x_wconf 86' lang='lat' dir='ltr'><strong>publice</strong></span> <span class='ocrx_word' id='word_1_145' title='bbox 685 3545 947 3611; x_wconf 87' lang='lat' dir='ltr'><strong>edendas,</strong></span> <span class='ocrx_word' id='word_1_146' title='bbox 980 3552 1131 3599; x_wconf 89' lang='lat' dir='ltr'><strong>certe</strong></span> <span class='ocrx_word' id='word_1_147' title='bbox 1162 3556 1284 3597; x_wconf 89' lang='lat' dir='ltr'><strong>cum</strong></span> <span class='ocrx_word' id='word_1_148' title='bbox 1318 3539 1514 3596; x_wconf 90' lang='lat' dir='ltr'><strong>futuris</strong></span> <span class='ocrx_word' id='word_1_149' title='bbox 1541 3540 1693 3595; x_wconf 84' lang='lat' dir='ltr'><strong>dein-</strong></span> 
     </span>
    </p>
   </div>
   <div class='ocr_carea' id='block_1_25' title="bbox 130 3632 1694 3711">
    <p class='ocr_par' dir='ltr' id='par_1_25' title="bbox 130 3632 1694 3711">
     <span class='ocr_line' id='line_1_25' title="bbox 130 3632 1694 3711; baseline -0.006 -16"><span class='ocrx_word' id='word_1_150' title='bbox 130 3654 235 3711; x_wconf 76' lang='lat' dir='ltr'><strong>ceps</strong></span> <span class='ocrx_word' id='word_1_151' title='bbox 276 3644 515 3700; x_wconf 78' lang='lat' dir='ltr'><strong>instituti</strong></span> <span class='ocrx_word' id='word_1_152' title='bbox 565 3641 648 3697; x_wconf 85' lang='lat' dir='ltr'><strong>sui</strong></span> <span class='ocrx_word' id='word_1_153' title='bbox 696 3635 1060 3695; x_wconf 85' lang='lat' dir='ltr'><strong>sectatoribus</strong></span> <span class='ocrx_word' id='word_1_154' title='bbox 1103 3633 1359 3706; x_wconf 88' lang='lat' dir='ltr'><strong>privatim</strong></span> <span class='ocrx_word' id='word_1_155' title='bbox 1405 3633 1552 3687; x_wconf 86' lang='lat' dir='ltr'><strong>intra</strong></span> <span class='ocrx_word' id='word_1_156' title='bbox 1594 3632 1694 3687; x_wconf 89' lang='lat' dir='ltr'><strong>do-</strong></span> 
     </span>
    </p>
   </div>
   <div class='ocr_carea' id='block_1_26' title="bbox 130 3816 1701 3892">
    <p class='ocr_par' dir='ltr' id='par_1_26' title="bbox 130 3816 1701 3892">
     <span class='ocr_line' id='line_1_26' title="bbox 130 3816 1701 3892; baseline -0.005 -16"><span class='ocrx_word' id='word_1_157' title='bbox 130 3819 346 3892; x_wconf 79' lang='lat' dir='ltr'><strong>ieceriut,</strong></span> <span class='ocrx_word' id='word_1_158' title='bbox 402 3827 459 3880; x_wconf 90' lang='lat' dir='ltr'><strong>in</strong></span> <span class='ocrx_word' id='word_1_159' title='bbox 521 3824 702 3892; x_wconf 87' lang='lat' dir='ltr'><strong>iisque</strong></span> <span class='ocrx_word' id='word_1_160' title='bbox 745 3833 958 3876; x_wconf 90' lang='lat' dir='ltr'><strong>summa</strong></span> <span class='ocrx_word' id='word_1_161' title='bbox 997 3817 1190 3873; x_wconf 89' lang='lat' dir='ltr'><strong>saltem</strong></span> <span class='ocrx_word' id='word_1_162' title='bbox 1231 3816 1379 3882; x_wconf 62' lang='lat' dir='ltr'><strong>vitaz,</strong></span> <span class='ocrx_word' id='word_1_163' title='bbox 1430 3829 1462 3869; x_wconf 91' lang='lat' dir='ltr'><strong>a</strong></span> <span class='ocrx_word' id='word_1_164' title='bbox 1510 3822 1701 3869; x_wconf 89' lang='lat' dir='ltr'><strong>sancto</strong></span> 
     </span>
    </p>
   </div>
   <div class='ocr_carea' id='block_1_27' title="bbox 125 3903 1702 3981">
    <p class='ocr_par' dir='ltr' id='par_1_27' title="bbox 125 3903 1702 3981">
     <span class='ocr_line' id='line_1_27' title="bbox 125 3903 1702 3981; baseline -0.004 -13"><span class='ocrx_word' id='word_1_165' title='bbox 125 3910 410 3974; x_wconf 76' lang='lat' dir='ltr'><strong>Fundatore</strong></span> <span class='ocrx_word' id='word_1_166' title='bbox 462 3929 577 3972; x_wconf 87' lang='lat' dir='ltr'><strong>suo</strong></span> <span class='ocrx_word' id='word_1_167' title='bbox 627 3922 781 3977; x_wconf 70' lang='lat' dir='ltr'><strong>actm,</strong></span> <span class='ocrx_word' id='word_1_168' title='bbox 832 3910 1012 3981; x_wconf 81' lang='lat' dir='ltr'><strong>capita</strong></span> <span class='ocrx_word' id='word_1_169' title='bbox 1056 3908 1370 3964; x_wconf 88' lang='lat' dir='ltr'><strong>delibariut.</strong></span> <span class='ocrx_word' id='word_1_170' title='bbox 1421 3905 1596 3974; x_wconf 87' lang='lat' dir='ltr'><strong>Quam</strong></span> <span class='ocrx_word' id='word_1_171' title='bbox 1649 3903 1702 3961; x_wconf 89' lang='lat' dir='ltr'><strong>id</strong></span> 
     </span>
    </p>
   </div>
   <div class='ocr_carea' id='block_1_28' title="bbox 128 3995 1704 4073">
    <p class='ocr_par' dir='ltr' id='par_1_28' title="bbox 128 3995 1704 4073">
     <span class='ocr_line' id='line_1_28' title="bbox 128 3995 1704 4073; baseline -0.004 -17"><span class='ocrx_word' id='word_1_172' title='bbox 128 4005 318 4059; x_wconf 74' lang='lat' dir='ltr'><strong>veritati</strong></span> <span class='ocrx_word' id='word_1_173' title='bbox 358 4011 661 4069; x_wconf 86' lang='lat' dir='ltr'><strong>consonet,</strong></span> <span class='ocrx_word' id='word_1_174' title='bbox 696 4009 1016 4073; x_wconf 80' lang='lat' dir='ltr'><strong>argumento</strong></span> <span class='ocrx_word' id='word_1_175' title='bbox 1038 4007 1134 4054; x_wconf 87' lang='lat' dir='ltr'><strong>est</strong></span> <span class='ocrx_word' id='word_1_176' title='bbox 1162 3998 1347 4053; x_wconf 82' lang='lat' dir='ltr'><strong>Brevis</strong></span> <span class='ocrx_word' id='word_1_177' title='bbox 1386 3997 1527 4067; x_wconf 81' lang='lat' dir='ltr'><strong>apud</strong></span> <span class='ocrx_word' id='word_1_178' title='bbox 1561 3995 1704 4051; x_wconf 80' lang='lat' dir='ltr'><strong>Mar-</strong></span> 
     </span>
    </p>
   </div>
   <div class='ocr_carea' id='block_1_29' title="bbox 124 4092 1705 4166">
    <p class='ocr_par' dir='ltr' id='par_1_29' title="bbox 124 4092 1705 4166">
     <span class='ocr_line' id='line_1_29' title="bbox 124 4092 1705 4166; baseline -0.003 -15"><span class='ocrx_word' id='word_1_179' title='bbox 124 4105 314 4154; x_wconf 86' lang='lat' dir='ltr'><strong>tcneum</strong></span> <span class='ocrx_word' id='word_1_180' title='bbox 349 4101 626 4157; x_wconf 74' lang='lat' dir='ltr'><strong>Veterum</strong></span> <span class='ocrx_word' id='word_1_181' title='bbox 661 4096 1004 4166; x_wconf 88' lang='lat' dir='ltr'><strong>Scriptorum</strong></span> <span class='ocrx_word' id='word_1_182' title='bbox 1037 4103 1183 4149; x_wconf 91' lang='lat' dir='ltr'><strong>tomo</strong></span> <span class='ocrx_word' id='word_1_183' title='bbox 1216 4092 1283 4149; x_wconf 78' lang='lat' dir='ltr'><strong>Vl</strong></span> <span class='ocrx_word' id='word_1_184' title='bbox 1313 4092 1520 4148; x_wconf 90' lang='lat' dir='ltr'><strong>inserta</strong></span> <span class='ocrx_word' id='word_1_185' title='bbox 1558 4092 1705 4147; x_wconf 85' lang='lat' dir='ltr'><strong>ordi-</strong></span> 
     </span>
    </p>
   </div>
   <div class='ocr_carea' id='block_1_30' title="bbox 124 4182 1706 4253">
    <p class='ocr_par' dir='ltr' id='par_1_30' title="bbox 124 4182 1706 4253">
     <span class='ocr_line' id='line_1_30' title="bbox 124 4182 1706 4253; baseline -0.001 -13"><span class='ocrx_word' id='word_1_186' title='bbox 124 4189 196 4243; x_wconf 91' lang='lat' dir='ltr'><strong>nis</strong></span> <span class='ocrx_word' id='word_1_187' title='bbox 232 4189 663 4247; x_wconf 77' lang='lat' dir='ltr'><strong>Carthasiensis</strong></span> <span class='ocrx_word' id='word_1_188' title='bbox 706 4186 963 4250; x_wconf 79' lang='lat' dir='ltr'><strong>Historia,</strong></span> <span class='ocrx_word' id='word_1_189' title='bbox 1014 4185 1070 4240; x_wconf 91' lang='lat' dir='ltr'><strong>in</strong></span> <span class='ocrx_word' id='word_1_190' title='bbox 1117 4182 1271 4253; x_wconf 86' lang='lat' dir='ltr'><strong>cujus</strong></span> <span class='ocrx_word' id='word_1_191' title='bbox 1316 4182 1546 4252; x_wconf 72' lang='lat' dir='ltr'><strong>Prologo</strong></span> <span class='ocrx_word' id='word_1_192' title='bbox 1591 4183 1706 4238; x_wconf 67' lang='lat' dir='ltr'><strong>haec</strong></span> 
     </span>
    </p>
   </div>
   <div class='ocr_carea' id='block_1_31' title="bbox 120 4272 1706 4348">
    <p class='ocr_par' dir='ltr' id='par_1_31' title="bbox 120 4272 1706 4348">
     <span class='ocr_line' id='line_1_31' title="bbox 120 4272 1706 4348; baseline 0.001 -21"><span class='ocrx_word' id='word_1_193' title='bbox 120 4274 397 4348; x_wconf 73' lang='lat' dir='ltr'><strong>leguntur:</strong></span> <span class='ocrx_word' id='word_1_194' title='bbox 454 4300 476 4333; x_wconf 75' lang='grc' dir='ltr'><strong>ι</strong></span> <span class='ocrx_word' id='word_1_195' title='bbox 532 4277 685 4334; x_wconf 86' lang='lat' dir='ltr'><strong>Licet</strong></span> <span class='ocrx_word' id='word_1_196' title='bbox 722 4277 964 4346; x_wconf 88' lang='lat' dir='ltr'><strong>quinque</strong></span> <span class='ocrx_word' id='word_1_197' title='bbox 1008 4274 1169 4344; x_wconf 90' lang='lat' dir='ltr'><strong>primi</strong></span> <span class='ocrx_word' id='word_1_198' title='bbox 1206 4273 1423 4329; x_wconf 87' lang='lat' dir='ltr'><strong>Priores</strong></span> <span class='ocrx_word' id='word_1_199' title='bbox 1462 4272 1706 4342; x_wconf 73' lang='lat' dir='ltr'><strong>(Maioris</strong></span> 
     </span>
    </p>
   </div>
   <div class='ocr_carea' id='block_1_32' title="bbox 123 4366 1759 4444">
    <p class='ocr_par' dir='ltr' id='par_1_32' title="bbox 123 4366 1759 4444">
     <span class='ocr_line' id='line_1_32' title="bbox 123 4366 1759 4444; baseline -0.001 -21"><span class='ocrx_word' id='word_1_200' title='bbox 123 4368 431 4444; x_wconf 75' lang='lat' dir='ltr'><strong>Carthusize)</strong></span> <span class='ocrx_word' id='word_1_201' title='bbox 470 4375 569 4430; x_wconf 86' lang='lat' dir='ltr'><strong>hic</strong></span> <span class='ocrx_word' id='word_1_202' title='bbox 610 4371 839 4429; x_wconf 89' lang='lat' dir='ltr'><strong>inferius</strong></span> <span class='ocrx_word' id='word_1_203' title='bbox 870 4368 1126 4440; x_wconf 86' lang='lat' dir='ltr'><strong>descripti</strong></span> <span class='ocrx_word' id='word_1_204' title='bbox 1169 4368 1220 4422; x_wconf 90' lang='lat' dir='ltr'><strong>in</strong></span> <span class='ocrx_word' id='word_1_205' title='bbox 1258 4366 1502 4438; x_wconf 84' lang='lat' dir='ltr'><strong>pluribus</strong></span> <span class='ocrx_word' id='word_1_206' title='bbox 1534 4368 1709 4422; x_wconf 82' lang='lat' dir='ltr'><strong>Chro-</strong></span> <span class='ocrx_word' id='word_1_207' title='bbox 1742 4397 1759 4402; x_wconf 87' lang='lat'>—</span> 
     </span>
    </p>
   </div>
   <div class='ocr_carea' id='block_1_33' title="bbox 118 4459 1709 4536">
    <p class='ocr_par' dir='ltr' id='par_1_33' title="bbox 118 4459 1709 4536">
     <span class='ocr_line' id='line_1_33' title="bbox 118 4459 1709 4536; baseline -0.002 -22"><span class='ocrx_word' id='word_1_208' title='bbox 118 4460 239 4519; x_wconf 83' lang='lat' dir='ltr'><strong>uicis</strong></span> <span class='ocrx_word' id='word_1_209' title='bbox 269 4466 657 4536; x_wconf 85' lang='lat' dir='ltr'><strong>reperiantur,</strong></span> <span class='ocrx_word' id='word_1_210' title='bbox 690 4473 869 4520; x_wconf 83' lang='lat' dir='ltr'><strong>tamen</strong></span> <span class='ocrx_word' id='word_1_211' title='bbox 896 4474 1250 4518; x_wconf 79' lang='lat' dir='ltr'><strong>successores</strong></span> <span class='ocrx_word' id='word_1_212' title='bbox 1280 4473 1491 4523; x_wconf 89' lang='lat' dir='ltr'><strong>eorum,</strong></span> <span class='ocrx_word' id='word_1_213' title='bbox 1524 4459 1709 4515; x_wconf 90' lang='lat' dir='ltr'><strong>nescio</strong></span> 
     </span>
    </p>
   </div>
   <div class='ocr_carea' id='block_1_34' title="bbox 121 4548 1709 4620">
    <p class='ocr_par' dir='ltr' id='par_1_34' title="bbox 121 4548 1709 4620">
     <span class='ocr_line' id='line_1_34' title="bbox 121 4548 1709 4620; baseline 0 -16"><span class='ocrx_word' id='word_1_214' title='bbox 121 4565 207 4617; x_wconf 85' lang='lat' dir='ltr'><strong>qua</strong></span> <span class='ocrx_word' id='word_1_215' title='bbox 247 4555 313 4609; x_wconf 87' lang='lat' dir='ltr'><strong>de</strong></span> <span class='ocrx_word' id='word_1_216' title='bbox 359 4570 564 4620; x_wconf 86' lang='lat' dir='ltr'><strong>causa,</strong></span> <span class='ocrx_word' id='word_1_217' title='bbox 613 4554 797 4608; x_wconf 89' lang='lat' dir='ltr'><strong>taliter</strong></span> <span class='ocrx_word' id='word_1_218' title='bbox 836 4562 965 4608; x_wconf 90' lang='lat' dir='ltr'><strong>sunt</strong></span> <span class='ocrx_word' id='word_1_219' title='bbox 1006 4550 1266 4606; x_wconf 71' lang='lat' dir='ltr'><strong>oblivioni</strong></span> <span class='ocrx_word' id='word_1_220' title='bbox 1314 4549 1523 4614; x_wconf 89' lang='lat' dir='ltr'><strong>traditi,</strong></span> <span class='ocrx_word' id='word_1_221' title='bbox 1564 4548 1709 4619; x_wconf 90' lang='lat' dir='ltr'><strong>quod</strong></span> 
     </span>
    </p>
   </div>
   <div class='ocr_carea' id='block_1_35' title="bbox 111 4642 1708 4719">
    <p class='ocr_par' dir='ltr' id='par_1_35' title="bbox 111 4642 1708 4719">
     <span class='ocr_line' id='line_1_35' title="bbox 111 4642 1708 4719; baseline -0.001 -21"><span class='ocrx_word' id='word_1_222' title='bbox 111 4646 245 4702; x_wconf 82' lang='lat' dir='ltr'><strong>nulla</strong></span> <span class='ocrx_word' id='word_1_223' title='bbox 268 4650 505 4719; x_wconf 86' lang='lat' dir='ltr'><strong>penitus</strong></span> <span class='ocrx_word' id='word_1_224' title='bbox 528 4664 596 4704; x_wconf 78' lang='lat' dir='ltr'><strong>ex</strong></span> <span class='ocrx_word' id='word_1_225' title='bbox 619 4648 701 4704; x_wconf 87' lang='lat' dir='ltr'><strong>eis</strong></span> <span class='ocrx_word' id='word_1_226' title='bbox 721 4646 985 4703; x_wconf 80' lang='lat' dir='ltr'><strong>memoria</strong></span> <span class='ocrx_word' id='word_1_227' title='bbox 1004 4660 1104 4714; x_wconf 89' lang='lat' dir='ltr'><strong>per</strong></span> <span class='ocrx_word' id='word_1_228' title='bbox 1126 4643 1360 4713; x_wconf 82' lang='lat' dir='ltr'><strong>aliquam</strong></span> <span class='ocrx_word' id='word_1_229' title='bbox 1385 4642 1708 4712; x_wconf 88' lang='lat' dir='ltr'><strong>scripturam</strong></span> 
     </span>
    </p>
   </div>
   <div class='ocr_carea' id='block_1_36' title="bbox 118 4735 460 4795">
    <p class='ocr_par' dir='ltr' id='par_1_36' title="bbox 118 4735 460 4795">
     <span class='ocr_line' id='line_1_36' title="bbox 118 4735 460 4795; baseline 0.015 -8"><span class='ocrx_word' id='word_1_230' title='bbox 118 4735 394 4795; x_wconf 86' lang='lat' dir='ltr'><strong>habeatur.</strong></span> <span class='ocrx_word' id='word_1_231' title='bbox 437 4759 460 4792; x_wconf 73' lang='grc' dir='ltr'><strong>ι</strong></span> 
     </span>
    </p>
   </div>
   <div class='ocr_carea' id='block_1_37' title="bbox 173 4829 1713 4902">
    <p class='ocr_par' dir='ltr' id='par_1_37' title="bbox 173 4829 1713 4902">
     <span class='ocr_line' id='line_1_37' title="bbox 173 4829 1713 4902; baseline -0.003 -19"><span class='ocrx_word' id='word_1_232' title='bbox 173 4829 223 4885; x_wconf 76' lang='lat'><strong>2.</strong></span> <span class='ocrx_word' id='word_1_233' title='bbox 265 4830 409 4888; x_wconf 86' lang='lat' dir='ltr'><strong>Cum</strong></span> <span class='ocrx_word' id='word_1_234' title='bbox 458 4832 641 4895; x_wconf 86' lang='lat' dir='ltr'><strong>enim,</strong></span> <span class='ocrx_word' id='word_1_235' title='bbox 673 4830 766 4902; x_wconf 85' lang='lat' dir='ltr'><strong>qui</strong></span> <span class='ocrx_word' id='word_1_236' title='bbox 798 4831 915 4885; x_wconf 61' lang='lat' dir='ltr'><strong>haec</strong></span> <span class='ocrx_word' id='word_1_237' title='bbox 951 4835 1240 4893; x_wconf 81' lang='lat' dir='ltr'><strong>memorat,</strong></span> <span class='ocrx_word' id='word_1_238' title='bbox 1282 4835 1472 4881; x_wconf 89' lang='lat' dir='ltr'><strong>auctor</strong></span> <span class='ocrx_word' id='word_1_239' title='bbox 1508 4841 1713 4898; x_wconf 86' lang='lat' dir='ltr'><strong>anony-</strong></span> 
     </span>
    </p>
   </div>
   <div class='ocr_carea' id='block_1_38' title="bbox 115 4917 1712 4992">
    <p class='ocr_par' dir='ltr' id='par_1_38' title="bbox 115 4917 1712 4992">
     <span class='ocr_line' id='line_1_38' title="bbox 115 4917 1712 4992; baseline -0.001 -21"><span class='ocrx_word' id='word_1_240' title='bbox 115 4933 224 4975; x_wconf 85' lang='lat' dir='ltr'><strong>mus</strong></span> <span class='ocrx_word' id='word_1_241' title='bbox 248 4925 353 4978; x_wconf 85' lang='lat' dir='ltr'><strong>sub</strong></span> <span class='ocrx_word' id='word_1_242' title='bbox 384 4923 589 4978; x_wconf 61' lang='lat' dir='ltr'><strong>seculi</strong></span> <span class='ocrx_word' id='word_1_243' title='bbox 627 4923 803 4992; x_wconf 82' lang='lat' dir='ltr'><strong>quinti</strong></span> <span class='ocrx_word' id='word_1_244' title='bbox 836 4920 1032 4975; x_wconf 86' lang='lat' dir='ltr'><strong>decimi</strong></span> <span class='ocrx_word' id='word_1_245' title='bbox 1068 4919 1302 4983; x_wconf 89' lang='lat' dir='ltr'><strong>initium,</strong></span> <span class='ocrx_word' id='word_1_246' title='bbox 1348 4919 1423 4971; x_wconf 88' lang='lat' dir='ltr'><strong>ttti</strong></span> <span class='ocrx_word' id='word_1_247' title='bbox 1458 4934 1602 4971; x_wconf 88' lang='lat' dir='ltr'><strong>nutu.</strong></span> <span class='ocrx_word' id='word_1_248' title='bbox 1648 4917 1712 4971; x_wconf 82' lang='lat' dir='ltr'><strong>i7</strong></span> 
     </span>
    </p>
   </div>
   <div class='ocr_carea' id='block_1_39' title="bbox 1785 2648 3377 2724">
    <p class='ocr_par' dir='ltr' id='par_1_39' title="bbox 1785 2648 3377 2724">
     <span class='ocr_line' id='line_1_39' title="bbox 1785 2648 3377 2724; baseline -0.003 -15"><span class='ocrx_word' id='word_1_249' title='bbox 1785 2663 1971 2724; x_wconf 79' lang='lat' dir='ltr'><strong>utpote</strong></span> <span class='ocrx_word' id='word_1_250' title='bbox 2019 2654 2075 2708; x_wconf 89' lang='lat' dir='ltr'><strong>itt</strong></span> <span class='ocrx_word' id='word_1_251' title='bbox 2118 2653 2317 2722; x_wconf 84' lang='lat' dir='ltr'><strong>quibus</strong></span> <span class='ocrx_word' id='word_1_252' title='bbox 2356 2666 2463 2707; x_wconf 87' lang='lat' dir='ltr'><strong>non</strong></span> <span class='ocrx_word' id='word_1_253' title='bbox 2506 2666 2698 2721; x_wconf 88' lang='lat' dir='ltr'><strong>pauca,</strong></span> <span class='ocrx_word' id='word_1_254' title='bbox 2743 2665 2865 2722; x_wconf 69' lang='lat' dir='ltr'><strong>quae</strong></span> <span class='ocrx_word' id='word_1_255' title='bbox 2908 2651 2974 2708; x_wconf 91' lang='lat' dir='ltr'><strong>de</strong></span> <span class='ocrx_word' id='word_1_256' title='bbox 3010 2650 3070 2707; x_wconf 81' lang='lat' dir='ltr'><strong>S.</strong></span> <span class='ocrx_word' id='word_1_257' title='bbox 3112 2648 3377 2723; x_wconf 28' lang='lat' dir='ltr'><strong>Brunone,</strong></span> 
     </span>
    </p>
   </div>
   <div class='ocr_carea' id='block_1_40' title="bbox 1788 2728 3371 2809">
    <p class='ocr_par' dir='ltr' id='par_1_40' title="bbox 1788 2728 3371 2809">
     <span class='ocr_line' id='line_1_40' title="bbox 1788 2728 3371 2809; baseline -0.003 -12"><span class='ocrx_word' id='word_1_258' title='bbox 1788 2751 2103 2809; x_wconf 82' lang='lat' dir='ltr'><strong>narrantur,</strong></span> <span class='ocrx_word' id='word_1_259' title='bbox 2133 2740 2545 2795; x_wconf 84' lang='lat' dir='ltr'><strong>fundamentum</strong></span> <span class='ocrx_word' id='word_1_260' title='bbox 2578 2739 2797 2807; x_wconf 89' lang='lat' dir='ltr'><strong>habent,</strong></span> <span class='ocrx_word' id='word_1_261' title='bbox 2830 2747 2991 2796; x_wconf 76' lang='lat' dir='ltr'><strong>tetate</strong></span> <span class='ocrx_word' id='word_1_262' title='bbox 3017 2728 3371 2797; x_wconf 80' lang='lat' dir='ltr'><strong>auctoritate—</strong></span> 
     </span>
    </p>
   </div>
   <div class='ocr_carea' id='block_1_41' title="bbox 1786 2826 3379 2902">
    <p class='ocr_par' dir='ltr' id='par_1_41' title="bbox 1786 2826 3379 2902">
     <span class='ocr_line' id='line_1_41' title="bbox 1786 2826 3379 2902; baseline 0.001 -17"><span class='ocrx_word' id='word_1_263' title='bbox 1786 2847 1892 2902; x_wconf 88' lang='lat' dir='ltr'><strong>que</strong></span> <span class='ocrx_word' id='word_1_264' title='bbox 1913 2829 2121 2899; x_wconf 85' lang='lat' dir='ltr'><strong>juverit</strong></span> <span class='ocrx_word' id='word_1_265' title='bbox 2153 2828 2412 2885; x_wconf 88' lang='lat' dir='ltr'><strong>lectorem</strong></span> <span class='ocrx_word' id='word_1_266' title='bbox 2438 2827 2720 2885; x_wconf 88' lang='lat' dir='ltr'><strong>edocuisse</strong></span> <span class='ocrx_word' id='word_1_267' title='bbox 2752 2828 2819 2883; x_wconf 91' lang='lat' dir='ltr'><strong>ab</strong></span> <span class='ocrx_word' id='word_1_268' title='bbox 2848 2826 2965 2899; x_wconf 90' lang='lat' dir='ltr'><strong>ipso</strong></span> <span class='ocrx_word' id='word_1_269' title='bbox 2993 2827 3177 2883; x_wconf 91' lang='lat' dir='ltr'><strong>statim</strong></span> <span class='ocrx_word' id='word_1_270' title='bbox 3214 2827 3379 2887; x_wconf 71' lang='lat' dir='ltr'><strong>initio,</strong></span> 
     </span>
    </p>
   </div>
   <div class='ocr_carea' id='block_1_42' title="bbox 1789 2917 3373 2993">
    <p class='ocr_par' dir='ltr' id='par_1_42' title="bbox 1789 2917 3373 2993">
     <span class='ocr_line' id='line_1_42' title="bbox 1789 2917 3373 2993; baseline -0.004 -14"><span class='ocrx_word' id='word_1_271' title='bbox 1789 2923 1950 2993; x_wconf 87' lang='lat' dir='ltr'><strong>hujus</strong></span> <span class='ocrx_word' id='word_1_272' title='bbox 1978 2921 2394 2986; x_wconf 86' lang='lat' dir='ltr'><strong>Commentarii,</strong></span> <span class='ocrx_word' id='word_1_273' title='bbox 2442 2920 2495 2974; x_wconf 90' lang='lat' dir='ltr'><strong>in</strong></span> <span class='ocrx_word' id='word_1_274' title='bbox 2540 2935 2647 2990; x_wconf 89' lang='lat' dir='ltr'><strong>quo</strong></span> <span class='ocrx_word' id='word_1_275' title='bbox 2696 2917 2883 2976; x_wconf 88' lang='lat' dir='ltr'><strong>Sancti</strong></span> <span class='ocrx_word' id='word_1_276' title='bbox 2932 2918 3175 2990; x_wconf 81' lang='lat' dir='ltr'><strong>ejusdem</strong></span> <span class='ocrx_word' id='word_1_277' title='bbox 3218 2925 3373 2991; x_wconf 75' lang='lat' dir='ltr'><strong>gesta</strong></span> 
     </span>
    </p>
   </div>
   <div class='ocr_carea' id='block_1_43' title="bbox 1788 3000 2989 3081">
    <p class='ocr_par' dir='ltr' id='par_1_43' title="bbox 1788 3000 2989 3081">
     <span class='ocr_line' id='line_1_43' title="bbox 1788 3000 2989 3081; baseline -0.007 -8"><span class='ocrx_word' id='word_1_278' title='bbox 1788 3017 1974 3074; x_wconf 86' lang='lat' dir='ltr'><strong>omnia</strong></span> <span class='ocrx_word' id='word_1_279' title='bbox 2006 3000 2365 3080; x_wconf 82' lang='lat' dir='ltr'><strong>discutienda,</strong></span> <span class='ocrx_word' id='word_1_280' title='bbox 2391 3011 2821 3081; x_wconf 83' lang='lat' dir='ltr'><strong>illustrandaque</strong></span> <span class='ocrx_word' id='word_1_281' title='bbox 2843 3021 2989 3067; x_wconf 89' lang='lat' dir='ltr'><strong>sunt.</strong></span> 
     </span>
    </p>
   </div>
   <div class='ocr_carea' id='block_1_44' title="bbox 1863 3098 3375 3171">
    <p class='ocr_par' dir='ltr' id='par_1_44' title="bbox 1863 3098 3375 3171">
     <span class='ocr_line' id='line_1_44' title="bbox 1863 3098 3375 3171; baseline -0.004 -13"><span class='ocrx_word' id='word_1_282' title='bbox 1863 3105 1915 3159; x_wconf 77' lang='lat'><strong>3.</strong></span> <span class='ocrx_word' id='word_1_283' title='bbox 1952 3104 2002 3157; x_wconf 81' lang='grc' dir='ltr'>Α</span> <span class='ocrx_word' id='word_1_284' title='bbox 2043 3102 2314 3158; x_wconf 88' lang='lat' dir='ltr'><strong>Chronico</strong></span> <span class='ocrx_word' id='word_1_285' title='bbox 2354 3100 2707 3156; x_wconf 84' lang='lat' dir='ltr'><strong>eoutractiori</strong></span> <span class='ocrx_word' id='word_1_286' title='bbox 2740 3099 2963 3171; x_wconf 90' lang='lat' dir='ltr'><strong>incipio.</strong></span> <span class='ocrx_word' id='word_1_287' title='bbox 3008 3098 3259 3154; x_wconf 80' lang='lat' dir='ltr'><strong>Labbeus</strong></span> <span class='ocrx_word' id='word_1_288' title='bbox 3285 3098 3375 3152; x_wconf 83' lang='lat' dir='ltr'><strong>Bi-</strong></span> 
     </span>
    </p>
   </div>
   <div class='ocr_carea' id='block_1_45' title="bbox 1792 3185 3379 3258">
    <p class='ocr_par' dir='ltr' id='par_1_45' title="bbox 1792 3185 3379 3258">
     <span class='ocr_line' id='line_1_45' title="bbox 1792 3185 3379 3258; baseline -0.003 -11"><span class='ocrx_word' id='word_1_289' title='bbox 1792 3193 2079 3247; x_wconf 68' lang='lat' dir='ltr'><strong>bliotheca:</strong></span> <span class='ocrx_word' id='word_1_290' title='bbox 2103 3190 2267 3243; x_wconf 79' lang='lat' dir='ltr'><strong>Nova:</strong></span> <span class='ocrx_word' id='word_1_291' title='bbox 2297 3190 2561 3242; x_wconf 84' lang='lat' dir='ltr'><strong>librorum</strong></span> <span class='ocrx_word' id='word_1_292' title='bbox 2606 3202 2734 3241; x_wconf 88' lang='lat' dir='ltr'><strong>mss.</strong></span> <span class='ocrx_word' id='word_1_293' title='bbox 2767 3196 2897 3241; x_wconf 92' lang='lat' dir='ltr'><strong>tom.</strong></span> <span class='ocrx_word' id='word_1_294' title='bbox 2938 3185 2983 3253; x_wconf 84' lang='grc' dir='ltr'><strong>Ι,</strong></span> <span class='ocrx_word' id='word_1_295' title='bbox 3022 3201 3149 3258; x_wconf 79' lang='lat' dir='ltr'><strong>pag.</strong></span> <span class='ocrx_word' id='word_1_296' title='bbox 3189 3185 3292 3243; x_wconf 75' lang='lat'><strong>638</strong></span> <span class='ocrx_word' id='word_1_297' title='bbox 3321 3198 3379 3242; x_wconf 85' lang='lat' dir='ltr'><strong>et</strong></span> 
     </span>
    </p>
   </div>
   <div class='ocr_carea' id='block_1_46' title="bbox 1794 3273 3373 3348">
    <p class='ocr_par' dir='ltr' id='par_1_46' title="bbox 1794 3273 3373 3348">
     <span class='ocr_line' id='line_1_46' title="bbox 1794 3273 3373 3348; baseline -0.003 -14"><span class='ocrx_word' id='word_1_298' title='bbox 1794 3280 1937 3336; x_wconf 85' lang='lat' dir='ltr'><strong>binis</strong></span> <span class='ocrx_word' id='word_1_299' title='bbox 1954 3293 2112 3348; x_wconf 84' lang='lat' dir='ltr'><strong>seqq.</strong></span> <span class='ocrx_word' id='word_1_300' title='bbox 2140 3277 2282 3332; x_wconf 84' lang='lat' dir='ltr'><strong>inter</strong></span> <span class='ocrx_word' id='word_1_301' title='bbox 2310 3275 2580 3347; x_wconf 85' lang='lat' dir='ltr'><strong>Opuscttla</strong></span> <span class='ocrx_word' id='word_1_302' title='bbox 2606 3273 2878 3331; x_wconf 85' lang='lat' dir='ltr'><strong>llistorica</strong></span> <span class='ocrx_word' id='word_1_303' title='bbox 2900 3292 2934 3333; x_wconf 88' lang='lat' dir='ltr'><strong>e</strong></span> <span class='ocrx_word' id='word_1_304' title='bbox 2961 3275 3154 3333; x_wconf 89' lang='lat' dir='ltr'><strong>codice</strong></span> <span class='ocrx_word' id='word_1_305' title='bbox 3181 3292 3285 3333; x_wconf 88' lang='lat' dir='ltr'><strong>ms.</strong></span> <span class='ocrx_word' id='word_1_306' title='bbox 3314 3277 3373 3332; x_wconf 91' lang='lat' dir='ltr'><strong>S.</strong></span> 
     </span>
    </p>
   </div>
   <div class='ocr_carea' id='block_1_47' title="bbox 1797 3366 3375 3441">
    <p class='ocr_par' dir='ltr' id='par_1_47' title="bbox 1797 3366 3375 3441">
     <span class='ocr_line' id='line_1_47' title="bbox 1797 3366 3375 3441; baseline -0.003 -16"><span class='ocrx_word' id='word_1_307' title='bbox 1797 3369 2026 3441; x_wconf 76' lang='lat' dir='ltr'><strong>Remigii</strong></span> <span class='ocrx_word' id='word_1_308' title='bbox 2068 3367 2355 3425; x_wconf 83' lang='lat' dir='ltr'><strong>Remensis</strong></span> <span class='ocrx_word' id='word_1_309' title='bbox 2378 3376 2626 3423; x_wconf 83' lang='lat' dir='ltr'><strong>recenset</strong></span> <span class='ocrx_word' id='word_1_310' title='bbox 2664 3366 2905 3438; x_wconf 84' lang='lat' dir='ltr'><strong>quinque</strong></span> <span class='ocrx_word' id='word_1_311' title='bbox 2930 3367 3107 3439; x_wconf 80' lang='lat' dir='ltr'><strong>elogia</strong></span> <span class='ocrx_word' id='word_1_312' title='bbox 3138 3368 3375 3433; x_wconf 82' lang='lat' dir='ltr'><strong>diversa,</strong></span> 
     </span>
    </p>
   </div>
   <div class='ocr_carea' id='block_1_48' title="bbox 1796 3457 3377 3532">
    <p class='ocr_par' dir='ltr' id='par_1_48' title="bbox 1796 3457 3377 3532">
     <span class='ocr_line' id='line_1_48' title="bbox 1796 3457 3377 3532; baseline -0.001 -17"><span class='ocrx_word' id='word_1_313' title='bbox 1796 3476 2027 3532; x_wconf 90' lang='lat' dir='ltr'><strong>quorum</strong></span> <span class='ocrx_word' id='word_1_314' title='bbox 2058 3460 2235 3531; x_wconf 90' lang='lat' dir='ltr'><strong>primo</strong></span> <span class='ocrx_word' id='word_1_315' title='bbox 2273 3474 2362 3514; x_wconf 87' lang='lat' dir='ltr'><strong>res</strong></span> <span class='ocrx_word' id='word_1_316' title='bbox 2398 3458 2687 3530; x_wconf 64' lang='lat' dir='ltr'><strong>praecipuae</strong></span> <span class='ocrx_word' id='word_1_317' title='bbox 2732 3473 2762 3513; x_wconf 88' lang='lat' dir='ltr'><strong>a</strong></span> <span class='ocrx_word' id='word_1_318' title='bbox 2805 3457 2865 3515; x_wconf 91' lang='lat' dir='ltr'><strong>S.</strong></span> <span class='ocrx_word' id='word_1_319' title='bbox 2904 3458 3161 3515; x_wconf 87' lang='lat' dir='ltr'><strong>Brunone</strong></span> <span class='ocrx_word' id='word_1_320' title='bbox 3188 3470 3377 3531; x_wconf 74' lang='lat' dir='ltr'><strong>gestae,</strong></span> 
     </span>
    </p>
   </div>
   <div class='ocr_carea' id='block_1_49' title="bbox 1791 3550 3381 3625">
    <p class='ocr_par' dir='ltr' id='par_1_49' title="bbox 1791 3550 3381 3625">
     <span class='ocr_line' id='line_1_49' title="bbox 1791 3550 3381 3625; baseline -0.002 -16"><span class='ocrx_word' id='word_1_321' title='bbox 1791 3553 2023 3625; x_wconf 86' lang='lat' dir='ltr'><strong>reliquis</strong></span> <span class='ocrx_word' id='word_1_322' title='bbox 2069 3567 2220 3618; x_wconf 84' lang='lat' dir='ltr'><strong>vero,</strong></span> <span class='ocrx_word' id='word_1_323' title='bbox 2265 3567 2386 3623; x_wconf 75' lang='lat' dir='ltr'><strong>quae</strong></span> <span class='ocrx_word' id='word_1_324' title='bbox 2434 3550 2502 3607; x_wconf 88' lang='lat' dir='ltr'><strong>ad</strong></span> <span class='ocrx_word' id='word_1_325' title='bbox 2550 3561 2785 3623; x_wconf 85' lang='lat' dir='ltr'><strong>quatuor</strong></span> <span class='ocrx_word' id='word_1_326' title='bbox 2829 3550 2947 3621; x_wconf 84' lang='lat' dir='ltr'><strong>ejus</strong></span> <span class='ocrx_word' id='word_1_327' title='bbox 2997 3552 3273 3622; x_wconf 81' lang='lat' dir='ltr'><strong>proximos</strong></span> <span class='ocrx_word' id='word_1_328' title='bbox 3326 3552 3381 3607; x_wconf 89' lang='lat' dir='ltr'><strong>in</strong></span> 
     </span>
    </p>
   </div>
   <div class='ocr_carea' id='block_1_50' title="bbox 1729 3639 3377 3715">
    <p class='ocr_par' dir='ltr' id='par_1_50' title="bbox 1729 3639 3377 3715">
     <span class='ocr_line' id='line_1_50' title="bbox 1729 3639 3377 3715; baseline -0.002 -14"><span class='ocrx_word' id='word_1_329' title='bbox 1729 3639 1774 3701; x_wconf 84' lang='grc' dir='ltr'><strong>Β</strong></span> <span class='ocrx_word' id='word_1_330' title='bbox 1802 3645 2107 3701; x_wconf 83' lang='lat' dir='ltr'><strong>Carthusiae</strong></span> <span class='ocrx_word' id='word_1_331' title='bbox 2144 3644 2365 3715; x_wconf 88' lang='lat' dir='ltr'><strong>majoris</strong></span> <span class='ocrx_word' id='word_1_332' title='bbox 2401 3643 2649 3714; x_wconf 90' lang='lat' dir='ltr'><strong>prioratu</strong></span> <span class='ocrx_word' id='word_1_333' title='bbox 2694 3656 3040 3699; x_wconf 90' lang='lat' dir='ltr'><strong>successores</strong></span> <span class='ocrx_word' id='word_1_334' title='bbox 3085 3642 3377 3713; x_wconf 90' lang='lat' dir='ltr'><strong>pertinent,</strong></span> 
     </span>
    </p>
   </div>
   <div class='ocr_carea' id='block_1_51' title="bbox 128 3723 1743 3798">
    <p class='ocr_par' dir='ltr' id='par_1_51' title="bbox 128 3723 1743 3798">
     <span class='ocr_line' id='line_1_51' title="bbox 128 3723 1743 3798; baseline -0.005 -14"><span class='ocrx_word' id='word_1_335' title='bbox 128 3746 283 3787; x_wconf 75' lang='lat' dir='ltr'><strong>meum</strong></span> <span class='ocrx_word' id='word_1_336' title='bbox 308 3747 574 3790; x_wconf 87' lang='lat' dir='ltr'><strong>secessus</strong></span> <span class='ocrx_word' id='word_1_337' title='bbox 605 3731 659 3785; x_wconf 92' lang='lat' dir='ltr'><strong>in</strong></span> <span class='ocrx_word' id='word_1_338' title='bbox 692 3726 999 3798; x_wconf 78' lang='lat' dir='ltr'><strong>exemplum</strong></span> <span class='ocrx_word' id='word_1_339' title='bbox 1034 3723 1539 3789; x_wconf 84' lang='lat' dir='ltr'><strong>communicandas,</strong></span> <span class='ocrx_word' id='word_1_340' title='bbox 1567 3736 1701 3777; x_wconf 86' lang='lat' dir='ltr'><strong>con-</strong></span> <span class='ocrx_word' id='word_1_341' title='bbox 1740 3760 1743 3765; x_wconf 63' lang='grc' dir='ltr'><strong><em>ρ</em></strong></span> 
     </span>
    </p>
   </div>
   <div class='ocr_carea' id='block_1_52' title="bbox 1803 3733 3385 3805">
    <p class='ocr_par' dir='ltr' id='par_1_52' title="bbox 1803 3733 3385 3805">
     <span class='ocr_line' id='line_1_52' title="bbox 1803 3733 3385 3805; baseline -0.001 -14"><span class='ocrx_word' id='word_1_342' title='bbox 1803 3735 2115 3792; x_wconf 88' lang='lat' dir='ltr'><strong>summatim</strong></span> <span class='ocrx_word' id='word_1_343' title='bbox 2149 3735 2513 3790; x_wconf 87' lang='lat' dir='ltr'><strong>continentur.</strong></span> <span class='ocrx_word' id='word_1_344' title='bbox 2548 3733 2749 3805; x_wconf 82' lang='lat' dir='ltr'><strong>Elogiis</strong></span> <span class='ocrx_word' id='word_1_345' title='bbox 2784 3734 2837 3789; x_wconf 89' lang='lat' dir='ltr'><strong>in</strong></span> <span class='ocrx_word' id='word_1_346' title='bbox 2878 3733 3055 3804; x_wconf 87' lang='lat' dir='ltr'><strong>capite</strong></span> <span class='ocrx_word' id='word_1_347' title='bbox 3088 3735 3385 3805; x_wconf 61' lang='lat' dir='ltr'><strong>prmfigitur</strong></span> 
     </span>
    </p>
   </div>
   <div class='ocr_carea' id='block_1_53' title="bbox 1804 3823 3387 3883">
    <p class='ocr_par' dir='ltr' id='par_1_53' title="bbox 1804 3823 3387 3883">
     <span class='ocr_line' id='line_1_53' title="bbox 1804 3823 3387 3883; baseline 0.001 -2"><span class='ocrx_word' id='word_1_348' title='bbox 1804 3826 1893 3881; x_wconf 89' lang='lat' dir='ltr'><strong>hic</strong></span> <span class='ocrx_word' id='word_1_349' title='bbox 1915 3824 2102 3879; x_wconf 87' lang='lat' dir='ltr'><strong>titulus</strong></span> <span class='ocrx_word' id='word_1_350' title='bbox 2134 3841 2146 3879; x_wconf 90' lang='lat'><strong>:</strong></span> <span class='ocrx_word' id='word_1_351' title='bbox 2177 3841 2195 3877; x_wconf 86' lang='lat' dir='ltr'><strong>t</strong></span> <span class='ocrx_word' id='word_1_352' title='bbox 2236 3825 2312 3879; x_wconf 89' lang='lat' dir='ltr'><strong>De</strong></span> <span class='ocrx_word' id='word_1_353' title='bbox 2336 3823 2771 3879; x_wconf 90' lang='lat' dir='ltr'><strong>institutionibus</strong></span> <span class='ocrx_word' id='word_1_354' title='bbox 2797 3825 3007 3880; x_wconf 88' lang='lat' dir='ltr'><strong>ordinis</strong></span> <span class='ocrx_word' id='word_1_355' title='bbox 3035 3824 3387 3883; x_wconf 83' lang='lat' dir='ltr'><strong>Carthusien-</strong></span> 
     </span>
    </p>
   </div>
   <div class='ocr_carea' id='block_1_54' title="bbox 1805 3913 3387 3988">
    <p class='ocr_par' dir='ltr' id='par_1_54' title="bbox 1805 3913 3387 3988">
     <span class='ocr_line' id='line_1_54' title="bbox 1805 3913 3387 3988; baseline 0.001 -18"><span class='ocrx_word' id='word_1_356' title='bbox 1805 3916 1923 3971; x_wconf 87' lang='lat' dir='ltr'><strong>sis:</strong></span> <span class='ocrx_word' id='word_1_357' title='bbox 1964 3933 1984 3967; x_wconf 72' lang='grc' dir='ltr'><strong>ι</strong></span> <span class='ocrx_word' id='word_1_358' title='bbox 2018 3928 2205 3969; x_wconf 82' lang='lat' dir='ltr'><strong>verum</strong></span> <span class='ocrx_word' id='word_1_359' title='bbox 2236 3928 2359 3969; x_wconf 91' lang='lat' dir='ltr'><strong>cum</strong></span> <span class='ocrx_word' id='word_1_360' title='bbox 2391 3914 2444 3969; x_wconf 95' lang='lat' dir='ltr'><strong>in</strong></span> <span class='ocrx_word' id='word_1_361' title='bbox 2475 3913 2740 3970; x_wconf 89' lang='lat' dir='ltr'><strong>librorum</strong></span> <span class='ocrx_word' id='word_1_362' title='bbox 2774 3914 3018 3986; x_wconf 85' lang='lat' dir='ltr'><strong>Syllabo,</strong></span> <span class='ocrx_word' id='word_1_363' title='bbox 3048 3932 3209 3987; x_wconf 91' lang='lat' dir='ltr'><strong>quem</strong></span> <span class='ocrx_word' id='word_1_364' title='bbox 3244 3932 3387 3988; x_wconf 66' lang='lat' dir='ltr'><strong>prmo</strong></span> 
     </span>
    </p>
   </div>
   <div class='ocr_carea' id='block_1_55' title="bbox 1807 4004 3386 4080">
    <p class='ocr_par' dir='ltr' id='par_1_55' title="bbox 1807 4004 3386 4080">
     <span class='ocr_line' id='line_1_55' title="bbox 1807 4004 3386 4080; baseline 0.002 -18"><span class='ocrx_word' id='word_1_365' title='bbox 1807 4006 1950 4062; x_wconf 82' lang='lat' dir='ltr'><strong>fatus</strong></span> <span class='ocrx_word' id='word_1_366' title='bbox 1986 4004 2248 4062; x_wconf 89' lang='lat' dir='ltr'><strong>librorum</strong></span> <span class='ocrx_word' id='word_1_367' title='bbox 2278 4020 2409 4062; x_wconf 86' lang='lat' dir='ltr'><strong>mss.</strong></span> <span class='ocrx_word' id='word_1_368' title='bbox 2440 4014 2618 4063; x_wconf 91' lang='lat' dir='ltr'><strong>tomus</strong></span> <span class='ocrx_word' id='word_1_369' title='bbox 2644 4005 2886 4079; x_wconf 82' lang='lat' dir='ltr'><strong>praefert,</strong></span> <span class='ocrx_word' id='word_1_370' title='bbox 2916 4017 3037 4080; x_wconf 89' lang='lat' dir='ltr'><strong>post</strong></span> <span class='ocrx_word' id='word_1_371' title='bbox 3058 4012 3174 4065; x_wconf 65' lang='lat' dir='ltr'><strong>haec.</strong></span> <span class='ocrx_word' id='word_1_372' title='bbox 3196 4013 3386 4079; x_wconf 53' lang='lat' dir='ltr'><strong>verba,</strong></span> 
     </span>
    </p>
   </div>
   <div class='ocr_carea' id='block_1_56' title="bbox 1813 4094 3388 4163">
    <p class='ocr_par' dir='ltr' id='par_1_56' title="bbox 1813 4094 3388 4163">
     <span class='ocr_line' id='line_1_56' title="bbox 1813 4094 3388 4163; baseline 0.005 -15"><span class='ocrx_word' id='word_1_373' title='bbox 1813 4115 1832 4148; x_wconf 73' lang='grc' dir='ltr'><strong>ι</strong></span> <span class='ocrx_word' id='word_1_374' title='bbox 1875 4095 1951 4151; x_wconf 87' lang='lat' dir='ltr'><strong>De</strong></span> <span class='ocrx_word' id='word_1_375' title='bbox 1979 4094 2413 4151; x_wconf 86' lang='lat' dir='ltr'><strong>lnstitutiouibtts</strong></span> <span class='ocrx_word' id='word_1_376' title='bbox 2442 4097 2650 4154; x_wconf 83' lang='lat' dir='ltr'><strong>ordinis</strong></span> <span class='ocrx_word' id='word_1_377' title='bbox 2680 4098 3105 4163; x_wconf 88' lang='lat' dir='ltr'><strong>Carthusiensis,</strong></span> <span class='ocrx_word' id='word_1_378' title='bbox 3145 4120 3164 4153; x_wconf 77' lang='grc' dir='ltr'><strong>ι</strong></span> <span class='ocrx_word' id='word_1_379' title='bbox 3205 4104 3388 4156; x_wconf 86' lang='lat' dir='ltr'><strong>statim</strong></span> 
     </span>
    </p>
   </div>
   <div class='ocr_carea' id='block_1_57' title="bbox 1809 4186 3392 4257">
    <p class='ocr_par' dir='ltr' id='par_1_57' title="bbox 1809 4186 3392 4257">
     <span class='ocr_line' id='line_1_57' title="bbox 1809 4186 3392 4257; baseline 0.004 -16"><span class='ocrx_word' id='word_1_380' title='bbox 1809 4196 2075 4257; x_wconf 89' lang='lat' dir='ltr'><strong>ponatur,</strong></span> <span class='ocrx_word' id='word_1_381' title='bbox 2120 4203 2139 4239; x_wconf 84' lang='lat' dir='ltr'><strong>t</strong></span> <span class='ocrx_word' id='word_1_382' title='bbox 2191 4186 2305 4242; x_wconf 83' lang='lat' dir='ltr'><strong>sive</strong></span> <span class='ocrx_word' id='word_1_383' title='bbox 2344 4186 2411 4243; x_wconf 91' lang='lat' dir='ltr'><strong>de</strong></span> <span class='ocrx_word' id='word_1_384' title='bbox 2454 4187 2516 4245; x_wconf 88' lang='lat' dir='ltr'><strong>S.</strong></span> <span class='ocrx_word' id='word_1_385' title='bbox 2546 4189 2818 4255; x_wconf 85' lang='lat' dir='ltr'><strong>Brunone,</strong></span> <span class='ocrx_word' id='word_1_386' title='bbox 2864 4191 2930 4246; x_wconf 90' lang='lat' dir='ltr'><strong>de</strong></span> <span class='ocrx_word' id='word_1_387' title='bbox 2976 4190 3280 4257; x_wconf 87' lang='lat' dir='ltr'><strong>Landuino,</strong></span> <span class='ocrx_word' id='word_1_388' title='bbox 3325 4194 3392 4247; x_wconf 78' lang='lat' dir='ltr'><strong>de</strong></span> 
     </span>
    </p>
   </div>
   <div class='ocr_carea' id='block_1_58' title="bbox 1811 4276 3391 4352">
    <p class='ocr_par' dir='ltr' id='par_1_58' title="bbox 1811 4276 3391 4352">
     <span class='ocr_line' id='line_1_58' title="bbox 1811 4276 3391 4352; baseline 0.002 -18"><span class='ocrx_word' id='word_1_389' title='bbox 1811 4276 1972 4334; x_wconf 82' lang='lat' dir='ltr'><strong>Petro</strong></span> <span class='ocrx_word' id='word_1_390' title='bbox 2009 4277 2319 4346; x_wconf 89' lang='lat' dir='ltr'><strong>Fraucisco,</strong></span> <span class='ocrx_word' id='word_1_391' title='bbox 2370 4278 2435 4336; x_wconf 89' lang='lat' dir='ltr'><strong>dc</strong></span> <span class='ocrx_word' id='word_1_392' title='bbox 2472 4280 2680 4337; x_wconf 80' lang='lat' dir='ltr'><strong>Joanne</strong></span> <span class='ocrx_word' id='word_1_393' title='bbox 2717 4279 2916 4348; x_wconf 87' lang='lat' dir='ltr'><strong>Tusco,</strong></span> <span class='ocrx_word' id='word_1_394' title='bbox 2968 4297 3031 4336; x_wconf 89' lang='lat' dir='ltr'><strong>ac</strong></span> <span class='ocrx_word' id='word_1_395' title='bbox 3074 4281 3320 4352; x_wconf 78' lang='lat' dir='ltr'><strong>Gnigoue</strong></span> <span class='ocrx_word' id='word_1_396' title='bbox 3361 4300 3391 4337; x_wconf 87' lang='lat' dir='ltr'><strong>a</strong></span> 
     </span>
    </p>
   </div>
   <div class='ocr_carea' id='block_1_59' title="bbox 1813 4370 3393 4442">
    <p class='ocr_par' dir='ltr' id='par_1_59' title="bbox 1813 4370 3393 4442">
     <span class='ocr_line' id='line_1_59' title="bbox 1813 4370 3393 4442; baseline 0.002 -17"><span class='ocrx_word' id='word_1_397' title='bbox 1813 4379 2001 4426; x_wconf 88' lang='lat' dir='ltr'><strong>sancto</strong></span> <span class='ocrx_word' id='word_1_398' title='bbox 2034 4370 2297 4435; x_wconf 72' lang='lat' dir='ltr'><strong>liornano,</strong></span> <span class='ocrx_word' id='word_1_399' title='bbox 2334 4372 2526 4441; x_wconf 88' lang='lat' dir='ltr'><strong>primis</strong></span> <span class='ocrx_word' id='word_1_400' title='bbox 2559 4373 2864 4427; x_wconf 70' lang='lat' dir='ltr'><strong>Carthasim</strong></span> <span class='ocrx_word' id='word_1_401' title='bbox 2899 4370 3193 4442; x_wconf 87' lang='lat' dir='ltr'><strong>prioribus,</strong></span> <span class='ocrx_word' id='word_1_402' title='bbox 3228 4393 3247 4425; x_wconf 77' lang='grc' dir='ltr'><strong>ι</strong></span> <span class='ocrx_word' id='word_1_403' title='bbox 3296 4387 3393 4428; x_wconf 89' lang='lat' dir='ltr'><strong>ne-</strong></span> 
     </span>
    </p>
   </div>
   <div class='ocr_carea' id='block_1_60' title="bbox 1814 4462 3393 4536">
    <p class='ocr_par' dir='ltr' id='par_1_60' title="bbox 1814 4462 3393 4536">
     <span class='ocr_line' id='line_1_60' title="bbox 1814 4462 3393 4536; baseline 0.001 -18"><span class='ocrx_word' id='word_1_404' title='bbox 1814 4462 1944 4527; x_wconf 78' lang='lat' dir='ltr'><strong>scio,</strong></span> <span class='ocrx_word' id='word_1_405' title='bbox 1978 4479 2044 4517; x_wconf 91' lang='lat' dir='ltr'><strong>an</strong></span> <span class='ocrx_word' id='word_1_406' title='bbox 2075 4477 2174 4533; x_wconf 90' lang='lat' dir='ltr'><strong>pro</strong></span> <span class='ocrx_word' id='word_1_407' title='bbox 2201 4482 2218 4513; x_wconf 69' lang='grc'><strong>(</strong></span> <span class='ocrx_word' id='word_1_408' title='bbox 2253 4463 2681 4517; x_wconf 81' lang='lat' dir='ltr'><strong>institutionibus</strong></span> <span class='ocrx_word' id='word_1_409' title='bbox 2712 4483 2729 4514; x_wconf 74' lang='grc' dir='ltr'><strong>ι</strong></span> <span class='ocrx_word' id='word_1_410' title='bbox 2764 4464 3050 4533; x_wconf 78' lang='lat' dir='ltr'><strong>legendum</strong></span> <span class='ocrx_word' id='word_1_411' title='bbox 3073 4464 3255 4536; x_wconf 88' lang='lat' dir='ltr'><strong>potius</strong></span> <span class='ocrx_word' id='word_1_412' title='bbox 3286 4483 3393 4520; x_wconf 88' lang='lat' dir='ltr'><strong>non</strong></span> 
     </span>
    </p>
   </div>
   <div class='ocr_carea' id='block_1_61' title="bbox 1814 4549 3393 4619">
    <p class='ocr_par' dir='ltr' id='par_1_61' title="bbox 1814 4549 3393 4619">
     <span class='ocr_line' id='line_1_61' title="bbox 1814 4549 3393 4619; baseline 0.002 -13"><span class='ocrx_word' id='word_1_413' title='bbox 1814 4552 1885 4606; x_wconf 89' lang='lat' dir='ltr'><strong>sit</strong></span> <span class='ocrx_word' id='word_1_414' title='bbox 1931 4571 1949 4601; x_wconf 75' lang='grc' dir='ltr'><strong>ι</strong></span> <span class='ocrx_word' id='word_1_415' title='bbox 1996 4550 2418 4605; x_wconf 90' lang='lat' dir='ltr'><strong>institutoribus.</strong></span> <span class='ocrx_word' id='word_1_416' title='bbox 2466 4569 2485 4602; x_wconf 73' lang='grc' dir='ltr'><strong>ι</strong></span> <span class='ocrx_word' id='word_1_417' title='bbox 2534 4549 2735 4605; x_wconf 79' lang='lat' dir='ltr'><strong>Verum</strong></span> <span class='ocrx_word' id='word_1_418' title='bbox 2779 4553 2922 4607; x_wconf 88' lang='lat' dir='ltr'><strong>sitne</strong></span> <span class='ocrx_word' id='word_1_419' title='bbox 2960 4552 3060 4619; x_wconf 87' lang='lat' dir='ltr'><strong>ita,</strong></span> <span class='ocrx_word' id='word_1_420' title='bbox 3103 4569 3173 4610; x_wconf 88' lang='lat' dir='ltr'><strong>an</strong></span> <span class='ocrx_word' id='word_1_421' title='bbox 3210 4569 3393 4619; x_wconf 82' lang='lat' dir='ltr'><strong>secus,</strong></span> 
     </span>
    </p>
   </div>
   <div class='ocr_carea' id='block_1_62' title="bbox 1816 4639 3395 4713">
    <p class='ocr_par' dir='ltr' id='par_1_62' title="bbox 1816 4639 3395 4713">
     <span class='ocr_line' id='line_1_62' title="bbox 1816 4639 3395 4713; baseline 0 -16"><span class='ocrx_word' id='word_1_422' title='bbox 1816 4658 2007 4713; x_wconf 77' lang='lat' dir='ltr'><strong>parum</strong></span> <span class='ocrx_word' id='word_1_423' title='bbox 2040 4642 2225 4704; x_wconf 86' lang='lat' dir='ltr'><strong>refert,</strong></span> <span class='ocrx_word' id='word_1_424' title='bbox 2258 4654 2324 4693; x_wconf 90' lang='lat' dir='ltr'><strong>ac</strong></span> <span class='ocrx_word' id='word_1_425' title='bbox 2346 4639 2521 4709; x_wconf 90' lang='lat' dir='ltr'><strong>proin,</strong></span> <span class='ocrx_word' id='word_1_426' title='bbox 2553 4639 2791 4696; x_wconf 81' lang='lat' dir='ltr'><strong>breviter</strong></span> <span class='ocrx_word' id='word_1_427' title='bbox 2817 4643 2920 4698; x_wconf 90' lang='lat' dir='ltr'><strong>hoc</strong></span> <span class='ocrx_word' id='word_1_428' title='bbox 2947 4653 3157 4710; x_wconf 92' lang='lat' dir='ltr'><strong>notato,</strong></span> <span class='ocrx_word' id='word_1_429' title='bbox 3184 4646 3251 4699; x_wconf 89' lang='lat' dir='ltr'><strong>ad</strong></span> <span class='ocrx_word' id='word_1_430' title='bbox 3282 4662 3395 4701; x_wconf 82' lang='lat' dir='ltr'><strong>rent</strong></span> 
     </span>
    </p>
   </div>
   <div class='ocr_carea' id='block_1_63' title="bbox 1817 4731 3399 4805">
    <p class='ocr_par' dir='ltr' id='par_1_63' title="bbox 1817 4731 3399 4805">
     <span class='ocr_line' id='line_1_63' title="bbox 1817 4731 3399 4805; baseline 0 -17"><span class='ocrx_word' id='word_1_431' title='bbox 1817 4734 1991 4804; x_wconf 83' lang='lat' dir='ltr'><strong>ipsam</strong></span> <span class='ocrx_word' id='word_1_432' title='bbox 2043 4732 2348 4796; x_wconf 89' lang='lat' dir='ltr'><strong>redeamus,</strong></span> <span class='ocrx_word' id='word_1_433' title='bbox 2397 4744 2646 4800; x_wconf 89' lang='lat' dir='ltr'><strong>nuncque</strong></span> <span class='ocrx_word' id='word_1_434' title='bbox 2694 4731 2748 4786; x_wconf 91' lang='lat' dir='ltr'><strong>in</strong></span> <span class='ocrx_word' id='word_1_435' title='bbox 2807 4740 3051 4804; x_wconf 90' lang='lat' dir='ltr'><strong>tempus,</strong></span> <span class='ocrx_word' id='word_1_436' title='bbox 3098 4750 3206 4805; x_wconf 89' lang='lat' dir='ltr'><strong>quo</strong></span> <span class='ocrx_word' id='word_1_437' title='bbox 3256 4735 3399 4790; x_wconf 83' lang='lat' dir='ltr'><strong>dicta</strong></span> 
     </span>
    </p>
   </div>
   <div class='ocr_carea' id='block_1_64' title="bbox 1815 4822 3402 4897">
    <p class='ocr_par' dir='ltr' id='par_1_64' title="bbox 1815 4822 3402 4897">
     <span class='ocr_line' id='line_1_64' title="bbox 1815 4822 3402 4897; baseline 0.001 -17"><span class='ocrx_word' id='word_1_438' title='bbox 1815 4826 1985 4897; x_wconf 82' lang='lat' dir='ltr'><strong>elogia</strong></span> <span class='ocrx_word' id='word_1_439' title='bbox 2017 4825 2215 4893; x_wconf 89' lang='lat' dir='ltr'><strong>scripta</strong></span> <span class='ocrx_word' id='word_1_440' title='bbox 2245 4823 2376 4891; x_wconf 85' lang='lat' dir='ltr'><strong>sint,</strong></span> <span class='ocrx_word' id='word_1_441' title='bbox 2422 4822 2786 4893; x_wconf 85' lang='lat' dir='ltr'><strong>inquiramus.</strong></span> <span class='ocrx_word' id='word_1_442' title='bbox 2818 4823 3095 4881; x_wconf 89' lang='lat' dir='ltr'><strong>Launoius</strong></span> <span class='ocrx_word' id='word_1_443' title='bbox 3133 4827 3402 4883; x_wconf 88' lang='lat' dir='ltr'><strong>Disserta-</strong></span> 
     </span>
    </p>
   </div>
   <div class='ocr_carea' id='block_1_65' title="bbox 1821 4917 3397 4975">
    <p class='ocr_par' dir='ltr' id='par_1_65' title="bbox 1821 4917 3397 4975">
     <span class='ocr_line' id='line_1_65' title="bbox 1821 4917 3397 4975; baseline 0 -2"><span class='ocrx_word' id='word_1_444' title='bbox 1821 4920 1964 4973; x_wconf 87' lang='lat' dir='ltr'><strong>tione</strong></span> <span class='ocrx_word' id='word_1_445' title='bbox 1989 4918 2053 4972; x_wconf 89' lang='lat' dir='ltr'><strong>de</strong></span> <span class='ocrx_word' id='word_1_446' title='bbox 2079 4931 2207 4972; x_wconf 86' lang='lat' dir='ltr'><strong>vera</strong></span> <span class='ocrx_word' id='word_1_447' title='bbox 2234 4930 2398 4970; x_wconf 87' lang='lat' dir='ltr'><strong>causa</strong></span> <span class='ocrx_word' id='word_1_448' title='bbox 2428 4930 2677 4971; x_wconf 87' lang='lat' dir='ltr'><strong>secessus</strong></span> <span class='ocrx_word' id='word_1_449' title='bbox 2699 4917 2758 4972; x_wconf 90' lang='lat' dir='ltr'><strong>S.</strong></span> <span class='ocrx_word' id='word_1_450' title='bbox 2781 4917 3051 4972; x_wconf 83' lang='lat' dir='ltr'><strong>Brunouis</strong></span> <span class='ocrx_word' id='word_1_451' title='bbox 3080 4919 3131 4973; x_wconf 93' lang='lat' dir='ltr'><strong>in</strong></span> <span class='ocrx_word' id='word_1_452' title='bbox 3154 4934 3397 4975; x_wconf 88' lang='lat' dir='ltr'><strong>eretnum</strong></span> 
     </span>
    </p>
   </div>
   <div class='ocr_carea' id='block_1_66' title="bbox 116 4986 3401 5083">
    <p class='ocr_par' dir='ltr' id='par_1_66' title="bbox 116 4986 3401 5083">
     <span class='ocr_line' id='line_1_66' title="bbox 116 4986 3401 5083; baseline -0 -19"><span class='ocrx_word' id='word_1_453' title='bbox 116 5006 334 5079; x_wconf 84' lang='lat' dir='ltr'><strong>docebo,</strong></span> <span class='ocrx_word' id='word_1_454' title='bbox 364 4986 694 5083; x_wconf 72' lang='lat' dir='ltr'><strong>scripserit,</strong></span> <span class='ocrx_word' id='word_1_455' title='bbox 728 5011 994 5067; x_wconf 80' lang='lat' dir='ltr'><strong>Chronica</strong></span> <span class='ocrx_word' id='word_1_456' title='bbox 1029 5023 1182 5073; x_wconf 91' lang='lat' dir='ltr'><strong>sane,</strong></span> <span class='ocrx_word' id='word_1_457' title='bbox 1218 5022 1448 5076; x_wconf 88' lang='lat' dir='ltr'><strong>quorum</strong></span> <span class='ocrx_word' id='word_1_458' title='bbox 1484 5008 1714 5062; x_wconf 91' lang='lat' dir='ltr'><strong>mentio—</strong></span> <span class='ocrx_word' id='word_1_459' title='bbox 1742 4986 1787 5046; x_wconf 61' lang='grc' dir='ltr'><strong>(ἶ</strong></span> <span class='ocrx_word' id='word_1_460' title='bbox 1819 5024 1940 5078; x_wconf 89' lang='lat' dir='ltr'><strong>cap.</strong></span> <span class='ocrx_word' id='word_1_461' title='bbox 1983 5008 2036 5073; x_wconf 79' lang='lat' dir='ltr'><strong>i,</strong></span> <span class='ocrx_word' id='word_1_462' title='bbox 2066 5006 2094 5079; x_wconf 84' lang='lat'><strong>§</strong></span> <span class='ocrx_word' id='word_1_463' title='bbox 2128 5023 2159 5060; x_wconf 79' lang='grc' dir='ltr'>ν</span> <span class='ocrx_word' id='word_1_464' title='bbox 2195 5005 2323 5061; x_wconf 88' lang='lat' dir='ltr'><strong>illud</strong></span> <span class='ocrx_word' id='word_1_465' title='bbox 2353 5007 2525 5079; x_wconf 72' lang='lat' dir='ltr'><strong>ipsum</strong></span> <span class='ocrx_word' id='word_1_466' title='bbox 2557 5007 2721 5062; x_wconf 86' lang='lat' dir='ltr'><strong>etiam</strong></span> <span class='ocrx_word' id='word_1_467' title='bbox 2754 5006 2812 5063; x_wconf 90' lang='lat' dir='ltr'><strong>S.</strong></span> <span class='ocrx_word' id='word_1_468' title='bbox 2845 5006 3116 5064; x_wconf 85' lang='lat' dir='ltr'><strong>Brunonis</strong></span> <span class='ocrx_word' id='word_1_469' title='bbox 3144 5010 3401 5081; x_wconf 85' lang='lat' dir='ltr'><strong>elogium,</strong></span> 
     </span>
    </p>
   </div>
   <div class='ocr_carea' id='block_1_67' title="bbox 112 5095 1715 5166">
    <p class='ocr_par' dir='ltr' id='par_1_67' title="bbox 112 5095 1715 5166">
     <span class='ocr_line' id='line_1_67' title="bbox 112 5095 1715 5166; baseline -0.002 -14"><span class='ocrx_word' id='word_1_470' title='bbox 112 5116 229 5153; x_wconf 84' lang='lat' dir='ltr'><strong>nem</strong></span> <span class='ocrx_word' id='word_1_471' title='bbox 254 5104 451 5157; x_wconf 85' lang='lat' dir='ltr'><strong>verbis</strong></span> <span class='ocrx_word' id='word_1_472' title='bbox 484 5102 737 5157; x_wconf 75' lang='lat' dir='ltr'><strong>recitatis</strong></span> <span class='ocrx_word' id='word_1_473' title='bbox 764 5099 915 5166; x_wconf 83' lang='lat' dir='ltr'><strong>facit,</strong></span> <span class='ocrx_word' id='word_1_474' title='bbox 948 5099 1040 5153; x_wconf 89' lang='lat' dir='ltr'><strong>diu</strong></span> <span class='ocrx_word' id='word_1_475' title='bbox 1068 5106 1195 5151; x_wconf 89' lang='lat' dir='ltr'><strong>ante</strong></span> <span class='ocrx_word' id='word_1_476' title='bbox 1222 5095 1474 5150; x_wconf 58' lang='lat' dir='ltr'><strong>saeculum</strong></span> <span class='ocrx_word' id='word_1_477' title='bbox 1503 5103 1715 5149; x_wconf 79' lang='lat' dir='ltr'><strong>sextum</strong></span> 
     </span>
    </p>
   </div>
   <div class='ocr_carea' id='block_1_68' title="bbox 116 5185 1719 5254">
    <p class='ocr_par' dir='ltr' id='par_1_68' title="bbox 116 5185 1719 5254">
     <span class='ocr_line' id='line_1_68' title="bbox 116 5185 1719 5254; baseline -0.002 -12"><span class='ocrx_word' id='word_1_478' title='bbox 116 5188 381 5246; x_wconf 87' lang='lat' dir='ltr'><strong>decimum</strong></span> <span class='ocrx_word' id='word_1_479' title='bbox 397 5191 619 5248; x_wconf 84' lang='lat' dir='ltr'><strong>fuerint</strong></span> <span class='ocrx_word' id='word_1_480' title='bbox 638 5189 985 5247; x_wconf 88' lang='lat' dir='ltr'><strong>elucubrata:</strong></span> <span class='ocrx_word' id='word_1_481' title='bbox 1007 5189 1073 5244; x_wconf 90' lang='lat' dir='ltr'><strong>ad</strong></span> <span class='ocrx_word' id='word_1_482' title='bbox 1089 5188 1204 5241; x_wconf 70' lang='lat' dir='ltr'><strong>haec</strong></span> <span class='ocrx_word' id='word_1_483' title='bbox 1224 5185 1412 5240; x_wconf 91' lang='lat' dir='ltr'><strong>eadem</strong></span> <span class='ocrx_word' id='word_1_484' title='bbox 1425 5226 1438 5251; x_wconf 92' lang='lat'><strong>,</strong></span> <span class='ocrx_word' id='word_1_485' title='bbox 1460 5185 1719 5254; x_wconf 78' lang='lat' dir='ltr'><strong>quoniam</strong></span> 
     </span>
    </p>
   </div>
   <div class='ocr_carea' id='block_1_69' title="bbox 114 5277 1721 5355">
    <p class='ocr_par' dir='ltr' id='par_1_69' title="bbox 114 5277 1721 5355">
     <span class='ocr_line' id='line_1_69' title="bbox 114 5277 1721 5355; baseline -0.002 -21"><span class='ocrx_word' id='word_1_486' title='bbox 114 5282 252 5338; x_wconf 82' lang='lat' dir='ltr'><strong>baud</strong></span> <span class='ocrx_word' id='word_1_487' title='bbox 287 5285 467 5340; x_wconf 86' lang='lat' dir='ltr'><strong>dubie</strong></span> <span class='ocrx_word' id='word_1_488' title='bbox 514 5285 588 5340; x_wconf 90' lang='lat' dir='ltr'><strong>de</strong></span> <span class='ocrx_word' id='word_1_489' title='bbox 625 5284 867 5355; x_wconf 89' lang='lat' dir='ltr'><strong>quinque</strong></span> <span class='ocrx_word' id='word_1_490' title='bbox 907 5287 1207 5351; x_wconf 84' lang='lat' dir='ltr'><strong>primorum</strong></span> <span class='ocrx_word' id='word_1_491' title='bbox 1241 5277 1546 5334; x_wconf 72' lang='lat' dir='ltr'><strong>Carthusite</strong></span> <span class='ocrx_word' id='word_1_492' title='bbox 1569 5278 1721 5349; x_wconf 88' lang='lat' dir='ltr'><strong>prio-</strong></span> 
     </span>
    </p>
   </div>
   <div class='ocr_carea' id='block_1_70' title="bbox 121 5368 1716 5444">
    <p class='ocr_par' dir='ltr' id='par_1_70' title="bbox 121 5368 1716 5444">
     <span class='ocr_line' id='line_1_70' title="bbox 121 5368 1716 5444; baseline 0.001 -23"><span class='ocrx_word' id='word_1_493' title='bbox 121 5384 232 5425; x_wconf 85' lang='lat' dir='ltr'><strong>rum</strong></span> <span class='ocrx_word' id='word_1_494' title='bbox 286 5374 472 5444; x_wconf 76' lang='lat' dir='ltr'><strong>gestis</strong></span> <span class='ocrx_word' id='word_1_495' title='bbox 533 5383 827 5442; x_wconf 85' lang='lat' dir='ltr'><strong>utcumque</strong></span> <span class='ocrx_word' id='word_1_496' title='bbox 881 5372 1201 5437; x_wconf 87' lang='lat' dir='ltr'><strong>traetarint,</strong></span> <span class='ocrx_word' id='word_1_497' title='bbox 1260 5383 1471 5424; x_wconf 85' lang='lat' dir='ltr'><strong>summa</strong></span> <span class='ocrx_word' id='word_1_498' title='bbox 1526 5368 1716 5424; x_wconf 87' lang='lat' dir='ltr'><strong>saltem</strong></span> 
     </span>
    </p>
   </div>
   <div class='ocr_carea' id='block_1_71' title="bbox 120 5461 1719 5535">
    <p class='ocr_par' dir='ltr' id='par_1_71' title="bbox 120 5461 1719 5535">
     <span class='ocr_line' id='line_1_71' title="bbox 120 5461 1719 5535; baseline -0.001 -20"><span class='ocrx_word' id='word_1_499' title='bbox 120 5477 321 5529; x_wconf 86' lang='lat' dir='ltr'><strong>rerum,</strong></span> <span class='ocrx_word' id='word_1_500' title='bbox 352 5467 429 5520; x_wconf 86' lang='lat' dir='ltr'><strong>ad</strong></span> <span class='ocrx_word' id='word_1_501' title='bbox 461 5466 779 5520; x_wconf 84' lang='lat' dir='ltr'><strong>Brunonem</strong></span> <span class='ocrx_word' id='word_1_502' title='bbox 805 5466 1186 5535; x_wconf 80' lang='lat' dir='ltr'><strong>spectantium,</strong></span> <span class='ocrx_word' id='word_1_503' title='bbox 1218 5462 1396 5532; x_wconf 87' lang='lat' dir='ltr'><strong>capita</strong></span> <span class='ocrx_word' id='word_1_504' title='bbox 1429 5461 1719 5526; x_wconf 88' lang='lat' dir='ltr'><strong>delibasse,</strong></span> 
     </span>
    </p>
   </div>
   <div class='ocr_carea' id='block_1_72' title="bbox 124 5551 1721 5626">
    <p class='ocr_par' dir='ltr' id='par_1_72' title="bbox 124 5551 1721 5626">
     <span class='ocr_line' id='line_1_72' title="bbox 124 5551 1721 5626; baseline 0.003 -23"><span class='ocrx_word' id='word_1_505' title='bbox 124 5551 501 5611; x_wconf 81' lang='lat' dir='ltr'><strong>indubitatum</strong></span> <span class='ocrx_word' id='word_1_506' title='bbox 536 5565 780 5626; x_wconf 86' lang='lat' dir='ltr'><strong>apparet,</strong></span> <span class='ocrx_word' id='word_1_507' title='bbox 809 5557 890 5612; x_wconf 91' lang='lat' dir='ltr'><strong>uti</strong></span> <span class='ocrx_word' id='word_1_508' title='bbox 928 5557 1091 5612; x_wconf 77' lang='lat' dir='ltr'><strong>etiam</strong></span> <span class='ocrx_word' id='word_1_509' title='bbox 1123 5571 1154 5610; x_wconf 90' lang='lat' dir='ltr'><strong>a</strong></span> <span class='ocrx_word' id='word_1_510' title='bbox 1183 5554 1557 5613; x_wconf 88' lang='lat' dir='ltr'><strong>Carthusianis</strong></span> <span class='ocrx_word' id='word_1_511' title='bbox 1585 5555 1721 5610; x_wconf 88' lang='lat' dir='ltr'><strong>scri-</strong></span> 
     </span>
    </p>
   </div>
   <div class='ocr_carea' id='block_1_73' title="bbox 124 5646 1723 5714">
    <p class='ocr_par' dir='ltr' id='par_1_73' title="bbox 124 5646 1723 5714">
     <span class='ocr_line' id='line_1_73' title="bbox 124 5646 1723 5714; baseline 0.002 -16"><span class='ocrx_word' id='word_1_512' title='bbox 124 5656 206 5712; x_wconf 86' lang='lat' dir='ltr'><strong>pta</strong></span> <span class='ocrx_word' id='word_1_513' title='bbox 238 5647 442 5714; x_wconf 88' lang='lat' dir='ltr'><strong>fuisse,</strong></span> <span class='ocrx_word' id='word_1_514' title='bbox 480 5649 740 5713; x_wconf 77' lang='lat' dir='ltr'><strong>maxime,</strong></span> <span class='ocrx_word' id='word_1_515' title='bbox 772 5663 895 5703; x_wconf 90' lang='lat' dir='ltr'><strong>cum</strong></span> <span class='ocrx_word' id='word_1_516' title='bbox 935 5648 993 5703; x_wconf 90' lang='lat' dir='ltr'><strong>in</strong></span> <span class='ocrx_word' id='word_1_517' title='bbox 1033 5648 1164 5703; x_wconf 89' lang='lat' dir='ltr'><strong>solis</strong></span> <span class='ocrx_word' id='word_1_518' title='bbox 1192 5646 1306 5704; x_wconf 82' lang='lat' dir='ltr'><strong>fere</strong></span> <span class='ocrx_word' id='word_1_519' title='bbox 1333 5646 1723 5703; x_wconf 81' lang='lat' dir='ltr'><strong>Carthusiano-</strong></span> 
     </span>
    </p>
   </div>
   <div class='ocr_carea' id='block_1_74' title="bbox 128 5737 1723 5809">
    <p class='ocr_par' dir='ltr' id='par_1_74' title="bbox 128 5737 1723 5809">
     <span class='ocr_line' id='line_1_74' title="bbox 128 5737 1723 5809; baseline 0.004 -21"><span class='ocrx_word' id='word_1_520' title='bbox 128 5749 239 5791; x_wconf 79' lang='lat' dir='ltr'><strong>tum</strong></span> <span class='ocrx_word' id='word_1_521' title='bbox 263 5740 537 5794; x_wconf 85' lang='lat' dir='ltr'><strong>domibus</strong></span> <span class='ocrx_word' id='word_1_522' title='bbox 564 5737 1010 5808; x_wconf 82' lang='lat' dir='ltr'><strong>fuerintinventa,</strong></span> <span class='ocrx_word' id='word_1_523' title='bbox 1033 5740 1233 5809; x_wconf 86' lang='lat' dir='ltr'><strong>diuque</strong></span> <span class='ocrx_word' id='word_1_524' title='bbox 1256 5739 1307 5793; x_wconf 91' lang='lat' dir='ltr'><strong>in</strong></span> <span class='ocrx_word' id='word_1_525' title='bbox 1332 5739 1481 5793; x_wconf 84' lang='lat' dir='ltr'><strong>hisce</strong></span> <span class='ocrx_word' id='word_1_526' title='bbox 1502 5739 1723 5794; x_wconf 89' lang='lat' dir='ltr'><strong>omnino</strong></span> 
     </span>
    </p>
   </div>
   <div class='ocr_carea' id='block_1_75' title="bbox 128 5822 1722 5897">
    <p class='ocr_par' dir='ltr' id='par_1_75' title="bbox 128 5822 1722 5897">
     <span class='ocr_line' id='line_1_75' title="bbox 128 5822 1722 5897; baseline 0.004 -22"><span class='ocrx_word' id='word_1_527' title='bbox 128 5822 236 5881; x_wconf 76' lang='lat' dir='ltr'><strong>fere</strong></span> <span class='ocrx_word' id='word_1_528' title='bbox 261 5829 481 5883; x_wconf 86' lang='lat' dir='ltr'><strong>inedita</strong></span> <span class='ocrx_word' id='word_1_529' title='bbox 514 5827 790 5884; x_wconf 86' lang='lat' dir='ltr'><strong>latuerint.</strong></span> <span class='ocrx_word' id='word_1_530' title='bbox 819 5829 994 5886; x_wconf 83' lang='lat' dir='ltr'><strong>Porro</strong></span> <span class='ocrx_word' id='word_1_531' title='bbox 1018 5844 1050 5885; x_wconf 93' lang='lat' dir='ltr'><strong>e</strong></span> <span class='ocrx_word' id='word_1_532' title='bbox 1074 5827 1363 5885; x_wconf 89' lang='lat' dir='ltr'><strong>Chronicis</strong></span> <span class='ocrx_word' id='word_1_533' title='bbox 1392 5828 1722 5897; x_wconf 71' lang='lat' dir='ltr'><strong>huiusmodi,</strong></span> 
     </span>
    </p>
   </div>
   <div class='ocr_carea' id='block_1_76' title="bbox 129 5918 1724 5989">
    <p class='ocr_par' dir='ltr' id='par_1_76' title="bbox 129 5918 1724 5989">
     <span class='ocr_line' id='line_1_76' title="bbox 129 5918 1724 5989; baseline 0.004 -21"><span class='ocrx_word' id='word_1_534' title='bbox 129 5932 241 5983; x_wconf 71' lang='lat' dir='ltr'><strong>qum</strong></span> <span class='ocrx_word' id='word_1_535' title='bbox 270 5920 376 5975; x_wconf 89' lang='lat' dir='ltr'><strong>hoc</strong></span> <span class='ocrx_word' id='word_1_536' title='bbox 412 5918 645 5975; x_wconf 88' lang='lat' dir='ltr'><strong>nomine</strong></span> <span class='ocrx_word' id='word_1_537' title='bbox 671 5920 899 5984; x_wconf 77' lang='lat' dir='ltr'><strong>idcirco,</strong></span> <span class='ocrx_word' id='word_1_538' title='bbox 941 5920 1082 5989; x_wconf 87' lang='lat' dir='ltr'><strong>quod</strong></span> <span class='ocrx_word' id='word_1_539' title='bbox 1116 5935 1202 5975; x_wconf 87' lang='lat' dir='ltr'><strong>res</strong></span> <span class='ocrx_word' id='word_1_540' title='bbox 1237 5934 1335 5989; x_wconf 86' lang='lat' dir='ltr'><strong>per</strong></span> <span class='ocrx_word' id='word_1_541' title='bbox 1364 5926 1601 5988; x_wconf 72' lang='lat' dir='ltr'><strong>tempom</strong></span> <span class='ocrx_word' id='word_1_542' title='bbox 1630 5936 1724 5975; x_wconf 85' lang='lat' dir='ltr'><strong>sua</strong></span> 
     </span>
    </p>
   </div>
   <div class='ocr_carea' id='block_1_77' title="bbox 560 6011 1054 6076">
    <p class='ocr_par' dir='ltr' id='par_1_77' title="bbox 560 6011 1054 6076">
     <span class='ocr_line' id='line_1_77' title="bbox 560 6011 1054 6076; baseline 0.01 -5"><span class='ocrx_word' id='word_1_543' title='bbox 560 6011 826 6074; x_wconf 69' lang='lat' dir='ltr'><strong>Parum.</strong></span> <span class='ocrx_word' id='word_1_544' title='bbox 873 6012 1054 6076; x_wconf 85' lang='lat' dir='ltr'><strong>CLll.</strong></span> 
     </span>
    </p>
   </div>
   <div class='ocr_carea' id='block_1_78' title="bbox 1822 5094 3406 5167">
    <p class='ocr_par' dir='ltr' id='par_1_78' title="bbox 1822 5094 3406 5167">
     <span class='ocr_line' id='line_1_78' title="bbox 1822 5094 3406 5167; baseline 0.003 -18"><span class='ocrx_word' id='word_1_545' title='bbox 1822 5097 1967 5167; x_wconf 84' lang='lat' dir='ltr'><strong>quod</strong></span> <span class='ocrx_word' id='word_1_546' title='bbox 1991 5094 2242 5151; x_wconf 88' lang='lat' dir='ltr'><strong>Labbeus</strong></span> <span class='ocrx_word' id='word_1_547' title='bbox 2270 5095 2390 5150; x_wconf 90' lang='lat' dir='ltr'><strong>loco</strong></span> <span class='ocrx_word' id='word_1_548' title='bbox 2423 5110 2545 5150; x_wconf 79' lang='lat' dir='ltr'><strong>mox</strong></span> <span class='ocrx_word' id='word_1_549' title='bbox 2576 5096 2671 5150; x_wconf 87' lang='lat' dir='ltr'><strong>cit.</strong></span> <span class='ocrx_word' id='word_1_550' title='bbox 2704 5097 2951 5163; x_wconf 79' lang='lat' dir='ltr'><strong>exhibet,</strong></span> <span class='ocrx_word' id='word_1_551' title='bbox 2981 5114 3012 5153; x_wconf 91' lang='lat' dir='ltr'><strong>e</strong></span> <span class='ocrx_word' id='word_1_552' title='bbox 3046 5114 3149 5154; x_wconf 89' lang='lat' dir='ltr'><strong>ms.</strong></span> <span class='ocrx_word' id='word_1_553' title='bbox 3178 5107 3406 5154; x_wconf 65' lang='lat' dir='ltr'><strong>statuto-</strong></span> 
     </span>
    </p>
   </div>
   <div class='ocr_carea' id='block_1_79' title="bbox 1826 5187 3407 5261">
    <p class='ocr_par' dir='ltr' id='par_1_79' title="bbox 1826 5187 3407 5261">
     <span class='ocr_line' id='line_1_79' title="bbox 1826 5187 3407 5261; baseline 0.001 -19"><span class='ocrx_word' id='word_1_554' title='bbox 1826 5204 1946 5245; x_wconf 90' lang='lat' dir='ltr'><strong>rum</strong></span> <span class='ocrx_word' id='word_1_555' title='bbox 1980 5197 2036 5244; x_wconf 93' lang='lat' dir='ltr'><strong>et</strong></span> <span class='ocrx_word' id='word_1_556' title='bbox 2064 5188 2541 5251; x_wconf 84' lang='lat' dir='ltr'><strong>consuetudinum,</strong></span> <span class='ocrx_word' id='word_1_557' title='bbox 2576 5203 2613 5242; x_wconf 86' lang='lat' dir='ltr'><strong>a</strong></span> <span class='ocrx_word' id='word_1_558' title='bbox 2651 5187 2913 5260; x_wconf 79' lang='lat' dir='ltr'><strong>Guigone,</strong></span> <span class='ocrx_word' id='word_1_559' title='bbox 2947 5190 3138 5261; x_wconf 90' lang='lat' dir='ltr'><strong>quinto</strong></span> <span class='ocrx_word' id='word_1_560' title='bbox 3176 5189 3407 5246; x_wconf 49' lang='lat' dir='ltr'><strong>Cartha;</strong></span> 
     </span>
    </p>
   </div>
   <div class='ocr_carea' id='block_1_80' title="bbox 1826 5277 3407 5348">
    <p class='ocr_par' dir='ltr' id='par_1_80' title="bbox 1826 5277 3407 5348">
     <span class='ocr_line' id='line_1_80' title="bbox 1826 5277 3407 5348; baseline 0.001 -14"><span class='ocrx_word' id='word_1_561' title='bbox 1826 5280 1920 5334; x_wconf 71' lang='lat' dir='ltr'><strong>size</strong></span> <span class='ocrx_word' id='word_1_562' title='bbox 1955 5277 2175 5347; x_wconf 80' lang='lat' dir='ltr'><strong>Majoris</strong></span> <span class='ocrx_word' id='word_1_563' title='bbox 2201 5277 2400 5348; x_wconf 87' lang='lat' dir='ltr'><strong>priore,</strong></span> <span class='ocrx_word' id='word_1_564' title='bbox 2440 5277 2784 5348; x_wconf 88' lang='lat' dir='ltr'><strong>scriptarum,</strong></span> <span class='ocrx_word' id='word_1_565' title='bbox 2816 5282 3027 5337; x_wconf 91' lang='lat' dir='ltr'><strong>ordinis</strong></span> <span class='ocrx_word' id='word_1_566' title='bbox 3053 5280 3407 5338; x_wconf 82' lang='lat' dir='ltr'><strong>Carthusien-</strong></span> 
     </span>
    </p>
   </div>
   <div class='ocr_carea' id='block_1_81' title="bbox 1826 5367 3409 5441">
    <p class='ocr_par' dir='ltr' id='par_1_81' title="bbox 1826 5367 3409 5441">
     <span class='ocr_line' id='line_1_81' title="bbox 1826 5367 3409 5441; baseline 0.002 -17"><span class='ocrx_word' id='word_1_567' title='bbox 1826 5371 1901 5424; x_wconf 83' lang='lat' dir='ltr'><strong>sis</strong></span> <span class='ocrx_word' id='word_1_568' title='bbox 1933 5370 2122 5424; x_wconf 88' lang='lat' dir='ltr'><strong>codice</strong></span> <span class='ocrx_word' id='word_1_569' title='bbox 2146 5367 2199 5421; x_wconf 90' lang='lat' dir='ltr'><strong>in</strong></span> <span class='ocrx_word' id='word_1_570' title='bbox 2241 5368 2475 5423; x_wconf 91' lang='lat' dir='ltr'><strong>medium</strong></span> <span class='ocrx_word' id='word_1_571' title='bbox 2505 5368 2747 5433; x_wconf 88' lang='lat' dir='ltr'><strong>adducit,</strong></span> <span class='ocrx_word' id='word_1_572' title='bbox 2778 5369 2984 5440; x_wconf 87' lang='lat' dir='ltr'><strong>aitque,</strong></span> <span class='ocrx_word' id='word_1_573' title='bbox 3018 5372 3181 5436; x_wconf 90' lang='lat' dir='ltr'><strong>hunc,</strong></span> <span class='ocrx_word' id='word_1_574' title='bbox 3219 5372 3273 5426; x_wconf 90' lang='lat' dir='ltr'><strong>in</strong></span> <span class='ocrx_word' id='word_1_575' title='bbox 3302 5387 3409 5441; x_wconf 88' lang='lat' dir='ltr'><strong>quo</strong></span> 
     </span>
    </p>
   </div>
   <div class='ocr_carea' id='block_1_82' title="bbox 1825 5460 3408 5533">
    <p class='ocr_par' dir='ltr' id='par_1_82' title="bbox 1825 5460 3408 5533">
     <span class='ocr_line' id='line_1_82' title="bbox 1825 5460 3408 5533; baseline 0.001 -15"><span class='ocrx_word' id='word_1_576' title='bbox 1825 5463 2052 5533; x_wconf 86' lang='lat' dir='ltr'><strong>pariter,</strong></span> <span class='ocrx_word' id='word_1_577' title='bbox 2087 5476 2207 5531; x_wconf 72' lang='lat' dir='ltr'><strong>qua:</strong></span> <span class='ocrx_word' id='word_1_578' title='bbox 2248 5460 2366 5517; x_wconf 90' lang='lat' dir='ltr'><strong>loco</strong></span> <span class='ocrx_word' id='word_1_579' title='bbox 2407 5460 2500 5517; x_wconf 88' lang='lat' dir='ltr'><strong>cit.</strong></span> <span class='ocrx_word' id='word_1_580' title='bbox 2533 5461 2674 5532; x_wconf 90' lang='lat' dir='ltr'><strong>apud</strong></span> <span class='ocrx_word' id='word_1_581' title='bbox 2706 5461 3002 5525; x_wconf 87' lang='lat' dir='ltr'><strong>Lahhettm,</strong></span> <span class='ocrx_word' id='word_1_582' title='bbox 3034 5463 3408 5530; x_wconf 81' lang='lat' dir='ltr'><strong>proximorum</strong></span> 
     </span>
    </p>
   </div>
   <div class='ocr_carea' id='block_1_83' title="bbox 1828 5552 3406 5625">
    <p class='ocr_par' dir='ltr' id='par_1_83' title="bbox 1828 5552 3406 5625">
     <span class='ocr_line' id='line_1_83' title="bbox 1828 5552 3406 5625; baseline 0.001 -16"><span class='ocrx_word' id='word_1_583' title='bbox 1828 5564 2059 5625; x_wconf 90' lang='lat' dir='ltr'><strong>quatuor</strong></span> <span class='ocrx_word' id='word_1_584' title='bbox 2092 5553 2266 5609; x_wconf 89' lang='lat' dir='ltr'><strong>sancti</strong></span> <span class='ocrx_word' id='word_1_585' title='bbox 2300 5554 2471 5610; x_wconf 89' lang='lat' dir='ltr'><strong>nostri</strong></span> <span class='ocrx_word' id='word_1_586' title='bbox 2499 5552 2551 5607; x_wconf 92' lang='lat' dir='ltr'><strong>in</strong></span> <span class='ocrx_word' id='word_1_587' title='bbox 2575 5552 2878 5608; x_wconf 74' lang='lat' dir='ltr'><strong>Cat-thasiae</strong></span> <span class='ocrx_word' id='word_1_588' title='bbox 2911 5552 3161 5608; x_wconf 88' lang='lat' dir='ltr'><strong>Prioratu</strong></span> <span class='ocrx_word' id='word_1_589' title='bbox 3192 5560 3406 5611; x_wconf 61' lang='lat' dir='ltr'><strong>suc‘cesa</strong></span> 
     </span>
    </p>
   </div>
   <div class='ocr_carea' id='block_1_84' title="bbox 1828 5643 3412 5716">
    <p class='ocr_par' dir='ltr' id='par_1_84' title="bbox 1828 5643 3412 5716">
     <span class='ocr_line' id='line_1_84' title="bbox 1828 5643 3412 5716; baseline 0 -13"><span class='ocrx_word' id='word_1_590' title='bbox 1828 5657 2012 5703; x_wconf 72' lang='lat' dir='ltr'><strong>eorum</strong></span> <span class='ocrx_word' id='word_1_591' title='bbox 2053 5645 2230 5716; x_wconf 77' lang='lat' dir='ltr'><strong>elogia</strong></span> <span class='ocrx_word' id='word_1_592' title='bbox 2267 5654 2502 5711; x_wconf 77' lang='lat' dir='ltr'><strong>exstant,</strong></span> <span class='ocrx_word' id='word_1_593' title='bbox 2551 5644 2774 5700; x_wconf 80' lang='lat' dir='ltr'><strong>Parisiis</strong></span> <span class='ocrx_word' id='word_1_594' title='bbox 2819 5644 2959 5714; x_wconf 88' lang='lat' dir='ltr'><strong>apud</strong></span> <span class='ocrx_word' id='word_1_595' title='bbox 2993 5643 3412 5703; x_wconf 88' lang='lat' dir='ltr'><strong>Carthusienses</strong></span> 
     </span>
    </p>
   </div>
   <div class='ocr_carea' id='block_1_85' title="bbox 1829 5738 2121 5794">
    <p class='ocr_par' dir='ltr' id='par_1_85' title="bbox 1829 5738 2121 5794">
     <span class='ocr_line' id='line_1_85' title="bbox 1829 5738 2121 5794; baseline -0.007 0"><span class='ocrx_word' id='word_1_596' title='bbox 1829 5738 2121 5794; x_wconf 86' lang='lat' dir='ltr'><strong>asservari.</strong></span> 
     </span>
    </p>
   </div>
   <div class='ocr_carea' id='block_1_86' title="bbox 1904 5824 3412 5903">
    <p class='ocr_par' dir='ltr' id='par_1_86' title="bbox 1904 5824 3412 5903">
     <span class='ocr_line' id='line_1_86' title="bbox 1904 5824 3412 5903; baseline 0.001 -21"><span class='ocrx_word' id='word_1_597' title='bbox 1904 5828 1958 5882; x_wconf 74' lang='grc'><strong>4.</strong></span> <span class='ocrx_word' id='word_1_598' title='bbox 1999 5826 2137 5881; x_wconf 80' lang='lat' dir='ltr'><strong>Hinc</strong></span> <span class='ocrx_word' id='word_1_599' title='bbox 2180 5841 2344 5897; x_wconf 79' lang='lat' dir='ltr'><strong>porro</strong></span> <span class='ocrx_word' id='word_1_600' title='bbox 2386 5835 2579 5883; x_wconf 82' lang='lat' dir='ltr'><strong>auctor</strong></span> <span class='ocrx_word' id='word_1_601' title='bbox 2622 5824 3054 5899; x_wconf 63' lang='lat' dir='ltr'><strong>Carthusiensis:</strong></span> <span class='ocrx_word' id='word_1_602' title='bbox 3081 5825 3412 5903; x_wconf 81' lang='lat' dir='ltr'><strong>anonymus,</strong></span> 
     </span>
    </p>
   </div>
   <div class='ocr_carea' id='block_1_87' title="bbox 1833 5917 3416 5992">
    <p class='ocr_par' dir='ltr' id='par_1_87' title="bbox 1833 5917 3416 5992">
     <span class='ocr_line' id='line_1_87' title="bbox 1833 5917 3416 5992; baseline 0.001 -20"><span class='ocrx_word' id='word_1_603' title='bbox 1833 5922 1927 5992; x_wconf 88' lang='lat' dir='ltr'><strong>qui</strong></span> <span class='ocrx_word' id='word_1_604' title='bbox 1984 5918 2273 5974; x_wconf 86' lang='lat' dir='ltr'><strong>Annalium</strong></span> <span class='ocrx_word' id='word_1_605' title='bbox 2321 5917 2529 5973; x_wconf 79' lang='lat' dir='ltr'><strong>ordinis</strong></span> <span class='ocrx_word' id='word_1_606' title='bbox 2582 5919 2663 5975; x_wconf 90' lang='lat' dir='ltr'><strong>sul</strong></span> <span class='ocrx_word' id='word_1_607' title='bbox 2711 5918 2909 5974; x_wconf 89' lang='lat' dir='ltr'><strong>librum</strong></span> <span class='ocrx_word' id='word_1_608' title='bbox 2960 5932 3237 5991; x_wconf 90' lang='lat' dir='ltr'><strong>quartum,</strong></span> <span class='ocrx_word' id='word_1_609' title='bbox 3292 5924 3416 5974; x_wconf 77' lang='lat' dir='ltr'><strong>tuo:</strong></span> 
     </span>
    </p>
   </div>
   <div class='ocr_carea' id='block_1_88' title="bbox 3098 6018 3129 6071">
    <p class='ocr_par' dir='ltr' id='par_1_88' title="bbox 3098 6018 3129 6071">
     <span class='ocr_line' id='line_1_88' title="bbox 3098 6018 3129 6071; baseline 0 0"><span class='ocrx_word' id='word_1_610' title='bbox 3098 6018 3129 6071; x_wconf 83' lang='grc'><strong>1</strong></span> 
     </span>
    </p>
   </div>
  </div>
