4016 6310
502 384 560 439 Η
1300 378 1369 434 8.
1412 376 1759 435 Βηυκοκιδ
1791 373 2072 431 CARTilU

2192 372 2431 429 NORL‘M
2474 371 2959 431 INSTITUTORIS
3687 368 3766 431 ’12

500 495 715 567 publica
756 495 1035 557 hactenus,
1071 492 1193 548 licet
1225 507 1481 546 excusutu
1516 508 1619 545 non
1652 490 1929 549 donatum,
1974 506 2081 541 IIIC-
2112 495 2153 550 Λ
2183 500 2371 541 earum
2415 488 2532 543 loco
2562 488 2769 542 initium
2803 488 3065 544 Breviarii
3111 490 3242 545 Vita:
3268 489 3530 561 Guigonis
3570 507 3763 561 super-

500 599 735 656 cumque
786 584 1134 639 nihilominus
1178 598 1206 636 a
1255 581 1508 636 Patribus
1561 578 1940 636 Carthusianis
1987 591 2085 646 pro

502 690 711 729 smnma
754 690 941 730 eorum
980 674 1318 728 humanitate
1366 673 1846 734 eoumntuicatunt,
1893 668 2080 721 elucu-

482 765 695 827 bravit,
721 782 869 820 unm.
904 764 995 819 lOl
1018 764 1270 833 scoujicit,
1304 762 1543 818 codicem
1570 760 1920 839 iilum,qucm
1952 761 2083 812 Car-

481 858 680 911 ‘llttlSia
712 858 1034 912 Parisiensis
1064 866 1334 921 asservat,
1371 857 1629 924 scriptum
1666 852 1830 906 fuisse
1873 860 2079 904 tantum

500 956 623 1016 post
638 966 849 1002 .annunt
881 947 1037 1012 1‘257,
1070 948 1213 1002 circa
1236 964 1396 1016 quem
1421 944 1701 1000 Carthusia
1720 942 1831 997 hate
1849 943 2080 1012 primum

500 1040 602 1092 fuit
631 1039 877 1102 fundata,
906 1042 1245 1111 necduinque
1283 1039 1495 1093 Statuta
1527 1033 1754 1101 liill'erti,
1784 1052 1904 1107 qum
1936 1036 2081 1088 anti-

498 1146 603 1198 qua
627 1138 909 1195 vocantur,
944 1131 1159 1184 fuerant
1198 1132 1527 1199 praescripta.
1560 1114 1755 1181 Verum
1784 1142 1905 1180 mox
1941 1126 2081 1179 amr-

490 1210 635 1285 mat,
664 1231 719 1276 et
745 1221 936 1275 merito
965 1222 1206 1292 quidem,
1233 1236 1351 1290 quae
1389 1219 1443 1272 in
1470 1220 1659 1273 cedem
1690 1218 1877 1273 codice
1917 1218 1984 1271 de
2016 1218 2073 1273 S.

498 1310 754 1365 Brunone
810 1310 1090 1379 tribusque
1146 1309 1335 1379 primis
1393 1320 1516 1379 post
1580 1311 1723 1364 hunc
1775 1309 2078 1363 Carthusia:

490 1403 1169 1471 prioribus“reperiuntur,
1212 1400 1407 1455 llttcris
1450 1402 1698 1456 mandata
1745 1399 1913 1456 fuisse
1947 1410 2081 1455 teni-

490 1508 629 1562 .pore
675 1492 976 1564 Guigonis,
1031 1491 1204 1561 quinti
1254 1492 1556 1547 Carthusia:
1624 1492 1863 1560 prioris,
1917 1491 2079 1560 idque

492 1595 750 1641 constare
799 1600 864 1639 cx
908 1585 1013 1638 alio
1060 1584 1267 1637 ordinis
1310 1582 1713 1637 Carthusieusis
1761 1582 2074 1636 earumdem

494 1678 944 1732 consuetudinum
986 1677 1175 1730 codice
1206 1692 1333 1738 ius.,
1365 1692 1390 1728 a
1442 1675 2079 1731 venerando'Carthusiae

496 1767 816 1825 Montis-Dei
867 1766 1026 1821 Patre
1088 1766 1267 1836 priore
1324 1767 1391 1820 ad
1451 1782 1572 1820 eum
1630 1767 1680 1819 in
1734 1766 2076 1821 Carlhusiatn

2188 581 2470 650 scriptum,
2500 596 2619 650 qua:
2656 576 2776 636 Vita
2801 582 2987 637 eadem
3021 583 3224 637 recenti
3255 600 3418 637 manu
3448 585 3765 639 continuata

2186 668 2287 723 fuit
2324 670 2375 723 in
2412 670 2579 723 altero
2614 669 2739 723 folio
2771 671 3077 735 dimidiato,
3107 674 3249 740 quod
3279 671 3435 727 facile
3465 672 3767 742 deprehen-

2183 759 2332 812 ditur
2366 762 2692 828 prteeedemi
2727 760 2885 825 folio,
2920 763 2969 815 in
3005 777 3113 832 quo
3144 768 3271 815 sunt
3299 763 3471 833 elogia
3509 763 3764 833 prmfatuo

2186 865 2303 904 rum
2334 862 2563 920 quatuor
2607 853 2872 920 priorum,
2914 872 2931 904 ι
2972 853 3238 923 alterique
3266 855 3538 923 sequenti,
3572 855 3624 908 in
3658 869 3768 925 quo

2186 945 2476 1014 praedictus
2506 944 2863 1012 capitulorum
2895 945 3162 999 indiculus
3186 946 3537 1000 continuatus
3562 944 3762 1008 fuerat,

2189 1056 2207 1088 ι
2252 1036 2598 1090 intersertam
2643 1036 2830 1092 fuisse.
2877 1037 3029 1093 Unde
3067 1046 3233 1107 patet,
3264 1039 3466 1091 dictum
3501 1036 3767 1108 Guigonis

2183 1128 2413 1197 elogium
2458 1137 2576 1197 post
2627 1128 2767 1183 illius
2808 1138 3037 1182 mortem
3085 1129 3135 1182 in
3191 1128 3473 1199 ptmfatum
3518 1130 3761 1184 codicem

2183 1215 2347 1271 fuisse
2378 1218 2723 1287 iuterjectum
2761 1236 2778 1269 ι
2813 1233 2905 1272 seu
2932 1217 3157 1271 illalttztt.
3184 1218 3477 1282 Hactenus,
3499 1219 3545 1273 si
3573 1234 3747 1288 pauca

2182 1309 2483 1377 exceperis,
2525 1323 2664 1379 quae,
2697 1309 2818 1363 aliis
2850 1310 3258 1364 characteribus
3289 1310 3567 1377 adhibitis,
3599 1310 3764 1367 clari-

2183 1402 2312 1455 tatis
2366 1417 2529 1456 causa
2580 1400 2776 1470 adieci,
2837 1402 3086 1458 laudatus
3146 1403 3366 1458 Ordinis
3414 1404 3764 1461 Carthasiani

2182 1491 2447 1547 aunalista
2475 1507 2799 1563 anonyuius.
2831 1494 2909 1548 Ex
2940 1495 3026 1550 his
3052 1510 3233 1565 porro,
3262 1495 3676 1567 aliisque‘supra
3707 1495 3764 1550 in

2183 1584 2417 1637 medium
2462 1583 2711 1639 adductis
2758 1593 2845 1640 est
2890 1601 3254 1656 consequens,
3309 1595 3364 1641 et
3406 1586 3605 1655 saepius
3648 1585 3763 1656 jani

2183 1683 2563 1740 memoratum,
2608 1675 2709 1728 etsi
2747 1676 2916 1729 etiam
2960 1674 3223 1745 Guigouis
3253 1676 3425 1745 quinti
3462 1675 3767 1730 Carthusiie

2172 1765 2386 1821 Prioris
2430 1766 2662 1835 elogium
2694 1768 3003 1829 contineat,
3036 1768 3230 1822 Montis
3263 1768 3353 1822 Dei
3402 1769 3668 1834 codicem,
3709 1778 3768 1821 et

493 1859 839 1923 transmisso,
870 1859 986 1929 qui,
1010 1875 1129 1928 qua:
1152 1860 1204 1913 in
1238 1858 1424 1913 Codice
1451 1858 1751 1912 l’arisieusi
1779 1859 1845 1913 de
1874 1857 2078 1913 Sancto
2110 1860 2150 1920 li
2181 1871 2413 1927 quatuor
2452 1859 2750 1930 primorum
2790 1859 3092 1916 Carthasim
3131 1860 3370 1930 priorum
3413 1860 3609 1927 elogia,
3642 1876 3766 1931 qua:

495 1960 685 2006 nostro
714 1950 1083 2019 proximisque
1109 1942 1224 2019 ejus
1250 1958 1486 2018 quatuor
1511 1949 1562 2003 in
1587 1950 1890 2004 Carthusia:
1913 1948 2081 2018 Majo-

495 2041 576 2096 rfs
608 2040 851 2111 prioratu
889 2040 1297 2094 successoribus
1321 2040 1491 2109 elogia
1532 2049 1844 2106 occurrunt,
1874 2041 2082 2109 pariter

486 2131 907 2201 mmplectitur,
966 2144 1263 2202 eorumque
1311 2131 1573 2192 omnium,
1630 2131 1720 2200 qui
1778 2131 1832 2185 in
1888 2132 2081 2186 ordine

494 2236 640 2278 nunc
687 2221 1073 2291 reperiantur,
1132 2220 1547 2290 antiquissimus
1593 2230 1716 2286 est,
1778 2231 1965 2291 utpote
2025 2221 2079 2275 in

494 2308 683 2380 Maiori
708 2310 996 2366 Car-.husia
1020 2312 1350 2379 exscriptus,
1372 2320 1534 2380 atque
1557 2311 1608 2364 in
1629 2313 1845 2365 domum
1861 2311 2082 2366 Montis-

493 2400 591 2458 Dei
634 2416 663 2453 a
703 2399 996 2463 Gauircdo,
1038 2399 1277 2469 ejusdem
1326 2414 1485 2469 proto
1514 2400 1715 2469 priore,
1759 2414 1922 2465 anno,
1974 2416 2080 2470 quo

492 2490 714 2546 fundata
765 2490 881 2545 hzec
913 2488 1047 2554 “fuit,
1092 2490 1292 2544 Christi
1341 2490 1477 2543 H36
1528 2500 1951 2562 transportatus,
2002 2493 2077 2547 uti

491 2579 663 2649 liquet
685 2594 748 2635 ex
770 2581 887 2648 ipso
911 2579 1000 2632 illo
1022 2580 1230 2644 cotlice,
1255 2580 1320 2632 ad
1338 2578 1491 2646 cujus
1525 2580 1727 2635 calcent
1753 2583 1867 2636 hzec
1897 2582 2079 2652 legun-

490 2684 586 2727 tur
621 2688 636 2729 :
686 2689 708 2723 «ι
754 2672 832 2726 Ex
873 2687 1058 2727 eremo
1080 2671 1397 2727 'Carthusiaa
1438 2672 1589 2736 Olim,
1620 2676 1777 2729 modo
1801 2672 1966 2730 eremi
2015 2679 2081 2733 de

494 2763 801 2820 Monte—Dei
832 2764 898 2818 ab
929 2779 1071 2818 anno
1107 2780 1367 2818 ncxxxri.
1406 2783 1424 2815 ι
1472 2765 1535 2818 Et
1567 2766 1831 2822 inferius:
1873 2787 1890 2819 ι
1936 2768 2078 2821 Cau-

493 2850 701 2918 fredus,
746 2853 900 2907 Prior
932 2853 999 2908 de
1045 2852 1344 2909 Monte-Dei
1390 2856 1577 2911 habuit
1611 2873 1675 2911 ex
1723 2859 1862 2914 dono
1894 2859 2075 2915 domui

492 2941 775 3014 Guigonis.
828 2962 847 2996 ι

566 3034 620 3087 5.
662 3033 739 3088 Ita
807 3035 919 3090 fere
966 3045 1228 3106 quantum
1282 3038 1769 3094 au’substautiam
1830 3039 2079 3098 laudatus

493 3122 757 3178 annalista'
781 3125 1180 3180 Curtltusiensis
1213 3125 1534 3197 aitoziimus,
1571 3132 1661 3198 qui
1696 3143 1981 3203 praeterea,
2018 3135 2076 3190 S.

2185 1950 2270 2004 hic.
2307 1949 2663 2018 Labbeusque
2693 1949 2812 2006 loco
2843 1968 3000 2021 supra
3039 1952 3132 2005 cit.
3163 1950 3492 2021 suppeditat,
3526 1951 3764 2021 ipsemet

2183 2039 2424 2110 Guigone
2452 2042 2505 2095 in
2538 2041 2673 2095 Viris
2703 2042 2878 2097 adhuc
2907 2045 3215 2112 sup..-rstite,
3260 2059 3352 2096 seu
3395 2051 3522 2097 ante
3558 2059 3764 2097 annum

2184 2131 2345 2197 1158,
2370 2148 2476 2202 quo
2502 2132 2589 2187 hic
2614 2133 2799 2187 vivere
2819 2132 2932 2200 jam
2957 2134 3211 2197 desierat,
3244 2133 3409 2187 fuisse
3429 2134 3762 2204 conscripta.

2181 2224 2299 2278 .lani
2349 2240 2498 2290 vero,
2548 2240 2671 2279 cum
2721 2239 2809 2279 res
2863 2226 2935 2279 ita
2984 2226 3074 2291 sit,
3129 2241 3394 2280 summam
3428 2241 3575 2280 sane
3613 2226 3766 2289 haec,

2182 2332 2412 2386 quorum
2447 2315 2787 2387 complexum
2811 2333 2912 2388 ego
2938 2318 3193 2387 deinceps
3224 2317 3508 2371 annalista:
3532 2306 3764 2371 Cartha-

2182 2410 2317 2463 siani
2341 2410 2593 2480 anonytni
2624 2408 2743 2479 plus
2769 2408 2933 2463 semel
2952 2409 3065 2479 jam
3090 2409 3287 2463 laudati
3308 2407 3555 2477 exemplo
3581 2426 3599 2459 ι
3628 2422 3765 2477 qua-

2184 2511 2305 2557 tuor
2332 2503 2630 2573 pritnorum
2662 2500 2964 2556 Carthusite
2997 2501 3239 2572 priorum
3266 2500 3572 2555 Chronicou
3612 2518 3629 2553 ι
3662 2514 3765 2570 ap-

2182 2595 2426 2665 pellabo,
2478 2594 2818 2664 simplicique
2865 2592 3117 2649 Chronici
3175 2593 3393 2647 nomine
3435 2592 3549 2662 jam
3598 2606 3761 2659 supra

2183 2686 2426 2751 distinxi,
2459 2686 2617 2739 ﬁdem
2646 2686 2785 2754 apud
2812 2700 3001 2739 omnes
3041 2694 3338 2750 merentur,
3371 2695 3555 2754 utpote
3584 2684 3635 2738 in
3666 2684 3761 2737 lit-

2187 2788 2329 2834 teras
2351 2778 2594 2848 conjecta
2619 2778 2687 2831 ab
2710 2787 2953 2840 auctore,
2982 2777 3085 2832 etsi
3118 2794 3222 2831 nou
3247 2786 3395 2833 certo
3422 2784 3566 2836 noto,
3601 2777 3769 2830 rebus

2184 2879 2386 2934 tamen,
2414 2885 2535 2939 quae
2564 2870 2615 2923 in
2656 2868 2723 2923 iis
2764 2878 3078 2934 narrantur,
3123 2866 3429 2939 synChrono
3454 2883 3519 2922 ac
3552 2868 3763 2922 verosi-

2185 2963 2385 3017 utiliter
2429 2964 2660 3033 ipsemet
2704 2960 2978 3031 Guigone,
3031 2963 3409 3032 pritnaevarum
3456 2959 3769 3021 Carthusite

2182 3055 2669 3117 Consuetudinum,
2723 3055 2919 3123 quibus
2965 3057 3153 3108 eadem
3206 3052 3573 3123 prteﬁguntur,
3622 3052 3770 3107 seri-

2184 3154 2359 3211 ptore,
2385 3144 2475 3211 qui
2504 3142 2779 3211 equidem,
2812 3141 2856 3196 si
2900 3157 3021 3211 qua:
3058 3143 3124 3197 de
3151 3142 3603 3212 quatuorprimis
3633 3142 3772 3196 Car-

492 3216 765 3273 Βωηοηίε
806 3217 1058 3288 Chiam“.
1100 3219 1152 3273 ill
1194 3220 1383 3274 codice
1427 3235 1524 3275 suo
1564 3222 1942 3292 antiquissimo
1988 3226 2080 3278 de-
2107 3204 2152 3264 (ί
2186 3230 2377 3285 thusia:
2433 3230 2712 3287 Prioribus
2775 3247 2840 3285 ac
2895 3233 3215 3286 nominatim
3278 3232 3336 3287 S.
3401 3233 3655 3287 Brunoue
3710 3232 3769 3285 in

494 3310 777 3381 scriptum,
808 3310 1111 3380 elogioque,
1152 3312 1293 3382 quod
1344 3312 1590 3368 Labheus
1631 3313 1748 3368 loco
1787 3329 1949 3385 supra
1985 3315 2077 3370 cit.

494 3400 737 3475 exhibet,
784 3400 1050 3469 apprime,
1091 3402 1166 3455 uti
1209 3418 1272 3455 ex
1317 3400 1560 3470 ejusdem
1609 3406 1894 3475 scriptoris
1924 3408 2084 3463 dictis

494 3471 728 3555 eruitur,
753 3506 1071 3554 consonum,
1104 3508 1226 3555 cui,
1249 3494 1490 3565 ejusdem
1514 3496 1685 3550 saacti
1710 3498 1910 3569 elogio,
1939 3501 2081 3569 quod

492 3580 772 3638 Launoius
801 3601 831 3638 e
860 3584 1045 3638 codice
1080 3584 1366 3640 Parisiensi
1395 3588 1695 3657 excerpsit,
1732 3605 1896 3644 ttnutn
1938 3606 2080 3655 esse,

490 3675 683 3743 paucis
740 3673 958 3741 additis,
1012 3684 1173 3745 atque
1223 3676 1387 3742 idem,
1442 3678 1690 3747 aliirmat,
1738 3682 1898 3736 trium
1955 3682 2080 3737 dein

495 3765 723 3819 aiiorum
774 3766 1033 3835 priorum,
1062 3764 1329 3822 Lauduini
1375 3769 1654 3837 nimirum,
1697 3771 1841 3827 Petri
1876 3773 2080 3829 Franci

496 3856 592 3912 séu
626 3857 921 3919 l‘t'auciSci,
969 3867 1022 3912 ct
1052 3858 1277 3914 Joannis
1318 3860 1502 3927 Tusci,
1543 3863 1632 3933 qui
1677 3864 1925 3931 proxime
1963 3879 2084 3936 post

500 3946 560 4002 S.
598 3946 904 4001 Brunonem
937 3945 1282 4004 Carthusiam
1323 3961 1601 4017 rexerunt,
1643 3953 1814 4023 elogia
1848 3954 2079 4026 integra,

498 4050 618 4110 qua:
644 4048 699 4095 et
739 4039 852 4110 ipsa
892 4055 1014 4095 cum
1044 4043 1357 4097 earumdem
1385 4042 1598 4113 elogiis,
1629 4047 1769 4115 apud
1804 4046 2080 4103 Labbeuut

496 4134 617 4190 loco
644 4147 805 4205 supra
842 4134 933 4188 cit.
983 4136 1343 4201 exstantibus,
1375 4136 1705 4191 adamussim
1756 4148 2080 4209 congruunt,

494 4240 529 4281 e
573 4225 761 4280 cddice
789 4240 888 4279 suo
937 4226 1316 4295 antiquissimo
1366 4210 1698 4290 tr.uiscribit,
1733 4243 1797 4282 ac
1834 4244 1983 4294 mox,
2016 4224 2085 4283 ne

499 4318 622 4389 quis
652 4317 830 4388 hujus,
858 4318 1001 4391 quod
1044 4319 1297 4390 elogium,
1333 4319 1562 4390 Cuigoui
1597 4321 1942 4387 alornatum,
1989 4322 2083 4373 ad-

499 4419 686 4465 notato
717 4410 879 4465 etiam
922 4410 1078 4481 hujus
1124 4410 1298 4476 obitu,
1328 4410 1419 4481 qui
1463 4426 1608 4465 anno
1650 4411 1785 4465 H57
1830 4410 2079 4480 contigit,

2183 3323 2451 3380 Chronico
2486 3323 2574 3377 illo
2604 3321 2932 3387 referuntur,
2982 3338 3086 3377 non
3126 3323 3429 3393 scripserit,
3460 3324 3773 3380 rerosimit-

2184 3415 2309 3470 liuie
2336 3415 2527 3469 saltem
2556 3414 2752 3470 viderit
2776 3414 3197 3487 aeapprobarit.

2254 3507 2307 3562 7.
2345 3506 2685 3577 Quapropter
2742 3517 2799 3561 ut
2849 3507 2903 3561 iu
2952 3507 3069 3579 ipso
3125 3507 3311 3562 statim
3370 3505 3768 3563 Conimentarii

2184 3597 2344 3666 hujus
2379 3598 2562 3652 limine
2594 3597 2863 3668 quoddam
2904 3599 3037 3654 Vita:
3072 3599 3257 3654 Sancti
3293 3600 3463 3654 nostri
3504 3615 3771 3671 compen-

2185 3688 2356 3748 ditun,
2382 3688 2465 3742 cui
2499 3696 2614 3743 tuto
2638 3687 2726 3742 ﬁdi
2750 3696 2935 3758 queat,
2962 3688 3204 3744 studioso
3230 3689 3416 3744 lectori
3449 3690 3768 3755 exhibeam,

2187 3780 2245 3834 S.
2264 3779 2542 3835 Brunonis
2563 3780 2819 3850 elogium,
2851 3780 3125 3836 Chronico
3152 3780 3225 3836 illi
3249 3781 3541 3846 inclusaut,
3567 3795 3771 3850 eaque,

2184 3886 2305 3942 quae
2354 3871 2407 3926 in
2454 3871 2560 3926 hoc
2604 3872 2669 3927 de
2718 3871 2808 3926 illo
2854 3881 3168 3936 narrantur,
3220 3872 3605 3943 complectens,
3658 3872 3779 3928 huc

2188 3962 2344 4017 modo
2385 3962 2709 4027 transcribo,
2754 3965 2915 4032 quale
2955 3964 3094 4032 apud
3126 3962 3401 4017 Labbeuin
3433 3963 3551 4018 loco
3579 3964 3743 4034 saepis
3763 3993 3780 4004 -

2185 4055 2322 4109 sime
2343 4053 2456 4122 jam
2486 4054 2582 4107 cit.
2613 4061 2810 4107 exstat.
2840 4053 2933 4108 Sic
2965 4054 3126 4107 habet
3163 4068 3178 4106 :
3220 4073 3238 4105 ι
3276 4053 3530 4124 Magister
3560 4055 3776 4121 Brutto,

2187 4146 2404 4200 natione
2441 4143 2767 4199 Teutonicus
2807 4160 2874 4200 ex
2911 4145 3171 4215 przeclara
3212 4147 3347 4201 urbe
3384 4146 3630 4212 Colonia,
3670 4162 3782 4217 pa-

2189 4236 2428 4293 rentibus
2473 4253 2579 4292 non
2625 4237 2871 4292 obscuris
2906 4237 3002 4308 [ah
3049 4239 3266 4291 additur
3325 4239 3532 4312 natus],
3572 4239 3783 4296 litteris

2190 4337 2295 4379 tam
2319 4326 2667 4380 saecularibus
2705 4341 2868 4395 quam
2897 4325 3096 4381 divinis
3117 4328 3272 4382 valde
3298 4330 3560 4393 munitus,
3588 4330 3783 4385 eccle-

2186 4416 2279 4472 si:e
2315 4415 2619 4479 Bernensis,
2658 4432 2778 4486 quae
2816 4416 2946 4471 nulli
2993 4416 3137 4474 inter
3176 4416 3483 4473 Galiicanas
3525 4421 3779 4474 secunda

502 4504 709 4575 pariter
754 4503 1053 4567 contineat,
1099 4504 1475 4574 antiquitatem
1529 4520 1692 4575 supra
1742 4503 2081 4558 adstructam
2112 4546 2160 4601 υ
2187 4518 2291 4573 est,
2340 4507 2631 4563 cauonicus
2658 4520 2729 4591 ,ει
2764 4506 3072 4563 scholarum
3115 4510 3397 4580 magister,
3436 4511 3625 4567 relicto
3667 4526 3785 4566 sa:-

502 4596 688 4654 forsan
716 4607 897 4669 neget,
930 4597 1002 4652 ita
1031 4596 1375 4667 prosequitur
1402 4613 1414 4649 :
1452 4613 1470 4647 ι
1508 4595 1631 4651 "(EC
1660 4595 1731 4649 ibi
1760 4597 1825 4650 de
1851 4606 2085 4665 quatuor

466 4750 469 4751 ν
502 4690 693 4762 primis
715 4689 1015 4747 Carthusice
1046 4688 1338 4758 prioribus,
1364 4687 1726 4760 statiniquein
1748 4689 1936 4742 eoJein
1961 4687 2086 4742 folio

503 4784 689 4854 (verso
728 4780 955 4851 scilicet)
994 4778 1093 4834 sub
1137 4776 1299 4833 tinem
1341 4778 1570 4832 alterius
1606 4777 1879 4847 (secundae
1927 4777 2086 4831 nimi-

508 4874 649 4944 rum)
695 4871 899 4943 pagiua:
944 4870 1135 4926 eodem
1191 4868 1528 4934 charactere,
1574 4881 1683 4937 quo
1731 4874 1875 4920 totus
1916 4867 2083 4927 codex

504 4975 764 5033 exaratos
809 4948 909 5026 est,
961 4962 1214 5033 inilloque
1260 4957 1544 5026 interiecto
1589 4958 1854 5013 linearum
1889 4960 2084 5030 spatio,

503 5056 831 5127 sequebatur
887 5053 1156 5109 indiculus
1213 5050 1572 5121 capitulorum
1631 5050 2085 5106 consuetudinum

501 5148 790 5218 Guigonis,
831 5147 924 5218 qui
964 5148 1017 5202 in
1065 5145 1237 5205 tribus
1274 5143 1484 5216 paginis
1530 5142 1883 5212 sequentibus
1914 5144 2086 5198 conti-

502 5250 700 5298 nuatus
727 5238 751 5293 f
753 5247 904 5294 uerat

576 5333 631 5386 6.
660 5352 677 5383 ι
712 5330 816 5387 Sed
839 5337 1023 5399 postea
1049 5326 1259 5397 priores
1297 5325 1451 5383 linea:
1489 5327 1649 5396 hujus
1689 5327 1935 5393 iudieuli,
1968 5344 2088 5400 quae

502 5410 782 5480 residuum
819 5420 1041 5475 alterius
1083 5420 1290 5488 pagina:
1332 5417 1489 5487 primi
1522 5418 1633 5474 folii
1664 5421 1998 5484 immediate,
2024 5433 2087 5487 ut

505 5530 630 5570 mox
682 5514 939 5572 diximus,
989 5519 1114 5585 post
1162 5509 1324 5563 breve
1369 5508 1603 5580 elogium
1652 5508 1877 5565 Joannis
1922 5511 2084 5568 Tusri

508 5604 709 5675 (quarti
757 5599 1059 5654 Carthasim
1103 5595 1322 5665 Majoris
1378 5601 1615 5673 prioris),
1645 5600 2019 5671 complebant,
2056 5619 2085 5657 a

508 5689 795 5746 recentiori
827 5702 1010 5751 manu,
1045 5702 1164 5757 qua:
1204 5687 1558 5745 nihilominus
1583 5692 1800 5747 videtur
1831 5693 2083 5748 vetustis-

509 5779 684 5845 sima,
742 5775 1042 5859 obliterata:
1091 5776 1181 5871 λιιι
1238 5786 1320 5833 est
1377 5782 1679 5851 exponetur)
1730 5781 1971 5850 fuerunt,
2033 5792 2084 5838 et

2189 4598 2334 4662 culo,
2360 4612 2603 4652 eremum
2625 4598 2928 4655 Carthusiae
2953 4599 3217 4665 fundavit,
3241 4610 3293 4656 et
3312 4602 3445 4655 rexit
3466 4618 3558 4655 sex
3586 4603 3782 4657 anuis.

2189 4686 2311 4757 Qui,
2343 4696 2565 4758 cogente
2615 4704 2748 4759 papa
2792 4688 3030 4755 Urbano,
3065 4690 3218 4761 cujus
3247 4692 3516 4760 quondam
3564 4706 3789 4762 praece-

2190 4790 2310 4847 ptor
2339 4780 2533 4845 fuerat,
2564 4780 2861 4835 Romanam
2896 4782 3135 4852 perrexit
3160 4783 3226 4838 ad
3254 4784 3488 4850 curiam,
3513 4785 3785 4840 eumdem

2191 4869 2388 4938 Papam
2430 4870 2623 4927 solatio
2662 4880 2714 4926 et
2752 4873 2977 4927 consilio
3021 4872 3073 4927 iu
3110 4873 3510 4929 Eetrlesiasticis
3539 4878 3793 4945 negotiis

2182 4964 2488 5034 juvatuius.
2523 4961 2629 5018 Sed
2660 4979 2783 5017 cum
2827 4963 3092 5019 tumultus
3122 4974 3177 5018 et
3213 4980 3392 5020 mores
3428 4965 3591 5020 curiae
3625 4965 3793 5022 ferre

2191 5067 2296 5106 non
2324 5060 2525 5120 posset,
2560 5052 2762 5107 relictae
2797 5053 3105 5108 solitudinis
3134 5063 3189 5108 et
3217 5054 3418 5125 quietis
3460 5070 3645 5108 amore
3677 5053 3794 5109 ﬂa-

2189 5158 2373 5213 graus,
2408 5145 2595 5199 relicta
2631 5146 2805 5208 curia,
2853 5157 3163 5216 contempto
3190 5147 3355 5200 etiam
3404 5147 3794 5217 archiepisco-

2190 5242 2317 5304 patu
2374 5233 2694 5305 Bhegiensis
2747 5234 3015 5301 ecclesiae,
3082 5238 3148 5289 ad
3208 5252 3400 5304 quem,
3454 5237 3570 5305 ipso
3626 5236 3792 5308 Papa

2189 5327 2423 5393 volente,
2464 5326 2666 5383 electus
2709 5324 2907 5391 fuerat,
2954 5326 3006 5381 in
3054 5326 3318 5382 Calabriae
3366 5344 3628 5394 eremum,
3682 5334 3791 5385 cui

2189 5416 2377 5471 Turris
2418 5431 2613 5470 nomen
2661 5425 2763 5481 est,
2805 5418 3067 5471 successit
3117 5415 3210 5489 [αι.
3252 5417 3459 5485 melius,
3499 5419 3795 5491 secessit],

2192 5505 2392 5575 ibique,
2453 5503 2607 5558 laicis
2655 5513 2710 5559 et
2754 5504 2967 5560 clericis
3023 5505 3440 5576 quamplurimis
3497 5507 3796 5576 adunatis,

2190 5594 2442 5664 solitariae
2484 5595 2607 5648 vitae
2649 5599 3007 5665 propositum,
3044 5599 3279 5667 quandiu
3319 5599 3475 5664 vixit,
3503 5599 3797 5655 exercuit.

2188 5688 2371 5758 Ibique
2395 5686 2681 5743 defunczus
2705 5689 2959 5744 humatus
2982 5701 3063 5745 est
3088 5700 3204 5759 post
3236 5705 3515 5764 egressura
3541 5689 3802 5747 Carthus

2190 5782 2281 5837 size
2304 5780 2586 5837 undecimo
2616 5781 2734 5852 plus
2768 5782 2941 5839 minus
2965 5799 3121 5840 anno.
3165 5802 3184 5835 ι
