1931 3155
868 177 969 207 ACTA.

1702 174 1737 208 ιι

138 239 164 266 8.
185 236 310 273 Elogium
331 236 384 265 hoc
405 237 433 265 in
456 236 652 265 Commentarii
675 235 756 271 huius
780 234 899 264 decursu
914 238 937 265 Α
951 235 1088 266 alumnus.
1112 235 1297 267 concinnavit,
1323 239 1403 270 atque
1425 235 1458 262 ad
1480 234 1637 263 decessores
1661 243 1736 264 meos

104 286 160 313 usui
176 292 230 313 non
247 292 311 311 raro
325 284 394 317 erit;
410 285 558 316 notandum
571 288 664 319 autem
682 283 716 311 de
730 287 830 311 ezetero
843 287 895 316 est,

104 335 219 367 quatuor
235 330 349 359 ultimas
358 330 417 365 ejus
432 337 524 362 voces,
537 330 588 358 etsi
606 329 633 356 in
647 329 801 357 Carthasim
820 327 897 356 Paria

947 287 1019 310 anno
1031 280 1098 307 1727
1113 281 1274 308 transmisit.

983 324 1026 352 10.
1043 324 1089 352 Vir
1100 325 1143 354 hic
1159 326 1312 361 religiosus,
1327 325 1441 354 scicntia
1458 333 1512 353 non
1530 325 1631 359 minus,
1647 329 1677 353 ut
1690 326 1736 364 vel

103 375 200 403 sieusis
215 375 323 407 codice,
342 383 358 404 e
374 383 428 410 quo
443 375 507 402 illud
523 374 664 402 Lauuoius
683 374 709 402 in
727 374 897 404 Dissertatio.
948 369 1034 397 ωἰιιιη
1054 370 1107 398 hoc
1126 367 1437 406 opus'labumle'probat,
1458 379 1538 406 quam
1557 372 1656 407 pietate
1672 372 1737 399 insi-

102 428 163 448 nem
182 427 262 447 suam
277 428 358 454 supra
374 420 510 449 laudatam
528 420 630 453 intulit,
643 427 696 447 non
712 419 895 452 inveniantur,

104 466 263 493 retinendas
281 470 372 494 tamen
385 473 457 498 esse,
471 473 533 493 cum
551 470 577 493 et
598 473 613 492 a
632 465 786 501 Labbeo_in
804 465 898 492 codice

105 509 231 537 Bernensi
255 509 285 536 S.
304 509 431 545 Remigii,
452 514 480 537 et
499 511 534 538 ab
557 510 701 537 Annalium
720 509 896 538 Cartlmsien-

104 554 171 581 sium
185 553 250 581 libri
261 554 350 588 quarti
370 554 501 581 hactenus
517 562 568 581 non
587 554 686 590 vulgati
704 559 816 583 auclore
832 563 899 583 ano-

104 605 193 634 nymo,
210 603 268 625 tum
289 599 316 625 in
328 597 385 633 jam
404 606 485 634 supra
499 604 648 627 memorato
669 600 774 633 codice,
788 600 899 635 reliquis

103 643 232 670 omnibus
253 643 418 678 antiquiore,
435 649 491 671 tum
506 645 590 672 etiam
604 645 632 672 in
648 645 719 678 aliis,
736 645 774 673 uti
787 646 811 673 is
826 646 898 680 ipse-

106 691 159 714 met
175 691 303 721 testatur,
327 687 430 716 fuerint
452 694 576 724 repertm,
599 690 726 726 exigique
748 691 783 718 ad
803 698 899 719 sensus

106 732 338 768 complementum
365 734 519 762 videantur.
542 735 583 762 Ad
611 735 727 762 alterum
751 743 767 763 e
795 736 899 763 duobus

106 778 260 810 Chronicis,
279 780 351 814 quod
366 780 443 816 plura
465 781 554 809 adhuc
568 781 602 809 de
614 781 645 809 S.
660 782 788 810 Brunone
802 790 901 817 suppe-

107 824 184 857 ditat,
205 826 334 861 quodque
351 827 431 862 quale
452 827 500 860 sit,
518 832 548 855 et
569 829 677 863 quando
694 828 836 863 scriptum,
857 828 901 857 hic

107 871 189 898 etiam
204 869 420 907 discutiendum,
432 872 487 907 iam
500 874 670 909 progredior.
686 874 766 902 Aliud
781 875 831 903 hoc
846 883 899 902 non

106 922 158 951 est,
170 926 253 953 quam
267 918 440 947 Carlhusiani
455 929 523 956 opus
536 929 584 949 seu
600 926 745 955 tractatus,
757 923 791 951 de
804 931 858 958 quo
870 924 899 951 in

106 968 156 988 sua
168 963 201 990 de
213 963 456 992 Carthusianorum
469 965 554 995 initiis
567 965 764 995 Dissertatione
775 976 849 995 itum.
865 968 899 996 57

106 1012 135 1034 et
149 1008 209 1036 aliis
218 1008 342 1044 pluribus
353 1009 475 1039 Joannes
488 1011 623 1043 Columbi.
640 1012 787 1040 Soeietatis
801 1019 901 1041 nostra-

108 1054 248 1087 sacerdos,
265 1053 324 1082 fuse
339 1055 457 1088 disserit,
480 1062 555 1085 recte
576 1058 675 1085 ibidem
693 1066 768 1086 num.
787 1059 817 1086 6i
839 1067 902 1094 pro-

108 1099 187 1133 bans,
204 1100 364 1129 Tractatum
389 1102 463 1130 illum
483 1103 676 1132 concinnatum
699 1113 753 1132 non
777 1105 862 1134 fuisse
886 1114 902 1134 a

105 1143 253 1173 Guillelmo
265 1146 299 1174 de
310 1146 408 1174 Elbura
422 1155 469 1176 seu
483 1149 517 1176 de
533 1149 679 1184 Yporegia,
695 1155 753 1183 aut,
767 1151 789 1179 si
804 1152 901 1185 mavis.

107 1189 146 1216 ab
157 1196 268 1219 auctore
281 1196 414 1220 tractatus
425 1195 459 1221 de
475 1194 586 1231 Origine
600 1200 627 1223 et
643 1196 759 1224 veritate
771 1196 903 1232 perfectae

109 1235 259 1271 religionis,
275 1237 332 1265 sive
346 1237 369 1266 is
384 1246 488 1272 revera,
506 1244 536 1267 ut
551 1240 674 1269 Columbi
692 1243 809 1278 putavit,
827 1242 904 1271 Guil-

107 1278 206 1308 Ielmus
221 1281 256 1309 de
270 1282 368 1310 Elbura
383 1284 429 1316 sit,
451 1285 508 1313 sire
526 1285 606 1319 Bosa,
625 1286 749 1316 decimus
770 1290 904 1325 septimus

109 1324 264 1355 Carthtisiz
287 1328 399 1365 Maioris
429 1330 515 1365 prior,
537 1336 568 1359 ut
585 1331 687 1367 pluries
704 1333 761 1368 jam
782 1334 904 1363 laudatus

110 1373 246 1402 annalist:
261 1382 425 1411 anonymus,
444 1376 489 1412 qui
507 1376 740 1406 Carthusiensium
758 1379 903 1408 Annalium

108 1418 212 1446 librum
233 1424 363 1455 quartum
388 1420 519 1449 hactenus
542 1430 596 1450 non
619 1422 757 1459 vulgatum
781 1425 902 1460 scripsit,

109 1470 189 1491 num.
205 1464 240 1492 55
255 1466 405 1499 contendit,
427 1474 510 1502 seque
530 1473 623 1503 postea
641 1471 818 1505 probaturum
839 1480 902 1507 pro-

109 1509 207 1538 mittit.

145 1555 174 1584 9.
195 1555 261 1590 Quis
274 1555 384 1585 interim
400 1557 491 1591 fuerit,
508 1563 555 1587 aut
569 1560 641 1594 quod
662 1568 760 1590 nomen
779 1562 904 1591 habuerit

111 1599 184 1627 alter
202 1600 245 1628 ille
265 1601 473 1640 Carthasianus,
495 1603 541 1638 qui
563 1608 708 1632 tractaturo
729 1614 776 1634 seu
791 1606 905 1635 Chroni-

111 1653 174 1679 con,
192 1654 208 1673 a
228 1645 370 1675 Columbio
386 1654 575 1683 memoratum,
598 1652 747 1685 contexuit,
770 1653 841 1680 nulla
861 1661 906 1680 ra-

110 1690 189 1718 tione
207 1693 359 1727 compcrire
372 1693 458 1728 quivi,
481 1694 637 1731 nullumque
658 1696 681 1723 is
703 1697 779 1730 operi
800 1697 906 1726 titulum

110 1736 248 1771 prefuit;
264 1738 335 1765 unde
347 1737 461 1775 factum,
473 1744 502 1766 ut
516 1739 543 1767 id
557 1740 592 1766 ab
605 1740 666 1768 aliis
678 1741 786 1776 quidem
798 1751 809 1767 ί
825 1743 908 1770 Clrro-

111 1781 177 1809 nica
196 1781 229 1809 de
251 1783 364 1810 exordio
383 1783 493 1811 Ordinis
515 1783 730 1818 Carthusicnsis,
754 1796 764 1812 ι
792 1787 826 1814 ab
845 1787 907 1814 aliis

109 1834 183 1855 vero
207 1837 216 1854 ι
239 1827 383 1857 Tractatus
396 1830 429 1857 de
440 1830 600 1858 narratione
621 1831 743 1859 historia:
758 1832 908 1860 inchoatio-

109 1873 158 1902 nis
179 1877 211 1901 et
233 1875 411 1909 promotionis
434 1875 545 1904 Ordinis
568 1877 772 1905 Carthusieusis
790 1888 801 1905 ν
828 1878 909 1907 fuerit

109 1924 253 1947 vocatum.
273 1920 307 1948 Et
319 1925 382 1957 apte
398 1921 506 1956 quidem
522 1926 578 1949 tam
593 1923 656 1955 hoc,
677 1930 758 1958 quam
773 1923 818 1951 illo
832 1924 909 1952 titulo

109 1964 208 2000 potuit
218 1965 354 2001 insigniri;
368 1966 480 1999 etenim,
497 1971 526 1994 ut
536 1967 661 1995 laudatus
672 1967 795 1995 Columbi
811 1970 910 2004 (neque

110 2010 192 2037 enim
210 2018 275 2045 opus
290 2011 355 2038 illud
375 2011 510 2048 integrum
530 2013 564 2040 ad
582 2021 691 2040 manum
713 2014 810 2049 habeo)
834 2022 908 2042 nunt.

109 2055 147 2083 49
162 2056 203 2083 de
218 2055 460 2085 Carlhusianorunt
479 2058 565 2085 initiis
580 2058 668 2091 docet,
688 2059 714 2086 in
735 2059 803 2087 duas
814 2065 911 2095 partes

111 2101 242 2128 diversas
262 2106 304 2129 est
323 2103 451 2135 divisum,
477 2111 591 2138 quarum
611 2104 697 2132 altera
722 2106 912 2141 complectitur

108 2144 231 2173 Ordinis
245 2146 447 2177 Carthusiensis
465 2148 679 2182 inchoationem,
695 2148 779 2176 altera
795 2149 824 2177 S.
845 2150 912 2177 Bru—

112 2198 221 2218 nonem
231 2192 426 2228 proximosque
440 2195 473 2222 ab
486 2186 519 2222 eo
532 2199 649 2229 quatuor
663 2195 816 2223 Carthusia:
831 2196 912 2231 Majo-

918 903 937 932 ll

951 416 1023 451 guis,
1048 416 1181 451 integrum
1203 416 1230 444 in
1254 417 1279 444 id
1299 417 1387 444 intulit
1404 416 1434 444 S.
1456 416 1590 445 Brunonis
1607 417 1735 453 elogium,

948 461 1112 496 descriptum
1126 469 1142 490 e
1160 461 1283 497 praefato,
1297 463 1335 490 uti
1351 462 1375 489 id
1391 467 1471 490 vocat
1487 463 1585 498 aliique
1603 462 1737 490 nihilomi-

949 514 1000 534 nus
1024 506 1120 538 aliter,
1149 511 1178 533 ut
1199 506 1255 541 jam
1280 507 1375 540 docui,
1407 505 1565 543 appellant,
1588 508 1737 543 primorum

949 552 1067 587 quinque
1082 552 1185 587 Magum.
1202 552 1353 581 Cartltusize
1370 553 1497 582 Priorum
1514 554 1662 586 Chronico,
1686 562 1734 582 seu

949 597 1137 631 antiquissimo
1153 597 1233 632 hujus
1255 599 1415 633 exemplari,
1439 604 1502 626 ante
1525 607 1622 634 annos,
1645 599 1684 627 uti
1705 606 1739 627 ex

949 642 1153 669 characterilms
1163 646 1296 675 autumat,
1308 642 1386 670 facile
1393 644 1605 679 quadringentos
1614 650 1738 676 exarata.

948 687 1020 721 quod
1046 687 1072 714 in
1092 686 1335 715 Carthusianormn
1355 688 1556 717 Coloniensium
1576 691 1738 718 bibliotheca

950 739 1116 767 asservatur,
1134 735 1195 762 huic
1209 734 1272 762 olim
1293 743 1307 762 a
1322 735 1403 762 Petro
1418 736 1543 769 liii'ickio,
1555 737 1656 775 insigni
1671 737 1738 765 Car-

952 778 1048 806 thusiae
1061 778 1233 807 Coloniensis
1245 779 1426 810 benefactore,
1440 779 1578 812 donatum,
1595 782 1741 817 integrum-

951 831 1004 859 que
1027 831 1060 851 ac
1084 825 1218 852 sincerum
1242 833 1275 853 ex
1300 824 1443 853 collatione
1467 834 1527 853 cum
1553 828 1741 863 antiquissiuo

951 869 1102 898 Carthusia:
1127 870 1236 905 Maioris
1262 870 1412 906 exemplari
1440 871 1648 907 deprehensum.
1675 873 1740 901 Illud

953 924 1002 951 ego
1018 915 1111 944 Sancti
1133 916 1218 944 nostri
1242 916 1372 952 elogium,
1398 916 1466 944 Vita:
1481 918 1642 952 antiquioris
1663 918 1741 946 titulo

952 961 1121 997 insignitum.
1135 962 1309 998 numerisque
1320 970 1371 998 pro
1382 970 1458 990 more
1469 968 1561 990 nostro
1572 964 1741 995 distincunn,

951 1017 967 1036 ι
979 1008 1049 1034 ltiiiis
1061 1007 1155 1040 etiam,
1169 1007 1212 1034 ubi
1231 1015 1381 1043 congruam
1403 1008 1494 1039 fuerit,
1514 1008 1547 1035 ad
1564 1008 1665 1035 calcem
1688 1009 1739 1035 An-

952 1052 1147 1084 nal-tionibus,
1174 1052 1375 1080 Commentario
1397 1053 1462 1080 huic
1484 1053 1677 1088 subjuncturtts
1701 1053 1743 1080 id-

952 1098 1025 1125 eirco
1040 1106 1110 1128 sum.
1130 1097 1202 1132 quod
1224 1098 1356 1133 scriptum
1376 1098 1450 1126 aliud
1470 1099 1620 1134 antiquius,
1644 1099 1671 1127 in
1690 1107 1744 1135 quo

953 1145 1030 1180 p‘tura
1045 1143 1079 1171 de
1099 1144 1223 1172 Brnnone
1240 1149 1445 1178 recenseantur,
1459 1153 1514 1172 non
1531 1145 1691 1174 invenerim.
1710 1146 1744 1174 Et

953 1189 1039 1217 lector
1066 1190 1196 1225 quidem,
1225 1198 1307 1226 quam
1335 1191 1419 1218 multa
1447 1191 1480 1219 de
1509 1197 1603 1219 sancto
1632 1191 1743 1221 Ordinis

953 1235 1156 1264 Carthusicnsis
1183 1236 1342 1264 lnstitntore
1368 1237 1470 1265 dictum
1493 1236 1610 1273 elogium
1643 1246 1743 1276 suppe-

955 1281 1034 1314 ditet,
1048 1280 1127 1310 facile
1144 1282 1170 1310 id
1193 1282 1343 1310 evolvendo
1357 1283 1562 1318 deprehendet;
1580 1291 1661 1319 quam
1679 1290 1745 1312 vero

955 1326 1026 1355 idem
1037 1328 1179 1363 antiquum
1193 1328 1240 1361 sit,
1261 1333 1382 1363 pateseet
1403 1336 1437 1356 ex
1458 1329 1502 1362 iis,
1524 1337 1585 1365 quae
1602 1329 1635 1357 de
1656 1329 1745 1357 Chro-

954 1371 1007 1399 niei
1022 1390 1031 1404 ,
1061 1380 1095 1400 ex
1122 1380 1176 1408 quo
1201 1373 1374 1409 desumptum
1409 1377 1472 1406 est,
1503 1374 1666 1409 antiquitate
1690 1373 1746 1409 jam

954 1418 1054 1446 dicam.

991 1464 1034 1492 ll.
1055 1464 1112 1493 Hoc
1127 1464 1184 1500 jam
1199 1464 1261 1493 inde
1275 1466 1310 1493 ab
1325 1472 1397 1493 anno
1414 1465 1525 1494 circiter
1543 1465 1610 1493 1151
1631 1473 1680 1494 seu
1695 1465 1746 1493 sub

955 1509 1064 1543 Basilio,
1082 1511 1128 1546 qu-i
1146 1511 1298 1539 Carthusiae
1311 1511 1346 1539 ab
1363 1512 1414 1539 hoc
1428 1519 1500 1539 anno
1514 1511 1547 1539 ad
1561 1519 1662 1539 annum
1680 1510 1747 1550 1173

956 1555 1073 1592 ριςιεῙιιὶι,
1098 1556 1226 1592 scriptum
1249 1564 1321 1590 esse,
1344 1557 1463 1585 Joannes
1486 1556 1620 1589 Columbi.
1647 1557 1749 1592 plur-ias

953 1600 1009 1636 jam
1020 1602 1156 1635 laudatus,
1167 1603 1196 1629 in
1216 1609 1266 1631 sua
1283 1602 1316 1630 de
1327 1602 1569 1631 Carthasianorum
1585 1603 1670 1641 initiis
1682 1604 1745 1637 Dis-

957 1647 1106 1674 sertatioae
1119 1654 1193 1674 ιιιιιιι.
1210 1647 1242 1674 57
1258 1652 1285 1674 ct
1304 1648 1391 1675 tribus
1408 1641 1485 1683 seqq.
1505 1649 1655 1677 contendit.
1673 1649 1748 1686 lianc

959 1698 1048 1719 autem
1062 1699 1137 1720 suam
1151 1692 1305 1727 opinionem
1324 1693 1440 1727 probare
1459 1693 1554 1720 nititur
1567 1701 1600 1721 ex
1613 1700 1658 1727 eo,
1676 1695 1747 1729 quod

958 1741 1054 1764 auctor
1067 1737 1195 1765 Chrenici
1213 1745 1374 1774 anonymns,
1388 1742 1532 1774 postquam
1548 1738 1678 1773 prmfatus
1696 1745 1747 1773 est,

959 1791 1018 1810 sese
1032 1792 1045 1809 ιι
1061 1783 1098 1810 De
1115 1783 1234 1817 antiquis
1248 1783 1416 1817 sapientibus
1431 1788 1459 1810 et
1478 1784 1580 1811 sanctis
1598 1784 1749 1813 fundatori-

959 1828 1019 1859 bus,
1035 1835 1066 1855 ac
1078 1828 1278 1862 promotoribus
1289 1827 1399 1855 Ordinis
1411 1828 1614 1857 Czu‘thusiensis
1629 1839 1637 1855 ι
1652 1835 1752 1858 tracta-

961 1878 1059 1904 turum.
1081 1873 1153 1901 solos
1170 1873 1199 1901 in
1219 1873 1294 1901 hisce
1315 1873 1479 1906 Brunonem,
1503 1874 1683 1910 Landuinum,
1699 1876 1752 1904 Pe-

961 1922 1043 1949 trum,
1054 1917 1186 1946 Joannem
1200 1923 1225 1945 et
1238 1917 1390 1954 Guigonem
1404 1924 1528 1955 reponat,
1542 1919 1752 1957 Aulelmmnque

960 1964 1104 1999 septimum
1118 1969 1145 1992 et
1159 1964 1287 1992 Basiliam
1308 1969 1432 1992 octavum
1448 1965 1598 1993 Carthasim
1616 1966 1750 1998 Priorem,

961 2010 1006 2045 qui
1031 2014 1132 2043 tamen,
1157 2015 1186 2038 ut
1207 2010 1324 2038 dilucide
1345 2011 1475 2044 ostendit,
1501 2012 1621 2047 antiquis
1642 2011 1752 2040 Ordin's

961 2056 1163 2084 Carthusiensis
1178 2055 1365 2085 fundatoribus
1379 2065 1411 2085 ac
1431 2057 1634 2093 promotoribus
1656 2065 1753 2085 accen-

962 2102 1037 2129 sendi
1056 2100 1157 2129 ‘merito
1177 2107 1252 2133 sunt.
1269 2102 1381 2130 silentio
1404 2107 1558 2137 praetereat.
1580 2102 1667 2135 Unde,
1687 2110 1747 2142 cum

963 2147 1021 2174 fieri
1035 2147 1062 2174 id
1076 2148 1124 2175 abs
1140 2147 1184 2176 illo
1205 2147 1353 2180 existimet,
1374 2148 1444 2182 quod
1466 2148 1505 2180 hi,
1524 2156 1585 2175 cum
1609 2148 1752 2181 scriberet,

963 2193 1067 2227 antiqui
1081 2200 1134 2220 non
1149 2198 1249 2225 essent,
1261 2193 1403 2228 scripsisse
1415 2200 1478 2219 eum
1487 2191 1543 2226 jam
1558 2191 1620 2220 inde
1633 2193 1667 2220 ab
1681 2200 1753 2220 auro

111 2239 153 2267 τί,
166 2237 290 2272 Prior-cs,
307 2246 356 2267 suo
374 2248 496 2276 quosque
509 2240 610 2269 Ordine
626 2242 741 2277 ροδίιοε,
761 2242 911 2278 elogiisquc
927 2244 950 2270 Ι)
963 2237 1074 2265 circiter
1096 2237 1162 2264 1151
1192 2245 1239 2264 seu
1271 2237 1321 2264 sub
1344 2236 1455 2269 Basilio,
1480 2241 1577 2264 octavo
1601 2237 1754 2265 Carthasim

107 2290 253 2320 praeterea
266 2285 348 2313 etiam
363 2287 542 2320 ornatos,uti,
556 2292 686 2322 quantum
699 2288 732 2314 ad
747 2290 798 2316 hoc
809 2294 912 2324 postre-

109 2337 209 2362 mum,
223 2330 345 2366 intelligo
361 2338 394 2359 ex
414 2331 522 2371 litteris,
536 2331 646 2360 Colonia
660 2333 808 2369 Agrippina
822 2334 855 2362 ad
870 2342 912 2362 me

111 2376 194 2404 datis
215 2376 251 2404 ab
263 2377 416 2412 Augustino
437 2378 620 2412 Aldenbruck,
645 2372 914 2408 Societatis‘nostrze

111 2422 287 2455 sacerdote,
313 2431 375 2450 eum
403 2419 472 2451 idem
499 2432 589 2459 opus,
620 2425 689 2460 apud
719 2425 914 2454 Carthnsianos

113 2469 227 2497 ibidem
234 2473 457 2505 exstans,r0gatu
465 2478 524 2497 meo
531 2470 573 2498 hie
586 2469 680 2498 fuisset
694 2476 841 2498 scrutatus.
859 2471 914 2506 Ego

118 2516 148 2543 id
159 2524 177 2542 a
194 2519 270 2549 parte
282 2516 427 2551 prmcipua,
444 2523 504 2550 qua:
517 2516 637 2551 quinque
645 2517 749 2552 primos
763 2516 915 2545 Carthusiae

109 2562 245 2593 Priores,
261 2566 380 2594 servato,
396 2569 449 2596 quo
468 2561 640 2589 Carthusiam
663 2570 768 2596 rexere,
785 2564 916 2599 tempon‘s

111 2607 232 2639 ordine,
247 2606 367 2639 exhibet,
387 2615 398 2632 ι
422 2606 574 2634 Primorum
596 2607 715 2642 quinque
731 2607 833 2643 Magna:
851 2608 917 2636 Car-

112 2652 222 2679 thusiaa
249 2651 374 2679 Priorum
405 2651 557 2680 Chronicon
576 2662 585 2677 ›
603 2652 730 2687 deinceps
759 2652 914 2688 appellabo,

113 2699 354 2735 quemadmodum
369 2699 451 2725 etiam
463 2703 528 2726 ante
540 2706 582 2725 me
595 2697 652 2731 jam
673 2697 774 2726 factum
792 2698 870 2726 video
887 2698 916 2725 in

113 2754 177 2773 ms.
196 2753 260 2780 quze
278 2752 362 2780 penes
385 2752 428 2772 me
451 2749 503 2776 est,
529 2744 562 2771 de
584 2744 616 2771 S.
644 2744 770 2772 Brunoue
796 2744 917 2772 Diatriba

114 2789 531 2825 tihronologico-diplomatiea,
550 2797 631 2825 quam
656 2789 687 2816 F.
707 2789 821 2817 Michael
841 2789 913 2817 Mor-

116 2837 210 2864 du-ns
225 2856 232 2870 ,
257 2835 367 2864 Ordinis
392 2835 594 2864 Carthusicnsis
619 2835 739 2864 Colonia:
763 2835 918 2871 Agrippina}

964 2283 1067 2315 Priora,
1089 2283 1236 2311 concludit.
1258 2282 1357 2310 Verum
1379 2283 1443 2318 quid
1464 2282 1487 2310 si
1511 2286 1606 2310 auctor
1623 2283 1752 2311 Chronini

964 2335 1124 2364 anonymus,
1148 2335 1209 2355 cum
1227 2326 1283 2362 jam
1307 2327 1463 2355 Brunoacm
1491 2328 1611 2363 aliosque
1636 2333 1755 2363 quatuor

964 2382 1027 2402 mox
1041 2374 1194 2401 nominatos
1211 2374 1400 2406 recensuisset.
1418 2381 1472 2408 quo
1491 2374 1581 2402 minus
1596 2374 1753 2401 Antelmum

964 2421 1065 2456 pariter
1085 2429 1117 2448 ac
1134 2420 1262 2448 Basiliam
1285 2425 1440 2448 recenseret
1456 2420 1499 2448 vel
1522 2426 1608 2448 morte
1628 2420 1670 2449 vel
1693 2421 1754 2448 aliis

965 2467 1091 2503 gravibus
1115 2466 1355 2495 intervenientibus
1376 2466 1467 2494 causis
1484 2465 1570 2494 fuerit
1593 2467 1756 2502 impeditus?

965 2513 1034 2547 Quid
1055 2513 1077 2540 si
1096 2513 1269 2548 antiquarunt
1294 2520 1341 2540 seu
1361 2512 1550 2548 primmvarum
1577 2512 1755 2540 Consuetudi-

966 2567 1042 2592 num,
1062 2567 1076 2586 a
1099 2558 1220 2594 Guigone
1240 2558 1414 2593 scriptarum,
1440 2557 1509 2585 liber
1531 2551 1615 2593 (hunc
1636 2559 1708 2586 enim
1733 2559 1756 2586 is

966 2604 1082 2639 scriptor
1112 2612 1261 2640 anonymus
1289 2604 1339 2631 sub
1362 2602 1441 2630 linem
1470 2602 1539 2631 Vitm
1563 2603 1593 2631 S.
1622 2603 1755 2630 Brunonis

966 2649 1077 2677 edenda:
1092 2656 1141 2684 pro
1153 2648 1294 2676 emortuali
1311 2648 1391 2684 hujus
1402 2657 1474 2676 anno
1490 2648 1596 2684 figendo
1609 2647 1710 2683 laudat)
1722 2650 1755 2675 ad
1793 2670 1799 2693 ἶ

967 2695 1076 2723 modum
1112 2694 1218 2722 Codicis
1252 2694 1349 2722 Montis
1365 2695 1412 2722 Dei
1446 2694 1650 2730 antiquissimi,
1687 2694 1756 2722 alio-
1792 2699 1797 2703 ’

967 2748 1081 2776 rumque
1096 2739 1223 2775 plurium,
1242 2741 1287 2775 qui
1303 2748 1376 2768 num.
1399 2740 1416 2767 4
1434 2744 1461 2767 et
1482 2740 1499 2766 5
1520 2740 1661 2767 memorati
1682 2745 1755 2773 sunt,

967 2786 1132 2820 easdemque
1146 2785 1276 2821 Guigonis
1291 2784 1507 2812 Consuetudines
1520 2784 1671 2818 continent,
1686 2785 1757 2814 solos

969 2831 1088 2866 quinque
1101 2831 1204 2866 primos
1220 2829 1369 2859 Carthasim
1389 2829 1495 2865 priores
1509 2829 1536 2857 in
1552 2830 1640 2866 capite
1657 2834 1758 2867 pratu-
