4016 6310
0 0 17 765 κ

443 370 509 423 15
1246 360 1305 421 S.
1350 362 1702 422 BltUNONIS
1746 354 2392 421 CARTHUSIANORUM
2420 355 2904 418 INSTITUTORIS
3646 360 3714 417 10

444 482 591 546 lerit,
627 479 833 549 hosque
862 476 1089 549 proinde
1126 479 1271 535 solos
1305 480 1398 533 ille
1430 481 1483 533 in
1530 477 1769 547 antiquis
1816 475 2034 533 Ordinis
2063 483 2109 541 Α
2138 477 2373 545 suppetit
2421 484 2601 530 tamen
2643 485 2926 543 przetcrea,
2969 489 3078 545 quo
3118 485 3248 545 quot
3291 477 3451 533 annis
3494 488 3620 533 ante
3670 480 3722 534 id

444 569 846 627 Carthasiensis
911 568 1296 625 fundatorihus
1349 585 1413 625 ac
1471 568 1873 639 promomribus
1929 567 2029 621 ha-

443 662 658 724 buerit,
712 669 807 714 aut
855 669 1005 717 certe
1059 660 1371 716 Antelmum
1426 671 1484 715 et
1531 659 1832 722 Basiliam,
1888 655 2031 727 quod

445 766 548 807 nec
609 752 810 807 ibidem
883 760 1214 807 memoratos
1282 752 1590 817 invenerit,
1654 765 1755 806 nec
1814 750 2032 804 aliunde

442 845 585 897 forte
629 850 716 897 sat
752 843 998 915 cognitos
1040 842 1321 909 habuerit,
1363 843 1581 898 silentio
1626 841 2031 911 praetereundus

440 932 696 987 duxerit?
1305 940 1319 950 '

512 1023 599 1078 12.
631 1023 773 1079 Utut
794 1024 885 1087 sit,
916 1022 1247 1088 Chronicon,
1276 1022 1343 1078 de
1365 1036 1471 1092 quo
1500 1021 1609 1084 hic,
1638 1020 1836 1085 serius,
1866 1028 2027 1091 quam

442 1131 586 1171 anno
613 1114 833 1171 circiter
877 1116 1039 1182 1151,
1083 1118 1344 1187 scriptum
1375 1129 1513 1176 esse,
1550 1113 1677 1167 mihi
1708 1128 1838 1169 sane
1867 1127 2027 1167 vero-

442 1204 797 1274 simillimam,
825 1226 892 1265 ne
919 1210 1094 1265 dicam
1129 1207 1515 1269 indubitatam,
1542 1215 1782 1276 apparet.
1816 1205 2028 1261 Etenim

442 1301 560 1369 ejus
595 1310 787 1356 auctor
823 1300 878 1355 in
922 1299 1103 1355 Sancti
1149 1296 1318 1353 nostri
1366 1294 1543 1367 clog'o
1579 1311 1671 1350 seu
1725 1295 1842 1349 Vita
1890 1295 2045 1371 antis

441 1392 618 1461 quiori
669 1407 817 1447 num.
862 1391 899 1446 2
951 1410 970 1443 ι
1028 1388 1411 1446 Universitatis
1462 1407 1480 1440 ι
1538 1387 1757 1442 nomine
1808 1388 2031 1458 insignit

442 1482 777 1537 academiam
821 1481 1209 1545 Parisiensem,
1257 1492 1400 1550 quae,
1447 1479 1549 1534 etsi
1595 1478 1708 1549 jam
1764 1481 1832 1535 ab
1882 1490 2027 1534 anno

440 1574 661 1629 circiter
684 1574 813 1628 lib'l
847 1574 1164 1629 societatem
1195 1574 1486 1643 quamdam
1512 1573 1851 1629 constituere
1880 1574 2031 1629 ince—

439 1657 603 1734 perit,
635 1665 936 1737 magistris,
960 1666 1107 1719 onmi
1134 1666 1484 1721 scientiarttm
1508 1682 1705 1738 genere
1728 1669 2031 1733 instructis,

440 1757 757 1827 ingentique
807 1756 874 1809 ad
911 1756 1102 1811 horum
1146 1755 1408 1813 lectiones
1449 1758 1835 1814 conﬂuentium
1872 1753 2034 1814 disci-

2136 565 2350 631 l‘ecerit,
2380 576 2494 621 tuto
2521 566 2901 621 determinem.

2210 660 2297 716 15.
2342 659 2484 716 Nihil
2528 660 2743 715 interim
2789 660 3011 717 obstare
3042 661 3275 729 videtur,
3313 679 3422 735 quo
3456 666 3638 721 minus
3670 666 3721 720 id

2135 752 2232 807 abs
2263 752 2353 807 illo
2377 752 2534 806 annis
2559 752 2782 807 circiter
2806 754 3199 825 quinquaginta
3230 766 3325 810 aut
3356 756 3521 811 etiam
3557 773 3721 811 sexa-

2126 843 2279 912 ginta
2321 853 2447 896 ante
2484 842 2686 896 dictum
2727 858 2927 897 anumn
2972 844 3108 899 1514
3155 846 3358 900 factum
3406 846 3667 901 credatur
3704 865 3717 900 :

2128 933 2241 987 imo
2268 947 2398 986 vero
2426 933 2527 987 etsi
2560 932 2684 1002 quis
2709 933 3062 1004 scriptioucm
3106 935 3274 1000 illam,
3311 951 3404 991 seu
3436 934 3720 999 Chronici,

2124 1024 2202 1079 de
2226 1038 2332 1093 quo
2361 1023 2468 1088 hic,
2500 1022 2932 1079 lucubrationum
2950 1036 3075 1081 ante
3096 1042 3296 1082 annum
3316 1030 3535 1083 circiter
3558 1028 3717 1091 1250,

2131 1119 2223 1166 aut
2251 1114 2416 1168 etiam
2451 1123 2577 1168 ante
2608 1129 2809 1168 ammm
2843 1114 3066 1171 circiter
3103 1117 3244 1172 1230
3276 1114 3543 1187 ligendaui
3586 1133 3720 1172 con-

2132 1204 2399 1265 tenderet.
2443 1202 2563 1257 falsi
2611 1218 2736 1258 eum
2781 1215 2932 1259 certo
2970 1209 3296 1261 convincere
3342 1220 3449 1261 non
3480 1224 3717 1277 possem.

2130 1297 2297 1368 quod,
2338 1297 2449 1368 jam
2497 1306 2612 1352 tum
2657 1298 2711 1352 in
2755 1299 3047 1356 Cartliusia
3090 1301 3279 1373 Majori
3312 1301 3718 1359 Chartularium

2130 1404 2239 1444 non
2263 1390 2565 1452 exstitisse.
2610 1390 2973 1447 indubitatum
3017 1395 3240 1450 omnino
3285 1409 3392 1451 non
3434 1396 3535 1462 sit;
3574 1398 3718 1467 quod

2134 1491 2334 1541 tamen,
2368 1491 2426 1535 ut
2450 1492 2575 1535 ante
2605 1491 2854 1537 neutrum
2883 1485 3027 1539 hunc
3050 1500 3250 1539 annum
3288 1486 3718 1542 lucubrationem

2134 1576 2277 1630 illam
2318 1575 2627 1637 locandam,
2658 1586 2841 1645 posset
2870 1578 3111 1647 probari,
3138 1580 3363 1636 omnino
3397 1583 3717 1651 requiritur,

2133 1669 2255 1723 aliis
2293 1680 2518 1739 prorsus
2556 1669 2834 1734 omnibt‘ts,
2868 1670 3066 1740 quibus
3111 1686 3198 1727 res
3227 1682 3376 1727 certo
3411 1674 3721 1737 evincatur,

2134 1759 2489 1829 argumentis,
2533 1768 2797 1829 quantum
2834 1761 3050 1830 opinor,
3095 1761 3493 1819 deﬁcientibus.
3540 1764 3722 1834 Atque

444 1824 691 1916 pulcrum
709 1847 1055 1901 multitudine
1072 1846 1311 1914 ﬂoreret,
1349 1865 1368 1900 ι
1404 1848 1825 1907 Universitatisr
1850 1860 2027 1905 tamen
2066 1824 2105 1883 Β
2136 1850 2249 1906 hzec
2275 1859 2427 1915 sunt,
2471 1865 2591 1920 quae
2624 1866 2722 1919 pro
2750 1851 3031 1916 Chronici,
3062 1853 3266 1923 primos
3308 1855 3551 1924 quinque
3580 1854 3717 1909 Car-

442 1939 686 2002 nomine,
713 1937 974 2008 quidquid
1005 1949 1193 1994 contra
1218 1940 1271 1995 in
1305 1939 1687 2000 Uuiversitatis
1710 1943 2028 1999 Parisiensis

440 2028 674 2083 llistoria
727 2028 935 2085 Bulaeus
983 2040 1194 2100 arguat,
1237 2041 1364 2088 ante
1407 2033 1722 2089 inchoatum
1771 2035 2026 2090 secutum

437 2117 706 2172 decimum
736 2118 952 2173 tertium
983 2121 1340 2176 condecorata
1370 2138 1475 2176 non
1507 2122 1629 2189 fuit,
1663 2125 1737 2178 ιιιί
1776 2124 2028 2180 liistorize

438 2204 718 2268 litterarixe
775 2205 1020 2263 Francim
1078 2207 1387 2279 Scriptores
1439 2221 1569 2265 tom.
1620 2211 1710 2275 IX,
1769 2228 1893 2285 pag.
1956 2216 2026 2271 80

436 2295 654 2361 docent,
685 2306 849 2369 atque
884 2300 1023 2369 apud
1060 2316 1253 2357 omnes
1276 2316 1445 2373 prope
1486 2305 1733 2360 eruditos
1779 2309 1938 2361 modo
1972 2307 2024 2362 in

436 2388 687 2446 confesso
713 2400 818 2446 est.
850 2391 931 2447 Ad
970 2393 1084 2449 haec
1111 2394 1250 2452 idem
1282 2404 1493 2457 auctor,
1520 2395 1824 2452 Carthasim
1856 2398 2022 2468 Majo-

439 2483 535 2546 i’ts,
567 2493 624 2538 ut
663 2483 778 2553 jam
813 2485 947 2550 dixi,
1000 2485 1273 2553 alumnus,
1321 2488 1373 2541 in
1418 2488 1542 2543 Vita
1596 2488 1780 2545 Sancti
1818 2492 2023 2549 edenda

438 2590 589 2630 num.
622 2576 694 2630 20
724 2576 964 2633 meminit
992 2578 1345 2645 Chartularii,
1373 2581 1541 2651 quod,
1581 2597 1702 2638 cum
1732 2588 2022 2652 scriberet,

434 2667 494 2722 in
524 2666 809 2723 Carthasia
852 2669 1039 2737 Maiori
1085 2672 1380 2739 exstiterit,
1426 2688 1589 2744 quam
1628 2674 1739 2745 jam
1785 2678 1909 2735 inde
1955 2682 2024 2737 ab

438 2775 583 2816 anno
611 2761 829 2816 circiter
852 2763 982 2818 1151
1009 2774 1082 2818 tot
1110 2764 1507 2834 instrumentis,
1535 2780 1669 2839 quot
1694 2773 1761 2828 ad
1784 2772 2021 2829 Charta-

437 2852 630 2907 larium
661 2854 1056 2911 conﬁciendum
1088 2856 1453 2926 sntl‘ecisseat,
1478 2859 1802 2918 instructam
1830 2864 2021 2931 fuisse,

438 2959 626 3012 parum
663 2946 924 3003 credibile
964 2957 1210 3019 apparet.

511 3039 597 3094 13.
641 3039 706 3094 Et
745 3055 896 3106 vero,
928 3057 1049 3098 cum
1092 3043 1413 3110 Carthasim,
1446 3045 1748 3103 Carthasim
1792 3049 2020 3120 principi

438 3128 651 3194 vicinze,
698 3132 887 3199 quales
933 3143 1061 3186 sunt
1119 3133 1312 3189 domus
1365 3136 1671 3203 Portarnm,
1726 3139 2021 3209 Majoraevi,
2049 3172 2092 3227 ο

441 3220 731 3283 Dnrbonis,
759 3221 986 3277 Allionis
1014 3232 1070 3278 et
1108 3223 1273 3279 Vallis
1306 3224 1364 3279 S.
1402 3225 1663 3298 Hngonis,
1699 3229 1858 3298 paulo
1898 3240 2024 3285 ante

436 3326 640 3366 annuat
669 3312 827 3380 1250,
853 3314 929 3369 uti
955 3330 1057 3370 ins.
1087 3316 1151 3370 de
1181 3316 1297 3371 Vita
1328 3317 1386 3372 S.
1418 3318 1686 3375 Brnnonis
1709 3319 2020 3385 Tractatus,

439 3420 469 3457 a
508 3401 757 3464 Patribus
780 3404 1153 3461 Cartlmsianis
1181 3406 1456 3475 hujatibus
1484 3424 1691 3465 meeum
1714 3411 2022 3465 communi-

434 3503 613 3561 catos,
644 3504 791 3549 num.
825 3494 895 3548 24
924 3494 1120 3565 prodit,
1152 3498 1218 3551 de
1251 3497 1587 3553 documentis
1616 3498 1730 3554 suis
1767 3500 1820 3554 in
1852 3500 2024 3555 Char-

439 3584 659 3652 talaria,
718 3601 838 3657 qua:
889 3587 1096 3657 integra
1159 3587 1431 3658 hodieque
1474 3597 1711 3655 exstant,
1765 3591 2023 3662 cogendis

440 3675 674 3743 primum
706 3675 919 3731 solliciti
950 3675 1180 3743 fuerint,
1208 3681 1453 3735 eamdem
1488 3689 1615 3735 tunc
1636 3693 1689 3736 et
1715 3681 2022 3738 Carthasim

440 3766 629 3836 Maiori
650 3784 840 3825 curam
863 3770 1102 3839 primum
1142 3771 1312 3827 fuisse
1341 3782 1670 3844 susceptam,
1711 3775 2021 3833 verosiinile

437 3860 639 3913 evadit.
670 3858 805 3914 llinc
839 3848 1133 3930 porrojam
1165 3861 1536 3931 consequitur,
1570 3870 1628 3916 ut
1656 3862 1935 3927 Chronici,
1965 3865 2020 3920 in

441 3949 597 4019 ciijns
646 3952 733 4006 hic
778 3960 993 4007 :etatem
1051 3952 1407 4024 inquirimus,
1458 3962 1647 4009 auctor
1695 3970 2016 4027 anonymus,

439 4050 625 4111 utpote
661 4041 1009 4108 Chartularii,
1033 4043 1197 4113 quod,
1224 4059 1345 4099 cum
1386 4044 1671 4110 scriberet,
1701 4045 1754 4099 in
1781 4045 2017 4101 Cartlm-

439 4137 517 4191 sia
550 4136 734 4208 lliajori
778 4137 1072 4201 exstiterit,
1116 4138 1446 4194 mentionem
1478 4153 1545 4194 ex
1582 4139 1743 4195 dictis
1789 4138 2017 4203 faciens,

437 4235 565 4281 ante
586 4241 785 4280 annum
813 4226 1034 4281 circiter
1067 4227 1221 4292 1250,
1251 4239 1442 4282 contra
1481 4243 1545 4282 ac
1568 4226 1885 4283 Columbius
1912 4240 2021 4283 sta-

440 4319 559 4381 tuit,
609 4318 989 4374 verosimiliter
1033 4336 1137 4374 non
1193 4321 1496 4391 scripserit.
1560 4321 1757 4375 Veram
1815 4332 2019 4392 quanto

441 4410 655 4482 quidem
701 4420 943 4480 tempore
982 4412 1155 4467 serius
1194 4412 1560 4484 chronologus
1604 4412 1692 4468 ille
1736 4412 2017 4482 scriptioni

441 4502 973 4558 manum‘admovit?

511 4591 599 4646 16.
646 4593 777 4647 Cum
826 4592 1141 4651 Guillelmus
1182 4595 1249 4650 de
1300 4594 1591 4666 Yporcgia,
1647 4596 1736 4652 cui
1784 4594 2024 4652 Joannes

439 4682 755 4739 Columbius
778 4684 1090 4739 Tractatum
1109 4686 1175 4740 de
1196 4684 1414 4756 Origine
1435 4695 1492 4740 et
1515 4684 1754 4742 Veritate
1770 4686 2025 4757 perfectae

443 4774 791 4846 religionisin
825 4777 1218 4834 Dissertatione
1245 4780 1310 4833 de
1331 4778 1821 4834 Cartliusianorum
1855 4780 2026 4835 initiis

443 4880 593 4919 num.
629 4865 698 4920 55
734 4866 1001 4934 attribuit,
1032 4867 1177 4922 hunc
1207 4880 1350 4921 anno
1388 4866 1525 4922 1515
1558 4882 1626 4921 ex
1662 4876 1841 4923 mente
1878 4867 2023 4937 ejus-

442 4954 562 5010 dem
612 4955 879 5013 Columbii
933 4957 1201 5023 exararit;
1254 4956 1392 5013 Boso
1446 4966 1654 5025 autem,
1709 4959 1799 5014 cui
1845 4960 2025 5017 dictus

443 5043 729 5102 Tractatus
773 5049 950 5117 reipsa
1008 5045 1149 5103 forte
1203 5048 1635 5113 adscribendus,
1690 5062 1835 5104 anno
1887 5049 2027 5109 1313

442 5136 661 5204 obierit,
703 5148 918 5211 oportet
962 5155 1112 5206 sane,
1154 5150 1215 5194 ut
1250 5139 1339 5194 hic
1379 5149 1506 5195 ante
1540 5154 1743 5195 annum
1779 5141 1917 5197 1514
1956 5143 2029 5197 sit

444 5239 752 5287 contextus.
809 5230 1010 5300 Quare,
1063 5247 1187 5287 cum
1239 5230 1358 5299 ejus
1410 5241 1620 5297 auctor,
1672 5234 2026 5304 quiscumque

445 5323 662 5378 demunt
706 5323 754 5379 is
794 5323 888 5390 sit,
924 5322 1283 5379 lucubrationi
1320 5339 1433 5380 sate
1474 5324 1585 5395 (adi
1623 5322 1883 5381 Joannem
1918 5328 2028 5384 Co-

445 5412 611 5470 lumbi
645 5414 871 5470 Dissert.
896 5412 1008 5483 jam
1036 5413 1232 5484 saepius
1257 5415 1373 5481 cit.,
1405 5431 1553 5471 nam.
1586 5415 1656 5472 55
1690 5426 1746 5472 et
1771 5417 1861 5488 61)
1889 5418 2029 5474 inte-

446 5521 623 5575 grum,
672 5504 739 5560 de
784 5519 892 5576 quo
946 5505 1050 5568 hic,
1100 5507 1398 5576 primorum
1445 5508 1685 5580 quinque
1725 5507 2027 5565 Carthasim

445 5598 695 5654 Priorum
718 5596 1024 5654 Chronicon
1049 5599 1361 5667 inseruerit,
1387 5602 1783 5657 consectarium
1806 5602 2029 5656 omnino

448 5701 554 5754 est,
590 5699 649 5743 υι
687 5690 792 5746 hoc
831 5700 1023 5748 auctor
1058 5702 1183 5748 ante
1212 5709 1412 5748 annum
1446 5693 1581 5747 15M
1619 5694 2025 5764 conscripserit.

449 5784 603 5848 Quod
651 5783 867 5855 quidem
920 5785 1166 5853 quamvis
1211 5793 1293 5838 sui
1342 5794 1548 5840 eertum
1596 5794 1874 5855 appareat,
1922 5800 2026 5837 non

2133 1943 2323 1998 thesim
2364 1941 2584 2012 Maioris
2633 1942 2873 2007 Priores,
2918 1943 3220 2014 horumque
3267 1960 3332 1999 ex
3371 1958 3525 2014 parte
3568 1957 3719 2017 gesta

2129 2035 2320 2091 ordine
2354 2035 2713 2101 recenseatis,
2761 2045 2920 2091 :etate
2972 2047 3263 2107 utcumque
3303 2038 3720 2093 dett-rminanda

2128 2132 2443 2179 occurrunt.
2472 2123 2529 2179 ld
2554 2134 2735 2180 autem
2766 2140 2866 2180 nec
2888 2134 3013 2180 ante
3038 2126 3293 2181 saeculum
3325 2128 3543 2180 tertium
3570 2128 3721 2181 deci-

2130 2231 2295 2279 mum,
2324 2230 2423 2271 nec
2447 2224 2569 2286 post
2599 2230 2802 2271 annum
2829 2216 2967 2270 15H
2989 2216 3250 2287 scriptum
3281 2231 3426 2279 esse,
3456 2232 3522 2271 ex
3545 2218 3723 2272 omni-

2126 2304 2227 2359 bus
2251 2303 2364 2375 jam
2397 2304 2560 2360 dictis
2592 2314 2801 2361 certum
2835 2315 3090 2375 apparet;
3121 2316 3326 2375 quanto
3351 2316 3533 2360 autem
3571 2316 3721 2359 tem-

2127 2408 2258 2464 pore
2289 2403 2413 2451 ante
2442 2394 2585 2450 hunc
2615 2410 2819 2451 annum
2862 2394 3068 2450 factum
3111 2395 3165 2451 id
3206 2396 3298 2461 sit,
3346 2395 3506 2466 plane
3536 2395 3718 2450 incer-

2128 2494 2266 2552 tum,
2295 2500 2395 2542 nec
2422 2486 2719 2558 quidquam
2757 2488 3019 2553 occurrit,
3051 2502 3160 2558 quo
3191 2488 3529 2544 monumenti
3566 2488 3715 2543 illius

2126 2588 2344 2634 aetatem
2371 2579 2621 2649 proprius
2646 2579 3028 2635 determinem.

2201 2670 2284 2725 16.
2331 2671 2528 2726 Verum
2551 2669 2654 2726 etsi
2680 2684 2770 2725 res
2800 2670 2997 2735 ita'sit,
3030 2670 3337 2726 subsecutis
3360 2669 3718 2726 nihilominus

2126 2762 2461 2834 temporibus
2494 2762 2549 2817 id
2573 2763 2645 2818 ita
2672 2761 3050 2817 Cartlmsianis
3075 2761 3177 2815 fuit
3206 2763 3512 2832 probatum,
3545 2770 3628 2826 ut,
3662 2760 3709 2815 si

2124 2868 2245 2924 quae
2273 2854 2327 2908 in
2375 2852 2547 2918 libris,
2586 2866 2725 2922 quos
2767 2852 3098 2917 scribebant,
3137 2851 3221 2906 vel
3266 2852 3333 2906 de
3374 2850 3594 2908 Ordinis
3630 2851 3714 2905 sui

2125 2947 2335 3018 origine
2365 2945 2448 3001 vel
2473 2946 2541 3000 de
2567 2944 2625 3000 S.
2657 2944 2910 2999 Branone
2948 2944 3207 3015 primisve
3234 2954 3356 3013 post
3388 2943 3535 2997 hunc
3579 2957 3718 3011 qua-

2126 3046 2250 3091 tuor
2279 3035 2584 3091 Carthusiaa
2610 3034 2892 3089 Prioribus
2925 3034 3402 3089 commemoranda
3442 3048 3510 3088 ex
3547 3047 3714 3086 occa-

2125 3129 2277 3185 sione
2309 3126 2620 3190 habuerint,
2657 3140 2720 3181 ea
2763 3134 2821 3179 ιιι
2855 3125 3170 3195 plurimum,
3197 3120 3325 3195 quae
3346 3126 3522 3195 reipsa
3554 3139 3713 3179 com-

2129 3227 2520 3282 memorarunt,
2553 3232 2620 3272 ex
2654 3217 2845 3271 eodem
2888 3217 3287 3285 excerpserint,
3322 3216 3516 3271 iisdem
3543 3217 3713 3268 etiam

2127 3309 2261 3374 fere,
2289 3308 2484 3378 quibus
2523 3306 2681 3375 hujus
2708 3304 2921 3370 auctOr,
2950 3306 3133 3360 verbis
3175 3320 3280 3359 non
3328 3318 3453 3359 raro
3498 3306 3603 3359 usi.
3637 3309 3716 3359 Ac

2126 3400 2301 3471 primo
2321 3398 2534 3469 quidem
2559 3398 2655 3451 hos
2685 3397 2827 3452 inter
2857 3395 3241 3450 memorandus
3265 3405 3371 3461 est,
3404 3396 3496 3466 qtti
3523 3411 3716 3449 monu-

2126 3501 2365 3545 mentum
2398 3490 2523 3544 illud
2553 3489 2605 3542 in
2631 3503 2785 3542 suum
2811 3487 2879 3544 de
2915 3488 3135 3559 Origine
3168 3498 3223 3543 et
3261 3484 3503 3543 Veritate
3535 3488 3718 3558 perfe-

2125 3593 2226 3638 ctze
2263 3581 2540 3653 religionis
2584 3587 2873 3636 tractatum
2918 3580 3117 3644 intulit,
3150 3590 3343 3635 auctor
3381 3595 3544 3650 supra
3587 3578 3717 3648 plus

2125 3674 2291 3731 semel
2315 3675 2586 3736 laudatus,
2616 3671 2730 3727 sive
2765 3670 2812 3726 is
2852 3669 3172 3726 Guillehnus
3213 3671 3277 3725 de
3306 3667 3571 3741 Yporcgia
3595 3670 3714 3724 sive

2123 3765 2262 3820 Boso
2286 3765 2376 3819 sit.
2402 3763 2538 3818 llaic
2550 3761 2758 3817 accedit
2780 3760 3030 3816 Priorum
3058 3761 3280 3817 Ordinis
3302 3760 3714 3817 Carthasiensis

2124 3855 2504 3927 chronologus,
2542 3854 2575 3907 ‘a
2610 3852 2893 3908 Columhio
2939 3852 2991 3906 in
3037 3852 3430 3908 Dissertatione
3472 3853 3538 3907 de
3580 3851 3714 3907 Car-

2125 3948 2501 4002 thasianorutn
2531 3944 2704 3999 initiis
2726 3959 2878 4000 unm.
2907 3943 2977 3998 54
3005 3952 3361 4007 memoratus,
3393 3942 3508 4012 qni,
3538 3944 3612 3997 nti
3638 3945 3715 3999 illi

2123 4039 2212 4094 hic
2247 4038 2480 4107 scriptor
2514 4035 2737 4098 indicat,
2778 4034 3133 4098 horrendam,
3173 4047 3283 4103 quo
3317 4047 3438 4088 sese
3488 4031 3717 4088 Parisiis

2122 4131 2286 4186 homo
2307 4126 2578 4183 redivivus
2608 4127 2943 4182 damnatum.
2976 4123 3190 4193 publice
3214 4137 3245 4178 e
3269 4122 3472 4177 feretro
3499 4122 3717 4192 procla-

2123 4220 2306 4285 marit,
2327 4218 2632 4290 prodigium
2669 4217 2856 4270 iisdem
2882 4214 3057 4286 plane,
3087 4214 3285 4284 quibus
3314 4215 3363 4268 id
3393 4212 3445 4268 in
3471 4216 3719 4284 quinque

2120 4312 2420 4382 primorum
2450 4308 2751 4365 Carthasim
2784 4306 3028 4361 Priorum
3055 4305 3349 4372 Chronico,
3383 4321 3478 4360 seu
3508 4307 3560 4359 in
3604 4322 3708 4360 an-

2124 4404 2343 4476 tiquiori
2372 4402 2554 4458 Sancti
2588 4400 2761 4456 nostri
2797 4399 2935 4460 Vita,
2978 4414 3043 4454 ex
3074 4400 3178 4455 hoc
3214 4398 3444 4463 edenda,
3487 4413 3637 4452 nam.
3681 4398 3707 4452 1

2055 4512 2100 4567 ι)
2125 4506 2179 4551 et
2209 4509 2361 4564 seqq.
2408 4492 2488 4557 lit,
2526 4492 2708 4547 verbis
2743 4493 2987 4563 exponit,
3030 4490 3140 4544 alio
3173 4488 3359 4552 etiam,
3401 4502 3566 4557 quain
3604 4502 3718 4555 quo

2127 4588 2240 4642 haec
2265 4593 2583 4649 occurrunt,
2618 4583 2802 4653 operis
2836 4582 2922 4638 sui
2952 4582 3072 4637 loco
3101 4581 3176 4636 ita
3209 4593 3520 4634 memorans
3550 4595 3563 4631 :
3602 4596 3620 4629 ι
3652 4576 3713 4632 In

2126 4680 2277 4736 brevi
2325 4678 2577 4733 exaudita
2618 4685 2705 4731 est
2754 4678 2933 4732 oratio
2977 4674 3206 4732 Joannis
3248 4671 3456 4739 Birelli,
3506 4673 3719 4728 Prioris

2125 4771 2446 4835 Carthasim,
2490 4777 2544 4824 et
2588 4777 2909 4833 conventus,
2947 4776 3110 4835 atque
3162 4764 3432 4819 Amedeus
3481 4763 3710 4826 Viridis,

2126 4879 2310 4920 comes
2336 4860 2647 4925 Subaudite,
2673 4859 2840 4914 ﬁlium
2868 4860 2935 4914 de
2964 4872 3152 4924 uxore,
3176 4871 3297 4927 qua:
3323 4854 3527 4909 sterilis
3557 4864 3717 4923 puta-

2127 4958 2308 5022 batur,
2335 4953 2595 5025 suscepit,
2639 4952 2753 5023 qui,
2782 4951 2945 5006 etiam
2987 4950 3257 5005 Amcdeus
3291 4954 3538 5013 vocatus,
3570 4961 3717 5003 nunc

2128 5063 2311 5104 comes
2341 5045 2629 5103 Sabaudiaa
2656 5052 2741 5099 est
2769 5041 3014 5097 eil‘ectus.
3045 5058 3066 5094 ι

2202 5141 2288 5196 17.
2329 5140 2411 5195 Ex
2456 5139 2543 5194 his
2583 5145 2765 5191 autem
2808 5133 2992 5190 verbis
3026 5130 3403 5202 consequitur,
3444 5138 3504 5183 ut
3530 5128 3713 5182 dictas

2129 5229 2487 5299 chronologus
2513 5243 2580 5283 eo
2606 5225 2865 5295 temporis
2887 5224 3084 5294 spatio,
3123 5222 3268 5293 quod
3299 5221 3369 5276 ab
3399 5234 3544 5275 anno
3575 5218 3716 5273 1585

2130 5326 2198 5380 ad
2224 5339 2425 5379 annum
2471 5320 2600 5377 1391
2647 5317 2871 5380 ellluxit.
2920 5316 3139 5373 indubie
3186 5313 3499 5385 scripserit;
3543 5312 3714 5381 priori

2129 5416 2271 5472 enim
2303 5428 2335 5469 e
2363 5413 2506 5468 binis
2531 5412 2679 5467 hisce
2706 5410 2863 5465 annis
2882 5408 3154 5463 Amedeus
3178 5405 3398 5469 Viridis,
3423 5404 3715 5475 posteriori

2130 5521 2260 5563 vero
2286 5505 2401 5575 ejus
2428 5504 2589 5567 ﬁlius,
2618 5501 2889 5557 Amedeus
2920 5500 3104 5555 itidem
3135 5506 3382 5558 vocatus.
3413 5512 3443 5552 e
3464 5496 3624 5558 vivis,
3657 5504 3718 5550 ιιι

2131 5596 2440 5654 Columbias
2471 5594 2587 5650 loco
2611 5593 2706 5648 cit.
2736 5592 2914 5655 docet,
2955 5590 3209 5645 excessit.
3248 5587 3371 5641 Haec
3409 5587 3525 5655 ipsa
3572 5586 3717 5640 inte—

2134 5692 2233 5746 rim
2272 5687 2455 5749 verba,
2486 5685 2598 5754 jam
2634 5698 2757 5737 mox
2793 5682 3036 5745 recitata,
3065 5681 3119 5733 in
3148 5679 3297 5734 brevi
3326 5676 3548 5734 Ordinis
3578 5675 3715 5730 Car-

2137 5777 2677 5836 thusiensisllistoria
2703 5775 2843 5845 apud
2870 5772 3201 5828 Martcncum
3232 5780 3377 5825 tumo
3391 5767 3713 5837 “Scripto-
