3862 6310
259 320 323 376 t7
996 292 1071 373 ’ί
1716 308 1850 371 μΑι

1955 324 1990 360 ι.
3466 296 3534 352 18

261 450 374 489 rnm
427 442 700 497 veterum,
754 428 859 483 col.
916 426 1016 484 l89
1071 426 1236 481 etiam
1290 424 1560 496 leguntur,
1616 421 1836 490 haecque
1870 428 1913 485 Α
1941 418 2098 473 binos
2133 415 2251 472 illos
2278 414 2460 472 Sancti
2489 412 2819 489 bitgraphos
2857 416 2997 472 idctn
3036 416 3125 471 hic
3150 413 3368 472 Ordinis
3395 414 3527 471 Car—

259 522 610 578 nihilotninus
640 519 707 574 ab
745 526 970 573 auctore
1001 515 1068 571 ad
1098 530 1299 569 annum
1332 528 1502 583 usque
1546 512 1683 567 H09
1712 528 1842 582 pro-

258 614 505 677 ducitur;
552 626 715 681 quam
763 610 834 665 ob
882 623 1017 674 rem,
1069 622 1191 661 eum
1238 604 1487 660 Priorum
1541 603 1845 658 Cartltnsia:

258 715 401 777 gesta
448 704 647 761 ordine
690 702 965 757 Chronico
1006 700 1225 769 insuper
1262 699 1534 763 exhibeat,
1566 706 1847 753 consecta-

259 799 391 852 rium
440 797 668 851 omnino
698 795 933 858 videtur,
963 792 1046 848 vel
1080 801 1138 846 ut
1184 791 1357 861 ipsum
1385 790 1457 844 sit
1490 788 1845 844 Cartltusien-

259 890 392 943 siam
420 886 674 941 Priorum
714 899 745 940 e
784 881 1068 939 Columbio
1106 896 1230 934 mox
1277 879 1494 935 adducti
1528 878 1845 949 chronologi

258 992 410 1046 opus,
449 975 598 1046 quod
630 975 717 1030 hic
750 975 976 1044 ipsemet
1018 971 1429 1037 additatnentis,
1462 980 1613 1041 gesta
1645 985 1675 1024 a
1715 978 1848 1025 ten:-

261 1081 407 1139 pore,
460 1082 572 1136 quo
610 1065 762 1135 prius
795 1065 1113 1134 scripserat,
1144 1062 1657 1132 complectentibus,
1697 1060 1847 1116 dicto

261 1174 399 1213 anno
438 1157 579 1211 N09
611 1166 706 1210 aut
734 1155 902 1210 etiam
930 1154 1130 1216 serius.
1162 1152 1307 1207 nulla
1338 1152 1479 1207 facta
1522 1152 1574 1207 in
1609 1152 1699 1217 iis,
1730 1166 1850 1221 quae

261 1249 407 1317 prius
433 1248 757 1316 scripserat,
792 1245 1115 1309 mutatione,
1150 1243 1398 1311 auxerit;
1424 1243 1509 1298 vel
1548 1251 1607 1297 ut
1643 1257 1673 1296 a
1713 1242 1849 1298 scri-

264 1349 412 1406 ptore
442 1337 620 1391 altero
647 1345 703 1390 et
729 1349 798 1389 ex
830 1333 1077 1388 Priorum
1104 1332 1570 1389 Carthasiensium
1594 1330 1794 1387 laudati
1819 1345 1850 1384 a

262 1425 542 1481 tlolnmbio
568 1423 885 1493 cltronologi
928 1438 1092 1493 Opere
1126 1423 1281 1493 (ipsis
1322 1421 1485 1492 hujus
1516 1422 1699 1477 verbis
1726 1437 1846 1477 ser-

264 1518 400 1570 vatis
427 1515 673 1584 intactis)
700 1522 754 1567 et
783 1529 852 1568 ex
884 1513 1093 1567 notitiis
1126 1513 1415 1583 scriptisve
1450 1512 1666 1568 aliunde
1696 1528 1850 1568 acce-

266 1609 370 1677 ptis
395 1608 590 1662 eodem
622 1607 769 1662 dicto
803 1619 947 1661 anno
985 1604 1122 1661 1409
1153 1615 1248 1661 aut
1276 1605 1441 1660 etiam
1476 1604 1653 1661 serius
1685 1605 1848 1660 fuerit

263 1698 574 1769 compilata.

1944 500 2239 564 tltttsiensis
2265 507 2549 563 Generalis
2589 508 2914 564 Franciscus
2943 507 3015 561 dtt
3058 506 3230 571 Pnits,
3266 506 3459 563 Latine
3501 522 3529 559 a

1936 596 2133 663 'Pttteo,
2172 615 2265 655 seu
2305 600 2372 654 de
2409 600 2603 666 Pnteo,
2642 611 2736 657 aut
2775 602 2963 668 etiam,
3002 612 3060 657 ut
3100 603 3169 658 ab
3203 602 3325 658 aliis
3363 602 3532 672 (varie

1947 691 2090 746 enim
2129 690 2392 747 Gallicum
2426 692 2477 748 id
2509 707 2807 765 cognomen
2838 694 3031 749 Latino
3072 693 3328 749 idiomatc
3356 703 3533 763 potest

1949 794 2055 834 non
2108 781 2286 852 inepte
2345 779 2549 854 ell‘erri)
2607 784 2870 853 scriptum
2944 785 3191 851 invenio,
3260 783 3533 839 Puteanus

1947 871 2195 937 oratione
2226 882 2409 942 aperta
2447 873 2758 949 solutaque,
2798 885 2856 931 ut
2890 875 3288 932 Carthnsianns
3323 889 3530 945 anony-

1951 980 2070 1019 ntus
2103 965 2347 1034 proxime
2383 976 2715 1022 memoratus
2755 967 2981 1035 fecerat,
3013 969 3187 1025 sancti
3229 968 3407 1023 Patris
3450 968 3531 1022 sui

1951 1054 2150 1119 Vitam,
2188 1057 2263 1110 uti
2297 1054 2613 1113 Theodorus
2644 1058 2888 1115 Petraeus
2923 1061 2979 1115 in
3023 1060 3357 1115 Bibliotheca
3396 1058 3531 1114 Car—

1952 1146 2226 1212 tltnsiana,
2258 1145 2519 1203 Morotius
2549 1149 2601 1203 in
2637 1147 2875 1205 Tlteatro
2903 1151 3293 1221 cltronologico
3331 1148 3533 1217 aliique

1949 1237 2166 1303 docent,
2193 1239 2545 1308 conscripsit;
2583 1255 2614 1295 e
2642 1256 2747 1311 qua
2776 1243 2927 1309 item,
2963 1252 3019 1298 ut
3045 1243 3206 1297 iidem
3238 1251 3529 1299 testantur.

1951 1329 2092 1384 haud
2117 1330 2190 1384 ita
2221 1330 2389 1384 multo
2416 1340 2538 1400 post
2568 1331 2760 1387 Petrus
2783 1333 3203 1397 Blomenvenna,
3229 1331 3532 1388 Cartltnsiae

1951 1419 2290 1476 Coloniensis
2340 1420 2591 1477 alumnus
2643 1422 2934 1493 multisque
2987 1425 3145 1480 annis
3196 1427 3529 1484 moderator,

1952 1513 2250 1567 auctiorem
2294 1513 2510 1578 deinde,
2560 1514 2943 1572 additatnentis
2998 1516 3220 1571 aliunde
3268 1513 3531 1581 acceptis,

1953 1605 2101 1671 fecit,
2137 1606 2382 1676 typisqne
2423 1606 2473 1659 itt
2515 1606 2643 1662 sede
2682 1623 2778 1662 sua
2813 1607 3049 1664 Colonia:
3070 1592 3388 1680 Agrippinae
3420 1604 3534 1660 vul-

1952 1699 2100 1769 gavit

328 1766 414 1843 18'.
458 1787 528 1844 Ut
552 1796 610 1841 ut
630 1787 722 1851 sit,
766 1796 823 1842 et
860 1783 1023 1855 hujus
1074 1787 1323 1856 equidem
1366 1787 1568 1857 operis,
1612 1802 1664 1840 tn
1707 1786 1850 1855 quod
1886 1766 1926 1819 Β
1958 1766 1975 1769 ν
2021 1790 2109 1845 20.
2151 1789 2375 1847 Puteani
2417 1791 2739 1858 lucubratio,
2770 1807 2890 1863 quae
2924 1793 3163 1849 auctoris
3193 1792 3274 1848 sui
3310 1790 3532 1846 nomine

260 1879 391 1941 hate,
441 1879 588 1948 quod
633 1878 772 1931 infra
825 1876 1151 1932 laudandum
1196 1877 1372 1931 adhuc
1417 1877 1509 1942 sit,
1555 1877 1850 1932 observare

261 1971 436 2033 libuit,
463 1978 653 2023 auctor
684 1984 988 2040 anonytnus
1013 1984 1080 2023 ex
1109 1968 1352 2037 quinque
1390 1968 1692 2036 primorum
1718 1968 1850 2022 Car-

263 2060 451 2113 thusia:
482 2060 730 2114 Priorum
760 2059 1050 2123 Chronico,
1082 2058 1225 2128 quod
1248 2059 1350 2113 sibi
1379 2057 1715 2127 praluxisse,
1742 2073 1846 2112 non

260 2151 488 2204 obscure
529 2149 582 2203 in
626 2147 857 2218 Prologo
906 2149 1103 2213 innuit,
1138 2148 1404 2220 integ’runt
1444 2149 1630 2204 Sancti
1678 2153 1846 2204 nostri

260 2243 519 2314 elogium,
569 2244 713 2313 qttod
763 2242 898 2296 Vitae
944 2243 1267 2314 antiquioris
1318 2244 1535 2298 nomine
1580 2245 1845 2299 edendum

256 2333 363 2401 jant
413 2334 622 2398 monui,
673 2334 863 2404 paucis
907 2334 1192 2390 dunttaXat
1234 2336 1476 2401 mutatis,
1517 2336 1583 2390 ad
1625 2338 1847 2391 verbum

264 2426 376 2481 fere
418 2426 732 2496 descripsit,
793 2427 870 2481 nti
913 2427 1099 2492 etiam,
1154 2443 1274 2498 qua:
1323 2429 1565 2495 exhibet,
1619 2430 1847 2484 aliorum

262 2525 499 2585 quatuor
539 2515 915 2585 proximorum
954 2526 1075 2587 post
1113 2517 1170 2572 S.
1205 2518 1511 2574 Brunonem
1541 2518 1849 2574 Carthusia:

260 2606 534 2674 Priorum,
565 2609 642 2661 ttti
673 2608 869 2664 iterum
896 2626 960 2665 ex
996 2610 1214 2675 litteris,
1242 2627 1377 2681 quas
1406 2613 1472 2667 ad
1504 2627 1589 2668 me
1627 2612 1847 2669 Colonia

260 2700 551 2770 Agrippina
599 2700 748 2756 dedit
794 2701 1130 2770 Augustinus
1182 2702 1553 2769 Aldenhri‘tck,
1602 2719 1847 2774 quasque

264 2809 410 2846 num.
441 2794 504 2847 ll
550 2792 791 2859 laudavi,
825 2794 1082 2865 intelligo.
1134 2793 1242 2849 Nec
1285 2795 1560 2850 immerito
1601 2796 1719 2852 loco
1747 2798 1849 2853 hoc

264 2884 536 2974 recensegi
568 2894 791 2954 possent
818 2901 922 2939 non
954 2887 1110 2954 pauci
1142 2886 1255 2951 alii,
1288 2887 1497 2956 hosque
1525 2888 1666 2943 inter
1697 2888 1845 2943 llen-

269 2977 415 3031 ricus
440 2968 665 3041 Kalkar,
688 2976 907 3032 Ordinis
930 2968 1331 3035 Carthusiensis
1347 2980 1579 3050 scriptor
1601 2983 1849 3037 eruditus

265 3084 406 3124 anno
434 3068 572 3125 1408
599 3085 630 3124 e
659 3069 796 3123 vivis
838 3069 1099 3132 sublatus,
1132 3070 1247 3140 qni,
1288 3086 1412 3125 cum
1452 3086 1517 3126 ex
1564 3073 1847 3127 occasione

266 3157 544 3212 dumtaxat
590 3159 658 3215 de
693 3158 896 3215 Sancto
942 3169 1127 3215 nostro
1156 3168 1407 3227 egerunt,
1448 3176 1512 3215 ex
1556 3163 1849 3232 antiquiori

267 3248 355 3303 illo
388 3262 767 3317 monumento,
799 3252 925 3306 licet
952 3252 1083 3321 ipsis
1112 3252 1273 3323 hujus
1306 3253 1487 3308 verbis
1527 3269 1631 3308 non
1664 3270 1853 3311 omnes

269 3338 368 3404 usi,
394 3341 653 3396 nonnulla
679 3356 1025 3412 excerpsere.
1061 3344 1255 3399 Verum
1291 3360 1413 3399 cum
1445 3345 1495 3399 id
1526 3360 1704 3415 Opera:
1734 3360 1853 3415 pre-

267 3431 399 3485 tium
447 3445 556 3487 non
606 3441 811 3502 putem,
846 3433 912 3488 ad
952 3434 1071 3490 illos
1109 3435 1451 3504 progredior,
1498 3438 1589 3505 qui
1633 3441 1851 3490 tandem

264 3525 370 3579 sub
414 3524 595 3580 sreculi
642 3526 782 3580 sexti
824 3527 1017 3582 decimi
1068 3527 1281 3581 initium
1328 3541 1413 3581 res
1463 3542 1673 3589 omnes,
1724 3544 1752 3581 a
1791 3526 1849 3582 8.

264 3617 521 3672 Brunone
556 3626 765 3689 gestas,
801 3632 866 3672 ex
919 3618 1168 3673 instituto
1217 3628 1555 3689 pertractare
1603 3630 1729 3674 sunt
1760 3636 1853 3690 ag-

264 3707 464 3777 gressi,
503 3706 913 3762 scribendornm
956 3708 1261 3773 materiem,
1303 3724 1467 3779 quam
1503 3720 1558 3764 et
1600 3710 1700 3779 ipsi
1746 3726 1851 3765 non

264 3802 481 3864 alienis,
526 3800 622 3855 sed
670 3799 907 3869 pr0priis
951 3801 1133 3856 verbis
1172 3802 1568 3872 expresserim,
1615 3819 1645 3858 e
1690 3803 1851 3866 binis,

262 3894 332 3945 de
379 3906 611 3962 quorum
661 3900 820 3945 :etate
848 3889 959 3958 jam
1009 3902 1212 3955 actum,
1264 3892 1506 3962 antiquis
1547 3893 1851 3958 Chrnnicis,

263 3985 500 4056 aliisque
550 3986 790 4056 insuper,
839 3995 898 4039 nt
949 3986 1304 4041 dubitandum
1353 4002 1458 4041 non
1509 3994 1613 4053 est,
1664 4002 1855 4041 monu-

263 4078 467 4132 mentis
540 4086 654 4131 tunt
733 4077 1179 4147 antiquioribus,
1258 4086 1371 4132 tum
1454 4079 1853 4135 recentioribus

263 4169 470 4226 edocti.

339 4261 425 4317 l9.
468 4261 715 4327 Quatuor
745 4261 831 4315 hic
863 4261 1130 4331 praecipue
1167 4261 1505 4316 memorandi
1536 4270 1685 4327 sunt,
1716 4276 1853 4330 quos

263 4354 412 4409 inter
442 4355 680 4423 primunt
712 4353 887 4407 locum
922 4361 1104 4407 tenent
1130 4352 1522 4409 Carthusianns
1546 4367 1853 4424 anonynttts

1954 1882 2212 1953 insignita
2262 1884 2511 1952 nuspiant
2538 1884 2825 1953 reperitur,
2856 1898 2975 1938 esse
3003 1883 3217 1939 videtur
3239 1898 3300 1937 ea
3331 1883 3446 1952 ipsa
3471 1880 3510 1937 8

1950 1970 2225 2028 Brunonis
2251 1972 2392 2038 Vita,
2430 1988 2552 2044 quae
2581 1988 2724 2027 anno
2756 1973 2975 2028 circiter
3005 1972 3140 2027 l5l5
3165 1972 3390 2027 Basilea:
3441 1970 3531 2025 lit-

1954 2064 2084 2119 teris
2111 2062 2357 2121 Gothicis
2387 2063 2594 2134 absque
2616 2064 2856 2118 auctoris
2887 2064 3105 2119 nomine
3152 2076 3373 2125 excusa,
3430 2061 3532 2116 ite-

1953 2157 2194 2226 ratisqne
2232 2157 2425 2212 deinde
2450 2157 2589 2226 typis
2615 2155 2844 2211 Lutetia:
2871 2171 2973 2209 una
3001 2170 3123 2210 cum
3150 2169 3311 2224 supra
3341 2167 3538 2207 memo-

1953 2258 2067 2303 rata
2108 2248 2386 2303 Zacltarize
2443 2248 2715 2303 Benedicti
2777 2247 3148 2303 lucubratione
3198 2245 3538 2300 ntctrica‘a-d

1949 2352 2174 2407 operum
2224 2337 2282 2393 S.
2312 2336 2582 2393 Brunonis
2611 2337 2816 2393 calcem
2845 2355 2872 2390 a
2904 2338 3112 2393 Jndoco
3144 2336 3310 2392 Badio
3332 2336 3539 2405 absque

1950 2431 2187 2485 auctoris
2222 2430 2406 2485 itidem
2440 2430 2659 2485 nomine
2687 2429 2788 2484 fuit
2820 2429 3055 2501 adjecta,
3109 2428 3396 2500 Prolognnt
3442 2428 3530 2481 ha-

1950 2524 2083 2578 bens
2111 2524 2213 2579 sibi
2246 2524 2548 2593 praeﬁxum,
2597 2522 2755 2594 cujus
2800 2523 2898 2578 hoc
2941 2532 3024 2577 est
3072 2522 3285 2577 initium
3317 2539 3329 2575 :
3366 2539 3383 2570 ι
3422 2519 3537 2574 Νοιι

1950 2615 2121 2670 solum
2152 2615 2431 2671 Dominum
2461 2617 2512 2670 in
2544 2614 2774 2678 Sanctis,
2808 2634 2825 2667 ι
2865 2623 2996 2679 etc.,
3034 2614 3213 2683 itaque
3236 2613 3497 2668 ineltoaza
3524 2627 3538 2665 :

1955 2728 1972 2760 ι
2004 2706 2355 2777 Temporibus
2393 2705 2639 2776 Gregorii
2666 2706 2906 2775 septimi,
2940 2704 3163 2760 Romani
3200 2703 3490 2773 pontiﬁcis,
3514 2721 3531 2752 ι

1950 2808 2059 2856 etc.
2085 2800 2154 2855 At
2180 2815 2307 2855 vero
2338 2798 2645 2863 dillicnltas,
2674 2813 2795 2868 qua:
2841 2797 2928 2852 hic
2959 2810 3018 2851 se
3054 2794 3235 2857 oﬂ‘ert,
3277 2794 3543 2851 sermonis

1956 2891 2157 2946 seriem
2206 2890 2604 2958 interrumpere
2632 2902 2717 2943 me
2751 2887 2917 2957 cogit.
2974 2886 3148 2941 Vitam
3181 2885 3377 2949 sancti,
3424 2897 3545 2952 qua:

1953 2983 2250 3037 Pnleanum
2281 2980 2442 3035 habet
2484 2988 2787 3042 auctorem,
2814 2978 3036 3032 Parisiis
3088 2973 3227 3045 apud
3275 2973 3537 3029 Joannem

1876 3110 1919 3169 Ω
1954 3075 2181 3127 Parvum
2209 3070 2360 3140 prelo
2388 3069 2553 3125 fuisse
2579 3071 2782 3136 datam,
2812 3069 3136 3124 Passerinus
3166 3067 3217 3120 in
3268 3068 3547 3136 Apparatn

1956 3169 2125 3223 Sacro
2151 3165 2346 3230 tradit;
2377 3176 2569 3234 quare,
2599 3179 2722 3219 cum
2753 3173 3015 3235 prmterea
3052 3163 3325 3217 Lannoins
3353 3163 3404 3216 itt
3429 3162 3548 3215 Dis.

1955 3259 2254 3312 sertatione
2274 3258 2341 3312 de
2363 3271 2527 3311 causa
2555 3269 2805 3310 secessus
2829 3254 2887 3310 S.
2932 3252 3200 3308 Brunonis
3224 3254 3278 3307 itt
3302 3267 3546 3307 eremmn

1954 3363 2072 3418 cap.
2102 3349 2136 3404 5
2165 3348 2313 3402 circa
2340 3346 2576 3407 medium
2624 3345 2872 3411 allirmet,
2931 3347 2983 3400 in
3025 3346 3169 3410 Vita,
3220 3358 3250 3398 a
3302 3342 3547 3398 Puteauo

1954 3440 2179 3509 scripta,
2211 3453 2333 3492 cutn
2362 3453 2505 3492 anno
2533 3435 2673 3493 1089.
2700 3435 2888 3491 Sancti
2914 3436 3081 3490 nostri
3114 3433 3167 3490 in
3191 3447 3435 3489 erentum
3467 3448 3551 3488 se-

1956 3545 2165 3585 cessum
2195 3528 2469 3600 componi,
2508 3529 2703 3597 hicque
2730 3526 3077 3581 nihilominus
3103 3524 3156 3577 itt
3183 3522 3372 3578 Sancti
3408 3521 3549 3576 Vita.

1959 3621 2182 3677 Basilea:
2207 3636 2431 3686 excusa,
2460 3636 2604 3674 anno
2636 3619 2773 3674 1084
2824 3619 3028 3672 diserte
3060 3616 3391 3677 lnneetatur,
3437 3615 3544 3668 erit

1958 3714 2204 3770 fortassis
2227 3727 2516 3777 nonnemo,
2537 3710 2630 3780 qni
2662 3710 2987 3779 suspicetur,
3016 3704 3243 3760 Puteani
3296 3705 3432 3759 hanc
3472 3702 3523 3757 l‘e

1960 3816 2072 3862 tum
2105 3819 2211 3860 non
2244 3819 2384 3859 esse.
3508 3808 3513 3813 '

2026 3899 2117 3953 2t.
2151 3896 2345 3951 Verum
2380 3894 2568 3950 eadem
2594 3892 2736 3957 Vita,
2765 3907 2885 3963 qua:
2915 3889 3137 3945 Basileae
3156 3902 3219 3942 ac
3235 3886 3426 3943 deinde
3454 3884 3551 3939 Pa-

1957 3993 2106 4048 risiis
2135 3991 2277 4060 apud
2302 3988 2568 4044 Judo.'unt
2603 3986 2827 4041 Badium
2861 3983 2955 4038 fuit
3015 3984 3298 4052 impressa,
3353 3977 3553 4032 ibidem

1957 4084 2097 4153 apud
2131 4081 2393 4137 Joannem
2418 4079 2651 4134 Parvum
2686 4076 2850 4131 fuerit
2882 4072 3128 4129 fortassis
3177 4082 3387 4131 recusa,
3439 4075 3550 4126 aut,

1956 4173 2001 4227 si
2035 4187 2117 4228 res
2157 4170 2553 4233 secnshabeat,
2594 4166 2921 4222 Possevinus
2945 4161 3083 4219 forte
3113 4161 3164 4216 in
3215 4156 3549 4229 assignandn

1959 4265 2111 4331 Viue,
2141 4279 2237 4333 per
2261 4263 2560 4319 Puteanum
2590 4259 2952 4325 concinnatre,
2976 4252 3307 4326 typograplto
3333 4248 3550 4303 errarit:

1954 4357 2097 4428 quod
2151 4355 2400 4411 ultintnm
2451 4369 2583 4410 sane
2637 4352 2766 4407 ntihi
2822 4346 3289 4404 verosintillintutn
3347 4341 3552 4397 idcirco

264 4456 323 4500 et
364 4445 661 4500 Zacharias
704 4445 1047 4510 Benedictus,
1080 4444 1380 4499 Carthusia:
1427 4443 1485 4499 S.
1528 4444 1758 4499 Andrea:
1786 4444 1853 4499 de
1890 4457 1933 4510 Ι)
1959 4454 2206 4517 apparet,
2253 4446 2433 4515 quod,
2481 4444 2620 4498 facta
2666 4439 2891 4494 Parisiis
2944 4437 2996 4491 itt
3053 4432 3397 4490 bibliothecis
3440 4440 3553 4486 tum

267 4542 456 4596 littore
488 4538 730 4595 Venetiis
770 4538 1040 4602 alumnus,
1079 4553 1309 4608 quorum
1350 4538 1439 4593 ille
1479 4537 1620 4608 stylo
1655 4536 1851 4601 soluto,

267 4636 353 4689 hic
404 4633 593 4703 ligato,
648 4631 819 4685 sancti
866 4630 1046 4685 Patris
1083 4631 1164 4684 sui
1206 4639 1355 4700 gesta
1392 4640 1475 4686 est
1516 4630 1851 4699 complexus.

270 4724 478 4777 Prioris
504 4722 808 4777 lucubratio
837 4722 1035 4789 puhlici
1064 4720 1204 4789 juris
1234 4721 1379 4774 facta
1408 4731 1493 4775 est
1527 4735 1668 4774 anno
1693 4719 1851 4782 1508,

268 4834 376 4886 quo
415 4832 537 4872 eam
571 4830 773 4872 excuso
808 4824 934 4871 tunc
963 4830 993 4869 a
1034 4830 1093 4870 se
1129 4814 1187 4870 S.
1223 4813 1494 4869 Brunonis
1526 4814 1579 4869 in
1617 4812 1675 4867 S.
1707 4811 1854 4866 Pauli

269 4910 511 4981 Apostoli
542 4908 814 4978 Epistolas
842 4907 1250 4963 Commentario
1282 4905 1568 4961 Bertoldus
1600 4904 1855 4959 Rentbol-

271 5003 392 5073 dus,
440 5000 767 5056 Parislcnsis
812 5000 1197 5070 typograpltns,
1239 4999 1500 5070 przelixit;
1539 4999 1856 5067 posterioris

272 5110 422 5162 vero,
446 5094 551 5150 etsi
578 5102 703 5147 ante
726 5106 925 5145 annum
954 5090 1113 5154 1924,
1137 5107 1243 5161 quo
1264 5106 1386 5145 eam
1409 5090 1474 5143 ad
1502 5090 1559 5144 S.
1585 5089 1854 5144 Brunonis

272 5188 533 5256 Operam,
560 5184 699 5253 typis
724 5199 754 5236 a
783 5196 904 5237 sese
928 5182 1154 5238 Lutetia.-
1184 5191 1312 5237 tunc
1333 5182 1628 5245 editurum,
1652 5182 1854 5236 calcem

273 5276 508 5332 Jndocus
538 5275 736 5329 Badius
770 5274 986 5340 adjecit,
1029 5275 1081 5327 itt
1117 5273 1289 5327 lucem
1330 5288 1437 5327 non
1469 5273 1747 5342 prodierit,
1788 5272 1855 5326 ab

276 5382 491 5424 auctore
521 5378 699 5421 tamen
722 5366 835 5433 jam
869 5366 993 5418 inde
1023 5364 1091 5419 ab
1122 5380 1265 5419 anno
1298 5365 1483 5418 itidem
1521 5363 1653 5419 l508
1683 5364 1856 5417 fuerat

275 5460 613 5525 eottcinnata,
647 5459 723 5511 ιιιί
754 5456 1055 5512 luculenter
1088 5456 1342 5519 ostendit,
1381 5471 1546 5524 quant
1576 5456 1771 5509 ibidem
1802 5455 1852 5508 in

277 5554 444 5621 capite
486 5551 727 5622 prudent,
771 5547 1009 5618 Epistula
1052 5545 1409 5611 delicatoria,
1451 5544 1744 5598 Franciseo
1785 5544 1854 5597 dtt

282 5645 680 5709 Pnits,0rdinis
702 5641 1108 5698 Cartltusiensis
1131 5640 1304 5694 Priori
1323 5637 1592 5695 Getterali.
1616 5658 1632 5689 ι
1656 5636 1855 5703 Quinto

286 5738 637 5793 Kairlthlaii
670 5736 803 5792 l508
829 5755 844 5787 ι
886 5734 1159 5802 inscripta.
1180 5729 1293 5784 Non
1312 5729 1399 5782 diu
1426 5728 1708 5780 admotum
1738 5732 1855 5795 post

1959 4537 2208 4608 publicis,
2236 4544 2349 4589 tnttt
2387 4533 2636 4603 privatis,
2668 4528 3080 4600 diligentissima
3114 4523 3553 4592 indagincmulla

1959 4627 2137 4697 plane,
2171 4626 2244 4678 uti
2272 4639 2336 4679 ex
2371 4624 2569 4677 litteris
2593 4623 2661 4676 ab
2690 4620 2867 4675 amico
2924 4618 3050 4672 inde
3100 4616 3340 4684 acceptis
3381 4614 3550 4673 disco,

1959 4718 2016 4771 8.
2050 4716 2317 4770 Brunonis
2344 4714 2481 4777 Vita,
2530 4728 2650 4784 qna:
2701 4712 2841 4780 apud
2890 4709 3153 4765 Joannem
3201 4706 3435 4759 Parvum
3484 4704 3553 4757 sit

1958 4824 2181 4874 excusa,
2211 4807 2440 4862 inveniri
2474 4806 2728 4875 potuerit.
2772 4804 2924 4870 Quod
2958 4811 3139 4856 autent
3164 4801 3229 4854 ad
3253 4797 3551 4852 Lanuuium

1960 4899 2212 4970 pertinet,
2243 4899 2417 4955 Vitam
2449 4899 2514 4961 is,
2540 4913 2661 4967 qua:
2686 4915 2713 4949 ιι
2738 4895 2982 4950 Puteano
3004 4894 3208 4961 scripta
3234 4906 3338 4945 non
3385 4903 3505 4942 esse
3537 4926 3551 4950 ,

1960 5008 2056 5061 pro
2099 4991 2377 5061 biograplti
2412 4990 2568 5057 hujus
2601 4987 2973 5042 lucubratione
3012 4983 3398 5039 verositnil'tter
3450 4994 3551 5048 per

1958 5096 2200 5136 errorem
2227 5081 2520 5149 acceperit,
2546 5096 2613 5134 eo
2640 5077 2856 5133 facilius
2885 5074 3356 5139 committendum,
3390 5070 3551 5137 quod,

1959 5184 2016 5228 ut
2041 5174 2151 5245 jattt
2184 5176 2389 5232 monui.
2423 5173 2564 5236 Vita,
2602 5189 2630 5226 a
2661 5172 2902 5226 Puteano
2927 5167 3263 5231 elttcnbrata,
3315 5163 3554 5219 auctoris

1959 5268 2040 5319 sui
2072 5266 2287 5319 nomine
2318 5265 2567 5334 insignita
2591 5280 2697 5318 non
2730 5262 3049 5333 reperiatur.
3082 5258 3152 5315 Ut
3182 5266 3239 5311 ttt
3260 5255 3347 5320 sit,
3376 5253 3551 5306 Vit;.m

1960 5362 2149 5417 Sancti
2175 5362 2369 5427 nostri,
2399 5361 2622 5415 Basileae
2649 5377 2791 5415 anno
2814 5361 3038 5415 circiter
3085 5354 3223 5411 1315
3269 5366 3549 5413 excusata,

1960 5453 2188 5507 l’nteani
2229 5466 2351 5507 esse
2382 5452 2574 5517 fetum,
2620 5452 2786 5505 multa
2820 5451 3069 5506 suadent.
3096 5446 3277 5502 Primo
3304 5444 3447 5499 enim
3479 5452 3551 5496 ta-

1959 5544 2106 5611 bula,
2137 5545 2499 5613 prodigiosam
2526 5543 2781 5607 hominis,
2810 5542 2899 5610 qui
2922 5557 2980 5594 se
3003 5540 3313 5594 damnatum
3339 5533 3551 5604 pnbl'ce

1959 5633 2180 5689 Parisiis
2210 5633 2524 5696 declararit,
2567 5631 2881 5692 anastasint,
2938 5626 3204 5682 Brunonis
3250 5626 3373 5678 hinc
3426 5636 3554 5676 son-

1963 5725 2289 5785 vcrsioncm,
2321 5738 2587 5778 secessutr
2618 5721 2656 5778 ἃ
2705 5718 3006 5782 Carthusir
3030 5715 3367 5772 solitudinem
3429 5709 3550 5762 ,tlir
