4016 6310
447 360 516 415 19
1250 354 1308 411 8.
1346 352 1692 412 BRUNONIS
1731 339 2368 410 CARTHUSIANOBUM
2405 337 2887 398 INSTITUTORIS

3640 335 3721 392 ιο

444 484 549 539 qne
572 468 832 525 nonnulla
854 468 998 527 hunc
1028 482 1324 539 praegressa
1352 475 1768 538 repraesentans,
1801 480 1920 536 quae
1947 478 2030 519 or-
2057 464 2098 522 Ᾱ
2128 465 2191 515 ιιι
2209 466 2441 528 ea,‘qna:
2463 453 2812 511 Puteanianae
2836 462 2890 510 et
2913 451 3162 510 Surlame
3190 451 3328 509 Vitae
3357 459 3505 519 sunt,
3539 452 3737 508 rarius

445 561 590 616 dinis
611 561 1014 617 Carthasiensis
1040 560 1270 616 Statutis
1302 574 1367 615 ac
1390 559 1714 632 Privilegiis,
1760 548 2034 614 Francisci

451 667 481 706 a
509 649 700 731 Puteo,
730 666 848 719 seu,
873 661 931 706 ut
957 651 1174 707 brevius
1204 648 1416 720 loquar,
1442 649 1667 705 Puteani
1700 649 1855 718 jussu
1886 643 2037 699 Basi—

452 745 548 799 lea:
576 760 719 799 anno
741 744 876 801 l5l0
898 747 1036 816 apud
1066 743 1326 802 Joannem
1356 743 1774 800 Amorbachium
1799 737 2034 802 excusis,

454 834 678 902 praefixa
710 845 816 902 est,
856 835 1150 893 Basilcensi
1194 835 1378 891 Sancti
1430 833 1599 891 nostri
1650 831 1784 886 Vita:
1833 828 2038 900 pariter

453 925 773 997 prteﬁgitur.

525 1015 599 1069 22
644 1016 898 1074 Secundo
929 1018 1394 1075 verosimillimnm
1434 1022 1675 1088 apparet,
1713 1011 2034 1077 Puteanum.

455 1121 641 1181 utpote
665 1114 754 1183 qui
782 1114 1071 1184 plurimmn
1105 1129 1246 1169 anno
1272 1112 1405 1167 ifilli
1428 1121 1520 1164 aut
1550 1109 1716 1164 etiam
1746 1109 1907 1180 paulo
1961 1109 2038 1164 ei-

457 1206 586 1271 Iins,
615 1215 674 1262 ut
703 1205 1028 1263 Sanctorum
1054 1208 1176 1263 albo
1204 1208 1380 1261 Bruno
1410 1202 1839 1268 adscriberetur,
1891 1202 2040 1257 labe-

456 1298 606 1363 rarit,
636 1297 835 1355 litteris
863 1300 1019 1369 hujus
1040 1299 1221 1353 Vitam
1248 1306 1374 1350 tunc
1435 1295 1743 1360 mandasse,
1786 1307 2035 1363 eamque,

455 1410 576 1455 curn
602 1394 713 1465 jam
741 1395 839 1459 illi,
890 1392 1139 1450 LeoneX
1170 1406 1384 1447 summo
1433 1390 1689 1461 pontiﬁce
1743 1400 2036 1453 annuente,

454 1483 691 1553 honores
722 1484 991 1540 caelitibus
1014 1480 1217 1553 proprii
1243 1482 1390 1537 dicto
1414 1496 1556 1536 anno
1582 1479 1721 1535 1514
1746 1479 2039 1550 C(Bpisscnt

432 1571 674 1640 .dct‘erri,
710 1574 845 1645 typis
873 1571 1015 1627 haud
1040 1569 1207 1625 multo
1238 1582 1360 1642 post
1389 1568 1762 1626 excudendam
1792 1582 2035 1623 curasse.

454 1665 637 1722 Tertio
660 1682 783 1721 cum
810 1665 1007 1721 devita
1061 1663 1119 1721 8.
1173 1664 1445 1720 Brunonis
1505 1662 1803 1718 Basileensi
1858 1677 2038 1717 sermo

449 1767 554 1823 est,
583 1758 973 1814 Pntcanianam
997 1758 1251 1830 intelligi,
1296 1759 1782 1815 Carthusianorum
1831 1757 2037 1812 obtinet

449 1850 691 1917 traditio,
719 1852 797 1906 uti
823 1851 1236 1908 subministrata
1260 1867 1288 1907 a
1310 1850 1547 1923 Josepho
1577 1850 1757 1921 Pbily,
1784 1864 2038 1905 reveren-

448 1941 655 1999 dissitni
687 1944 862 2014 patris
886 1952 942 2000 et
994 1944 1214 2016 capituli
1249 1945 1523 2017 generalis
1561 1943 1771 2000 ordinis
1815 1942 2044 1999 Carthu‘

447 2032 644 2089 siensis
669 2034 873 2100 scriba,
897 2035 1089 2091 notitia
1116 2050 1204 2090 me
1234 2034 1417 2103 docet,
1454 2043 1773 2104 certumque
1817 2042 2045 2106 apparet

447 2138 517 2178 ex
548 2122 833 2181 Theodoro
856 2125 1085 2192 Petraeo,
1155 2125 1427 2196 scriptore
1469 2123 1834 2181 Carthasiano
1880 2138 2043 2192 supra

448 2212 625 2275 adhuc
654 2213 890 2281 laudato,
916 2225 1099 2285 utpote
1126 2216 1218 2287 qui
1246 2217 1297 2271 in
1327 2215 1443 2270 suis
1470 2214 1537 2268 ad
1571 2212 1826 2268 Dorlandi
1874 2211 2041 2267 Caro

451 2304 612 2361 nicon
632 2304 1089 2363 Elucidationibus
1130 2324 1254 2379 pag.
1283 2308 1351 2364 1'2
1392 2306 1618 2362 Puteani
1667 2305 1833 2361 letum
1889 2313 2047 2361 vocet

450 2395 513 2463 S,
540 2395 815 2463 Brunonis
844 2398 1047 2464 Vitam,
1075 2403 1141 2454 ad
1177 2399 1331 2469 cujus
1368 2401 1572 2457 calcem
1617 2415 1780 2472 supra
1827 2406 2045 2455 centum

449 2491 806 2560 etsexaginta
831 2490 1106 2554 htnebres,
1146 2492 1213 2548 de
1255 2494 1453 2564 quibus
1499 2508 1660 2558 mox,
1712 2491 1874 2556 tituli,
1923 2508 2043 2559 seu,

452 2580 530 2649 uti
559 2582 656 2636 hos
684 2580 946 2651 appellat,
992 2582 1270 2653 epitapbia
1318 2582 1675 2651 adjiciuntur,
1726 2598 1848 2652 quae
1894 2591 2048 2638 tanto

453 2687 684 2733 numero
714 2672 811 2728 soli
842 2674 1033 2730 Sancti
1071 2674 1235 2740 Vitze,
1266 2691 1386 2746 qua:
1420 2674 1642 2730 Basilea:
1693 2688 1895 2729 excusa
1941 2683 2043 2736 est,

450 2761 662 2829 adjecta
692 2765 1058 2833 reperiuntur.
1083 2766 1288 2834 Quarto
1335 2781 1399 2822 ac
1439 2766 1630 2822 ultimo
1680 2766 1828 2831 Vita,
1885 2780 2047 2835 quam

452 2856 878 2924 Blomenvenna,
911 2868 971 2914 ut
995 2858 1107 2930 jam
1138 2858 1322 2925 docui,
1351 2858 1550 2928 partim
1573 2875 1641 2914 ex
1677 2857 1820 2923 Vita,
1871 2873 1899 2911 a
1943 2857 2049 2912 Pn-

456 2958 617 3011 teano
645 2950 868 3022 scripta,
898 2952 1202 3017 contexuit,
1233 2960 1440 3007 tantam
1483 2967 1607 3007 cum
1658 2952 1781 3008 Vita
1826 2950 2050 3006 Basilum

455 3062 679 3112 excusa,
706 3047 783 3103 uti
807 3062 872 3103 ex
902 3048 1186 3118 utriusque
1234 3048 1532 3104 collatione
1560 3042 1757 3119 liquet,
1806 3046 2051 3102 similitu-

456 3136 644 3193 dinem
676 3130 862 3202 habet,
888 3146 948 3193 ut
974 3137 1061 3193 vel
1091 3139 1230 3193 hanc
1255 3154 1323 3196 ex
1354 3138 1467 3203 illa,
1521 3137 1605 3193 vel
1653 3136 1800 3192 illam
1838 3152 1904 3191 ex
1948 3136 2048 3191 hac
2078 3150 2123 3211 ο

460 3238 562 3291 pro
588 3235 739 3294 parte
765 3224 955 3283 saltem
984 3233 1292 3282 contextam
1318 3241 1457 3290 esse,
1490 3226 1563 3281 sit
1585 3240 1831 3281 necesse.
1858 3223 2054 3291 Quare,

462 3312 548 3368 his
570 3313 821 3369 omnibus
850 3316 1157 3386 perpensis,
1210 3315 1391 3372 nullus
1444 3314 1658 3382 dubito,
1718 3314 1848 3386 quin
1903 3315 2056 3380 Vita,

462 3420 584 3475 qua:
613 3404 913 3463 Puteanum
959 3408 1123 3465 habet
1169 3417 1474 3474 auctorem,
1525 3424 1590 3467 ea
1643 3409 1756 3480 ipsa
1798 3408 1892 3473 sit,
1938 3425 2061 3479 quae

463 3513 604 3553 ιιιιιιο
626 3498 849 3557 circiter
880 3500 1018 3557 1515
1046 3500 1098 3558 in
1120 3501 1299 3557 lucem
1340 3502 1482 3574 typis
1512 3502 1913 3560 Basileensibus
1936 3518 2062 3573 pro-

464 3590 581 3648 diit.

540 3680 636 3735 25.
675 3680 952 3754 Inceptum
977 3682 1160 3754 itaque
1203 3684 1268 3741 de
1297 3683 1483 3740 Sancti
1516 3681 1878 3750 Vitis,s.eculi
1922 3682 2058 3739 sexti

464 3771 663 3826 decimi
693 3773 850 3831 initio
873 3774 1220 3846 conscriptis,
1252 3789 1560 3831 sermonem
1592 3773 1706 3843 jam
1737 3788 2054 3844 prosequor.

466 3863 770 3935 Equatnor
817 3865 929 3935 jam
987 3868 1272 3927 recensitis
1317 3869 1431 3924 sola
1486 3868 1617 3924 mihi
1669 3868 1844 3931 deest,
1899 3881 2060 3935 quam

467 3953 863 4013 Carthusianus
882 3973 1187 4031 anonymus
1207 3958 1518 4023 adornavit,
1548 3958 1796 4029 typisque
1816 3955 2063 4012 Bcrthol-

468 4047 570 4103 dus
599 4048 929 4106 Remboldus
956 4048 1186 4105 Lutetiae
1212 4048 1468 4114 excudit;
1490 4063 1521 4103 e
1550 4048 1725 4103 tribus
1760 4063 1893 4102 vero
1937 4045 2058 4102 reli-

468 4136 612 4204 quis,
641 4152 872 4207 quarum
906 4138 1076 4204 nulla,
1099 4138 1263 4210 longo
1298 4138 1559 4208 temporis
1596 4136 1901 4200 intervallo,
1953 4151 2062 4206 quo

468 4242 656 4282 earum
688 4237 990 4285 anctoresa
1014 4228 1191 4287 sancti
1208 4228 1359 4285 obitu
1396 4227 1758 4298 scripserunt,
1792 4235 2055 4297 spectato,

471 4318 541 4372 ab
566 4320 890 4389 antiquitate
912 4317 1278 4374 commendari
1308 4325 1507 4388 potest,
1558 4316 1729 4373 solam
1764 4316 2055 4372 l’ulcania-

472 4424 633 4487 nam,
658 4412 710 4466 in
747 4410 928 4482 capita
949 4419 1004 4466 et
1039 4424 1298 4465 numeros
1320 4409 1386 4464 de
1417 4423 1565 4464 more
1583 4408 1837 4477 divisam,
1860 4422 1889 4463 e
1914 4407 2059 4462 Basi-

2138 547 2414 618 alleganda
2439 547 2685 612 veniant,
2703 545 3093 601 commentario
3122 545 3264 608 huic,
3292 546 3337 601 si
3356 545 3574 616 quando
3599 559 3744 600 eon-

2138 653 2329 707 gruum
2372 638 2422 693 id
2446 637 2631 705 fuerit,
2659 638 2921 703 intexam,
2979 646 3071 691 aut
3096 647 3263 701 certe,
3291 638 3335 691 si
3370 637 3523 709 quid,
3581 634 3742 706 quod

2140 742 2169 781 a
2194 725 2331 781 Vitis
2361 727 2587 781 edendis
2611 728 2754 781 absit
2802 727 3088 795 notat-ique
3129 736 3421 791 mereatur,
3470 726 3743 796 suppedi-

2141 829 2278 884 tent,
2304 819 2357 873 in
2391 819 2866 882 Annotationibus,
2892 833 3026 888 quas
3045 817 3195 873 hisce
3223 819 3566 889 subjecturus
3587 833 3747 882 sum,

2142 910 2550 966 inobservatum
2582 910 2724 964 haud
2750 911 3058 980 pnetcribo.

2208 1000 2302 1054 24.
2345 998 2481 1055 Tres
2509 1000 2689 1072 itaque
2721 1004 2926 1053 tantum
2961 998 3146 1054 Sancti
3180 999 3348 1053 nostri
3372 996 3526 1052 Vitas
3552 998 3747 1052 diver—

2138 1108 2248 1158 sas,
2280 1107 2510 1162 quarum
2536 1092 2653 1147 dna:
2677 1084 3029 1165 recentiores,
3047 1104 3261 1161 unaque
3275 1089 3552 1159 antiquior
3573 1103 3747 1163 Supra

2140 1196 2465 1250 memorata,
2495 1201 2595 1239 nec
2620 1194 2797 1239 tamen
2827 1168 3003 1236 minus
3043 1199 3201 1251 quam
3255 1193 3471 1236 centum
3504 1180 3751 1248 amplius

2140 1287 2263 1347 post
2290 1277 2408 1347 ejus
2436 1277 2645 1331 obitum
2678 1275 2835 1330 annis
2862 1275 3063 1345 scripta
3088 1271 3197 1339 est,
3225 1266 3510 1337 recudam;
3541 1272 3755 1342 quibus

2140 1383 2260 1421 cum
2289 1376 2550 1438 praeterea
2582 1366 2785 1434 varios,
2815 1356 2955 1435 quos
2978 1363 3192 1418 tandem
3236 1363 3407 1435 gloria
3442 1364 3749 1434 posthuma

2142 1473 2234 1513 seu
2263 1458 2534 1528 quoddam
2570 1458 2748 1527 potius
2776 1458 2937 1527 hujus
2966 1455 3426 1527 supplementum,
3457 1470 3487 1509 e
3511 1451 3756 1508 diversis

2143 1550 2350 1605 notitiis
2397 1550 2681 1619 scriptisve
2713 1548 2997 1603 collectum
3030 1547 3285 1617 excipiet,
3346 1545 3557 1600 'l'itulos
3586 1542 3753 1599 fune-

2143 1646 2290 1707 bres,
2321 1642 2657 1698 sectionibus
2687 1641 2940 1707 diversis,
2971 1656 3199 1711 quarum
3256 1637 3511 1709 quaelibet
3560 1636 3758 1709 plures

2143 1754 2211 1793 ex
2238 1738 2325 1793 his
2360 1736 2661 1801 contineat,
2691 1736 2759 1789 ad
2803 1733 3216 1789 annotationum
3263 1730 3493 1785 subinde
3542 1728 3761 1783 addeno

2072 1808 2116 1868 Β
2147 1834 2333 1888 darnm
2359 1830 2701 1888 commodum
2723 1831 3004 1894 discretos,
3023 1844 3087 1884 ac
3110 1831 3224 1883 suis
3239 1823 3756 1897 quosquenumeris

2146 1923 2455 1987 distinctos,
2480 1939 2509 1978 c
2542 1921 2841 1976 Basileensi
2881 1920 3064 1995 Sancti
3102 1920 3217 1975 Vita
3267 1934 3333 1973 eo
3376 1918 3596 1981 ordine,
3646 1931 3761 1986 quo

2148 2014 2214 2070 ad
2247 2015 2404 2085 hujus
2436 2014 2637 2069 calcem
2673 2013 3037 2082 reperiuntur,
3062 2009 3417 2080 adjuncturus
3440 2010 3609 2064 etiam
3627 2007 3760 2073 sim,

2147 2106 2406 2161 lectorem
2437 2105 2595 2159 modo
2622 2103 2780 2171 hujus
2806 2101 3017 2157 consilii
3053 2101 3156 2155 ιιιυί
3193 2099 3458 2153 rationem
3505 2107 3561 2152 et
3615 2097 3758 2167 quid

2148 2199 2339 2255 bormn
2368 2196 2587 2253 nomine
2624 2196 2822 2261 veniat,
2858 2194 2948 2249 hic
2991 2194 3169 2247 adlmc
3220 2191 3437 2247 edoceri
3468 2190 3759 2246 convenit.

2147 2286 2203 2342 In
2232 2302 2383 2343 more
2419 2286 2572 2352 olim,
2623 2284 2787 2342 etiam
2845 2294 3006 2338 (etate
3059 2281 3118 2338 S.
3166 2280 3459 2346 Bruuonis,
3516 2279 3763 2350 positum

2147 2389 2286 2442 erat,
2311 2386 2367 2433 ut
2399 2377 2671 2445 monachi,
2708 2391 2833 2432 cmn
2881 2376 3004 2446 quis
3025 2390 3092 2429 ex
3121 2372 3509 2444 insignioribus
3556 2386 3764 2425 mona-

2148 2470 2299 2526 sterii
2346 2471 2430 2525 sui
2494 2471 2627 2526 viris
2674 2469 2945 2531 obiisset,
3002 2468 3263 2521 schedam
3319 2480 3414 2519 seu
3465 2462 3764 2534 epistolam

2148 2560 2508 2633 encyclicam,
2537 2561 2729 2616 mortis
2753 2560 2870 2628 ejus
2894 2558 3174 2622 nunciam,
3198 2572 3318 2627 quae
3341 2555 3452 2610 fere
3485 2554 3767 2608 membra-

2150 2657 2234 2710 nis
2263 2656 2314 2709 in
2349 2655 2566 2726 longum
2595 2654 2864 2725 porreetis
2889 2654 3198 2716 constabat,
3223 2664 3453 2721 qumque
3471 2648 3617 2720 quod
3649 2660 3768 2701 non

2151 2743 2372 2814 plicata,
2419 2742 2510 2798 sed
2566 2744 2936 2798 Romanorum
2974 2741 3309 2796 Voluminum
3356 2740 3528 2794 instar
3570 2736 3765 2794 voluta

2150 2846 2314 2901 esset,
2346 2835 2526 2891 llotnli
2557 2851 2649 2890 seu
2694 2835 2831 2890 [lolii
2882 2835 3099 2890 nomine
3150 2831 3605 2903 distinguebatur,
3664 2846 3769 2901 per

2152 2944 2313 2982 unam
2347 2945 2377 2984 e
2408 2929 2543 2993 suis,
2577 2929 2668 2999 qui
2697 2939 2983 3001 propterea
3022 2926 3335 2982 llotularins
3363 2914 3471 2978 an?
3512 2922 3770 2997 Belliger

2152 3018 2549 3088 appellabatur,
2581 3019 2647 3074 ad
2672 3019 3023 3084 monasteria,
3056 3016 3325 3074 Eeclesias
3350 3025 3440 3070 aut
3466 3030 3765 3084 personas,

2153 3110 2472 3177 quibuscum
2517 3118 2676 3164 erant
2705 3120 2801 3163 aut
2846 3109 3109 3164 societate
3158 3117 3250 3162 aut
3306 3106 3542 3161 amicitia
3579 3106 3773 3161 aliove

2161 3198 2423 3269 singulari
2456 3201 2616 3254 modo
2644 3199 2945 3267 conjuncti,
2994 3200 3396 3260 submitterent,
3428 3207 3641 3268 pactas,
3667 3214 3768 3252 or-

2160 3289 2466 3345 dinariasve
2495 3306 2588 3347 seu
2615 3299 2851 3347 statutas
2882 3306 3070 3361 preces
3097 3287 3633 3360 prodet‘unctianima
3664 3304 3766 3358 po-

2162 3380 2462 3447 stulantcs;
2498 3381 2852 3451 response-riae
2909 3389 3117 3445 autem,
3169 3395 3288 3450 qua:
3339 3378 3405 3432 ad
3446 3377 3767 3449 huiusmodi

2161 3473 2442 3544 epistolas,
2470 3490 2497 3528 a
2524 3475 2791 3543 personis,
2821 3472 2886 3527 ad
2918 3489 3053 3542 quas
3084 3473 3167 3527 ha:
3196 3472 3379 3527 missae
3400 3480 3579 3535 erant,
3638 3485 3768 3525 car-

2165 3566 2307 3619 mine
2328 3565 2667 3635 plermnqne,
2691 3582 2757 3620 ac
2796 3563 3027 3619 subinde
3068 3564 3232 3618 ctiam
3285 3564 3536 3617 oratione
3574 3562 3762 3616 soluta

2161 3654 2452 3719 dabantur,
2486 3655 2766 3723 rotuloque
2805 3653 2971 3707 allato
3012 3662 3105 3707 aut
3138 3655 3307 3707 etiam
3347 3654 3551 3707 chartm
3600 3667 3770 3722 sepa-

2162 3754 2314 3810 ratm,
2346 3753 2504 3815 prout
2536 3761 2624 3801 res
2658 3744 2888 3808 ferebat,
2922 3743 3364 3799 inscribebautnr
3390 3784 3406 3803 ,
3450 3741 3764 3796 Titnlornm

2163 3836 2471 3892 funebrium
2499 3836 2720 3890 nomine
2752 3836 3063 3890 veniebant.
3118 3832 3241 3886 llmc
3290 3832 3472 3886 omnia
3515 3830 3629 3886 fere
3667 3840 3768 3885 aut.

2162 3938 2309 3983 certe
2337 3943 2443 3982 nou
2478 3926 2706 3982 multum
2738 3926 3049 3981 abludcntia
3081 3924 3407 3995 colliguntur
3428 3939 3494 3979 ex
3524 3923 3607 3985 iis,
3637 3938 3767 3993 quae

2161 4019 2423 4091 Cangius,
2450 4018 2632 4073 varios
2663 4017 2839 4073 citans
2868 4017 3193 4085 scriptores,
3238 4016 3289 4069 in
3316 4014 3599 4069 mussat-io
3640 4030 3766 4067 nic-

2162 4112 2263 4167 tliat:
2292 4122 2344 4166 et
2373 4111 2572 4166 inﬁma:
2598 4109 2908 4164 Latinitatis
2935 4109 3002 4162 ad
3031 4105 3292 4161 vocabula
3338 4104 3578 4170 Rutulus,
3613 4102 3771 4158 Τίιυ⁶

2160 4203 2243 4255 Ius
2268 4212 2323 4256 et
2351 4200 2537 4256 Brevia
2567 4210 2893 4253 mortuorum
2926 4198 2979 4253 in
3011 4198 3244 4252 medium
3269 4196 3508 4250 adducit.

2231 4291 2327 4348 25.
2345 4291 2383 4345 E
2402 4306 2551 4345 more
2574 4291 2754 4360 itaque
2770 4288 2882 4358 jam
2904 4289 3051 4343 descr
3069 4288 3179 4356 ipto
3204 4285 3437 4357 religiosi
3460 4284 3771 4340 Calabriua:

2161 4387 2331 4442 eremi
2366 4385 2580 4449 incoho,
2613 4400 2737 4439 cum
2767 4383 2818 4436 in
2844 4381 2947 4436 hac
2980 4380 3037 4435 S.
3073 4380 3254 4433 Bruno
3285 4379 3528 4441 obiisset,
3557 4377 3770 4448 episto-

473 4486 643 4576 lecnsi
680 4502 869 4572 prima:
893 4500 1150 4558 editionis
1174 4500 1473 4569 exemplari
1500 4500 1773 4565 recudam,
1835 4508 2052 4569 praeter-

2162 4492 2267 4544 1am
2291 4476 2670 4547 encyclicam,
2713 4474 2906 4531 mortis
2962 4473 3080 4543 ejus
3128 4471 3400 4533 nunciam,
3436 4470 3503 4523 ad
3551 4468 3721 4523 ltalim
3750 4512 3767 4533 ,

473 4594 657 4671 missis
680 4593 801 4648 aliis
827 4594 1036 4649 duabus
1063 4592 1145 4648 vel
1175 4592 1399 4656 ideirco,
1426 4593 1570 4661 quod
1624 4591 1798 4647 altera
1847 4590 2065 4660 quidem

473 4684 585 4740 ludi
622 4686 905 4759 dumtaxat
925 4685 1146 4754 poetici,
1180 4699 1285 4740 non
1311 4682 1460 4745 Vitae,
1497 4682 1754 4738 historice
1772 4698 1835 4738 ac
1852 4682 2067 4737 sincere

472 4776 711 4844 scriptae,
744 4776 979 4847 speciem
1011 4774 1287 4845 prreferat,
1316 4774 1487 4829 altera
1520 4786 1655 4828 vero
1706 4772 1951 4841 parergis
1977 4787 2065 4827 su-

476 4866 717 4936 perﬂuis,
747 4866 1284 4937 digressionibnsque
1340 4866 1567 4920 nimium
1624 4863 1799 4933 longis
1846 4879 1910 4917 ac
1960 4862 2068 4918 fre-

474 4959 768 5028 quentibus
805 4958 991 5014 lectori
1019 4957 1246 5012 multum
1273 4956 1438 5021 tredii,
1480 4954 1773 5026 voluptatis
1803 4951 1914 5009 fere
1937 4954 2069 5015 nihil

476 5062 623 5108 esset
648 5050 913 5114 allatura;
949 5058 1008 5103 ut
1032 5057 1212 5104 autem
1242 5046 1401 5113 Viue,
1434 5063 1462 5102 a
1492 5045 1897 5102 Blomenvenna
1938 5058 2069 5099 con-

477 5145 733 5211 cinnatze,
767 5140 1120 5205 desiderium,
1151 5139 1196 5194 si
1228 5138 1354 5210 quis
1379 5138 1523 5193 forte
1544 5152 1610 5193 eo
1643 5142 1909 5197 teneatur,
1940 5132 2067 5189 ferri

478 5246 644 5307 queat
668 5233 905 5299 facilius,
929 5232 1081 5294 Vitae,
1122 5246 1150 5285 a
1180 5229 1425 5286 Puteano
1445 5239 1685 5284 exarata:
1761 5225 1938 5282 Vitam
1986 5225 2067 5279 al-

479 5340 677 5391 teram,
717 5342 858 5397 quae,
887 5323 1088 5381 sa:cnlo
1122 5335 1279 5380 sexto
1326 5323 1537 5379 decimo
1585 5321 1697 5392 jam
1729 5328 2069 5382 senescente,

479 5434 537 5477 et
572 5438 641 5477 ex
664 5422 789 5486 hac,
822 5427 875 5474 et
898 5436 962 5474 ex
991 5418 1220 5475 anctiori
1253 5418 1668 5472 Blamenvenna:
1694 5410 2071 5468 lucubratione

481 5531 513 5569 a
544 5513 706 5570 Surio
732 5512 1057 5569 concinnata
1085 5520 1186 5573 est,
1235 5520 1464 5580 quazque
1513 5504 1762 5576 proinde,
1808 5501 2071 5575 quidquid

484 5613 538 5661 ln
572 5608 677 5661 hac
708 5613 1011 5661 memoratu
1040 5592 1263 5673 dignum
1294 5596 1557 5662 occurrit,
1588 5594 1733 5651 haud
1754 5592 1915 5648 dubie
1936 5608 2070 5647 con—

485 5703 635 5763 tinet,
665 5700 1009 5771 subjungam,
1034 5696 1301 5765 simulque
1326 5689 2069 5764 excerptacBlumenvennaz,

485 5793 561 5849 uti
586 5802 638 5850 et
666 5808 698 5849 e
730 5789 1012 5847 Zachariae
1055 5785 1329 5844 Benedicti
1376 5778 1839 5839 lucubrationibus
1883 5777 2068 5844 verba,

2169 4575 2355 4631 Galliae
2376 4584 2431 4629 et
2454 4574 2657 4644 Anglia:
2681 4569 3012 4625 monasteria
3039 4585 3102 4624 ac
3134 4567 3429 4630 Ecclesias,
3457 4576 3512 4618 et
3542 4564 3765 4633 quidem

2169 4676 2358 4721 contra
2390 4680 2594 4720 morem
2620 4662 2937 4734 plerumque
2968 4671 3095 4715 tunc
3123 4659 3383 4712 usitatum
3433 4654 3568 4708 alias
3598 4654 3767 4707 etiam

2173 4757 2478 4822 nomiullas,
2510 4771 2672 4826 quam
2694 4754 3016 4824 quibuscum
3046 4751 3306 4809 societate
3334 4756 3492 4802 erant
3539 4746 3769 4815 conjun-

2172 4854 2271 4916 cti,
2298 4865 2394 4920 per
2424 4864 2588 4904 unum
2621 4862 2651 4903 e
2678 4846 2815 4908 suis.
2846 4846 2922 4901 nti
2956 4846 3068 4914 ipsa
3094 4841 3182 4896 illa
3212 4839 3465 4911 epistola,
3516 4852 3615 4890 suo
3648 4837 3771 4888 loco

2172 4942 2417 5012 proxime
2441 4949 2567 4993 ante
2598 4938 2809 4992 Titulus
2846 4936 3104 4993 funebres
3128 4933 3292 4987 etiam
3318 4929 3547 4993 edenda,
3603 4927 3767 4981 [idem

2175 5034 2326 5098 facit,
2351 5046 2788 5103 quaquaversum
2819 5030 3108 5091 miserunt,
3142 5023 3509 5094 plurimasque
3539 5035 3768 5088 respon—

2173 5127 2366 5187 sorias,
2400 5123 2693 5178 Titulorum
2737 5120 3037 5190 funebrium
3067 5118 3286 5172 nomine
3344 5121 3627 5185 propterea
3678 5110 3771 5162 de-

2174 5213 2931 5288 incepsbicdistinguendas,
2982 5221 3324 5282 acceperunt.
3379 5209 3621 5262 Fuerunt
3674 5192 3767 5261 illi.

2173 5312 2249 5367 uti
2287 5319 2371 5367 est
2402 5325 2503 5364 ms.
2531 5308 2587 5363 S.
2617 5306 2887 5363 Britannis
2936 5305 3083 5369 Vita,
3136 5319 3164 5354 a
3192 5301 3553 5357 Carthnsiano
3609 5295 3765 5362 Ligcv

2176 5403 2309 5459 tensi
2347 5415 2616 5471 anonymo
2659 5414 2688 5453 e
2745 5397 3088 5459 funebribus,
3134 5394 3201 5448 de
3242 5393 3441 5460 quibus
3491 5387 3601 5449 hic,
3650 5384 3769 5453 ejus

2177 5494 2346 5548 titulis
2383 5490 2682 5562 praesertim
2710 5496 2961 5545 contexta
3006 5495 3169 5554 atque
3195 5482 3260 5535 ad
3286 5478 3516 5548 majores
3552 5483 3771 5529 nostros

2177 5601 2207 5639 a
2236 5583 2495 5639 Federico
2537 5581 2785 5645 Floueto,
2834 5576 3130 5632 Societatis
3182 5583 3381 5628 nostra:
3435 5567 3722 5622 sacerdote
3749 5601 3766 5627 ,

2176 5681 2468 5742 submissa,
2500 5676 2762 5745 intelligo,
2794 5675 2848 5729 in
2873 5670 3164 5729 Calabrina
3191 5667 3250 5722 8.
3277 5659 3535 5733 Stephani
3559 5671 3767 5719 cret-io,

2181 5789 2304 5831 cum
2329 5777 2443 5829 haec
2473 5787 2501 5825 a
2526 5766 3006 5834 Cisterciensibus,
3029 5762 3121 5837 qui
3149 5775 3293 5827 eam,
3324 5752 3604 5825 sexaginta
3655 5747 3767 5803 cir-
