3862 6310
217 324 282 380 2i
1099 338 1142 348 "'
1200 338 1205 341 ‘
1755 326 1818 380 Α(

1925 354 1960 381 ι.
3406 338 3485 395 Ἐ

215 441 351 493 citcr
378 445 506 507 post
526 435 735 492 obitum
760 435 820 492 S.
846 435 1116 493 Brunonis
1143 436 1300 493 annis
1350 435 1415 492 ad
1464 452 1524 493 se
1571 437 1802 493 transla-
1830 444 1882 500 Λ
1908 439 2045 496 simo
2064 442 2304 509 domino,
2349 444 2651 502 Carthnsize
2699 445 3128 504 Maverbacensis
3166 449 3216 505 in
3267 452 3484 508 Austria

219 540 344 592 tam,
375 527 687 582 diutissime
716 528 1087 593 obtinuerant,
1141 528 1207 583 ad
1247 527 1642 585 Carthusianos
1689 538 1810 583 tan-

215 622 333 677 dem
362 636 513 675 anno
536 619 675 674 15H
708 620 978 687 rediisset,
1010 622 1111 676 hoc
1140 622 1257 691 ipso
1300 622 1523 676 circiter
1570 631 1811 690 tempore

217 711 285 767 ab
308 712 722 778 biseeinventi,
777 713 868 781 qui
919 712 1069 782 prelo
1119 713 1314 783 dignos
1372 712 1591 775 duxere,
1644 727 1811 781 reque

217 802 328 871 ipsa
360 803 429 857 ad
464 801 604 857 Vitae
636 804 832 867 sancti,
858 819 977 873 qua:
1004 803 1147 858 haud
1180 804 1252 858 ita
1286 801 1454 857 multo
1497 812 1615 874 post
1660 802 1811 857 Basi-

217 896 308 950 lea:
332 894 433 949 fuit
463 912 693 961 excusa,
719 896 923 952 calcem
944 895 1218 965 adjecere;
1247 910 1347 953 nec
1372 911 1503 953 sane
1523 896 1809 951 immerito.

217 986 428 1040 Etenim
457 989 636 1043 sancti
665 989 856 1060 gestis,
891 989 977 1043 uti
997 1006 1061 1044 ex
1099 991 1477 1045 commentarii
1530 988 1690 1058 huius
1720 990 1814 1043 de-

217 1091 379 1132 cursu
412 1085 681 1146 patescet,
720 1077 1059 1133 illustrandis
1097 1095 1204 1133 non
1244 1095 1434 1149 parum
1476 1080 1809 1144 conducunt;

218 1167 317 1220 etsi
343 1177 532 1223 autem
565 1167 815 1223 versibus
838 1167 1057 1224 insuisis
1080 1167 1327 1238 maleque
1382 1169 1610 1223 tornatis
1654 1168 1814 1239 pleri-

210 1267 321 1321 que
344 1261 623 1317 constent,
670 1253 886 1324 plurimi
920 1262 1100 1309 tamen
1120 1270 1189 1309 ex
1217 1255 1283 1308 iis
1309 1252 1563 1308 nonnulla
1593 1255 1656 1308 ad
1685 1268 1814 1309 san-

221 1356 363 1396 ctum
396 1346 682 1414 speciatim
722 1347 1020 1415 spectantia
1078 1348 1348 1413 educent,
1395 1356 1489 1402 aut
1540 1347 1608 1413 si,
1671 1346 1813 1416 quod

223 1434 378 1488 etiam
408 1451 516 1490 non
547 1452 673 1489 raro
699 1436 782 1502 lit,
828 1437 988 1494 modo
1015 1440 1253 1510 generali
1301 1439 1525 1494 nimium
1554 1440 1663 1494 sint
1685 1454 1813 1494 eon-

224 1527 384 1597 ccpti,
410 1527 723 1584 Brunoueut
754 1530 973 1598 saltem,
1002 1533 1047 1587 si
1081 1532 1370 1587 nonnullos
1394 1532 1697 1601 cxceperis,
1746 1530 1816 1584 ab

224 1620 525 1677 eruditione
560 1621 763 1675 eximia
790 1663 805 1687 ,
855 1623 1161 1679 humilitate
1208 1623 1379 1679 aliave
1427 1623 1625 1678 virtute
1668 1639 1815 1679 com-

228 1712 503 1776 mendant,
532 1714 787 1768 utetiam
829 1714 1150 1786 plerumque
1190 1724 1324 1781 tum,
1378 1724 1585 1785 quanto
1631 1714 1716 1769 hic
1759 1714 1810 1768 in

226 1804 399 1872 pretio
418 1806 561 1874 apud
590 1821 782 1862 omnes
808 1807 989 1871 fuerit,
1015 1817 1336 1877 argumento
1359 1807 1490 1861 sint.
1551 1806 1686 1861 llinc
1715 1806 1811 1859 ita-
1846 1785 1887 1843 Β

225 1911 326 1965 que
350 1911 453 1965 ego
476 1913 584 1951 non
614 1899 916 1967 prmcipuos
947 1908 1181 1963 tantum,
1209 1908 1266 1953 ut
1299 1899 1492 1954 Surius
1550 1898 1602 1953 in
1642 1900 1814 1954 sancti

230 1988 367 2052 \‘ita,
397 2004 427 2042 a
463 2004 524 2044 se
554 1999 835 2055 contexta,
881 1991 1031 2055 fecit,
1079 1990 1172 2044 sed
1215 2005 1404 2045 omnes
1448 1998 1501 2044 et
1556 1988 1813 2061 singulos,

228 2079 386 2133 veluti
412 2080 651 2149 pretiosa
673 2082 1013 2151 antiquitatis
1040 2089 1412 2146 monumenta,
1460 2081 1529 2135 ab
1555 2079 1673 2150 ipso
1702 2092 1815 2135 sta-

232 2174 321 2225 tim
354 2171 492 2227 felici
519 2172 577 2227 8.
619 2173 937 2230 Bruuonise
957 2175 1094 2230 vivis
1116 2189 1345 2229 excessu
1376 2173 1601 2243 scripta,
1662 2189 1818 2229 recu-

231 2263 372 2327 dam,
425 2265 665 2319 maxime
688 2267 832 2334 quod
878 2282 907 2320 a
953 2266 1138 2321 multis
1169 2307 1184 2330 ,
1230 2276 1289 2321 ut
1346 2267 1624 2339 intelligo,
1664 2265 1821 2321 avide

231 2353 622 2421 desiderentur,
677 2356 1111 2427 Basileensisque
1141 2372 1236 2413 seu
1281 2356 1608 2413 Puteaniana
1644 2358 1820 2414 sancti

235 2444 372 2509 Vita,
399 2445 466 2499 ad
496 2446 652 2516 cujus
682 2447 884 2502 calcem
920 2449 1206 2505 dumtaxat
1259 2450 1602 2521 reperiuntur
1627 2493 1642 2519 ,
1691 2466 1820 2522 pau-

232 2553 408 2593 corum
440 2538 495 2592 in
524 2539 779 2595 manibus
807 2552 1073 2596 versetur.

295 2628 385 2683 26.
410 2628 584 2684 Porro
610 2646 735 2685 cum
757 2631 977 2688 edenda:
1008 2634 1066 2688 S.
1111 2633 1380 2689 Brunonis
1408 2633 1561 2700 Vitae,
1596 2649 1701 2689 non
1732 2649 1825 2690 ex-

233 2731 378 2789 cepta
409 2721 578 2775 etiam
628 2722 718 2777 illa
761 2723 896 2794 ipsa,
950 2741 1072 2795 qtne
1116 2741 1183 2780 ex
1238 2726 1536 2796 primorum
1586 2724 1825 2797 quinque

234 2811 535 2881 Carthasim
564 2814 806 2884 priorum
831 2815 1102 2872 Chronico
1120 2817 1482 2886 excerpenda,
1502 2825 1663 2871 tanta:
1686 2802 1824 2871 anti-

232 2906 452 2977 quitatis
484 2906 704 2973 merito,
724 2907 798 2961 uti
825 2923 888 2962 ex
907 2906 1020 2977 jam
1051 2907 1215 2963 dictis
1240 2923 1472 2978 pronum
1528 2916 1613 2964 est
1667 2907 1821 2962 colli‘

233 3009 376 3067 gere,
412 3009 521 3047 non
555 2994 851 3065 gaudeant,
891 3003 947 3048 ut
977 2993 1133 3049 fidem
1171 3010 1268 3065 per
1310 3008 1369 3050 se
1393 2994 1568 3048 facere
1593 2994 1819 3064 possint;

1911 528 2137 597 abbate,
2162 546 2304 589 anno
2334 534 2463 590 1761
2493 536 2648 591 nobis
2677 536 2968 592 submissa.
3110 594 3111 597 η

1982 623 2071 680 27.
2115 624 2225 681 Nec
2275 628 2454 684 minus
2497 631 2617 685 usui
2648 640 2819 686 erunt
2853 630 3246 687 Cartlmsianus
3288 647 3490 704 anony-

1913 732 2054 782 mus,
2077 718 2165 786 qui
2198 717 2390 773 librum
2420 730 2669 791 quartum
2691 721 2978 777 Annalium
3006 723 3490 780 Cartlntsiensiunt.

1914 808 2073 864 modo
2094 812 2309 880 quidem
2331 829 2607 879 exeusutn,
2654 817 3023 887 hactenusque
3055 826 3253 883 tamen,
3300 816 3489 885 ut<jam

1913 914 2073 969 Supra
2105 904 2308 969 monui,
2339 906 2534 975 publici
2560 907 2700 977 juris
2742 924 2848 963 non
2902 909 3127 975 factum,
3170 909 3492 979 composuit,

1916 992 2169 1049 Historiae
2221 996 2503 1052 litterariae
2548 998 2797 1055 Francia:
2844 1000 3195 1070 Scriptores,
3224 999 3496 1070 praecipue

1899 1092 2051 1137 tom.
2080 1084 2170 1151 IX,
2197 1085 2248 1140 in
2285 1086 2400 1142 Vita
2432 1088 2488 1143 8.
2516 1089 2807 1157 Brunonis,
2855 1090 3116 1147 Camillus
3160 1090 3394 1146 Tutinus
3440 1089 3494 1143 in

1917 1172 2135 1230 Ordinis
2162 1176 2583 1243 Carthusiensis,
2616 1183 2718 1236 etsi
2751 1183 2966 1238 interim
2993 1183 3097 1239 hoc
3118 1197 3257 1252 opus
3290 1182 3356 1235 ad
3378 1195 3494 1234 ma-

1919 1282 2044 1320 num
2074 1282 2179 1321 non
2210 1269 2456 1335 habeam,
2488 1272 2588 1325 nisi
2610 1272 2880 1338 mutilum,
2909 1272 3158 1328 Historia:
3180 1272 3495 1340 Prospectu,

1918 1359 2178 1414 Morotius
2227 1360 2281 1414 in
2332 1362 2474 1415 sacri
2529 1361 2931 1419 Carthusiensis
2972 1363 3192 1420 Ordinis
3262 1360 3499 1416 Tlteatro

1916 1450 2316 1521 chronologico,
2344 1449 2581 1508 Joannes
2607 1451 2916 1509 Columbius
2940 1454 2994 1508 in
3030 1469 3129 1509 sua
3160 1454 3228 1508 de
3268 1452 3501 1507 Cartim-

1917 1543 2192 1598 siauorutn
2222 1544 2390 1598 initiis
2421 1544 2831 1610 Dissertatione,
2862 1545 3275 1601 Innocentiusle
3288 1543 3500 1599 Masson

1918 1634 2010 1688 ιιι).
2048 1649 2062 1687 I
2098 1633 2386 1688 Annalium
2413 1634 2902 1701 Carthusiensium,
2931 1634 3130 1704 aliique
3171 1637 3224 1689 in
3272 1634 3501 1713 decursu

1919 1724 2232 1778 nominandi
2273 1739 2377 1778 non
2403 1725 2580 1793 pauci.
2606 1724 2889 1780 (litandum
2918 1726 3177 1780 iuterima
3197 1740 3305 1791 me,
3335 1719 3503 1781 velut|

1921 1816 2092 1871 visum
2130 1816 2523 1887 itiSpectutnve,
2576 1817 2848 1871 studiosus
2877 1817 3048 1872 lector
3085 1834 3199 1873 non
3220 1823 3506 1887 exspectet

1920 1906 2178 1961 Srverum
2210 1923 2246 1960 ‘a
2269 1905 2513 1975 Neapoli,
2551 1920 2644 1961 seu
2669 1908 2733 1961 de
2765 1904 3215 1976 Tralaglionibus,
3248 1907 3339 1976 qui
3362 1921 3505 1976 prat-

1922 2010 1942 2054 t
1978 2016 2004 2054 r
2026 1999 2153 2065 alia,
2189 2015 2310 2069 quae
2336 1999 2400 2053 ad
2432 1999 2765 2069 propositum
2796 2009 3041 2053 nostrum
3066 1999 3282 2068 suggeri
3330 1998 3397 2052 ab
3440 2012 3507 2053 eo

1920 2092 2191 2161 suspicor,
2213 2090 2377 2143 multa
2407 2090 2591 2153 etiam,
2634 2097 2693 2143 ut
2747 2089 3012 2144 Surianus
3053 2088 3106 2143 in
3148 2088 3263 2142 suis
3312 2088 3381 2142 ad
3440 2086 3503 2141 S.

1922 2181 2190 2237 Brunonis
2213 2180 2388 2237 Vitam
2419 2179 2872 2235 Annotationibus
2901 2193 3026 2249 pag.
3061 2177 3160 2233 197
3189 2185 3244 2232 et
3264 2191 3382 2247 seq.
3406 2175 3507 2231 do-

1922 2283 2028 2338 cet,
2081 2281 2429 2327 monumenta
2476 2286 2542 2326 ac
2588 2268 2921 2341 diplomata,
2971 2269 3038 2323 ad
3093 2267 3153 2324 S.
3201 2268 3507 2323 Brunonem

1926 2379 2147 2434 remque
2176 2363 2587 2419 Carthusianam
2620 2361 2921 2432 spectantia
2943 2402 2959 2427 ,
2986 2375 3018 2417 e
3039 2359 3280 2416 tenebris
3320 2360 3380 2415 in
3426 2358 3509 2412 lu-

1924 2478 2040 2517 cent
2071 2461 2323 2531 protulit;
2354 2461 2442 2514 hic
2473 2460 2616 2513 enim
2642 2460 2874 2528 scriptor
2902 2472 3065 2529 penes
3108 2472 3208 2517 nos
3254 2473 3361 2512 non
3407 2470 3506 2510 ex-

1925 2562 2062 2617 stat;
2088 2553 2141 2606 in
2167 2551 2287 2605 aliis
2316 2559 2495 2605 autem
2521 2548 2882 2615 bibliothecis,
2913 2564 3050 2619 quas
3079 2548 3167 2604 hic
3188 2547 3511 2603 sci-utendas

1925 2645 2131 2708 curavi,
2157 2643 2383 2698 inveniri
2411 2657 2515 2696 non
2545 2642 2740 2712 potuit,
2765 2656 2866 2697 nec
2898 2643 2951 2696 itt
2993 2641 3300 2712 regionibus
3328 2654 3509 2697 remo.

1926 2735 1997 2789 tis
2016 2732 2365 2803 qumrendum
2412 2731 2560 2797 duxi,
2612 2732 2845 2786 maxime
2889 2731 3031 2801 quod
3075 2729 3194 2801 ejus
3237 2727 3507 2786 defectum

1928 2842 2121 2897 magna
2153 2825 2341 2881 saltem
2374 2841 2440 2881 ex
2470 2833 2625 2895 parte
2645 2824 2881 2894 suppleri
2916 2833 3099 2896 putem
3126 2838 3192 2879 ex
3224 2824 3399 2878 tribus
3418 2820 3507 2876 dio

1926 2917 2100 2972 versis
2122 2930 2252 2971 mss.
2279 2913 2347 2971 de
2371 2915 2430 2970 8.
2489 2914 2742 2970 Brunone
2792 2913 3134 2979 tractatibus,
3179 2927 3339 2983 supra
3391 2910 3508 2981 jam

1931 3008 2265 3071 memoratis,
2293 3023 2522 3079 quorum
2554 3023 2713 3073 unus,
2759 3006 2849 3076 qui
2905 3004 3299 3076 Chronologico
3336 3004 3511 3075 diplo-

235 3085 338 3138 itm)
367 3098 498 3139 vero
529 3099 654 3138 cum
687 3084 766 3139 vel
796 3083 1021 3151 idcirco,
1048 3086 1189 3156 quod
1239 3084 1308 3140 ab
1334 3085 1646 3140 auctoribus
1694 3100 1818 3156 syn-

1930 3102 2126 3156 matica
2153 3099 2218 3155 de
2241 3099 2297 3154 S.
2324 3099 2572 3153 Brunone
2594 3098 2831 3152 Diatrtba
2874 3096 3201 3159 inscribitur,
3235 3094 3513 3163 multaque

236 3172 454 3229 chronis
487 3181 583 3228 aut
611 3174 1010 3243 submqualibus
1040 3175 1257 3240 scriptae
1290 3190 1394 3229 non
1439 3175 1565 3237 sint,
1618 3172 1817 3245 ambigi

237 3280 337 3318 nun
372 3264 651 3319 immerito
703 3273 888 3333 queat,
948 3282 1015 3320 an
1065 3266 1317 3335 quaelibet
1370 3282 1557 3322 earum
1613 3276 1820 3322 asserta

236 3354 446 3409 veritati
477 3362 632 3409 certo
660 3364 982 3421 consonent,
1032 3370 1139 3410 non
1203 3372 1393 3427 parum
1441 3371 1571 3413 sane
1628 3358 1679 3411 in
1720 3357 1822 3412 hoc

229 3444 626 3499 commentario
675 3443 1029 3499 laborandum
1061 3445 1185 3511 erit,
1238 3455 1319 3512 ut,
1367 3462 1487 3515 qua:
1535 3447 1677 3501 inter
1734 3446 1821 3501 illa

228 3546 379 3597 sunt,
415 3549 544 3589 vera
576 3549 606 3588 a
638 3534 807 3599 falsis,
838 3547 983 3589 certa
1009 3551 1038 3588 a
1066 3536 1263 3600 dubiis,
1301 3536 1594 3605 probabilia
1623 3537 1691 3591 ab
1717 3536 1821 3590 ἰιιι-

231 3627 627 3699 probabilibus,
660 3628 1080 3697 verisimiliaque
1101 3629 1287 3691 abiis,
1344 3644 1464 3698 qua:
1517 3628 1823 3682 verisimili-

234 3720 419 3773 tudine
451 3719 855 3786 destituuntur,
888 3734 1189 3774 sccernam.
1238 3719 1414 3787 Atque
1454 3720 1556 3774 hoc
1604 3719 1819 3787 quidem

232 3826 291 3864 nt
343 3810 562 3865 eﬂ'ettui
607 3810 882 3875 mandem,
926 3811 1278 3866 adhibiturus
1323 3811 1638 3882 frequenter
1677 3827 1819 3873 smn,

231 3918 341 3954 non
390 3911 603 3956 tantum
662 3917 825 3970 supra
866 3900 971 3957 huc
1018 3903 1402 3976 transcriptum
1441 3919 1473 3958 e
1522 3903 1820 3972 primorum

228 4005 469 4063 quatuor
493 3994 797 4049 Carthusize
824 3994 1061 4064 priorum
1090 3997 1347 4049 cbronico
1370 3994 1541 4050 sancti
1564 3994 1818 4067 elogium,

230 4085 528 4155 titulosque
554 4084 833 4150 funebres,
866 4085 932 4140 de
953 4085 1150 4156 quibus
1198 4085 1311 4154 jam
1365 4087 1592 4151 dictum,
1634 4103 1819 4142 verum

228 4180 397 4233 etiam
435 4178 714 4241 nonnulla,
746 4188 858 4233 tum
887 4181 1089 4250 scripta
1124 4178 1224 4234 alia
1263 4182 1509 4250 antiqua,
1540 4180 1608 4236 ab
1634 4190 1821 4236 aucto-

228 4269 405 4331 ribus,
434 4268 526 4336 qni
558 4267 759 4337 aliquid
792 4269 983 4322 saltem
1010 4284 1075 4323 ex
1104 4270 1392 4325 occasione
1419 4271 1483 4323 de
1501 4268 1821 4325 S.Brunone

230 4360 510 4413 memoriae
536 4359 846 4426 prodidere,
877 4359 1216 4424 elucubrata,
1254 4366 1368 4414 tum
1403 4359 1692 4430 diplomata
1724 4377 1817 4417 seu

1923 3192 2144 3260 antiqua
2196 3190 2516 3244 documenta
2561 3202 2649 3243 ac‘
2678 3186 2972 3256 diplomata
3014 3183 3428 3252 complectitur,
3477 3197 3509 3235 a

1925 3280 2184 3337 Michaele
2214 3280 2482 3345 Morltens,
2542 3277 2846 3334 Carthasim
2889 3275 3230 3333 Coloniensis
3265 3273 3508 3336 alumno,

1924 3374 1990 3428 ad
2016 3373 2333 3429 decessores
2361 3387 2510 3428 meos
2540 3386 2684 3426 attito
2715 3369 2851 3425 1727
2886 3369 2987 3424 fuit
3017 3367 3413 3433 transmissus;
3438 3367 3508 3421 al-

1925 3478 2027 3532 ter,
2054 3469 2145 3538 qui
2177 3482 2282 3522 non
2313 3483 2508 3537 pauca,
2536 3467 2587 3521 in
2618 3482 2724 3521 non
2753 3465 2969 3536 vulgato
2992 3464 3252 3518 hactenus
3277 3476 3510 3532 moxque

1926 3563 2120 3616 iterum
2149 3559 2366 3614 laudato
2381 3558 2669 3613 Annalium
2681 3558 2802 3613 Cart
2814 3558 3147 3612 husieusium
3164 3555 3300 3610 libro
3312 3562 3509 3624 quarto

1926 3655 2129 3724 pariter
2158 3653 2522 3717 occurrentia,
2568 3651 2897 3721 suppeditat,
2930 3665 2961 3704 a
2989 3649 3370 3705 Carthusianis
3400 3649 3503 3702 hu-

1919 3746 2123 3815 jatibus
2147 3745 2427 3800 nobiscum
2457 3754 2543 3799 est
2567 3746 3040 3808 connnunieatus;
3080 3757 3146 3797 ac
3175 3742 3367 3797 tertius
3413 3741 3505 3795 dc-

1926 3837 2110 3905 nique,
2138 3837 2229 3906 qui
2253 3836 2614 3904 potissimum,
2646 3843 2704 3888 ιιι
2725 3834 2836 3904 jam
2863 3834 3067 3898 monui,
3118 3847 3149 3887 e
3186 3831 3508 3887 funebribus

1925 3928 2111 3983 Sancti
2137 3926 2333 3981 Titulis
2368 3940 2397 3979 a
2422 3924 2783 3980 Carthusiauo
2816 3923 3084 3993 ligetensi
3110 3938 3379 3996 anonymo
3420 3930 3505 3976 est

1923 4027 2232 4082 contextus,
2263 4034 2292 4071 a
2322 4017 2379 4071 Ρ.
2420 4017 2679 4072 Federico
2710 4016 2933 4070 Floueto
2953 4017 3020 4070 ad
3039 4016 3272 4084 majores
3296 4024 3510 4069 nostros

1924 4110 2066 4165 dono
2090 4124 2235 4164 anno
2267 4107 2428 4174 1658,
2463 4114 2521 4162 ιιι
2543 4107 2750 4177 pariter
2765 4105 2879 4173 jam
2912 4104 3119 4173 monui,
3146 4104 3249 4160 fuit
3276 4104 3510 4160 submis-

1924 4215 2037 4256 SlISo

1993 4290 2083 4346 28.
2125 4289 2283 4346 llisce
2309 4305 2471 4360 porro
2497 4289 2618 4344 addi
2648 4288 2812 4344 etiam
2861 4296 3040 4357 potest
3062 4287 3199 4342 Vitae
3220 4285 3278 4342 S.
3302 4286 3512 4340 Bruns-

1927 4384 2032 4448 nis,
2064 4384 2206 4453 quod
2237 4382 2403 4437 multa
2433 4381 2741 4436 eruditione
2783 4389 2867 4434 est
2919 4380 3199 4443 refertum,
3246 4377 3515 4446 Compen-

228 4452 450 4506 cbartas
472 4453 905 4506 instruntentave
931 4451 1164 4521 publica,
1212 4452 1276 4508 de
1297 4467 1527 4523 quarunt
1578 4453 1816 4507 omnium

1927 4476 2074 4529 dium
2102 4471 3089 4541 llistorico—cbronologico-criticuin,
3124 4486 3162 4525 λ
3206 4469 3510 4525 Carthasim

229 4543 562 4595 auctoritate
603 4556 667 4595 ac
720 4540 825 4596 lide
872 4549 1001 4597 tunc
1045 4542 1223 4596 dicam
1252 4581 1269 4604 ,
1318 4555 1440 4595 cum
1487 4542 1538 4595 in
1588 4542 1821 4597 medium

232 4631 551 4687 adducenda
588 4646 683 4685 seu
711 4631 927 4686 citanda
948 4644 1142 4695 erunt;
1196 4631 1433 4687 laborem
1467 4641 1648 4688 autem
1708 4650 1825 4688 utn-

234 4739 354 4777 netn
410 4737 518 4777 non
562 4737 756 4792 parum
796 4721 1153 4777 sublevabunt
1202 4722 1466 4789 nonnulli,
1508 4724 1599 4793 qui
1652 4724 1718 4780 de
1763 4724 1819 4779 S.

238 4815 507 4876 Brunone,
539 4812 790 4868 adductis
834 4827 939 4869 non
972 4815 1146 4869 solum
1192 4814 1531 4871 documentis
1565 4816 1818 4885 antiquis,

236 4919 420 4957 verum
472 4904 664 4969 etiam,
716 4918 837 4973 qua:
884 4920 952 4960 ex
995 4905 1146 4960 hisce
1198 4904 1436 4962 formare
1491 4917 1823 4977 potuerunt,

238 4996 599 5068 argumentis,
630 4996 717 5051 vel
754 5012 824 5052 ex
865 4997 1137 5063 instituto,
1183 4998 1286 5063 vel,
1329 4998 1374 5054 si
1428 5013 1495 5053 ex
1541 4999 1826 5055 occasione

239 5099 466 5153 tantum,
496 5102 748 5143 sermone
768 5089 959 5145 saltem
982 5090 1273 5161 prolixiore
1320 5101 1643 5156 tractarunt,
1686 5094 1822 5148 scri—

240 5197 418 5249 ptores
452 5183 807 5237 recentiores.
831 5182 895 5237 Et
932 5182 1110 5238 locum
1141 5184 1358 5253 quidem
1383 5184 1481 5238 bos
1525 5184 1667 5239 inter
1717 5202 1822 5239 nun

242 5275 480 5327 intimum
512 5274 776 5327 tenebunt
798 5272 1061 5329 Surianus
1084 5275 1137 5328 in
1168 5275 1282 5330 suis
1313 5276 1380 5330 ad
1435 5275 1721 5330 Surianam
1763 5276 1821 5330 S.

244 5363 509 5418 lirunonis
566 5364 744 5417 Vitam
796 5364 1271 5429 Annotationibus,
1324 5364 1664 5420 Mabillonius
1713 5375 1824 5420 tum

244 5453 385 5518 alibi,
410 5464 525 5509 tum
551 5454 787 5508 maxime
812 5455 864 5508 in
887 5452 1189 5510 Annalibus
1219 5454 1627 5521 ecclesiasticis,
1687 5454 1826 5510 Iler-

245 5546 384 5602 cules
403 5546 619 5602 Zanotti
646 5549 699 5601 in
722 5563 820 5601 sua
838 5546 1021 5603 ltalire
1044 5548 1243 5617 scripta
1269 5545 1327 5603 S.
1357 5548 1626 5603 Brunonis
1649 5548 1826 5604 Histo-

249 5640 341 5702 ria,
368 5655 510 5694 anno
542 5639 668 5694 l7“
706 5639 959 5695 Bononia:
982 5656 1180 5696 excusa
1206 5651 1368 5711 atque
1414 5657 1443 5696 a
1486 5641 1822 5697 revcrcndis-

1926 4566 2250 4623 Parisiensis
2284 4565 2521 4629 alumno,
2554 4564 2647 4634 qui
2678 4578 2872 4618 nomen
2899 4578 3055 4617 suum
3106 4562 3367 4617 subtieeri
3396 4576 3515 4617 om-

1928 4659 2055 4711 nino
2081 4659 2213 4721 vult,
2245 4669 2455 4710 mecum
2486 4653 2628 4709 haud
2662 4654 2733 4709 ita
2769 4653 2975 4724 pridem
3028 4653 3506 4708 communicatum.

1924 4748 2219 4815 Atqueita,
2250 4746 2493 4801 studiose
2534 4745 2724 4811 lector,
2778 4745 2935 4801 modo
2986 4745 3153 4800 habes
3204 4744 3514 4815 praisentig'

1929 4849 2224 4894 memorata
2251 4839 2564 4910 adjumenta
2591 4839 2880 4909 praacipua,
2903 4839 3099 4903 quibus
3111 4838 3514 4894 adillustrantla

1927 4931 2393 5001 cxaminandaque
2415 4929 2473 4985 S.
2506 4930 2779 4985 lb'unanis
2799 4930 2931 4983 Acta
2966 4930 3019 4983 in
3045 4930 3510 4985 hoccommenta-

1931 5024 2010 5077 rio
2039 5036 2156 5077 sum
2187 5036 2403 5078 usurus.
2433 5021 2687 5076 Ceterum
2719 5020 3001 5077 sciendum
3032 5031 3141 5086 est,
3185 5020 3516 5076 indiscritni-

1929 5113 2145 5167 natitna
2175 5127 2260 5167 me
2292 5120 2347 5166 et
2376 5112 2579 5181 absque
2600 5121 2654 5165 et
2684 5127 2805 5165 cum
2855 5113 3184 5180 aspiratione
3209 5110 3514 5166 Carthusize

1927 5214 1980 5257 et
2014 5203 2355 5258 Carthusiani
2391 5201 2644 5257 voeabula
2668 5203 2904 5267 exaravi,
2934 5204 3076 5271 quod
3099 5204 3172 5257 ita
3209 5202 3510 5255 factitatum

1931 5296 2201 5352 inveniam
2230 5310 2259 5348 a
2294 5293 2564 5363 plerisque
2616 5308 2700 5347 me
2734 5295 3050 5365 pt'argrcssis
3103 5291 3460 5361 scriptoribus
3498 5336 3512 5359 ,

1929 5401 2066 5456 quos
2103 5401 2217 5452 ego.
2250 5385 2455 5438 erroris
2497 5398 2725 5453 arguere
2771 5399 2875 5438 non
2919 5385 3113 5438 ausim.
3162 5382 3317 5438 Licet
3334 5408 3343 5419 κη
3363 5384 3511 5439 enim

1932 5476 2249 5532 vocabulum
2280 5474 2495 5539 Carius,
2527 5486 2582 5530 ut
2609 5475 2878 5529 Puteanus
2908 5475 2957 5527 in
2986 5474 3358 5530 exhortatoria
3392 5490 3514 5541 sua,

1937 5567 2067 5621 Vita:
2099 5566 2281 5622 Sancti
2314 5581 2342 5620 a
2374 5582 2433 5622 se
2462 5574 2728 5622 contexta:
2754 5564 2985 5632 adjecta,
3014 5564 3080 5620 de
3105 5581 3224 5636 qua
3243 5566 3295 5621 in
3324 5566 3513 5623 uitium

1933 5661 2000 5715 ad
2052 5660 2191 5715 hanc
2238 5658 2613 5714 Annotatione
2646 5658 2859 5717 dicam,
2907 5658 3153 5715 oratione
3192 5660 3343 5727 vult,
3393 5675 3521 5715 vere
