3862 6310
360 326 430 384 93
1178 326 1234 380 S.
1279 323 1624 380 llRUNONIS
1664 292 2253 380 CATIIUSIANORUM
2297 320 2778 380 INSTITUTORIS
3539 321 3611 376 αι

275 408 277 410 π
357 449 498 496 esset
547 454 650 494 vox
699 437 961 494 llebraica
989 479 1002 502 ,
1051 440 1278 508 perfecta
1331 451 1541 492 vocatus
1586 437 1938 508 Signiﬁcans,
1972 438 2013 493 Α
2045 434 2181 491 1608
2215 435 2491 506 vulgavit,
2531 436 2982 492 elucidatlonibns
3014 435 3086 489 ita
3119 435 3411 491 observat:
3455 453 3472 485 (
3513 433 3621 489 lla-

359 544 528 600 rcque
570 529 681 598 ipsa
721 527 1038 582 vocabulum
1080 528 1400 582 llebraicum
1450 527 1701 581 Cartham
1744 526 1936 581 lliero-

358 636 556 692 nymus
606 621 674 674 de
723 619 1031 672 nominibus
1083 618 1362 672 Hebraicis
1415 618 1522 684 (adi
1579 618 1938 672 Parisiensem

359 712 484 764 anni
536 711 672 764 1699
722 725 945 778 Operutn
994 712 1170 764 sancti
1217 709 1373 776 hujus
1422 711 1596 764 Patris
1647 709 1935 763 editionem

361 809 490 853 totn.
528 799 564 851 ll
590 839 604 862 ,
649 799 752 853 col.
781 798 871 867 27)
907 801 1222 853 vocationem
1273 801 1489 870 perfeci!
1542 800 1731 854 Latine
1766 800 1932 852 inter-

358 900 620 959 pretetur,
659 905 997 959 consequens
1035 902 1211 946 tamen
1253 904 1535 962 propterea
1584 908 1687 946 non
1727 901 1838 955 est,
1879 900 1937 946 ut

359 980 440 1034 vel
467 996 498 1034 a
523 980 711 1034 Certus
739 980 821 1036 vel
849 997 876 1035 a
904 981 1156 1035 Cari/mm
1196 981 1472 1036 Hebraicis
1495 981 1770 1036 vocabulis
1803 981 1938 1036 Car-

356 1074 508 1127 tusiae
538 1082 594 1128 et
623 1073 961 1128 Carthusiaui
1010 1077 1226 1130 nomina
1265 1075 1747 1131 nomenclationem
1779 1090 1935 1130 acce-

358 1163 557 1230 perint.
592 1164 727 1220 Rem
756 1165 928 1235 ipsam
958 1166 1116 1220 modo
1147 1165 1545 1234 aggrediamur.

397 1252 426 1324 ξ
467 1253 528 1308 ll.
571 1254 760 1309 Nobile
797 1253 976 1310 Sancti
1012 1272 1199 1324 genus,
1231 1256 1433 1323 putria,
1467 1266 1665 1324 tempus
1703 1256 1896 1311 natale.

429 1344 604 1400 Nobili
642 1361 839 1415 genere
875 1355 1047 1398 ortum
1087 1359 1206 1398 esse
1255 1343 1312 1398 S.
1358 1344 1662 1399 Brunonem
1694 1388 1707 1412 ,
1747 1361 1934 1401 omnes

360 1436 477 1506 ejus
510 1437 643 1491 Vita:
681 1437 898 1492 edenda:
929 1436 1167 1490 unanimi
1198 1452 1462 1492 consensu
1495 1441 1734 1505 tradunt,
1777 1441 1934 1508 idque

361 1529 718 1586 indubitatum
751 1538 969 1599 apparet
1010 1547 1022 1582 :
1061 1531 1262 1585 etenim
1307 1532 1470 1587 breve
1507 1533 1623 1602 ejus
1666 1534 1930 1605 elogium,

361 1620 502 1689 quod
529 1637 558 1676 e
584 1629 812 1690 quatuor
837 1620 1136 1688 primorum
1160 1621 1459 1675 Carthusite
1491 1622 1737 1676 Priorum
1761 1624 1931 1678 Chro-

361 1710 483 1764 nico
523 1725 670 1764 num.
704 1710 736 1762 7
766 1710 1008 1772 recitavi,
1042 1710 1113 1763 ita
1149 1711 1308 1764 habet
1339 1729 1350 1763 :
1399 1731 1416 1762 (
1451 1712 1702 1781 Magister
1731 1715 1930 1782 Bruno,

2041 525 2158 579 bttit
2185 541 2315 580 vero
2343 527 2423 596 (S.
2464 527 2642 581 Brnno
2673 525 2948 595 nimirum)
2977 535 3233 596 parentes
3262 534 3316 579 et
3345 541 3540 595 genere
3569 535 3625 579 et

2042 617 2240 671 virtute
2277 618 2418 672 inter
2447 618 2612 673 Ubios
2655 619 2972 688 cumprimis
3003 617 3198 682 claros,
3233 631 3296 671 ex
3331 617 3417 670 illa
3465 618 3625 670 nimi-

2041 724 2156 761 rum
2187 709 2518 763 nobilissima
2548 709 2912 764 Romanorum
2941 711 3193 778 prosapia
3217 711 3496 774 oriundos,
3529 711 3622 779 qui

2038 796 2342 868 Agrippina;
2371 813 2561 852 novatn
2607 800 2876 853 deduxere
2905 799 3199 862 coloniam,
3226 814 3387 868 quam
3431 801 3626 854 etiam-

2040 903 2164 942 nunt
2203 891 2267 944 de
2309 889 2453 943 Duro
2483 889 2670 960 Pugno
2711 889 2897 944 incola:
2929 891 3235 958 indigitant.
3273 908 3287 941 ι
3339 890 3464 945 "rec
3503 891 3576 944 illi
3607 908 3626 945 :

2037 995 2101 1034 ac
2122 982 2388 1050 posterior
2415 982 2654 1051 quidem.
2679 998 2802 1036 cum
2835 982 3024 1036 ambos
3052 981 3110 1035 S.
3141 981 3404 1034 Brunonis
3429 996 3627 1049 paren-

2039 1083 2117 1127 tes
2148 1073 2504 1139 nobilissima,
2535 1089 2655 1142 qua:
2682 1074 2747 1128 de
2776 1073 2921 1128 Duro
2952 1073 3137 1143 Pugno
3167 1073 3384 1140 dicitur,
3420 1073 3633 1128 familia

2035 1165 2292 1218 oriundos
2314 1164 2558 1228 affirmet,
2586 1175 2830 1220 sanctum
2861 1176 2966 1220 tam
2992 1182 3057 1220 ex
3087 1175 3240 1235 parte
3268 1167 3436 1236 patris
3459 1181 3629 1235 quam

2034 1272 2098 1311 ex
2131 1265 2284 1327 parte
2316 1258 2504 1312 matris
2534 1274 2564 1314 e
2592 1258 2806 1322 familia
2838 1260 2902 1314 de
2936 1261 3079 1313 Duro
3117 1259 3304 1329 Pugno
3333 1259 3626 1313 oriundum

2035 1364 2130 1403 seu
2159 1347 2633 1404 llartefaustanum
2663 1351 2820 1414 facit;
2846 1351 2996 1421 prior
3021 1366 3172 1418 vero,
3203 1367 3323 1405 cum
3351 1361 3625 1413 sanctum,

2037 1438 2180 1492 nulla
2223 1439 2362 1493 facta
2405 1448 2685 1509 parentum
2729 1440 2844 1508 ejus
2884 1441 3198 1505 mentione,
3238 1454 3267 1492 e
3309 1440 3509 1493 familia
3558 1440 3628 1493 de

2036 1526 2416 1591 llartenfaust,
2444 1544 2536 1583 seu
2567 1530 2631 1582 de
2664 1529 2808 1582 Duro
2845 1529 3027 1598 Pugno
3071 1531 3287 1583 trahere
3312 1530 3581 1598 originem
3611 1571 3629 1593 ,

2036 1621 2311 1675 dumtaxat
2348 1621 2550 1684 tradat,
2579 1622 2812 1676 fueritne
2844 1623 2894 1676 id
2922 1639 2984 1675 ex
3019 1630 3170 1691 parte
3196 1623 3384 1690 patris,
3413 1637 3478 1674 an
3511 1637 3630 1674 ma-

2036 1713 2169 1776 tris,
2210 1723 2304 1768 aut
2346 1714 2510 1768 etiam
2554 1729 2620 1766 an
2654 1729 2719 1767 ex
2757 1715 3038 1784 utriusque
3075 1723 3228 1782 parte
3273 1711 3472 1777 simul,
3517 1727 3637 1766 non

359 1799 577 1852 natione
609 1799 967 1864 Teutonicos,
998 1814 1064 1854 ex
1093 1800 1348 1870 praeclara
1381 1803 1512 1857 urbe
1550 1803 1768 1858 Colonia
1790 1845 1804 1869 ,
1837 1820 1933 1876 pa-
1969 1781 2010 1834 Β
2040 1805 2252 1860 deﬁnit.

356 1890 601 1944 rentibus
629 1906 735 1944 non
765 1891 1011 1944 obscuris
1043 1909 1061 1941 ›
1098 1891 1274 1960 (natus
1307 1894 1534 1960 scilicet,
1568 1896 1643 1947 uti
1672 1896 1806 1950 alias
1842 1898 1938 1950 od-

356 1976 591 2048 ditur)...
656 1996 674 2030 (
717 1993 954 2032 eremum
1005 1979 1308 2036 Carthusize
1361 1982 1621 2038 fundavit.
1662 2004 1680 2036 ι
1712 1986 1791 2039 Ad
1825 1987 1938 2042 lucc

357 2073 574 2142 stirpis,
603 2088 633 2128 e
663 2089 766 2143 qua
811 2075 990 2128 editus
1025 2084 1109 2130 est
1143 2076 1356 2140 Bru-no,
1399 2079 1660 2134 nobilitati
1698 2082 1937 2136 testimo-

359 2165 505 2218 nium
529 2165 694 2220 etiam
727 2165 927 2234 praebet
960 2166 1195 2221 Ecclesia
1233 2167 1291 2222 S.
1325 2168 1504 2223 Maria:
1536 2170 1937 2241 Ilothomagen-

357 2253 434 2308 Iis
474 2262 658 2323 utpote
702 2255 754 2309 in
801 2255 953 2310 titulo
999 2271 1096 2311 suo
1145 2258 1386 2323 funebri,
1437 2262 1501 2314 ad
1553 2260 1939 2316 Carthusianes

356 2343 671 2400 Calabrinos
698 2362 840 2402 anno
867 2348 1002 2401 1102
1033 2349 1215 2412 misso,
1249 2352 1338 2420 qui
1372 2352 1512 2406 inter
1542 2353 1725 2407 titulos
1754 2354 1942 2420 hujus-

358 2435 500 2489 ωοόί
541 2436 607 2490 ad
645 2437 882 2491 Vitarum
932 2437 1171 2503 calcem,
1223 2449 1280 2494 ut
1312 2441 1453 2507 dixi,
1493 2443 1728 2498 edendos
1764 2444 1938 2499 locum

357 2525 460 2580 116
489 2525 719 2594 obtinet,
751 2529 816 2584 de
855 2529 1054 2584 Sancto
1085 2532 1165 2586 sic
1196 2531 1421 2602 loquens
1449 2549 1462 2587 :

435 2654 452 2688 (
480 2635 599 2706 Ipse
630 2637 728 2692 fuit
770 2640 1016 2708 sapiens,
1048 2641 1129 2694 vir
1170 2641 1395 2706 nobilis,
1431 2645 1609 2698 indole
1654 2646 1880 2716 fulgens.
1917 2666 1934 2696 ι

355 2725 466 2784 Nec
495 2739 683 2784 contra
717 2732 951 2800 generis,
977 2747 1008 2788 e
1034 2749 1140 2802 quo
1172 2746 1324 2790 ortus
1355 2748 1434 2790 est
1460 2738 1713 2803 Sanctus,
1741 2740 1940 2793 nobili-

355 2831 520 2877 tatem
578 2824 728 2894 argui
773 2826 968 2880 mcrito
1003 2833 1180 2894 potest
1210 2843 1274 2882 ex
1323 2827 1565 2885 Manasse
1607 2832 1938 2897 Simoniaco,

354 2923 475 2984 post
497 2913 817 2971 Gervasium
843 2933 984 2971 anno
1012 2918 1144 2972 l067
1171 2919 1278 2973 vita
1303 2920 1567 2988 functum,
1593 2922 1939 2978 Remensium

353 3003 807 3084 archiepiscopo,
852 3007 941 3076 qui
982 3007 1034 3062 in
1075 3008 1328 3079 Apologia
1379 3027 1506 3078 sua,
1560 3013 1762 3082 pluries
1800 3014 1940 3070 infra

355 3090 643 3157 laudanda,
678 3096 744 3150 de
769 3093 1017 3152 Brunone
1044 3097 1152 3165 (adi
1179 3097 1544 3154 Mabillonimn
1575 3101 1741 3157 Musei
1769 3103 1933 3157 Italici
1969 3123 2010 3178 (ς

353 3191 484 3236 tom.
513 3183 562 3248 l,
594 3194 732 3252 part.
765 3199 825 3248 ll,
858 3202 980 3256 pag.
1015 3188 1138 3258 121)
1166 3188 1238 3242 ita
1272 3189 1537 3258 loquitur:
1564 3209 1580 3242 (
1606 3191 1942 3263 tlujns(l3ru-

353 3270 512 3324 nonis
557 3272 829 3343 videlicet)
861 3277 1174 3331 societatem
1215 3293 1320 3332 non
1376 3295 1700 3348 magnopere
1724 3281 1944 3336 affecta-

356 3374 496 3424 mus,
531 3369 719 3430 utpote
754 3362 822 3416 de
856 3361 1009 3431 cujus
1039 3365 1147 3419 vita
1175 3374 1228 3418 et
1269 3365 1518 3422 libertate
1544 3369 1758 3442 penitus
1790 3370 1941 3436 igno-

355 3463 584 3516 ramus;
628 3467 646 3501 ι
675 3449 805 3505 licet
843 3452 986 3506 enim
1023 3452 1174 3508 hisce
1207 3455 1405 3520 verbis,
1435 3453 1769 3526 ingenuusne
1799 3467 1942 3512 esset

362 3536 620 3603 Sanctus,
650 3541 899 3597 dubitare
924 3558 984 3599 se
1018 3542 1292 3600 Manasses
1336 3545 1561 3611 indicet,
1597 3561 1626 3601 e
1653 3547 1940 3602 vehemen-

355 3632 570 3687 tissimo
600 3635 905 3699 dumtaxat,
951 3649 1057 3704 quo
1089 3636 1141 3690 in
1174 3637 1512 3698 Brunonem.
1551 3640 1794 3694 moribus
1824 3642 1938 3696 suis

356 3723 610 3792 pessimis
641 3724 950 3791 adversum,
992 3726 1287 3793 ferebatur,
1320 3729 1446 3784 odio
1477 3729 1526 3784 id
1558 3729 1706 3785 facit.
1736 3731 1936 3786 Verum

355 3823 482 3868 sunt
511 3815 780 3882 nonnulli,
811 3818 900 3887 qui
929 3858 944 3883 ,
977 3821 1213 3889 generis.
1255 3836 1284 3876 e
1309 3836 1416 3891 quo
1443 3832 1598 3879 ortus
1624 3833 1707 3880 est
1735 3825 1936 3895 Brunn,

353 3907 691 3964 nobilitatem
717 3911 932 3980 penitus
959 3914 1143 3968 rimari
1173 3915 1375 3979 conati,
1401 3931 1523 3970 eunt
1545 3931 1576 3971 e
1601 3917 1936 3971 nobilissima

355 3997 444 4050 illa
484 3998 790 4055 Coloniensi
827 4001 1029 4056 familia
1053 4044 1068 4065 ,
1109 4019 1270 4074 quam
1308 4024 1326 4057 (
1361 4005 1428 4062 de
1457 4007 1809 4062 llartenfaust
1841 4023 1936 4062 seu

356 4089 422 4144 de
451 4088 598 4143 Duro
624 4089 812 4161 Pugno
841 4110 860 4144 ι
905 4093 1092 4148 incola:
1123 4093 1429 4166 indigitant,
1462 4097 1691 4168 aliisque
1717 4101 1938 4154 nobilis-

355 4179 507 4233 simis
532 4180 680 4244 item,
707 4196 842 4250 quas
865 4183 953 4237 hic
980 4183 1118 4238 infra
1148 4185 1451 4251 nominant,
1480 4187 1698 4243 familiis
1724 4191 1938 4243 trahere

353 4269 642 4340 originem,
674 4273 1026 4343 scripserunt.

423 4361 511 4416 ‘50.
553 4363 664 4419 Etsi
699 4378 808 4427 res,
842 4365 919 4419 uti
947 4379 1011 4419 ex
1041 4366 1283 4422 dicendis
1323 4366 1616 4440 intelliges,
1648 4372 1935 4426 admodum

355 4452 428 4506 sit
459 4453 698 4520 incerta,
727 4455 819 4526 qui
849 4466 1028 4512 tamen
1060 4466 1114 4512 et
1145 4472 1174 4511 a
1205 4459 1403 4528 quibus
1437 4461 1699 4524 tradatur,
1731 4476 1851 4515 cum
1883 4462 1932 4514 id
1964 4460 2014 4517 D
2043 4453 2143 4506 ἰδίη
2196 4467 2210 4503 τ

355 4541 598 4596 futurum
651 4555 836 4612 putem
898 4560 1004 4600 non
1063 4548 1376 4618 ingratum,
1442 4549 1626 4603 lectori
1683 4549 1933 4603 exhibeo.

353 4630 635 4688 Erbardus
660 4634 958 4701 Winheim,
982 4635 1284 4694 Carthusize
1314 4640 1734 4711 llerbipolitante
1767 4640 1938 4693 alum-

355 4738 479 4788 nus,
506 4723 557 4778 in
586 4740 749 4794 opere
774 4741 873 4782 suo
892 4766 906 4791 ,
941 4730 1082 4797 quot
1112 4749 1130 4780 (
1166 4729 1478 4785 Sacrarium
1503 4733 1893 4802 Agrippinense
1913 4753 1930 4784 ι

356 4815 676 4884 inscripsit,-
696 4830 946 4888 annoque
985 4819 1120 4873 1607
1151 4821 1291 4890 typis
1321 4821 1727 4877 Coloniensibus
1756 4824 1938 4887 vulga-

357 4907 464 4970 vit,
492 4922 618 4977 pag.
651 4907 756 4962 212
791 4909 861 4964 ita
895 4908 1084 4964 scribit
1123 4927 1135 4963 :
1183 4928 1200 4960 ι
1232 4911 1310 4963 Ad
1343 4911 1667 4965 initiatoretn
1701 4913 1937 4981 (Ordinis

356 4995 780 5066 Carthusiensis)
824 4999 984 5066 igitur
1021 5000 1160 5068 quod
1205 5000 1438 5065 attinet,
1488 5001 1545 5054 S.
1589 5000 1889 5058 Brunoncm
1920 5044 1936 5068 ,

309 5087 506 5167 '__duxit
540 5088 585 5142 is
626 5088 889 5156 originem
921 5105 988 5143 ex
1035 5090 1198 5144 nobili
1246 5091 1495 5160 prosapia
1548 5091 1893 5148 llartenfaust
1920 5135 1934 5157 ,

357 5191 460 5232 Lna
487 5193 517 5233 e
545 5179 852 5249 quindecim
882 5179 1143 5234 Romanis
1171 5197 1266 5250 per
1296 5182 1352 5235 S.
1387 5181 1686 5236 Maternum
1716 5194 1769 5237 et
1800 5183 1936 5237 Tra-

327 5262 536 5338 'janum
585 5271 963 5341 imperatorem
1010 5273 1062 5326 in
1113 5273 1260 5327 urbis
1305 5274 1664 5341 (Coloniensis
1709 5275 1936 5340 scilicet)

357 5363 667 5430 pmsidium
709 5362 886 5417 ductis
917 5363 1170 5428 familiis,
1215 5366 1665 5433 queinadtmdum
1707 5375 1937 5433 quatuor

355 5465 574 5511 suorum
611 5455 997 5526 gentilitiorunt
1040 5470 1186 5510 arma
1226 5471 1289 5509 ex
1326 5455 1596 5512 Chronico
1629 5457 1934 5512 Coloniensi

275 5588 286 5598 ρ
356 5554 642 5600 testantur.
675 5567 694 5600 ι
728 5546 1042 5603 Theodorus
1072 5546 1328 5610 Pctraaus,
1362 5549 1626 5604 Cartusia:
1653 5549 1934 5604 Colonien-

355 5635 430 5689 sis
477 5635 766 5701 alumnus,
817 5638 869 5691 in
919 5638 1033 5691 suis
1079 5638 1145 5691 ad
1193 5638 1501 5694 (.hronicon
1555 5641 1936 5695 Carthusiensc

357 5729 497 5786 Petri
530 5730 801 5799 Dorlandi,
845 5732 984 5801 quod
1015 5747 1043 5787 e
1072 5732 1302 5788 teuclm’s
1337 5734 1472 5788 eruit
1517 5735 1760 5804 typisque
1795 5751 1934 5787 anno

2111 1897 2200 1951 51.
2244 1897 2562 1952 Distinctius
2615 1897 2774 1950 locuti
2825 1896 3001 1958 luere,
3045 1895 3136 1965 qui
3188 1902 3312 1948 ante
3356 1893 3630 1948 Petrmttm

2040 1998 2095 2043 et
2143 1989 2536 2044 Winheimiutn
2580 1988 2847 2051 ﬂoruere,
2897 1987 3090 2041 Petrus
3130 1988 3524 2041 Blomenvcnna
3577 1993 3633 2038 et

2042 2082 2350 2154 Stephanus
2374 2083 2746 2141 Broltnannus,
2776 2081 3060 2143 Ubiorum,
3088 2081 3177 2150 qui
3209 2081 3386 2132 medio
3407 2079 3632 2132 circiter

2040 2173 2237 2228 szeculo
2266 2182 2418 2226 sexto
2443 2172 2653 2226 decimo
2682 2170 2882 2228 ﬂoruit.
2917 2170 3256 2237 antiquarius
3283 2209 3297 2232 ,
3343 2184 3371 2221 a
3401 2167 3634 2221 Gclenio

2041 2267 2095 2320 in
2138 2280 2302 2335 Opere
2345 2265 2411 2319 de
2439 2264 2680 2318 Colonia:
2711 2261 3116 2331 Agrippinensis
3156 2259 3529 2329 magnitudine
3562 2260 3635 2314 ab

2043 2359 2158 2428 ipso
2188 2359 2369 2412 statim
2419 2355 2571 2410 initio
2613 2355 2847 2424 alibique.
2888 2370 2992 2408 non
3027 2369 3148 2407 raro
3181 2353 3426 2406 laudatus
3451 2394 3464 2414 ,
3497 2369 3633 2420 quo—

2042 2465 2159 2502 rum
2209 2448 2345 2501 alter
2375 2447 2633 2501 Sanctum
2679 2461 2744 2501 ex
2774 2454 2927 2514 parte
2961 2444 3149 2513 patris,
3196 2442 3332 2495 alter
3361 2459 3426 2496 ex
3478 2453 3637 2510 parte

2043 2541 2232 2594 matris
2264 2539 2462 2593 familia
2498 2538 2974 2593 llartefaustanum
3006 2536 3154 2590 facit.
3192 2534 3398 2588 Prioris
3441 2535 3631 2596 verba,

2042 2647 2161 2700 quae
2197 2631 2332 2684 Vita:
2383 2631 2584 2691 sancti,
2619 2643 2647 2682 a
2681 2644 2739 2682 se
2776 2643 2880 2682 non
2926 2625 3216 2680 admodum
3248 2624 3338 2677 diu
3385 2632 3506 2692 post
3537 2639 3637 2677 an-

2043 2737 2168 2775 num
2203 2721 2336 2775 l5l5’
2360 2720 2497 2790 typis
2527 2720 2938 2775 Coloniensibus
2963 2719 3140 2780 editre,
3166 2717 3360 2782 hieque
3387 2730 3414 2768 a
3447 2715 3634 2778 nobis,

2044 2824 2100 2867 ttt
2128 2814 2237 2883 jam
2267 2829 2427 2882 supra
2479 2812 2681 2872 monui,
2714 2827 2820 2865 non
2865 2808 3206 2871 recudendze,
3240 2806 3472 2875 Prologo
3504 2823 3630 2860 mox

2043 2907 2243 2970 subdit,
2269 2907 2382 2961 lucc
2413 2914 2538 2959 sunt
2569 2923 2581 2958 :
2625 2923 2641 2954 (
2670 2904 2866 2958 Beatus
2894 2901 3092 2963 Bruno,
3121 2900 3260 2954 sacri
3283 2898 3634 2954 Carthusien-

2045 3001 2119 3055 sis
2142 3000 2344 3054 ordinis
2371 2999 2631 3060 initiator,
2662 2996 2881 3050 natione
2909 2994 3304 3056 Teuthonicus,
3335 3006 3400 3045 ex
3433 2991 3632 3059 insigni

2045 3093 2265 3150 civitate
2307 3092 2524 3147 Colonia
2546 3131 2559 3154 ,
2591 3105 2709 3158 qum
2740 3087 3037 3157 antiquitus
3066 3084 3359 3156 Agrippina
3391 3098 3418 3135 a
3450 3081 3635 3136 Marco

2045 3185 2297 3255 Agrippa,
2327 3196 2525 3250 genero
2550 3178 2851 3240 Octaviani,
2885 3177 3186 3233 dicebatur.
3219 3175 3285 3228 de
3313 3172 3634 3243 parentibus

2047 3283 2158 3327 tam
2222 3287 2415 3340 genere
2477 3285 2637 3338 quam
2678 3270 2880 3323 virtute
2928 3267 3090 3322 claris
3137 3265 3289 3320 duxit
3341 3265 3629 3333 originem.

2046 3362 2342 3429 Imperator
2375 3360 2571 3429 quippe
2604 3358 2871 3428 Trajanus
2905 3367 2960 3412 et
3000 3367 3217 3413 senatus
3263 3357 3633 3413 Romanorum

2045 3452 2252 3507 nobiles
2296 3451 2421 3506 illuc
2463 3451 2589 3506 olim
2641 3449 2916 3504 Romanos
2961 3465 3058 3519 pro
3113 3448 3345 3504 incolatu
3399 3447 3634 3502 civitatis

2046 3556 2313 3614 terra‘que
2354 3543 2596 3597 custodia
2639 3541 2982 3604 direxerant;
3025 3541 3220 3609 quibus
3253 3539 3632 3594 matrimonia-

2043 3635 2166 3688 liter
2195 3633 2358 3687 vicini
2408 3631 2614 3686 nobiles
2644 3630 3125 3699 conjut'gebantur.
3176 3630 3255 3683 Ex
3300 3629 3494 3698 quibus
3523 3644 3632 3681 una

2045 3727 2213 3780 tribus
2253 3725 2390 3779 dicta
2441 3722 2539 3776 fuit
2579 3721 2656 3776 De
2693 3719 3058 3790 Sapientibus,
3090 3735 3155 3773 ex
3207 3719 3467 3772 Romanis
3498 3733 3638 3771 vero

2041 3831 2147 3873 una
2187 3815 2558 3886 appellabatur
2592 3813 2658 3868 de
2706 3812 2852 3867 Duro
2881 3811 3089 3881 Pugno.
3121 3812 3194 3867 De
3240 3811 3321 3866 his
3351 3821 3503 3866 ortus
3547 3819 3636 3864 est

2041 3910 2231 3964 beatus
2264 3907 2445 3960 Bruno
2475 3921 2540 3959 ex
2570 3913 2723 3976 parte
2753 3905 2944 3975 patris.
2975 3904 3049 3958 Ex
3091 3914 3246 3973 parte
3274 3919 3402 3958 vero
3436 3903 3633 3957 matris

2040 4000 2355 4068 sanguinein
2401 3997 2567 4052 traxit
2610 3997 2677 4052 de
2724 3997 2864 4051 tribu
2902 3996 3066 4050 nobili
3116 3996 3522 4057 Romanorum,
3563 3996 3637 4048 dc

2040 4092 2214 4146 Parva
2245 4090 2583 4161 Cogitatione
2615 4097 2940 4158 nuncupata,
2977 4103 3041 4142 ex
3073 4087 3303 4154 familia,
3329 4102 3448 4158 qua
3474 4095 3630 4157 post-

2041 4183 2256 4236 modum
2287 4181 2352 4235 de
2380 4179 2560 4233 Rubro
2587 4178 2805 4232 Stessen
2834 4178 2976 4231 dicta
3006 4186 3108 4232 cst.
3142 4196 3157 4228 ι

2109 4272 2198 4324 5‘2.
2242 4269 2568 4323 Postcrioris
2598 4281 2759 4331 vero,
2792 4281 2911 4335 qua:
2940 4267 3028 4320 hic
3053 4309 3067 4331 ,
3124 4275 3259 4320 teste
3286 4263 3587 4320 Morkensio
3613 4309 3630 4330 ,

2039 4364 2104 4418 de
2134 4362 2400 4417 nobilibus
2439 4360 2608 4415 sancti
2652 4359 2920 4413 natalibus
2967 4360 3355 4428 interrogatus,
3390 4360 3637 4427 reposuit

2269 4467 2288 4500 (
2335 4448 2586 4502 Aimilius
2639 4461 2732 4500 seu
2785 4445 3012 4513 Sapiens
3063 4445 3477 4511 cognominatus
3527 4444 3635 4501 fuit

2042 4545 2099 4599 S.
2128 4544 2328 4603 Bruno,
2353 4555 2415 4595 ex
2441 4539 2663 4595 Colonia
2694 4537 3071 4606 Agrippinensi
3096 4535 3359 4589 oriundus
3380 4549 3444 4589 ex
3469 4545 3633 4604 patre

2041 4639 2106 4690 de
2159 4636 2356 4689 fatnilia
2395 4630 2925 4686 Romana-Frauciea
2959 4638 3008 4683 et
3050 4628 3275 4698 patricia
3307 4627 3542 4681 'Aimilia
3575 4641 3636 4683 et

2041 4727 2355 4796 Sapicntum
2405 4722 2648 4789 (Vondcn
2695 4719 2936 4789 Weisen)
2983 4735 3102 4789 qua:
3134 4719 3322 4772 tradux
3356 4728 3410 4772 et
3463 4734 3634 4775 causa

2039 4817 2375 4889 COgIIOItliltlS
2403 4824 2512 4878 est;
2545 4830 2605 4868 ac
2640 4823 2864 4867 matrem
2896 4814 3083 4867 habuit
3115 4812 3397 4880 patriciam
3429 4827 3495 4867 ex
3527 4811 3636 4867 Ca-

2042 4922 2226 4966 tomun
2273 4910 2512 4970 familia,
2563 4922 2682 4976 qua:
2727 4907 3020 4961 vernaculo
3069 4905 3332 4959 Francico
3374 4906 3636 4961 idiomatc

2041 5005 2282 5073 (Vondcr
2327 4999 2700 5066 llartenfaust)
2731 4999 2796 5052 de
2847 4997 2992 5051 Duro
3040 4998 3223 5064 Pugno
3267 5007 3458 5050 vocata
3500 5006 3584 5052 est
3613 5040 3628 5061 .

2038 5112 2159 5150 cum
2189 5103 2334 5149 esset
2362 5093 2625 5148 Catonum
2656 5091 2755 5143 sub
2803 5089 3264 5153 Ubio-llomanis;
3299 5089 3473 5142 aviam
3507 5105 3630 5141 Ina-

2042 5201 2248 5242 tcrnatn
2299 5203 2363 5240 ex
2417 5183 2633 5254 patricii
2672 5182 3032 5236 'Aitniliorum
3089 5183 3333 5251 (Vonden
3381 5180 3631 5252 Cleinge-

2040 5282 2303 5351 danckcn)
2340 5281 2405 5334 de
2442 5277 2980 5345 Parva-Cogitatione
3029 5276 3292 5340 Francis;
3346 5277 3629 5345 proaviam

2039 5389 2102 5426 ex
2140 5370 2297 5438 hujus
2343 5371 2572 5438 quadam
2621 5371 2842 5420 traduce
2881 5367 3080 5419 familia
3123 5368 3188 5420 de
3232 5367 3627 5422 Rubea-Stessa

2041 5463 2279 5532 (Vonder
2315 5458 2790 5527 “oder-Stessen.)
2831 5457 2962 5511 Cum
3003 5458 3212 5524 longius
3256 5461 3629 5514 descendisset

2040 5554 2197 5610 linea.
2228 5551 2567 5604 matrimonia
2600 5559 2878 5603 contracta
2917 5559 3060 5610 sunt,
3098 5560 3151 5602 ct
3181 5566 3245 5602 ex
3276 5550 3376 5604 hac
3402 5552 3625 5620 quidam

2039 5658 2203 5715 eques
2232 5641 2461 5710 egregiis
2491 5638 2822 5694 facinoribus
2865 5639 2914 5692 in
2945 5639 3208 5693 Cruciada
3255 5656 3438 5709 regum
3480 5643 3627 5693 dono

2039 5736 2211 5803 rapite
2240 5731 2507 5802 ..Ειιιξυιιὶδ
2540 5739 2796 5787 coronato
2825 5738 3031 5783 scutum
3063 5740 3306 5785 auxerat.
3347 5754 3362 5784 ν
3397 5732 3468 5785 Ita
3502 5731 3626 5785 Illo-
