3862 6310
233 320 315 376 35

1804 336 2005 393 ACTA.

233 421 549 491 menchﬁiﬁ
579 442 636 492 et
675 426 1072 507 Brolmannus,
1121 455 1350 510 quorum
1391 443 1528 499 alter
1572 455 1832 515 przetcrea
1863 455 1908 509 Λ
1941 449 2139 506 iterum
2166 450 2426 519 civilium,
2456 441 2592 524 quos
2620 454 2998 523 Brolmannus,
3032 457 3145 512 Res
3168 460 3513 520 Coloiiienses

232 536 495 582 sanctum
530 542 596 583 ex
623 538 779 599 parte
819 533 1011 587 matris
1037 532 1383 603 Stessenum,
1416 538 1555 593 alter
1582 554 1648 592 ex
1682 550 1836 609 parte

230 618 419 683 patris
445 616 796 673 Aimilianum
823 622 991 687 facit;
1025 639 1091 677 an
1119 626 1298 681 omnia
1332 637 1512 682 autem
1543 639 1598 684 et
1624 631 1834 700 singula

230 708 414 774 (quod
441 711 616 766 absit!
653 722 709 766 ut
736 713 944 783 putem)
974 723 1083 769 tum
1110 716 1442 786 Brolmanni,
1478 731 1587 775 tum
1615 722 1834 790 Petraei,

227 796 664 858 Blomenvennte
684 813 739 859 et
768 805 1080 861 Winheimii
1106 820 1334 876 asserta,
1364 815 1543 869 verbis
1563 814 1673 884 jam
1699 818 1836 873 reci-

229 891 370 945 tatis
405 893 636 960 inclusa,
665 896 881 951 veritati
910 910 1236 968 consonent,
1268 905 1583 962 examinare
1610 908 1698 963 hic
1726 925 1832 964 non

223 978 417 1045 lubet,
451 984 546 1037 sed
582 995 788 1039 tantmn
808 1026 824 1050 ,
856 1002 923 1040 an
956 1000 1174 1045 sanctus
1202 1006 1268 1046 ex
1300 992 1648 1052 nobilissimis
1671 1038 1686 1061 ,
1713 1012 1833 1067 qua:

225 1072 433 1126 verbis
464 1074 708 1129 recitatis
743 1078 1108 1144 nominantur,
1156 1081 1378 1139 latniliis
1401 1127 1416 1149 ,
1451 1102 1516 1141 ac
1563 1091 1831 1159 praecipue

223 1175 297 1213 an
340 1177 423 1217 ex
478 1162 930 1233 ﬂartefaustana,
981 1172 1065 1224 cui
1112 1186 1235 1227 eum
1276 1176 1566 1246 scriptores
1600 1189 1832 1248 quatuor

221 1249 452 1308 laudati
478 1258 715 1313 unanimi
740 1274 1009 1317 consensu
1040 1265 1367 1333 attribuunt,
1395 1269 1657 1325 oriundus
1685 1284 1832 1330 recte

218 1354 433 1397 asscra
440 1351 493 1396 tu
503 1361 546 1399 r.

292 1434 412 1490 35.
450 1436 532 1493 Ac
560 1437 800 1496 Petraeus
826 1444 1040 1511 quidem
1068 1486 1082 1511 ,
1131 1457 1184 1499 et
1211 1446 1595 1517 Winheimius,
1625 1452 1827 1507 nullum

217 1526 432 1596 plane,
454 1543 561 1598 quo
585 1530 1054 1591 Bartefaustanam
1084 1542 1254 1593 sancti
1283 1542 1545 1610 originem
1575 1547 1825 1614 probent,

218 1629 654 1675 monumentum
700 1626 983 1695 antiquum
1024 1627 1238 1684 laudant
1263 1672 1277 1692 .
1318 1633 1515 1688 nedum
1559 1636 1831 1693 adducunt

218 1706 275 1759 in
324 1709 596 1763 medium.
635 1711 745 1769 Nec
784 1715 973 1772 melius
1017 1718 1197 1774 firmat
1232 1720 1633 1779 Blomenvenna
1661 1765 1675 1789 ,
1709 1742 1828 1796 quae

1939 543 2211 599 illustrans
2236 588 2251 611 ,
2296 549 2693 616 composuerit,
2720 551 2859 619 apud
2904 548 3265 605 Morkcnsium
3307 551 3511 610 laudari

1937 638 2099 688 etiam
2141 636 2393 700 invenio;
2429 654 2597 706 quare
2641 654 2762 694 cum
2795 640 2847 694 in
2882 640 3060 705 hisce,
3112 643 3329 711 generi,
3371 646 3514 715 quod

1937 724 2137 781 Sancto
2166 728 2432 791 attribuit,
2466 730 2744 798 probando
2771 732 3177 786 accommodata
3205 732 3387 788 forsan
3416 735 3515 791 abs

1936 816 2026 871 illo
2064 819 2394 888 suppeditari
2427 829 2708 889 putarem,
2741 837 2839 877 nec
2875 831 3055 877 tamen
3084 823 3514 881 Commentarios

1935 908 2076 974 illos,
2107 910 2183 963 uti
2216 925 2318 965 nec
2346 911 2591 981 antiqua.
2624 914 2814 983 ntjam
2848 914 3020 980 innui,
3052 915 3275 981 domus,
3303 916 3369 969 ad
3397 914 3512 971 Ru-

1933 1001 2089 1056 beam
2126 1000 2369 1057 Stessam
2397 1003 2585 1068 dieue,
2620 1013 2990 1071 monumenta,
3037 1020 3101 1062 ex
3136 1005 3360 1077 quibus,
3393 1022 3513 1076 qua:

1934 1094 2002 1148 de
2055 1094 2229 1148 sancti
2277 1108 2475 1162 genere
2520 1094 2879 1151 Brolmannus
2926 1096 3136 1163 tradit,
3181 1112 3374 1152 eruere
3424 1096 3512 1151 hic

1932 1184 2211 1254 potuerit,
2257 1184 2363 1238 ulla
2416 1184 2625 1239 ratione
2676 1200 2886 1242 nossem
2914 1227 2929 1252 ,
2977 1185 3254 1242 Coloniam
3305 1186 3510 1241 litteras

1932 1273 2088 1338 dedi,
2132 1272 2325 1343 quibus
2355 1274 2422 1329 ab
2464 1274 2764 1344 Augustino
2808 1274 3182 1341 Aldenbruck,
3222 1274 3512 1331 Socielatis

1932 1376 2131 1419 nostrae
2157 1365 2457 1426 sacerdote,
2483 1367 2644 1435 petii,
2674 1375 2759 1433 ut,
2791 1368 2833 1421 si
2864 1369 3012 1437 quid,
3037 1368 3179 1437 quod
3210 1369 3274 1422 ad
3310 1367 3507 1421 Harle-

1930 1455 2241 1511 faustanum
2264 1453 2477 1510 aliudve
2500 1456 2671 1510 sancti
2696 1471 2865 1526 genus
2886 1456 3362 1513 demonstrandum
3387 1470 3510 1511 con-

1930 1548 2173 1613 duceret,
2204 1546 2290 1601 vel
2322 1548 2388 1602 de
2420 1548 2783 1601 monumentis
2814 1547 2946 1612 illis,
2976 1548 3058 1603 vel
3086 1549 3151 1603 de
3179 1548 3509 1603 Brolmanno

1929 1640 2254 1709 scriptisque
2283 1641 2351 1695 ab
2378 1653 2446 1693 eo
2473 1638 2912 1704 Commentariis,
2944 1640 3027 1695 vel
3055 1641 3219 1696 etiam
3250 1642 3316 1695 de
3347 1639 3503 1694 fami-

1930 1732 2002 1787 lia
2042 1733 2349 1796 l‘amiliisve,
2394 1746 2461 1786 ex
2500 1732 2695 1801 quibus
2735 1731 2963 1787 Sanctus
3002 1732 3264 1786 oriundus
3302 1733 3370 1786 ab
3406 1731 3509 1785 hoc

215 1799 292 1855 de
342 1800 771 1861 Hartefaustano
817 1810 987 1865 sancti
1021 1826 1086 1866 ex
1135 1823 1289 1883 parte
1321 1817 1495 1885 patris
1521 1858 1537 1884 ,
1569 1818 1823 1876 Stesseno
1859 1796 1903 1850 Β
1930 1824 2218 1900 scriptore‘
2244 1796 2533 1887 asseritur;
2569 1831 2903 1892 compertmn
2948 1823 3197 1885 haberet,
3251 1823 3510 1900 indagan-

216 1907 376 1947 νει-ο
405 1909 473 1949 ex
519 1908 666 1965 parte
704 1902 895 1957 matris
934 1914 1055 1958 ortu
1105 1909 1380 1971 memoria}
1423 1911 1623 1980 prodit.
1670 1912 1823 1980 Quod

213 1993 427 2039 autem
458 1988 526 2040 ad
554 1987 933 2047 Brolmannum
960 1998 1223 2064 pertinet,
1264 2016 1326 2055 ea
1376 2003 1595 2073 quidem
1636 2006 1781 2062 hunc
1804 2046 1820 2073 ,

214 2088 364 2142 qua:
394 2075 460 2130 de
489 2078 657 2132 sancti
689 2096 892 2150 genere
924 2085 1152 2154 profert,
1184 2103 1214 2143 e
1239 2090 1455 2157 domus,
1490 2108 1519 2146 a
1559 2093 1783 2150 Gelenio
1805 2138 1819 2163 ,

214 2164 293 2218 de
329 2163 574 2221 Coloniae
600 2169 1013 2240 Agrippinensis
1043 2176 1409 2249 Magnitudine
1446 2182 1542 2238 lib.
1573 2200 1656 2250 ιιι,
1697 2201 1825 2256 syst-

216 2264 479 2325 tagmate
522 2260 587 2315 l9
624 2275 971 2331 memoratae,
1014 2283 1133 2337 quae
1179 2272 1246 2325 ad
1289 2272 1529 2329 Rubeam
1580 2278 1820 2333 Stessam

215 2347 461 2440 dicitur,
509 2363 770 2421 quaeque,
818 2358 960 2425 quod
1013 2360 1063 2414 in
1110 2376 1170 2415 ea
1223 2361 1459 2421 Sanctus
1505 2370 1821 2440 progenitus

218 2434 469 2503 feratur,
495 2453 702 2495 sacram
733 2441 851 2509 ejus
880 2445 1187 2518 imaginem,
1220 2464 1390 2521 portae
1416 2434 1649 2524 aﬂisani,
1682 2474 1822 2529 prte-

217 2526 373 2590 fert,
417 2535 784 2589 monumentis
822 2537 1063 2609 antiquis
1098 2544 1304 2599 eruisse
1329 2586 1343 2610 ,
1394 2526 1729 2605 Morkensius
1764 2553 1817 2606 in

218 2633 364 2714 ωε.ἶ
396 2635 583 2714 quam
592 2621 702 2691 jam
736 2641 903 2697 supra
939 2630 1191 2699 laudavi,
1225 2635 1819 2714 Chronologico-diplo;

218 2710 432 2766 maticn
460 2712 528 2767 de
556 2712 614 2769 S.
646 2715 901 2776 Brunone
925 2720 1160 2779 Diatriba
1192 2727 1453 2797 aﬂirmat;
1484 2710 1670 2789 verum
1697 2710 1818 2807 qua:

219 2802 487 2899 qualia—ve
516 2805 629 2861 lucc
658 2809 793 2876 sint,
837 2827 941 2867 non
967 2815 1153 2873 edicit.
1181 2817 1261 2875 Ad
1285 2822 1399 2878 [nec
1444 2824 1670 2894 ipsenet
1700 2802 1818 2899 qui-

221 2893 353 2991 dem
382 2893 763 2991 Brolmannus,
793 2917 922 2971 quo,
948 2908 1089 2974 quod
1115 2908 1315 2966 Sancto
1344 2893 1620 2985 attribuit,
1647 2893 1817 2991 genus

220 2986 466 3056 probet,
494 2980 633 3060 apud
664 2991 1031 3051 Morkensium
1062 3000 1291 3058 scribit:
1326 3025 1342 3057 ι
1378 3006 1524 3064 More
1554 2980 1813 3068 nobilium

220 3078 631 3175 Cermanorum
674 3085 866 3141 habuit
914 3090 1189 3159 (videlicet
1238 3096 1294 3151 S.
1342 3098 1545 3172 Bruno)
1585 3117 1815 3175 quatuor

221 3169 465 3238 insignia
491 3211 507 3236 ,
556 3175 753 3242 quibus
787 3178 995 3235 illustre
1032 3199 1201 3254 genus
1245 3202 1401 3244 suum
1440 3169 1813 3268 familiamque

221 3264 541 3358 ostenderet
578 3281 638 3320 ac
666 3282 1065 3341 prepugnaret,
1098 3277 1148 3330 l.
1186 3278 1261 3335 De
1287 3279 1632 3350 Sapientibus
1672 3264 1809 3358 (\:on

222 3351 327 3406 den
374 3351 625 3426 Weisen)
669 3359 760 3426 qui
809 3360 1117 3419 habuerunt
1154 3370 1444 3426 caeruleum
1496 3351 1704 3431 leonem
1759 3380 1812 3434 in

220 3443 461 3540 candido
491 3461 685 3517 campo
714 3450 1028 3520 salientem;
1065 3457 1120 3510 2.
1169 3458 1245 3514 Dc
1281 3462 1423 3517 Duro
1453 3464 1637 3536 Pugno
1671 3468 1810 3540 (Von

220 3534 323 3589 der
350 3534 693 3609 Hartefaust)
726 3542 816 3610 qui
847 3554 1062 3601 scutum
1109 3547 1290 3605 album
1320 3534 1655 3613 ornaverunt
1679 3534 1811 3615 duo-

220 3629 325 3683 hus
352 3631 595 3686 brachiis
628 3634 809 3691 rubeis
844 3646 900 3692 et
925 3641 1267 3709 eaneellatis,
1303 3660 1466 3701 manu
1500 3648 1552 3703 in
1590 3652 1808 3708 modum

219 3721 384 3789 pugni
414 3731 720 3788 contracta,
750 3727 903 3795 quasi
949 3728 1014 3781 ad
1049 3729 1283 3799 laetam;
1316 3734 1369 3789 5.
1402 3735 1477 3790 De
1503 3737 1810 3796 Parvao-

219 3809 486 3880 gitatione
522 3813 662 3882 (Von
695 3816 796 3869 den
824 3817 1349 3894 Kleingedancken),
1371 3828 1567 3896 quibus
1590 3830 1809 3901 elypeus

219 3911 337 3955 erat
364 3904 569 3960 rubens
589 3921 710 3961 cum
738 3910 892 3965 nivea
925 3913 1095 3979 trabe,
1121 3925 1383 3972 contorta.
1400 3935 1495 3989 per
1520 3922 1802 3993 ambages;

216 3992 272 4046 4.
309 3993 381 4047 De
411 3994 815 4053 llubea-Stessa
845 3999 985 4071 (Von
1017 4004 1115 4058 der
1150 4005 1601 4082 Roder-Stcssen)
1626 4052 1641 4076 ,
1670 3992 1805 4082 quo-

217 4098 338 4135 rum
367 4084 591 4154 clypcus
626 4087 676 4141 in
722 4104 913 4160 campo
947 4093 1116 4148 rubco
1167 4095 1399 4152 habebat
1448 4101 1581 4155 duas
1623 4106 1806 4160 trabes

223 4183 515 4241 contortas,
548 4186 601 4230 et
633 4177 756 4234 hinc
783 4179 909 4235 inde
939 4183 1045 4238 duo
1084 4182 1403 4256 {Etliiopum
1435 4190 1609 4261 capita
1643 4207 1804 4248 coro-

219 4281 361 4326 nata.
398 4290 421 4323 ι

282 4361 372 4415 54.
420 4363 621 4419 Verum
652 4368 917 4435 gentilitia
954 4369 1212 4440 insignia,
1244 4389 1365 4444 qum
1396 4375 1488 4430 hic
1520 4377 1801 4435 Brolman-

1928 1914 2064 1969 dove
2091 1896 2306 1984 assequi
2330 1922 2535 1984 posset,
2566 1921 2735 1971 totum
2767 1913 2818 1968 id
2844 1913 2910 1968 ad
2940 1928 3025 1969 me
3054 1896 3509 1983 scribere’digna-

1926 2013 2097 2059 retur.

1998 2097 2089 2152 '55.
2132 2100 2209 2151 Ac
2251 2097 2498 2167 petitioni
2532 2098 2773 2167 apprime
2823 2112 2955 2152 sane
2986 2096 3250 2153 satisfecit
3288 2098 3395 2161 vir,
3442 2097 3509 2151 de

1924 2190 2110 2245 Museo
2153 2199 2341 2244 nostro
2371 2189 2574 2259 Optime
2615 2191 2870 2255 meritus,
2903 2191 3043 2245 datis
3072 2191 3214 2245 hunc
3260 2189 3313 2244 in
3348 2189 3507 2243 finem

1924 2278 1991 2333 ad
2025 2294 2122 2334 nos
2155 2278 2367 2334 duabus
2398 2278 2676 2349 epistolis,
2711 2280 2763 2333 in
2796 2294 3024 2348 quarum
3058 2280 3230 2349 prima
3260 2280 3326 2334 de
3357 2279 3496 2333 Bvol-

1923 2385 2125 2426 manno
2151 2370 2369 2442 quidem
2400 2370 2730 2440 scriptisque
2769 2370 2836 2425 ab
2872 2386 2937 2425 co
2971 2370 3389 2425 Commentariis
3434 2372 3505 2425 ita

1922 2464 2164 2533 loquitur
2194 2480 2207 2517 :
2247 2481 2266 2515 ς
2303 2462 2551 2533 Magnam
2586 2462 2632 2518 is
2667 2478 2890 2531 Operam
2927 2462 2981 2516 in
3017 2461 3332 2531 colligendis
3358 2461 3508 2515 urbis

1923 2556 2285 2629 (Coloniensis
2327 2557 2607 2625 nimirum)
2639 2556 3002 2611 monumentis
3038 2556 3274 2625 antiquis
3304 2557 3505 2626 posuit,

1922 2648 2017 2703 sed
2066 2646 2204 2701 nihil
2240 2661 2317 2701 ex
2364 2646 2431 2701 iis
2477 2644 2678 2717 publici
2718 2644 2860 2713 juris
2902 2647 3102 2699 factum
3146 2655 3343 2715 praeter
3374 2646 3485 2715 «Ερί

1920 2738 2167 2808 deigma,
2214 2738 2506 2793 continens
2545 2735 2775 2792 tabellas
2814 2736 3053 2791 diversas
3090 2736 3183 2790 acri
3230 2736 3426 2791 incisas
3451 2742 3504 2789 et

1918 2831 2245 2885 Praefationc
2285 2839 2378 2884 aut
2406 2829 2747 2885 dedicatione
2794 2829 2845 2882 in
2882 2844 3071 2883 aversa
3104 2835 3262 2896 parte
3307 2826 3504 2881 inscri-

1921 2934 2062 2994 ptas.
2088 2924 2343 2995 Ejusdem
2370 2938 2549 2979 rerum
2574 2922 2814 2978 civilium
2841 2919 3226 2977 Commentarii
3256 2933 3386 2974 mss.
3410 2917 3502 2973 ubi

1920 3015 2121 3070 lateant
2138 3058 2153 3082 ,
2179 3014 2373 3086 Superi
2406 3016 2628 3075 norint;
2659 3014 2980 3069 crediderim
3005 3027 3105 3084 ego
3133 3011 3275 3066 inter
3299 3010 3511 3065 amicos

1842 3136 1886 3197 Ο
1921 3117 1974 3162 et
2013 3107 2257 3162 haeredes
2298 3108 2366 3160 ab
2397 3106 2514 3174 ejus
2548 3105 2697 3160 obitu
2735 3106 2962 3165 divisos,
2998 3116 3192 3172 meque
3228 3110 3353 3157 ante
3390 3106 3521 3197 aut?

1915 3214 2086 3255 annos
2114 3199 2310 3253 librum
2344 3198 2485 3252 illius
2512 3198 2766 3267 primum,
2792 3196 2880 3265 qui
2910 3199 2975 3249 de
2999 3195 3260 3250 Ubiorum
3287 3195 3508 3264 origine-

1914 3302 1968 3348 et
2013 3291 2251 3360 antiquis
2280 3291 2539 3355 sedibus,
2583 3289 2722 3358 apud
2767 3287 2826 3342 P.
2866 3287 3293 3342 Harlzheimium
3338 3285 3399 3343 P.
3429 3286 3507 3341 Μ.

1914 3383 2152 3448 vidisse;
2188 3401 2205 3433 ι
2249 3382 2314 3436 de
2352 3394 2551 3452 genere
2594 3393 2723 3434 vero
2766 3394 2858 3434 seu
2904 3378 3157 3446 familiis,
3196 3391 3262 3433 ex
3306 3378 3511 3449 quibus

1914 3470 2146 3526 Sanetus
2200 3471 2465 3542 originem
2523 3467 2757 3523 traxisse
2812 3467 3083 3532 traditur,
3134 3467 3215 3522 sic
3263 3466 3502 3523 scribit:

1917 3584 1937 3619 ι
1973 3566 2123 3634 Quod
2153 3566 2221 3619 ad
2258 3564 2600 3634 splendorem
2638 3563 2850 3633 generis
2884 3561 2941 3616 S.
2985 3560 3256 3617 Brunonis
3286 3562 3503 3616 demon-

1912 3658 2194 3713 strandum
2221 3658 2403 3722 faciat,
2430 3656 2565 3711 nihil
2593 3656 2735 3712 aliud
2763 3664 3030 3727 superest,
3056 3672 3215 3726 quam
3240 3662 3500 3711 constans

1913 3748 2129 3803 traditio
2149 3759 2202 3804 et
2225 3748 2365 3803 fama
2388 3748 2622 3820 publica.
2647 3748 3110 3819 Certum-quidem
3134 3756 3237 3814 est,
3264 3747 3519 3801 familias-

1913 3837 2029 3893 illas
2072 3838 2124 3909 (a
2170 3838 2500 3894 Brolmanno
2545 3855 2705 3909 supra
2752 3842 3104 3911 memoratas)
3146 3840 3235 3895 hic
3263 3840 3505 3895 Colonia:

1909 3926 2182 3993 ﬂoruisse,
2215 3937 2373 3997 prout
2403 3928 2634 3999 plurima
2668 3939 2938 3984 testantur
2966 3939 3311 3984 monumenta
3332 3970 3344 3994 ,
3378 3946 3502 4000 qua:

1909 4018 1963 4073 in
1990 4018 2156 4073 variis
2182 4019 2387 4074 aedibus
2414 4021 2726 4076 tumsacris
2744 4060 2757 4083 ,
2795 4030 2904 4075 tum
2934 4020 3174 4091 profanis
3199 4022 3510 4075 etiamnum.

1908 4108 2127 4163 visenda
2157 4119 2444 4179 supersunt
2471 4126 2576 4165 una
2604 4127 2725 4166 cum
2756 4112 2958 4167 eisdem
2986 4113 3157 4167 scutis
3184 4128 3246 4168 ac
3272 4114 3507 4169 tesseris.

1905 4199 2216 4272 gentilitiis,
2249 4215 2370 4272 quae
2400 4201 2764 4268 Morkensius,
2796 4200 3158 4261 Brolmannus
3186 4244 3201 4270 ,
3238 4203 3511 4260 Gelenius

1906 4290 2203 4346 adducunt.
2232 4291 2305 4346 At
2335 4292 2483 4349 nullo
2510 4302 2590 4348 sat
2623 4292 2776 4349 firmo
2807 4295 3131 4351 documento
3160 4304 3354 4366 praeter
3382 4304 3509 4350 tra¢

1904 4381 2161 4439 ditionem
2198 4383 2512 4455 praedictam
2543 4399 2975 4442 commonstrare
3017 4388 3123 4443 huc
3157 4403 3328 4457 usque
3367 4403 3493 4458 pos.

216 4466 311 4507 nus
338 4465 631 4521 memorat,
656 4473 881 4529 qumque
904 4478 1009 4517 una
1032 4479 1153 4518 cum
1178 4468 1348 4522 sancti
1375 4468 1608 4541 imagine
1632 4475 1795 4529 etiam
1832 4479 1875 4534 D
1901 4488 2017 4528 sum
2047 4489 2111 4529 ex
2145 4474 2335 4530 iisdem
2370 4475 2587 4531 familiis
2611 4486 2789 4531 ortum
2826 4476 2992 4532 fuisse
3023 4476 3082 4532 S.
3118 4477 3442 4534 Bruuouem.
3467 4499 3494 4532 ι

216 4542 355 4607 Vita,
394 4560 424 4598 a
471 4545 869 4604 Blomenvenua
917 4555 1222 4623 conscripta
1264 4572 1539 4630 pcnesque
1569 4577 1654 4618 me
1701 4579 1797 4618 ex-

212 4643 382 4699 stans,
407 4639 474 4692 ad
502 4639 705 4694 calcem
733 4642 973 4710 exhibet,
1004 4648 1219 4717 prOpria
1249 4648 1416 4705 fuisse
1443 4652 1502 4709 S.
1531 4652 1790 4723 Brunoni,

211 4740 301 4779 seu
336 4728 387 4783 ei
421 4730 491 4782 oh
525 4745 715 4799 genus,
752 4749 817 4786 ex
864 4751 971 4803 quo
998 4746 1149 4791 ortus
1178 4749 1362 4804 esset,
1406 4745 1749 4813 competiisse
1775 4786 1791 4813 ,

210 4820 346 4872 nulla
388 4822 597 4877 ratione
627 4825 938 4882 vorosimile
974 4838 1216 4898 apparet.
1260 4831 1475 4887 Etenim
1506 4837 1786 4906 gentilitia,

209 4910 383 4976 qualia
420 4927 689 4967 memorat
720 4914 1097 4986 Brulmamius,
1131 4936 1381 4991 nuncque
1412 4923 1462 4977 in
1502 4941 1599 4981 usu
1640 4938 1787 4993 sunt,

208 5002 432 5073 insignia
465 5013 576 5058 tum
596 5007 870 5076 primum,
900 5026 1022 5065 cum
1050 5012 1375 5083 Christiani,
1402 5020 1543 5087 quod
1572 5021 1786 5076 demum

206 5093 302 5148 sub
345 5093 511 5149 finem
564 5097 879 5163 undecimi,
930 5115 994 5155 ac
1044 5101 1198 5159 initio
1247 5105 1552 5163 duodecimi
1608 5112 1787 5167 saeculi

205 5182 398 5237 factum
424 5224 439 5249 ,
476 5184 675 5240 bellum
708 5202 920 5244 sacrum
955 5192 1008 5245 in
1058 5190 1279 5251 Oriente
1310 5207 1498 5253 contra
1541 5200 1787 5257 infideles

1968 4565 2057 4620 '56.
2087 4565 2239 4637 Quod
2266 4581 2432 4636 porro
2456 4568 2522 4622 ad
2547 4569 2758 4634 domus,
2786 4570 2838 4623 in
2868 4586 2971 4640 qua
2997 4572 3228 4627 Sanctus
3254 4573 3502 4630 Cotouize

1895 4656 2205 4728 Agrippinae
2250 4666 2411 4712 natus
2454 4657 2654 4725 fertur,
2707 4671 3052 4717 monumenta
3104 4665 3367 4735 antiqua,
3416 4682 3487 4721 ex

1893 4750 2109 4818 quibus,
2140 4764 2261 4819 quze
2291 4751 2357 4805 de
2384 4750 2652 4807 Brunonis
2683 4768 2883 4824 genere
2916 4756 3098 4820 tradit,
3130 4755 3504 4815 Brolmannus

1893 4840 2166 4905 hauserit,
2202 4838 2314 4908 jam
2348 4842 2612 4911 pertinet,
2647 4863 2665 4896 σ
2705 4846 2955 4911 Domum,
2992 4846 3185 4915 inquit,
3222 4864 3341 4917 qua:
3368 4851 3485 4919 pri-

1894 4930 1995 4983 mis
2019 4945 2142 4984 eum
2168 4931 2248 5002 (S.
2273 4931 2580 4988 Brunonem
2609 4920 2886 5006 nimirum)
2916 4937 3071 4991 cunis
3096 4939 3328 5007 excepit,
3358 4950 3497 4994 antc-

1891 5021 2008 5076 dies
2046 5022 2252 5092 aliquot
2293 5023 2473 5079 denuo
2514 5026 2656 5092 adii;
2694 5034 2748 5080 at
2781 5036 3017 5083 veterem
3058 5028 3200 5083 illam
3246 5039 3301 5083 ct
3345 5032 3484 5083 antis

1889 5114 2137 5183 quissimi
2168 5116 2375 5184 operis,
2410 5132 2572 5186 quam
2609 5118 2927 5175 adolescens
2970 5135 3138 5191 sarpe,
3171 5121 3363 5176 deinde
3397 5122 3495 5175 hic-

1890 5207 1992 5261 loei
2024 5207 2291 5277 politioris
2327 5208 2649 5266 litteratura:
2675 5212 2935 5282 magister
2966 5213 3160 5267 iterum
3188 5212 3482 5283 perlustra.-

200 5290 508 5348 suscepere,
532 5290 661 5335 sunt
686 5283 908 5348 oborta,
934 5294 993 5339 ut
1023 5285 1351 5344 Muratorius
1381 5298 1511 5346 tom.
1540 5292 1607 5349 IV
1635 5294 1784 5349 Auti-

199 5368 463 5435 quitatum
496 5370 667 5425 Italia:
701 5360 805 5428 col.
837 5373 940 5431 689
968 5386 1022 5431 et
1048 5393 1163 5449 seq.
1204 5394 1234 5433 e
1265 5380 1433 5435 variis
1474 5384 1785 5439 auctoribus

196 5475 339 5520 recte
389 5468 587 5533 docet;
636 5470 816 5524 ltruno
864 5483 1041 5527 autem
1070 5514 1085 5539 ,
1126 5476 1199 5529 uti
1240 5491 1305 5531 ex
1353 5478 1491 5533 infra
1541 5481 1783 5537 dicendis

194 5567 456 5623 patescct,
487 5561 634 5615 omni
666 5562 831 5618 dubio
859 5566 1044 5633 procul
1076 5576 1204 5623 ante
1226 5582 1425 5623 annum
1457 5570 1593 5625 1050
1623 5586 1783 5629 natus

193 5654 291 5709 cst,
316 5657 374 5701 ut
396 5650 557 5718 proin
588 5651 893 5720 hujusmodi
921 5655 1149 5727 insignia
1182 5673 1281 5713 nec
1305 5661 1620 5730 parentibus
1642 5664 1775 5734 ejus,

196 5752 288 5793 nec
336 5739 552 5810 ipsitnet
599 5746 993 5815 competierint.
1047 5749 1109 5803 At
1157 5766 1287 5807 vero
1341 5752 1777 5813 Cnnnrentarios

1889 5315 2100 5364 veram,
2133 5300 2333 5356 frustra
2365 5302 2418 5356 in
2453 5302 2711 5359 moderna
2746 5307 2812 5359 ad
2844 5306 3023 5360 saeculi
3071 5305 3228 5375 hujus
3257 5303 3481 5373 genium

1886 5394 2044 5447 anuis
2110 5393 2311 5448 abhinc
2371 5392 2577 5463 aliquot
2636 5397 2936 5465 composita
3001 5394 3277 5465 requisivi.
3317 5411 3337 5445 ι
3401 5393 3481 5450 Ac

1887 5484 2115 5551 deinde,
2150 5486 2485 5555 interpositis
2512 5489 2817 5555 nonnullis,
2860 5505 2994 5559 quze,
3042 5502 3161 5542 cum
3202 5488 3269 5541 de
3309 5488 3478 5559 gloria

1886 5578 2057 5633 sancti
2083 5580 2369 5649 postlmma
2398 5583 2665 5647 tractabo,
2692 5583 3045 5653 Opportunius
3068 5582 3473 5645 describeutur,

1888 5669 2044 5725 llunc
2064 5670 2114 5724 in
2148 5671 2365 5725 modum
2395 5674 2781 5742 prosequitur:
2819 5690 2837 5724 ε
2868 5672 2910 5727 Δ
2936 5673 3133 5742 quibus
3157 5676 3395 5744 (domus,
3421 5676 3474 5727 tu

1890 5776 1992 5833 qua
2026 5759 2259 5818 Sanctus
2291 5771 2445 5820 natus
2478 5764 2694 5830 dicitur,
2732 5765 2959 5822 dominis
2994 5781 3055 5821 ac
3090 5766 3385 5846 ipquiliuis)
3418 5776 3471 5818 et
