4016 6310
508 294 580 347 S7
1330 286 1387 342 S.
1424 286 1768 345 liRUNONlS
1806 285 2085 344 CARTHU

2191 282 2456 340 tNORUEJ
2486 282 2973 344 lNSTlTUTORlS

505 400 767 458 [caesa-is
789 400 1026 471 antiquis
1052 413 1202 456 nova:
1228 400 1532 455 substituta:
1558 409 1701 463 sunt,
1732 415 1921 468 parum
1944 398 2094 470 pensi
2127 410 2169 463 Α
2201 394 2418 448 circiter
2460 409 2725 452 annorum
2770 398 3013 463 videtur,
3052 406 3213 455 tetate
3263 396 3431 457 fuisse
3478 402 3783 472 superiora,

514 494 723 548 habitis
754 495 923 549 scutis
951 501 1003 546 et
1030 492 1496 562 inscriptionibus,
1528 509 1647 563 qua:
1677 494 1729 546 in
1758 492 2013 561 antiquis,
2042 498 2102 542 ut

509 584 693 637 nullus
718 585 937 648 dubito,
967 583 1209 638 licuisset
1239 582 1500 650 reperire.
1534 583 1707 653 Supra
1738 592 1946 652 portam
1972 579 2101 632 visi-

508 684 598 729 tur
652 674 713 728 S.
770 675 988 738 Bruno,
1037 684 1092 730 et
1143 676 1194 728 in
1252 673 1491 728 tabulato
1545 674 1823 743 superiore
1868 670 2097 725 cubiculi

509 770 678 838 (quod
705 769 915 825 scilicet
940 770 1245 824 Brunonem
1273 767 1603 825 inhabitasse
1625 766 1831 835 volunt)
1856 765 2100 819 cernitur

510 860 653 912 idem
703 858 941 915 Sanctus
966 900 981 924 ,
1029 861 1197 914 scutis
1224 868 1459 928 quatuor
1504 860 1632 929 (illis
1658 856 1949 921 videlicet,
1980 871 2100 925 quae

511 949 874 1007 Brolmaunus
902 967 1063 1022 supra
1095 951 1382 1021 memorat)
1414 950 1795 1005 circumdatus.
1830 947 1934 1002 Sed
1965 964 2098 1017 opus

511 1042 637 1095 illud
676 1046 939 1101 ducentos
973 1054 1027 1099 et
1055 1045 1444 1114 quinquaginta
1473 1057 1643 1096 anuos
1678 1050 1836 1096 wtate
1870 1058 1966 1097 sua
2008 1044 2093 1098 vix

512 1148 638 1186 reor
662 1136 945 1190 excedere.
979 1153 998 1186 ι
1047 1136 1113 1190 Ει
1142 1145 1373 1203 quatuor
1400 1134 1618 1202 quidem
1638 1173 1652 1195 ,
1693 1133 1838 1202 quod
1867 1132 1954 1188 hic
1985 1151 2098 1187 mo-

514 1224 750 1281 nendum
770 1266 789 1295 ,
822 1236 973 1281 scuta
1021 1226 1106 1280 illa
1140 1243 1170 1281 e
1198 1227 1594 1280 Blomenveuna
1623 1234 1717 1279 aut
1746 1225 2054 1280 Morkensio
2079 1266 2092 1289 ,

511 1320 650 1385 apud
676 1333 814 1387 quos
837 1329 1069 1381 PXSlattl,
1102 1318 1194 1371 teri
1220 1317 1390 1370 incisa
1421 1315 1610 1371 lectori
1639 1318 1982 1373 exhibiturus
2010 1319 2096 1373 hic

512 1407 761 1474 fuissem,
794 1411 839 1465 si
874 1426 904 1464 e
928 1408 1147 1463 familiis
1169 1448 1183 1473 ,
1210 1422 1441 1476 quarum
1487 1422 1639 1474 sunt,
1686 1426 1857 1479 genus
1898 1411 2095 1467 ducere

511 1492 569 1549 S.
616 1494 957 1561 Brnnouem,
992 1497 1095 1551 ulla
1142 1497 1352 1554 ratione
1389 1510 1688 1555 constaret.
1734 1502 1932 1557 Verum
1980 1518 2090 1559 rem

507 1599 667 1642 secus
692 1589 913 1652 habere,
938 1603 1002 1642 ex
1027 1587 1270 1643 dicendis
1296 1591 1468 1661 magis
1495 1592 1772 1662 magisque
1797 1601 2055 1663 patescet.

598 1676 687 1731 37.
750 1676 1023 1731 Laudatus
1091 1679 1428 1750 Augustinus
1497 1680 1842 1737 Aldenbruck
1915 1683 2093 1738 verbis

2205 482 2349 535 nullo
2366 482 2545 550 plane,
2564 496 2826 553 quantum
2852 488 2986 551 scio,
3008 501 3326 560 argumento
3345 502 3521 562 potest
3536 495 3782 564 probari;

2205 580 2259 623 ut
2282 573 2529 642 proinde,
2552 576 2654 628 etsi
2677 576 2839 630 etiam
2866 566 3078 644 iisdem,
3103 582 3243 649 quod
3269 591 3446 638 tamen
3471 585 3787 655 neutiquam

2202 672 2450 726 constat,
2505 664 2807 721 clarissime
2857 668 3325 727 llartelaustanam
3373 673 3789 729 Atmiliauamve

2203 756 2385 812 Sancti
2399 759 2664 830 originem
2683 761 2848 815 fuisse
2860 778 3171 832 expressam
3186 766 3429 833 daretur,
3443 778 3592 822 certa
3608 779 3788 821 tamen

2201 850 2315 902 inec
2343 861 2649 919 prOpterea,
2687 861 2743 904 ut
2775 855 3137 908 consideranti
3169 856 3392 925 patebit,
3425 858 3645 912 minime
3669 873 3790 912 eva.

2200 938 2383 1003 deret,
2433 940 2612 1005 Quare
2662 958 2784 997 cum
2841 959 2941 998 nec.
2989 960 3053 998 ex
3098 946 3357 1014 publicis,
3407 947 3484 1001 uti
3541 949 3790 1003 laudatus

2198 1031 2543 1088 Aldenbruck
2568 1051 2717 1089 nunt.
2750 1038 3075 1107 prrecedenti
3116 1040 3339 1105 indicat,
3370 1041 3602 1095 civitatis
3632 1039 3794 1095 Colo-

2201 1126 2404 1179 niensis
2437 1126 2742 1190 tabulariis,
2772 1144 2871 1184 nec
2918 1143 2985 1184 ex
3026 1130 3183 1195 aliis,
3210 1133 3351 1200 quod
3394 1134 3582 1195 sciam.
3615 1132 3793 1189 obviis

2202 1227 2343 1270 nota:
2374 1220 2715 1273 auctoritatis
2748 1221 3032 1292 :etatisque
3071 1226 3439 1281 monumentis
3477 1225 3584 1281 ullo
3625 1228 3798 1283 modo

2198 1307 2567 1371 confirmetur,
2615 1319 2815 1377 restat,
2867 1322 2924 1366 ut
2966 1313 3019 1367 in
3072 1314 3187 1368 solo
3235 1330 3383 1369 ιιιιιιι.
3432 1304 3505 1372 55
3553 1317 3789 1389 allegata

2198 1398 2410 1467 publica
2440 1400 2582 1455 fama
2614 1405 2995 1476 constantique
3034 1409 3321 1462 traditione
3348 1409 3418 1462 sit
3445 1408 3693 1476 fundata,
3726 1426 3793 1466 ac

2199 1490 2353 1561 proin
2391 1501 2451 1547 ut
2479 1492 2637 1563 plane
2664 1496 2733 1550 sit
2771 1497 3001 1565 incerta,
3042 1516 3164 1554 cum
3208 1502 3446 1570 traditio,
3480 1518 3601 1573 qua:
3631 1503 3793 1559 testia

2200 1583 2397 1637 moniis
2430 1600 2458 1638 a
2486 1601 2566 1650 re,
2590 1587 2732 1642 circa
2762 1604 2923 1657 quam
2950 1601 3215 1656 versatur,
3242 1593 3401 1646 trium
3427 1601 3484 1646 ut
3506 1594 3791 1648 minimum

2197 1672 2517 1730 saeculorum
2552 1676 2730 1747 spatio
2763 1680 3014 1746 remotis,
3041 1683 3321 1736 dumtaxat
3353 1682 3591 1748 fulcitur,
3625 1684 3791 1738 fidem

507 1768 754 1835 ριιοιίηιθ
795 1770 1035 1826 fecimus
1071 1772 1234 1827 etiam
1281 1774 1580 1843 adiecerat.
1627 1790 1747 1829 sese
1770 1816 1786 1841 ,
1826 1793 1934 1841 quo
1968 1791 2091 1834 cer-
2127 1772 2166 1830 ιι
2198 1763 2583 1833 indubitatam,
2622 1769 2697 1821 uti
2729 1783 2795 1823 ex
2826 1785 2886 1825 se
2921 1780 3089 1840 patet,
3128 1772 3306 1826 facere
3336 1787 3441 1827 non
3474 1774 3667 1842 possit,
3702 1783 3792 1827 ta-

507 1861 644 1915 tiora
697 1862 765 1916 ad
819 1878 905 1917 me
939 1864 1279 1931 perscribere
1324 1875 1545 1936 posset,
1589 1875 1905 1923 curaturum
1955 1882 2093 1938 prte—

503 1957 651 2004 terea
676 1991 689 2014 ,
737 1960 795 2004 ut
820 1992 835 2016 ,
876 1967 943 2006 an
982 1953 1277 2025 quidquam
1304 1995 1319 2021 ,
1356 1956 1523 2011 nobili
1571 1956 1630 2011 S.
1685 1957 1951 2014 lirunonis
2002 1974 2094 2029 ge-

506 2042 651 2096 neris
709 2042 1018 2099 detinieudo
1071 2056 1253 2117 aptum
1285 2087 1301 2113 ,
1362 2048 1417 2102 in
1481 2049 1762 2104 tabulariis
1814 2050 2090 2119 publicis,

504 2148 626 2201 qua:
682 2132 917 2195 Colonia:
979 2138 1065 2191 die
1128 2138 1387 2205 schrein,
1449 2141 1651 2195 scrinia
1715 2142 2089 2212 appellantur,

501 2221 751 2280 fortassis
794 2226 1149 2295 inveniretur,
1195 2232 1263 2286 ab
1314 2233 1527 2297 amicis,
1582 2235 1779 2303 quibus
1828 2251 1914 2302 ea,
1967 2239 2089 2291 data

502 2315 812 2382 occasione,
841 2319 1127 2388 aperienda
1158 2323 1560 2394 scrutandaque
1587 2328 1863 2395 sperabat,
1892 2330 2093 2382 certior

509 2403 861 2472 redderetur;
884 2423 1007 2463 cum
1034 2419 1215 2465 autem
1249 2410 1299 2465 id
1327 2410 1529 2468 factum
1559 2413 1775 2481 fuisset,
1795 2418 2090 2472 secundam

501 2508 535 2549 e
548 2493 755 2553 duabus
771 2513 931 2577 supra
948 2500 1109 2555 dictis
1125 2502 1342 2572 scripsit
1358 2504 1640 2574 epistolam
1652 2547 1665 2570 ,
1687 2506 1831 2562 hisce
1855 2508 2089 2562 maxima

501 2603 568 2642 ex
599 2600 752 2658 parte
789 2593 971 2648 verbis
1012 2605 1325 2665 conceptam
1360 2614 1375 2650 :
1413 2616 1432 2649 ι
1478 2599 1789 2654 Amicorum
1826 2617 1926 2671 0pc
1958 2618 2090 2656 con-

504 2688 723 2736 secutus
742 2698 887 2748 sum,
917 2694 974 2738 ut
1001 2684 1055 2739 in
1086 2687 1371 2756 prazcipuis
1408 2688 1458 2744 id
1483 2704 1652 2758 genus
1686 2690 1829 2762 (qua:
1855 2691 2091 2747 Colonia:

501 2771 706 2827 scilicet
739 2774 825 2828 die
854 2776 1069 2831 schrein
1093 2818 1107 2841 ,
1137 2780 1336 2834 scrinia
1372 2784 1657 2852 vocantur)
1693 2784 1969 2840 tabulariis
2002 2802 2090 2839 ve-

504 2861 761 2918 tustiores
815 2866 1020 2921 charta:
1077 2885 1303 2935 ornnes,
1361 2888 1481 2941 qum
1540 2874 1613 2929 De
1665 2874 2086 2931 Rubea-Stessa

501 2953 767 3022 agebant,
797 2956 1139 3025 perlustrazze
1166 2961 1352 3015 sedulo
1383 2961 1583 3019 fuerint
1616 2974 1779 3035 atque
1804 2981 2086 3034 excussae;

494 3044 590 3099 sed
630 3046 762 3100 nihil
800 3063 868 3102 ex
916 3049 983 3104 iis
1028 3052 1145 3106 erui
1196 3052 1339 3107 aliud
1384 3054 1578 3125 potuit,
1614 3071 1775 3125 quam
1817 3056 1884 3112 ab
1931 3058 2089 3113 anuis

496 3136 777 3192 sexcentis
805 3147 859 3193 et
880 3138 1111 3210 amplius
1134 3144 1416 3213 praecipua:
1438 3146 1738 3201 nobilitatis
1760 3147 1960 3203 urbica:
1981 3148 2085 3203 duo
2116 3129 2158 3188 ’δ

494 3226 665 3282 fuisse
712 3238 1021 3299 stemmata,
1060 3248 1288 3302 qtterum
1334 3252 1497 3290 unum
1543 3238 1761 3293 nomine
1789 3237 2082 3305 Alborum,

491 3313 722 3372 alterum
756 3318 1035 3376 Ruﬂ'orum
1072 3324 1385 3396 insignitum
1429 3325 1613 3382 fuerit.
1651 3328 1846 3384 Verum
1878 3328 2081 3386 frustra

493 3405 645 3461 hisce
683 3422 715 3463 e
752 3409 958 3465 chartis
1008 3412 1207 3468 familia
1256 3426 1310 3469 et
1338 3414 1494 3472 liberi
1542 3427 1819 3487 petuntur,
1866 3435 1987 3475 cum
2031 3422 2083 3476 in

499 3499 897 3570 antiquissimis
927 3504 1040 3560 sola
1068 3507 1547 3577 deprehendantur
1573 3513 1793 3569 nomina
1824 3514 2081 3570 Alborum

495 3607 595 3646 seu
622 3595 689 3650 de
718 3595 869 3651 Albis
897 3606 952 3653 et
983 3598 1285 3667 Ruli‘orum,
1315 3606 1550 3676 sequiori
1573 3607 1764 3664 deinde
1792 3625 1908 3665 :evo
1931 3611 2084 3666 addi-

498 3695 614 3740 tum
647 3689 873 3747 subimle
904 3694 1206 3764 reperiatur
1231 3700 1391 3752 unius
1427 3700 1715 3757 alteriusve
1753 3704 1846 3759 filii
1887 3720 2082 3760 nomen

418 3794 424 3800 ’
491 3774 547 3830 in
577 3776 720 3832 hunc
764 3778 874 3836 fere
904 3782 1187 3842 dumtaxat
1218 3788 1434 3843 modum
1465 3808 1477 3844 :
1522 3790 1764 3861 Superne
1808 3792 1882 3848 De
1912 3793 2079 3858 albis;

491 3866 630 3922 infra
666 3871 905 3942 llilliger,
931 3886 1061 3942 e:c.,
1094 3877 1207 3933 lilii.
1251 3878 1329 3933 Ex
1374 3881 1570 3950 quibus
1614 3883 1666 3937 id
1693 3899 1857 3937 unum
1888 3884 2080 3940 conﬁci

495 3960 823 4029 existintem,
864 3966 920 4023 S.
949 3965 1256 4025 Brinnonem
1286 3987 1315 4026 a
1342 3982 1568 4043 parente
1589 3976 1767 4044 potius
1796 3992 1993 4034 nomen
2015 3978 2083 4035 de

491 4046 667 4117 Albis,
691 4049 806 4106 Von
839 4054 941 4110 den
988 4054 1236 4124 Weiseu,
1266 4075 1428 4130 quam
1456 4063 1639 4120 Emili
1667 4073 1761 4121 aut
1789 4066 2079 4137 Sapientis,

493 4150 655 4208 prout
695 4140 1056 4202 Brohnanuus
1082 4163 1148 4205 ex
1177 4153 1496 4209 recensione
1523 4155 1810 4214 ltlorkensii
1837 4159 2078 4228 censuit,

490 4239 585 4287 aut
614 4233 791 4302 potius
812 4247 1127 4307 auguratur,
1157 4243 1407 4299 traxisse.
1457 4265 1475 4297 ι

561 4323 652 4380 58.
707 4326 885 4398 Atque
933 4331 1047 4388 haec
1094 4344 1217 4390 sunt
1244 4377 1259 4402 ,
1296 4352 1417 4407 quzc
1452 4337 1705 4395 laudatus
1746 4338 2080 4411 Augustinus

489 4414 836 4475 Aldenbruck
868 4421 935 4476 ad
974 4425 1232 4493 quzesita,
1265 4441 1294 4480 a
1328 4426 1483 4481 nobis
1523 4428 1627 4484 sibi
1673 4431 1949 4501 proposita
1985 4447 2075 4486 su-

494 4522 699 4579 praque
730 4525 1010 4581 expressa,
1039 4516 1349 4586 rescripsit;
1376 4533 1442 4572 ex
1476 4518 1581 4574 illis
1607 4531 1788 4576 autem
1810 4537 1909 4591 pro
1938 4521 2078 4578 llar-

492 4598 796 4655 tefaustana
818 4602 1177 4660 Aimiliauave
1213 4606 1396 4661 Sancti
1429 4609 1638 4682 origine
1671 4611 2080 4668 determinanda

492 4688 625 4745 nihil
649 4694 872 4751 omnino
902 4708 1082 4768 potest
1109 4702 1248 4754 erui.
1282 4700 1464 4756 Primo
1488 4704 1655 4769 enim,
1678 4721 1800 4760 cum
1831 4721 1938 4776 quo
1961 4706 2079 4762 loco

491 4784 651 4837 modo
697 4784 898 4841 Rerum
947 4790 1185 4846 civilium
1229 4790 1653 4863 Commentarii,
1684 4813 1712 4850 a
1746 4797 2078 4854 Brohnanno

494 4876 703 4946 scripti,
732 4879 952 4944 lateant,
978 4899 1096 4951 sese
1125 4885 1397 4955 ignorare,
1424 4903 1574 4942 num.
1601 4889 1671 4943 55
1696 4889 1908 4959 prodat,
1936 4892 2078 4945 sitne

493 4966 545 5024 in
574 4967 672 5037 iis,
703 4972 845 5027 unde
876 4970 966 5027 hic
995 4984 1184 5029 auctor
1220 4986 1489 5031 assertum
1529 4993 1559 5032 a
1599 4994 1657 5032 se
1685 4979 1868 5034 Sancti
1907 4996 2076 5052 genus

485 5060 695 5128 prohet,
713 5061 841 5130 quid
864 5062 1333 5133 comprehensum,
1353 5066 1841 5139 relinquiturteque
1865 5085 1928 5125 ac
1952 5083 2077 5125 ante

492 5152 790 5219 incertum;
824 5155 965 5221 quod
997 5163 1178 5209 autem
1208 5156 1274 5209 ad
1303 5168 1458 5211 scuta
1496 5167 1550 5213 et
1588 5159 1986 5230 inscriptiones,
2020 5162 2072 5215 in

484 5243 725 5310 antiquis
761 5244 955 5298 domus
990 5243 1297 5313 Stcssame,
1333 5264 1453 5316 qum
1496 5248 1534 5303 S
1599 5250 1835 5306 liruuoui
1878 5252 2074 5306 natalis

485 5347 520 5400 p
558 5331 839 5398 rhibetur,
880 5332 1132 5389 fenestris
1170 5351 1426 5407 expressa
1471 5342 1743 5409 pertinet,
1774 5342 1974 5397 saeculo
2010 5357 2073 5397 ea

485 5438 518 5491 q
546 5422 681 5476 sinto
710 5424 943 5484 decimo,
966 5428 1243 5481 autetiam
1272 5430 1381 5497 ipsa
1415 5431 1669 5503 imagine,
1693 5451 1812 5505 qua:
1852 5435 1910 5489 S.
1941 5434 2074 5489 Bru-

484 5527 707 5577 nonem,
731 5525 964 5584 quatuor
985 5518 1152 5573 scutis
1174 5522 1475 5590 gentilitiis,
1504 5540 1533 5579 a
1560 5525 1886 5581 Brolmanno
1908 5541 2069 5594 supra

480 5604 1263 5678 cntnncratis,circumdatum,
1281 5611 1334 5666 in
1360 5629 1459 5685 sup
1481 5617 1625 5671 'riori
1647 5616 1900 5680 cubiculi,
1929 5616 2071 5687 Quod

482 5686 717 5746 Sanctus
767 5693 1108 5764 inhabitarit,
1152 5700 1388 5757 tabulato
1430 5715 1809 5775 repratseutat,
1845 5686 2072 5777 quicque

483 5779 588 5845 (adi
615 5798 761 5839 num.
795 5784 885 5850 58)
913 5787 1267 5847 ducentorum
1294 5793 1573 5852 dumtaxat
1599 5811 1647 5855 et
1676 5797 2065 5869 quinquaginta

2197 1857 2370 1928 lisque
2398 1860 2505 1925 sit,
2530 1860 2606 1915 uti
2636 1876 2700 1915 ex
2730 1859 2841 1929 jam
2880 1863 3039 1918 dictis
3072 1864 3263 1934 liquet,
3294 1864 3696 1921 Coloniensium
3723 1867 3794 1922 de

2198 1948 2618 2006 liartefaustana
2659 1952 3019 2010 Aimilianave
3064 1956 3249 2011 Sancti
3292 1957 3500 2028 origine
3547 1958 3791 2031 traditio.

2265 2041 2356 2095 '59.
2389 2040 2499 2097 Nec
2527 2051 2641 2108 est,
2674 2059 2774 2097 cur
2812 2060 2877 2098 ex
2915 2044 3139 2101 Gelenio
3171 2048 3237 2103 de
3266 2047 3500 2104 Colonia:
3538 2050 3795 2120 Agrippi-

2196 2132 2379 2186 nensis
2408 2129 2773 2201 Maguitudine
2811 2135 2901 2190 lib.
2932 2152 3025 2197 ιιι.
3065 2149 3406 2209 syntagmate
3440 2138 3505 2195 l9
3546 2150 3599 2193 et
3631 2138 3796 2196 Brot-

2198 2236 2399 2275 mauno
2429 2222 2569 2291 apud
2602 2221 2968 2279 Morkensium
3000 2242 3257 2297 cppouas.
3294 2230 3533 2291 domum.
3571 2245 3692 2299 qme
3723 2234 3795 2310 ad

2196 2308 2715 2369 Rubeam-Stessam
2747 2316 3015 2387 hodieque
3049 2320 3273 2384 dicitur,
3308 2321 3374 2374 ad
3406 2320 3464 2375 S.
3498 2308 3795 2384 Brunmtis,

2193 2400 2284 2471 qui
2313 2412 2364 2457 et
2397 2402 2452 2458 in
2482 2419 2544 2458 ea
2577 2414 2738 2461 natus
2766 2406 2856 2470 sit.
2885 2418 3138 2478 parentes
3167 2412 3513 2480 pertinuisse,
3535 2427 3599 2467 ac
3629 2414 3797 2482 proin

2201 2495 2391 2549 horum
2418 2498 2607 2553 saltem
2634 2500 2864 2555 alterum
2891 2518 2921 2556 e
2947 2501 3148 2556 familia
3174 2503 3615 2569 llartefaustana,
3642 2503 3797 2559 Stes-

2193 2600 2339 2640 saua:
2396 2590 2721 2658 cognatione
2768 2589 2882 2659 jam
2936 2601 3048 2647 ιιιιιι
3103 2593 3428 2661 conjuncta,
3476 2595 3791 2659 exstitisse;

2193 2688 2553 2750 praeterquam
2603 2681 2748 2736 enim
2789 2684 2932 2753 quod
2983 2684 3109 2739 illud
3159 2685 3271 2740 sola
3311 2686 3624 2751 traditione,
3668 2703 3797 2761 qua;

2193 2784 2316 2822 niox
2357 2769 2499 2824 dicta
2547 2780 2809 2841 pra'stare
2858 2789 2962 2827 non
3019 2775 3266 2842 videtur,
3315 2776 3613 2843 innitatur,
3669 2778 3793 2849 qui,

2192 2875 2397 2929 qum-so,
2427 2862 2701 2931 probabis,
2729 2864 2944 2919 domum
2984 2865 3129 2920 illam
3154 2868 3318 2938 (quod
3353 2878 3556 2932 tamen,
3581 2878 3636 2923 ut
3660 2868 3794 2924 inde

2192 2954 2487 3023 quidquam
2512 2954 2778 3019 eliciatur,
2809 2958 3123 3031 requiritur)
3148 2968 3242 3014 aut
3270 2959 3461 3027 fuisse,
3489 2971 3791 3031 antequam

2194 3046 2259 3099 ad
2289 3045 2475 3101 Sancti
2509 3058 2763 3118 parentes
2789 3051 3101 3120 pertineret,
3131 3067 3159 3105 a
3190 3051 3485 3118 Stessanis,
3526 3070 3555 3108 a
3586 3054 3793 3123 quibus

2191 3149 2245 3194 et
2268 3155 2462 3194 nomen
2490 3151 2617 3195 tunc
2643 3143 2939 3211 acceperit,
2968 3158 3297 3213 possessam,
3325 3155 3442 3212 aut,
3464 3146 3507 3201 si
3530 3161 3790 3217 possessa

2189 3231 2259 3284 ab
2288 3231 2439 3286 hisce
2461 3230 2571 3299 jam
2612 3242 2725 3286 tum
2764 3233 2947 3299 fuerit,
2989 3234 3054 3287 ad
3091 3235 3277 3290 Sancti
3309 3248 3562 3307 parentes
3586 3252 3793 3309 cogna-

2190 3325 2385 3391 tionis,
2431 3341 2550 3394 quze
2599 3326 2698 3381 hos
2743 3326 2885 3381 inter
2921 3335 2972 3381 et
3012 3327 3131 3383 illos
3175 3329 3565 3395 intercederet,
3618 3346 3789 3386 causa

2189 3416 2519 3470 transiisse?
2560 3416 2639 3469 Ad
2683 3417 2795 3470 haec
2843 3415 3072 3481 Geleuii,
3106 3418 3197 3487 qui
3235 3419 3434 3474 similia
3487 3421 3791 3476 credidisse

2186 3516 2387 3575 potest,
2415 3507 2736 3572 auctoritas,
2761 3516 2817 3561 ut
2842 3508 3030 3562 eadem
3058 3510 3261 3581 pariter
3285 3511 3530 3575 credam,
3560 3511 3791 3567 minime

2187 3596 2416 3663 sufficit;
2445 3599 2531 3653 hic
2558 3599 2703 3654 enim
2729 3599 2981 3667 scriptor,
3014 3603 3155 3669 quod
3180 3603 3342 3657 etiam
3370 3602 3507 3669 fere,
3537 3612 3597 3658 ut
3623 3606 3790 3660 modo

2187 3688 2461 3758 intelligo,
2494 3690 2559 3744 de
2601 3688 2928 3744 Brolmanno
2963 3692 3280 3758 dicendum,
3319 3710 3676 3764 qumcumque
3716 3697 3786 3750 ad

2190 3779 2341 3837 Ubize
2392 3780 2569 3850 gentis
2620 3782 3051 3852 magnitudinem
3106 3783 3379 3849 facerent,
3435 3786 3787 3854 promiscue.

2186 3872 2337 3928 nullo
2385 3873 2720 3940 discrimine,
2782 3876 2990 3931 delectu
3037 3877 3182 3931 nullo
3222 3877 3439 3941 habito,
3481 3879 3787 3936 corrasissc

2185 3964 2542 4033 dignoscitur.
2593 3964 2857 4021 Omnibus
2914 3968 3096 4037 itaque
3150 3979 3403 4023 accurate
3460 3972 3787 4039 perpensis,

2185 4055 2706 4114 llartefaustanusue
2754 4060 2955 4113 familia
3012 4061 3265 4124 Sanctus,
3313 4078 3407 4116 seu
3456 4063 3677 4132 potius,
3724 4077 3789 4120 nt

2184 4153 2486 4221 generatim
2526 4152 2749 4221 loquar,
2790 4168 2898 4222 quo
2937 4153 3295 4208 determinato
3338 4155 3530 4210 illustri
3579 4170 3787 4228 genere

2185 4249 2346 4296 natus
2384 4242 2477 4308 sit,
2510 4242 2922 4309 deficientibus,
2963 4243 3159 4312 quibus
3204 4245 3254 4299 id
3294 4232 3408 4299 toto
3450 4248 3789 4318 assignetur,

2187 4333 2559 4389 monumentis
2617 4333 2856 4404 antiquis
2901 4334 3139 4403 satisque
3189 4332 3434 4401 idoneis,
3487 4336 3648 4407 plane
3696 4349 3783 4394 est

2185 4425 2439 4492 dubium;
2490 4436 2550 4482 ut
2594 4426 2786 4482 Surius
2816 4440 2947 4480 sane
2989 4426 3041 4479 in
3074 4424 3190 4493 ejus
3230 4426 3384 4493 Vita,
3426 4436 3615 4481 contra
3652 4444 3718 4483 ac
3747 4445 3779 4483 a

2114 4477 2159 4532 Β
2186 4514 2614 4579 Blomenvenna,
2644 4529 2675 4570 e
2708 4530 2815 4585 quo
2846 4515 3007 4580 hanc,
3045 4525 3104 4569 ut
3132 4516 3358 4580 dictum,
3392 4516 3592 4586 partim
3621 4534 3783 4573 com-

2183 4606 2382 4676 posuit,
2415 4605 2530 4661 fieri
2563 4606 2799 4671 videbat,
2848 4620 2877 4659 a
2907 4605 3211 4660 definienda
3244 4606 3407 4660 nobili
3448 4608 3633 4662 Sancti
3667 4610 3779 4663 ori-

2182 4697 2303 4762 gine
2321 4696 2615 4765 prudenter
2631 4695 2975 4760 abstinuerit,
2994 4711 3227 4765 eumque
3246 4708 3498 4767 parentes
3519 4698 3780 4753 habuisse

2180 4799 2231 4842 et
2256 4803 2453 4852 genere
2477 4799 2531 4844 et
2555 4788 2756 4842 virtute
2779 4788 2978 4850 claros,
3004 4803 3153 4841 utrm.
3181 4788 3204 4841 l
3233 4789 3517 4842 dumtaxat
3539 4789 3777 4859 scripse-

2186 4882 2277 4935 rit.
2312 4881 2770 4935 lilomenvcnuam
2804 4880 3176 4942 nihilominus,
3204 4896 3367 4950 quam
3398 4880 3616 4936 Surium
3640 4881 3776 4935 Fer-

2181 4973 2451 5027 dinaudus
2490 4974 2745 5043 princeps
2787 4972 2989 5027 elector
3033 4972 3404 5037 Coloniensis,
3448 4988 3542 5027 seu
3592 4975 3773 5037 potius

2180 5068 2267 5135 qui
2325 5067 2506 5121 datam
2572 5063 2730 5132 hujus
2783 5066 3000 5119 nomine
3051 5079 3193 5119 anno
3246 5066 3382 5120 1624
3439 5067 3504 5121 ad
3561 5067 3769 5122 clerum

2177 5155 2550 5210 Coloniensem
2596 5154 2661 5209 de
2697 5155 3025 5209 celebranda
3060 5154 3118 5209 S.
3170 5155 3440 5210 Brunonis
3474 5156 3773 5213 festivitate

2176 5247 2459 5314 epistolam
2507 5247 2871 5317 enryclicam,
2922 5262 3082 5315 quam
3125 5248 3388 5317 integram
3428 5247 3624 5303 Gloria:
3674 5266 3772 5319 po-

2177 5339 2407 5394 sthuma;
2438 5340 2676 5393 iutexam
2698 5381 2711 5403 ,
2746 5340 3041 5408 scripsere,
3074 5341 3224 5409 sequi
3259 5340 3583 5403 maluerunt,
3618 5341 3771 5398 hisce

2176 5432 2228 5487 li
2264 5447 2326 5486 ea
2356 5432 2535 5484 verbis
2559 5431 2637 5484 usi
2671 5449 2683 5484 :
2722 5450 2739 5481 ι
2776 5431 3007 5486 Sanctus
3036 5431 3244 5495 Bruno,
3287 5449 3539 5502 magnum
3582 5434 3768 5487 Eccle-

2175 5525 2269 5578 siae
2298 5523 2463 5578 decus
2492 5532 2546 5578 et
2568 5532 2973 5585 ornamentum,
2994 5523 3127 5576 civis
3149 5521 3504 5585 Coloniensis,
3528 5524 3766 5578 Colonire

2176 5616 2341 5672 nobili
2363 5614 2713 5670 llartenfaust
2732 5613 2929 5669 familia
2956 5623 3111 5668 natus
3137 5623 3189 5668 et
3212 5614 3493 5670 educatus.
3518 5636 3535 5669 ι
3563 5614 3761 5670 Verum

2176 5708 2228 5762 hi
2274 5716 2438 5761 tanta:
2474 5704 2839 5769 auctoritatis,
2887 5704 2964 5759 uti
3006 5721 3101 5774 per
3146 5720 3203 5763 se
3247 5706 3445 5777 liquet,
3489 5720 3609 5760 esse
3656 5723 3762 5759 non

2175 5806 2424 5867 possunt,
2457 5806 2511 5850 ut
2546 5796 2628 5850 hic
2669 5794 2919 5851 audiendi
2948 5794 3068 5850 sint.
