3862 6310
193 346 271 404 ξθ
1760 330 1777 384 1

1883 328 1960 385 Ἀ.

3386 338 3483 407 εδο

269 458 363 518 ω.
401 458 548 514 Idem
597 454 763 511 etiam
805 452 873 508 de
918 448 1234 507 Hieraeensi
1280 422 1466 517 (fuerit
1514 443 1602 499 hic
1637 442 1780 498 haud
1816 443 1858 499 Α
1886 441 2025 495 inter
2075 440 2312 498 edendos
2352 439 2637 512 trigesimo
2680 444 2937 510 secundo.
2992 444 3179 501 Bruno
3222 464 3477 518 expresse

191 550 392 612 dubie.
421 547 501 601 uti
531 560 599 602 ex
630 543 856 615 Ughello
897 553 1030 597 tom.
1062 534 1133 593 IX
1164 536 1329 593 italiae
1367 533 1552 590 Sacrae
1580 532 1645 589 de
1675 531 1788 600 cpi-

189 641 383 713 scopis
414 637 840 695 Hieracensibus
868 633 1076 702 colligo.
1104 629 1452 694 Octavianus;
1484 640 1628 681 anno
1650 624 1782 679 1501

189 734 313 788 vita
344 731 589 800 functus)
623 728 877 799 episcopo
904 723 1220 787 dicendum,
1257 719 1382 791 qui.
1414 727 1473 772 ut
1501 717 1732 771 Severus
1755 731 1786 769 a

188 812 423 895 Neapoli
454 822 603 894 apud
644 820 935 876 Surianum
978 817 1031 872 in
1078 806 1344 870 illustrata
1388 810 1574 866 Sancti
1618 806 1786 861 nostri

190 914 318 968 Vita
350 928 479 984 pag.
508 911 578 967 86
612 918 862 973 testatur,
888 908 941 961 in
970 905 1195 961 collecto
1224 920 1250 956 a
1276 917 1395 958 sese
1425 899 1786 967 archiepisco-

187 1020 396 1075 porum
422 1000 811 1072 Rhegiensium
854 1000 906 1052 iu
948 997 1193 1054 Calabria
1239 994 1516 1063 Catalogo.
1552 991 1640 1047 cui
1668 998 1787 1060 post

190 1092 545 1161 Arnulpbum
576 1090 634 1144 S.
660 1088 866 1151 Bruno,
893 1095 1148 1155 tanquam
1180 1084 1384 1139 electus
1412 1082 1653 1137 ecclesiae
1689 1081 1787 1134 liu-

177 1186 273 1254 jus
305 1184 527 1255 pnesul,
564 1181 851 1245 inseritur,
885 1177 1046 1232 fuisse
1083 1176 1225 1231 hunc
1261 1190 1291 1229 e
1325 1173 1529 1228 familia
1560 1171 1785 1229 Alcnina

182 1290 281 1329 seu
337 1271 695 1330 Alehaniriua
742 1279 960 1331 natum.
1010 1266 1283 1322 memorize
1328 1264 1525 1335 prodit.
1582 1264 1786 1331 Quibus

186 1367 347 1421 enim
382 1382 415 1422 e
444 1364 808 1427 monumentis
847 1360 1161 1427 Catalogum
1195 1358 1341 1414 illutn
1374 1356 1588 1427 collegit
1631 1354 1787 1411 Octa-

185 1459 455 1514 vianus?
502 1459 583 1512 An
621 1472 686 1509 ex
730 1452 1011 1523 antiquis?
1048 1452 1101 1505 ld
1134 1450 1352 1520 quidem
1392 1466 1513 1503 cum
1553 1448 1787 1502 Suriano

183 1551 312 1605 loco
343 1553 444 1605 cit.
481 1547 824 1605 crediderim.
856 1545 955 1599 Ast
985 1561 1051 1598 an
1086 1544 1249 1598 etiam
1288 1556 1354 1595 ex
1386 1550 1494 1593 tam
1525 1538 1782 1609 antiquis.

181 1656 241 1700 ut
276 1646 453 1700 fidem
491 1642 764 1697 indubiam
796 1656 863 1694 ex
905 1654 1024 1693 sese
1065 1636 1245 1691 facere
1281 1633 1483 1689 fuerint
1526 1631 1701 1685 nata?
1732 1629 1785 1684 Id

183 1738 347 1792 enim
388 1750 514 1790 vero
551 1747 650 1787 nec
684 1732 950 1787 Surianus
980 1730 1239 1791 aﬂirmat,
1276 1742 1373 1782 nec
1412 1725 1616 1793 absque
1661 1722 1782 1778 fidei

182 1826 427 1880 minime
472 1831 732 1892 suspectze
771 1821 1083 1875 testimonio
1126 1818 1283 1872 facile
1330 1819 1381 1871 in
1422 1818 1660 1870 animum
1704 1814 1783 1867 in-

179 1914 429 1968 duxere.
473 1911 542 1967 Ut
570 1921 626 1967 ut
647 1911 739 1974 sit.
780 1919 930 1964 certe
983 1909 1272 1979 Ugliellus.
1311 1925 1341 1963 a
1387 1924 1494 1978 quo
1538 1919 1671 1962 tom.
1713 1905 1781 1960 ιχ

181 2005 373 2060 Italiae
415 2004 472 2059 in
518 2002 1045 2073 archiepiscoporum
1097 2000 1485 2071 Rhegiensium
1525 1998 1783 2070 Catalogo

176 2106 310 2167 post
344 2094 681 2166 Arnulpbum
709 2094 764 2149 S.
798 2093 999 2161 Bruno,
1026 2102 1283 2163 tanquam
1311 2092 1517 2148 electus
1544 2091 1702 2163 hujus
1729 2093 1782 2147 in

177 2190 382 2245 sedem
410 2187 557 2242 illam
586 2202 888 2248 successor.
916 2188 1115 2257 pariter
1142 2194 1458 2240 recensctur
1479 2183 1783 2254 insignique

178 2292 458 2351 praeterea
501 2279 676 2349 elogio
717 2290 980 2342 ornatur.
1009 2276 1208 2332 nullam
1246 2276 1401 2345 plane
1446 2276 1511 2332 de
1555 2275 1780 2363 Alcuina

182 2387 281 2426 seu
340 2369 692 2425 Alcbanirina
745 2369 922 2424 sancti
979 2368 1192 2438 origine
1242 2367 1572 2425 mentionem
1630 2366 1779 2425 facit.

180 2461 372 2526 Atque
414 2460 531 2513 luec
569 2459 637 2513 de
680 2457 952 2513 Brunonis
989 2472 1224 2529 genere.
1259 2455 1400 2526 quod
1442 2472 1600 2512 nemo
1627 2457 1783 2515 facile

181 2550 412 2604 deﬁniat
434 2591 451 2614 .
480 2550 623 2603 dicta
659 2548 966 2612 sufﬁciant;
1004 2547 1070 2601 ad
1106 2545 1280 2602 solum
1307 2548 1423 2618 ejus
1461 2547 1639 2602 natale
1668 2562 1782 2603 ser-

180 2655 405 2698 monem
437 2642 599 2695 modo
619 2652 899 2697 converto.
929 2638 1027 2708 Qui
1059 2638 1298 2694 unanimi
1328 2655 1618 2703 consensu.
1644 2640 1782 2696 Sau-

180 2743 338 2787 ctum
395 2733 562 2787 nobili
616 2748 812 2802 genere
865 2741 1081 2798 ortum.
1132 2731 1328 2798 iidem.
1379 2733 1432 2786 in
1489 2730 1779 2790 Germania

180 2826 424 2882 Coloniae
447 2827 757 2898 Agrippina:
777 2826 941 2881 etiam
964 2835 1171 2891 natum.
1188 2840 1377 2881 omnes
1394 2824 1511 2894 ejus
1534 2837 1781 2882 asserunt

182 2918 495 2990 biograplii.
530 2919 597 2973 Et
619 2934 749 2974 sane
789 2920 929 2973 lianc
957 2932 1144 2973 eorum
1175 2919 1529 2975 assertionem
1563 2919 1776 2974 veritati

179 3026 306 3065 esse
329 3013 578 3082 apprime
602 3027 917 3080 consonam,
946 3018 1079 3071 satis
1106 3018 1275 3088 liquet
1309 3019 1388 3074 vel
1416 3033 1483 3074 ex
1518 3020 1632 3075 solo
1663 3021 1775 3090 pri-

1890 531 2128 587 Gallicus
2178 544 2419 601 vocatur,
2471 534 2645 590 altero
2689 535 2894 603 Gallus,
2936 536 3119 605 fuisse.
3167 550 3251 594 sat
3290 554 3475 613 aperte

1892 620 2157 677 inanitur.
2193 623 2373 689 Prior,
2406 628 2495 695 qui
2537 626 2782 682 ecclesia:
2820 628 2876 682 S.
2909 628 3090 685 Maria:
3125 631 3477 690 Carnoteusis

1890 712 2220 766 scliolarium
2250 725 2355 776 est.
2388 717 2466 771 sic
2499 718 2659 772 habet
2690 738 2702 773 :

1962 804 2132 869 Quam
2160 804 2347 861 l’lurbe
2377 807 2589 873 Pltcebo.
2610 827 2763 881 quant
2791 820 2978 866 cratera
3014 814 3187 887 sidera
3219 815 3377 884 (una,

1963 895 2090 948 Tam
2128 908 2267 949 lotus
2297 903 2521 955 mundus
2551 904 2688 956 adsit
2720 904 2831 964 tibi.
2869 903 3067 959 (ἔαηίβέ
3097 905 3311 971 Βιπιηοε

1889 984 2163 1041 Posterior
2187 1003 2332 1051 vero,
2360 991 2447 1058 qui
2485 994 2659 1047 sancti
2693 994 2936 1049 Gervasii
2958 996 3180 1051 Falesim
3200 1000 3250 1053 iu
3270 998 3470 1055 Nortlt-

1890 1080 2102 1131 tnannia
2132 1091 2234 1142 est.
2266 1081 2551 1152 locumque
2575 1086 2716 1140 inter
2756 1089 3088 1145 recudendos
3115 1092 3210 1146 111
3238 1093 3467 1158 obtinet,

1888 1165 1960 1221 ita
1991 1178 2147 1221 sonat
2180 1186 2193 1224 :

1958 1257 2134 1313 Callia
2167 1261 2449 1315 multorum
2476 1274 2640 1316 mater
2664 1268 2940 1334 nutrixth
2970 1272 3217 1336 virorum,

2032 1349 2133 1403 Isti
2170 1352 2382 1421 quando
2405 1370 2555 1421 pares
2578 1371 2630 1407 es
2658 1355 2902 1411 habitura
2936 1378 3106 1415 mares
3129 1363 3157 1416 .’

1960 1439 2070 1495 Iste
2097 1454 2218 1495 tuus
2246 1448 2506 1514 quondam
2533 1447 2788 1501 doctrina!
2808 1450 3028 1518 pra'buit
3058 1454 3255 1508 undam

2029 1531 2279 1587 Gentibus
2304 1549 2350 1587 et
2377 1536 2550 1599 cleris,
2580 1546 2683 1590 etc.

1960 1624 2049 1679 42.
2100 1624 2237 1680 lline
2284 1642 2477 1695 porro.
2541 1643 2663 1683 eum
2720 1640 2977 1698 p'aeterea
3039 1633 3247 1691 Gallum
3305 1637 3472 1695 fuisse

1889 1716 1946 1770 S.
1992 1716 2323 1782 Brunonem,
2356 1718 2445 1773 alii
2493 1721 2656 1774 etiam
2685 1722 2831 1791 ejus,
2865 1739 3001 1792 quos
3032 1724 3119 1779 hic
3156 1742 3466 1795 recensere.

1886 1823 2063 1878 Opera:
2111 1811 2347 1878 pretium
2406 1827 2510 1866 non
2562 1822 2664 1879 est,
2714 1814 2876 1868 Tituli
2936 1817 3187 1873 funebres
3232 1820 3472 1878 indicare

1885 1899 2190 1965 videantur,
2216 1916 2322 1955 non
2348 1916 2506 1956 nemo
2536 1902 2676 1958 forte
2710 1906 3059 1972 existimabit,
3093 1926 3123 1963 e
3150 1909 3317 1965 Callia
3346 1927 3470 1967 eum

1885 1992 2051 2048 fuisse
2073 1994 2385 2059 oriundum,
2407 2010 2507 2050 nec
2536 1996 2774 2052 Colonia:
2804 2000 3136 2069 Agrippinae.
3166 2004 3258 2056 sed
3281 2003 3472 2059 Remis

1884 2096 2099 2152 natum;
2142 2101 2329 2141 verum
2359 2104 2480 2143 eum
2524 2100 2871 2145 monumenta
2907 2092 3130 2162 antiqua
3170 2110 3273 2148 non
3312 2095 3469 2151 colli-

1885 2178 2084 2242 deuda,
2108 2178 2222 2241 sed,
2256 2180 2298 2233 si
2333 2180 2448 2233 fieri
2477 2190 2659 2249 queat,
2684 2185 3054 2252 eumponemla
3083 2186 3222 2239 inter
3245 2202 3303 2241 se
3329 2187 3469 2251 sint;

1885 2266 2117 2322 Sanctus
2157 2278 2337 2323 autem
2362 2269 2465 2323 alia
2488 2271 2652 2325 etiam
2676 2288 2838 2341 quant
2859 2282 3013 2326 ortus
3035 2274 3241 2330 ratione
3267 2274 3471 2339 Gallus.

1883 2358 2098 2430 aliaque
2144 2361 2272 2416 item
2310 2378 2471 2432 quam
2514 2364 2841 2429 nativitatis.
2890 2364 3176 2422 Bernensis
3224 2369 3328 2423 dici
3378 2384 3475 2438 po-

1885 2452 2069 2517 tuerit,
2095 2455 2268 2523 reipsa
2297 2450 2371 2507 id'
2393 2456 2463 2509 ita
2492 2456 2543 2510 in
2567 2456 2838 2512 Chronico
2859 2456 3219 2525 Malleacensi,
3245 2460 3478 2532 ailegato

1882 2557 1912 2597 e
1941 2542 2177 2600 Cbesnio
2202 2544 2529 2616 Fragmento
2555 2547 2811 2604 historico
2835 2546 3135 2619 Titulisque
3159 2550 3473 2608 funebribus

1881 2634 2081 2690 factum
2104 2653 2253 2698 esse.
2285 2640 2615 2694 credendum
2637 2649 2740 2707 est,
2771 2656 2839 2697 ne
2859 2641 3095 2712 alioquin
3125 2656 3475 2700 monumenta

1883 2729 1995 2783 lnec
2025 2731 2249 2801 antiqua
2276 2747 2518 2803 pugnare
2547 2733 2775 2788 dicenda
2807 2734 2915 2787 sint
2938 2749 3059 2789 cum
3092 2735 3473 2805 antiquissimo

1880 2833 2112 2893 quatuor
2147 2826 2443 2893 primorum
2472 2826 2774 2880 Cartlnusize
2806 2824 3051 2881 Priorum
3074 2827 3347 2882 Chronico
3374 2844 3472 2883 seu

1879 2926 2133 2985 excerpta
2145 2932 2209 2970 ex
2235 2917 2336 2971 hoc
2361 2918 2546 2972 Sancti
2562 2919 2757 2989 elogio,
2781 2920 2923 2988 quod
2938 2918 3085 2974 nullo
3107 2918 3263 2989 plane
3286 2921 3469 2987 modo,

1880 3019 2065 3077 utpote
2112 3008 2418 3064 Brunonem
2467 3010 2686 3065 natione
2728 3009 3081 3066 Teutonicum
3130 3020 3185 3066 et
3232 3011 3469 3066 Colonia:

183 3118 398 3158 morum
454 3118 689 3174 (μιςηυοιυ
726 3108 1027 3163 cal-musae
1065 3110 1281 3178 majoris
1327 3111 1614 3176 Chronico,
1658 3126 1784 3175 ante
1812 3130 1851 3184 ρ
1887 3102 2196 3170 Agrippina:
2226 3110 2433 3163 natum.
2462 3103 2821 3158 disertissime
2845 3103 3067 3169 docens,
3098 3104 3311 3157 veritati
3342 3118 3475 3157 con-

180 3210 410 3261 annum,
449 3208 508 3253 ut
539 3197 653 3266 jam
684 3199 863 3267 docui,
898 3202 1031 3257 115⁸7
1063 3203 1418 3270 concinnato.
1449 3204 1658 3276 fideque
1688 3211 1775 3263 di~

181 3292 485 3357 gnissiuto.
515 3293 657 3362 quod
702 3292 756 3347 in
797 3293 855 3348 S.
895 3293 1165 3351 Brunonis
1190 3296 1395 3366 elogio.
1426 3314 1575 3353 num.
1610 3301 1639 3353 7
1671 3303 1776 3358 huc

183 3386 546 3454 transcripta.
588 3398 895 3457 opportune
939 3391 1008 3446 ad
1055 3390 1359 3447 institutum
1412 3410 1647 3463 prmsens
1703 3398 1773 3452 ita

174 3474 388 3532 habet:
439 3494 460 3529 ε
511 3476 769 3549 Magister
801 3479 1004 3545 Bruno.
1051 3483 1268 3538 natione
1317 3484 1675 3551 Teutonicus.
1708 3506 1770 3544 ex

179 3568 448 3638 praeclara
474 3569 607 3625 urbe
647 3568 867 3637 Colonia
908 3574 1219 3639 parentibus
1255 3588 1359 3628 non
1406 3574 1652 3632 obscuris
1677 3593 1773 3631 ua-

181 3672 370 3727 tus....
402 3677 645 3717 eremum
683 3662 986 3718 Carthasim
1018 3663 1290 3720 fundavit.
1326 3684 1343 3718 θ

250 3752 345 3806 ιι.
403 3753 630 3807 Accedit
680 3768 842 3823 porro
896 3753 1161 3823 Sigeberti
1208 3755 1634 3822 Ceutblaeensis.
1680 3775 1776 3814 an-

179 3858 252 3898 no
278 3845 337 3899 11
355 3845 421 3897 15
447 3860 478 3900 e
509 3844 646 3898 vivis
665 3844 883 3908 sublati,
911 3860 1029 3915 quae
1052 3844 1242 3901 iisdem
1269 3847 1381 3901 fere
1405 3849 1582 3904 verbis
1602 3850 1774 3905 solum

182 3932 373 3988 Sancti
413 3934 594 3988 natale
630 3934 869 3989 Colonia:
898 3935 1206 4005 Agrippinae
1234 3935 1493 4000 collocat.
1528 3939 1778 3992 Cltrouo-

179 4024 437 4093 graphia.
482 4024 559 4077 uti
602 4025 766 4077 etiam
812 4024 1002 4080 Petrus
1052 4026 1397 4091 venerabilis,
1448 4044 1591 4097 anno
1643 4029 1777 4084 1156

180 4114 293 4168 vita
323 4114 569 4177 functus,
604 4115 693 4182 qui
735 4115 1048 4183 magistrum
1074 4113 1381 4171 Brunonem
1423 4118 1516 4174 lib.
1547 4135 1585 4174 tt
1615 4119 1774 4195 Mira-

180 4205 454 4271 culorum.
499 4221 621 4275 cap.
670 4206 761 4272 28,
808 4206 1182 4263 Coloniensem
1228 4211 1481 4280 appellat.
1531 4213 1599 4267 At
1648 4229 1778 4268 vero

183 4294 422 4352 Sanctus
476 4309 663 4352 noster
703 4315 732 4352 a
764 4299 975 4354 duobus
1016 4301 1372 4370 scriptoribus
1414 4304 1514 4359 sibi
1558 4305 1775 4374 cozevis,

181 4404 419 4459 quorum
475 4390 617 4445 alter
669 4390 975 4447 Cluouicon
1035 4391 1419 4460 Malleaccuse,
1476 4410 1505 4448 a
1556 4395 1775 4451 Labbeo

1882 3208 2071 3246 sonum
2094 3203 2273 3263 potest
2300 3193 2549 3263 intelligi,
2577 3194 2678 3249 nisi
2709 3196 2883 3264 reipsa
2912 3196 2997 3249 hic
3021 3195 3257 3252 Colonia:
3278 3196 3472 3266 Agrip-

1877 3284 2021 3353 pinae
2052 3293 2213 3337 natus
2254 3284 2350 3338 sit.
2388 3283 2622 3339 Sanctus
2662 3286 2843 3354 itaque
2879 3286 3162 3341 llemensis
3192 3286 3407 3353 quidem
3438 3300 3471 3338 a

1875 3375 2131 3430 Cbronici
2184 3374 2560 3431 Malleacensis
2606 3377 2846 3447 dictique
2890 3377 3197 3449 Fragnienti
3222 3378 3469 3435 historici

1877 3469 2238 3540 scriptoribus
2284 3471 2462 3525 dictus
2500 3469 2693 3537 fuerit,
2727 3472 2869 3542 quod
2911 3472 3060 3529 bisce
3104 3489 3209 3528 non
3254 3481 3361 3528 tam
3401 3488 3470 3528 ex

1876 3559 2075 3629 patria.
2101 3575 2265 3630 quam
2292 3577 2357 3615 ex
2383 3561 2598 3627 studiis,
2628 3563 2823 3632 quibus
2843 3561 3029 3619 Remis
3052 3571 3159 3617 tum
3188 3563 3469 3626 discendo.

1878 3656 1993 3703 tum
2032 3649 2280 3706 docendo
2328 3653 2633 3707 diutissime
2675 3666 2987 3721 vocaverat,
3026 3666 3080 3710 et
3126 3671 3193 3711 ex
3240 3642 3471 3727 dignita-

1880 3743 2043 3808 tibus,
2069 3761 2202 3813 quas
2226 3745 2424 3801 ibidem
2457 3748 2790 3814 obtinuerat,
2815 3760 2975 3804 notus
2996 3761 3168 3815 esset;
3204 3767 3301 3820 pro
3326 3750 3468 3820 gallo

1878 3850 2008 3890 vero
2050 3836 2101 3889 in
2142 3836 2337 3891 Titulis
2378 3838 2695 3895 funebribus
2734 3840 2949 3895 habitus
2988 3840 3151 3896 fuerit
3187 3842 3267 3896 vel
3306 3843 3472 3897 simili

1878 3926 1995 3981 fere
2032 3927 2100 3981 de
2128 3945 2290 3981 causa
2315 3969 2329 3994 ,
2364 3930 2446 3983 vel
2480 3932 2623 4000 quod
2668 3933 2719 3985 in
2753 3931 2924 3987 Gallia
2966 3933 3301 4002 potissimum
3342 3934 3473 3988 edu-

1879 4029 2030 4074 Catus
2050 4019 2269 4087 fuisset;
2293 4023 2436 4092 quod
2464 4034 2799 4093 postremum
2825 4041 2889 4079 eo
2920 4027 3097 4080 minus
3121 4026 3471 4094 rejicicudum

1878 4120 1984 4173 est.
2012 4111 2153 4178 quod
2193 4111 2245 4165 in
2286 4111 2467 4166 Titulo
2516 4112 2727 4168 funebri
2764 4116 2887 4179 115,
2914 4118 3001 4185 qui
3042 4117 3096 4170 S.
3131 4116 3313 4171 Mariae
3338 4110 3472 4169 Tor-

1881 4200 2131 4254 nacensis
2161 4211 2264 4264 est.
2297 4201 2537 4258 Coloniae
2594 4215 2755 4259 natus
2800 4215 2854 4261 et
2904 4206 2957 4260 in
2998 4206 3171 4261 Gallia
3208 4208 3471 4262 educatus

1880 4292 2110 4346 dicatur.
2147 4294 2223 4347 Eu
2260 4295 2448 4350 illum:

1953 4384 2117 4450 Quem
2142 4390 2382 4456 genuisse
2408 4388 2650 4455 Coiouia,
2676 4389 2910 4445 Francia
2941 4390 3045 4444 vult
3076 4391 3291 4457 aluisse,

182 4490 318 4536 tom.
362 4479 412 4535 ll
463 4482 809 4537 Bibliotheca:
859 4498 1010 4538 novte
1048 4499 1184 4538 mss.
1227 4485 1451 4553 editum,
1479 4485 1615 4540 alter
1641 4487 1775 4543 Fra-
1811 4478 1854 4532 D
1951 4476 2352 4544 Gloria,Bruno
2385 4481 2565 4545 Pater.
2590 4483 2731 4552 genti
2755 4485 3045 4538 communis
3070 4486 3276 4555 utrique

182 4581 463 4641 gmentum
518 4570 767 4626 llistoriae
808 4572 1051 4627 Frauc'ze
1089 4590 1119 4627 a
1166 4582 1409 4644 tempore
1449 4576 1666 4630 Roberti
1709 4578 1776 4633 ad

183 4672 418 4717 mortem
447 4662 679 4732 Philippi
712 4662 731 4715 l
758 4662 922 4734 regis.
949 4679 978 4717 a
1008 4663 1243 4718 Cbesnio
1274 4676 1404 4719 tom.
1429 4666 1495 4720 1V
1528 4666 1773 4738 Scripto-

182 4770 301 4810 rum
325 4755 576 4810 Franciae
606 4756 891 4821 insertum.
918 4757 1262 4825 conscripsit,
1293 4757 1577 4814 Bernensis
1610 4763 1772 4815 etiam

185 4846 475 4916 apellatur.
520 4847 818 4901 Amborum
862 4848 1024 4901 verba
1072 4848 1177 4902 huc
1218 4849 1537 4903 transcribo.
1569 4850 1774 4905 Priuris

186 4944 316 4991 tom.
360 4935 565 4991 Labbei
614 4936 734 5002 cit.,
785 4936 876 4992 fol.
916 4937 1021 4992 205
1058 4938 1171 4993 haec
1212 4948 1375 4994 sunt:
1421 4957 1438 4991 t
1488 4939 1773 4995 Fulbertus

188 5028 374 5082 docuit
409 5026 824 5098 Berengarium,
850 5029 1173 5084 canonicum
1204 5031 1375 5085 sancti
1409 5030 1644 5086 Martini.
1671 5033 1770 5099 Qui

186 5118 312 5173 item
342 5119 656 5174 Brunonem
695 5118 1016 5175 Remensem
1048 5131 1103 5176 et
1138 5122 1272 5176 alios
1302 5122 1498 5177 multos
1528 5124 1771 5178 haeredes

187 5211 543 5282 philosophis
606 5213 856 5282 reliquit;
916 5232 936 5265 ι
986 5216 1308 5285 posterioris
1360 5227 1504 5271 tomo
1550 5217 1768 5272 Cltesnii

187 5301 373 5357 itidem
402 5305 526 5369 cit.,
565 5304 658 5359 fol.
688 5306 757 5360 89
795 5306 893 5362 ista
921 5324 935 5361 :
970 5325 989 5358 ι
1039 5306 1151 5363 Hoc
1195 5318 1433 5377 tempore
1462 5322 1568 5364 tam
1602 5310 1655 5363 in
1687 5311 1770 5364 di-

188 5395 331 5460 vina,
368 5412 532 5466 quam
567 5398 618 5451 in
654 5398 885 5453 humana
922 5400 1259 5471 pbiloSOphia
1298 5401 1595 5456 floruerunt
1624 5401 1770 5456 Lan-

190 5486 407 5543 fancus
468 5487 885 5545 Cantuariorum
946 5493 1265 5565 episcopus.
1332 5493 1506 5549 Guido
1557 5495 1767 5565 Lango-

191 5580 414 5645 bardos,
455 5580 809 5651 Maingaudus
850 5584 1210 5651 Teutonicos.
1242 5587 1422 5643 Bruno
1460 5587 1765 5651 Remensis.

182 5672 276 5737 qui
313 5683 504 5742 postea
535 5674 700 5730 vitam
737 5676 889 5731 duxit
916 5679 1272 5735 eremiticam.
1313 5700 1331 5734 ι
1371 5679 1451 5736 Ad
1488 5682 1601 5738 haec
1629 5682 1770 5737 inter

186 5759 445 5820 funebres
461 5762 643 5822 Sancti
664 5767 847 5825 titulos
864 5768 969 5826 duo
988 5781 1301 5837 occurrunt,
1317 5787 1549 5843 quorum
1569 5774 1763 5841 altero.

1948 4571 2179 4626 Ascensu
2213 4573 2360 4642 {acili
2387 4576 2622 4627 sociatur
2647 4575 2715 4628 ad
2750 4577 2961 4646 agmina
2986 4576 3120 4630 catli.

1946 4662 2035 4716 ιδ.
2062 4664 2236 4732 Atque
2260 4664 2353 4725 ita,
2374 4665 2626 4720 erunibus
2650 4665 2752 4721 rite
2771 4668 3045 4737 expensis,
3075 4669 3133 4724 S.
3160 4669 3467 4726 Brunonem

1876 4754 2112 4809 Colonia:
2156 4755 2465 4826 Agrippina:
2499 4769 2682 4812 natum
2721 4774 2840 4814 esse
2862 4800 2877 4823 ,
2908 4769 3060 4814 extra
3090 4776 3303 4816 onlnem
3340 4777 3468 4818 con-

1880 4846 2199 4899 troversiatn
2229 4846 2498 4913 arbitror;
2530 4864 2713 4903 verum
2764 4850 2988 4904 tnultum
3017 4851 3170 4906 abest
3212 4864 3269 4907 ut
3295 4868 3469 4909 anuus

1874 4937 1991 5003 citis
2030 4939 2222 4993 natalis
2264 4950 2372 4993 tam
2404 4950 2555 4995 certo
2584 4941 2797 4997 deliniri
2832 4954 3015 5013 queat.
3062 4943 3215 4998 lluuc
3252 4945 3467 5002 interitu

1875 5039 1996 5097 post
2042 5044 2244 5082 annum
2292 5029 2492 5084 Christi
2540 5030 2677 5085 1050
2730 5032 2985 5088 Baillctus
3032 5033 3098 5088 ad
3146 5033 3468 5090 (iOCIObris

1874 5120 1975 5174 col.
2020 5120 2089 5175 85
2132 5120 2389 5189 collocat;
2422 5134 2507 5177 ast
2553 5126 2803 5179 eumdem
2845 5126 3029 5180 decem
3070 5136 3151 5193 ut
3176 5127 3464 5181 minitnum

1874 5214 2033 5267 annis
2061 5216 2463 5278 maturandum,
2487 5216 2739 5272 Historia:
2763 5217 3038 5273 litterariae
3053 5219 3296 5274 Francia:
3319 5220 3468 5273 Scri-

1878 5317 2062 5373 ptores
2094 5316 2225 5361 tom.
2274 5306 2362 5371 IX,
2390 5324 2511 5379 pag.
2534 5309 2659 5373 2'55,
2696 5310 2895 5381 aliique
2922 5312 3102 5381 plures
3135 5311 3463 5375 observant;

1874 5407 1929 5451 et
1979 5406 2125 5454 recte
2170 5399 2412 5467 quidem,
2462 5410 2519 5453 ut
2560 5402 2705 5465 vitae.
2750 5418 2778 5455 a
2816 5402 3018 5457 Sancto
3058 5402 3255 5466 duc-tte,
3292 5403 3467 5460 series

1872 5491 2131 5545 ostendit.
2191 5490 2404 5545 Etenim
2458 5494 2516 5546 ὃ.
2573 5493 2785 5560 Bruno,
2838 5494 2914 5548 uti
2968 5493 3102 5548 infra
3154 5494 3465 5561 ostendam,

1870 5583 2162 5638 occasione
2227 5582 2548 5649 turbarum,
2599 5600 2738 5655 quas
2802 5585 2853 5638 iu
2912 5583 3150 5638 Ecclesia
3205 5583 3463 5640 Remensi

1872 5676 2149 5732 Manasses
2184 5674 2624 5748 archiepiscopus
2659 5677 2955 5741 excitarat,
2998 5690 3141 5731 anno
3193 5676 3330 5732 1076
3371 5684 3466 5731 aut

1881 5770 2128 5839 sequenti
2174 5768 2520 5837 scholarum,
2577 5785 2734 5840 quam
2783 5769 2834 5826 in
2887 5769 2987 5826 bac
3022 5769 3279 5841 gerebat,
3328 5782 3466 5838 pra:-
