3862 6310
548 293 608 348 δι
1355 284 1411 338 s.
1456 279 1802 338 annuens
1840 267 2484 335 CARTIIUSIANORL'M
2513 265 3000 325 lNSTlTUTOltlS
3705 274 3760 329 δέ

546 403 812 459 fecturam
861 399 1100 465 dimisit;
1152 398 1294 469 quod
1353 399 1612 468 proinde,
1668 398 1712 453 si
1763 405 1884 468 post
1929 398 2128 450 annum

543 499 763 553 demum
813 495 974 558 1050,
1029 501 1088 548 ut
1135 491 1394 549 Bailletus
1447 493 1584 552 vuit.
1635 502 1793 546 natus
1835 489 1935 555 sit,
1983 504 2127 543 anno

544 589 723 644 :etatis
751 603 862 642 sure
889 586 1152 658 vigesimo
1173 588 1364 656 qttinto
1390 594 1484 640 aut
1511 596 1659 642 certe
1689 584 1947 656 vigesimo
1973 589 2126 637 sexto

546 681 754 736 f.-cerit.
783 679 963 747 Quare
985 721 998 742 ,
1031 695 1155 735 cum
1188 679 1378 745 simul,
1407 687 1697 748 antequam
1745 677 1846 732 hoc
1891 674 2122 736 faceret,

546 770 730 827 multis
765 768 882 840 jam
930 771 1120 838 annis,
1165 787 1230 827 ac
1275 771 1432 842 proin
1475 770 1756 828 duodecim
1799 767 1988 823 saltem
2034 777 2126 821 aut

544 863 887 934 quindecim.
919 863 1134 920 scholas
1174 864 1473 921 Remenses
1506 864 1758 924 rexisset,
1791 872 2127 929 censequens

545 956 667 1017 erit,
687 963 743 1010 ut
762 955 1235 1012 celeberrimarum
1259 958 1448 1012 harum
1473 955 1774 1011 scholarum
1794 951 2127 1021 prmfccturie

539 1047 650 1118 jam
692 1047 815 1102 inde
866 1047 933 1104 ab
970 1064 1115 1105 anno
1161 1051 1336 1106 relatis
1377 1063 1487 1105 sua:
1530 1045 1874 1110 duodecimo,
1927 1053 2021 1100 aut
2059 1044 2126 1098 ad

543 1156 814 1196 sununum
855 1143 1046 1212 quinto
1085 1145 1325 1211 decimo,
1355 1143 1492 1214 quod
1532 1156 1691 1196 nemo
1740 1155 1885 1196 same
1930 1139 2127 1194 mentis

542 1235 826 1300 admittet,
866 1235 1027 1290 fuerit
1079 1239 1348 1292 admotus.
1387 1234 1694 1288 Brunoucm
1727 1240 1906 1285 autem
1944 1229 2128 1284 multis

543 1330 702 1384 armis
716 1330 1020 1386 scholarum
1037 1329 1379 1384 Remensiunt
1396 1326 1798 1397 priefccturam,
1810 1323 2125 1393 priusquam

543 1411 687 1468 hanc
713 1414 1007 1477 abdicaret,
1033 1413 1286 1484 gessisse,
1310 1426 1377 1466 ex
1403 1412 1491 1476 iis,
1515 1426 1634 1480 quae
1653 1409 1932 1464 Marlottus
1957 1407 2128 1463 [listo-

543 1506 640 1561 ria:
685 1507 998 1578 metropolis
1041 1506 1325 1561 liemeusis
1365 1503 1460 1560 lib.
1500 1520 1540 1566 ι,
1573 1518 1624 1574 p.
1671 1502 1772 1557 115
1807 1501 2012 1562 scribit.
2047 1500 2123 1556 si-

547 1597 768 1669 mulque
796 1613 862 1652 ex
891 1598 976 1663 iis,
1004 1613 1123 1666 qua:
1153 1597 1218 1652 de
1245 1611 1410 1659 anno,
1453 1611 1561 1666 quo
1587 1595 1817 1649 Sanctus
1846 1592 2127 1663 praefectu-

545 1705 661 1742 ram
696 1689 840 1744 illam
874 1689 1105 1756 dimisit,
1141 1687 1254 1758 jam
1291 1688 1434 1742 dicta
1477 1697 1633 1752 sunt,
1667 1686 1900 1742 dilucide
1932 1701 2125 1742 conse-

539 1782 753 1852 quitur:
776 1781 1086 1838 Brunoucm
1105 1781 1251 1836 enim
1274 1781 1581 1836 scholarum
1603 1780 1948 1834 ltemensium
1967 1789 2126 1846 caput

536 1885 635 1925 seu
688 1879 957 1928 rectorem
999 1870 1110 1940 jam
1157 1871 1280 1926 inde
1316 1873 1383 1926 ah
1421 1886 1562 1927 anno
1596 1870 1734 1926 i056
1774 1871 2124 1927 constitutum

536 1975 570 2014 a
600 1960 863 2016 Cervasio
894 1962 1306 2032 archiepiscopo
1337 1962 1524 2027 fuisse,
1561 1962 1680 2018 loco
1706 1965 1799 2018 cit.
1830 1964 1874 2018 is
1895 1963 2127 2032 scriptor

537 2052 724 2111 tradit.
759 2067 856 2106 nec
895 2052 1120 2106 multum
1152 2069 1180 2107 a
1221 2069 1349 2109 vero
1393 2070 1514 2110 eum
1558 2057 1845 2119 aberrare,
1879 2071 1944 2111 es
1985 2055 2126 2110 infra

537 2140 783 2194 dicendis
813 2141 879 2197 de
914 2151 1188 2212 tempore,
1213 2159 1320 2214 quo
1356 2144 1538 2200 Bruno
1569 2144 1756 2200 Remis
1794 2146 1992 2200 docere
2018 2147 2126 2217 pri-

542 2246 688 2285 mum
717 2231 1004 2310 inceperit,
1036 2234 1267 2293 dilucide
1306 2247 1567 2307 patescet.
1608 2237 1866 2294 Sanctum
1908 2239 2124 2300 interim

543 2320 908 2381 Bonnensibus
939 2327 1139 2384 scholis
1169 2329 1260 2383 diu
1298 2329 1601 2401 praefuisse,
1632 2331 1848 2386 aliunde
1880 2332 1933 2387 in
1971 2343 2126 2387 ante-

542 2422 756 2465 cessum
784 2427 928 2467 nunc
951 2413 1142 2482 probo.
1168 2416 1346 2485 Atque
1369 2417 1435 2470 ad
1461 2419 1563 2472 hoc
1585 2419 1801 2488 quidem
1823 2429 2125 2488 opportune

541 2499 632 2554 hic
655 2504 947 2566 succurrit,
969 2505 1059 2573 qui
1086 2521 1117 2561 e
1146 2505 1460 2563 funebribus
1484 2507 1668 2563 Sancti
1696 2507 1889 2563 Titulis
1911 2516 2118 2578 septua-

541 2591 784 2662 gesimus
814 2595 1005 2650 tertius
1033 2605 1116 2651 est
1155 2613 1315 2667 supra
1347 2599 1720 2655 centesimum.
1758 2600 1814 2654 in
1850 2600 1952 2655 hoc
1980 2599 2126 2655 enim

539 2677 826 2738 Nolienses
846 2686 1159 2740 monasterii
1178 2685 1236 2740 S.
1259 2685 1520 2742 Vincentii
1545 2688 1790 2743 canonici
1811 2688 2122 2758 Regulares,

538 2773 656 2842 qui,
693 2792 712 2825 ι
758 2775 874 2830 visa
905 2777 1185 2840 schedula,
1227 2795 1348 2850 qua:
1389 2780 1656 2837 Bruuonis
1688 2781 2126 2852 incomparabilis

537 2860 848 2933 philosophi
877 2864 1084 2919 obittmi
1127 2867 1415 2936 patefecit,
1447 2888 1462 2920 ι
1507 2870 1836 2940 ingemuere,
1864 2871 1953 2925 diu
1983 2872 2125 2926 lmuc

541 2946 889 3002 Hennensium
909 2949 1215 3006 scholarum
1239 2954 1613 3022 praefecturam
1636 2957 1890 3026 gessisse,
1908 2956 2124 3011 disertis

537 3037 717 3092 verbis
762 3027 1057 3106 allirmant,
1097 3044 1170 3098 ita
1224 3044 1544 3114 loquentes:
1581 3067 1599 3100 ε
1651 3047 1898 3104 Brimo...
1938 3063 2122 3102 veram

535 3129 821 3186 scientiam
845 3141 899 3187 et
928 3135 1269 3204 prudentiam
1303 3137 1608 3194 liberalium
1633 3141 1854 3206 artium,
1887 3157 1987 3196 nec
2017 3157 2125 3196 non

536 3230 765 3275 cmleras
789 3223 1108 3280 Cardiualcs
1135 3227 1365 3282 virtutes
1399 3229 1588 3283 halmit
1619 3239 1674 3285 et
1701 3232 1960 3295 servavit,
1993 3248 2128 3300 quas

537 3305 556 3361 i
581 3327 590 3358 ι
623 3307 762 3362 bono
785 3310 888 3364 line
909 3316 1330 3369 consummavit.
1359 3316 1566 3370 Dudum
1595 3318 1861 3387 siquidem
1890 3319 2129 3374 ecclesiae

540 3397 686 3452 sedis
731 3397 1076 3456 Remcusfum
1131 3418 1375 3466 summus
1426 3406 1776 3472 dizlascalus,
1834 3419 2019 3479 utpote
2074 3410 2126 3462 iu

542 3484 805 3552 psaiterio
831 3497 886 3540 et
915 3490 1126 3542 caeteris
1157 3490 1402 3545 scientiis
1437 3490 1914 3562 luculentissimus,
1946 3504 2000 3549 et
2032 3511 2128 3552 co-

543 3574 728 3630 lumna
767 3579 932 3634 totius
959 3581 1274 3652 metropolTs
1308 3581 1399 3638 ditt
1433 3583 1664 3640 eXstitit.

607 3664 700 3721 44.
739 3667 820 3722 Ad
847 3669 959 3726 luce
981 3669 1267 3740 Sanctum,
1295 3689 1416 3728 cum
1442 3673 1789 3732 Hennensium
1819 3677 2126 3732 scholarum

540 3760 865 3829 prefectura
900 3779 1020 3818 sese
1044 3765 1340 3834 abdicavit,
1367 3782 1471 3822 non
1497 3767 1680 3838 viginti
1707 3770 1946 3841 quinque
1973 3770 2128 3824 dum-

541 3857 694 3905 taxat
720 3858 814 3904 aut
845 3851 1037 3921 viginti
1070 3867 1166 3908 sex
1205 3868 1492 3919 annorum,
1519 3855 1684 3924 quod,
1721 3865 1780 3912 ut
1802 3855 2029 3924 dictum,
2059 3873 2125 3912 ex

543 3939 755 3995 Bailleti
779 3942 1033 4010 opinione
1063 3945 1434 4015 consequitur,
1459 3945 1552 4002 sed
1575 3947 1931 4016 provectioris
1951 3949 2126 4003 :etatis

540 4031 729 4099 fuisse,
748 4035 801 4088 in
824 4034 946 4090 Vita
971 4037 1174 4092 Urbani
1201 4037 1240 4092 ll
1267 4053 1437 4109 papaz,
1461 4038 1750 4095 lilabillonii
1775 4050 1830 4094 et
1853 4039 2125 4096 Ruinartii

542 4125 788 4195 Oper-um
811 4127 1234 4184 Posthumorum
1270 4140 1401 4186 tom.
1447 4131 1511 4186 lll
1549 4131 1773 4204 inserta,
1796 4146 1920 4203 pag.
1949 4133 1982 4186 6
2015 4140 2070 4188 et
2092 4134 2123 4187 7

539 4219 814 4288 posterior
857 4235 890 4276 e
926 4221 1068 4276 hinis
1112 4222 1262 4278 hisce
1299 4223 1658 4294 scriptoribus
1692 4223 2066 4280 efﬁcacissime
2095 4239 2127 4280 e

540 4313 711 4367 variis
741 4312 1059 4370 funebribus
1081 4314 1267 4370 Sancti
1296 4317 1466 4371 nostri
1490 4315 1682 4371 Titulis
1703 4315 1916 4388 probat.
1945 4315 2125 4374 Verba

2154 3093 2195 3148 C

2159 396 2204 453 Α
2239 407 2256 439 ι
2293 387 2421 458 Ejus
2454 387 2816 442 doctrina-tot
2844 385 3016 460 factos
3039 398 3155 440 esse
3186 383 3480 454 sapientes,
3507 396 3623 456 quot
3650 405 3768 446 incus

2234 497 2254 530 ι
2293 477 2464 533 nescit
2503 497 2521 530 ι
2557 475 2758 549 (Titqu
2789 475 2915 549 l'5l)
2949 484 3152 532 sanctae
3183 475 3366 530 Maria:
3404 474 3765 549 Spulingeuses;
3799 467 3802 470 ’

2229 579 2284 628 et
2327 571 2577 626 monachi
2638 570 2810 626 sancti
2867 568 3073 625 Nicolai
3124 568 3553 640 Andegaveusis,
3599 589 3616 622 ι
3668 571 3770 643 Ejus

2235 681 2253 714 ι
2288 664 2594 718 doctrinam
2630 671 2744 718 toto
2773 662 2980 734 fulgere
3005 663 3060 717 in
3098 661 3253 726 orbe,
3295 679 3314 713 ι
3349 661 3486 716 unde
3511 659 3617 730 eius
3645 680 3663 716 ι
3693 663 3769 720 Se-

2229 768 2428 824 quaces
2460 772 2478 805 »
2503 767 2626 808 esse
2671 762 2860 824 optant
2887 753 3089 824 (Titqu
3114 752 3204 823 78)
3229 751 3472 808 canonici
3493 752 3770 832 catheqnlis

2229 843 2474 901 ecclesiae
2503 856 2710 901 sancta:
2736 844 2928 901 Crucis
2951 844 3382 902 Aurelianensis.
3407 842 3605 900 Nimius
3625 859 3769 902 essem

2231 937 2283 992 in
2312 937 2523 993 caeteris
2555 937 2672 1009 ejus
2701 937 2892 1009 elogiis
2923 937 3295 994 recensendis.
3332 936 3403 992 At
3425 936 3659 993 omittere
3685 954 3769 994 non

2230 1026 2356 1084 licet
2381 1028 2764 1084 canonicorum
2792 1027 3204 1098 Andegavcnsis
3228 1027 3469 1084 ecclesia:
3493 1028 3772 1084 cathedralis

2229 1119 2402 1175 sancti
2425 1119 2669 1176 Mauricii
2698 1121 3092 1185 testimonium,
3117 1136 3226 1191 quo
3247 1120 3545 1174 Brunoucm
3565 1131 3772 1174 asserunt

2231 1211 2550 1282 magistrum
2583 1212 2752 1268 fuisse
2783 1228 2889 1268 non
2918 1227 3213 1283 puerorttm
3248 1218 3342 1266 aut
3365 1211 3617 1265 minorum
3641 1211 3768 1266 cleri-

2229 1317 2444 1371 corum,
2473 1304 2567 1360 sed
2596 1304 2836 1360 virorum
2860 1304 3106 1376 gravium
3139 1313 3196 1360 et
3223 1303 3336 1374 jam
3377 1304 3666 1368 doctorum,
3699 1305 3769 1372 qui

2229 1395 2330 1450 sub
2359 1411 2424 1452 eo
2455 1396 2659 1464 divina,
2686 1397 2737 1451 id
2760 1406 2863 1459 est,
2891 1395 3242 1466 Theologiam
3273 1395 3625 1450 addiscebant.
3648 1394 3768 1462 Quod

2229 1501 2362 1542 sane
2406 1490 2604 1556 arguit,
2647 1503 2770 1543 eum
2805 1488 2920 1558 jam
2973 1499 3100 1543 tunc
3143 1498 3376 1544 matura:
3415 1487 3581 1542 aztatis
3617 1485 3769 1550 fuisse,

2230 1593 2352 1631 cum
2381 1577 2565 1632 Remis
2595 1587 2720 1632 ante
2747 1593 2902 1634 suum
2929 1593 3204 1634 secessum
3230 1578 3468 1632 doceret.
3506 1594 3524 1627 ι

2304 1668 2396 1724 45.
2439 1668 2516 1724 lta
2566 1670 2685 1736 ille,
2717 1669 2808 1740 qui
2852 1669 3048 1725 deinde
3091 1684 3122 1724 e
3155 1668 3536 1724 canonicorum
3573 1667 3771 1723 ecclesia

2159 1741 2200 1802 Β
2229 1759 2560 1816 cathedralis
2608 1760 3015 1830 Audcgaveusis
3060 1759 3282 1825 Titulo,
3329 1761 3420 1830 qui
3471 1760 3604 1814 inter
3645 1774 3766 1813 recu-

2236 1850 2440 1906 deudos
2473 1851 2651 1908 locum
2693 1852 2796 1907 l66
2836 1861 3011 1920 tenet,
3047 1852 3300 1908 versibus
3337 1851 3563 1922 aliquot,
3597 1849 3674 1920 qui
3709 1850 3770 1902 sic

2229 1941 2458 1997 habent:
3338 1927 3348 1936 ’

2299 2033 2434 2106 Ejus
2461 2046 2512 2091 et
2537 2037 2730 2092 eximia
2759 2035 3051 2091 celebratur
3082 2036 3275 2106 ubique
3301 2035 3499 2104 sophia.

2300 2124 2598 2199 I’lusquam
2622 2127 2861 2183 Maronis
2890 2128 3144 2182 laudatur
3171 2128 3355 2199 lingua
3378 2125 3636 2188 Brunonis,

2305 2216 2487 2274 Gloria
2515 2218 2756 2275 Platonis
2788 2220 2983 2276 vilescit
3007 2220 3165 2274 laude
3180 2219 3465 2274 Brunonis.
3655 2207 3658 2211 ’

2302 2310 2404 2366 llic
2437 2311 2762 2383 pra'rellebat
2789 2313 3110 2376 doctoribus,
3136 2313 3222 2366 hic
3249 2311 3468 2381 feriebat

2300 2401 2544 2456 Summas
2573 2403 2833 2470 doctores,
2865 2418 2966 2456 non
2999 2403 3321 2457 instituendo
3362 2403 3594 2455 minores.

2305 2492 2502 2546 Doctor
2526 2493 2800 2547 doctorum
2830 2494 2931 2564 fuit
2970 2494 3089 2558 hic,
3125 2511 3229 2547 non
3256 2493 3621 2548 clericulorum.

2303 2584 2444 2638 Nam
2487 2602 2579 2640 nec
2603 2588 2900 2641 honestates
2934 2587 3231 2652 verborum,
3265 2603 3356 2641 nec
3385 2586 3642 2656 gravitates

2299 2678 2532 2748 Sumpsi!
2566 2678 2831 2734 Brunonis
2861 2681 2963 2733 nisi
3004 2677 3095 2732 Vir
3120 2695 3327 2752 magna:
3363 2679 3587 2732 rationis.

2302 2772 2540 2826 Nunriat
2574 2773 2834 2843 egregiam
2871 2771 3060 2826 Divina
3090 2773 3326 2827 docendo
3351 2771 3597 2841 sapliiam,

2231 2865 2422 2919 lectori
2446 2863 2726 2927 exhibitis,
2757 2863 2829 2917 ita
2855 2879 2979 2917 mox
3010 2873 3130 2934 post
3153 2879 3348 2934 pauca,
3373 2876 3488 2932 qua:
3511 2863 3604 2915 huc
3627 2847 3769 2910 minus

2229 2956 2457 3022 faciunt,
2487 2955 2863 3025 prosequitur:
2889 2974 2906 3006 ι
2926 2955 3045 3011 Jatn
3070 2971 3200 3009 vero
3227 2957 3348 3026 quis
3367 2953 3570 3012 dixerit.
3600 2959 3766 3002 lautum

2230 3047 2441 3109 virum,
2487 3061 2648 3115 quem
2699 3029 2888 3103 omnes
2936 3045 3106 3102 ferme
3143 3045 3472 3108 Galliarum,
3519 3039 3693 3112 Anglia:
3726 3043 3768 3086 et

2233 3137 2394 3191 ltaiim
2415 3137 2658 3192 ecclesia:
2683 3137 2845 3192 veluti
2871 3137 3290 3192 celeberrimum
3323 3133 3646 3190 scientiarum
3675 3143 3764 3179 nia-

2231 3230 2458 3304 gistrum
2490 3230 2742 3300 certatim
2779 3229 3256 3294 commendarunt,
3301 3229 3396 3282 has
3437 3225 3606 3280 laudes
3631 3232 3767 3273 annos

2230 3320 2420 3389 viginti
2450 3329 2541 3373 aut
2565 3319 2724 3389 paulo
2755 3320 2875 3390 plus
2897 3329 2990 3374 aut
3015 3321 3192 3376 minus
3215 3331 3398 3375 natum
3424 3307 3767 3389 promeruisse?

2231 3410 2383 3478 Quis,
2419 3411 2658 3480 inquam.
2693 3412 2793 3467 sibi
2828 3412 2878 3466 in
2911 3413 3151 3466 animum
3184 3411 3474 3474 induxerit,
3508 3408 3776 3472 Bruuonent

2231 3509 2486 3579 ea_:etate
2514 3503 2603 3556 diu
2637 3501 2851 3557 scholas
2874 3503 3009 3558 adeo
3037 3501 3284 3559 celebres
3303 3515 3423 3557 cum
3461 3507 3597 3554 tanta
3623 3490 3765 3548 erudi-

2233 3591 2393 3646 tionis
2425 3599 2480 3646 ct
2505 3591 2763 3647 doctrinae
2793 3591 2934 3646 fama
2965 3592 3208 3659 rexisse,
3240 3601 3300 3647 ut
3332 3599 3452 3662 post
3474 3583 3642 3657 viginli
3666 3579 3772 3650 (σῖτ’

2229 3686 2373 3740 eiter
2392 3684 2672 3756 nimirum)
2703 3684 3030 3741 secessionis
3051 3699 3225 3743 annos
3249 3697 3396 3741 mors
3417 3680 3530 3753 ejus
3554 3681 3770 3744 tauquam

2229 3777 2472 3833 omnium
2501 3776 2784 3832 doctorum
2816 3777 3062 3847 magistri
3107 3792 3140 3832 a
3177 3777 3452 3850 plerisque
3485 3771 3620 3829 orbis
3642 3764 3773 3822 Chri-

2229 3870 2391 3924 stiani
2449 3868 2698 3925 ccclesiis
2749 3867 3144 3928 celebrioribus
3181 3872 3458 3944 deplorata
3509 3861 3652 3920 fuerit
3689 3857 3710 3910 ἲ
3755 3872 3768 3904 ι

2231 3961 2507 4017 Hactenus
2545 3961 2902 4020 RuinartiuS":
2943 3973 2998 4020 et
3035 3978 3201 4030 sane,
3239 3978 3360 4020 cum
3397 3960 3615 4016 Sanctus
3641 3951 3685 4005 in
3714 3953 3776 3998 ιοι

2233 4051 2486 4106 adductis
2515 4053 2673 4110 abeo
2696 4050 2895 4109 Titulis
2926 4051 3248 4109 funebribus
3277 4061 3382 4108 tam
3418 4046 3573 4102 variis
3595 4045 3775 4103 tantil"c

2230 4142 2495 4214 profusis,
2537 4159 2706 4216 quas,
2737 4144 2888 4200 brevi
2930 4145 3104 4216 spatio
3141 4154 3408 4216 :etateque
3426 4132 3632 4211 juvenili
3660 4123 3774 4183 haud

2230 4233 2392 4292 facile
2411 4237 2714 4298 merendas,
2737 4235 3036 4292 Remenses
3055 4235 3274 4292 scholas
3294 4237 3490 4290 docens
3511 4234 3597 4282 aut
3616 4223 3772 4276 harum

2234 4327 2614 4398 praefecturam
2647 4343 2842 4400 gerens
2880 4329 3168 4392 meruerit,
3199 4326 3442 4382 laudibus
3467 4325 3685 4377 ornetur,
3705 4323 3776 4362 nr-

538 4406 657 4473 ejus
689 4407 934 4476 proinde,
984 4407 1196 4464 Titulos
1236 4407 1428 4476 simul,
1469 4424 1500 4464 e
1543 4408 1740 4478 quibus
1778 4409 1975 4480 partim
2013 4409 2129 4467 haec
2157 4431 2206 4492 ι)
2233 4429 2489 4493 gumento
2535 4419 2584 4475 id
2625 4431 2708 4475 est
2748 4435 3012 4490 perquam
3053 4420 3265 4488 valido,
3295 4418 3456 4473 fuisse
3485 4411 3651 4470 illum,
3675 4410 3774 4493 cum

540 4497 858 4567 deprompta
891 4499 1029 4566 sint,
1068 4515 1168 4556 suo
1205 4501 1434 4572 singulis
1463 4517 1690 4557 numero
1721 4501 2000 4578 apposito,
2030 4505 2122 4561 de-

541 4589 787 4658 signans,
808 4589 913 4644 huc
936 4594 1254 4650 transcribo.
1286 4594 1376 4651 Sic
1397 4595 1630 4651 habent;
1658 4613 1678 4647 ι
1708 4594 1964 4670 lluuc(S.
1990 4597 2130 4652 Bru-

542 4691 738 4733 noucm
788 4679 1059 4752 videlicet)
1115 4700 1135 4735 c
1194 4684 1477 4741 Gemmam
1528 4686 1736 4758 sophia:
1781 4707 1802 4742 ι
1858 4689 2131 4760 appellant

542 4768 762 4841 (Titulo
814 4771 915 4842 71)
983 4775 1232 4831 canonici
1292 4787 1496 4837 sancta:
1555 4777 1744 4836 Maria:
1819 4782 2128 4849 Blesensis;

547 4880 566 4911 ι
602 4861 802 4916 Lucem
843 4863 1194 4921 ecclesiarum
1239 4885 1258 4921 ι
1301 4867 1506 4940 (Titqu
1543 4871 1633 4942 82)
1675 4875 1925 4928 monachi
1959 4873 2135 4931 Bello-

541 4967 801 5008 vaccnscs
824 4956 995 5011 sancti
1019 4955 1278 5025 Luciani;
1317 4978 1336 5014 ε
1370 4960 1742 5018 C‘larissitnum
1774 4965 2067 5034 sophistam
2108 4988 2125 5018 ι

545 5043 752 5116 (Tttulo
781 5046 907 5116 107)
935 5039 1291 5110 Miciaccnses
1319 5056 1496 5109 sancti
1531 5054 1844 5120 Maximini;
1883 5076 1900 5108 ι
1940 5057 2132 5111 Docto-

549 5157 569 5190 ι
608 5154 721 5195 rem
757 5141 1040 5196 doctorum
1077 5161 1096 5194 ι
1140 5145 1351 5216 (Titulo
1382 5146 1472 5216 77)
1505 5147 1903 5212 Bernaceuses;
1951 5169 1970 5200 ι
2017 5150 2132 5204 Ma-

549 5251 568 5284 s
599 5234 892 5304 gistrorum
939 5237 1130 5303 decus,
1155 5239 1436 5310 remigium
1463 5241 1635 5295 turba:
1664 5239 1946 5296 llemeusis
1976 5262 1993 5294 ι
2018 5242 2132 5312 (Ti-

543 5328 655 5381 tulo
681 5327 804 5398 109)
841 5327 1181 5387 Parisienses
1206 5344 1411 5387 sancite
1443 5333 1623 5387 Mariae
1646 5332 1866 5402 Majoris
1891 5334 2135 5390 ecclesiae

543 5420 792 5475 Canonici
823 5437 842 5489 ',
885 5421 1030 5480 hunc
1066 5443 1084 5477 ι
1135 5425 1400 5479 Doctrina:
1439 5421 1733 5496 praebuisse
1772 5427 1968 5481 undam
2008 5445 2136 5499 gen-

550 5527 571 5559 s
604 5509 746 5562 tibus
767 5522 824 5568 et
854 5515 1040 5579 cleris,
1077 5534 1096 5568 ι
1126 5516 1276 5570 aiunt
1307 5515 1508 5585 lTitnlo
1538 5519 1594 5571 11
1616 5518 1661 5588 1)
1689 5519 1860 5574 sancti
1891 5519 2134 5576 Gervasii

545 5598 922 5670 Valesienses;
974 5629 992 5659 ι
1031 5610 1267 5665 Cunctos
1297 5625 1584 5679 superasse
1630 5619 1741 5666 toto
1773 5611 1824 5665 in
1851 5613 1983 5670 orbe
2022 5630 2136 5668 ma-

556 5711 572 5742 ι
615 5698 815 5766 gislrus
859 5722 875 5752 ι
928 5701 1125 5772 (Titulo
1164 5703 1253 5774 (ii)
1291 5705 1461 5758 sancti
1511 5702 1774 5760 Timothei
1809 5703 2129 5768 Returnscs;

2234 4483 2375 4566 hanc
2403 4525 2546 4565 anno
2572 4510 2710 4565 1076
2737 4483 2830 4564 aut
2864 4483 3004 4580 seq.,
3033 4519 3093 4565 ut
3126 4483 3358 4572 dictum,
3383 4499 3594 4562 dimisit,
3617 4483 3773 4561 νὶεἱιιιί

2233 4603 2474 4672 quinque
2495 4610 2586 4656 aut
2609 4601 2798 4672 viginti
2822 4616 2914 4657 sex
2939 4602 3100 4656 annis
3123 4601 3408 4673 majorem,
3431 4609 3490 4650 ac
3512 4586 3650 4663 proin
3673 4585 3776 4635 θυίθ

2237 4694 2492 4748 saeculum
2517 4694 2883 4759 undecimum,
2909 4693 3084 4748 media
3113 4694 3194 4748 sui
3230 4700 3384 4764 parte
3423 4686 3530 4757 jam
3549 4679 3775 4749 elapsum.

2235 4800 2327 4839 seu
2358 4794 2484 4838 ante
2517 4799 2718 4839 annum
2753 4785 2888 4839 1050
2909 4801 3030 4840 esse
3053 4794 3261 4840 natum.

2309 4878 2401 4931 46.
2451 4878 2646 4932 Verum
2702 4885 2904 4947 quanto
2941 4879 3156 4948 quidem
3189 4877 3348 4935 citius
3379 4873 3431 4930 id
3463 4853 3777 4958 evenit-123'

2238 4970 2371 5024 notti
2415 4971 2526 5039 (adi
2575 4985 2723 5024 num.
2763 4970 2856 5040 9.6)
2901 4947 2970 5025 in,
3001 4979 3251 5025 contexta
3299 4986 3328 5024 a
3372 4984 3429 5021 se
3471 4955 3638 5018 Sancti
3679 4947 3774 5040 \jiI-a

2237 5079 2356 5134 ρ-τε-
2381 5064 2416 5117 5
2439 5063 2546 5116 δυο
2571 5061 2726 5117 “fieri
2745 5078 2774 5117 c
2793 5038 3056 5117 Calabrizr
3078 5059 3455 5120 monumentis,
3479 5066 3588 5122 qua:
3603 5038 3774 5135 laudat.

2240 5155 2547 5210 testimonia
2581 5155 2826 5218 diversa,
2855 5171 2974 5224 quae
3017 5154 3074 5208 S.
3113 5153 3420 5209 Brunoucm
3459 5140 3776 5206 uenaticm'm

2240 5247 2500 5316 majorem
2521 5246 2744 5311 abiisse,
2763 5248 3015 5316 produnt.
3041 5245 3304 5308 Alterum,
3319 5238 3454 5312 quod
3479 5227 3774 5316 Epigr-annua

2240 5349 2414 5401 vocat,
2443 5339 2695 5407 quodque
2719 5337 3009 5407 spelunca;
3038 5339 3090 5392 in
3116 5353 3219 5407 qua
3245 5337 3474 5390 Sanctus
3498 5327 3544 5380 in
3562 5313 3773 5375 (JalabrIn

2239 5430 2524 5496 habitarit,
2550 5429 2710 5484 fuerit
2747 5432 3091 5502 inscriptum,
3121 5430 3328 5486 duobus
3358 5425 3561 5480 constat
3585 5410 3656 5466 Itis
3679 5413 3772 5453 νον·

2241 5525 2428 5578 Siculis
2458 5543 2469 5577 :
2499 5525 2501 5527 ’

2312 5613 2434 5668 Iam
2470 5616 2755 5686 nonaginta
2795 5615 2927 5669 duos
2952 5615 3072 5670 vita:
3099 5614 3434 5684 compleverat
3463 5610 3630 5657 annos.

2386 5707 2514 5762 Cum
2544 5709 2769 5778 Superos
2799 5710 2977 5777 [rat/ili
2999 5726 3154 5764 rorne
3183 5707 3378 5764 solutus
3401 5698 3530 5754 adit;
