3862 6310
153 389 217 447 33
1683 383 1725 436 Δ

1835 382 1883 436 1.
3328 394 3397 448 54

153 505 392 566 alterum,
421 498 568 569 quod
600 513 759 553 etus.
791 488 1191 567 antiquissimo,
1219 502 1278 549 ut
1304 492 1397 554 ait,
1439 491 1603 546 fuerit
1629 492 1723 546 de-
1757 504 1801 560 Α
1832 493 2138 562 φιίηίιειιίιιι
2190 497 2440 560 circiter,
2487 506 2547 551 ut
2593 513 2753 570 supra
2800 499 3029 566 dictum,
3077 512 3169 556 aut
3214 503 3403 559 saltem

152 603 437 664 sumptum,
486 592 556 646 de
593 590 849 645 Brunonc
898 590 975 645 sic
1025 589 1187 643 habet
1230 604 1244 641 :
1286 586 1432 641 Obiit
1477 601 1495 635 ι
1547 582 1731 639 Pridie

154 687 327 740 Nonas
368 682 613 739 octobris
658 698 802 737 anno
845 682 913 737 ab
949 681 1080 736 orbe
1131 679 1410 748 redempto
1449 675 1732 731 millesimo

152 777 439 833 centesimo
469 777 708 831 secundo
728 817 743 840 ,
783 790 970 829 mense
997 783 1220 833 octavo.
1254 770 1431 826 aetatis
1466 783 1577 823 sua:
1607 782 1732 819 viro

154 884 282 925 anno
329 867 687 940 nonagesimo
736 867 995 921 secundo.
1053 885 1072 918 ι
1121 864 1253 919 Cum
1301 875 1431 930 ergo
1479 859 1729 920 Sanctus,

153 963 222 1016 uti
262 959 399 1014 infra
450 974 554 1014 suo
601 958 719 1012 loco
768 956 1119 1028 probabitur,
1157 954 1303 1008 omni
1341 951 1501 1006 dubio
1545 949 1729 1019 procul

157 1065 285 1104 anno
318 1049 452 1103 1101
485 1048 597 1102 vita
628 1047 845 1101 functus
873 1047 966 1110 sit,
996 1060 1138 1100 anno
1166 1043 1386 1098 circiter
1412 1040 1546 1095 1008
1574 1042 1731 1093 natus

159 1142 359 1197 indubie
390 1140 589 1206 fuerit,
620 1140 665 1195 si
692 1140 838 1194 binis
867 1139 971 1194 illis
1001 1137 1281 1199 adductis,
1312 1148 1539 1204 quorum
1563 1131 1731 1187 altero

159 1232 410 1295 Sanctus,
452 1246 577 1286 cum
605 1229 720 1299 jam
756 1230 1042 1301 nonaginta
1093 1228 1227 1282 duos
1271 1226 1392 1279 vita:
1430 1237 1598 1278 annos
1632 1222 1730 1275 im«

162 1324 368 1393 plesset,
421 1321 614 1385 altero,
664 1336 788 1376 cum
832 1320 944 1390 jam
987 1317 1391 1389 nonagesimum
1436 1311 1729 1368 secundum

162 1415 272 1468 \iL’E
315 1428 519 1467 annum
571 1420 788 1482 ageret,
838 1411 1035 1466 obiisse
1094 1409 1352 1470 traditur,
1412 1401 1730 1461 testimoniis

161 1506 220 1559 sit
247 1504 517 1558 standum.
552 1501 753 1556 Verum
786 1503 898 1556 lucc
933 1517 964 1555 e
1006 1500 1241 1554 fontibus
1279 1496 1413 1552 adeo
1456 1493 1727 1564 antiquis,

163 1603 213 1647 ct
254 1592 410 1647 ﬁdem
466 1592 744 1646 indubiam
794 1600 1126 1655 mereantur,
1160 1587 1402 1657 protecta
1441 1585 1571 1639 mihi
1623 1597 1729 1637 non

161 1683 445 1737 videntur:
489 1682 617 1735 licet
667 1682 811 1736 enim
866 1681 1095 1736 alterum
1138 1695 1169 1733 e
1213 1694 1317 1733 ms.
1356 1676 1730 1746 antiquissimo

167 1772 363 1827 lauotti
388 1773 596 1827 imlicet
627 1773 1026 1843 depromptum,
1050 1779 1266 1841 quantae
1288 1778 1466 1824 tamen
1496 1768 1730 1839 antiqui-

1832 585 2136 653 duodecim,
2166 588 2272 643 imo
2288 588 2399 657 jam
2432 588 2554 645 inde
2575 591 2642 645 ab
2672 607 2813 647 anno
2853 592 3009 659 1056,
3039 596 3083 649 si
3124 594 3405 652 Marlottus

1831 676 1950 733 loco
1975 692 2136 746 supra
2182 679 2274 736 cit.
2315 690 2464 737 recte
2500 690 2674 747 notet,
2701 685 2979 756 gessisset,
3014 702 3269 759 eamque,
3299 704 3349 758 qi
3374 704 3404 744 a

1833 777 1962 823 tunc
1994 769 2330 837 inclaruisse,
2374 788 2403 825 a
2437 771 2556 828 Cui!
2580 783 2699 829 etto
2738 777 2802 830 de
2832 774 3146 848 Novigento,
3184 791 3404 835 auctore

1832 872 2014 913 corcvo
2052 859 2190 913 infra
2234 863 2529 930 sa‘pissime
2560 863 2859 932 laudando,
2889 866 3089 922 diserte
3124 870 3405 930 asseritur.

1832 948 2109 1017 variisque
2126 949 2178 1004 in
2203 949 2396 1005 Titulis
2422 952 2733 1009 funebribus
2758 971 2918 1025 supra
2941 958 3119 1011 citatis
3140 958 3328 1013 innuit'
3357 977 3405 1027 r,

1832 1037 2068 1091 nominis
2118 1038 2487 1095 celebritatem
2536 1042 2646 1112 jam
2710 1046 3107 1116 acquisivisset.
3162 1050 3228 1104 Et
3277 1066 3409 1105 sane

1832 1124 2114 1190 Sanctum,
2129 1143 2250 1182 cum
2265 1128 2563 1186 Carthusiae
2584 1147 2823 1188 eremum
2847 1137 3044 1206 estingt
3059 1152 3091 1193 e
3111 1154 3234 1198 .sus.
3256 1139 3386 1209 quin

1831 1217 2220 1287 quagenaaium
2264 1218 2482 1274 circiter
2516 1232 2608 1276 aut
2644 1238 2710 1279 eo
2751 1226 2913 1281 etiam
2948 1229 3108 1298 paulo
3146 1228 3406 1299 majorem

1830 1306 2028 1371 fuisse,
2065 1322 2129 1362 ac
2160 1309 2316 1379 proin
2351 1318 2591 1382 tempore
2609 1313 2721 1382 jam
2750 1318 3025 1389 assignato
3054 1331 3235 1375 ratum
3265 1334 3407 1383 esse,

1830 1408 2123 1469 utcumque
2148 1400 2312 1455 etiam
2345 1402 2536 1457 suadet
2572 1406 2783 1468 modus,
2814 1424 2917 1473 quo
2939 1411 3006 1465 de
3031 1427 3115 1475 eo,
3147 1412 3310 1466 veluti
3342 1412 3409 1464 de

1831 1492 1952 1547 viro
2007 1491 2162 1563 longe
2220 1494 2562 1562 gravissimo,
2618 1499 2900 1566 ac'atisque
2949 1501 3108 1572 plane
3156 1511 3409 1568 maturo,

1832 1596 2014 1636 sermo
2062 1581 2119 1634 fit
2167 1590 2275 1635 tum
2330 1582 2382 1635 in
2429 1583 2591 1638 variis
2635 1583 2829 1642 Titulis
2881 1587 3198 1645 funcbritus
3245 1604 3406 1657 supra

1832 1671 2083 1735 laudatis,
2125 1681 2237 1727 tum
2279 1673 2331 1726 in
2371 1673 2479 1728 vita
2519 1673 2575 1729 S.
2625 1674 2894 1746 llugonis,
2931 1678 3407 1751 Cratianopolitani

1833 1762 2094 1833 episcopi,
2137 1763 2276 1834 apud
2322 1779 2421 1817 nos
2471 1773 2578 1818 tom
2624 1765 2641 1818 l
2687 1766 2884 1834 Aprilis
2922 1768 3158 1838 inscua,
3205 1771 3255 1824 in
3305 1782 3408 1839 qua

169 1864 283 1917 tatis
316 1863 419 1918 hoc
458 1861 641 1924 fuerit,
675 1878 784 1918 non
824 1862 1087 1932 adjungit,
1124 1860 1481 1929 dubitareque
1510 1858 1734 1929 proinde
1767 1843 1810 1897 Β
1837 1864 2029 1909 auctor
2058 1856 2398 1926 synehronus
2425 1855 2617 1928 Guigo,
2644 1858 3169 1926 quintusCarthusia:
3193 1859 3411 1930 M:-juris

170 1953 303 2018 sinit,
343 1968 411 2007 an
449 1952 649 2009 stcculo
678 1962 875 2022 quarto
916 1953 1168 2017 decimo,
1208 1960 1301 2005 aut
1341 1952 1505 2006 etiam
1547 1950 1735 2020 quinto

167 2045 358 2101 decimo
380 2043 655 2099 exstiterit
675 2043 985 2112 antiquius;
1012 2043 1155 2113 quod
1178 2052 1467 2112 utrumque
1491 2055 1521 2095 a
1549 2040 1734 2095 Sancti

169 2136 316 2189 nostri
348 2143 510 2191 :ctate
555 2145 640 2189 est
685 2136 974 2200 remotius,
1004 2151 1166 2205 quam
1210 2144 1267 2188 ut
1305 2134 1525 2205 scriptis
1567 2134 1635 2188 de
1669 2146 1734 2188 eo

175 2235 285 2279 tunc
310 2223 571 2279 confectis
594 2240 691 2279 sua
727 2218 889 2294 queat
914 2235 1062 2279 certa
1089 2235 1339 2280 constare
1365 2224 1517 2279 fides.

232 2314 310 2367 17.
347 2314 415 2369 Et
443 2329 576 2369 vero
608 2314 834 2383 ipsemet
866 2314 1080 2370 Zanotti
1105 2330 1207 2369 ms.
1239 2314 1395 2381 illud,
1423 2324 1483 2369 ιιι
1506 2322 1562 2369 ιιι
1587 2314 1726 2369 anti-

170 2404 490 2473 quissimum,
523 2407 703 2475 magni
734 2414 827 2459 aut
864 2404 1033 2461 fecit:
1070 2407 1171 2461 etsi
1203 2406 1351 2461 enim
1395 2407 1590 2470 etiam,
1624 2419 1732 2475 quo

172 2495 229 2547 ab
251 2510 430 2550 errore
448 2494 711 2549 chronico
732 2504 993 2564 quantum
1022 2496 1091 2550 ad
1111 2511 1310 2551 annum
1338 2494 1540 2551 Christi
1568 2495 1728 2560 1102,

170 2584 240 2636 cui
266 2582 448 2638 Sancti
480 2584 693 2639 obitum
727 2585 918 2654 illigat,
950 2585 1219 2640 habeatur
1244 2585 1500 2650 immune,
1528 2584 1730 2640 Christi

177 2690 323 2731 annos
353 2676 409 2730 in
440 2676 536 2731 illo
570 2677 640 2731 ab
675 2676 1053 2733 lncarnatione
1073 2719 1087 2744 ,
1120 2687 1281 2748 prout
1316 2679 1434 2733 haec
1464 2677 1729 2732 Nativita-

169 2775 254 2821 tem
283 2767 563 2836 prtecessit
585 2807 601 2832 ,
638 2769 913 2822 nmnerari
958 2768 1206 2834 afﬁrmet,
1252 2768 1495 2823 recitatis
1526 2777 1727 2834 tamen,

162 2873 263 2925 qua:
300 2858 419 2927 jam
468 2859 575 2912 huc
626 2859 977 2928 transcripsi,
1022 2860 1164 2914 binis
1214 2857 1561 2921 testimoniis,
1604 2871 1727 2911 mox

160 2949 355 3015 subdit,
400 2949 682 3019 probabile
721 2965 829 3004 non
868 2964 1028 3016 esse,
1069 2950 1330 3005 Sanctum
1369 2949 1436 3003 ad
1482 2956 1724 3015 tantam,

159 3050 343 3106 quanta
376 3039 430 3093 in
464 3040 617 3094 hisce
640 3040 926 3104 asseritnr,
949 3048 1161 3093 aetatem
1188 3039 1523 3108 pervenisse,
1553 3037 1730 3092 addit-

160 3143 249 3196 que
268 3130 460 3193 etiam,
486 3129 539 3183 id
569 3130 643 3183 ita
682 3130 884 3185 idcirco
917 3130 1017 3185 sibi
1042 3130 1230 3194 videri,
1258 3131 1536 3200 quod'non
1560 3142 1729 3197 appa-

159 3223 385 3292 reat,qni
406 3224 451 3276 is
470 3223 523 3276 in
539 3233 699 3277 aetate
720 3234 827 3277 tam
845 3235 1094 3294 prevecta
1114 3222 1216 3293 (sic
1236 3223 1377 3276 enim
1395 3235 1537 3275 anno
1558 3219 1720 3285 1084,

158 3330 323 3382 quoex
338 3316 585 3369 dicendis
610 3316 910 3370 Carthusite
929 3330 1172 3371 eremum
1197 3314 1429 3384 primunt
1448 3313 1721 3381 ingressus

158 3417 248 3471 est,
272 3416 490 3462 sextum
514 3422 676 3478 supra
700 3408 1150 3478 septuagesimum
1181 3407 1355 3462 aetatis
1382 3421 1493 3461 sua:
1520 3420 1720 3461 annum

150 3498 249 3564 jam
277 3498 500 3568 egisset)
529 3509 806 3554 austerum
835 3501 991 3564 adeo,
1025 3499 1182 3568 quale
1210 3508 1321 3554 tum
1354 3500 1407 3553 in
1439 3498 1721 3553 (Iatthusia

157 3587 356 3657 Maiori,
399 3599 510 3642 tum
561 3590 613 3642 in
644 3589 892 3645 Calabria
924 3590 1106 3655 duxit,
1139 3590 1263 3644 vitae
1294 3605 1465 3658 genus
1502 3592 1718 3654 ducere,

158 3682 361 3738 labores
398 3692 455 3736 et
498 3698 792 3746 aerumnas,
822 3684 1204 3753 itinerumque,
1237 3682 1432 3751 quibus
1459 3698 1518 3737 se
1551 3682 1720 3747 dedit,

155 3772 483 3829 incommoda
522 3772 751 3829 suﬁ‘erre
779 3776 1060 3843 potuisset.
1102 3774 1178 3829 lta
1211 3773 1324 3829 fere
1358 3782 1617 3843 quantum
1655 3772 1721 3828 ad

153 3864 500 3919 substantiam
533 3865 773 3930 Zanotti,
804 3874 859 3919 et
892 3874 1038 3919 recte
1075 3879 1224 3918 sane.
1259 3865 1437 3934 Atque
1466 3863 1591 3919 hinc
1616 3872 1721 3929 est,

152 3969 243 4006 cur
275 3963 332 4008 et
356 3969 544 4008 eorum
564 3994 578 4019 ,
617 3956 709 4023 qui
752 3955 1013 4010 Sanctum
1044 3970 1187 4009 anno
1217 3954 1355 4008 1020
1388 3963 1570 4008 natum
1607 3964 1721 4009 sta-

156 4052 326 4107 tuunt,
350 4044 535 4111 Opinio
563 4044 695 4098 mihi
724 4043 1043 4114 displiceat:
1071 4046 1125 4099 in
1158 4045 1262 4100 hac
1290 4045 1433 4099 enim
1462 4044 1572 4111 ille,
1600 4061 1723 4101 cum

154 4151 286 4191 anno
312 4136 450 4191 1084
482 4136 538 4191 in
566 4136 867 4192 Carthusias
895 4153 1136 4192 eremum
1169 4136 1429 4201 secessit,
1456 4153 1722 4193 annorum

153 4237 379 4295 quatuor
393 4243 556 4298 supra
580 4229 859 4299 sexaginta
882 4229 1179 4292 exstiterit;
1202 4245 1306 4301 qua
1334 4229 1540 4301 pariter
1566 4237 1726 4284 celate

156 4318 490 4388 rigidissimm
549 4319 993 4389 gravissimisque
1054 4319 1414 4375 incommodis
1476 4318 1725 4374 obnoxiae

153 4410 286 4475 vitm,
316 4426 479 4481 quam
512 4420 639 4465 tunc
665 4410 892 4481 primum
924 4411 1086 4465 fuerit
1117 4411 1395 4482 amplexus
1418 4452 1433 4477 ,
1466 4409 1725 4466 ducenda:

154 4502 309 4560 fuisse
341 4518 553 4573 parem,
586 4504 764 4559 minus
783 4505 1039 4559 credibile
1064 4514 1308 4576 apparet.

211 4594 303 4649 48.
336 4594 680 4665 Quapmpter
707 4611 830 4650 cum
872 4595 1107 4652 Sanctus
1143 4597 1426 4666 equidem,
1469 4603 1528 4649 ut
1564 4610 1728 4665 supra

138 4690 446 4752 emensum,
479 4686 683 4756 major,
712 4703 875 4757 quam
914 4687 1101 4758 viginti
1144 4688 1383 4757 quinque
1413 4697 1505 4741 aut
1538 4686 1727 4757 viginti

157 4795 239 4837 se:
270 4783 454 4848 annis,
478 4797 605 4836 cum
635 4797 777 4836 anno
807 4781 938 4836 1076
971 4791 1066 4836 aut
1093 4780 1338 4851 sequenti
1380 4780 1727 4834 Remensium

156 4872 451 4927 scholarum
502 4870 823 4941 praefectura
873 4886 996 4926 sese
1043 4870 1347 4933 abdicavit,
1399 4871 1529 4923 haut
1568 4867 1729 4923 dubie

158 4962 436 5023 exstiterit,
462 4960 721 5015 nativitas
748 4960 864 5028 ejus
895 4961 1040 5015 circa
1072 4976 1271 5015 annum
1301 4958 1438 5014 1050
1452 4968 1543 5011 aut
1569 4955 1729 5026 paulo

159 5048 320 5104 serius
348 5050 497 5126 hunc
523 5064 727 5102 annum
762 5048 905 5103 inter
928 5057 983 5103 et
1010 5064 1211 5103 annum
1245 5047 1384 5102 1040
1414 5045 1727 5101 collocanda

158 5137 374 5194 videtur.
411 5140 490 5195 Ita
520 5140 687 5204 enim,
719 5155 841 5195 cum
867 5141 919 5195 in
945 5139 1250 5196 Cartusiam
1277 5138 1525 5203 secessit,
1561 5151 1729 5191 anno-

161 5239 269 5284 rum
295 5231 585 5285 dumtaxat
610 5232 997 5302 quinquaginta
1028 5232 1250 5288 circiter
1276 5231 1581 5297 exstiterit;
1620 5246 1727 5301 qua

162 5327 307 5378 aetate
338 5323 526 5393 plures
555 5323 724 5379 fuisse
756 5335 811 5379 et
837 5325 1015 5379 adhuc
1040 5325 1264 5396 reperiri
1296 5325 1473 5389 viros,
1507 5334 1727 5394 vegetos

165 5412 323 5470 adhuc
344 5431 411 5469 ac
436 5416 722 5480 robustos,
750 5416 1160 5486 durissimisqne
1189 5416 1465 5471 laboribus
1492 5414 1727 5469 ferendis

167 5499 393 5566 idoneos.
421 5506 757 5574 experientia
786 5505 1017 5561 habetur
1051 5516 1409 5576 compertum.
1449 5504 1526 5559 Ita
1563 5506 1725 5559 etiam

166 5598 347 5661 poterit
373 5598 624 5669 intelligi,
659 5598 752 5668 qui
782 5598 981 5653 factum
1014 5600 1109 5661 sit,
1138 5609 1197 5654 ut
1223 5598 1435 5662 Bruno,
1465 5613 1589 5651 cum
1622 5596 1722 5650 Re.

169 5688 412 5742 mensium
473 5687 781 5743 scholarum
841 5687 1216 5757 pra-fecturam
1262 5702 1405 5741 anno
1452 5686 1588 5740 1076
1636 5695 1729 5740 aut

173 5778 390 5842 “fluenti
432 5777 671 5843 ditnisit,
714 5777 851 5832 hanc
902 5776 1015 5847 jam
1052 5778 1276 5833 dudum.
1321 5778 1370 5832 id
1408 5784 1526 5841 est,
1568 5777 1726 5831 anuis

1834 1947 2017 2018 prior,
2051 1962 2202 2002 num.
2244 1948 2304 2002 11
2354 1949 2421 2003 de
2464 1949 2521 2003 S.
2557 1950 2839 2017 Brunone,
2870 1952 2940 2006 ad
2979 1966 3223 2007 sanctum
3268 1953 3411 2008 hunc

1835 2037 2146 2108 episcopum
2177 2038 2367 2109 paucis
2387 2038 2599 2106 diebus,
2632 2050 2924 2110 antequam
2954 2040 3298 2097 Cartlmsiam
3326 2040 3411 2094 in-

1835 2127 2170 2195 grederetur,
2197 2130 2467 2195 veniente,
2502 2130 2570 2183 ita
2595 2130 2832 2200 loquitur
2857 2149 2869 2186 :
2899 2150 2917 2184 ι
2960 2132 3128 2187 Adest
3150 2132 3411 2202 magiSter

1834 2214 2037 2280 Bruno,
2065 2217 2150 2270 vir
2178 2217 2437 2289 religione
2465 2219 2805 2290 scientiaque
2834 2219 3088 2286 famosus,
3114 2220 3411 2276 honestatis

1833 2316 1888 2361 et
1933 2307 2216 2377 gravitatis
2257 2323 2322 2364 ac
2366 2310 2530 2365 totius
2571 2312 2900 2367 maturitatis
2943 2311 3096 2381 quasi
3142 2312 3409 2380 quoddam

1834 2399 2207 2454 simulacrum.
2243 2419 2262 2452 ι

1902 2490 1993 2545 49.
2032 2491 2276 2556 Accedit,
2323 2490 2375 2546 in
2416 2491 2644 2548 diversis
2678 2493 2924 2549 ecclesiis
2953 2492 3070 2564 jam
3104 2502 3243 2558 tum,
3286 2492 3410 2548 cum

1834 2579 2069 2634 Sanctus
2111 2596 2253 2636 anno
2299 2581 2436 2637 1084
2480 2582 2533 2636 in
2582 2598 2825 2638 eremum
2869 2585 3123 2652 secessit,
3172 2585 3412 2640 celebres

1832 2667 2077 2727 floruisse
2100 2672 2263 2738 viros,
2290 2687 2427 2742 quos
2455 2673 2544 2729 hic
2564 2674 2856 2745 discipulos
2886 2674 3182 2740 habuisset,
3209 2676 3413 2746 hosque

1832 2770 1974 2815 mter
2010 2760 2250 2817 Odonem
2296 2763 2362 2818 de
2402 2762 2767 2829 Castellione,
2811 2765 2901 2835 qui
2960 2780 3104 2820 anno
3154 2765 3288 2821 1083
3344 2768 3410 2819 ad

1831 2866 2099 2904 summum
2139 2850 2509 2920 pontificatum
2543 2851 2644 2908 fuit
2673 2861 2923 2916 evectus,
2966 2868 3105 2909 nomt
3127 2870 3267 2924 nque
3310 2854 3412 2909 Ur-

1829 2940 1955 2995 bani
1999 2939 2041 2994 ll
2079 2942 2392 3010 assumpsit.
2434 2941 2543 2998 Nec
2580 2943 2670 2999 hic
2717 2944 2997 3015 praeterire
3025 2959 3241 3015 possum
3275 2946 3414 2999 anti—

1830 3045 1993 3100 quum
2024 3028 2328 3085 Carthttsia':
2360 3031 2557 3089 Montis
2576 3035 2670 3089 Dei
2701 3036 2754 3089 in
2780 3035 3028 3090 Picardia
3061 3038 3326 3102 coditetn,
3360 3039 3411 3092 in

1833 3137 1941 3191 quo
1997 3121 2055 3176 S.
2101 3122 2284 3177 Bruno
2336 3128 2784 3196 septuagenarius
2829 3129 3030 3183 obiisse
3078 3128 3308 3199 leg’tur,
3356 3136 3415 3182 ut

1831 3213 2067 3269 Jacobus
2105 3214 2409 3279 Martinius,
2448 3217 2749 3273 Carthusiae
2773 3218 2933 3288 hujus
2972 3218 3245 3284 alumnus,
3273 3220 3414 3289 apud

1830 3306 2200 3362 Morkensium
2234 3306 2287 3361 in
2315 3324 2417 3364 ms.
2450 3310 2609 3379 hujus
2640 3309 3412 3383 Chronologica-diplomat'ca

1827 3400 1893 3454 de
1924 3398 1984 3453 S.
2014 3397 2271 3452 Brunone
2301 3397 2565 3466 Diatriba,
2597 3399 2623 3472 §
2654 3402 2673 3454 1
2711 3410 2966 3469 testatur;
3000 3404 3043 3458 si
3074 3404 3216 3457 enim
3246 3402 3414 3457 codex

1824 3490 1914 3545 ille
1957 3498 2105 3546 recte
2138 3499 2320 3557 notet,
2359 3492 2591 3549 Sanctus
2631 3496 2847 3565 utique,
2875 3506 3064 3567 utpote
3096 3510 3238 3552 anno
3276 3498 3405 3551 1101

1822 3583 1931 3638 vita
1958 3583 2198 3650 functus,
2231 3599 2376 3641 anno
2404 3586 2623 3642 circiter
2652 3587 2789 3644 1050
2812 3597 2975 3646 natus
3004 3588 3186 3647 fuerit.
3212 3590 3412 3646 Verum

1834 3686 1959 3727 cum
1994 3674 2059 3729 de
2095 3674 2296 3730 codicis
2322 3674 2462 3731 illius
2487 3685 2647 3732 mtate
2675 3679 2808 3734 nihil
2839 3681 2918 3734 ιρι
2952 3696 2981 3735 a
3018 3681 3295 3743 Martinio,
3329 3683 3413 3735 vel

1825 3779 1855 3819 a
1882 3763 2190 3821 Morkensio
2217 3767 2457 3822 additum
2500 3769 2768 3826 inveniam
2794 3815 2808 3841 ,
2842 3788 2956 3829 rem
2988 3774 3093 3830 alio
3123 3775 3297 3831 adhuc
3328 3791 3417 3830 ar-

1825 3862 2101 3926 gumento,
2140 3857 2284 3925 quod
2320 3858 2452 3913 mihi
2481 3861 2718 3915 omnium
2752 3864 3143 3920 validissimum
3170 3876 3412 3936 apparet,

1820 3948 2031 4019 juvcrit
2082 3951 2349 4008 firmasse.
2400 3951 2630 4009 Sanctus
2680 3957 3092 4023 verosim’liter,
3143 3960 3219 4014 uti
3274 3960 3413 4013 infra

1825 4043 2088 4115 probabo,
2117 4057 2244 4101 ante
2264 4062 2462 4102 annum
2490 4048 2626 4103 1050
2650 4048 2977 4120 Berengario
2998 4052 3052 4107 in
3078 4051 3413 4123 philos0pbia

1832 4138 2092 4205 magistro
2127 4154 2259 4194 usus
2296 4148 2411 4205 est;
2464 4154 2635 4208 quare
2672 4157 2794 4196 cum
2836 4144 2979 4198 hanc
3012 4144 3416 4201 verosimillime

1826 4241 1935 4281 non
1960 4229 2110 4297 prius
2134 4232 2432 4303 exceperit,
2452 4248 2613 4303 quam
2638 4249 2759 4288 cum
2785 4236 3169 4304 septemdecim
3200 4238 3369 4293 circitt
3390 4254 3413 4292 r

1829 4333 2093 4374 annorum
2138 4333 2304 4389 esset,
2348 4324 2511 4394 hique
2550 4324 2618 4380 ab
2661 4340 2802 4379 anno
2848 4326 2985 4382 1050
3023 4329 3211 4383 ordine
3242 4339 3409 4383 retro-

1830 4412 1999 4482 grado
2031 4416 2326 4483 computati
2358 4416 2631 4471 deducant
2658 4416 2723 4471 ad
2756 4432 2955 4471 annum
2996 4418 3217 4473 circiter
3250 4419 3409 4484 1050,

1758 4519 1806 4578 ι)
1836 4503 2093 4557 Sanctum
2125 4502 2268 4558 circa
2298 4505 2441 4560 hunc
2471 4505 2644 4574 ipsum
2676 4520 2877 4559 annum
2905 4516 3087 4559 natum
3113 4522 3251 4571 esse,
3284 4524 3411 4565 con-

1834 4591 2098 4661 sequitur.
2115 4590 2292 4661 Atque
2313 4593 2437 4648 hinc
2463 4594 2717 4663 precipue
2739 4594 3003 4666 simulque
3024 4611 3089 4651 ex
3112 4597 3230 4652 aliis
3248 4614 3410 4670 supra

1832 4682 1885 4736 in
1920 4682 2155 4737 medium
2189 4682 2436 4740 adductis
2470 4685 2968 4755 probabilissimum
3000 4704 3130 4746 sane
3166 4704 3410 4761 apparet,

1833 4772 2091 4826 Sanctum
2130 4787 2277 4827 anno
2322 4771 2543 4830 circiter
2570 4774 2710 4831 1030
2740 4786 2832 4832 aut
2864 4778 3024 4848 paulo
3062 4780 3236 4837 serius
3266 4783 3410 4838 hunc

1833 4876 2031 4915 annum
2069 4861 2211 4917 inter
2234 4871 2288 4917 et
2317 4877 2516 4918 annum
2548 4866 2686 4920 1040
2711 4874 2897 4923 natum
2936 4885 3083 4937 esse;
3112 4874 3254 4942 quod
3285 4890 3407 4929 cum

1831 4952 2157 5010 suﬂicienter
2204 4955 2365 5011 modo
2406 4957 2692 5027 probatum
2743 4970 2959 5030 putem,
3012 4965 3079 5019 ad
3128 4966 3232 5020 alia
3282 4981 3408 5035 pro-

1830 5045 2064 5115 gredior.

1831 5134 1858 5205 §
1892 5135 1976 5189 ιιι.
2012 5136 2197 5202 Qualis
2228 5136 2457 5194 Sanctus
2485 5141 2538 5194 in
2578 5143 2801 5212 pueritia
2839 5144 3031 5213 fuerit,
3060 5150 3409 5206 canonicusne

1898 5224 1960 5281 S.
1984 5223 2274 5293 Cunibetti,
2296 5240 2344 5283 et
2360 5246 2461 5301 qua
2478 5241 2631 5285 (etate
2652 5243 2806 5296 esset,
2821 5250 2936 5288 cum
2954 5234 3154 5292 litteras
3173 5238 3408 5294 discendi

1901 5334 2063 5372 causa
2104 5316 2306 5374 Gallias
2342 5322 2493 5387 adiit,
2523 5333 2570 5376 et
2597 5340 2665 5377 an
2689 5325 2760 5378 ibi
2791 5325 3163 5397 Bercngarium
3191 5331 3243 5383 in
3285 5332 3404 5400 phi-

1899 5408 2135 5477 losophia
2158 5409 2466 5480 magistrum
2496 5412 2756 5469 habuerit.

1899 5497 2301 5555 Blontenvenna
2352 5501 2404 5555 in
2446 5512 2696 5559 contexta
2736 5520 2765 5558 a
2807 5521 2866 5560 se
2905 5504 3023 5560 "ita
3072 5509 3135 5564 de
3180 5509 3401 5582 Sancto,

1828 5590 2005 5644 adhuc
2050 5605 2248 5660 puero,
2295 5592 2367 5646 ita
2414 5592 2700 5663 loquitur:
2755 5614 2772 5647 ι
2828 5594 2997 5663 llujus
3045 5614 3075 5653 a
3124 5604 3408 5661 cunabulis

1830 5691 2005 5736 mater
2048 5683 2312 5752 sapientia
2369 5684 2607 5742 lactabat
2655 5688 2967 5755 infantiatn,
3010 5702 3063 5746 et
3104 5710 3316 5765 semper
3351 5699 3404 5752 in

1829 5778 2071 5844 profectu
2113 5782 2288 5837 aetatis
2335 5784 2595 5853 prolicere
2643 5786 2709 5841 ad
2745 5786 2969 5843 meliora
3020 5791 3253 5845 edocuit.
3308 5792 3407 5847 llic
