3862 6310
384 309 457 366 35
1187 297 1248 353 ὃ.
1289 294 1639 354 ΒῖὶῠΝΟΝίὸ
1674 292 1760 353 CA
1770 290 1994 353 RTIIUS

2099 293 2322 353 SORUM
2360 294 2845 356 INSTITUTORIS
3590 305 3667 363 36

383 427 575 488 etiam,
608 414 735 475 dum
765 432 897 489 puer
925 422 1095 481 esset,
1122 414 1256 471 nihil
1284 413 1493 485 puerile
1522 413 1691 485 gessit
1714 413 1766 468 in
1797 427 1982 484 opere,
2015 422 2058 477 Α
2088 421 2268 478 autut,
2308 414 2448 470 hunc
2492 416 2658 470 ctiam
2708 416 2893 473 Sancti
2929 418 3071 490 apud
3117 414 3388 483 Labbcum
3434 421 3680 495 elogium
3736 429 3739 431 ι

388 514 488 570 sed
528 510 686 583 quasi
720 507 914 563 futura:
948 504 1228 577 religionis
1257 505 1496 576 speciem
1524 512 1834 569 ostentans,
1864 502 1981 572 plu-

391 608 534 662 rium
579 601 968 657 monachorum
1014 598 1294 654 institutor
1333 613 1363 651 a
1402 596 1630 651 Domino
1662 594 1977 665 parabatur.

390 695 633 751 Sortitus
670 701 754 747 est
786 700 964 746 autem
1006 706 1034 742 a
1068 688 1299 743 Domino
1329 688 1566 742 animam
1607 691 1837 749 bonam,
1868 682 1985 737 lau-

392 785 633 841 dabilem
678 782 945 846 indolem,
989 780 1261 850 ingenium
1304 778 1511 840 docile,
1550 775 1866 831 memoriam
1906 783 1987 830 tc-

396 891 613 940 uacent,
631 873 962 928 voluntatem
988 869 1281 925 affectuose
1300 868 1608 922 inclinatam
1632 865 1698 918 ad
1715 864 1937 936 optima.
1960 882 1978 916 ι

399 963 605 1018 Eadem
637 963 693 1017 in
716 962 924 1017 edenda
964 960 1149 1014 Sancti
1190 957 1307 1012 Vita
1339 958 1499 1011 habet
1538 954 1758 1019 Sttrius,
1793 970 1823 1009 a
1861 955 1986 1009 Blo-

396 1069 733 1118 menvenna,
774 1068 932 1123 quem
976 1051 1063 1106 hic
1106 1058 1364 1119 quantum
1402 1049 1471 1101 ad
1509 1047 1875 1102 snbstantiam
1917 1044 1984 1099 ad

393 1145 658 1199 amussim
700 1144 996 1213 expressit,
1035 1144 1086 1196 in
1114 1140 1319 1203 verbis,
1356 1139 1553 1208 quibus
1590 1140 1760 1192 utitur
1783 1178 1798 1204 ,
1832 1137 1987 1191 dunt-

394 1245 546 1291 taxat
583 1236 850 1290 diversus.
890 1236 1064 1304 Atque
1097 1235 1210 1287 haec
1249 1231 1468 1302 quidem
1508 1231 1725 1293 omnia,
1772 1229 1985 1284 etiamsi

395 1339 653 1395 expresse
685 1323 770 1378 vel
798 1321 1079 1391 scriptoris
1115 1318 1194 1373 vel
1226 1318 1561 1373 monumenti
1599 1317 1805 1388 antiqui
1836 1318 1990 1371 testi-

407 1416 592 1473 tnonio
617 1412 928 1467 confirmari
947 1411 1085 1474 haud
1100 1418 1327 1479 queant,
1350 1408 1751 1463 verosintillima
1774 1409 1990 1463 univer-

395 1507 500 1559 sim
542 1515 845 1575 apparent;
887 1505 1029 1574 quod
1069 1516 1201 1556 vero
1254 1500 1575 1555 nominatim
1620 1500 1686 1554 ad
1727 1500 1987 1567 eximias,

398 1598 597 1667 quibus
640 1598 875 1651 Sanctus
920 1594 1097 1648 adhuc
1144 1607 1280 1661 puer
1314 1589 1603 1656 eﬂulserit,
1634 1591 1802 1646 animi
1838 1594 1991 1647 dotes

395 1690 657 1759 pertinet,
687 1686 906 1741 veritati
939 1700 1071 1740 sane
1104 1684 1154 1737 id
1185 1698 1305 1737 esse
1334 1698 1667 1748 consonum,
1701 1683 1988 1738 subsecuta

2084 506 2400 575 neutiquam
2423 507 2699 579 exprimit.

2154 599 2243 655 52.
2263 599 2490 671 Oportet
2517 618 2666 672 ergo,
2691 612 2749 657 ιιι
2771 602 3065 675 scriptores
3091 602 3187 668 illi.
3209 619 3327 674 qua:
3354 602 3474 661 loco
3494 605 3592 661 cit.
3613 608 3683 661 de

2085 709 2144 748 re
2180 692 2268 748 illa
2304 693 2504 749 litteris
2544 692 2896 763 mandarunt,
2938 696 3097 752 unice
3142 696 3425 751 hauserint
3462 706 3517 752 et
3553 712 3681 766 pro-

2086 784 2215 849 lixa,
2236 801 2397 855 quam
2423 786 2622 840 ibidem
2646 802 2745 857 pro
2767 802 2826 841 se
2848 804 2949 841 una
2975 805 3095 843 cum
3122 788 3307 843 Sancti
3328 789 3502 858 elogio
3522 788 3687 843 dum-

2086 878 2442 943 taxateitaut,
2458 895 2731 950 quamque
2754 878 3275 935 MabillonittsMusci
3297 881 3466 937 Italici
3487 881 3681 943 tomJ,

2087 978 2227 1039 part.
2263 984 2323 1035 tt,
2364 985 2486 1040 pag.
2512 970 2534 1025 l
2556 969 2613 1025 l9
2647 980 2703 1024 et
2735 987 2887 1042 seqq.
2919 972 3162 1036 exhibet,
3194 972 3457 1028 Manassis
3496 973 3687 1028 archi-

2087 1061 2326 1132 episcopi
2372 1062 2654 1118 liemensis
2684 1062 2947 1133 Epistola,
2984 1064 3050 1118 ad
3081 1064 3360 1133 llngonem
3402 1065 3684 1128 Diensem,

2090 1149 2247 1206 Sedis
2285 1150 2608 1222 Apostolicae
2658 1158 2710 1206 lu
2757 1152 2929 1208 Gallia
2973 1152 3229 1223 legatum,
3273 1157 3433 1218 data,
3473 1154 3527 1208 in
3569 1168 3685 1224 qua

2090 1242 2165 1297 ita
2189 1241 2462 1312 loquitur:
2497 1261 2515 1296 ‹
2544 1243 2726 1301 Bruno
2754 1260 2854 1298 nec
2877 1254 3060 1299 noster
3080 1244 3330 1309 clericus,
3361 1260 3461 1299 nec
3484 1257 3687 1300 noster

2087 1346 2251 1391 natus
2293 1346 2387 1390 aut
2435 1346 2653 1391 renatus
2698 1346 2804 1403 est,
2843 1337 2940 1393 sed
2981 1338 3156 1392 sancti
3200 1336 3476 1393 Cuniberti
3512 1335 3686 1393 Colo-

2091 1427 2320 1491 niensis,
2367 1428 2419 1482 in
2466 1442 2633 1499 regno
2685 1427 3107 1483 Teutonicorum
3155 1428 3341 1498 positi,
3383 1427 3689 1482 canonicus

2092 1529 2200 1575 est.
2234 1536 2252 1571 ι
2285 1520 2351 1575 Et
2373 1535 2506 1576 sane
2527 1520 2788 1585 Sanctus,
2815 1536 2976 1591 quem
3000 1537 3066 1575 ex
3091 1521 3243 1577 hisce
3272 1520 3538 1575 Manassis
3558 1533 3689 1573 ver-

2091 1610 2176 1666 bis
2198 1611 2436 1666 Colonia:
2461 1611 2515 1666 in
2545 1611 2829 1681 collegiata
2858 1612 2916 1667 S.
2942 1612 3220 1668 Cuniberti
3252 1612 3482 1667 ecclesia
3507 1625 3687 1665 cano-

2093 1704 2275 1759 nicum
2303 1703 2490 1770 fuisse,
2517 1715 2753 1770 constat,
2780 1705 3184 1761 verosimillime
3212 1704 3400 1769 etiam,
3427 1720 3495 1759 ex
3522 1712 3689 1774 parte

395 1780 515 1850 ejus
565 1794 663 1850 per
707 1769 874 1833 totam
922 1776 1089 1830 vitam
1137 1783 1285 1845 gesta
1334 1775 1585 1831 dubitare
1629 1791 1736 1830 non
1782 1774 1987 1839 sinunt,

2099 1795 2307 1861 saltem,
2331 1796 2460 1849 etin
2485 1796 2589 1850 hac
2614 1795 2896 1859 educatus,
2920 1806 2977 1851 et
2997 1796 3191 1851 litteris
3217 1794 3381 1849 fuerit
3401 1796 3689 1859 excultus,

403 1870 817 1939 luculenterqne
843 1884 907 1922 ex
934 1867 1175 1922 dicendis
1197 1876 1453 1937 patescet.
1485 1866 1685 1923 Verum
1713 1867 1990 1922 enimvero

393 1959 604 2015 leviora
636 1961 753 2014 lucc
785 1967 941 2023 sunt;
970 1958 1217 2029 graviora
1254 1957 1446 2029 longe,
1478 1956 1990 2027 difﬁcultatibusque

389 2064 532 2118 pene
586 2048 1049 2103 iucxtrieabilibus
1104 2048 1375 2119 implicata
1433 2049 1595 2105 modo
1650 2057 1978 2117 sequuntur.

396 2140 796 2194 ltlomenvenna
837 2138 1048 2202 verbis,
1087 2139 1330 2209 proxime
1372 2152 1437 2193 ex
1474 2154 1539 2193 eo
1569 2136 1683 2207 jam
1723 2139 1988 2203 recitatis,

396 2232 516 2288 inec
545 2235 724 2287 subdit
752 2249 765 2285 :
797 2252 814 2284 ‹
851 2232 1047 2287 Verum
1070 2231 1274 2286 scholis
1305 2231 1706 2286 Parisieusibus
1733 2231 1984 2295 traditus,

400 2323 718 2377 liberalibus
746 2321 953 2376 artibus
1001 2322 1360 2387 imbuendus,
1395 2321 1534 2375 ultra
1580 2336 1790 2377 comvos
1816 2323 1989 2392 proli-

397 2413 553 2470 ciens
581 2422 634 2468 et
662 2413 801 2468 inter
830 2411 1034 2482 primos
1061 2411 1409 2483 philosophos
1437 2410 1654 2465 habitus
1682 2410 1991 2465 scholarum

401 2502 664 2573 magister
687 2510 771 2555 est
801 2499 1044 2555 effectus.
1079 2517 1097 2549 ι
1135 2497 1370 2554 Sanetus
1396 2512 1527 2566 ergo
1559 2500 1852 2552 secundum
1870 2497 1994 2552 Blo-

396 2608 791 2656 tuenvcnnam,
848 2591 933 2646 cui
982 2590 1176 2646 Snrius
1233 2591 1396 2645 etiam
1452 2598 1749 2649 consonat.
1797 2589 1993 2646 litteris

394 2683 820 2753 iiberalibusque
858 2685 1067 2737 artibus
1105 2682 1361 2750 Parisiis,
1402 2681 1752 2737 celeberrima
1788 2681 1992 2737 Gallia-

398 2791 521 2831 rum
556 2775 791 2838 civitate,
819 2773 982 2828 fuerit
1012 2772 1271 2827 imbutus.

472 2865 561 2919 51.
604 2864 686 2919 Ac
713 2862 974 2918 Sanctum
1006 2862 1224 2933 quidem
1260 2861 1456 2916 litteris
1487 2875 1708 2931 operam
1741 2860 1993 2915 daturum

395 2956 621 3011 Colonia
642 2955 932 3027 Agrippina
949 2954 1151 3011 Gallias
1163 2953 1402 3025 peiiisse,
1420 2953 1561 3024 apud
1578 2967 1765 3008 omnes
1786 2953 1840 3006 in
1869 2968 1997 3007 cono

398 3048 546 3104 fesso
567 3057 669 3113 est,
695 3063 793 3102 nec
820 3046 929 3101 ulla
955 3046 1162 3102 ratione
1186 3054 1367 3117 potest
1394 3045 1633 3100 revocari
1666 3045 1720 3098 in
1750 3044 1993 3110 dubium,

405 3149 482 3195 uti
505 3154 569 3196 ex
595 3138 837 3194 dicendis
858 3137 1086 3209 quisque
1107 3137 1266 3192 facile
1295 3136 1578 3209 intelliget.
1604 3134 1801 3192 Verum
1827 3137 1996 3207 quzcri

398 3231 491 3287 hic
531 3240 730 3300 potest,
771 3246 876 3299 qua
924 3240 1084 3285 actate
1124 3229 1327 3284 Gallias
1366 3229 1582 3292 adierit,
1626 3244 1757 3283 num
1796 3228 1999 3282 nullam

403 3331 536 3378 ante
568 3323 619 3376 in
661 3322 835 3392 patria
876 3320 1073 3374 litteris
1108 3336 1326 3392 operam
1367 3320 1614 3384 navarit,
1644 3336 1771 3373 num
1802 3320 2001 3390 praevia

402 3413 463 3470 ὃ.
494 3413 774 3469 Cuniberti
809 3411 1127 3467 canonicum
1168 3427 1275 3465 non
1314 3411 1518 3481 egerit,
1544 3418 1600 3463 ct
1625 3424 1751 3463 num
1784 3410 1999 3465 tandem

400 3521 531 3563 vere
556 3506 916 3561 Parisiensem
944 3503 1131 3559 urbem
1151 3503 1368 3574 petierit
1396 3500 1698 3571 studiisque
1725 3501 1838 3555 suis
1871 3515 2004 3555 con-

402 3598 654 3655 secrarit.
710 3598 781 3653 Et
826 3598 1004 3668 primo
1052 3597 1268 3666 quidem
1322 3596 1627 3650 Brunonem
1680 3594 1732 3649 in
1784 3587 1998 3665 patria,

409 3706 702 3762 antequam
759 3690 811 3745 itt
869 3688 1097 3746 Galliam
1152 3689 1635 3758 proficisceretur,
1692 3685 1998 3743 litterarum

410 3782 903 3852 Grammaticaaqne
947 3781 1265 3835 rudimentis
1300 3778 1466 3834 fuisse
1513 3779 1813 3844 imbutum,
1845 3792 2000 3831 vero-

401 3874 737 3929 simillimum
788 3882 1015 3942 apparet
1061 3889 1075 3926 :
1131 3886 1320 3926 verum
1372 3886 1440 3925 an
1504 3869 1787 3925 altioribus
1836 3869 1999 3923 etiam

406 3965 700 4033 scientiis?
732 3964 789 4018 ιιι
826 3978 975 4030 sane,
1014 3964 1140 4018 dttm
1178 3962 1376 4029 locum,
1406 3977 1515 4033 quo
1556 3962 1626 4017 ibi
1666 3961 1849 4016 Biuno
1887 3969 2000 4016 stu—

402 4057 603 4120 ducrit,
622 4055 917 4126 assignant,
936 4055 1164 4109 innuere
1184 4054 1435 4108 videntur
1455 4053 1706 4108 llis-toria:
1722 4052 2000 4108 litteraria:

404 4146 655 4202 Francia:
710 4147 1019 4218 Scriptores
1064 4155 1192 4201 tom.
1238 4145 1330 4210 IX,
1378 4161 1431 4215 p.
1477 4146 1603 4200 255.
1654 4144 1864 4200 Etenim
1913 4144 2002 4199 hic

408 4240 668 4294 Sanctum
698 4254 803 4293 non
840 4246 1048 4291 tantum
1089 4238 1142 4292 in
1181 4236 1460 4307 collegiata
1487 4237 1543 4290 S.
1585 4235 1865 4291 Cuniberti
1907 4250 1998 4291 ec-

410 4333 614 4398 clesia,
647 4341 698 4385 ct
731 4330 925 4386 litteris
962 4341 1069 4385 tam
1102 4330 1298 4385 divinis
1323 4346 1485 4399 quam
1521 4329 1771 4385 humanis
1799 4329 2001 4400 optime

413 4421 706 4486 imbutum,
735 4432 788 4477 et
821 4438 1010 4492 magna
1041 4437 1171 4476 cura
1200 4422 1488 4475 educatum
1519 4420 1707 4483 fuisse,

409 4530 600 4569 verum
623 4517 789 4571 etiam
813 4518 983 4571 citant
1005 4515 1059 4568 in
1084 4512 1327 4584 margine
1350 4512 1623 4567 Labbeum
1646 4510 2000 4565 Bibliotheca:

408 4606 573 4661 Novze
601 4616 733 4661 tom.
764 4608 805 4673 I,
841 4624 895 4678 p.
926 4607 1062 4674 658,
1090 4622 1185 4661 seu
1216 4605 1402 4660 Sancti
1432 4604 1602 4659 nostri
1634 4603 1903 4672 elogium,
1933 4615 2001 4655 ex

411 4697 516 4752 hoc
558 4697 760 4751 Labbei
797 4698 916 4752 loco
953 4714 1104 4750 num.
1140 4697 1170 4750 7
1206 4698 1310 4751 huc
1354 4696 1773 4765 transcriptum,
1806 4694 1857 4748 in
1895 4705 2002 4761 quo

414 4797 593 4842 tamen
642 4787 710 4842 ad
751 4802 938 4841 eorum
982 4787 1313 4858 propositum
1360 4786 1493 4841 nihil
1533 4786 1791 4849 occurrit,
1838 4799 2000 4853 quam

417 4895 440 4930 ε
486 4878 680 4933 litteris
721 4888 828 4932 tam
867 4878 1218 4933 smcularibus
1256 4894 1419 4948 quam
1457 4876 1653 4931 divinis
1693 4876 1847 4930 valde
1884 4890 2003 4929 mu-

412 4972 586 5026 nitum
611 4971 775 5025 fuisse
804 4970 1141 5036 Brunonetn;
1172 4989 1190 5023 ι
1219 4986 1340 5042 qua:
1366 4970 1522 5040 elogii
1560 4970 1745 5034 verba,
1776 4978 1833 5023 ut
1869 4983 2003 5024 con-

413 5062 675 5117 sideranti
742 5061 986 5132 patebit,
1041 5060 1387 5131 intelligenda
1440 5059 1708 5131 praecipue
1759 5067 1885 5114 sunt
1936 5058 2003 5113 de

410 5152 702 5208 altioribus
748 5152 993 5206 scientiis
1020 5149 1369 5220 Philosophia
1410 5160 1465 5205 et
1504 5147 1824 5217 Tlteologia.
1867 5163 2004 5218 quas

416 5246 655 5301 Sanctus
708 5243 1001 5315 aliquando
1046 5242 1311 5309 callucrit,
1358 5258 1598 5313 quasque
1633 5242 1845 5296 interitu
1879 5256 2001 5297 eum

411 5337 673 5400 Colonirc.
711 5348 1002 5407 antequam
1032 5336 1234 5392 Gallias
1261 5335 1462 5397 adiret,
1499 5352 1605 5391 non
1635 5335 1910 5400 didicisse,
1935 5349 2003 5388 ex

410 5440 577 5485 :etatc
619 5433 798 5487 minus
830 5439 1109 5502 provecta,
1140 5445 1244 5497 qua
1272 5439 1401 5485 tunc
1428 5429 1612 5496 fuisse,
1643 5429 1779 5484 infra
1807 5429 2004 5500 proba-

411 5522 581 5587 bitur,
621 5533 829 5579 certum
867 5531 1111 5594 apparet.
1143 5521 1297 5589 Quod
1343 5531 1525 5576 autem
1557 5524 1624 5576 ad
1660 5521 1866 5585 locum,
1894 5536 2002 5591 quo

411 5611 677 5670 Sanctum
732 5615 972 5672 Colonia:
1037 5616 1328 5673 educatum
1380 5614 1686 5686 litterisque
1738 5614 1999 5671 imbutum

2088 1890 2134 1945 si
2178 1889 2338 1944 modo
2374 1888 2486 1958 jam
2519 1889 2643 1944 inde
2689 1889 2758 1945 ab
2788 1904 2852 1945 eo
2885 1898 3163 1959 tempore,
3203 1902 3311 1958 quo
3350 1887 3401 1941 in
3440 1886 3687 1940 Galliam

2090 1994 2213 2034 sese
2245 1980 2487 2035 nondum
2518 1978 2858 2044 contulerat,
2883 1978 3230 2046 Colonimque
3254 1974 3470 2046 juvenis
3497 1976 3691 2029 adhuc

2091 2071 2360 2141 degebat,
2401 2069 2775 2125 Cunibcrtinis
2817 2069 3095 2125 canonicis
3144 2067 3306 2122 fuerit
3347 2066 3691 2135 adscriptas.

2092 2159 2290 2215 Verum
2322 2170 2476 2225 sunt,
2521 2162 2613 2230 qui
2657 2168 2907 2216 sanctum
2941 2170 3055 2215 tum
3085 2160 3334 2225 demum,
3366 2173 3492 2212 cum
3540 2171 3696 2213 anno

2092 2250 2315 2305 circiter
2338 2249 2476 2305 1076
2501 2259 2596 2304 aut
2627 2250 2871 2320 sequenti
2901 2250 3162 2320 improbis
3204 2247 3469 2302 Manassis
3500 2246 3692 2301 archi-

2090 2341 2328 2413 episcopi
2348 2342 2590 2396 moribus
2611 2340 2810 2397 Remos
2834 2341 3086 2396 deserere
3113 2338 3565 2419 fuissetcoaetus,
3592 2352 3698 2393 ca-

2092 2435 2346 2489 nonicatu
2370 2434 2424 2489 in
2446 2434 2729 2503 collegiata
2758 2433 2817 2489 S.
2842 2432 3126 2489 Cuniberti
3150 2431 3391 2487 Ecclesia
3420 2431 3692 2485 donatum

2094 2524 2303 2588 fuisse.
2352 2524 2728 2587 contendunt,
2783 2524 2947 2595 idque
2998 2524 3205 2580 idcirco
3257 2523 3401 2594 quod
3449 2521 3696 2578 Sanctus

2094 2630 2238 2672 anno
2270 2616 2436 2683 1079,
2466 2632 2574 2687 quo
2597 2617 2877 2687 prazl‘atam
2907 2618 3192 2688 epistolam
3223 2616 3503 2673 Manasses
3540 2616 3695 2672 scri-

2094 2709 2225 2779 psit,
2249 2709 2614 2765 Cunibertinac
2637 2711 2894 2767 Ecclesiae
2917 2714 3212 2769 canonicus
3239 2714 3451 2769 ratione
3472 2712 3697 2769 ohtenti

2096 2800 2150 2854 in
2175 2800 2276 2855 hac
2298 2801 2353 2856 in
2374 2800 2739 2857 adolescentia
2759 2804 3109 2860 cannnicatus
3125 2804 3306 2860 vocari
3331 2805 3696 2875 nequivisset,

2098 2903 2222 2944 cum
2268 2900 2394 2946 tunc
2434 2890 2699 2947 beneﬁcio
2735 2891 3081 2960 huiusmodi,
3129 2904 3320 2965 utpote
3364 2909 3396 2949 a
3444 2896 3700 2966 pluribus

2094 2977 2211 3048 jam
2241 2982 2401 3038 annis
2427 2982 2687 3039 Ecclesia:
2714 2984 2998 3041 ltemensis
3022 2988 3315 3041 canonicus
3342 2986 3540 3052 factus,
3573 3001 3699 3042 sese

2023 3111 2065 3169 Ο
2098 3072 2242 3128 haud
2266 3073 2428 3128 dubie
2453 3073 2780 3130 abdicasset.
2809 3074 2919 3132 Res
2944 3092 3076 3131 sane
3105 3077 3235 3132 mihi
3262 3085 3350 3132 sat
3371 3076 3695 3133 verisimilis

2100 3174 2341 3235 apparet.

2172 3256 2262 3310 5‘5.
2303 3258 2554 3313 Attamen
2600 3258 2716 3314 fieri
2768 3268 2984 3330 potest,
3035 3269 3097 3316 ιιι
3143 3260 3417 3317 Manasses
3464 3260 3688 3319 locutus

2102 3345 2269 3403 fuerit
2313 3350 2379 3404 de
2424 3350 2652 3416 Sancto,
2700 3353 2867 3407 Veluti
2916 3354 2982 3407 dc
3024 3352 3397 3408 Cunibertinze
3432 3353 3697 3408 Ecclesia:

2102 3439 2398 3506 canonico,
2439 3442 2608 3512 quod,
2631 3443 2735 3498 etsi
2766 3459 2874 3499 non
2920 3444 3153 3514 amplius
3185 3456 3312 3500 tunc
3334 3484 3351 3509 ,
3395 3445 3696 3516 aliquando

2103 3541 2282 3590 tamen
2329 3536 2384 3591 in
2424 3537 2528 3592 hac
2575 3538 2955 3594 canonicatum
3003 3539 3363 3603 obtinuisset,
3413 3555 3693 3611 cumque,

2102 3633 2288 3695 utpote
2310 3629 2493 3697 pravis
2518 3628 2631 3682 suis
2656 3629 2899 3684 moribus
2923 3630 3284 3693 contrarium,
3305 3646 3403 3700 pro
3426 3632 3697 3686 canonico

2101 3715 2358 3772 Remensi
2401 3718 2601 3775 trahere
2645 3736 2711 3774 ex
2757 3721 2884 3776 odio
2928 3720 3136 3787 nollet;
3177 3724 3321 3791 quod
3371 3731 3430 3776 ut
3475 3722 3695 3779 facilius

2102 3807 2251 3863 credi
2292 3818 2498 3878 queat,
2547 3809 2794 3873 faciunt,
2835 3824 2956 3879 quae
2998 3809 3109 3879 iam
3154 3812 3398 3868 recitatis
3440 3814 3697 3882 proxime

2093 3897 2304 3964 subdit,
2336 3900 2453 3955 haac
2476 3901 2641 3956 verba
2675 3918 2690 3955 ;
2726 3918 2746 3952 α
2779 3900 2943 3969 Cujus
2974 3903 3265 3972 (Brunouis
3291 3905 3571 3977 nimirum)
3605 3922 3698 3961 so-

2101 3988 2355 4044 cietatem
2386 4004 2491 4044 non
2522 4005 2850 4061 magnopere
2874 3990 3216 4060 affectamus,
3239 4002 3423 4063 utpote
3447 3995 3514 4049 de
3534 3996 3695 4066 cujus

2102 4078 2212 4132 vita
2237 4088 2291 4135 et
2320 4079 2570 4135 libertate
2593 4080 2809 4151 penitus
2835 4081 3181 4152 ignoramus;
3210 4094 3265 4139 et
3292 4085 3441 4153 quia,
3473 4089 3695 4154 quando

2101 4166 2243 4237 apud
2277 4181 2376 4222 nos
2412 4166 2534 4234 fuit,
2565 4169 2751 4224 multis
2789 4170 3071 4227 beneficiis
3098 4189 3129 4226 a
3158 4173 3390 4231 nobisin
3423 4189 3549 4230 eum
3584 4177 3695 4231 cul-

2102 4257 2248 4322 latis,
2280 4258 2422 4315 male
2451 4271 2505 4315 et
2533 4263 2785 4341 nequiter
2815 4265 3034 4319 tractati
3065 4280 3273 4321 sumus.
3304 4285 3324 4319 ι
3361 4266 3438 4320 lta
3466 4267 3690 4337 quippe.

2102 4359 2161 4406 ut
2195 4351 2397 4408 Sancto
2430 4353 2571 4423 apud
2606 4354 2763 4410 Sedis
2790 4354 3115 4426 Apostolicte
3148 4357 3389 4428 legatum
3428 4357 3691 4413 invidiam

1736 4419 1996 4523 ‘Trﬂ’um'
2031 4453 2075 4512 D
2103 4449 2319 4516 conflet,
2339 4419 2987 4523 Manasseshicloquitnr.
3005 4419 3691 4510 AdltmcSanctusaCuni-

2102 4542 2318 4599 bertino
2346 4545 2734 4598 canonicorutn
2763 4545 3014 4615 collegio,
3046 4547 3098 4600 in
3131 4562 3239 4615 quo
3283 4547 3514 4616 primum
3545 4546 3691 4611 vitae,

2101 4634 2168 4687 ad
2199 4649 2467 4689 canonum
2498 4634 2869 4705 praescriptum
2898 4636 3177 4706 exigenda:
3199 4676 3215 4699 ,
3259 4650 3382 4691 sese
3421 4636 3650 4691 dederat
3676 4678 3693 4703 ,

2102 4725 2488 4780 Cunibertinus
2514 4728 2841 4791 canonicus,
2883 4728 2986 4783 etsi
3015 4727 3082 4781 ad
3124 4727 3267 4782 aliud
3302 4728 3692 4782 canonicorum

2103 4816 2387 4887 collegium
2412 4818 2524 4888 iam
2548 4818 2872 4885 transiisset,
2895 4819 2999 4874 dici
3025 4818 3207 4874 forsan
3228 4820 3406 4874 adhuc
3426 4822 3693 4890 potuerit.

2102 4910 2244 4981 quod
2280 4926 2379 4981 pro
2412 4922 2684 4979 tempore,
2717 4926 2825 4980 quo
2862 4909 3050 4966 Remis
3080 4922 3411 4975 versaretur,
3448 4912 3691 4982 posscssi

2103 5001 2158 5056 in
2193 5001 2437 5056 Ecclesia
2462 5000 2816 5056 Cunibertina
2850 5002 3208 5057 canonicatus
3238 5001 3507 5073 fructibus
3535 5001 3695 5055 dum-

2106 5099 2253 5146 taxat
2288 5092 2689 5157 renunciasset,
2715 5091 2833 5161 ipso
2862 5092 3080 5147 interim
3107 5092 3431 5147 canonicam
3462 5094 3695 5147 canum-

2103 5181 2264 5248 eique
2306 5180 2643 5235 Cunibertini
2689 5180 2842 5235 titulo
2888 5192 3142 5244 retento,
3188 5191 3248 5236 ttt
3293 5181 3362 5236 ad
3411 5182 3597 5246 hunc,
3644 5181 3693 5235 si

2104 5272 2319 5341 quando
2362 5271 2615 5326 Remensi
2648 5272 2984 5338 excidisset,
3029 5274 3206 5329 redire
3239 5273 3523 5344 potuisset.
3576 5272 3696 5327 Duo

2104 5372 2249 5419 certe
2276 5365 2492 5419 diversa
2523 5365 2668 5420 hunc
2694 5365 2750 5419 in
2781 5366 3021 5431 modum,
3065 5366 3303 5420 maxime
3327 5366 3373 5419 si
3403 5364 3648 5434 legitima
3677 5403 3693 5427 ,

2104 5465 2164 5511 ut
2216 5456 2332 5512 fieri
2379 5457 2597 5527 potuit,
2643 5458 2943 5512 auctoritas
2982 5458 3379 5519 intervenerit,
3428 5455 3695 5511 beneficia

2102 5546 2432 5617 possidendo
2478 5546 2530 5601 in
2580 5562 2818 5602 canones
2864 5557 3188 5616 peccaturus
3239 5545 3476 5601 Sanctus
3522 5544 3695 5600 fuisse

2104 5654 2213 5693 non
2244 5638 2477 5693 videtur.
2512 5635 2676 5694 Hisce
2710 5637 2896 5709 itaque
2927 5637 3318 5707 consideratis,
3340 5652 3537 5693 eorum
3575 5634 3694 5707 epi-
