3862 6310
162 382 220 441 ετ
1672 350 1871 409 ACTA.

768 493 1057 552 antequam
1088 478 1290 537 Gallias
1331 470 1529 539 adiret,
1562 471 1720 527 Colo-
1751 473 1794 527 Α
1823 462 2059 518 berrima
2101 458 2230 514 tunc
2275 452 2528 512 Rentcnsi
2565 449 2753 509 schola
2793 450 3046 516 addixit,
3084 458 3144 504 ut
3189 448 3311 507 aliis
3351 450 3406 504 in

163 498 261 561 nio,
285 491 372 563 qui
399 491 729 551 Brunonem,

163 591 255 645 nia!
290 587 342 643 in
381 583 668 655 collegiata
710 578 771 634 S.
810 574 1089 633 Ουιιίιιενιὶ
1133 568 1358 628 ecclesia
1402 564 1725 622 canonicum

163 681 448 743 exstitisse,
483 684 797 739 autumant,
843 689 946 726 non
976 667 1196 723 omnino
1224 660 1596 734 improbabilis
1634 674 1727 729 ap-

162 780 325 845 paret,
355 785 418 823 ac
447 768 604 838 proin
635 762 887 820 Historiae
912 758 1189 815 litterarim
1228 752 1473 809 Francia:
1500 750 1727 820 scripto.

166 843 269 923 res,
302 860 427 914 dum
471 865 718 913 sanctum
748 897 762 922 ,
807 862 1095 919 antequam
1136 843 1339 902 Gallias
1387 848 1635 913 peteret,
1678 846 1730 892 rt

165 950 399 1009 Ecclesia:
436 946 814 1004 Cunibertime
844 942 1163 999 canonicum
1194 937 1417 998 iaciunt,
1448 942 1503 987 ct
1547 933 1598 985 in
1630 929 1729 984 hac

128 1074 133 1082 ι
166 1045 311 1099 luisse
351 1040 681 1102 educatum,
727 1035 1033 1097 allirmant,
1074 1030 1278 1087 erroris
1319 1023 1603 1080 indubitati
1644 1037 1732 1075 ar—

171 1147 316 1205 guere
338 1148 443 1185 non
471 1131 675 1195 ausim,
704 1128 831 1182 licet
862 1127 1078 1180 internn
1102 1120 1435 1178 contrarium
1458 1116 1730 1172 mstiman-

164 1228 279 1280 tium
305 1224 487 1293 Opinio
513 1218 853 1294 probabilior
878 1224 1156 1287 appareat.

225 1312 304 1370 54.
344 1312 411 1368 Et
435 1312 559 1368 hac
588 1311 807 1382 quidem
854 1304 1189 1378 probabilior
1219 1300 1394 1356 multo
1425 1297 1557 1363 erit,
1590 1296 1632 1351 si
1666 1294 1732 1349 ad

165 1407 229 1470 id,
259 1416 313 1461 ut
335 1404 579 1460 Sanctus
609 1400 865 1457 Ecclesite
894 1395 1259 1453 Cuni’bertinm
1290 1390 1584 1448 canonicos
1614 1394 1735 1442 esse

165 1497 409 1568 poluerit,
448 1492 766 1566 provectior
806 1490 966 1545 fuerit
991 1503 1153 1559 quam
1200 1481 1613 1556 quatuordeeim
1642 1486 1734 1533 aut

166 1589 443 1658 quindecim
479 1601 756 1641 annorum
789 1592 921 1638 retas
952 1579 1232 1651 requisita.
1277 1577 1514 1632 Sanctus
1551 1572 1731 1637 enim,

167 1698 268 1736 cum
299 1679 351 1736 id
377 1680 609 1735 circiter
640 1677 819 1732 :etatis
849 1681 1033 1738 esset,
1070 1680 1163 1727 aut
1197 1670 1372 1725 adhuc
1399 1667 1603 1739 junior,
1632 1665 1737 1720 Co—

166 1774 288 1828 lunia
310 1772 361 1829 in
391 1771 631 1827 Galliam
662 1770 874 1825 litteras
902 1765 1143 1821 discendi
1168 1778 1298 1835 ergo
1320 1760 1598 1832 profectus
1621 1755 1734 1826 jam

168 1867 338 1933 luisse,
376 1863 681 1933 Remisqne
713 1860 987 1917 studuisse
1023 1857 1255 1912 videtur.
1289 1853 1558 1909 Funebris
1594 1850 1736 1905 enim

167 1955 383 2021 Titulus,
413 1954 568 2009 inter
598 1951 935 2007 recudendos
965 1948 1063 2014 56,
1104 1960 1214 2017 quo
1244 1944 1302 2001 S.
1344 1942 1527 1997 Mariae
1557 1938 1746 1996 Eccle-

168 2047 244 2100 sia:
270 2044 706 2114 metropolitanm
734 2037 1021 2096 Remensis
1044 2034 1291 2092 canonici
1320 2032 1523 2088 Sancto
1548 2045 1744 2102 paren-

169 2144 345 2200 tamnl,
376 2134 457 2190 sic
482 2133 655 2188 habet
678 2145 693 2186 :

172 2228 310 2289 Quem
337 2235 583 2280 tenerum
613 2223 791 2278 docuit
818 2231 986 2276 mater
1016 2218 1288 2275 Remensis
1316 2217 1617 2283 alumnum,

175 2314 412 2387 Propositi
441 2316 682 2371 tenuisse
708 2314 863 2383 ﬁdem
892 2311 1073 2367 (artata
1098 2309 1427 2375 Brunonem,

175 2404 455 2475 Migrantem
479 2406 559 2460 ad
582 2404 868 2460 Dominum
889 2388 1138 2473 lacrgmis
1159 2401 1506 2472 precibusque
1527 2397 1743 2453 salutat.

170 2491 261 2546 Per
307 2501 562 2549 tenerum
614 2502 797 2546 autem
854 2491 1131 2546 alumnum
1188 2488 1599 2559 quatuordccim
1657 2497 1750 2543 ant

173 2585 448 2652 quindecim
498 2599 772 2640 annorum
795 2625 809 2648 ,
846 2591 941 2639 aut
979 2583 1145 2638 etiam
1189 2582 1352 2653 paulo
1380 2581 1570 2651 junior
1614 2582 1746 2635 ado-

174 2675 350 2733 lescens
384 2677 475 2733 hic
519 2676 905 2748 intelligendus
940 2676 1179 2730 videtur.
1223 2675 1298 2729 Ita
1339 2683 1561 2729 autumo
1585 2714 1600 2738 ,
1635 2682 1747 2727 tum

182 2767 304 2835 quod
328 2768 665 2838 adjectivum
702 2776 871 2832 tener,
902 2768 1029 2821 dum
1055 2775 1271 2822 :etatem
1296 2760 1492 2829 allicit,
1521 2767 1586 2819 ad
1618 2780 1751 2835 pau-

177 2872 249 2911 cos
274 2856 405 2913 hanc
429 2874 617 2914 annos
640 2874 738 2929 per
762 2873 821 2912 se
850 2858 1162 2922 contrahat,
1195 2864 1308 2911 tum
1336 2857 1481 2927 quod
1513 2856 1749 2911 Sanctus

174 2945 338 3002 Remis
366 2949 591 3005 litteras
622 2948 970 3004 humaniores
998 2936 1249 3004 didicerit
1270 2988 1285 3012 ,
1312 2962 1560 3016 annoque
1588 2946 1751 3001 circi-

178 3048 246 3094 ter
273 3041 403 3096 1047
440 3042 852 3114 philosophiam
873 3083 887 3106 ,
917 3055 1040 3098 cum
1069 3042 1454 3097 verosimiliter
1483 3050 1747 3095 annorum

179 3131 373 3189 circiter
392 3133 793 3205 septemdecim
815 3133 1096 3188 dumtaxat
1114 3145 1278 3192 esset,
1308 3129 1542 3186 Turonis
1563 3131 1749 3184 audire
1776 3160 1820 3219 ε

179 3224 429 3295 inceperit.
465 3227 541 3281 Et
562 3226 675 3282 hoc
701 3235 1036 3296 postremum
1059 3224 1277 3293 quidem
1306 3224 1443 3278 infra
1472 3222 1747 3291 probabo;

183 3312 409 3372 Sanctum
439 3325 634 3372 autem
661 3315 848 3371 Remis
871 3316 1223 3370 humaniores
1246 3314 1457 3369 litteras
1479 3313 1751 3376 didicisse,

188 3403 325 3460 iidem
349 3408 483 3464 iacit
518 3408 662 3478 apud
683 3405 1050 3463 Mabillonium
1072 3405 1394 3463 Prml‘atione
1421 3406 1471 3461 in
1500 3406 1676 3461 sa'cnli
1702 3422 1750 3459 vi

182 3494 354 3554 Pened.
386 3508 541 3570 part.
573 3514 613 3554 ll
641 3539 656 3563 ,
698 3515 851 3554 num.
882 3500 952 3555 85
1002 3498 1282 3554 Baldricns
1329 3499 1497 3553 abbas
1547 3496 1749 3565 Burgu-

184 3586 377 3655 liensis,
408 3601 613 3646 auctor
641 3608 883 3655 coaevus;
917 3592 986 3645 ibi
1018 3592 1161 3645 enim
1193 3590 1245 3644 in
1273 3590 1516 3645 carmine
1556 3590 1621 3642 ad
1652 3589 1760 3644 Go-

189 3679 428 3736 dc‘l'ridum
464 3681 800 3738 Bemcnscm
847 3685 1086 3738 nondum
1124 3682 1270 3738 edito
1303 3683 1371 3738 de
1412 3681 1471 3737 S.
1506 3680 1758 3736 Brunone

186 3768 252 3823 sic
280 3773 417 3828 canit
445 3790 459 3829 :
687 3791 691 3794 ν

190 3855 246 3911 Et
267 3871 381 3916 tunc
410 3864 599 3918 Remis
628 3874 760 3927 erat,
793 3864 969 3919 Remis
1000 3880 1204 3936 quoque
1230 3864 1412 3919 Bruno
1438 3865 1701 3928 studebat,

249 3952 416 4009 Bruno
446 3955 768 4010 Latinorum
797 3968 923 4011 tunc
951 3957 1113 4011 studii
1142 3956 1428 4025 speculum.

192 4040 276 4100 ilic
299 4058 480 4103 autem
527 4062 625 4118 per
658 4046 970 4103 Latinorum
1002 4061 1131 4104 tunc
1171 4049 1408 4104 studium
1438 4064 1544 4103 non
1587 4047 1761 4119 philo-

193 4138 437 4205 sophiam,
469 4138 675 4195 aliosve
712 4138 932 4195 altiores
962 4140 1245 4205 scientias,
1292 4142 1386 4196 sed
1420 4139 1631 4195 litteras
1661 4140 1761 4194 hu-

195 4228 443 4284 maniores
476 4269 491 4293 ,
538 4231 736 4298 quibus
788 4230 983 4301 linguae
1038 4232 1517 4301 grammaticzeque
1562 4230 1764 4286 Latinae

198 4318 409 4373 studium
438 4322 944 4390 comprehenditur,
985 4322 1396 4377 verosimillime
1424 4321 1691 4392 intelligit.

256 4407 339 4463 55.
375 4409 445 4464 Et
472 4425 601 4465 vero
623 4410 906 4477 Sanctum,
931 4413 1045 4483 qui.
1071 4429 1193 4468 eum
1212 4411 1427 4479 juvenis
1450 4413 1762 4477 admodum,

3338 336 3411 393 38

1829 552 2135 623 exemplum
2182 556 2596 622 proponeretur.
2634 545 2711 599 Ita
2755 558 2821 601 ex
2868 543 3077 607 ultimo,
3123 554 3156 594 ο
3199 540 3408 596 duobus

1829 644 2077 715 proxime
2105 641 2212 696 huc
2258 635 2601 707 lranscriptis
2638 633 2897 697 Baldrici,
2942 633 3156 687 abbatis
3200 632 3411 701 Burgu-

1831 732 2057 796 liensis,
2100 728 2382 785 versiculis
2431 725 2790 797 colligendum
2839 723 3054 777 videtur
3102 739 3114 774 :
3172 739 3193 774 ‹
3225 721 3410 775 Brnno

1828 825 2149 879 latinorum
2180 830 2307 874 tunc
2336 819 2499 873 studii
2526 816 2825 888 speculum.
2858 832 2877 866 ›
2904 814 2982 867 Ad
3007 814 3117 867 lucc
3146 818 3410 882 quantum

1833 916 2065 970 Sanctus
2095 912 2411 966 nominatim
2443 910 2497 964 in
2538 909 2748 981 poetica
2786 908 3043 961 facultate
3068 918 3411 975 progressum

1832 1007 2042 1070 lecerLt,
2069 1002 2399 1059 sullicienter
2423 1002 2662 1057 ostendit
2688 1000 2771 1055 vel
2806 999 2980 1055 solum
3008 999 3076 1052 ab
3102 1012 3171 1053 eo
3194 1011 3412 1067 compoo

1833 1102 1998 1156 situm
2029 1110 2192 1169 atque
2221 1106 2332 1151 tum
2358 1096 2483 1151 alibi
2512 1096 2729 1165 sa‘pius,
2761 1104 2873 1148 tum
2907 1092 3130 1147 Parisiis
3156 1106 3185 1144 a
3210 1089 3419 1146 Judoco

1834 1190 2000 1247 Badio
2029 1205 2152 1245 cum
2186 1186 2399 1242 caeteris
2433 1187 2607 1241 sancti
2652 1186 2761 1241 Viri
2802 1184 3070 1255 Operibus
3105 1197 3250 1235 anno
3280 1178 3420 1234 1524

1833 1298 2090 1340 excusum
2124 1280 2513 1335 Parmneticum
2551 1278 2618 1334 ad
2648 1277 2889 1333 coelestia
2932 1275 3262 1347 capessenda
3300 1273 3423 1342 Epi-

1833 1390 2113 1447 gramma,
2164 1383 2353 1444 utpote
2384 1372 2438 1426 in
2470 1370 2624 1441 cujus
2658 1368 2941 1433 versibus,
2975 1376 3115 1422 utut
3155 1366 3221 1421 ad
3251 1373 3421 1419 artem

1836 1468 2062 1524 omnino
2100 1481 2205 1522 non
2237 1465 2467 1527 exactis,
2517 1477 2580 1517 ea
2613 1471 2819 1526 tamen,
2862 1476 3022 1530 quam
3055 1460 3108 1513 in
3138 1458 3260 1512 aliis
3289 1469 3425 1526 pene.

1837 1559 2090 1615 omnibus
2110 1557 2286 1628 poetis
2308 1555 2489 1610 saeculi
2518 1570 2595 1633 si,
2612 1567 2719 1622 quo
2742 1551 2973 1605 Sanetus
2993 1548 3196 1612 ﬂoruit,
3222 1546 3424 1601 frustra

1838 1667 2071 1724 qureras,
2102 1657 2157 1705 et
2186 1657 2441 1704 venustas
2468 1655 2522 1700 et
2550 1630 2814 1715 elegantia
2845 1640 3075 1696 miriﬁce
3105 1642 3302 1695 elucet.

1910 1742 2001 1798 56.
2042 1742 2319 1812 lntegrum
2352 1738 2406 1793 id
2447 1735 2762 1808 speciminis
2802 1733 2921 1788 loco
2961 1732 3065 1787 huc
3094 1728 3426 1785 transcribo.

1772 1817 1816 1877 Β
1845 1838 1937 1893 Sic
1966 1835 2169 1891 habet:

1846 1926 2104 1984 Mortales
2137 1923 2396 1978 Dominus
2422 1928 2637 1975 ctmctos
2667 1917 2722 1971 in
2750 1916 2863 1970 luce
2887 1915 3107 1981 crearit,

1920 2018 1986 2073 Ut
2013 2018 2222 2087 capiant
2252 2014 2451 2069 meritis
2473 2011 2669 2083 gaudia
2696 2025 2901 2063 summa
2928 2007 3057 2077 poli.

1850 2112 2003 2169 Felix
2028 2110 2117 2165 ille
2142 2109 2382 2181 quidem,
2413 2108 2501 2175 qui
2532 2111 2751 2157 mentem
2773 2100 2972 2169 jugiter
2997 2098 3122 2151 illuc

1919 2203 2110 2275 Dirigit
2141 2210 2294 2272 atque
2320 2198 2441 2269 vigil
2468 2196 2624 2250 noxia
2654 2208 2868 2265 quicque
2893 2199 3035 2244 caret
3057 2189 3077 2241 .'
3130 2194 3133 2195 ⁷

1851 2298 1963 2353 Nec
1990 2309 2164 2350 tamen
2194 2289 2402 2362 infelix,
2431 2286 2637 2342 sceleris
2667 2299 2818 2355 quem
2850 2282 3057 2353 paenitet
3081 2280 3207 2343 acti,

1922 2388 2127 2457 Quique
2152 2398 2307 2438 suum
2335 2379 2541 2451 facinus
2570 2372 2817 2444 plangere
2846 2387 2982 2439 sirpe
3007 2370 3159 2422 solet.

1851 2480 1957 2536 Sed
1986 2478 2159 2531 vivunt
2188 2471 2445 2532 homines,
2478 2479 2747 2538 tamquam
2779 2478 2917 2517 mors
2952 2460 3097 2515 nulla
3127 2468 3396 2529 sequatur,

1920 2566 1988 2621 Et
2014 2565 2147 2621 velut
2178 2561 2418 2630 infernus
2446 2557 2629 2628 fabula
2656 2572 2788 2610 vana
2817 2554 2972 2623 foret,

1851 2659 1982 2716 Cum
2013 2659 2194 2712 doceat
2227 2670 2431 2716 sensus,
2463 2653 2685 2706 viventes
2716 2657 2881 2701 morte
2912 2644 3116 2709 resolvi,

1922 2753 2089 2822 Atque
2114 2748 2250 2804 erebi
2273 2762 2450 2817 pa’nas
2478 2743 2673 2814 pagina
2699 2755 2851 2793 sacra
2872 2736 3084 2808 probet;

1855 2845 1999 2911 Quas
2022 2841 2112 2912 qui
2142 2855 2244 2893 non
2275 2835 2480 2899 metuit,
2508 2831 2695 2903 infelix
2718 2844 2932 2900 prorsus
2961 2839 3010 2882 et
3045 2842 3224 2879 amens

1930 2935 2064 2989 Vivit
2092 2943 2138 2988 et
2165 2932 2425 2986 extinctus
2452 2925 2635 2981 sentiet
2657 2922 2747 2976 ille
2774 2936 2978 2990 rogum.

1854 3029 1941 3084 Sic
1968 3028 2133 3096 igitur
2157 3022 2331 3078 cuncti
2360 3017 2603 3073 mortales
2636 3016 2801 3070 vivere
2824 3020 3027 3079 curent,

1927 3117 1994 3174 Ut
2023 3116 2152 3172 nihil
2179 3115 2373 3185 inferni
2398 3113 2466 3167 sit
2498 3109 2776 3165 metuenda
2801 3105 2974 3177 palus.

1856 3210 1963 3267 Nec
2007 3210 2186 3265 minus
2236 3208 2497 3264 Sanctus.
2546 3202 2622 3257 uti
2669 3216 2734 3255 ex
2778 3197 3025 3252 dicendis
3069 3208 3303 3267 pronum
3336 3193 3447 3249 erit

1855 3301 2147 3372 colligere,
2194 3296 2403 3353 altioris
2443 3292 2650 3348 ordinis
2696 3289 2978 3354 scientiis,
3026 3302 3188 3358 quam
3228 3286 3441 3358 poetica

1859 3393 2118 3448 facultate
2148 3405 2269 3444 sese
2299 3387 2505 3443 sttnluit
2535 3385 2800 3440 imbuere.
2834 3380 3035 3437 Verum
3064 3379 3151 3434 ubi
3187 3380 3349 3434 hasce
3380 3395 3446 3433 ac

1834 3484 2177 3539 nominatim
2222 3479 2441 3552 quidem
2483 3474 2877 3548 philosophiam
2924 3472 3157 3529 didicit?
3184 3471 3289 3527 Pro
3317 3472 3450 3526 civi-

1861 3584 1967 3629 tate
1999 3571 2290 3627 Parisiensi
2322 3579 2469 3624 stant
2496 3583 2600 3623 non
2630 3567 2791 3623 modo
2834 3564 3236 3620 Blomenvenna
3267 3563 3450 3619 verbis

1861 3680 2011 3720 num.
2057 3662 2264 3717 501nm
2300 3659 2671 3728 transcriptis,
2705 3656 2899 3711 Surius
2951 3656 3003 3709 in
3052 3652 3238 3708 Sancti
3284 3653 3398 3708 Vita
3431 3694 3447 3716 ,

1862 3754 2065 3823 aliique
2106 3750 2326 3807 Ordinis
2355 3747 2761 3805 Carthusiensis
2796 3746 3091 3815 scriptorcs
3120 3760 3225 3799 non
3257 3745 3448 3813 pauci,

1862 3861 2051 3902 verum
2084 3844 2271 3909 etiam,
2303 3857 2440 3912 quos
2477 3855 2665 3895 omnes
2698 3839 2980 3894 nominare
3003 3852 3109 3892 non
3139 3846 3321 3905 vacat,
3354 3836 3447 3891 alii

1864 3935 2132 4001 nonnulli,
2166 3950 2231 3990 ac
2276 3933 2596 3989 nominatim
2630 3931 2681 3985 in
2717 3929 3097 3986 Universilatis
3127 3927 3452 3984 Parisiensis

1865 4026 2122 4089 llistoria,
2152 4038 2297 4079 anno
2332 4021 2466 4077 1665
2496 4039 2524 4075 a
2555 4036 2614 4076 se
2641 4021 2810 4086 edita,
2843 4031 2973 4074 tom.
3022 4018 3061 4086 Ι,
3094 4035 3218 4090 pag.
3266 4019 3371 4075 467
3398 4032 3454 4075 ct

1866 4135 1984 4188 seq.
2018 4118 2200 4173 Caesar
2227 4115 2482 4186 Egassins
2510 4113 2742 4180 Bulaeus,
2773 4113 2887 4185 qui,
2914 4113 3041 4167 licet
3068 4112 3325 4167 Sanctum
3354 4112 3455 4168 Pa-

1868 4212 2016 4267 risiis
2067 4209 2424 4283 philosophire
2475 4207 2812 4273 incubuisse,
2859 4214 3045 4274 aperte
3097 4203 3295 4259 ibidem
3344 4220 3451 4258 non

1866 4305 2075 4370 edicat,
2102 4304 2236 4359 satis
2269 4313 2447 4358 tamen
2483 4300 2535 4356 id
2565 4299 2790 4363 indicat,
2822 4297 3041 4368 quique,
3087 4297 3231 4367 quod
3264 4295 3453 4365 reliqui

1867 4414 1971 4452 non
1995 4397 2220 4462 faciunt,
2244 4395 2554 4465 opinionem
2579 4406 2755 4455 suam,
2781 4404 2886 4459 qua
2912 4397 3169 4458 praetcrea
3195 4387 3455 4443 Sanctum

200 4509 249 4553 ut
283 4501 479 4558 dictum
501 4544 515 4567 ,
550 4502 738 4558 Remis
775 4479 1082 4567 studuerit,
1113 4502 1524 4559 verosimillime
1549 4545 1563 4569 ,
1608 4512 1751 4557 ante-

1869 4487 2094 4543 Parisiis
2124 4487 2395 4551 docuisse,
2426 4490 2689 4546 autumat,
2718 4481 2952 4551 probare
2980 4480 3144 4534 etiam
3172 4479 3382 4534 nititur.

203 4605 344 4656 quam
376 4593 477 4647 hoc
519 4591 745 4656 iaceret,
779 4607 879 4647 nec
907 4592 1161 4657 Parisiis,
1201 4608 1301 4648 nec
1338 4593 1390 4647 iu
1427 4591 1530 4649 alia
1574 4591 1774 4648 Gallia-

204 4693 309 4733 rum
332 4683 553 4736 civitate
579 4680 778 4737 litteris
800 4697 1020 4751 operam
1045 4683 1276 4749 dederit,
1303 4683 1537 4753 politiori
1568 4683 1774 4738 littera-

208 4775 312 4823 tura
331 4787 423 4827 sen
449 4773 869 4827 humanioribus
889 4773 1085 4829 litteris
1105 4789 1225 4829 sese
1248 4775 1430 4829 Remis
1452 4775 1775 4840 excoluisse,

208 4859 405 4928 ipsimct
443 4864 696 4920 IIiStorize
729 4866 1008 4920 litteraria:
1043 4865 1288 4922 Francicc
1327 4867 1620 4938 scriptorcs
1660 4867 1777 4922 loco

211 4964 355 5020 supra
401 4954 495 5009 cit.
540 4972 646 5010 non
692 4955 925 5012 obscure
959 4958 1194 5022 docent,
1243 4958 1391 5028 poesi
1440 4957 1587 5011 illum
1624 4973 1777 5027 :eqnc

214 5040 393 5098 ibidem
419 5086 434 5109 ,
468 5060 631 5114 quam
659 5046 780 5101 aliis
808 5047 1069 5112 scientiis,
1101 5056 1159 5100 ut
1195 5048 1293 5101 mvi
1320 5087 1335 5111 ,
1366 5062 1475 5117 quo
1518 5046 1731 5102 vivebat
1759 5086 1775 5112 ,

214 5148 318 5189 mos
345 5134 573 5201 ferebat,
601 5137 941 5202 incubuisse,
971 5145 1363 5200 asseverantes,
1392 5146 1451 5189 ut
1476 5137 1779 5192 verosimil-

215 5221 347 5287 lime,
374 5225 498 5278 dum
539 5240 638 5294 pro
664 5225 929 5287 scientiis.
959 5242 987 5280 a
1026 5225 1281 5280 Brunonc
1304 5225 1541 5282 Coloniae
1580 5225 1775 5296 Agripo

216 5315 341 5383 pina!
368 5318 598 5383 haustis,
642 5318 760 5389 ejus
792 5320 933 5389 apud
977 5318 1254 5374 Labbeum
1292 5328 1517 5374 exstans
1547 5318 1777 5390 elogium

218 5399 325 5457 loco
360 5421 520 5477 supra
546 5409 640 5463 cit.
675 5409 914 5474 laudant,
943 5410 1121 5464 minus
1144 5424 1211 5466 ex
1248 5410 1372 5475 hoc,
1402 5425 1564 5479 quam
1598 5410 1779 5466 verbis

220 5496 581 5567 suisindicent,
613 5501 902 5556 deductum
931 5502 1223 5568 voluerint,
1256 5512 1349 5557 aut
1374 5511 1541 5563 certe.
1561 5502 1688 5571 quid
1711 5517 1776 5556 ex

224 5598 280 5639 eo
318 5600 751 5662 consequeretur,
785 5593 962 5648 minus
994 5592 1389 5662 perSpcxerint.
1431 5591 1602 5645 Perro
1642 5591 1780 5645 Satt-

190 5712 191 5717 η
225 5686 331 5733 ctus
359 5688 504 5737 tanto
544 5684 741 5739 ardore
771 5693 1033 5754 tantoque
1070 5698 1323 5739 successu
1371 5682 1781 5738 humanioribus

228 5762 404 5825 litteris
429 5787 516 5829 seu
546 5774 744 5846 lingua:
771 5772 974 5829 Latium
996 5774 1175 5828 studio
1204 5788 1323 5829 sese
1356 5780 1526 5829 totum
1554 5771 1606 5825 in
1638 5770 1779 5827 cele-

1947 4579 2034 4634 57.
2078 4578 2158 4635 Ae
2204 4577 2271 4630 ad
2328 4576 2382 4631 id
2426 4574 2643 4644 quidem
2698 4581 2808 4627 trcs
2853 4571 3190 4643 conjecturas
3233 4571 3459 4627 adhibet

1877 4670 2141 4725 diversas.
2178 4666 2432 4723 Omnium
2462 4672 2793 4734 postremam
2818 4701 2835 4727 ,
2866 4676 2987 4717 cum
3019 4670 3225 4716 tantum
3252 4676 3318 4717 eo
3342 4671 3461 4716 ten-

1878 4765 2005 4826 dat,
2057 4770 2119 4818 ut
2170 4761 2430 4816 Sanctqu
2482 4758 2750 4823 Parisiis,
2792 4757 2937 4826 quod
2988 4756 3125 4809 infra
3175 4756 3461 4810 dumtaxat

1877 4854 2300 4917 discutiendum,
2331 4852 2578 4906 docuisse
2600 4850 2815 4919 probet,
2844 4848 3222 4917 praetermitto,
3254 4850 3458 4904 solum-

1880 4962 1985 5017 que
2015 4946 2150 5001 duas
2190 4944 2429 5014 reliquas
2458 4944 2732 4997 examino.
2769 4941 2971 4995 [larunt
3007 4942 3276 5010 posterior
3306 4958 3326 4993 ς
3362 4955 3451 5012 pe-

1880 5040 2013 5094 titur
2047 5040 2232 5109 (verba
2271 5050 2396 5093 sunt
2438 5035 2625 5104 Bnhei)
2675 5051 2737 5089 ex
2778 5043 3003 5089 auctore
3037 5047 3333 5104 anonymo,
3367 5036 3459 5104 qui
3550 5067 3558 5073 -

1881 5131 2173 5188 Historiam
2218 5146 2249 5184 a
2297 5130 2533 5185 Roberto
2573 5126 2639 5182 ad
2688 5136 2914 5180 mortem
2966 5140 3137 5193 usque
3181 5122 3409 5194 Philippi
3445 5127 3459 5179 Ι

1879 5226 2159 5296 perduxit,
2190 5226 2390 5295 quique
2416 5224 2725 5278 Brunonem
2759 5220 2910 5275 novit
2950 5229 3045 5274 aut
3070 5232 3229 5272 nosse
3263 5219 3458 5287 potuit.

1880 5316 1971 5371 Ille
2000 5326 2181 5370 autem
2214 5316 2279 5370 iis
2307 5331 2430 5370 eum
2463 5322 2746 5377 accenset,
2778 5330 2912 5384 quos
2934 5326 3101 5383 prope
3127 5318 3336 5365 certum
3380 5322 3463 5366 est

1881 5407 2155 5463 studuisse
2180 5416 2235 5462 et
2279 5407 2528 5462 docuisse
2556 5405 2798 5461 Parisiis.
2832 5424 2851 5457 ‹
2888 5404 2999 5459 Hoc
3030 5413 3294 5473 tempore,
3329 5422 3348 5456 ι
3382 5402 3465 5459 iu-

1880 5498 2025 5568 quit,
2071 5511 2263 5568 nempe
2296 5499 2440 5553 circa
2479 5511 2679 5551 annum
2717 5496 2877 5559 1060,
2933 5511 2952 5544 ί
2992 5503 3097 5547 tam
3132 5492 3185 5548 in
3239 5493 3416 5548 divina
3445 5536 3460 5559 ,

1887 5606 1907 5639 ε
1952 5604 2115 5658 quam
2145 5589 2200 5642 in
2230 5590 2464 5644 humana
2496 5587 2837 5657 philosophia
2871 5587 3168 5640 lloruerunt
3197 5584 3464 5641 Lani‘ran-

1888 5696 1907 5731 ι
1952 5693 2047 5734 cus
2074 5677 2485 5735 Cantuariensis
2515 5679 2821 5750 episcopus,
2851 5674 3025 5730 Guido
3052 5675 3464 5747 Langobardos,

1886 5788 1905 5821 ‹
1956 5769 2309 5838 Manigaudus
2353 5770 2720 5836 Teutonicos,
2775 5767 2952 5822 Bruuo
3003 5766 3286 5825 “emensis
3313 5811 3326 5832 ,
3364 5773 3455 5837 qni
