  <div class='ocr_page' id='page_1' title='image "/cluster/home/n/w/nwhite01/storage/ocr_20150623/152/hvd.32044015473804/025.png"; bbox 0 0 4016 6310; ppageno 0'>
   <div class='ocr_carea' id='block_1_1' title="bbox 545 346 3819 418">
    <p class='ocr_par' dir='ltr' id='par_1_1' title="bbox 545 346 3819 418">
     <span class='ocr_line' id='line_1_1' title="bbox 545 346 3819 418; baseline 0.005 -17"><span class='ocrx_word' id='word_1_1' title='bbox 545 346 612 402; x_wconf 75' lang='grc'><strong>59</strong></span> <span class='ocrx_word' id='word_1_2' title='bbox 1341 348 1400 403; x_wconf 91' lang='lat' dir='ltr'><strong>S.</strong></span> <span class='ocrx_word' id='word_1_3' title='bbox 1442 346 1790 407; x_wconf 73' lang='lat' dir='ltr'><strong>BRUNONIS</strong></span> <span class='ocrx_word' id='word_1_4' title='bbox 1829 346 2478 405; x_wconf 74' lang='lat' dir='ltr'><strong>CARTHUSIANORUM</strong></span> <span class='ocrx_word' id='word_1_5' title='bbox 2520 349 3006 412; x_wconf 68' lang='lat' dir='ltr'><strong>lNSTlTUTORlS</strong></span> <span class='ocrx_word' id='word_1_6' title='bbox 3752 362 3819 418; x_wconf 72' lang='grc'><strong>40</strong></span> 
     </span>
    </p>
   </div>
   <div class='ocr_carea' id='block_1_2' title="bbox 556 461 3816 544">
    <p class='ocr_par' dir='ltr' id='par_1_2' title="bbox 556 461 3816 544">
     <span class='ocr_line' id='line_1_2' title="bbox 556 461 3816 544; baseline 0.004 -22"><span class='ocrx_word' id='word_1_7' title='bbox 556 487 578 522; x_wconf 76' lang='grc' dir='ltr'><em>ι</em></span> <span class='ocrx_word' id='word_1_8' title='bbox 613 473 799 537; x_wconf 89' lang='lat' dir='ltr'><strong>postea</strong></span> <span class='ocrx_word' id='word_1_9' title='bbox 831 464 1013 519; x_wconf 71' lang='lat' dir='ltr'><strong>“vitam</strong></span> <span class='ocrx_word' id='word_1_10' title='bbox 1062 461 1215 518; x_wconf 75' lang='lat' dir='ltr'><strong>duxit</strong></span> <span class='ocrx_word' id='word_1_11' title='bbox 1266 464 1621 521; x_wconf 88' lang='lat' dir='ltr'><strong>eremiticam.</strong></span> <span class='ocrx_word' id='word_1_12' title='bbox 1655 486 1672 519; x_wconf 75' lang='grc' dir='ltr'>ι</span> <span class='ocrx_word' id='word_1_13' title='bbox 1732 466 1902 523; x_wconf 84' lang='lat' dir='ltr'><strong>Nemo</strong></span> <span class='ocrx_word' id='word_1_14' title='bbox 1951 475 2129 521; x_wconf 90' lang='lat' dir='ltr'><strong>autem</strong></span> <span class='ocrx_word' id='word_1_15' title='bbox 2161 465 2204 520; x_wconf 76' lang='grc' dir='ltr'>Α</span> <span class='ocrx_word' id='word_1_16' title='bbox 2232 461 2480 531; x_wconf 88' lang='lat' dir='ltr'><strong>demum,</strong></span> <span class='ocrx_word' id='word_1_17' title='bbox 2527 473 2586 520; x_wconf 94' lang='lat' dir='ltr'><strong>ut</strong></span> <span class='ocrx_word' id='word_1_18' title='bbox 2623 467 2780 523; x_wconf 82' lang='lat' dir='ltr'><strong>docui</strong></span> <span class='ocrx_word' id='word_1_19' title='bbox 2805 510 2821 534; x_wconf 89' lang='lat'><strong>,</strong></span> <span class='ocrx_word' id='word_1_20' title='bbox 2866 468 3006 524; x_wconf 66' lang='lat'><strong>{030</strong></span> <span class='ocrx_word' id='word_1_21' title='bbox 3034 469 3253 528; x_wconf 86' lang='lat' dir='ltr'><strong>circiter</strong></span> <span class='ocrx_word' id='word_1_22' title='bbox 3298 482 3498 544; x_wconf 86' lang='lat' dir='ltr'><strong>natus,</strong></span> <span class='ocrx_word' id='word_1_23' title='bbox 3549 475 3816 535; x_wconf 88' lang='lat' dir='ltr'><strong>decimum</strong></span> 
     </span>
    </p>
   </div>
   <div class='ocr_carea' id='block_1_3' title="bbox 544 555 2121 626">
    <p class='ocr_par' dir='ltr' id='par_1_3' title="bbox 544 555 2121 626">
     <span class='ocr_line' id='line_1_3' title="bbox 544 555 2121 626; baseline -0.004 -11"><span class='ocrx_word' id='word_1_24' title='bbox 544 558 743 615; x_wconf 77' lang='lat' dir='ltr'><strong>dixerit</strong></span> <span class='ocrx_word' id='word_1_25' title='bbox 764 598 778 621; x_wconf 89' lang='lat'><strong>,</strong></span> <span class='ocrx_word' id='word_1_26' title='bbox 809 555 968 611; x_wconf 82' lang='lat' dir='ltr'><strong>Viros</strong></span> <span class='ocrx_word' id='word_1_27' title='bbox 1005 556 1121 611; x_wconf 89' lang='lat' dir='ltr'><strong>illos</strong></span> <span class='ocrx_word' id='word_1_28' title='bbox 1151 556 1398 613; x_wconf 77' lang='lat' dir='ltr'><strong>docuisse</strong></span> <span class='ocrx_word' id='word_1_29' title='bbox 1436 557 1641 613; x_wconf 87' lang='lat' dir='ltr'><strong>Remis.</strong></span> <span class='ocrx_word' id='word_1_30' title='bbox 1673 578 1690 610; x_wconf 77' lang='grc' dir='ltr'><strong><em>ι</em></strong></span> <span class='ocrx_word' id='word_1_31' title='bbox 1735 558 1809 612; x_wconf 91' lang='lat' dir='ltr'><strong>lta</strong></span> <span class='ocrx_word' id='word_1_32' title='bbox 1852 557 1969 621; x_wconf 90' lang='lat' dir='ltr'><strong>ille,</strong></span> <span class='ocrx_word' id='word_1_33' title='bbox 2000 556 2121 626; x_wconf 87' lang='lat' dir='ltr'><strong>qui,</strong></span> 
     </span>
    </p>
   </div>
   <div class='ocr_carea' id='block_1_4' title="bbox 549 646 2117 720">
    <p class='ocr_par' dir='ltr' id='par_1_4' title="bbox 549 646 2117 720">
     <span class='ocr_line' id='line_1_4' title="bbox 549 646 2117 720; baseline -0.003 -17"><span class='ocrx_word' id='word_1_34' title='bbox 549 662 876 720; x_wconf 87' lang='lat' dir='ltr'><strong>quamquam</strong></span> <span class='ocrx_word' id='word_1_35' title='bbox 900 646 1159 701; x_wconf 80' lang='lat' dir='ltr'><strong>Sanctum</strong></span> <span class='ocrx_word' id='word_1_36' title='bbox 1183 646 1535 717; x_wconf 64' lang='lat' dir='ltr'><strong>philosophia:</strong></span> <span class='ocrx_word' id='word_1_37' title='bbox 1555 647 1775 703; x_wconf 80' lang='lat' dir='ltr'><strong>Parisiis</strong></span> <span class='ocrx_word' id='word_1_38' title='bbox 1797 646 2117 707; x_wconf 88' lang='lat' dir='ltr'><strong>incubuisse,</strong></span> 
     </span>
    </p>
   </div>
   <div class='ocr_carea' id='block_1_5' title="bbox 546 738 2119 808">
    <p class='ocr_par' dir='ltr' id='par_1_5' title="bbox 546 738 2119 808">
     <span class='ocr_line' id='line_1_5' title="bbox 546 738 2119 808; baseline -0.001 -15"><span class='ocrx_word' id='word_1_39' title='bbox 546 752 806 808; x_wconf 78' lang='lat' dir='ltr'><strong>expresse</strong></span> <span class='ocrx_word' id='word_1_40' title='bbox 852 753 959 792; x_wconf 91' lang='lat' dir='ltr'><strong>non</strong></span> <span class='ocrx_word' id='word_1_41' title='bbox 993 738 1169 793; x_wconf 83' lang='lat' dir='ltr'><strong>cdicat</strong></span> <span class='ocrx_word' id='word_1_42' title='bbox 1193 778 1208 803; x_wconf 93' lang='lat'><strong>,</strong></span> <span class='ocrx_word' id='word_1_43' title='bbox 1241 739 1375 794; x_wconf 84' lang='lat' dir='ltr'><strong>satis</strong></span> <span class='ocrx_word' id='word_1_44' title='bbox 1404 748 1581 795; x_wconf 89' lang='lat' dir='ltr'><strong>tamen</strong></span> <span class='ocrx_word' id='word_1_45' title='bbox 1620 740 1669 794; x_wconf 90' lang='lat' dir='ltr'><strong>id</strong></span> <span class='ocrx_word' id='word_1_46' title='bbox 1706 738 1917 801; x_wconf 89' lang='lat' dir='ltr'><strong>innuit,</strong></span> <span class='ocrx_word' id='word_1_47' title='bbox 1957 751 2079 792; x_wconf 91' lang='lat' dir='ltr'><strong>cum</strong></span> <span class='ocrx_word' id='word_1_48' title='bbox 2103 776 2119 801; x_wconf 87' lang='lat'><strong>,</strong></span> 
     </span>
    </p>
   </div>
   <div class='ocr_carea' id='block_1_6' title="bbox 542 828 2119 902">
    <p class='ocr_par' dir='ltr' id='par_1_6' title="bbox 542 828 2119 902">
     <span class='ocr_line' id='line_1_6' title="bbox 542 828 2119 902; baseline -0.001 -17"><span class='ocrx_word' id='word_1_49' title='bbox 542 830 771 886; x_wconf 77' lang='lat' dir='ltr'><strong>Parisiis</strong></span> <span class='ocrx_word' id='word_1_50' title='bbox 801 830 1073 887; x_wconf 77' lang='lat' dir='ltr'><strong>studuisse</strong></span> <span class='ocrx_word' id='word_1_51' title='bbox 1100 845 1242 895; x_wconf 90' lang='lat' dir='ltr'><strong>eum,</strong></span> <span class='ocrx_word' id='word_1_52' title='bbox 1275 845 1442 902; x_wconf 84' lang='lat' dir='ltr'><strong>prope</strong></span> <span class='ocrx_word' id='word_1_53' title='bbox 1471 840 1674 886; x_wconf 89' lang='lat' dir='ltr'><strong>certum</strong></span> <span class='ocrx_word' id='word_1_54' title='bbox 1703 845 1822 885; x_wconf 89' lang='lat' dir='ltr'><strong>esse</strong></span> <span class='ocrx_word' id='word_1_55' title='bbox 1852 828 2008 891; x_wconf 89' lang='lat' dir='ltr'><strong>velit.</strong></span> <span class='ocrx_word' id='word_1_56' title='bbox 2042 829 2119 885; x_wconf 84' lang='lat' dir='ltr'><strong>si-</strong></span> 
     </span>
    </p>
   </div>
   <div class='ocr_carea' id='block_1_7' title="bbox 543 923 2122 995">
    <p class='ocr_par' dir='ltr' id='par_1_7' title="bbox 543 923 2122 995">
     <span class='ocr_line' id='line_1_7' title="bbox 543 923 2122 995; baseline 0.002 -19"><span class='ocrx_word' id='word_1_57' title='bbox 543 923 803 993; x_wconf 87' lang='lat' dir='ltr'><strong>mulque,</strong></span> <span class='ocrx_word' id='word_1_58' title='bbox 845 937 953 993; x_wconf 89' lang='lat' dir='ltr'><strong>quo</strong></span> <span class='ocrx_word' id='word_1_59' title='bbox 986 936 1101 977; x_wconf 87' lang='lat' dir='ltr'><strong>rem</strong></span> <span class='ocrx_word' id='word_1_60' title='bbox 1138 925 1389 990; x_wconf 90' lang='lat' dir='ltr'><strong>evincat,</strong></span> <span class='ocrx_word' id='word_1_61' title='bbox 1434 923 1683 995; x_wconf 86' lang='lat' dir='ltr'><strong>anonymi</strong></span> <span class='ocrx_word' id='word_1_62' title='bbox 1725 930 1965 988; x_wconf 75' lang='lat' dir='ltr'><strong>textum,</strong></span> <span class='ocrx_word' id='word_1_63' title='bbox 2013 937 2122 994; x_wconf 89' lang='lat' dir='ltr'><strong>quo</strong></span> 
     </span>
    </p>
   </div>
   <div class='ocr_carea' id='block_1_8' title="bbox 544 1012 2117 1086">
    <p class='ocr_par' dir='ltr' id='par_1_8' title="bbox 544 1012 2117 1086">
     <span class='ocr_line' id='line_1_8' title="bbox 544 1012 2117 1086; baseline 0.002 -18"><span class='ocrx_word' id='word_1_64' title='bbox 544 1012 777 1070; x_wconf 89' lang='lat' dir='ltr'><strong>Sanctus</strong></span> <span class='ocrx_word' id='word_1_65' title='bbox 814 1014 866 1069; x_wconf 93' lang='lat' dir='ltr'><strong>in</strong></span> <span class='ocrx_word' id='word_1_66' title='bbox 896 1014 1233 1086; x_wconf 85' lang='lat' dir='ltr'><strong>philosophia</strong></span> <span class='ocrx_word' id='word_1_67' title='bbox 1270 1015 1513 1070; x_wconf 84' lang='lat' dir='ltr'><strong>ﬂoruisse</strong></span> <span class='ocrx_word' id='word_1_68' title='bbox 1535 1054 1549 1080; x_wconf 94' lang='lat'><strong>,</strong></span> <span class='ocrx_word' id='word_1_69' title='bbox 1590 1013 1873 1080; x_wconf 87' lang='lat' dir='ltr'><strong>asseritur,</strong></span> <span class='ocrx_word' id='word_1_70' title='bbox 1907 1014 1961 1070; x_wconf 94' lang='lat' dir='ltr'><strong>in</strong></span> <span class='ocrx_word' id='word_1_71' title='bbox 2001 1031 2117 1071; x_wconf 82' lang='lat' dir='ltr'><strong>me-</strong></span> 
     </span>
    </p>
   </div>
   <div class='ocr_carea' id='block_1_9' title="bbox 542 1106 2118 1178">
    <p class='ocr_par' dir='ltr' id='par_1_9' title="bbox 542 1106 2118 1178">
     <span class='ocr_line' id='line_1_9' title="bbox 542 1106 2118 1178; baseline 0.003 -18"><span class='ocrx_word' id='word_1_72' title='bbox 542 1107 690 1160; x_wconf 90' lang='lat' dir='ltr'><strong>dium</strong></span> <span class='ocrx_word' id='word_1_73' title='bbox 722 1109 973 1164; x_wconf 89' lang='lat' dir='ltr'><strong>adducat.</strong></span> <span class='ocrx_word' id='word_1_74' title='bbox 1008 1108 1205 1164; x_wconf 82' lang='lat' dir='ltr'><strong>Verum</strong></span> <span class='ocrx_word' id='word_1_75' title='bbox 1236 1108 1391 1170; x_wconf 80' lang='lat' dir='ltr'><strong>unde.</strong></span> <span class='ocrx_word' id='word_1_76' title='bbox 1434 1121 1635 1178; x_wconf 61' lang='lat' dir='ltr'><strong>quaso,</strong></span> <span class='ocrx_word' id='word_1_77' title='bbox 1674 1106 1982 1164; x_wconf 87' lang='lat' dir='ltr'><strong>Brunonem</strong></span> <span class='ocrx_word' id='word_1_78' title='bbox 2011 1124 2118 1164; x_wconf 90' lang='lat' dir='ltr'><strong>non</strong></span> 
     </span>
    </p>
   </div>
   <div class='ocr_carea' id='block_1_10' title="bbox 544 1196 2121 1271">
    <p class='ocr_par' dir='ltr' id='par_1_10' title="bbox 544 1196 2121 1271">
     <span class='ocr_line' id='line_1_10' title="bbox 544 1196 2121 1271; baseline 0.006 -22"><span class='ocrx_word' id='word_1_79' title='bbox 544 1196 674 1252; x_wconf 81' lang='lat' dir='ltr'><strong>alibi</strong></span> <span class='ocrx_word' id='word_1_80' title='bbox 729 1214 891 1268; x_wconf 89' lang='lat' dir='ltr'><strong>quam</strong></span> <span class='ocrx_word' id='word_1_81' title='bbox 942 1198 1164 1256; x_wconf 81' lang='lat' dir='ltr'><strong>Parisiis</strong></span> <span class='ocrx_word' id='word_1_82' title='bbox 1213 1199 1562 1269; x_wconf 72' lang='lat' dir='ltr'><strong>philosophia:</strong></span> <span class='ocrx_word' id='word_1_83' title='bbox 1611 1200 1968 1271; x_wconf 86' lang='lat' dir='ltr'><strong>incubuisse,</strong></span> <span class='ocrx_word' id='word_1_84' title='bbox 2026 1213 2121 1259; x_wconf 90' lang='lat' dir='ltr'><strong>aut</strong></span> 
     </span>
    </p>
   </div>
   <div class='ocr_carea' id='block_1_11' title="bbox 542 1286 2119 1365">
    <p class='ocr_par' dir='ltr' id='par_1_11' title="bbox 542 1286 2119 1365">
     <span class='ocr_line' id='line_1_11' title="bbox 542 1286 2119 1365; baseline 0.006 -25"><span class='ocrx_word' id='word_1_85' title='bbox 542 1286 706 1342; x_wconf 90' lang='lat' dir='ltr'><strong>etiam</strong></span> <span class='ocrx_word' id='word_1_86' title='bbox 737 1289 1016 1345; x_wconf 86' lang='lat' dir='ltr'><strong>scientiam</strong></span> <span class='ocrx_word' id='word_1_87' title='bbox 1049 1292 1187 1345; x_wconf 88' lang='lat' dir='ltr'><strong>hanc</strong></span> <span class='ocrx_word' id='word_1_88' title='bbox 1213 1289 1485 1353; x_wconf 87' lang='lat' dir='ltr'><strong>docuisse,</strong></span> <span class='ocrx_word' id='word_1_89' title='bbox 1518 1302 1729 1346; x_wconf 90' lang='lat' dir='ltr'><strong>certum</strong></span> <span class='ocrx_word' id='word_1_90' title='bbox 1757 1307 1880 1350; x_wconf 89' lang='lat' dir='ltr'><strong>esse</strong></span> <span class='ocrx_word' id='word_1_91' title='bbox 1907 1295 2119 1365; x_wconf 73' lang='lat' dir='ltr'><strong>potest?</strong></span> 
     </span>
    </p>
   </div>
   <div class='ocr_carea' id='block_1_12' title="bbox 613 1377 2116 1455">
    <p class='ocr_par' dir='ltr' id='par_1_12' title="bbox 613 1377 2116 1455">
     <span class='ocr_line' id='line_1_12' title="bbox 613 1377 2116 1455; baseline 0.007 -23"><span class='ocrx_word' id='word_1_92' title='bbox 613 1378 703 1433; x_wconf 82' lang='lat'><strong>58.</strong></span> <span class='ocrx_word' id='word_1_93' title='bbox 738 1377 881 1434; x_wconf 91' lang='lat' dir='ltr'><strong>Sane</strong></span> <span class='ocrx_word' id='word_1_94' title='bbox 902 1379 1199 1433; x_wconf 85' lang='lat' dir='ltr'><strong>Brunonem</strong></span> <span class='ocrx_word' id='word_1_95' title='bbox 1221 1377 1616 1450; x_wconf 86' lang='lat' dir='ltr'><strong>philosophiam</strong></span> <span class='ocrx_word' id='word_1_96' title='bbox 1638 1381 1824 1437; x_wconf 78' lang='lat' dir='ltr'><strong>Remis</strong></span> <span class='ocrx_word' id='word_1_97' title='bbox 1844 1384 2116 1455; x_wconf 84' lang='lat' dir='ltr'><strong>docuisse,</strong></span> 
     </span>
    </p>
   </div>
   <div class='ocr_carea' id='block_1_13' title="bbox 538 1470 2117 1549">
    <p class='ocr_par' dir='ltr' id='par_1_13' title="bbox 538 1470 2117 1549">
     <span class='ocr_line' id='line_1_13' title="bbox 538 1470 2117 1549; baseline 0.006 -22"><span class='ocrx_word' id='word_1_98' title='bbox 538 1484 601 1527; x_wconf 81' lang='lat' dir='ltr'><strong>ex</strong></span> <span class='ocrx_word' id='word_1_99' title='bbox 641 1470 781 1526; x_wconf 81' lang='lat' dir='ltr'><strong>infra</strong></span> <span class='ocrx_word' id='word_1_100' title='bbox 820 1471 1057 1527; x_wconf 86' lang='lat' dir='ltr'><strong>dicendis</strong></span> <span class='ocrx_word' id='word_1_101' title='bbox 1091 1486 1155 1526; x_wconf 91' lang='lat' dir='ltr'><strong>ac</strong></span> <span class='ocrx_word' id='word_1_102' title='bbox 1193 1472 1511 1528; x_wconf 82' lang='lat' dir='ltr'><strong>nominatim</strong></span> <span class='ocrx_word' id='word_1_103' title='bbox 1544 1490 1612 1530; x_wconf 86' lang='lat' dir='ltr'><strong>ex</strong></span> <span class='ocrx_word' id='word_1_104' title='bbox 1658 1476 1812 1546; x_wconf 84' lang='lat' dir='ltr'><strong>ipso,</strong></span> <span class='ocrx_word' id='word_1_105' title='bbox 1854 1479 1996 1549; x_wconf 88' lang='lat' dir='ltr'><strong>quod</strong></span> <span class='ocrx_word' id='word_1_106' title='bbox 2029 1480 2117 1537; x_wconf 87' lang='lat' dir='ltr'><strong>hic</strong></span> 
     </span>
    </p>
   </div>
   <div class='ocr_carea' id='block_1_14' title="bbox 537 1560 2115 1634">
    <p class='ocr_par' dir='ltr' id='par_1_14' title="bbox 537 1560 2115 1634">
     <span class='ocr_line' id='line_1_14' title="bbox 537 1560 2115 1634; baseline 0.008 -20"><span class='ocrx_word' id='word_1_107' title='bbox 537 1560 752 1616; x_wconf 65' lang='lat' dir='ltr'><strong>Bulaeus</strong></span> <span class='ocrx_word' id='word_1_108' title='bbox 797 1561 1016 1626; x_wconf 89' lang='lat' dir='ltr'><strong>laudat,</strong></span> <span class='ocrx_word' id='word_1_109' title='bbox 1066 1560 1399 1634; x_wconf 80' lang='lat' dir='ltr'><strong>Fragmento</strong></span> <span class='ocrx_word' id='word_1_110' title='bbox 1443 1565 1707 1623; x_wconf 83' lang='lat' dir='ltr'><strong>historico</strong></span> <span class='ocrx_word' id='word_1_111' title='bbox 1756 1570 2115 1628; x_wconf 81' lang='lat' dir='ltr'><strong>verosimilius</strong></span> 
     </span>
    </p>
   </div>
   <div class='ocr_carea' id='block_1_15' title="bbox 535 1656 2117 1732">
    <p class='ocr_par' dir='ltr' id='par_1_15' title="bbox 535 1656 2117 1732">
     <span class='ocr_line' id='line_1_15' title="bbox 535 1656 2117 1732; baseline 0.009 -24"><span class='ocrx_word' id='word_1_112' title='bbox 535 1665 785 1725; x_wconf 85' lang='lat' dir='ltr'><strong>apparet,</strong></span> <span class='ocrx_word' id='word_1_113' title='bbox 825 1664 881 1709; x_wconf 92' lang='lat' dir='ltr'><strong>ut</strong></span> <span class='ocrx_word' id='word_1_114' title='bbox 916 1656 1141 1725; x_wconf 88' lang='lat' dir='ltr'><strong>proinde</strong></span> <span class='ocrx_word' id='word_1_115' title='bbox 1182 1660 1521 1716; x_wconf 87' lang='lat' dir='ltr'><strong>contrarium</strong></span> <span class='ocrx_word' id='word_1_116' title='bbox 1553 1662 1627 1718; x_wconf 89' lang='lat' dir='ltr'><strong>sit</strong></span> <span class='ocrx_word' id='word_1_117' title='bbox 1670 1662 1936 1720; x_wconf 90' lang='lat' dir='ltr'><strong>incertum</strong></span> <span class='ocrx_word' id='word_1_118' title='bbox 1964 1705 1979 1732; x_wconf 91' lang='lat'><strong>,</strong></span> <span class='ocrx_word' id='word_1_119' title='bbox 2019 1667 2117 1723; x_wconf 62' lang='lat' dir='ltr'><strong>deo</strong></span> 
     </span>
    </p>
   </div>
   <div class='ocr_carea' id='block_1_16' title="bbox 531 1746 2109 1829">
    <p class='ocr_par' dir='ltr' id='par_1_16' title="bbox 531 1746 2109 1829">
     <span class='ocr_line' id='line_1_16' title="bbox 531 1746 2109 1829; baseline 0.009 -29"><span class='ocrx_word' id='word_1_120' title='bbox 531 1746 759 1815; x_wconf 88' lang='lat' dir='ltr'><strong>beatque</strong></span> <span class='ocrx_word' id='word_1_121' title='bbox 790 1747 871 1801; x_wconf 89' lang='lat' dir='ltr'><strong>vel</strong></span> <span class='ocrx_word' id='word_1_122' title='bbox 904 1747 1033 1803; x_wconf 88' lang='lat' dir='ltr'><strong>hinc</strong></span> <span class='ocrx_word' id='word_1_123' title='bbox 1067 1748 1228 1805; x_wconf 69' lang='lat' dir='ltr'><strong>Balari</strong></span> <span class='ocrx_word' id='word_1_124' title='bbox 1260 1752 1593 1823; x_wconf 83' lang='lat' dir='ltr'><strong>conjectura.</strong></span> <span class='ocrx_word' id='word_1_125' title='bbox 1624 1755 1692 1811; x_wconf 89' lang='lat' dir='ltr'><strong>de</strong></span> <span class='ocrx_word' id='word_1_126' title='bbox 1717 1756 2053 1829; x_wconf 74' lang='lat' dir='ltr'><strong>phil050phia</strong></span> <span class='ocrx_word' id='word_1_127' title='bbox 2079 1775 2109 1814; x_wconf 88' lang='lat' dir='ltr'><strong>a</strong></span> 
     </span>
    </p>
   </div>
   <div class='ocr_carea' id='block_1_17' title="bbox 529 1834 2117 1911">
    <p class='ocr_par' dir='ltr' id='par_1_17' title="bbox 529 1834 2117 1911">
     <span class='ocr_line' id='line_1_17' title="bbox 529 1834 2117 1911; baseline 0.012 -25"><span class='ocrx_word' id='word_1_128' title='bbox 529 1834 778 1889; x_wconf 87' lang='lat' dir='ltr'><strong>Brunone</strong></span> <span class='ocrx_word' id='word_1_129' title='bbox 805 1834 1029 1893; x_wconf 84' lang='lat' dir='ltr'><strong>Parisiis</strong></span> <span class='ocrx_word' id='word_1_130' title='bbox 1051 1848 1307 1909; x_wconf 80' lang='lat' dir='ltr'><strong>excepta,</strong></span> <span class='ocrx_word' id='word_1_131' title='bbox 1336 1857 1436 1911; x_wconf 90' lang='lat' dir='ltr'><strong>pro</strong></span> <span class='ocrx_word' id='word_1_132' title='bbox 1464 1843 1753 1899; x_wconf 91' lang='lat' dir='ltr'><strong>admodum</strong></span> <span class='ocrx_word' id='word_1_133' title='bbox 1784 1846 1990 1903; x_wconf 89' lang='lat' dir='ltr'><strong>incerta</strong></span> <span class='ocrx_word' id='word_1_134' title='bbox 2025 1850 2117 1905; x_wconf 83' lang='lat' dir='ltr'><strong>ha-</strong></span> 
     </span>
    </p>
   </div>
   <div class='ocr_carea' id='block_1_18' title="bbox 526 1925 2117 2008">
    <p class='ocr_par' dir='ltr' id='par_1_18' title="bbox 526 1925 2117 2008">
     <span class='ocr_line' id='line_1_18' title="bbox 526 1925 2117 2008; baseline 0.013 -31"><span class='ocrx_word' id='word_1_135' title='bbox 526 1925 682 1993; x_wconf 74' lang='lat' dir='ltr'><strong>beri;</strong></span> <span class='ocrx_word' id='word_1_136' title='bbox 735 1940 804 1981; x_wconf 89' lang='lat' dir='ltr'><strong>an</strong></span> <span class='ocrx_word' id='word_1_137' title='bbox 851 1940 982 1983; x_wconf 83' lang='lat' dir='ltr'><strong>vero</strong></span> <span class='ocrx_word' id='word_1_138' title='bbox 1030 1929 1098 1985; x_wconf 90' lang='lat' dir='ltr'><strong>de</strong></span> <span class='ocrx_word' id='word_1_139' title='bbox 1141 1929 1287 1997; x_wconf 85' lang='lat' dir='ltr'><strong>aliis,</strong></span> <span class='ocrx_word' id='word_1_140' title='bbox 1333 1948 1469 2003; x_wconf 83' lang='lat' dir='ltr'><strong>quos</strong></span> <span class='ocrx_word' id='word_1_141' title='bbox 1511 1950 1813 2008; x_wconf 84' lang='lat' dir='ltr'><strong>anonymus</strong></span> <span class='ocrx_word' id='word_1_142' title='bbox 1855 1954 1888 1993; x_wconf 88' lang='lat' dir='ltr'><strong>a</strong></span> <span class='ocrx_word' id='word_1_143' title='bbox 1937 1939 2117 1998; x_wconf 70' lang='lat' dir='ltr'><strong>Bulmo</strong></span> 
     </span>
    </p>
   </div>
   <div class='ocr_carea' id='block_1_19' title="bbox 528 2016 2119 2089">
    <p class='ocr_par' dir='ltr' id='par_1_19' title="bbox 528 2016 2119 2089">
     <span class='ocr_line' id='line_1_19' title="bbox 528 2016 2119 2089; baseline 0.013 -21"><span class='ocrx_word' id='word_1_144' title='bbox 528 2016 795 2073; x_wconf 89' lang='lat' dir='ltr'><strong>adductus</strong></span> <span class='ocrx_word' id='word_1_145' title='bbox 822 2017 1030 2081; x_wconf 89' lang='lat' dir='ltr'><strong>laudat,</strong></span> <span class='ocrx_word' id='word_1_146' title='bbox 1063 2022 1265 2078; x_wconf 88' lang='lat' dir='ltr'><strong>certior</strong></span> <span class='ocrx_word' id='word_1_147' title='bbox 1293 2023 1400 2089; x_wconf 89' lang='lat' dir='ltr'><strong>sit,</strong></span> <span class='ocrx_word' id='word_1_148' title='bbox 1432 2024 1553 2080; x_wconf 88' lang='lat' dir='ltr'><strong>aliis</strong></span> <span class='ocrx_word' id='word_1_149' title='bbox 1580 2028 2001 2086; x_wconf 79' lang='lat' dir='ltr'><strong>examinandum</strong></span> <span class='ocrx_word' id='word_1_150' title='bbox 2032 2049 2119 2088; x_wconf 86' lang='lat' dir='ltr'><strong>re-</strong></span> 
     </span>
    </p>
   </div>
   <div class='ocr_carea' id='block_1_20' title="bbox 535 2106 2115 2192">
    <p class='ocr_par' dir='ltr' id='par_1_20' title="bbox 535 2106 2115 2192">
     <span class='ocr_line' id='line_1_20' title="bbox 535 2106 2115 2192; baseline 0.013 -32"><span class='ocrx_word' id='word_1_151' title='bbox 535 2106 756 2177; x_wconf 86' lang='lat' dir='ltr'><strong>linquo,</strong></span> <span class='ocrx_word' id='word_1_152' title='bbox 796 2120 851 2164; x_wconf 87' lang='lat' dir='ltr'><strong>et</strong></span> <span class='ocrx_word' id='word_1_153' title='bbox 882 2111 949 2166; x_wconf 92' lang='lat' dir='ltr'><strong>ad</strong></span> <span class='ocrx_word' id='word_1_154' title='bbox 980 2112 1203 2169; x_wconf 86' lang='lat' dir='ltr'><strong>alteram</strong></span> <span class='ocrx_word' id='word_1_155' title='bbox 1247 2115 1529 2186; x_wconf 84' lang='lat' dir='ltr'><strong>scriptoris</strong></span> <span class='ocrx_word' id='word_1_156' title='bbox 1562 2117 1721 2188; x_wconf 88' lang='lat' dir='ltr'><strong>hujus</strong></span> <span class='ocrx_word' id='word_1_157' title='bbox 1748 2122 2115 2192; x_wconf 86' lang='lat' dir='ltr'><strong>conjecturam</strong></span> 
     </span>
    </p>
   </div>
   <div class='ocr_carea' id='block_1_21' title="bbox 524 2194 2116 2271">
    <p class='ocr_par' dir='ltr' id='par_1_21' title="bbox 524 2194 2116 2271">
     <span class='ocr_line' id='line_1_21' title="bbox 524 2194 2116 2271; baseline 0.013 -21"><span class='ocrx_word' id='word_1_158' title='bbox 524 2194 637 2265; x_wconf 88' lang='lat' dir='ltr'><strong>jam</strong></span> <span class='ocrx_word' id='word_1_159' title='bbox 698 2198 878 2254; x_wconf 89' lang='lat' dir='ltr'><strong>venio.</strong></span> <span class='ocrx_word' id='word_1_160' title='bbox 934 2218 955 2253; x_wconf 71' lang='grc' dir='ltr'>ι</span> <span class='ocrx_word' id='word_1_161' title='bbox 1011 2201 1137 2257; x_wconf 61' lang='lat' dir='ltr'><strong>llaec</strong></span> <span class='ocrx_word' id='word_1_162' title='bbox 1193 2213 1278 2259; x_wconf 89' lang='lat' dir='ltr'><strong>est</strong></span> <span class='ocrx_word' id='word_1_163' title='bbox 1324 2220 1390 2261; x_wconf 82' lang='lat' dir='ltr'><strong>ex</strong></span> <span class='ocrx_word' id='word_1_164' title='bbox 1444 2206 1697 2266; x_wconf 88' lang='lat' dir='ltr'><strong>Chronici</strong></span> <span class='ocrx_word' id='word_1_165' title='bbox 1748 2210 2116 2271; x_wconf 82' lang='lat' dir='ltr'><strong>Malleacensis</strong></span> 
     </span>
    </p>
   </div>
   <div class='ocr_carea' id='block_1_22' title="bbox 529 2289 2113 2376">
    <p class='ocr_par' dir='ltr' id='par_1_22' title="bbox 529 2289 2113 2376">
     <span class='ocr_line' id='line_1_22' title="bbox 529 2289 2113 2376; baseline 0.013 -35"><span class='ocrx_word' id='word_1_166' title='bbox 529 2289 717 2358; x_wconf 87' lang='lat' dir='ltr'><strong>(verba</strong></span> <span class='ocrx_word' id='word_1_167' title='bbox 753 2290 948 2345; x_wconf 83' lang='lat' dir='ltr'><strong>iterum</strong></span> <span class='ocrx_word' id='word_1_168' title='bbox 980 2303 1104 2346; x_wconf 91' lang='lat' dir='ltr'><strong>sunt</strong></span> <span class='ocrx_word' id='word_1_169' title='bbox 1131 2292 1320 2366; x_wconf 68' lang='lat' dir='ltr'><strong>Bulazi)</strong></span> <span class='ocrx_word' id='word_1_170' title='bbox 1359 2299 1728 2370; x_wconf 84' lang='lat' dir='ltr'><strong>manuscripto</strong></span> <span class='ocrx_word' id='word_1_171' title='bbox 1770 2303 1955 2360; x_wconf 89' lang='lat' dir='ltr'><strong>codice</strong></span> <span class='ocrx_word' id='word_1_172' title='bbox 1978 2343 1993 2370; x_wconf 87' lang='lat'><strong>,</strong></span> <span class='ocrx_word' id='word_1_173' title='bbox 2023 2306 2113 2376; x_wconf 88' lang='lat' dir='ltr'><strong>qui</strong></span> 
     </span>
    </p>
   </div>
   <div class='ocr_carea' id='block_1_23' title="bbox 528 2382 2113 2468">
    <p class='ocr_par' dir='ltr' id='par_1_23' title="bbox 528 2382 2113 2468">
     <span class='ocr_line' id='line_1_23' title="bbox 528 2382 2113 2468; baseline 0.01 -32"><span class='ocrx_word' id='word_1_174' title='bbox 528 2382 733 2436; x_wconf 80' lang='lat' dir='ltr'><strong>servari</strong></span> <span class='ocrx_word' id='word_1_175' title='bbox 763 2382 959 2437; x_wconf 88' lang='lat' dir='ltr'><strong>dicitur</strong></span> <span class='ocrx_word' id='word_1_176' title='bbox 985 2384 1210 2441; x_wconf 86' lang='lat' dir='ltr'><strong>Parisiis</strong></span> <span class='ocrx_word' id='word_1_177' title='bbox 1240 2386 1294 2441; x_wconf 92' lang='lat' dir='ltr'><strong>in</strong></span> <span class='ocrx_word' id='word_1_178' title='bbox 1329 2388 1654 2468; x_wconf 72' lang='lat' dir='ltr'><strong>bibliotheca</strong></span> <span class='ocrx_word' id='word_1_179' title='bbox 1690 2392 1956 2463; x_wconf 89' lang='lat' dir='ltr'><strong>Puteana,</strong></span> <span class='ocrx_word' id='word_1_180' title='bbox 1989 2400 2113 2468; x_wconf 82' lang='lat' dir='ltr'><strong>qui-</strong></span> 
     </span>
    </p>
   </div>
   <div class='ocr_carea' id='block_1_24' title="bbox 526 2463 2110 2559">
    <p class='ocr_par' dir='ltr' id='par_1_24' title="bbox 526 2463 2110 2559">
     <span class='ocr_line' id='line_1_24' title="bbox 526 2463 2110 2559; baseline 0.013 -32"><span class='ocrx_word' id='word_1_181' title='bbox 526 2489 652 2542; x_wconf 25' lang='lat' dir='ltr'><strong>que‘</strong></span> <span class='ocrx_word' id='word_1_182' title='bbox 678 2475 747 2529; x_wconf 87' lang='lat' dir='ltr'><strong>ab</strong></span> <span class='ocrx_word' id='word_1_183' title='bbox 776 2486 997 2531; x_wconf 90' lang='lat' dir='ltr'><strong>auctore</strong></span> <span class='ocrx_word' id='word_1_184' title='bbox 1034 2479 1374 2550; x_wconf 90' lang='lat' dir='ltr'><strong>conscriptus</strong></span> <span class='ocrx_word' id='word_1_185' title='bbox 1413 2490 1498 2537; x_wconf 82' lang='lat' dir='ltr'><strong>est</strong></span> <span class='ocrx_word' id='word_1_186' title='bbox 1522 2463 1668 2540; x_wconf 66' lang='lat' dir='ltr'><strong>circa</strong></span> <span class='ocrx_word' id='word_1_187' title='bbox 1717 2501 1915 2543; x_wconf 90' lang='lat' dir='ltr'><strong>annum</strong></span> <span class='ocrx_word' id='word_1_188' title='bbox 1954 2463 2110 2559; x_wconf 45' lang='lat'><strong>11—60,</strong></span> 
     </span>
    </p>
   </div>
   <div class='ocr_carea' id='block_1_25' title="bbox 527 2564 2110 2642">
    <p class='ocr_par' dir='ltr' id='par_1_25' title="bbox 527 2564 2110 2642">
     <span class='ocr_line' id='line_1_25' title="bbox 527 2564 2110 2642; baseline 0.015 -26"><span class='ocrx_word' id='word_1_189' title='bbox 527 2572 585 2617; x_wconf 85' lang='lat' dir='ltr'><strong>et</strong></span> <span class='ocrx_word' id='word_1_190' title='bbox 617 2564 669 2618; x_wconf 94' lang='lat' dir='ltr'><strong>in</strong></span> <span class='ocrx_word' id='word_1_191' title='bbox 702 2564 877 2639; x_wconf 89' lang='lat' dir='ltr'><strong>lucem</strong></span> <span class='ocrx_word' id='word_1_192' title='bbox 906 2568 1084 2623; x_wconf 83' lang='lat' dir='ltr'><strong>editus</strong></span> <span class='ocrx_word' id='word_1_193' title='bbox 1121 2584 1151 2623; x_wconf 94' lang='lat' dir='ltr'><strong>a</strong></span> <span class='ocrx_word' id='word_1_194' title='bbox 1183 2568 1433 2642; x_wconf 90' lang='lat' dir='ltr'><strong>Philippo</strong></span> <span class='ocrx_word' id='word_1_195' title='bbox 1463 2573 1700 2633; x_wconf 84' lang='lat' dir='ltr'><strong>Labbeo.</strong></span> <span class='ocrx_word' id='word_1_196' title='bbox 1730 2578 1788 2634; x_wconf 87' lang='lat' dir='ltr'><strong>In</strong></span> <span class='ocrx_word' id='word_1_197' title='bbox 1827 2594 1894 2636; x_wconf 91' lang='lat' dir='ltr'><strong>eo</strong></span> <span class='ocrx_word' id='word_1_198' title='bbox 1931 2593 2110 2639; x_wconf 88' lang='lat' dir='ltr'><strong>autem</strong></span> 
     </span>
    </p>
   </div>
   <div class='ocr_carea' id='block_1_26' title="bbox 530 2653 2111 2730">
    <p class='ocr_par' dir='ltr' id='par_1_26' title="bbox 530 2653 2111 2730">
     <span class='ocr_line' id='line_1_26' title="bbox 530 2653 2111 2730; baseline 0.015 -23"><span class='ocrx_word' id='word_1_199' title='bbox 530 2653 784 2724; x_wconf 82' lang='lat' dir='ltr'><strong>leguntur</strong></span> <span class='ocrx_word' id='word_1_200' title='bbox 813 2657 927 2713; x_wconf 71' lang='lat' dir='ltr'><strong>haec</strong></span> <span class='ocrx_word' id='word_1_201' title='bbox 957 2661 1116 2714; x_wconf 88' lang='lat' dir='ltr'><strong>verba</strong></span> <span class='ocrx_word' id='word_1_202' title='bbox 1151 2662 1216 2715; x_wconf 89' lang='lat' dir='ltr'><strong>ad</strong></span> <span class='ocrx_word' id='word_1_203' title='bbox 1247 2678 1335 2717; x_wconf 92' lang='lat' dir='ltr'><strong>an.</strong></span> <span class='ocrx_word' id='word_1_204' title='bbox 1366 2663 1471 2719; x_wconf 88' lang='lat'><strong>996</strong></span> <span class='ocrx_word' id='word_1_205' title='bbox 1504 2683 1518 2720; x_wconf 94' lang='lat'><strong>:</strong></span> <span class='ocrx_word' id='word_1_206' title='bbox 1556 2685 1574 2719; x_wconf 75' lang='grc' dir='ltr'>ι</span> <span class='ocrx_word' id='word_1_207' title='bbox 1606 2666 1903 2727; x_wconf 87' lang='lat' dir='ltr'><strong>Gerbertus</strong></span> <span class='ocrx_word' id='word_1_208' title='bbox 1932 2673 2111 2730; x_wconf 89' lang='lat' dir='ltr'><strong>docuit</strong></span> 
     </span>
    </p>
   </div>
   <div class='ocr_carea' id='block_1_27' title="bbox 525 2744 2110 2826">
    <p class='ocr_par' dir='ltr' id='par_1_27' title="bbox 525 2744 2110 2826">
     <span class='ocr_line' id='line_1_27' title="bbox 525 2744 2110 2826; baseline 0.016 -32"><span class='ocrx_word' id='word_1_209' title='bbox 525 2762 550 2794; x_wconf 64' lang='lat'><strong>4</strong></span> <span class='ocrx_word' id='word_1_210' title='bbox 599 2744 943 2809; x_wconf 83' lang='lat' dir='ltr'><strong>Fulbertum,</strong></span> <span class='ocrx_word' id='word_1_211' title='bbox 986 2747 1374 2806; x_wconf 85' lang='lat' dir='ltr'><strong>Carnotensem</strong></span> <span class='ocrx_word' id='word_1_212' title='bbox 1403 2754 1735 2826; x_wconf 86' lang='lat' dir='ltr'><strong>episcopum.</strong></span> <span class='ocrx_word' id='word_1_213' title='bbox 1785 2759 1883 2817; x_wconf 82' lang='lat' dir='ltr'><strong>Hic</strong></span> <span class='ocrx_word' id='word_1_214' title='bbox 1915 2762 2110 2819; x_wconf 90' lang='lat' dir='ltr'><strong>iterum</strong></span> 
     </span>
    </p>
   </div>
   <div class='ocr_carea' id='block_1_28' title="bbox 526 2833 2107 2912">
    <p class='ocr_par' dir='ltr' id='par_1_28' title="bbox 526 2833 2107 2912">
     <span class='ocr_line' id='line_1_28' title="bbox 526 2833 2107 2912; baseline 0.016 -27"><span class='ocrx_word' id='word_1_215' title='bbox 526 2852 552 2885; x_wconf 12' lang='lat' dir='ltr'><strong>is</strong></span> <span class='ocrx_word' id='word_1_216' title='bbox 597 2833 887 2892; x_wconf 79' lang='lat' dir='ltr'><strong>Fulbertus</strong></span> <span class='ocrx_word' id='word_1_217' title='bbox 914 2839 1095 2894; x_wconf 89' lang='lat' dir='ltr'><strong>docuit</strong></span> <span class='ocrx_word' id='word_1_218' title='bbox 1121 2840 1501 2912; x_wconf 82' lang='lat' dir='ltr'><strong>Berengarium</strong></span> <span class='ocrx_word' id='word_1_219' title='bbox 1529 2849 1850 2905; x_wconf 91' lang='lat' dir='ltr'><strong>canonicum</strong></span> <span class='ocrx_word' id='word_1_220' title='bbox 1880 2850 1937 2906; x_wconf 87' lang='lat' dir='ltr'><strong>S.</strong></span> <span class='ocrx_word' id='word_1_221' title='bbox 1966 2853 2107 2909; x_wconf 84' lang='lat' dir='ltr'><strong>Mar-</strong></span> 
     </span>
    </p>
   </div>
   <div class='ocr_carea' id='block_1_29' title="bbox 518 2922 2111 3001">
    <p class='ocr_par' dir='ltr' id='par_1_29' title="bbox 518 2922 2111 3001">
     <span class='ocr_line' id='line_1_29' title="bbox 518 2922 2111 3001; baseline 0.015 -24"><span class='ocrx_word' id='word_1_222' title='bbox 518 2944 552 2976; x_wconf 68' lang='grc' dir='ltr'><strong>Δι</strong></span> <span class='ocrx_word' id='word_1_223' title='bbox 601 2926 719 2980; x_wconf 83' lang='grc' dir='ltr'><strong>ιίιιί.</strong></span> <span class='ocrx_word' id='word_1_224' title='bbox 751 2926 853 2993; x_wconf 87' lang='lat' dir='ltr'><strong>Qui</strong></span> <span class='ocrx_word' id='word_1_225' title='bbox 886 2928 1012 2984; x_wconf 89' lang='lat' dir='ltr'><strong>item</strong></span> <span class='ocrx_word' id='word_1_226' title='bbox 1040 2930 1346 2989; x_wconf 88' lang='lat' dir='ltr'><strong>Brunouem</strong></span> <span class='ocrx_word' id='word_1_227' title='bbox 1379 2922 1699 2995; x_wconf 88' lang='lat' dir='ltr'><strong>Remensem</strong></span> <span class='ocrx_word' id='word_1_228' title='bbox 1729 2950 1784 2996; x_wconf 90' lang='lat' dir='ltr'><strong>et</strong></span> <span class='ocrx_word' id='word_1_229' title='bbox 1808 2942 1943 2999; x_wconf 85' lang='lat' dir='ltr'><strong>alios</strong></span> <span class='ocrx_word' id='word_1_230' title='bbox 1970 2946 2111 3001; x_wconf 81' lang='lat' dir='ltr'><strong>mul-</strong></span> 
     </span>
    </p>
   </div>
   <div class='ocr_carea' id='block_1_30' title="bbox 516 3018 2107 3105">
    <p class='ocr_par' dir='ltr' id='par_1_30' title="bbox 516 3018 2107 3105">
     <span class='ocr_line' id='line_1_30' title="bbox 516 3018 2107 3105; baseline 0.015 -38"><span class='ocrx_word' id='word_1_231' title='bbox 516 3035 551 3067; x_wconf 75' lang='grc' dir='ltr'><strong>-ι</strong></span> <span class='ocrx_word' id='word_1_232' title='bbox 602 3026 683 3071; x_wconf 91' lang='lat' dir='ltr'><strong>tos</strong></span> <span class='ocrx_word' id='word_1_233' title='bbox 714 3018 955 3074; x_wconf 55' lang='lat' dir='ltr'><strong>[Heredes</strong></span> <span class='ocrx_word' id='word_1_234' title='bbox 995 3021 1346 3095; x_wconf 77' lang='lat' dir='ltr'><strong>philosophia:</strong></span> <span class='ocrx_word' id='word_1_235' title='bbox 1384 3026 1620 3098; x_wconf 84' lang='lat' dir='ltr'><strong>reliquit.</strong></span> <span class='ocrx_word' id='word_1_236' title='bbox 1662 3031 1845 3088; x_wconf 89' lang='lat' dir='ltr'><strong>Bruno</strong></span> <span class='ocrx_word' id='word_1_237' title='bbox 1892 3035 2107 3105; x_wconf 84' lang='lat' dir='ltr'><strong>quidem</strong></span> 
     </span>
    </p>
   </div>
   <div class='ocr_carea' id='block_1_31' title="bbox 518 3106 2179 3220">
    <p class='ocr_par' dir='ltr' id='par_1_31' title="bbox 518 3106 2179 3220">
     <span class='ocr_line' id='line_1_31' title="bbox 518 3106 2179 3220; baseline 0.016 -63"><span class='ocrx_word' id='word_1_238' title='bbox 518 3125 554 3157; x_wconf 24' lang='lat' dir='ltr'><strong>rs</strong></span> <span class='ocrx_word' id='word_1_239' title='bbox 602 3106 876 3220; x_wconf 52' lang='lat' dir='ltr'><strong>per‘l‘ectus</strong></span> <span class='ocrx_word' id='word_1_240' title='bbox 907 3111 1257 3183; x_wconf 87' lang='lat' dir='ltr'><strong>philosophus</strong></span> <span class='ocrx_word' id='word_1_241' title='bbox 1285 3126 1339 3171; x_wconf 92' lang='lat' dir='ltr'><strong>et</strong></span> <span class='ocrx_word' id='word_1_242' title='bbox 1369 3120 1592 3175; x_wconf 79' lang='lat' dir='ltr'><strong>eremita</strong></span> <span class='ocrx_word' id='word_1_243' title='bbox 1629 3123 1768 3192; x_wconf 87' lang='lat' dir='ltr'><strong>apud</strong></span> <span class='ocrx_word' id='word_1_244' title='bbox 1796 3124 2105 3182; x_wconf 74' lang='lat' dir='ltr'><strong>Calabriam</strong></span> <span class='ocrx_word' id='word_1_245' title='bbox 2133 3158 2179 3220; x_wconf 78' lang='lat' dir='ltr'>C</span> 
     </span>
    </p>
   </div>
   <div class='ocr_carea' id='block_1_32' title="bbox 530 3200 2100 3273">
    <p class='ocr_par' dir='ltr' id='par_1_32' title="bbox 530 3200 2100 3273">
     <span class='ocr_line' id='line_1_32' title="bbox 530 3200 2100 3273; baseline 0.013 -23"><span class='ocrx_word' id='word_1_246' title='bbox 530 3200 891 3256; x_wconf 68' lang='lat' dir='ltr'><strong>«multorum</strong></span> <span class='ocrx_word' id='word_1_247' title='bbox 937 3206 1331 3261; x_wconf 91' lang='lat' dir='ltr'><strong>monachorum</strong></span> <span class='ocrx_word' id='word_1_248' title='bbox 1363 3207 1529 3265; x_wconf 87' lang='lat' dir='ltr'><strong>Pater</strong></span> <span class='ocrx_word' id='word_1_249' title='bbox 1557 3214 1692 3268; x_wconf 92' lang='lat' dir='ltr'><strong>obiit</strong></span> <span class='ocrx_word' id='word_1_250' title='bbox 1717 3215 1769 3269; x_wconf 90' lang='lat' dir='ltr'><strong>in</strong></span> <span class='ocrx_word' id='word_1_251' title='bbox 1812 3215 2048 3273; x_wconf 86' lang='lat' dir='ltr'><strong>Chr&#39;sto.</strong></span> <span class='ocrx_word' id='word_1_252' title='bbox 2082 3239 2100 3271; x_wconf 75' lang='grc' dir='ltr'><strong>ι</strong></span> 
     </span>
    </p>
   </div>
   <div class='ocr_carea' id='block_1_33' title="bbox 523 3286 2105 3374">
    <p class='ocr_par' dir='ltr' id='par_1_33' title="bbox 523 3286 2105 3374">
     <span class='ocr_line' id='line_1_33' title="bbox 523 3286 2105 3374; baseline 0.015 -35"><span class='ocrx_word' id='word_1_253' title='bbox 523 3286 597 3340; x_wconf 80' lang='lat' dir='ltr'><strong>At</strong></span> <span class='ocrx_word' id='word_1_254' title='bbox 634 3288 724 3343; x_wconf 92' lang='lat' dir='ltr'><strong>ubi</strong></span> <span class='ocrx_word' id='word_1_255' title='bbox 752 3289 1109 3362; x_wconf 86' lang='lat' dir='ltr'><strong>Berengarius</strong></span> <span class='ocrx_word' id='word_1_256' title='bbox 1133 3308 1256 3349; x_wconf 88' lang='lat' dir='ltr'><strong>eum</strong></span> <span class='ocrx_word' id='word_1_257' title='bbox 1293 3297 1562 3355; x_wconf 73' lang='lat' dir='ltr'><strong>hazredem</strong></span> <span class='ocrx_word' id='word_1_258' title='bbox 1595 3301 1948 3374; x_wconf 75' lang='lat' dir='ltr'><strong>philosophia:</strong></span> <span class='ocrx_word' id='word_1_259' title='bbox 1973 3307 2105 3362; x_wconf 86' lang='lat' dir='ltr'><strong>reli-</strong></span> 
     </span>
    </p>
   </div>
   <div class='ocr_carea' id='block_1_34' title="bbox 518 3380 2107 3465">
    <p class='ocr_par' dir='ltr' id='par_1_34' title="bbox 518 3380 2107 3465">
     <span class='ocr_line' id='line_1_34' title="bbox 518 3380 2107 3465; baseline 0.014 -33"><span class='ocrx_word' id='word_1_260' title='bbox 518 3380 684 3448; x_wconf 86' lang='lat' dir='ltr'><strong>quit?</strong></span> <span class='ocrx_word' id='word_1_261' title='bbox 706 3381 865 3437; x_wconf 91' lang='lat' dir='ltr'><strong>Certe</strong></span> <span class='ocrx_word' id='word_1_262' title='bbox 889 3386 976 3438; x_wconf 91' lang='lat' dir='ltr'><strong>ubi</strong></span> <span class='ocrx_word' id='word_1_263' title='bbox 1005 3385 1118 3455; x_wconf 92' lang='lat' dir='ltr'><strong>ipse</strong></span> <span class='ocrx_word' id='word_1_264' title='bbox 1142 3388 1398 3455; x_wconf 86' lang='lat' dir='ltr'><strong>docebat;</strong></span> <span class='ocrx_word' id='word_1_265' title='bbox 1427 3401 1484 3446; x_wconf 91' lang='lat' dir='ltr'><strong>at</strong></span> <span class='ocrx_word' id='word_1_266' title='bbox 1509 3407 1614 3447; x_wconf 91' lang='lat' dir='ltr'><strong>non</strong></span> <span class='ocrx_word' id='word_1_267' title='bbox 1639 3393 1836 3465; x_wconf 75' lang='lat' dir='ltr'><strong>legitur</strong></span> <span class='ocrx_word' id='word_1_268' title='bbox 1857 3396 2107 3455; x_wconf 86' lang='lat' dir='ltr'><strong>docuisse</strong></span> 
     </span>
    </p>
   </div>
   <div class='ocr_carea' id='block_1_35' title="bbox 525 3470 2107 3549">
    <p class='ocr_par' dir='ltr' id='par_1_35' title="bbox 525 3470 2107 3549">
     <span class='ocr_line' id='line_1_35' title="bbox 525 3470 2107 3549; baseline 0.015 -26"><span class='ocrx_word' id='word_1_269' title='bbox 525 3470 731 3538; x_wconf 85' lang='lat' dir='ltr'><strong>Remis,</strong></span> <span class='ocrx_word' id='word_1_270' title='bbox 755 3474 849 3530; x_wconf 88' lang='lat' dir='ltr'><strong>sed</strong></span> <span class='ocrx_word' id='word_1_271' title='bbox 872 3473 1125 3542; x_wconf 89' lang='lat' dir='ltr'><strong>Turonis,</strong></span> <span class='ocrx_word' id='word_1_272' title='bbox 1154 3487 1210 3534; x_wconf 90' lang='lat' dir='ltr'><strong>et</strong></span> <span class='ocrx_word' id='word_1_273' title='bbox 1234 3482 1580 3549; x_wconf 73' lang='lat' dir='ltr'><strong>prtesumitur</strong></span> <span class='ocrx_word' id='word_1_274' title='bbox 1605 3485 1854 3549; x_wconf 83' lang='lat' dir='ltr'><strong>docuisse</strong></span> <span class='ocrx_word' id='word_1_275' title='bbox 1882 3487 2107 3546; x_wconf 87' lang='lat' dir='ltr'><strong>Parisiis</strong></span> 
     </span>
    </p>
   </div>
   <div class='ocr_carea' id='block_1_36' title="bbox 523 3566 2099 3646">
    <p class='ocr_par' dir='ltr' id='par_1_36' title="bbox 523 3566 2099 3646">
     <span class='ocr_line' id='line_1_36' title="bbox 523 3566 2099 3646; baseline 0.012 -30"><span class='ocrx_word' id='word_1_276' title='bbox 523 3570 649 3630; x_wconf 86' lang='lat' dir='ltr'><strong>post</strong></span> <span class='ocrx_word' id='word_1_277' title='bbox 680 3575 907 3620; x_wconf 89' lang='lat' dir='ltr'><strong>mortem</strong></span> <span class='ocrx_word' id='word_1_278' title='bbox 949 3566 1187 3622; x_wconf 86' lang='lat' dir='ltr'><strong>Fulberti</strong></span> <span class='ocrx_word' id='word_1_279' title='bbox 1220 3570 1571 3630; x_wconf 89' lang='lat' dir='ltr'><strong>Carnotcusis</strong></span> <span class='ocrx_word' id='word_1_280' title='bbox 1612 3578 1961 3646; x_wconf 60' lang='lat' dir='ltr'><strong>praeceptoris</strong></span> <span class='ocrx_word' id='word_1_281' title='bbox 1996 3580 2099 3636; x_wconf 89' lang='lat' dir='ltr'><strong>sui.</strong></span> 
     </span>
    </p>
   </div>
   <div class='ocr_carea' id='block_1_37' title="bbox 523 3652 2104 3741">
    <p class='ocr_par' dir='ltr' id='par_1_37' title="bbox 523 3652 2104 3741">
     <span class='ocr_line' id='line_1_37' title="bbox 523 3652 2104 3741; baseline 0.015 -37"><span class='ocrx_word' id='word_1_282' title='bbox 523 3652 712 3723; x_wconf 77' lang='lat' dir='ltr'><strong>itaque</strong></span> <span class='ocrx_word' id='word_1_283' title='bbox 738 3655 1030 3711; x_wconf 88' lang='lat' dir='ltr'><strong>verisimile</strong></span> <span class='ocrx_word' id='word_1_284' title='bbox 1050 3668 1154 3723; x_wconf 92' lang='lat' dir='ltr'><strong>est,</strong></span> <span class='ocrx_word' id='word_1_285' title='bbox 1184 3659 1492 3718; x_wconf 88' lang='lat' dir='ltr'><strong>Brunonem</strong></span> <span class='ocrx_word' id='word_1_286' title='bbox 1521 3679 1644 3719; x_wconf 87' lang='lat' dir='ltr'><strong>eum</strong></span> <span class='ocrx_word' id='word_1_287' title='bbox 1669 3667 1744 3736; x_wconf 88' lang='lat' dir='ltr'><strong>(in</strong></span> <span class='ocrx_word' id='word_1_288' title='bbox 1766 3669 2104 3741; x_wconf 84' lang='lat' dir='ltr'><strong>philosophia</strong></span> 
     </span>
    </p>
   </div>
   <div class='ocr_carea' id='block_1_38' title="bbox 516 3743 1432 3813">
    <p class='ocr_par' dir='ltr' id='par_1_38' title="bbox 516 3743 1432 3813">
     <span class='ocr_line' id='line_1_38' title="bbox 516 3743 1432 3813; baseline 0.009 -17"><span class='ocrx_word' id='word_1_289' title='bbox 516 3743 806 3813; x_wconf 84' lang='lat' dir='ltr'><strong>nimirum)</strong></span> <span class='ocrx_word' id='word_1_290' title='bbox 833 3746 1061 3803; x_wconf 77' lang='lat' dir='ltr'><strong>Lutetia:</strong></span> <span class='ocrx_word' id='word_1_291' title='bbox 1090 3751 1380 3807; x_wconf 85' lang='lat' dir='ltr'><strong>audivisse.</strong></span> <span class='ocrx_word' id='word_1_292' title='bbox 1414 3771 1432 3804; x_wconf 77' lang='grc' dir='ltr'>ι</span> 
     </span>
    </p>
   </div>
   <div class='ocr_carea' id='block_1_39' title="bbox 596 3833 2101 3917">
    <p class='ocr_par' dir='ltr' id='par_1_39' title="bbox 596 3833 2101 3917">
     <span class='ocr_line' id='line_1_39' title="bbox 596 3833 2101 3917; baseline 0.012 -29"><span class='ocrx_word' id='word_1_293' title='bbox 596 3833 664 3890; x_wconf 81' lang='lat'><strong>59</strong></span> <span class='ocrx_word' id='word_1_294' title='bbox 702 3834 974 3893; x_wconf 79' lang='lat' dir='ltr'><strong>Hactenus</strong></span> <span class='ocrx_word' id='word_1_295' title='bbox 1020 3838 1259 3905; x_wconf 75' lang='lat' dir='ltr'><strong>Bulants,</strong></span> <span class='ocrx_word' id='word_1_296' title='bbox 1312 3843 1642 3902; x_wconf 80' lang='lat' dir='ltr'><strong>contendens</strong></span> <span class='ocrx_word' id='word_1_297' title='bbox 1672 3847 1959 3917; x_wconf 74' lang='lat' dir='ltr'><strong>videlicet,</strong></span> <span class='ocrx_word' id='word_1_298' title='bbox 1994 3866 2101 3908; x_wconf 88' lang='lat' dir='ltr'><strong>non</strong></span> 
     </span>
    </p>
   </div>
   <div class='ocr_carea' id='block_1_40' title="bbox 516 3928 2100 4010">
    <p class='ocr_par' dir='ltr' id='par_1_40' title="bbox 516 3928 2100 4010">
     <span class='ocr_line' id='line_1_40' title="bbox 516 3928 2100 4010; baseline 0.013 -30"><span class='ocrx_word' id='word_1_299' title='bbox 516 3935 734 3982; x_wconf 88' lang='lat' dir='ltr'><strong>tantum</strong></span> <span class='ocrx_word' id='word_1_300' title='bbox 766 3928 1025 3986; x_wconf 88' lang='lat' dir='ltr'><strong>Sanctum</strong></span> <span class='ocrx_word' id='word_1_301' title='bbox 1059 3943 1303 3989; x_wconf 89' lang='lat' dir='ltr'><strong>nostrum</strong></span> <span class='ocrx_word' id='word_1_302' title='bbox 1333 3936 1686 4007; x_wconf 68' lang='lat' dir='ltr'><strong>philosophia:</strong></span> <span class='ocrx_word' id='word_1_303' title='bbox 1714 3941 1909 4010; x_wconf 84' lang='lat' dir='ltr'><strong>placita</strong></span> <span class='ocrx_word' id='word_1_304' title='bbox 1944 3942 2100 4000; x_wconf 88' lang='lat' dir='ltr'><strong>Pari-</strong></span> 
     </span>
    </p>
   </div>
   <div class='ocr_carea' id='block_1_41' title="bbox 527 4020 2104 4092">
    <p class='ocr_par' dir='ltr' id='par_1_41' title="bbox 527 4020 2104 4092">
     <span class='ocr_line' id='line_1_41' title="bbox 527 4020 2104 4092; baseline 0.011 -18"><span class='ocrx_word' id='word_1_305' title='bbox 527 4020 624 4077; x_wconf 84' lang='lat' dir='ltr'><strong>siis</strong></span> <span class='ocrx_word' id='word_1_306' title='bbox 665 4022 943 4091; x_wconf 83' lang='lat' dir='ltr'><strong>excepisse</strong></span> <span class='ocrx_word' id='word_1_307' title='bbox 968 4064 983 4088; x_wconf 93' lang='lat'><strong>,</strong></span> <span class='ocrx_word' id='word_1_308' title='bbox 1022 4040 1209 4079; x_wconf 86' lang='lat' dir='ltr'><strong>verum</strong></span> <span class='ocrx_word' id='word_1_309' title='bbox 1256 4028 1418 4082; x_wconf 89' lang='lat' dir='ltr'><strong>etiam</strong></span> <span class='ocrx_word' id='word_1_310' title='bbox 1458 4029 1655 4087; x_wconf 86' lang='lat' dir='ltr'><strong>ibidem</strong></span> <span class='ocrx_word' id='word_1_311' title='bbox 1698 4034 1751 4088; x_wconf 92' lang='lat' dir='ltr'><strong>in</strong></span> <span class='ocrx_word' id='word_1_312' title='bbox 1794 4035 1944 4091; x_wconf 87' lang='lat' dir='ltr'><strong>hisce</strong></span> <span class='ocrx_word' id='word_1_313' title='bbox 1990 4052 2104 4092; x_wconf 88' lang='lat' dir='ltr'><strong>ma-</strong></span> 
     </span>
    </p>
   </div>
   <div class='ocr_carea' id='block_1_42' title="bbox 522 4108 2102 4185">
    <p class='ocr_par' dir='ltr' id='par_1_42' title="bbox 522 4108 2102 4185">
     <span class='ocr_line' id='line_1_42' title="bbox 522 4108 2102 4185; baseline 0.014 -24"><span class='ocrx_word' id='word_1_314' title='bbox 522 4108 694 4178; x_wconf 86' lang='lat' dir='ltr'><strong>gistro</strong></span> <span class='ocrx_word' id='word_1_315' title='bbox 718 4127 872 4166; x_wconf 85' lang='lat' dir='ltr'><strong>usum</strong></span> <span class='ocrx_word' id='word_1_316' title='bbox 898 4128 1018 4168; x_wconf 89' lang='lat' dir='ltr'><strong>esse</strong></span> <span class='ocrx_word' id='word_1_317' title='bbox 1058 4113 1417 4185; x_wconf 82' lang='lat' dir='ltr'><strong>Bcrcngario,</strong></span> <span class='ocrx_word' id='word_1_318' title='bbox 1445 4120 1746 4181; x_wconf 77' lang='lat' dir='ltr'><strong>Turonensi</strong></span> <span class='ocrx_word' id='word_1_319' title='bbox 1781 4124 1839 4180; x_wconf 91' lang='lat' dir='ltr'><strong>S.</strong></span> <span class='ocrx_word' id='word_1_320' title='bbox 1886 4127 2102 4183; x_wconf 78' lang='lat' dir='ltr'><strong>Martini</strong></span> 
     </span>
    </p>
   </div>
   <div class='ocr_carea' id='block_1_43' title="bbox 507 4198 2100 4287">
    <p class='ocr_par' dir='ltr' id='par_1_43' title="bbox 507 4198 2100 4287">
     <span class='ocr_line' id='line_1_43' title="bbox 507 4198 2100 4287; baseline 0.016 -40"><span class='ocrx_word' id='word_1_321' title='bbox 507 4198 782 4253; x_wconf 66' lang='lat' dir='ltr'><strong>canonico</strong></span> <span class='ocrx_word' id='word_1_322' title='bbox 806 4240 823 4264; x_wconf 87' lang='lat'><strong>,</strong></span> <span class='ocrx_word' id='word_1_323' title='bbox 871 4201 987 4256; x_wconf 90' lang='lat' dir='ltr'><strong>viro</strong></span> <span class='ocrx_word' id='word_1_324' title='bbox 1037 4202 1125 4257; x_wconf 91' lang='lat' dir='ltr'><strong>illo</strong></span> <span class='ocrx_word' id='word_1_325' title='bbox 1163 4218 1227 4258; x_wconf 81' lang='lat' dir='ltr'><strong>ex</strong></span> <span class='ocrx_word' id='word_1_326' title='bbox 1262 4222 1463 4285; x_wconf 83' lang='lat' dir='ltr'><strong>_sparso</strong></span> <span class='ocrx_word' id='word_1_327' title='bbox 1503 4210 1770 4268; x_wconf 72' lang='lat' dir='ltr'><strong>haereseos</strong></span> <span class='ocrx_word' id='word_1_328' title='bbox 1802 4230 1913 4270; x_wconf 67' lang='lat' dir='ltr'><strong>sum</strong></span> <span class='ocrx_word' id='word_1_329' title='bbox 1939 4257 1955 4283; x_wconf 92' lang='lat'><strong>,</strong></span> <span class='ocrx_word' id='word_1_330' title='bbox 1994 4233 2100 4287; x_wconf 89' lang='lat' dir='ltr'><strong>qua</strong></span> 
     </span>
    </p>
   </div>
   <div class='ocr_carea' id='block_1_44' title="bbox 514 4289 2104 4373">
    <p class='ocr_par' dir='ltr' id='par_1_44' title="bbox 514 4289 2104 4373">
     <span class='ocr_line' id='line_1_44' title="bbox 514 4289 2104 4373; baseline 0.018 -32"><span class='ocrx_word' id='word_1_331' title='bbox 514 4289 720 4345; x_wconf 79' lang='lat' dir='ltr'><strong>realcm</strong></span> <span class='ocrx_word' id='word_1_332' title='bbox 746 4292 998 4364; x_wconf 88' lang='lat' dir='ltr'><strong>Corporis</strong></span> <span class='ocrx_word' id='word_1_333' title='bbox 1029 4309 1082 4353; x_wconf 90' lang='lat' dir='ltr'><strong>et</strong></span> <span class='ocrx_word' id='word_1_334' title='bbox 1113 4298 1402 4373; x_wconf 85' lang='lat' dir='ltr'><strong>Sanguinis</strong></span> <span class='ocrx_word' id='word_1_335' title='bbox 1433 4306 1631 4363; x_wconf 82' lang='lat' dir='ltr'><strong>Christi</strong></span> <span class='ocrx_word' id='word_1_336' title='bbox 1669 4309 1721 4364; x_wconf 91' lang='lat' dir='ltr'><strong>in</strong></span> <span class='ocrx_word' id='word_1_337' title='bbox 1750 4312 2104 4369; x_wconf 75' lang='lat' dir='ltr'><strong>Eucharistia:</strong></span> 
     </span>
    </p>
   </div>
   <div class='ocr_carea' id='block_1_45' title="bbox 516 4380 2103 4473">
    <p class='ocr_par' dir='ltr' id='par_1_45' title="bbox 516 4380 2103 4473">
     <span class='ocr_line' id='line_1_45' title="bbox 516 4380 2103 4473; baseline 0.016 -39"><span class='ocrx_word' id='word_1_338' title='bbox 516 4380 876 4441; x_wconf 81' lang='lat' dir='ltr'><strong>Sacramenta</strong></span> <span class='ocrx_word' id='word_1_339' title='bbox 904 4393 1246 4456; x_wconf 73' lang='lat' dir='ltr'><strong>prmscntiam</strong></span> <span class='ocrx_word' id='word_1_340' title='bbox 1289 4398 1520 4466; x_wconf 83' lang='lat' dir='ltr'><strong>negavit,</strong></span> <span class='ocrx_word' id='word_1_341' title='bbox 1549 4399 1882 4472; x_wconf 85' lang='lat' dir='ltr'><strong>Calvinoque</strong></span> <span class='ocrx_word' id='word_1_342' title='bbox 1906 4412 1957 4458; x_wconf 90' lang='lat' dir='ltr'><strong>ct</strong></span> <span class='ocrx_word' id='word_1_343' title='bbox 1985 4404 2103 4473; x_wconf 84' lang='lat' dir='ltr'><strong>ejus</strong></span> 
     </span>
    </p>
   </div>
   <div class='ocr_carea' id='block_1_46' title="bbox 2229 553 3814 637">
    <p class='ocr_par' dir='ltr' id='par_1_46' title="bbox 2229 553 3814 637">
     <span class='ocr_line' id='line_1_46' title="bbox 2229 553 3814 637; baseline 0.013 -33"><span class='ocrx_word' id='word_1_344' title='bbox 2229 553 2405 608; x_wconf 68' lang='lat' dir='ltr'><strong>atatis</strong></span> <span class='ocrx_word' id='word_1_345' title='bbox 2435 569 2545 609; x_wconf 75' lang='lat' dir='ltr'><strong>sum</strong></span> <span class='ocrx_word' id='word_1_346' title='bbox 2572 571 2774 611; x_wconf 91' lang='lat' dir='ltr'><strong>annum</strong></span> <span class='ocrx_word' id='word_1_347' title='bbox 2803 559 3041 614; x_wconf 82' lang='lat' dir='ltr'><strong>nornlum</strong></span> <span class='ocrx_word' id='word_1_348' title='bbox 3072 562 3359 633; x_wconf 79' lang='lat' dir='ltr'><strong>attigisset.</strong></span> <span class='ocrx_word' id='word_1_349' title='bbox 3394 564 3524 620; x_wconf 91' lang='lat' dir='ltr'><strong>Ruit</strong></span> <span class='ocrx_word' id='word_1_350' title='bbox 3554 565 3741 637; x_wconf 88' lang='lat' dir='ltr'><strong>itaque</strong></span> <span class='ocrx_word' id='word_1_351' title='bbox 3766 580 3814 625; x_wconf 73' lang='lat' dir='ltr'><strong>el</strong></span> 
     </span>
    </p>
   </div>
   <div class='ocr_carea' id='block_1_47' title="bbox 2228 643 3815 727">
    <p class='ocr_par' dir='ltr' id='par_1_47' title="bbox 2228 643 3815 727">
     <span class='ocr_line' id='line_1_47' title="bbox 2228 643 3815 727; baseline 0.012 -31"><span class='ocrx_word' id='word_1_352' title='bbox 2228 643 2418 711; x_wconf 88' lang='lat' dir='ltr'><strong>altera,</strong></span> <span class='ocrx_word' id='word_1_353' title='bbox 2447 662 2553 717; x_wconf 90' lang='lat' dir='ltr'><strong>qua</strong></span> <span class='ocrx_word' id='word_1_354' title='bbox 2584 646 2807 704; x_wconf 87' lang='lat' dir='ltr'><strong>Parisiis</strong></span> <span class='ocrx_word' id='word_1_355' title='bbox 2845 665 2876 705; x_wconf 87' lang='lat' dir='ltr'><strong>a</strong></span> <span class='ocrx_word' id='word_1_356' title='bbox 2917 649 3170 708; x_wconf 87' lang='lat' dir='ltr'><strong>Brunone</strong></span> <span class='ocrx_word' id='word_1_357' title='bbox 3205 654 3611 727; x_wconf 85' lang='lat' dir='ltr'><strong>philosophiam</strong></span> <span class='ocrx_word' id='word_1_358' title='bbox 3656 658 3815 716; x_wconf 62' lang='lat' dir='ltr'><strong>fuisse</strong></span> 
     </span>
    </p>
   </div>
   <div class='ocr_carea' id='block_1_48' title="bbox 2224 741 3814 818">
    <p class='ocr_par' dir='ltr' id='par_1_48' title="bbox 2224 741 3814 818">
     <span class='ocr_line' id='line_1_48' title="bbox 2224 741 3814 818; baseline 0.011 -28"><span class='ocrx_word' id='word_1_359' title='bbox 2224 748 2538 807; x_wconf 75' lang='lat' dir='ltr'><strong>exceptam,</strong></span> <span class='ocrx_word' id='word_1_360' title='bbox 2590 741 2878 810; x_wconf 86' lang='lat' dir='ltr'><strong>probetur,</strong></span> <span class='ocrx_word' id='word_1_361' title='bbox 2912 741 3141 799; x_wconf 80' lang='lat' dir='ltr'><strong>formata</strong></span> <span class='ocrx_word' id='word_1_362' title='bbox 3186 760 3217 801; x_wconf 91' lang='lat' dir='ltr'><strong>a</strong></span> <span class='ocrx_word' id='word_1_363' title='bbox 3257 746 3439 804; x_wconf 67' lang='lat' dir='ltr'><strong>Bulzeo</strong></span> <span class='ocrx_word' id='word_1_364' title='bbox 3477 746 3814 818; x_wconf 89' lang='lat' dir='ltr'><strong>conjectura.</strong></span> 
     </span>
    </p>
   </div>
   <div class='ocr_carea' id='block_1_49' title="bbox 2225 824 3815 903">
    <p class='ocr_par' dir='ltr' id='par_1_49' title="bbox 2225 824 3815 903">
     <span class='ocr_line' id='line_1_49' title="bbox 2225 824 3815 903; baseline 0.009 -22"><span class='ocrx_word' id='word_1_365' title='bbox 2225 824 2294 881; x_wconf 85' lang='lat' dir='ltr'><strong>Et</strong></span> <span class='ocrx_word' id='word_1_366' title='bbox 2331 842 2459 884; x_wconf 87' lang='lat' dir='ltr'><strong>vero</strong></span> <span class='ocrx_word' id='word_1_367' title='bbox 2492 831 2755 886; x_wconf 91' lang='lat' dir='ltr'><strong>Sanctum</strong></span> <span class='ocrx_word' id='word_1_368' title='bbox 2793 848 2898 887; x_wconf 92' lang='lat' dir='ltr'><strong>non</strong></span> <span class='ocrx_word' id='word_1_369' title='bbox 2925 832 3180 903; x_wconf 86' lang='lat' dir='ltr'><strong>Parisiis,</strong></span> <span class='ocrx_word' id='word_1_370' title='bbox 3230 837 3324 893; x_wconf 90' lang='lat' dir='ltr'><strong>sed</strong></span> <span class='ocrx_word' id='word_1_371' title='bbox 3368 837 3557 894; x_wconf 84' lang='lat' dir='ltr'><strong>Remis</strong></span> <span class='ocrx_word' id='word_1_372' title='bbox 3594 840 3681 896; x_wconf 89' lang='lat' dir='ltr'><strong>vel</strong></span> <span class='ocrx_word' id='word_1_373' title='bbox 3709 840 3815 896; x_wconf 65' lang='lat' dir='ltr'><strong>Tu.</strong></span> 
     </span>
    </p>
   </div>
   <div class='ocr_carea' id='block_1_50' title="bbox 2224 920 3815 995">
    <p class='ocr_par' dir='ltr' id='par_1_50' title="bbox 2224 920 3815 995">
     <span class='ocr_line' id='line_1_50' title="bbox 2224 920 3815 995; baseline 0.01 -22"><span class='ocrx_word' id='word_1_374' title='bbox 2224 920 2374 975; x_wconf 88' lang='lat' dir='ltr'><strong>ronis</strong></span> <span class='ocrx_word' id='word_1_375' title='bbox 2422 922 2778 993; x_wconf 79' lang='lat' dir='ltr'><strong>philosophia:</strong></span> <span class='ocrx_word' id='word_1_376' title='bbox 2832 925 3179 995; x_wconf 82' lang='lat' dir='ltr'><strong>incubuisse,</strong></span> <span class='ocrx_word' id='word_1_377' title='bbox 3233 928 3570 986; x_wconf 89' lang='lat' dir='ltr'><strong>dicendum:</strong></span> <span class='ocrx_word' id='word_1_378' title='bbox 3631 931 3815 989; x_wconf 86' lang='lat' dir='ltr'><strong>Remis</strong></span> 
     </span>
    </p>
   </div>
   <div class='ocr_carea' id='block_1_51' title="bbox 2222 1012 3814 1096">
    <p class='ocr_par' dir='ltr' id='par_1_51' title="bbox 2222 1012 3814 1096">
     <span class='ocr_line' id='line_1_51' title="bbox 2222 1012 3814 1096; baseline 0.013 -32"><span class='ocrx_word' id='word_1_379' title='bbox 2222 1012 2471 1081; x_wconf 89' lang='lat' dir='ltr'><strong>quidem,</strong></span> <span class='ocrx_word' id='word_1_380' title='bbox 2519 1014 2564 1070; x_wconf 89' lang='lat' dir='ltr'><strong>si</strong></span> <span class='ocrx_word' id='word_1_381' title='bbox 2598 1015 2959 1088; x_wconf 86' lang='lat' dir='ltr'><strong>Berengarius</strong></span> <span class='ocrx_word' id='word_1_382' title='bbox 2989 1019 3043 1073; x_wconf 91' lang='lat' dir='ltr'><strong>in</strong></span> <span class='ocrx_word' id='word_1_383' title='bbox 3089 1021 3315 1076; x_wconf 84' lang='lat' dir='ltr'><strong>sc&#39;eutia</strong></span> <span class='ocrx_word' id='word_1_384' title='bbox 3348 1021 3437 1077; x_wconf 90' lang='lat' dir='ltr'><strong>illa</strong></span> <span class='ocrx_word' id='word_1_385' title='bbox 3469 1023 3740 1096; x_wconf 82' lang='lat' dir='ltr'><strong>magister</strong></span> <span class='ocrx_word' id='word_1_386' title='bbox 3766 1028 3814 1083; x_wconf 85' lang='lat' dir='ltr'><strong>ei</strong></span> 
     </span>
    </p>
   </div>
   <div class='ocr_carea' id='block_1_52' title="bbox 2222 1104 3451 1185">
    <p class='ocr_par' dir='ltr' id='par_1_52' title="bbox 2222 1104 3451 1185">
     <span class='ocr_line' id='line_1_52' title="bbox 2222 1104 3451 1185; baseline 0.01 -28"><span class='ocrx_word' id='word_1_387' title='bbox 2222 1119 2329 1158; x_wconf 87' lang='lat' dir='ltr'><strong>non</strong></span> <span class='ocrx_word' id='word_1_388' title='bbox 2363 1104 2637 1177; x_wconf 84' lang='lat' dir='ltr'><strong>obtigerit,</strong></span> <span class='ocrx_word' id='word_1_389' title='bbox 2667 1106 2900 1164; x_wconf 88' lang='lat' dir='ltr'><strong>Turonis</strong></span> <span class='ocrx_word' id='word_1_390' title='bbox 2927 1125 3077 1180; x_wconf 83' lang='lat' dir='ltr'><strong>vero,</strong></span> <span class='ocrx_word' id='word_1_391' title='bbox 3105 1111 3152 1167; x_wconf 87' lang='lat' dir='ltr'><strong>si</strong></span> <span class='ocrx_word' id='word_1_392' title='bbox 3176 1112 3451 1185; x_wconf 77' lang='lat' dir='ltr'><strong>obtigerit.</strong></span> 
     </span>
    </p>
   </div>
   <div class='ocr_carea' id='block_1_53' title="bbox 2291 1195 3811 1279">
    <p class='ocr_par' dir='ltr' id='par_1_53' title="bbox 2291 1195 3811 1279">
     <span class='ocr_line' id='line_1_53' title="bbox 2291 1195 3811 1279; baseline 0.009 -28"><span class='ocrx_word' id='word_1_393' title='bbox 2291 1195 2382 1251; x_wconf 90' lang='lat'><strong>60.</strong></span> <span class='ocrx_word' id='word_1_394' title='bbox 2422 1196 2499 1253; x_wconf 82' lang='lat' dir='ltr'><strong>Ac</strong></span> <span class='ocrx_word' id='word_1_395' title='bbox 2545 1198 2739 1254; x_wconf 90' lang='lat' dir='ltr'><strong>horum</strong></span> <span class='ocrx_word' id='word_1_396' title='bbox 2780 1200 2999 1272; x_wconf 89' lang='lat' dir='ltr'><strong>quidem</strong></span> <span class='ocrx_word' id='word_1_397' title='bbox 3049 1204 3285 1275; x_wconf 90' lang='lat' dir='ltr'><strong>primum</strong></span> <span class='ocrx_word' id='word_1_398' title='bbox 3338 1206 3544 1264; x_wconf 88' lang='lat' dir='ltr'><strong>idcirco</strong></span> <span class='ocrx_word' id='word_1_399' title='bbox 3596 1207 3811 1279; x_wconf 88' lang='lat' dir='ltr'><strong>placet,</strong></span> 
     </span>
    </p>
   </div>
   <div class='ocr_carea' id='block_1_54' title="bbox 2220 1287 3814 1367">
    <p class='ocr_par' dir='ltr' id='par_1_54' title="bbox 2220 1287 3814 1367">
     <span class='ocr_line' id='line_1_54' title="bbox 2220 1287 3814 1367; baseline 0.008 -25"><span class='ocrx_word' id='word_1_400' title='bbox 2220 1287 2365 1357; x_wconf 90' lang='lat' dir='ltr'><strong>quod</strong></span> <span class='ocrx_word' id='word_1_401' title='bbox 2399 1287 2664 1346; x_wconf 89' lang='lat' dir='ltr'><strong>Sanctum</strong></span> <span class='ocrx_word' id='word_1_402' title='bbox 2690 1291 2781 1348; x_wconf 88' lang='lat' dir='ltr'><strong>diu</strong></span> <span class='ocrx_word' id='word_1_403' title='bbox 2821 1292 3008 1350; x_wconf 89' lang='lat' dir='ltr'><strong>Remis</strong></span> <span class='ocrx_word' id='word_1_404' title='bbox 3036 1295 3310 1352; x_wconf 90' lang='lat' dir='ltr'><strong>studuisse</strong></span> <span class='ocrx_word' id='word_1_405' title='bbox 3337 1307 3394 1353; x_wconf 90' lang='lat' dir='ltr'><strong>et</strong></span> <span class='ocrx_word' id='word_1_406' title='bbox 3424 1299 3685 1355; x_wconf 81' lang='lat' dir='ltr'><strong>docuisse</strong></span> <span class='ocrx_word' id='word_1_407' title='bbox 3705 1343 3720 1367; x_wconf 94' lang='lat'><strong>,</strong></span> <span class='ocrx_word' id='word_1_408' title='bbox 3760 1312 3814 1355; x_wconf 84' lang='lat' dir='ltr'><strong>et</strong></span> 
     </span>
    </p>
   </div>
   <div class='ocr_carea' id='block_1_55' title="bbox 2220 1377 3813 1454">
    <p class='ocr_par' dir='ltr' id='par_1_55' title="bbox 2220 1377 3813 1454">
     <span class='ocr_line' id='line_1_55' title="bbox 2220 1377 3813 1454; baseline 0.009 -22"><span class='ocrx_word' id='word_1_409' title='bbox 2220 1391 2287 1432; x_wconf 79' lang='lat' dir='ltr'><strong>ex</strong></span> <span class='ocrx_word' id='word_1_410' title='bbox 2310 1377 2424 1448; x_wconf 86' lang='lat' dir='ltr'><strong>jam</strong></span> <span class='ocrx_word' id='word_1_411' title='bbox 2455 1379 2616 1437; x_wconf 89' lang='lat' dir='ltr'><strong>dictis</strong></span> <span class='ocrx_word' id='word_1_412' title='bbox 2647 1390 2703 1437; x_wconf 86' lang='lat' dir='ltr'><strong>et</strong></span> <span class='ocrx_word' id='word_1_413' title='bbox 2740 1396 2808 1439; x_wconf 75' lang='lat' dir='ltr'><strong>ex</strong></span> <span class='ocrx_word' id='word_1_414' title='bbox 2854 1398 3017 1454; x_wconf 91' lang='lat' dir='ltr'><strong>porro</strong></span> <span class='ocrx_word' id='word_1_415' title='bbox 3044 1385 3287 1442; x_wconf 91' lang='lat' dir='ltr'><strong>dicendis</strong></span> <span class='ocrx_word' id='word_1_416' title='bbox 3328 1400 3540 1444; x_wconf 81' lang='lat' dir='ltr'><strong>certum</strong></span> <span class='ocrx_word' id='word_1_417' title='bbox 3592 1392 3813 1447; x_wconf 90' lang='lat' dir='ltr'><strong>omnino</strong></span> 
     </span>
    </p>
   </div>
   <div class='ocr_carea' id='block_1_56' title="bbox 2218 1467 3815 1549">
    <p class='ocr_par' dir='ltr' id='par_1_56' title="bbox 2218 1467 3815 1549">
     <span class='ocr_line' id='line_1_56' title="bbox 2218 1467 3815 1549; baseline 0.011 -28"><span class='ocrx_word' id='word_1_418' title='bbox 2218 1467 2321 1533; x_wconf 87' lang='lat' dir='ltr'><strong>sit;</strong></span> <span class='ocrx_word' id='word_1_419' title='bbox 2365 1478 2702 1540; x_wconf 89' lang='lat' dir='ltr'><strong>postremum</strong></span> <span class='ocrx_word' id='word_1_420' title='bbox 2730 1487 2879 1540; x_wconf 89' lang='lat' dir='ltr'><strong>vero,</strong></span> <span class='ocrx_word' id='word_1_421' title='bbox 2920 1476 3062 1544; x_wconf 88' lang='lat' dir='ltr'><strong>quod</strong></span> <span class='ocrx_word' id='word_1_422' title='bbox 3106 1476 3323 1549; x_wconf 88' lang='lat' dir='ltr'><strong>utique,</strong></span> <span class='ocrx_word' id='word_1_423' title='bbox 3353 1481 3399 1537; x_wconf 76' lang='lat' dir='ltr'><strong>si</strong></span> <span class='ocrx_word' id='word_1_424' title='bbox 3446 1496 3647 1537; x_wconf 90' lang='lat' dir='ltr'><strong>revera</strong></span> <span class='ocrx_word' id='word_1_425' title='bbox 3680 1483 3815 1538; x_wconf 75' lang='lat' dir='ltr'><strong>San-</strong></span> 
     </span>
    </p>
   </div>
   <div class='ocr_carea' id='block_1_57' title="bbox 2219 1559 3811 1643">
    <p class='ocr_par' dir='ltr' id='par_1_57' title="bbox 2219 1559 3811 1643">
     <span class='ocr_line' id='line_1_57' title="bbox 2219 1559 3811 1643; baseline 0.01 -30"><span class='ocrx_word' id='word_1_426' title='bbox 2219 1566 2372 1625; x_wconf 90' lang='lat' dir='ltr'><strong>ctus,</strong></span> <span class='ocrx_word' id='word_1_427' title='bbox 2422 1559 2809 1617; x_wconf 90' lang='lat' dir='ltr'><strong>utChronicon</strong></span> <span class='ocrx_word' id='word_1_428' title='bbox 2840 1563 3198 1623; x_wconf 83' lang='lat' dir='ltr'><strong>Malleacense</strong></span> <span class='ocrx_word' id='word_1_429' title='bbox 3227 1570 3441 1627; x_wconf 86' lang='lat' dir='ltr'><strong>tradere</strong></span> <span class='ocrx_word' id='word_1_430' title='bbox 3485 1570 3733 1643; x_wconf 86' lang='lat' dir='ltr'><strong>videtur,</strong></span> <span class='ocrx_word' id='word_1_431' title='bbox 3760 1573 3811 1629; x_wconf 86' lang='lat' dir='ltr'><strong>in</strong></span> 
     </span>
    </p>
   </div>
   <div class='ocr_carea' id='block_1_58' title="bbox 2218 1649 3811 1729">
    <p class='ocr_par' dir='ltr' id='par_1_58' title="bbox 2218 1649 3811 1729">
     <span class='ocr_line' id='line_1_58' title="bbox 2218 1649 3811 1729; baseline 0.011 -26"><span class='ocrx_word' id='word_1_432' title='bbox 2218 1649 2556 1721; x_wconf 88' lang='lat' dir='ltr'><strong>philosophia</strong></span> <span class='ocrx_word' id='word_1_433' title='bbox 2594 1651 2981 1724; x_wconf 86' lang='lat' dir='ltr'><strong>Berengarium</strong></span> <span class='ocrx_word' id='word_1_434' title='bbox 3028 1658 3288 1729; x_wconf 89' lang='lat' dir='ltr'><strong>audierit,</strong></span> <span class='ocrx_word' id='word_1_435' title='bbox 3337 1659 3545 1718; x_wconf 80' lang='lat' dir='ltr'><strong>factum</strong></span> <span class='ocrx_word' id='word_1_436' title='bbox 3596 1664 3653 1718; x_wconf 89' lang='lat' dir='ltr'><strong>id</strong></span> <span class='ocrx_word' id='word_1_437' title='bbox 3694 1676 3811 1720; x_wconf 83' lang='lat' dir='ltr'><strong>esse</strong></span> 
     </span>
    </p>
   </div>
   <div class='ocr_carea' id='block_1_59' title="bbox 2220 1742 3811 1826">
    <p class='ocr_par' dir='ltr' id='par_1_59' title="bbox 2220 1742 3811 1826">
     <span class='ocr_line' id='line_1_59' title="bbox 2220 1742 3811 1826; baseline 0.01 -30"><span class='ocrx_word' id='word_1_438' title='bbox 2220 1742 2335 1810; x_wconf 89' lang='lat' dir='ltr'><strong>ibi,</strong></span> <span class='ocrx_word' id='word_1_439' title='bbox 2368 1745 2457 1799; x_wconf 90' lang='lat' dir='ltr'><strong>ubi</strong></span> <span class='ocrx_word' id='word_1_440' title='bbox 2503 1744 2593 1799; x_wconf 89' lang='lat' dir='ltr'><strong>hic</strong></span> <span class='ocrx_word' id='word_1_441' title='bbox 2621 1746 2873 1812; x_wconf 85' lang='lat' dir='ltr'><strong>docebat,</strong></span> <span class='ocrx_word' id='word_1_442' title='bbox 2902 1750 3367 1808; x_wconf 85' lang='lat' dir='ltr'><strong>verosimillimum</strong></span> <span class='ocrx_word' id='word_1_443' title='bbox 3410 1766 3697 1826; x_wconf 85' lang='lat' dir='ltr'><strong>appareat.</strong></span> <span class='ocrx_word' id='word_1_444' title='bbox 3745 1754 3811 1813; x_wconf 85' lang='lat' dir='ltr'><strong>Ut</strong></span> 
     </span>
    </p>
   </div>
   <div class='ocr_carea' id='block_1_60' title="bbox 2222 1834 3808 1917">
    <p class='ocr_par' dir='ltr' id='par_1_60' title="bbox 2222 1834 3808 1917">
     <span class='ocr_line' id='line_1_60' title="bbox 2222 1834 3808 1917; baseline 0.009 -28"><span class='ocrx_word' id='word_1_445' title='bbox 2222 1834 2403 1905; x_wconf 83' lang='lat' dir='ltr'><strong>itaque</strong></span> <span class='ocrx_word' id='word_1_446' title='bbox 2449 1836 2744 1906; x_wconf 89' lang='lat' dir='ltr'><strong>Remisne,</strong></span> <span class='ocrx_word' id='word_1_447' title='bbox 2799 1854 2868 1893; x_wconf 91' lang='lat' dir='ltr'><strong>an</strong></span> <span class='ocrx_word' id='word_1_448' title='bbox 2922 1839 3156 1898; x_wconf 86' lang='lat' dir='ltr'><strong>Turonis</strong></span> <span class='ocrx_word' id='word_1_449' title='bbox 3207 1842 3566 1916; x_wconf 68' lang='lat' dir='ltr'><strong>philosOphiaa</strong></span> <span class='ocrx_word' id='word_1_450' title='bbox 3615 1844 3808 1917; x_wconf 84' lang='lat' dir='ltr'><strong>placita</strong></span> 
     </span>
    </p>
   </div>
   <div class='ocr_carea' id='block_1_61' title="bbox 2218 1925 3809 2006">
    <p class='ocr_par' dir='ltr' id='par_1_61' title="bbox 2218 1925 3809 2006">
     <span class='ocr_line' id='line_1_61' title="bbox 2218 1925 3809 2006; baseline 0.009 -25"><span class='ocrx_word' id='word_1_451' title='bbox 2218 1925 2400 1983; x_wconf 85' lang='lat' dir='ltr'><strong>Bruno</strong></span> <span class='ocrx_word' id='word_1_452' title='bbox 2444 1930 2751 2000; x_wconf 80' lang='lat' dir='ltr'><strong>exceperit,</strong></span> <span class='ocrx_word' id='word_1_453' title='bbox 2785 1931 2995 1987; x_wconf 86' lang='lat' dir='ltr'><strong>deliniri</strong></span> <span class='ocrx_word' id='word_1_454' title='bbox 3030 1942 3321 2005; x_wconf 87' lang='lat' dir='ltr'><strong>utcumque</strong></span> <span class='ocrx_word' id='word_1_455' title='bbox 3364 1945 3565 2006; x_wconf 88' lang='lat' dir='ltr'><strong>queat,</strong></span> <span class='ocrx_word' id='word_1_456' title='bbox 3609 1936 3809 1995; x_wconf 84' lang='lat' dir='ltr'><strong>habue-</strong></span> 
     </span>
    </p>
   </div>
   <div class='ocr_carea' id='block_1_62' title="bbox 2221 2016 3806 2100">
    <p class='ocr_par' dir='ltr' id='par_1_62' title="bbox 2221 2016 3806 2100">
     <span class='ocr_line' id='line_1_62' title="bbox 2221 2016 3806 2100; baseline 0.009 -30"><span class='ocrx_word' id='word_1_457' title='bbox 2221 2018 2362 2073; x_wconf 88' lang='lat' dir='ltr'><strong>ritne</strong></span> <span class='ocrx_word' id='word_1_458' title='bbox 2401 2016 2490 2074; x_wconf 84' lang='lat' dir='ltr'><strong>hic</strong></span> <span class='ocrx_word' id='word_1_459' title='bbox 2535 2018 2587 2075; x_wconf 93' lang='lat' dir='ltr'><strong>in</strong></span> <span class='ocrx_word' id='word_1_460' title='bbox 2626 2019 2966 2093; x_wconf 88' lang='lat' dir='ltr'><strong>philosophia</strong></span> <span class='ocrx_word' id='word_1_461' title='bbox 3006 2023 3389 2096; x_wconf 88' lang='lat' dir='ltr'><strong>Bcrengarium</strong></span> <span class='ocrx_word' id='word_1_462' title='bbox 3434 2028 3806 2100; x_wconf 81' lang='lat' dir='ltr'><strong>magistrum,</strong></span> 
     </span>
    </p>
   </div>
   <div class='ocr_carea' id='block_1_63' title="bbox 2218 2107 3806 2189">
    <p class='ocr_par' dir='ltr' id='par_1_63' title="bbox 2218 2107 3806 2189">
     <span class='ocr_line' id='line_1_63' title="bbox 2218 2107 3806 2189; baseline 0.008 -27"><span class='ocrx_word' id='word_1_463' title='bbox 2218 2117 2300 2163; x_wconf 87' lang='lat' dir='ltr'><strong>est</strong></span> <span class='ocrx_word' id='word_1_464' title='bbox 2330 2107 2714 2181; x_wconf 77' lang='lat' dir='ltr'><strong>indagandum.</strong></span> <span class='ocrx_word' id='word_1_465' title='bbox 2742 2110 2822 2168; x_wconf 80' lang='lat' dir='ltr'><strong>Ac</strong></span> <span class='ocrx_word' id='word_1_466' title='bbox 2845 2111 3105 2169; x_wconf 87' lang='lat' dir='ltr'><strong>Sanctum</strong></span> <span class='ocrx_word' id='word_1_467' title='bbox 3135 2115 3354 2185; x_wconf 88' lang='lat' dir='ltr'><strong>quidem</strong></span> <span class='ocrx_word' id='word_1_468' title='bbox 3380 2116 3433 2171; x_wconf 91' lang='lat' dir='ltr'><strong>in</strong></span> <span class='ocrx_word' id='word_1_469' title='bbox 3462 2117 3806 2189; x_wconf 87' lang='lat' dir='ltr'><strong>philosophia</strong></span> 
     </span>
    </p>
   </div>
   <div class='ocr_carea' id='block_1_64' title="bbox 2218 2199 3805 2278">
    <p class='ocr_par' dir='ltr' id='par_1_64' title="bbox 2218 2199 3805 2278">
     <span class='ocr_line' id='line_1_64' title="bbox 2218 2199 3805 2278; baseline 0.008 -26"><span class='ocrx_word' id='word_1_470' title='bbox 2218 2199 2479 2270; x_wconf 84' lang='lat' dir='ltr'><strong>magistro</strong></span> <span class='ocrx_word' id='word_1_471' title='bbox 2519 2215 2677 2256; x_wconf 90' lang='lat' dir='ltr'><strong>usum</strong></span> <span class='ocrx_word' id='word_1_472' title='bbox 2714 2216 2836 2258; x_wconf 88' lang='lat' dir='ltr'><strong>esse</strong></span> <span class='ocrx_word' id='word_1_473' title='bbox 2873 2201 3204 2275; x_wconf 82' lang='lat' dir='ltr'><strong>Berengario</strong></span> <span class='ocrx_word' id='word_1_474' title='bbox 3232 2246 3248 2272; x_wconf 88' lang='lat'><strong>,</strong></span> <span class='ocrx_word' id='word_1_475' title='bbox 3297 2220 3417 2262; x_wconf 89' lang='lat' dir='ltr'><strong>mea</strong></span> <span class='ocrx_word' id='word_1_476' title='bbox 3447 2218 3533 2264; x_wconf 86' lang='lat' dir='ltr'><strong>est</strong></span> <span class='ocrx_word' id='word_1_477' title='bbox 3576 2209 3765 2278; x_wconf 91' lang='lat' dir='ltr'><strong>opinio</strong></span> <span class='ocrx_word' id='word_1_478' title='bbox 3789 2250 3805 2277; x_wconf 94' lang='lat'><strong>,</strong></span> 
     </span>
    </p>
   </div>
   <div class='ocr_carea' id='block_1_65' title="bbox 2215 2291 3807 2366">
    <p class='ocr_par' dir='ltr' id='par_1_65' title="bbox 2215 2291 3807 2366">
     <span class='ocr_line' id='line_1_65' title="bbox 2215 2291 3807 2366; baseline 0.008 -24"><span class='ocrx_word' id='word_1_479' title='bbox 2215 2304 2377 2359; x_wconf 84' lang='lat' dir='ltr'><strong>quam</strong></span> <span class='ocrx_word' id='word_1_480' title='bbox 2405 2298 2464 2344; x_wconf 92' lang='lat' dir='ltr'><strong>ut</strong></span> <span class='ocrx_word' id='word_1_481' title='bbox 2486 2291 2727 2361; x_wconf 84' lang='lat' dir='ltr'><strong>probem,</strong></span> <span class='ocrx_word' id='word_1_482' title='bbox 2759 2292 2933 2363; x_wconf 90' lang='lat' dir='ltr'><strong>primo</strong></span> <span class='ocrx_word' id='word_1_483' title='bbox 2958 2309 3073 2362; x_wconf 91' lang='lat' dir='ltr'><strong>cos,</strong></span> <span class='ocrx_word' id='word_1_484' title='bbox 3101 2295 3192 2366; x_wconf 92' lang='lat' dir='ltr'><strong>qui</strong></span> <span class='ocrx_word' id='word_1_485' title='bbox 3220 2295 3295 2351; x_wconf 91' lang='lat' dir='ltr'><strong>illi</strong></span> <span class='ocrx_word' id='word_1_486' title='bbox 3322 2298 3693 2355; x_wconf 89' lang='lat' dir='ltr'><strong>adversantur</strong></span> <span class='ocrx_word' id='word_1_487' title='bbox 3717 2310 3807 2354; x_wconf 89' lang='lat' dir='ltr'><strong>aut</strong></span> 
     </span>
    </p>
   </div>
   <div class='ocr_carea' id='block_1_66' title="bbox 2215 2381 3803 2463">
    <p class='ocr_par' dir='ltr' id='par_1_66' title="bbox 2215 2381 3803 2463">
     <span class='ocr_line' id='line_1_66' title="bbox 2215 2381 3803 2463; baseline 0.006 -26"><span class='ocrx_word' id='word_1_488' title='bbox 2215 2392 2365 2438; x_wconf 88' lang='lat' dir='ltr'><strong>certe</strong></span> <span class='ocrx_word' id='word_1_489' title='bbox 2401 2398 2506 2438; x_wconf 91' lang='lat' dir='ltr'><strong>non</strong></span> <span class='ocrx_word' id='word_1_490' title='bbox 2554 2381 2769 2451; x_wconf 82' lang='lat' dir='ltr'><strong>favent,</strong></span> <span class='ocrx_word' id='word_1_491' title='bbox 2814 2387 3098 2441; x_wconf 73' lang='lat' dir='ltr'><strong>convenio.</strong></span> <span class='ocrx_word' id='word_1_492' title='bbox 3146 2386 3470 2455; x_wconf 82' lang='lat' dir='ltr'><strong>Marlottus,</strong></span> <span class='ocrx_word' id='word_1_493' title='bbox 3510 2401 3803 2463; x_wconf 85' lang='lat' dir='ltr'><strong>postquam</strong></span> 
     </span>
    </p>
   </div>
   <div class='ocr_carea' id='block_1_67' title="bbox 2215 2474 3805 2561">
    <p class='ocr_par' dir='ltr' id='par_1_67' title="bbox 2215 2474 3805 2561">
     <span class='ocr_line' id='line_1_67' title="bbox 2215 2474 3805 2561; baseline 0.006 -32"><span class='ocrx_word' id='word_1_494' title='bbox 2215 2474 2470 2532; x_wconf 76' lang='lat' dir='ltr'><strong>Historia:</strong></span> <span class='ocrx_word' id='word_1_495' title='bbox 2518 2476 2832 2561; x_wconf 66' lang='lat' dir='ltr'><strong>metrnpolis</strong></span> <span class='ocrx_word' id='word_1_496' title='bbox 2876 2477 3162 2561; x_wconf 29' lang='lat' dir='ltr'><strong>Remens&#39;is</strong></span> <span class='ocrx_word' id='word_1_497' title='bbox 3214 2489 3347 2536; x_wconf 89' lang='lat' dir='ltr'><strong>tom.</strong></span> <span class='ocrx_word' id='word_1_498' title='bbox 3393 2480 3477 2549; x_wconf 90' lang='lat' dir='ltr'><strong>ll,</strong></span> <span class='ocrx_word' id='word_1_499' title='bbox 3525 2498 3652 2555; x_wconf 84' lang='lat' dir='ltr'><strong>pag.</strong></span> <span class='ocrx_word' id='word_1_500' title='bbox 3707 2483 3805 2539; x_wconf 63' lang='lat'><strong>£35</strong></span> 
     </span>
    </p>
   </div>
   <div class='ocr_carea' id='block_1_68' title="bbox 2215 2544 3802 2645">
    <p class='ocr_par' dir='ltr' id='par_1_68' title="bbox 2215 2544 3802 2645">
     <span class='ocr_line' id='line_1_68' title="bbox 2215 2544 3802 2645; baseline 0.004 -22"><span class='ocrx_word' id='word_1_501' title='bbox 2215 2567 2274 2625; x_wconf 91' lang='lat' dir='ltr'><strong>S.</strong></span> <span class='ocrx_word' id='word_1_502' title='bbox 2309 2567 2621 2624; x_wconf 86' lang='lat' dir='ltr'><strong>Brunonem</strong></span> <span class='ocrx_word' id='word_1_503' title='bbox 2651 2544 2791 2626; x_wconf 74' lang='lat' dir='ltr'><strong>dixit</strong></span> <span class='ocrx_word' id='word_1_504' title='bbox 2818 2554 3227 2641; x_wconf 75' lang='lat' dir='ltr'><strong>praeceptorem,</strong></span> <span class='ocrx_word' id='word_1_505' title='bbox 3258 2573 3312 2629; x_wconf 92' lang='lat' dir='ltr'><strong>in</strong></span> <span class='ocrx_word' id='word_1_506' title='bbox 3342 2544 3697 2645; x_wconf 70' lang='lat' dir='ltr'><strong>philosophia</strong></span> <span class='ocrx_word' id='word_1_507' title='bbox 3722 2572 3802 2630; x_wconf 83' lang='lat' dir='ltr'><strong>vi-</strong></span> 
     </span>
    </p>
   </div>
   <div class='ocr_carea' id='block_1_69' title="bbox 2214 2659 3802 2735">
    <p class='ocr_par' dir='ltr' id='par_1_69' title="bbox 2214 2659 3802 2735">
     <span class='ocr_line' id='line_1_69' title="bbox 2214 2659 3802 2735; baseline 0.003 -20"><span class='ocrx_word' id='word_1_508' title='bbox 2214 2659 2443 2727; x_wconf 81' lang='lat' dir='ltr'><strong>delicet,</strong></span> <span class='ocrx_word' id='word_1_509' title='bbox 2500 2670 2724 2717; x_wconf 86' lang='lat' dir='ltr'><strong>nactum</strong></span> <span class='ocrx_word' id='word_1_510' title='bbox 2773 2661 2943 2719; x_wconf 79' lang='lat' dir='ltr'><strong>fuisse</strong></span> <span class='ocrx_word' id='word_1_511' title='bbox 2988 2663 3419 2735; x_wconf 85' lang='lat' dir='ltr'><strong>Berengarium,</strong></span> <span class='ocrx_word' id='word_1_512' title='bbox 3471 2664 3532 2721; x_wconf 90' lang='lat' dir='ltr'><strong>S.</strong></span> <span class='ocrx_word' id='word_1_513' title='bbox 3584 2664 3802 2722; x_wconf 77' lang='lat' dir='ltr'><strong>Martini</strong></span> 
     </span>
    </p>
   </div>
   <div class='ocr_carea' id='block_1_70' title="bbox 2213 2750 3803 2823">
    <p class='ocr_par' dir='ltr' id='par_1_70' title="bbox 2213 2750 3803 2823">
     <span class='ocr_line' id='line_1_70' title="bbox 2213 2750 3803 2823; baseline 0.005 -19"><span class='ocrx_word' id='word_1_514' title='bbox 2213 2750 2544 2807; x_wconf 86' lang='lat' dir='ltr'><strong>Turonensis</strong></span> <span class='ocrx_word' id='word_1_515' title='bbox 2573 2753 2931 2819; x_wconf 89' lang='lat' dir='ltr'><strong>canonicum,</strong></span> <span class='ocrx_word' id='word_1_516' title='bbox 2972 2755 3157 2809; x_wconf 89' lang='lat' dir='ltr'><strong>statim</strong></span> <span class='ocrx_word' id='word_1_517' title='bbox 3186 2755 3372 2823; x_wconf 87' lang='lat' dir='ltr'><strong>addit,</strong></span> <span class='ocrx_word' id='word_1_518' title='bbox 3424 2773 3444 2808; x_wconf 69' lang='grc' dir='ltr'><strong><em>ι</em></strong></span> <span class='ocrx_word' id='word_1_519' title='bbox 3479 2757 3524 2811; x_wconf 89' lang='lat' dir='ltr'><strong>si</strong></span> <span class='ocrx_word' id='word_1_520' title='bbox 3568 2759 3803 2813; x_wconf 87' lang='lat' dir='ltr'><strong>chrono-</strong></span> 
     </span>
    </p>
   </div>
   <div class='ocr_carea' id='block_1_71' title="bbox 2212 2842 3795 2915">
    <p class='ocr_par' dir='ltr' id='par_1_71' title="bbox 2212 2842 3795 2915">
     <span class='ocr_line' id='line_1_71' title="bbox 2212 2842 3795 2915; baseline 0.005 -20"><span class='ocrx_word' id='word_1_521' title='bbox 2212 2843 2417 2914; x_wconf 86' lang='lat' dir='ltr'><strong>grapho</strong></span> <span class='ocrx_word' id='word_1_522' title='bbox 2447 2842 2807 2909; x_wconf 85' lang='lat' dir='ltr'><strong>Malleacensi,</strong></span> <span class='ocrx_word' id='word_1_523' title='bbox 2842 2844 3116 2903; x_wconf 83' lang='lat' dir='ltr'><strong>Brunonis</strong></span> <span class='ocrx_word' id='word_1_524' title='bbox 3141 2857 3436 2915; x_wconf 68' lang='lat' dir='ltr'><strong>coaetaneo,</strong></span> <span class='ocrx_word' id='word_1_525' title='bbox 3465 2851 3743 2904; x_wconf 84' lang='lat' dir='ltr'><strong>credatur.</strong></span> <span class='ocrx_word' id='word_1_526' title='bbox 3777 2867 3795 2902; x_wconf 78' lang='grc' dir='ltr'><strong><em>ι</em></strong></span> 
     </span>
    </p>
   </div>
   <div class='ocr_carea' id='block_1_72' title="bbox 2213 2932 3800 3011">
    <p class='ocr_par' dir='ltr' id='par_1_72' title="bbox 2213 2932 3800 3011">
     <span class='ocr_line' id='line_1_72' title="bbox 2213 2932 3800 3011; baseline 0.006 -25"><span class='ocrx_word' id='word_1_527' title='bbox 2213 2932 2554 2989; x_wconf 86' lang='lat' dir='ltr'><strong>Mabillonius</strong></span> <span class='ocrx_word' id='word_1_528' title='bbox 2604 2934 2731 2991; x_wconf 89' lang='lat' dir='ltr'><strong>ﬁdei</strong></span> <span class='ocrx_word' id='word_1_529' title='bbox 2783 2935 3108 3006; x_wconf 79' lang='lat' dir='ltr'><strong>professioni</strong></span> <span class='ocrx_word' id='word_1_530' title='bbox 3156 2936 3215 2993; x_wconf 92' lang='lat' dir='ltr'><strong>S.</strong></span> <span class='ocrx_word' id='word_1_531' title='bbox 3271 2937 3539 2995; x_wconf 86' lang='lat' dir='ltr'><strong>Brunonis</strong></span> <span class='ocrx_word' id='word_1_532' title='bbox 3569 2980 3585 3005; x_wconf 92' lang='lat'><strong>,</strong></span> <span class='ocrx_word' id='word_1_533' title='bbox 3639 2955 3800 3011; x_wconf 81' lang='lat' dir='ltr'><strong>quam</strong></span> 
     </span>
    </p>
   </div>
   <div class='ocr_carea' id='block_1_73' title="bbox 2213 3025 3799 3102">
    <p class='ocr_par' dir='ltr' id='par_1_73' title="bbox 2213 3025 3799 3102">
     <span class='ocr_line' id='line_1_73' title="bbox 2213 3025 3799 3102; baseline 0.005 -22"><span class='ocrx_word' id='word_1_534' title='bbox 2213 3032 2345 3081; x_wconf 88' lang='lat' dir='ltr'><strong>tom.</strong></span> <span class='ocrx_word' id='word_1_535' title='bbox 2380 3025 2444 3082; x_wconf 76' lang='lat' dir='ltr'><strong>IV</strong></span> <span class='ocrx_word' id='word_1_536' title='bbox 2483 3028 2737 3084; x_wconf 76' lang='lat' dir='ltr'><strong>Veterum</strong></span> <span class='ocrx_word' id='word_1_537' title='bbox 2767 3029 3013 3087; x_wconf 83' lang='lat' dir='ltr'><strong>Analect.</strong></span> <span class='ocrx_word' id='word_1_538' title='bbox 3061 3046 3185 3102; x_wconf 89' lang='lat' dir='ltr'><strong>pag.</strong></span> <span class='ocrx_word' id='word_1_539' title='bbox 3212 3030 3316 3087; x_wconf 63' lang='grc'><strong>400</strong></span> <span class='ocrx_word' id='word_1_540' title='bbox 3345 3033 3531 3095; x_wconf 86' lang='lat' dir='ltr'><strong>edidit,</strong></span> <span class='ocrx_word' id='word_1_541' title='bbox 3568 3044 3799 3088; x_wconf 87' lang='lat' dir='ltr'><strong>annota-</strong></span> 
     </span>
    </p>
   </div>
   <div class='ocr_carea' id='block_1_74' title="bbox 2213 3118 3801 3196">
    <p class='ocr_par' dir='ltr' id='par_1_74' title="bbox 2213 3118 3801 3196">
     <span class='ocr_line' id='line_1_74' title="bbox 2213 3118 3801 3196; baseline 0.005 -24"><span class='ocrx_word' id='word_1_542' title='bbox 2213 3118 2411 3174; x_wconf 87' lang='lat' dir='ltr'><strong>tioncm</strong></span> <span class='ocrx_word' id='word_1_543' title='bbox 2452 3118 2591 3177; x_wconf 88' lang='lat' dir='ltr'><strong>hanc</strong></span> <span class='ocrx_word' id='word_1_544' title='bbox 2635 3121 2904 3191; x_wconf 69' lang='lat' dir='ltr'><strong>prmﬁxit:</strong></span> <span class='ocrx_word' id='word_1_545' title='bbox 2939 3142 2957 3176; x_wconf 71' lang='grc' dir='ltr'><strong><em>ι</em></strong></span> <span class='ocrx_word' id='word_1_546' title='bbox 2997 3124 3259 3180; x_wconf 91' lang='lat' dir='ltr'><strong>Deoduini</strong></span> <span class='ocrx_word' id='word_1_547' title='bbox 3288 3124 3534 3195; x_wconf 53' lang='lat' dir='ltr'><strong>epistolae</strong></span> <span class='ocrx_word' id='word_1_548' title='bbox 3578 3135 3801 3196; x_wconf 87' lang='lat' dir='ltr'><strong>propter</strong></span> 
     </span>
    </p>
   </div>
   <div class='ocr_carea' id='block_1_75' title="bbox 2214 3208 3798 3284">
    <p class='ocr_par' dir='ltr' id='par_1_75' title="bbox 2214 3208 3798 3284">
     <span class='ocr_line' id='line_1_75' title="bbox 2214 3208 3798 3284; baseline 0.008 -25"><span class='ocrx_word' id='word_1_549' title='bbox 2214 3210 2517 3279; x_wconf 78' lang='lat' dir='ltr'><strong>argumenti</strong></span> <span class='ocrx_word' id='word_1_550' title='bbox 2556 3208 2869 3266; x_wconf 77' lang='lat' dir='ltr'><strong>aliinitatem</strong></span> <span class='ocrx_word' id='word_1_551' title='bbox 2914 3212 3101 3284; x_wconf 75' lang='lat' dir='ltr'><strong>subjic.</strong></span> <span class='ocrx_word' id='word_1_552' title='bbox 3124 3227 3183 3269; x_wconf 89' lang='lat' dir='ltr'><strong>re</strong></span> <span class='ocrx_word' id='word_1_553' title='bbox 3220 3214 3396 3270; x_wconf 80' lang='lat' dir='ltr'><strong>visum</strong></span> <span class='ocrx_word' id='word_1_554' title='bbox 3436 3225 3522 3273; x_wconf 88' lang='lat' dir='ltr'><strong>est</strong></span> <span class='ocrx_word' id='word_1_555' title='bbox 3554 3215 3618 3271; x_wconf 90' lang='lat' dir='ltr'><strong>S.</strong></span> <span class='ocrx_word' id='word_1_556' title='bbox 3664 3216 3798 3271; x_wconf 86' lang='lat' dir='ltr'><strong>Bru-</strong></span> 
     </span>
    </p>
   </div>
   <div class='ocr_carea' id='block_1_76' title="bbox 2211 3299 3799 3379">
    <p class='ocr_par' dir='ltr' id='par_1_76' title="bbox 2211 3299 3799 3379">
     <span class='ocr_line' id='line_1_76' title="bbox 2211 3299 3799 3379; baseline 0.007 -25"><span class='ocrx_word' id='word_1_557' title='bbox 2211 3299 2371 3354; x_wconf 90' lang='lat' dir='ltr'><strong>nonis</strong></span> <span class='ocrx_word' id='word_1_558' title='bbox 2420 3300 2544 3356; x_wconf 89' lang='lat' dir='ltr'><strong>ﬁdei</strong></span> <span class='ocrx_word' id='word_1_559' title='bbox 2594 3301 2989 3371; x_wconf 81' lang='lat' dir='ltr'><strong>professionem</strong></span> <span class='ocrx_word' id='word_1_560' title='bbox 3018 3345 3034 3373; x_wconf 84' lang='lat'><strong>,</strong></span> <span class='ocrx_word' id='word_1_561' title='bbox 3090 3320 3252 3376; x_wconf 86' lang='lat' dir='ltr'><strong>quam</strong></span> <span class='ocrx_word' id='word_1_562' title='bbox 3302 3308 3463 3365; x_wconf 90' lang='lat' dir='ltr'><strong>morti</strong></span> <span class='ocrx_word' id='word_1_563' title='bbox 3514 3309 3799 3379; x_wconf 71' lang='lat' dir='ltr'><strong>prosimus</strong></span> 
     </span>
    </p>
   </div>
   <div class='ocr_carea' id='block_1_77' title="bbox 2209 3391 3798 3473">
    <p class='ocr_par' dir='ltr' id='par_1_77' title="bbox 2209 3391 3798 3473">
     <span class='ocr_line' id='line_1_77' title="bbox 2209 3391 3798 3473; baseline 0.008 -27"><span class='ocrx_word' id='word_1_564' title='bbox 2209 3391 2396 3458; x_wconf 88' lang='lat' dir='ltr'><strong>edidit,</strong></span> <span class='ocrx_word' id='word_1_565' title='bbox 2426 3393 2684 3448; x_wconf 86' lang='lat' dir='ltr'><strong>damnata</strong></span> <span class='ocrx_word' id='word_1_566' title='bbox 2716 3394 2906 3450; x_wconf 71' lang='lat' dir='ltr'><strong>hmresi</strong></span> <span class='ocrx_word' id='word_1_567' title='bbox 2935 3395 3249 3468; x_wconf 85' lang='lat' dir='ltr'><strong>Berengarii</strong></span> <span class='ocrx_word' id='word_1_568' title='bbox 3270 3439 3285 3466; x_wconf 90' lang='lat'><strong>,</strong></span> <span class='ocrx_word' id='word_1_569' title='bbox 3316 3398 3470 3469; x_wconf 88' lang='lat' dir='ltr'><strong>cujus</strong></span> <span class='ocrx_word' id='word_1_570' title='bbox 3498 3401 3798 3473; x_wconf 82' lang='lat' dir='ltr'><strong>discipulus</strong></span> 
     </span>
    </p>
   </div>
   <div class='ocr_carea' id='block_1_78' title="bbox 2208 3481 3799 3548">
    <p class='ocr_par' dir='ltr' id='par_1_78' title="bbox 2208 3481 3799 3548">
     <span class='ocr_line' id='line_1_78' title="bbox 2208 3481 3799 3548; baseline 0.008 -12"><span class='ocrx_word' id='word_1_571' title='bbox 2208 3481 2407 3548; x_wconf 82' lang='lat' dir='ltr'><strong>fuerat,</strong></span> <span class='ocrx_word' id='word_1_572' title='bbox 2449 3484 2495 3539; x_wconf 87' lang='lat' dir='ltr'><strong>si</strong></span> <span class='ocrx_word' id='word_1_573' title='bbox 2527 3486 2662 3540; x_wconf 88' lang='lat' dir='ltr'><strong>ﬁdes</strong></span> <span class='ocrx_word' id='word_1_574' title='bbox 2686 3494 2770 3541; x_wconf 88' lang='lat' dir='ltr'><strong>est</strong></span> <span class='ocrx_word' id='word_1_575' title='bbox 2799 3486 3072 3545; x_wconf 89' lang='lat' dir='ltr'><strong>Chronico</strong></span> <span class='ocrx_word' id='word_1_576' title='bbox 3096 3488 3458 3546; x_wconf 78' lang='lat' dir='ltr'><strong>Malleacensi.</strong></span> <span class='ocrx_word' id='word_1_577' title='bbox 3491 3509 3513 3546; x_wconf 78' lang='grc' dir='ltr'><strong><em>ι</em></strong></span> <span class='ocrx_word' id='word_1_578' title='bbox 3549 3492 3671 3548; x_wconf 85' lang='lat' dir='ltr'><strong>Duo</strong></span> <span class='ocrx_word' id='word_1_579' title='bbox 3691 3493 3799 3547; x_wconf 82' lang='lat' dir='ltr'><strong>ita-</strong></span> 
     </span>
    </p>
   </div>
   <div class='ocr_carea' id='block_1_79' title="bbox 2207 3574 3793 3652">
    <p class='ocr_par' dir='ltr' id='par_1_79' title="bbox 2207 3574 3793 3652">
     <span class='ocr_line' id='line_1_79' title="bbox 2207 3574 3793 3652; baseline 0.009 -27"><span class='ocrx_word' id='word_1_580' title='bbox 2207 3589 2312 3644; x_wconf 90' lang='lat' dir='ltr'><strong>que</strong></span> <span class='ocrx_word' id='word_1_581' title='bbox 2336 3574 2439 3629; x_wconf 86' lang='lat' dir='ltr'><strong>viri</strong></span> <span class='ocrx_word' id='word_1_582' title='bbox 2464 3575 2538 3630; x_wconf 91' lang='lat' dir='ltr'><strong>illi</strong></span> <span class='ocrx_word' id='word_1_583' title='bbox 2573 3578 2795 3645; x_wconf 89' lang='lat' dir='ltr'><strong>eruditi,</strong></span> <span class='ocrx_word' id='word_1_584' title='bbox 2822 3578 3105 3636; x_wconf 89' lang='lat' dir='ltr'><strong>Marlottus</strong></span> <span class='ocrx_word' id='word_1_585' title='bbox 3132 3596 3324 3652; x_wconf 84' lang='lat' dir='ltr'><strong>nempe</strong></span> <span class='ocrx_word' id='word_1_586' title='bbox 3346 3591 3399 3637; x_wconf 89' lang='lat' dir='ltr'><strong>et</strong></span> <span class='ocrx_word' id='word_1_587' title='bbox 3425 3582 3793 3651; x_wconf 83' lang='lat' dir='ltr'><strong>Mabillonius,</strong></span> 
     </span>
    </p>
   </div>
   <div class='ocr_carea' id='block_1_80' title="bbox 2206 3666 3793 3736">
    <p class='ocr_par' dir='ltr' id='par_1_80' title="bbox 2206 3666 3793 3736">
     <span class='ocr_line' id='line_1_80' title="bbox 2206 3666 3793 3736; baseline 0.009 -17"><span class='ocrx_word' id='word_1_588' title='bbox 2206 3666 2466 3736; x_wconf 85' lang='lat' dir='ltr'><strong>quidquid</strong></span> <span class='ocrx_word' id='word_1_589' title='bbox 2490 3668 2741 3726; x_wconf 91' lang='lat' dir='ltr'><strong>Chronici</strong></span> <span class='ocrx_word' id='word_1_590' title='bbox 2789 3671 3162 3731; x_wconf 81' lang='lat' dir='ltr'><strong>Malleaceusis</strong></span> <span class='ocrx_word' id='word_1_591' title='bbox 3190 3684 3382 3731; x_wconf 88' lang='lat' dir='ltr'><strong>auctor</strong></span> <span class='ocrx_word' id='word_1_592' title='bbox 3424 3675 3611 3733; x_wconf 88' lang='lat' dir='ltr'><strong>verbis</strong></span> <span class='ocrx_word' id='word_1_593' title='bbox 3641 3694 3793 3733; x_wconf 85' lang='lat' dir='ltr'><strong>num.</strong></span> 
     </span>
    </p>
   </div>
   <div class='ocr_carea' id='block_1_81' title="bbox 2206 3756 3797 3833">
    <p class='ocr_par' dir='ltr' id='par_1_81' title="bbox 2206 3756 3797 3833">
     <span class='ocr_line' id='line_1_81' title="bbox 2206 3756 3797 3833; baseline 0.009 -23"><span class='ocrx_word' id='word_1_594' title='bbox 2206 3757 2275 3811; x_wconf 85' lang='lat'><strong>58</strong></span> <span class='ocrx_word' id='word_1_595' title='bbox 2305 3773 2335 3810; x_wconf 89' lang='lat' dir='ltr'><strong>a</strong></span> <span class='ocrx_word' id='word_1_596' title='bbox 2363 3756 2544 3811; x_wconf 69' lang='lat' dir='ltr'><strong>Bulaeo</strong></span> <span class='ocrx_word' id='word_1_597' title='bbox 2579 3759 2827 3816; x_wconf 87' lang='lat' dir='ltr'><strong>adductis</strong></span> <span class='ocrx_word' id='word_1_598' title='bbox 2852 3763 3075 3826; x_wconf 80' lang='lat' dir='ltr'><strong>scribat,</strong></span> <span class='ocrx_word' id='word_1_599' title='bbox 3104 3779 3202 3833; x_wconf 92' lang='lat' dir='ltr'><strong>pro</strong></span> <span class='ocrx_word' id='word_1_600' title='bbox 3229 3765 3536 3822; x_wconf 85' lang='lat' dir='ltr'><strong>indubitate</strong></span> <span class='ocrx_word' id='word_1_601' title='bbox 3559 3783 3670 3825; x_wconf 89' lang='lat' dir='ltr'><strong>non</strong></span> <span class='ocrx_word' id='word_1_602' title='bbox 3701 3767 3797 3824; x_wconf 89' lang='lat' dir='ltr'><strong>ba-</strong></span> 
     </span>
    </p>
   </div>
   <div class='ocr_carea' id='block_1_82' title="bbox 2205 3848 3792 3929">
    <p class='ocr_par' dir='ltr' id='par_1_82' title="bbox 2205 3848 3792 3929">
     <span class='ocr_line' id='line_1_82' title="bbox 2205 3848 3792 3929; baseline 0.008 -27"><span class='ocrx_word' id='word_1_603' title='bbox 2205 3848 2412 3916; x_wconf 86' lang='lat' dir='ltr'><strong>buerc,</strong></span> <span class='ocrx_word' id='word_1_604' title='bbox 2461 3849 2768 3906; x_wconf 86' lang='lat' dir='ltr'><strong>Brunonem</strong></span> <span class='ocrx_word' id='word_1_605' title='bbox 2827 3854 2879 3907; x_wconf 89' lang='lat' dir='ltr'><strong>in</strong></span> <span class='ocrx_word' id='word_1_606' title='bbox 2930 3854 3269 3927; x_wconf 89' lang='lat' dir='ltr'><strong>philosophia</strong></span> <span class='ocrx_word' id='word_1_607' title='bbox 3322 3858 3585 3929; x_wconf 88' lang='lat' dir='ltr'><strong>magistro</strong></span> <span class='ocrx_word' id='word_1_608' title='bbox 3634 3877 3792 3917; x_wconf 88' lang='lat' dir='ltr'><strong>usum</strong></span> 
     </span>
    </p>
   </div>
   <div class='ocr_carea' id='block_1_83' title="bbox 2205 3941 3795 4019">
    <p class='ocr_par' dir='ltr' id='par_1_83' title="bbox 2205 3941 3795 4019">
     <span class='ocr_line' id='line_1_83' title="bbox 2205 3941 3795 4019; baseline 0.008 -27"><span class='ocrx_word' id='word_1_609' title='bbox 2205 3955 2463 4008; x_wconf 87' lang='lat' dir='ltr'><strong>umquam</strong></span> <span class='ocrx_word' id='word_1_610' title='bbox 2489 3956 2609 3996; x_wconf 84' lang='lat' dir='ltr'><strong>esse</strong></span> <span class='ocrx_word' id='word_1_611' title='bbox 2638 3941 2985 4019; x_wconf 83' lang='lat' dir='ltr'><strong>Bercngario.</strong></span> <span class='ocrx_word' id='word_1_612' title='bbox 3012 3945 3124 4001; x_wconf 86' lang='lat' dir='ltr'><strong>Nec</strong></span> <span class='ocrx_word' id='word_1_613' title='bbox 3150 3955 3360 4001; x_wconf 86' lang='lat' dir='ltr'><strong>tantum</strong></span> <span class='ocrx_word' id='word_1_614' title='bbox 3384 3964 3502 4003; x_wconf 83' lang='lat' dir='ltr'><strong>rem</strong></span> <span class='ocrx_word' id='word_1_615' title='bbox 3528 3949 3676 4007; x_wconf 85' lang='lat' dir='ltr'><strong>hanc</strong></span> <span class='ocrx_word' id='word_1_616' title='bbox 3696 3951 3795 4005; x_wconf 82' lang='lat' dir='ltr'><strong>du-</strong></span> 
     </span>
    </p>
   </div>
   <div class='ocr_carea' id='block_1_84' title="bbox 2205 4031 3793 4100">
    <p class='ocr_par' dir='ltr' id='par_1_84' title="bbox 2205 4031 3793 4100">
     <span class='ocr_line' id='line_1_84' title="bbox 2205 4031 3793 4100; baseline 0.009 -14"><span class='ocrx_word' id='word_1_617' title='bbox 2205 4031 2372 4096; x_wconf 87' lang='lat' dir='ltr'><strong>biam,</strong></span> <span class='ocrx_word' id='word_1_618' title='bbox 2403 4048 2592 4089; x_wconf 84' lang='lat' dir='ltr'><strong>verum</strong></span> <span class='ocrx_word' id='word_1_619' title='bbox 2632 4038 2795 4091; x_wconf 89' lang='lat' dir='ltr'><strong>etiam</strong></span> <span class='ocrx_word' id='word_1_620' title='bbox 2826 4052 2855 4090; x_wconf 87' lang='lat' dir='ltr'><strong>a</strong></span> <span class='ocrx_word' id='word_1_621' title='bbox 2904 4053 3032 4093; x_wconf 79' lang='lat' dir='ltr'><strong>vero</strong></span> <span class='ocrx_word' id='word_1_622' title='bbox 3062 4038 3288 4093; x_wconf 88' lang='lat' dir='ltr'><strong>alienam</strong></span> <span class='ocrx_word' id='word_1_623' title='bbox 3334 4044 3642 4099; x_wconf 87' lang='lat' dir='ltr'><strong>autumavit</strong></span> <span class='ocrx_word' id='word_1_624' title='bbox 3686 4044 3793 4100; x_wconf 64' lang='grc' dir='ltr'><strong>Μαι</strong></span> 
     </span>
    </p>
   </div>
   <div class='ocr_carea' id='block_1_85' title="bbox 2177 4120 2476 4182">
    <p class='ocr_par' dir='ltr' id='par_1_85' title="bbox 2177 4120 2476 4182">
     <span class='ocr_line' id='line_1_85' title="bbox 2177 4120 2476 4182; baseline 0.003 -7"><span class='ocrx_word' id='word_1_625' title='bbox 2177 4120 2476 4182; x_wconf 79' lang='lat' dir='ltr'><strong>billonius.</strong></span> 
     </span>
    </p>
   </div>
   <div class='ocr_carea' id='block_1_86' title="bbox 2275 4212 3792 4278">
    <p class='ocr_par' dir='ltr' id='par_1_86' title="bbox 2275 4212 3792 4278">
     <span class='ocr_line' id='line_1_86' title="bbox 2275 4212 3792 4278; baseline 0.006 -12"><span class='ocrx_word' id='word_1_626' title='bbox 2275 4212 2362 4267; x_wconf 82' lang='lat'><strong>6|.</strong></span> <span class='ocrx_word' id='word_1_627' title='bbox 2404 4213 2615 4268; x_wconf 84' lang='lat' dir='ltr'><strong>Etenim</strong></span> <span class='ocrx_word' id='word_1_628' title='bbox 2660 4214 2986 4272; x_wconf 68' lang='lat' dir='ltr'><strong>Prmfatione</strong></span> <span class='ocrx_word' id='word_1_629' title='bbox 3031 4216 3082 4271; x_wconf 92' lang='lat' dir='ltr'><strong>in</strong></span> <span class='ocrx_word' id='word_1_630' title='bbox 3136 4216 3404 4274; x_wconf 65' lang='lat' dir='ltr'><strong>Sascnlum</strong></span> <span class='ocrx_word' id='word_1_631' title='bbox 3451 4234 3506 4274; x_wconf 82' lang='lat' dir='ltr'><strong>Vl</strong></span> <span class='ocrx_word' id='word_1_632' title='bbox 3557 4220 3792 4278; x_wconf 82' lang='lat' dir='ltr'><strong>Benedi-</strong></span> 
     </span>
    </p>
   </div>
   <div class='ocr_carea' id='block_1_87' title="bbox 2206 4304 3791 4370">
    <p class='ocr_par' dir='ltr' id='par_1_87' title="bbox 2206 4304 3791 4370">
     <span class='ocr_line' id='line_1_87' title="bbox 2206 4304 3791 4370; baseline 0.008 -13"><span class='ocrx_word' id='word_1_633' title='bbox 2206 4304 2407 4358; x_wconf 87' lang='lat' dir='ltr'><strong>ctinmn</strong></span> <span class='ocrx_word' id='word_1_634' title='bbox 2439 4322 2589 4360; x_wconf 87' lang='lat' dir='ltr'><strong>num.</strong></span> <span class='ocrx_word' id='word_1_635' title='bbox 2619 4308 2649 4360; x_wconf 89' lang='lat'><strong>7</strong></span> <span class='ocrx_word' id='word_1_636' title='bbox 2683 4308 2828 4363; x_wconf 90' lang='lat' dir='ltr'><strong>circa</strong></span> <span class='ocrx_word' id='word_1_637' title='bbox 2872 4309 3108 4364; x_wconf 82' lang='lat' dir='ltr'><strong>medium</strong></span> <span class='ocrx_word' id='word_1_638' title='bbox 3136 4311 3214 4366; x_wconf 86' lang='lat' dir='ltr'><strong>sic</strong></span> <span class='ocrx_word' id='word_1_639' title='bbox 3255 4312 3489 4367; x_wconf 78' lang='lat' dir='ltr'><strong>scribit:</strong></span> <span class='ocrx_word' id='word_1_640' title='bbox 3525 4333 3543 4365; x_wconf 72' lang='grc' dir='ltr'>ι</span> <span class='ocrx_word' id='word_1_641' title='bbox 3577 4316 3656 4370; x_wconf 82' lang='lat' dir='ltr'><strong>De</strong></span> <span class='ocrx_word' id='word_1_642' title='bbox 3688 4316 3791 4370; x_wconf 83' lang='lat' dir='ltr'><strong>hac</strong></span> 
     </span>
    </p>
   </div>
   <div class='ocr_carea' id='block_1_88' title="bbox 2204 4397 3843 4473">
    <p class='ocr_par' dir='ltr' id='par_1_88' title="bbox 2204 4397 3843 4473">
     <span class='ocr_line' id='line_1_88' title="bbox 2204 4397 3843 4473; baseline 0.009 -26"><span class='ocrx_word' id='word_1_643' title='bbox 2204 4397 2589 4466; x_wconf 81' lang='lat' dir='ltr'><strong>pmpagatione</strong></span> <span class='ocrx_word' id='word_1_644' title='bbox 2623 4398 2905 4470; x_wconf 78' lang='lat' dir='ltr'><strong>(doctrina:</strong></span> <span class='ocrx_word' id='word_1_645' title='bbox 2933 4411 2989 4455; x_wconf 90' lang='lat' dir='ltr'><strong>ct</strong></span> <span class='ocrx_word' id='word_1_646' title='bbox 3022 4400 3366 4473; x_wconf 86' lang='lat' dir='ltr'><strong>eruditionis)</strong></span> <span class='ocrx_word' id='word_1_647' title='bbox 3405 4420 3573 4473; x_wconf 82' lang='lat' dir='ltr'><strong>agens</strong></span> <span class='ocrx_word' id='word_1_648' title='bbox 3614 4410 3788 4461; x_wconf 87' lang='lat' dir='ltr'><strong>sancti</strong></span> <span class='ocrx_word' id='word_1_649' title='bbox 3840 4470 3843 4471; x_wconf 21' lang='grc' dir='ltr'><em>ν</em></span> 
     </span>
    </p>
   </div>
   <div class='ocr_carea' id='block_1_89' title="bbox 517 4475 3787 4565">
    <p class='ocr_par' dir='ltr' id='par_1_89' title="bbox 517 4475 3787 4565">
     <span class='ocr_line' id='line_1_89' title="bbox 517 4475 3787 4565; baseline 0.008 -38"><span class='ocrx_word' id='word_1_650' title='bbox 517 4475 841 4541; x_wconf 72' lang='lat' dir='ltr'><strong>sequacibus</strong></span> <span class='ocrx_word' id='word_1_651' title='bbox 874 4480 1145 4548; x_wconf 57' lang='lat' dir='ltr'><strong>praelusit,</strong></span> <span class='ocrx_word' id='word_1_652' title='bbox 1177 4501 1383 4542; x_wconf 76' lang='lat' dir='ltr'><strong>veneno</strong></span> <span class='ocrx_word' id='word_1_653' title='bbox 1412 4506 1507 4559; x_wconf 73' lang='lat' dir='ltr'><strong>per</strong></span> <span class='ocrx_word' id='word_1_654' title='bbox 1544 4507 1758 4547; x_wconf 69' lang='lat' dir='ltr'><strong>omnem</strong></span> <span class='ocrx_word' id='word_1_655' title='bbox 1787 4494 1895 4549; x_wconf 66' lang='lat' dir='ltr'><strong>me</strong></span> <span class='ocrx_word' id='word_1_656' title='bbox 1927 4480 2099 4551; x_wconf 48' lang='lat' dir='ltr'><strong>Euro}</strong></span> <span class='ocrx_word' id='word_1_657' title='bbox 2133 4504 2177 4558; x_wconf 75' lang='grc' dir='ltr'><strong>ι)</strong></span> <span class='ocrx_word' id='word_1_658' title='bbox 2206 4486 2458 4543; x_wconf 79' lang='lat' dir='ltr'><strong>Maxentii</strong></span> <span class='ocrx_word' id='word_1_659' title='bbox 2512 4490 2989 4562; x_wconf 80' lang='lat' dir='ltr'><strong>chronographus,</strong></span> <span class='ocrx_word' id='word_1_660' title='bbox 3031 4509 3181 4557; x_wconf 88' lang='lat' dir='ltr'><strong>eam,</strong></span> <span class='ocrx_word' id='word_1_661' title='bbox 3220 4505 3475 4564; x_wconf 84' lang='lat' dir='ltr'><strong>tanquam</strong></span> <span class='ocrx_word' id='word_1_662' title='bbox 3519 4512 3549 4552; x_wconf 92' lang='lat' dir='ltr'><strong>e</strong></span> <span class='ocrx_word' id='word_1_663' title='bbox 3595 4498 3748 4554; x_wconf 70' lang='lat' dir='ltr'><strong>futile</strong></span> <span class='ocrx_word' id='word_1_664' title='bbox 3770 4540 3787 4565; x_wconf 87' lang='lat'><strong>,</strong></span> 
     </span>
    </p>
   </div>
   <div class='ocr_carea' id='block_1_90' title="bbox 518 4567 2100 4658">
    <p class='ocr_par' dir='ltr' id='par_1_90' title="bbox 518 4567 2100 4658">
     <span class='ocr_line' id='line_1_90' title="bbox 518 4567 2100 4658; baseline 0.016 -42"><span class='ocrx_word' id='word_1_665' title='bbox 518 4578 645 4633; x_wconf 88' lang='lat' dir='ltr'><strong>pam</strong></span> <span class='ocrx_word' id='word_1_666' title='bbox 674 4567 974 4624; x_wconf 89' lang='lat' dir='ltr'><strong>notissimo.</strong></span> <span class='ocrx_word' id='word_1_667' title='bbox 1008 4573 1205 4631; x_wconf 86' lang='lat' dir='ltr'><strong>Verum</strong></span> <span class='ocrx_word' id='word_1_668' title='bbox 1233 4594 1356 4633; x_wconf 92' lang='lat' dir='ltr'><strong>cum</strong></span> <span class='ocrx_word' id='word_1_669' title='bbox 1385 4580 1742 4654; x_wconf 84' lang='lat' dir='ltr'><strong>Bercngarius</strong></span> <span class='ocrx_word' id='word_1_670' title='bbox 1774 4588 1883 4658; x_wconf 83' lang='lat' dir='ltr'><strong>(adi</strong></span> <span class='ocrx_word' id='word_1_671' title='bbox 1920 4586 2100 4643; x_wconf 66' lang='lat' dir='ltr'><strong>liste-</strong></span> 
     </span>
    </p>
   </div>
   <div class='ocr_carea' id='block_1_91' title="bbox 514 4653 2097 4750">
    <p class='ocr_par' dir='ltr' id='par_1_91' title="bbox 514 4653 2097 4750">
     <span class='ocr_line' id='line_1_91' title="bbox 514 4653 2097 4750; baseline 0.016 -43"><span class='ocrx_word' id='word_1_672' title='bbox 514 4653 614 4711; x_wconf 59' lang='grc' dir='ltr'><strong>τίω</strong></span> <span class='ocrx_word' id='word_1_673' title='bbox 642 4655 920 4714; x_wconf 68' lang='lat' dir='ltr'><strong>litterariae</strong></span> <span class='ocrx_word' id='word_1_674' title='bbox 944 4662 1186 4720; x_wconf 78' lang='lat' dir='ltr'><strong>Francia:</strong></span> <span class='ocrx_word' id='word_1_675' title='bbox 1212 4668 1504 4738; x_wconf 84' lang='lat' dir='ltr'><strong>scriptores</strong></span> <span class='ocrx_word' id='word_1_676' title='bbox 1533 4653 1663 4729; x_wconf 89' lang='lat' dir='ltr'><strong>tom.</strong></span> <span class='ocrx_word' id='word_1_677' title='bbox 1693 4653 1791 4740; x_wconf 72' lang='lat' dir='ltr'><strong>IX,</strong></span> <span class='ocrx_word' id='word_1_678' title='bbox 1814 4693 1938 4747; x_wconf 78' lang='lat' dir='ltr'><strong>pag.</strong></span> <span class='ocrx_word' id='word_1_679' title='bbox 1974 4678 2097 4750; x_wconf 77' lang='lat' dir='ltr'><strong>HO)</strong></span> 
     </span>
    </p>
   </div>
   <div class='ocr_carea' id='block_1_92' title="bbox 519 4741 2092 4838">
    <p class='ocr_par' dir='ltr' id='par_1_92' title="bbox 519 4741 2092 4838">
     <span class='ocr_line' id='line_1_92' title="bbox 519 4741 2092 4838; baseline 0.017 -39"><span class='ocrx_word' id='word_1_680' title='bbox 519 4741 744 4801; x_wconf 49' lang='lat' dir='ltr'><strong>Parisiis</strong></span> <span class='ocrx_word' id='word_1_681' title='bbox 778 4748 1024 4808; x_wconf 88' lang='lat' dir='ltr'><strong>docuisse</strong></span> <span class='ocrx_word' id='word_1_682' title='bbox 1064 4757 1309 4826; x_wconf 87' lang='lat' dir='ltr'><strong>nuspiam</strong></span> <span class='ocrx_word' id='word_1_683' title='bbox 1353 4760 1582 4832; x_wconf 89' lang='lat' dir='ltr'><strong>legatur,</strong></span> <span class='ocrx_word' id='word_1_684' title='bbox 1622 4766 1801 4836; x_wconf 84' lang='lat' dir='ltr'><strong>sitque</strong></span> <span class='ocrx_word' id='word_1_685' title='bbox 1842 4770 2092 4838; x_wconf 83' lang='lat' dir='ltr'><strong>proinde,</strong></span> 
     </span>
    </p>
   </div>
   <div class='ocr_carea' id='block_1_93' title="bbox 511 4833 2094 4924">
    <p class='ocr_par' dir='ltr' id='par_1_93' title="bbox 511 4833 2094 4924">
     <span class='ocr_line' id='line_1_93' title="bbox 511 4833 2094 4924; baseline 0.018 -37"><span class='ocrx_word' id='word_1_686' title='bbox 511 4833 598 4888; x_wconf 79' lang='lat' dir='ltr'><strong>uti</strong></span> <span class='ocrx_word' id='word_1_687' title='bbox 630 4835 857 4905; x_wconf 85' lang='lat' dir='ltr'><strong>ipsemet</strong></span> <span class='ocrx_word' id='word_1_688' title='bbox 890 4840 1099 4899; x_wconf 75' lang='lat' dir='ltr'><strong>Bnlzeus</strong></span> <span class='ocrx_word' id='word_1_689' title='bbox 1124 4848 1303 4904; x_wconf 79' lang='lat' dir='ltr'><strong>verbis</strong></span> <span class='ocrx_word' id='word_1_690' title='bbox 1331 4852 1573 4908; x_wconf 88' lang='lat' dir='ltr'><strong>recitatis</strong></span> <span class='ocrx_word' id='word_1_691' title='bbox 1602 4833 1737 4911; x_wconf 83' lang='lat' dir='ltr'><strong>satis</strong></span> <span class='ocrx_word' id='word_1_692' title='bbox 1766 4833 1996 4924; x_wconf 84' lang='lat' dir='ltr'><strong>indicat,</strong></span> <span class='ocrx_word' id='word_1_693' title='bbox 2026 4833 2094 4916; x_wconf 87' lang='lat' dir='ltr'><strong>an</strong></span> 
     </span>
    </p>
   </div>
   <div class='ocr_carea' id='block_1_94' title="bbox 510 4922 2095 5009">
    <p class='ocr_par' dir='ltr' id='par_1_94' title="bbox 510 4922 2095 5009">
     <span class='ocr_line' id='line_1_94' title="bbox 510 4922 2095 5009; baseline 0.017 -32"><span class='ocrx_word' id='word_1_694' title='bbox 510 4922 718 4981; x_wconf 81' lang='lat' dir='ltr'><strong>ibidem</strong></span> <span class='ocrx_word' id='word_1_695' title='bbox 748 4943 935 4985; x_wconf 83' lang='lat' dir='ltr'><strong>revera</strong></span> <span class='ocrx_word' id='word_1_696' title='bbox 967 4932 1055 4989; x_wconf 90' lang='lat' dir='ltr'><strong>ille</strong></span> <span class='ocrx_word' id='word_1_697' title='bbox 1087 4951 1320 5005; x_wconf 84' lang='lat' dir='ltr'><strong>unquam</strong></span> <span class='ocrx_word' id='word_1_698' title='bbox 1351 4942 1626 5009; x_wconf 89' lang='lat' dir='ltr'><strong>docuerit,</strong></span> <span class='ocrx_word' id='word_1_699' title='bbox 1663 4949 1953 5003; x_wconf 88' lang='lat' dir='ltr'><strong>admodum</strong></span> <span class='ocrx_word' id='word_1_700' title='bbox 1984 4922 2095 5006; x_wconf 17' lang='lat' dir='ltr'><strong>Vdu-</strong></span> 
     </span>
    </p>
   </div>
   <div class='ocr_carea' id='block_1_95' title="bbox 509 5013 2096 5102">
    <p class='ocr_par' dir='ltr' id='par_1_95' title="bbox 509 5013 2096 5102">
     <span class='ocr_line' id='line_1_95' title="bbox 509 5013 2096 5102; baseline 0.019 -34"><span class='ocrx_word' id='word_1_701' title='bbox 509 5013 690 5083; x_wconf 73' lang='lat' dir='ltr'><strong>bium,</strong></span> <span class='ocrx_word' id='word_1_702' title='bbox 722 5033 819 5073; x_wconf 89' lang='lat' dir='ltr'><strong>cur</strong></span> <span class='ocrx_word' id='word_1_703' title='bbox 845 5018 1077 5079; x_wconf 82' lang='lat' dir='ltr'><strong>Turonis</strong></span> <span class='ocrx_word' id='word_1_704' title='bbox 1106 5026 1277 5092; x_wconf 88' lang='lat' dir='ltr'><strong>hunc,</strong></span> <span class='ocrx_word' id='word_1_705' title='bbox 1308 5030 1396 5086; x_wconf 91' lang='lat' dir='ltr'><strong>ubi</strong></span> <span class='ocrx_word' id='word_1_706' title='bbox 1425 5044 1572 5095; x_wconf 86' lang='lat' dir='ltr'><strong>certe</strong></span> <span class='ocrx_word' id='word_1_707' title='bbox 1599 5037 1804 5102; x_wconf 89' lang='lat' dir='ltr'><strong>docuit,</strong></span> <span class='ocrx_word' id='word_1_708' title='bbox 1834 5056 1862 5093; x_wconf 91' lang='lat' dir='ltr'><strong>a</strong></span> <span class='ocrx_word' id='word_1_709' title='bbox 1895 5041 2096 5098; x_wconf 88' lang='lat' dir='ltr'><strong>Sancto</strong></span> 
     </span>
    </p>
   </div>
   <div class='ocr_carea' id='block_1_96' title="bbox 510 5106 2095 5189">
    <p class='ocr_par' dir='ltr' id='par_1_96' title="bbox 510 5106 2095 5189">
     <span class='ocr_line' id='line_1_96' title="bbox 510 5106 2095 5189; baseline 0.018 -29"><span class='ocrx_word' id='word_1_710' title='bbox 510 5106 569 5161; x_wconf 84' lang='lat' dir='ltr'><strong>in</strong></span> <span class='ocrx_word' id='word_1_711' title='bbox 598 5110 939 5183; x_wconf 78' lang='lat' dir='ltr'><strong>philosophia</strong></span> <span class='ocrx_word' id='word_1_712' title='bbox 964 5119 1203 5174; x_wconf 87' lang='lat' dir='ltr'><strong>auditum</strong></span> <span class='ocrx_word' id='word_1_713' title='bbox 1233 5121 1424 5189; x_wconf 78' lang='lat' dir='ltr'><strong>fuisse,</strong></span> <span class='ocrx_word' id='word_1_714' title='bbox 1457 5142 1486 5181; x_wconf 88' lang='lat' dir='ltr'><strong>e</strong></span> <span class='ocrx_word' id='word_1_715' title='bbox 1514 5129 1755 5184; x_wconf 88' lang='lat' dir='ltr'><strong>recitatis</strong></span> <span class='ocrx_word' id='word_1_716' title='bbox 1778 5130 2095 5189; x_wconf 83' lang='lat' dir='ltr'><strong>Malleacen-</strong></span> 
     </span>
    </p>
   </div>
   <div class='ocr_carea' id='block_1_97' title="bbox 503 5200 2091 5282">
    <p class='ocr_par' dir='ltr' id='par_1_97' title="bbox 503 5200 2091 5282">
     <span class='ocr_line' id='line_1_97' title="bbox 503 5200 2091 5282; baseline 0.017 -28"><span class='ocrx_word' id='word_1_717' title='bbox 503 5200 590 5255; x_wconf 74' lang='lat' dir='ltr'><strong>sis</strong></span> <span class='ocrx_word' id='word_1_718' title='bbox 628 5200 881 5261; x_wconf 86' lang='lat' dir='ltr'><strong>Chronici</strong></span> <span class='ocrx_word' id='word_1_719' title='bbox 927 5210 1107 5267; x_wconf 87' lang='lat' dir='ltr'><strong>verbis</strong></span> <span class='ocrx_word' id='word_1_720' title='bbox 1148 5214 1327 5282; x_wconf 83' lang='lat' dir='ltr'><strong>potius</strong></span> <span class='ocrx_word' id='word_1_721' title='bbox 1376 5232 1481 5272; x_wconf 91' lang='lat' dir='ltr'><strong>non</strong></span> <span class='ocrx_word' id='word_1_722' title='bbox 1523 5219 1737 5275; x_wconf 70' lang='lat' dir='ltr'><strong>intulit?</strong></span> <span class='ocrx_word' id='word_1_723' title='bbox 1782 5221 1924 5279; x_wconf 89' lang='lat' dir='ltr'><strong>Sane</strong></span> <span class='ocrx_word' id='word_1_724' title='bbox 1968 5241 2091 5280; x_wconf 89' lang='lat' dir='ltr'><strong>cum</strong></span> 
     </span>
    </p>
   </div>
   <div class='ocr_carea' id='block_1_98' title="bbox 504 5288 2093 5382">
    <p class='ocr_par' dir='ltr' id='par_1_98' title="bbox 504 5288 2093 5382">
     <span class='ocr_line' id='line_1_98' title="bbox 504 5288 2093 5382; baseline 0.018 -39"><span class='ocrx_word' id='word_1_725' title='bbox 504 5288 915 5364; x_wconf 78' lang='lat' dir='ltr'><strong>Berengarius,</strong></span> <span class='ocrx_word' id='word_1_726' title='bbox 971 5315 999 5355; x_wconf 90' lang='lat' dir='ltr'><strong>a</strong></span> <span class='ocrx_word' id='word_1_727' title='bbox 1052 5299 1363 5361; x_wconf 76' lang='lat' dir='ltr'><strong>Lanl’ranco</strong></span> <span class='ocrx_word' id='word_1_728' title='bbox 1413 5309 1577 5364; x_wconf 80' lang='lat' dir='ltr'><strong>variis</strong></span> <span class='ocrx_word' id='word_1_729' title='bbox 1634 5310 2093 5382; x_wconf 79' lang='lat' dir='ltr'><strong>disputationibus</strong></span> 
     </span>
    </p>
   </div>
   <div class='ocr_carea' id='block_1_99' title="bbox 504 5387 2092 5474">
    <p class='ocr_par' dir='ltr' id='par_1_99' title="bbox 504 5387 2092 5474">
     <span class='ocr_line' id='line_1_99' title="bbox 504 5387 2092 5474; baseline 0.018 -35"><span class='ocrx_word' id='word_1_730' title='bbox 504 5387 775 5455; x_wconf 83' lang='lat' dir='ltr'><strong>devictus,</strong></span> <span class='ocrx_word' id='word_1_731' title='bbox 800 5402 856 5447; x_wconf 91' lang='lat' dir='ltr'><strong>et</strong></span> <span class='ocrx_word' id='word_1_732' title='bbox 880 5409 910 5447; x_wconf 89' lang='lat' dir='ltr'><strong>a</strong></span> <span class='ocrx_word' id='word_1_733' title='bbox 938 5394 1216 5467; x_wconf 89' lang='lat' dir='ltr'><strong>discipulis</strong></span> <span class='ocrx_word' id='word_1_734' title='bbox 1242 5412 1527 5471; x_wconf 85' lang='lat' dir='ltr'><strong>propterea</strong></span> <span class='ocrx_word' id='word_1_735' title='bbox 1558 5407 1827 5474; x_wconf 85' lang='lat' dir='ltr'><strong>desertus,</strong></span> <span class='ocrx_word' id='word_1_736' title='bbox 1857 5408 2092 5467; x_wconf 67' lang='lat' dir='ltr'><strong>Parisios</strong></span> 
     </span>
    </p>
   </div>
   <div class='ocr_carea' id='block_1_100' title="bbox 498 5480 2086 5566">
    <p class='ocr_par' dir='ltr' id='par_1_100' title="bbox 498 5480 2086 5566">
     <span class='ocr_line' id='line_1_100' title="bbox 498 5480 2086 5566; baseline 0.016 -36"><span class='ocrx_word' id='word_1_737' title='bbox 498 5486 564 5531; x_wconf 78' lang='lat' dir='ltr'><strong>et</strong></span> <span class='ocrx_word' id='word_1_738' title='bbox 621 5480 838 5537; x_wconf 89' lang='lat' dir='ltr'><strong>scholas</strong></span> <span class='ocrx_word' id='word_1_739' title='bbox 896 5485 1214 5555; x_wconf 87' lang='lat' dir='ltr'><strong>dimittere,</strong></span> <span class='ocrx_word' id='word_1_740' title='bbox 1272 5491 1627 5564; x_wconf 87' lang='lat' dir='ltr'><strong>Turonasque</strong></span> <span class='ocrx_word' id='word_1_741' title='bbox 1682 5508 1962 5566; x_wconf 88' lang='lat' dir='ltr'><strong>repetere,</strong></span> <span class='ocrx_word' id='word_1_742' title='bbox 2020 5517 2086 5556; x_wconf 84' lang='lat' dir='ltr'><strong>cx</strong></span> 
     </span>
    </p>
   </div>
   <div class='ocr_carea' id='block_1_101' title="bbox 498 5569 2091 5650">
    <p class='ocr_par' dir='ltr' id='par_1_101' title="bbox 498 5569 2091 5650">
     <span class='ocr_line' id='line_1_101' title="bbox 498 5569 2091 5650; baseline 0.014 -26"><span class='ocrx_word' id='word_1_743' title='bbox 498 5569 790 5639; x_wconf 72' lang='lat' dir='ltr'><strong>ipsinsmet</strong></span> <span class='ocrx_word' id='word_1_744' title='bbox 832 5576 998 5634; x_wconf 71' lang='grc' dir='ltr'><strong>Βαιιωί</strong></span> <span class='ocrx_word' id='word_1_745' title='bbox 1047 5582 1300 5650; x_wconf 83' lang='lat' dir='ltr'><strong>opinione</strong></span> <span class='ocrx_word' id='word_1_746' title='bbox 1347 5586 1447 5639; x_wconf 89' lang='lat' dir='ltr'><strong>sub</strong></span> <span class='ocrx_word' id='word_1_747' title='bbox 1491 5602 1689 5643; x_wconf 80' lang='lat' dir='ltr'><strong>annum</strong></span> <span class='ocrx_word' id='word_1_748' title='bbox 1742 5590 1879 5644; x_wconf 79' lang='grc'><strong>1058</strong></span> <span class='ocrx_word' id='word_1_749' title='bbox 1928 5592 2091 5647; x_wconf 80' lang='lat' dir='ltr'><strong>fuerit</strong></span> 
     </span>
    </p>
   </div>
   <div class='ocr_carea' id='block_1_102' title="bbox 496 5670 2086 5752">
    <p class='ocr_par' dir='ltr' id='par_1_102' title="bbox 496 5670 2086 5752">
     <span class='ocr_line' id='line_1_102' title="bbox 496 5670 2086 5752; baseline 0.013 -36"><span class='ocrx_word' id='word_1_750' title='bbox 496 5676 725 5721; x_wconf 70' lang='lat' dir='ltr'><strong>coactus</strong></span> <span class='ocrx_word' id='word_1_751' title='bbox 752 5709 768 5733; x_wconf 91' lang='lat'><strong>,</strong></span> <span class='ocrx_word' id='word_1_752' title='bbox 816 5670 1024 5738; x_wconf 87' lang='lat' dir='ltr'><strong>nequiit</strong></span> <span class='ocrx_word' id='word_1_753' title='bbox 1065 5671 1310 5735; x_wconf 79' lang='lat' dir='ltr'><strong>profecto</strong></span> <span class='ocrx_word' id='word_1_754' title='bbox 1350 5674 1605 5732; x_wconf 86' lang='lat' dir='ltr'><strong>Sanctum</strong></span> <span class='ocrx_word' id='word_1_755' title='bbox 1651 5679 1703 5733; x_wconf 92' lang='lat' dir='ltr'><strong>in</strong></span> <span class='ocrx_word' id='word_1_756' title='bbox 1751 5681 2086 5752; x_wconf 88' lang='lat' dir='ltr'><strong>philosophia</strong></span> 
     </span>
    </p>
   </div>
   <div class='ocr_carea' id='block_1_103' title="bbox 500 5753 2088 5841">
    <p class='ocr_par' dir='ltr' id='par_1_103' title="bbox 500 5753 2088 5841">
     <span class='ocr_line' id='line_1_103' title="bbox 500 5753 2088 5841; baseline 0.014 -34"><span class='ocrx_word' id='word_1_757' title='bbox 500 5753 704 5814; x_wconf 77' lang='lat' dir='ltr'><strong>ibidem</strong></span> <span class='ocrx_word' id='word_1_758' title='bbox 752 5761 952 5817; x_wconf 77' lang='lat' dir='ltr'><strong>habere</strong></span> <span class='ocrx_word' id='word_1_759' title='bbox 993 5763 1345 5833; x_wconf 79' lang='lat' dir='ltr'><strong>discipulum,</strong></span> <span class='ocrx_word' id='word_1_760' title='bbox 1390 5775 1574 5839; x_wconf 90' lang='lat' dir='ltr'><strong>utpote</strong></span> <span class='ocrx_word' id='word_1_761' title='bbox 1618 5772 1709 5841; x_wconf 84' lang='lat' dir='ltr'><strong>qui</strong></span> <span class='ocrx_word' id='word_1_762' title='bbox 1749 5783 1908 5840; x_wconf 88' lang='lat' dir='ltr'><strong>tunc,</strong></span> <span class='ocrx_word' id='word_1_763' title='bbox 1944 5789 2088 5830; x_wconf 85' lang='lat' dir='ltr'><strong>anno</strong></span> 
     </span>
    </p>
   </div>
   <div class='ocr_carea' id='block_1_104' title="bbox 2202 4579 3885 4647">
    <p class='ocr_par' dir='ltr' id='par_1_104' title="bbox 2202 4579 3885 4647">
     <span class='ocr_line' id='line_1_104' title="bbox 2202 4579 3885 4647; baseline 0.007 -14"><span class='ocrx_word' id='word_1_764' title='bbox 2202 4580 2403 4647; x_wconf 81' lang='lat' dir='ltr'><strong>repetit</strong></span> <span class='ocrx_word' id='word_1_765' title='bbox 2447 4595 2474 4633; x_wconf 90' lang='lat' dir='ltr'><strong>a</strong></span> <span class='ocrx_word' id='word_1_766' title='bbox 2515 4579 2768 4635; x_wconf 88' lang='lat' dir='ltr'><strong>Girberlo</strong></span> <span class='ocrx_word' id='word_1_767' title='bbox 2800 4598 2894 4636; x_wconf 87' lang='lat' dir='ltr'><strong>seu</strong></span> <span class='ocrx_word' id='word_1_768' title='bbox 2940 4582 3204 4639; x_wconf 85' lang='lat' dir='ltr'><strong>Gerberto</strong></span> <span class='ocrx_word' id='word_1_769' title='bbox 3249 4588 3511 4641; x_wconf 80' lang='lat' dir='ltr'><strong>tuonacho</strong></span> <span class='ocrx_word' id='word_1_770' title='bbox 3544 4589 3787 4644; x_wconf 83' lang='lat' dir='ltr'><strong>Aurilia-</strong></span> <span class='ocrx_word' id='word_1_771' title='bbox 3882 4586 3885 4587; x_wconf 50' lang='grc'><strong><em>⁷</em></strong></span> 
     </span>
    </p>
   </div>
   <div class='ocr_carea' id='block_1_105' title="bbox 2201 4671 3783 4757">
    <p class='ocr_par' dir='ltr' id='par_1_105' title="bbox 2201 4671 3783 4757">
     <span class='ocr_line' id='line_1_105' title="bbox 2201 4671 3783 4757; baseline 0.004 -32"><span class='ocrx_word' id='word_1_772' title='bbox 2201 4672 2381 4739; x_wconf 87' lang='lat' dir='ltr'><strong>censi,</strong></span> <span class='ocrx_word' id='word_1_773' title='bbox 2412 4672 2502 4742; x_wconf 88' lang='lat' dir='ltr'><strong>qui</strong></span> <span class='ocrx_word' id='word_1_774' title='bbox 2530 4671 2842 4728; x_wconf 86' lang='lat' dir='ltr'><strong>Fulbertum</strong></span> <span class='ocrx_word' id='word_1_775' title='bbox 2865 4673 3254 4730; x_wconf 84' lang='lat' dir='ltr'><strong>Carnotensem</strong></span> <span class='ocrx_word' id='word_1_776' title='bbox 3285 4676 3533 4757; x_wconf 69' lang='lat' dir='ltr'><strong>decuisse</strong></span> <span class='ocrx_word' id='word_1_777' title='bbox 3557 4679 3783 4733; x_wconf 80' lang='lat' dir='ltr'><strong>dicitur.</strong></span> 
     </span>
    </p>
   </div>
   <div class='ocr_carea' id='block_1_106' title="bbox 2200 4761 3785 4843">
    <p class='ocr_par' dir='ltr' id='par_1_106' title="bbox 2200 4761 3785 4843">
     <span class='ocr_line' id='line_1_106' title="bbox 2200 4761 3785 4843; baseline 0.007 -28"><span class='ocrx_word' id='word_1_778' title='bbox 2200 4761 2487 4818; x_wconf 83' lang='lat' dir='ltr'><strong>Fulbcrtus</strong></span> <span class='ocrx_word' id='word_1_779' title='bbox 2540 4779 2699 4831; x_wconf 87' lang='lat' dir='ltr'><strong>vero,</strong></span> <span class='ocrx_word' id='word_1_780' title='bbox 2761 4766 2875 4832; x_wconf 84' lang='lat' dir='ltr'><strong>ait,</strong></span> <span class='ocrx_word' id='word_1_781' title='bbox 2930 4766 3053 4833; x_wconf 91' lang='lat' dir='ltr'><strong>ille,</strong></span> <span class='ocrx_word' id='word_1_782' title='bbox 3113 4785 3129 4818; x_wconf 78' lang='grc' dir='ltr'>ι</span> <span class='ocrx_word' id='word_1_783' title='bbox 3163 4768 3345 4823; x_wconf 87' lang='lat' dir='ltr'><strong>docuit</strong></span> <span class='ocrx_word' id='word_1_784' title='bbox 3392 4769 3785 4843; x_wconf 83' lang='lat' dir='ltr'><strong>Bereagarium</strong></span> 
     </span>
    </p>
   </div>
   <div class='ocr_carea' id='block_1_107' title="bbox 2207 4852 3782 4931">
    <p class='ocr_par' dir='ltr' id='par_1_107' title="bbox 2207 4852 3782 4931">
     <span class='ocr_line' id='line_1_107' title="bbox 2207 4852 3782 4931; baseline 0.01 -25"><span class='ocrx_word' id='word_1_785' title='bbox 2207 4874 2223 4905; x_wconf 82' lang='lat' dir='ltr'><strong>I</strong></span> <span class='ocrx_word' id='word_1_786' title='bbox 2258 4858 2578 4912; x_wconf 80' lang='lat' dir='ltr'><strong>canonicum</strong></span> <span class='ocrx_word' id='word_1_787' title='bbox 2596 4860 2772 4914; x_wconf 88' lang='lat' dir='ltr'><strong>sancti</strong></span> <span class='ocrx_word' id='word_1_788' title='bbox 2790 4852 3005 4916; x_wconf 77' lang='lat' dir='ltr'><strong>Martini</strong></span> <span class='ocrx_word' id='word_1_789' title='bbox 3033 4862 3158 4931; x_wconf 90' lang='lat' dir='ltr'><strong>:qui</strong></span> <span class='ocrx_word' id='word_1_790' title='bbox 3189 4862 3319 4917; x_wconf 88' lang='lat' dir='ltr'><strong>item</strong></span> <span class='ocrx_word' id='word_1_791' title='bbox 3336 4863 3645 4921; x_wconf 86' lang='lat' dir='ltr'><strong>Brunonem</strong></span> <span class='ocrx_word' id='word_1_792' title='bbox 3676 4867 3782 4920; x_wconf 82' lang='lat' dir='ltr'><strong>Re—</strong></span> 
     </span>
    </p>
   </div>
   <div class='ocr_carea' id='block_1_108' title="bbox 2205 4950 3783 5024">
    <p class='ocr_par' dir='ltr' id='par_1_108' title="bbox 2205 4950 3783 5024">
     <span class='ocr_line' id='line_1_108' title="bbox 2205 4950 3783 5024; baseline 0.008 -25"><span class='ocrx_word' id='word_1_793' title='bbox 2205 4965 2222 4998; x_wconf 81' lang='grc'><strong>‹</strong></span> <span class='ocrx_word' id='word_1_794' title='bbox 2256 4960 2497 5002; x_wconf 82' lang='lat' dir='ltr'><strong>mensem</strong></span> <span class='ocrx_word' id='word_1_795' title='bbox 2542 4959 2596 5003; x_wconf 92' lang='lat' dir='ltr'><strong>et</strong></span> <span class='ocrx_word' id='word_1_796' title='bbox 2626 4950 2761 5005; x_wconf 88' lang='lat' dir='ltr'><strong>alios</strong></span> <span class='ocrx_word' id='word_1_797' title='bbox 2787 4951 2984 5006; x_wconf 86' lang='lat' dir='ltr'><strong>multos</strong></span> <span class='ocrx_word' id='word_1_798' title='bbox 3010 4952 3237 5010; x_wconf 80' lang='lat' dir='ltr'><strong>heredes</strong></span> <span class='ocrx_word' id='word_1_799' title='bbox 3267 4955 3623 5024; x_wconf 73' lang='lat' dir='ltr'><strong>philosophia:</strong></span> <span class='ocrx_word' id='word_1_800' title='bbox 3654 4956 3783 5012; x_wconf 88' lang='lat' dir='ltr'><strong>reli-</strong></span> 
     </span>
    </p>
   </div>
   <div class='ocr_carea' id='block_1_109' title="bbox 2204 5038 3779 5114">
    <p class='ocr_par' dir='ltr' id='par_1_109' title="bbox 2204 5038 3779 5114">
     <span class='ocr_line' id='line_1_109' title="bbox 2204 5038 3779 5114; baseline 0.008 -26"><span class='ocrx_word' id='word_1_801' title='bbox 2204 5056 2221 5087; x_wconf 71' lang='lat' dir='ltr'><strong>c</strong></span> <span class='ocrx_word' id='word_1_802' title='bbox 2253 5038 2362 5105; x_wconf 88' lang='lat' dir='ltr'><strong>quit</strong></span> <span class='ocrx_word' id='word_1_803' title='bbox 2394 5056 2406 5091; x_wconf 92' lang='lat'><strong>:</strong></span> <span class='ocrx_word' id='word_1_804' title='bbox 2451 5059 2469 5091; x_wconf 75' lang='grc' dir='ltr'><strong>ι</strong></span> <span class='ocrx_word' id='word_1_805' title='bbox 2504 5056 2611 5109; x_wconf 88' lang='lat' dir='ltr'><strong>quo</strong></span> <span class='ocrx_word' id='word_1_806' title='bbox 2640 5057 2705 5095; x_wconf 84' lang='lat' dir='ltr'><strong>ex</strong></span> <span class='ocrx_word' id='word_1_807' title='bbox 2737 5039 2856 5095; x_wconf 88' lang='lat' dir='ltr'><strong>loco</strong></span> <span class='ocrx_word' id='word_1_808' title='bbox 2880 5043 3123 5097; x_wconf 79' lang='lat' dir='ltr'><strong>nonnulli</strong></span> <span class='ocrx_word' id='word_1_809' title='bbox 3146 5043 3424 5114; x_wconf 75' lang='lat' dir='ltr'><strong>colligunt,</strong></span> <span class='ocrx_word' id='word_1_810' title='bbox 3447 5045 3779 5113; x_wconf 80' lang='lat' dir='ltr'><strong>Brunonem,</strong></span> 
     </span>
    </p>
   </div>
   <div class='ocr_carea' id='block_1_110' title="bbox 2196 5129 3781 5210">
    <p class='ocr_par' dir='ltr' id='par_1_110' title="bbox 2196 5129 3781 5210">
     <span class='ocr_line' id='line_1_110' title="bbox 2196 5129 3781 5210; baseline 0.007 -28"><span class='ocrx_word' id='word_1_811' title='bbox 2196 5132 2333 5184; x_wconf 87' lang='lat' dir='ltr'><strong>sacri</strong></span> <span class='ocrx_word' id='word_1_812' title='bbox 2376 5129 2721 5188; x_wconf 87' lang='lat' dir='ltr'><strong>Cartlmsiani</strong></span> <span class='ocrx_word' id='word_1_813' title='bbox 2769 5133 2986 5189; x_wconf 87' lang='lat' dir='ltr'><strong>Ordinis</strong></span> <span class='ocrx_word' id='word_1_814' title='bbox 3019 5136 3425 5203; x_wconf 84' lang='lat' dir='ltr'><strong>institutorem,</strong></span> <span class='ocrx_word' id='word_1_815' title='bbox 3466 5137 3781 5210; x_wconf 84' lang='lat' dir='ltr'><strong>Berengarii</strong></span> 
     </span>
    </p>
   </div>
   <div class='ocr_carea' id='block_1_111' title="bbox 2196 5220 3782 5300">
    <p class='ocr_par' dir='ltr' id='par_1_111' title="bbox 2196 5220 3782 5300">
     <span class='ocr_line' id='line_1_111' title="bbox 2196 5220 3782 5300; baseline 0.007 -26"><span class='ocrx_word' id='word_1_816' title='bbox 2196 5220 2516 5291; x_wconf 78' lang='lat' dir='ltr'><strong>discipulum</strong></span> <span class='ocrx_word' id='word_1_817' title='bbox 2539 5224 2834 5282; x_wconf 78' lang='lat' dir='ltr'><strong>exstitisse.</strong></span> <span class='ocrx_word' id='word_1_818' title='bbox 2868 5226 3066 5282; x_wconf 86' lang='lat' dir='ltr'><strong>Verum</strong></span> <span class='ocrx_word' id='word_1_819' title='bbox 3086 5237 3450 5298; x_wconf 68' lang='lat' dir='ltr'><strong>praeterquam</strong></span> <span class='ocrx_word' id='word_1_820' title='bbox 3471 5231 3613 5300; x_wconf 87' lang='lat' dir='ltr'><strong>quod</strong></span> <span class='ocrx_word' id='word_1_821' title='bbox 3637 5230 3782 5287; x_wconf 79' lang='lat' dir='ltr'><strong>illius</strong></span> 
     </span>
    </p>
   </div>
   <div class='ocr_carea' id='block_1_112' title="bbox 2194 5312 3776 5389">
    <p class='ocr_par' dir='ltr' id='par_1_112' title="bbox 2194 5312 3776 5389">
     <span class='ocr_line' id='line_1_112' title="bbox 2194 5312 3776 5389; baseline 0.009 -24"><span class='ocrx_word' id='word_1_822' title='bbox 2194 5312 2521 5370; x_wconf 76' lang='lat' dir='ltr'><strong>Maxentiani</strong></span> <span class='ocrx_word' id='word_1_823' title='bbox 2571 5317 2969 5389; x_wconf 89' lang='lat' dir='ltr'><strong>chronographi</strong></span> <span class='ocrx_word' id='word_1_824' title='bbox 3013 5321 3311 5376; x_wconf 79' lang='lat' dir='ltr'><strong>auctoritas</strong></span> <span class='ocrx_word' id='word_1_825' title='bbox 3337 5322 3470 5376; x_wconf 87' lang='lat' dir='ltr'><strong>tanti</strong></span> <span class='ocrx_word' id='word_1_826' title='bbox 3512 5337 3615 5377; x_wconf 90' lang='lat' dir='ltr'><strong>non</strong></span> <span class='ocrx_word' id='word_1_827' title='bbox 3660 5334 3776 5388; x_wconf 87' lang='lat' dir='ltr'><strong>est,</strong></span> 
     </span>
    </p>
   </div>
   <div class='ocr_carea' id='block_1_113' title="bbox 2193 5409 3779 5492">
    <p class='ocr_par' dir='ltr' id='par_1_113' title="bbox 2193 5409 3779 5492">
     <span class='ocr_line' id='line_1_113' title="bbox 2193 5409 3779 5492; baseline 0.009 -30"><span class='ocrx_word' id='word_1_828' title='bbox 2193 5416 2254 5462; x_wconf 90' lang='lat' dir='ltr'><strong>ut</strong></span> <span class='ocrx_word' id='word_1_829' title='bbox 2307 5409 2356 5463; x_wconf 90' lang='lat' dir='ltr'><strong>id</strong></span> <span class='ocrx_word' id='word_1_830' title='bbox 2414 5410 2696 5467; x_wconf 85' lang='lat' dir='ltr'><strong>adstruere</strong></span> <span class='ocrx_word' id='word_1_831' title='bbox 2753 5414 2968 5480; x_wconf 77' lang='lat' dir='ltr'><strong>valeat,</strong></span> <span class='ocrx_word' id='word_1_832' title='bbox 3020 5425 3167 5472; x_wconf 88' lang='lat' dir='ltr'><strong>certe</strong></span> <span class='ocrx_word' id='word_1_833' title='bbox 3210 5418 3323 5486; x_wconf 86' lang='lat' dir='ltr'><strong>ipsa</strong></span> <span class='ocrx_word' id='word_1_834' title='bbox 3374 5420 3779 5492; x_wconf 77' lang='lat' dir='ltr'><strong>chronographi</strong></span> 
     </span>
    </p>
   </div>
   <div class='ocr_carea' id='block_1_114' title="bbox 2192 5502 3776 5576">
    <p class='ocr_par' dir='ltr' id='par_1_114' title="bbox 2192 5502 3776 5576">
     <span class='ocr_line' id='line_1_114' title="bbox 2192 5502 3776 5576; baseline 0.009 -23"><span class='ocrx_word' id='word_1_835' title='bbox 2192 5503 2357 5557; x_wconf 78' lang='lat' dir='ltr'><strong>verba</strong></span> <span class='ocrx_word' id='word_1_836' title='bbox 2398 5502 2553 5573; x_wconf 85' lang='lat' dir='ltr'><strong>longe</strong></span> <span class='ocrx_word' id='word_1_837' title='bbox 2575 5504 2730 5559; x_wconf 80' lang='lat' dir='ltr'><strong>aliter</strong></span> <span class='ocrx_word' id='word_1_838' title='bbox 2746 5506 3146 5576; x_wconf 82' lang='lat' dir='ltr'><strong>interpretanda</strong></span> <span class='ocrx_word' id='word_1_839' title='bbox 3178 5508 3449 5565; x_wconf 79' lang='lat' dir='ltr'><strong>videntur.</strong></span> <span class='ocrx_word' id='word_1_840' title='bbox 3482 5509 3609 5567; x_wconf 54' lang='grc' dir='ltr'><strong>Πῶς</strong></span> <span class='ocrx_word' id='word_1_841' title='bbox 3628 5514 3776 5567; x_wconf 86' lang='lat' dir='ltr'><strong>enim</strong></span> 
     </span>
    </p>
   </div>
   <div class='ocr_carea' id='block_1_115' title="bbox 2192 5593 3775 5664">
    <p class='ocr_par' dir='ltr' id='par_1_115' title="bbox 2192 5593 3775 5664">
     <span class='ocr_line' id='line_1_115' title="bbox 2192 5593 3775 5664; baseline 0.008 -19"><span class='ocrx_word' id='word_1_842' title='bbox 2192 5593 2389 5657; x_wconf 89' lang='lat' dir='ltr'><strong>verba,</strong></span> <span class='ocrx_word' id='word_1_843' title='bbox 2424 5612 2445 5645; x_wconf 71' lang='grc' dir='ltr'>ι</span> <span class='ocrx_word' id='word_1_844' title='bbox 2482 5595 2572 5664; x_wconf 86' lang='lat' dir='ltr'><strong>qui</strong></span> <span class='ocrx_word' id='word_1_845' title='bbox 2598 5596 2725 5650; x_wconf 88' lang='lat' dir='ltr'><strong>item</strong></span> <span class='ocrx_word' id='word_1_846' title='bbox 2761 5596 3068 5653; x_wconf 82' lang='lat' dir='ltr'><strong>Brunonem</strong></span> <span class='ocrx_word' id='word_1_847' title='bbox 3108 5599 3428 5656; x_wconf 78' lang='lat' dir='ltr'><strong>ltemcnsem</strong></span> <span class='ocrx_word' id='word_1_848' title='bbox 3463 5621 3479 5653; x_wconf 81' lang='grc' dir='ltr'>ι</span> <span class='ocrx_word' id='word_1_849' title='bbox 3520 5614 3625 5659; x_wconf 85' lang='lat' dir='ltr'><strong>etc.</strong></span> <span class='ocrx_word' id='word_1_850' title='bbox 3668 5618 3775 5659; x_wconf 85' lang='lat' dir='ltr'><strong>non</strong></span> 
     </span>
    </p>
   </div>
   <div class='ocr_carea' id='block_1_116' title="bbox 2191 5684 3775 5759">
    <p class='ocr_par' dir='ltr' id='par_1_116' title="bbox 2191 5684 3775 5759">
     <span class='ocr_line' id='line_1_116' title="bbox 2191 5684 3775 5759; baseline 0.007 -22"><span class='ocrx_word' id='word_1_851' title='bbox 2191 5684 2257 5740; x_wconf 89' lang='lat' dir='ltr'><strong>ad</strong></span> <span class='ocrx_word' id='word_1_852' title='bbox 2282 5684 2672 5756; x_wconf 67' lang='lat' dir='ltr'><strong>liercngarium</strong></span> <span class='ocrx_word' id='word_1_853' title='bbox 2701 5688 2980 5746; x_wconf 76' lang='lat' dir='ltr'><strong>referenda</strong></span> <span class='ocrx_word' id='word_1_854' title='bbox 3003 5701 3125 5746; x_wconf 89' lang='lat' dir='ltr'><strong>sunt</strong></span> <span class='ocrx_word' id='word_1_855' title='bbox 3145 5734 3158 5757; x_wconf 90' lang='lat'><strong>,</strong></span> <span class='ocrx_word' id='word_1_856' title='bbox 3202 5692 3295 5746; x_wconf 82' lang='lat' dir='ltr'><strong>sed</strong></span> <span class='ocrx_word' id='word_1_857' title='bbox 3325 5692 3391 5746; x_wconf 85' lang='lat' dir='ltr'><strong>ad</strong></span> <span class='ocrx_word' id='word_1_858' title='bbox 3415 5692 3730 5750; x_wconf 81' lang='lat' dir='ltr'><strong>Fulbertnm</strong></span> <span class='ocrx_word' id='word_1_859' title='bbox 3757 5735 3775 5759; x_wconf 88' lang='lat'><strong>,</strong></span> 
     </span>
    </p>
   </div>
   <div class='ocr_carea' id='block_1_117' title="bbox 2191 5776 3776 5852">
    <p class='ocr_par' dir='ltr' id='par_1_117' title="bbox 2191 5776 3776 5852">
     <span class='ocr_line' id='line_1_117' title="bbox 2191 5776 3776 5852; baseline 0.007 -22"><span class='ocrx_word' id='word_1_860' title='bbox 2191 5776 2701 5850; x_wconf 79' lang='lat' dir='ltr'><strong>qui-Bercngarium</strong></span> <span class='ocrx_word' id='word_1_861' title='bbox 2726 5781 2926 5847; x_wconf 89' lang='lat' dir='ltr'><strong>docuit,</strong></span> <span class='ocrx_word' id='word_1_862' title='bbox 2943 5783 3034 5852; x_wconf 87' lang='lat' dir='ltr'><strong>qui</strong></span> <span class='ocrx_word' id='word_1_863' title='bbox 3060 5784 3185 5839; x_wconf 85' lang='lat' dir='ltr'><strong>item</strong></span> <span class='ocrx_word' id='word_1_864' title='bbox 3209 5783 3519 5842; x_wconf 85' lang='lat' dir='ltr'><strong>Brunonem</strong></span> <span class='ocrx_word' id='word_1_865' title='bbox 3544 5786 3776 5842; x_wconf 85' lang='lat' dir='ltr'><strong>Remen-</strong></span> 
     </span>
    </p>
   </div>
  </div>
