3862 6310
182 388 231 441 ιι
1694 380 1891 435 ama.
3184 420 3199 427 -
3357 384 3423 447 is

3398 436 3422 452 ι’

176 513 299 554 sem.
331 493 533 549 Deinde
582 491 812 563 ipsamet
842 492 1002 545 verba
1042 507 1146 546 non
1187 491 1478 559 evincunt,
1510 492 1738 547 Fulhcr-
1767 502 1814 558 Α
1848 495 2007 550 ritate
2031 504 2353 565 praestantes
2379 539 2393 561 ,
2437 501 2525 568 qui
2553 541 2569 565 ,
2599 502 2798 556 relictis
2825 503 3173 560 inferioribus
3206 513 3419 576 stmliis,

179 601 311 647 tum,
372 585 569 637 nedum
626 574 1063 652 Berengarium,
1126 582 1425 636 auditorem
1489 583 1747 639 habuisse
1843 587 1896 640 iu
1934 588 2215 655 theologia:
2260 591 2428 643 otium
2453 603 2851 650 concesserant.
2886 616 2904 647 ν

176 680 495 737 Βιοιιιιοιιοιιι,
530 674 628 728 sed
667 683 875 727 tantum
914 673 1219 729 ltrunonem
1250 682 1306 727 et
1346 674 1482 728 alios
1510 673 1708 729 multos

1912 682 2001 735 65.
2056 679 2323 735 Hactenus
2372 682 2748 740 Mabillonzus:
2784 703 2968 742 verum
3003 690 3116 745 lucc
3146 732 3160 753 .
3211 703 3271 748 ut
3309 695 3421 761 jam

171 779 273 830 sive
301 790 328 828 a
355 772 614 826 [τηιιιειοιο
637 811 653 834 ,
693 773 809 825 sive
836 785 864 823 ει
889 770 1213 839 Bercngario
1242 771 1483 825 hmredes
1505 771 1739 840 philuso-
1840 785 2003 840 supra
2031 771 2182 825 docui
2211 814 2224 830 .
2256 772 2486 827 Raldrici
2512 815 2526 840 ,
2551 776 2761 830 abbatis
2790 777 3007 847 Bas-gnfi
3027 781 3160 833 tusis
3188 821 3204 847 ,
3235 783 3421 845 verba.

172 870 295 939 phiae
323 866 541 920 relictos
569 864 771 927 fuisse,
809 877 838 915 a
886 876 1225 931 quocumque
1265 861 1482 917 demum
1534 877 1737 933 praece-
1846 880 1865 912 ‹
1901 870 1956 917 et
1986 870 2114 917 tunc
2144 863 2326 918 Remis
2361 878 2478 927 erat
2500 908 2513 929 ,
2564 867 2747 923 Remis
2773 883 2985 941 quoque
3021 872 3202 927 Rruno
3230 876 3417 928 stude-

170 970 309 1030 ptore
332 956 533 1011 eruditi
557 954 760 1010 fuertnt
786 954 891 1019 illi,
918 954 969 1008 id
990 963 1104 1022 est,
1132 954 1315 1009 Bruno
1335 954 1533 1024 aliique
1561 955 1736 1024 pltilo-
1838 954 1930 1009 bat
1954 994 1969 1021 ,
2000 954 2181 1009 Bruno
2200 954 2519 1011 Latinorum
2549 967 2674 1012 tunc
2705 962 2865 1014 studii
2898 963 3173 1033 Spt‘Cllltttlt
3198 1004 3213 1027 ,
3253 986 3271 1016 ι
3299 981 3420 1035 quas

169 1051 356 1118 sophia:
384 1047 636 1101 heredes.
681 1046 843 1101 Certe
885 1046 1193 1100 Brunonem
1237 1044 1346 1113 jam
1393 1045 1647 1100 clericum
1685 1054 1739 1101 et
1839 1042 2175 1112 potissimum
2203 1084 2217 1108 ,
2249 1046 2387 1113 quod
2415 1045 2751 1103 Mabilionius
2776 1050 3095 1116 contendit,
3148 1053 3418 1108 conficere

164 1140 527 1195 Colonieusem
553 1138 905 1197 canonicum,
951 1151 1015 1191 ac
1057 1137 1283 1205 proinde
1316 1136 1513 1191 litteris
1549 1137 1738 1190 exeul-
1837 1133 2125 1194 deberent,
2160 1134 2210 1187 in
2241 1150 2398 1188 sensu
2425 1139 2651 1190 naturali
2695 1148 2750 1192 et
2780 1142 2951 1210 mag's
2988 1143 3144 1194 obvio
3196 1154 3417 1212 accepta

166 1242 265 1283 ium
288 1270 303 1294 ν
331 1244 401 1283 οι
434 1229 569 1281 urbe
601 1228 823 1281 Colonia
855 1228 907 1281 in
939 1228 1226 1281 Remorum
1258 1228 1531 1282 civitatem
1556 1243 1739 1283 acces—
1839 1221 2148 1291 significare
2205 1223 2486 1278 dumtaxat
2530 1224 2785 1281 videntur
2806 1268 2825 1297 ,
2885 1229 3187 1282 Brunouem
3234 1230 3417 1284 Remis

161 1324 285 1377 sisse
311 1362 326 1386 ,
376 1328 627 1385 constat;
684 1328 739 1373 at
782 1321 939 1390 longe
990 1318 1354 1375 verosimilius
1396 1329 1509 1385 est,
1555 1337 1676 1376 eum
1706 1339 1735 1377 ει
1840 1311 2035 1367 litteris
2063 1312 2467 1367 humanioribus
2497 1329 2715 1383 operam
2739 1318 2969 1372 dedisse.
3013 1319 3069 1371 Si
3113 1328 3290 1374 autem
3321 1335 3419 1391 per

164 1416 423 1484 Notgero,
489 1412 804 1467 Leodicensi
859 1411 1144 1483 episcopo,
1197 1409 1420 1481 ejusque
1460 1412 1736 1483 discipulis
1844 1425 1864 1458 ι
1904 1407 2220 1462 Latinorum
2257 1407 2492 1461 studium
2533 1427 2553 1459 ι
2599 1423 2627 1462 a
2672 1408 2916 1464 Baldrico
2966 1410 3175 1467 litteras
3223 1413 3417 1467 huma-

165 1504 461 1558 institutum
484 1502 671 1556 fuisse.
701 1499 872 1569 Hujus
897 1500 977 1555 rei
1004 1499 1154 1555 testis
1174 1508 1258 1555 est
1284 1499 1736 1569 locupletissimus
1840 1500 2020 1554 niores
2047 1514 2153 1555 non
2187 1499 2354 1553 fuisse
2387 1499 2687 1555 intellectas
2712 1542 2725 1563 ,
2782 1502 3066 1571 prrefrarte
3096 1505 3228 1558 velis
3252 1545 3267 1569 ,
3298 1521 3417 1559 esse

163 1592 455 1655 llanasses,
493 1591 786 1646 Remorum
810 1591 1192 1660 archiprzesul,
1236 1591 1288 1645 iu
1317 1591 1572 1662 Apologia
1603 1608 1697 1647 sua
1719 1634 1734 1658 ,
1836 1589 2084 1657 equidem
2115 1604 2217 1643 non
2247 1588 2457 1642 videtur
2481 1630 2493 1652 ,
2540 1605 2639 1643 cur
2680 1592 2768 1646 hic
2810 1602 2997 1648 auctor
3024 1595 3195 1662 magis
3226 1595 3420 1651 debeat

159 1682 240 1737 ubi
263 1684 327 1735 de
347 1683 601 1736 Brunone
622 1722 638 1746 ,
667 1681 756 1750 qui
779 1679 893 1749 eius
920 1681 1162 1736 muribus
1185 1681 1590 1746 adversabatur,
1622 1685 1736 1739 haec
1839 1680 2061 1749 intelligi
2093 1680 2158 1732 de
2189 1680 2570 1749 philosophicis
2594 1720 2606 1743 ,
2656 1684 2914 1749 quamde
2958 1684 3269 1753 tlteulogicis
3300 1694 3420 1739 stu-

106 1781 115 1787 '
158 1773 338 1827 habet:
374 1792 392 1825 ι
426 1772 607 1827 Bruno
634 1788 735 1827 nec
760 1782 945 1827 noster
966 1772 1219 1837 clericus,
1252 1787 1350 1827 nec
1374 1782 1557 1828 noster
1577 1785 1736 1830 natus
1835 1768 1941 1825 diis
1960 1811 1975 1835 ,
2014 1771 2210 1839 quibus
2240 1769 2418 1823 Brimo
2444 1770 2627 1824 lteutis
2652 1772 2890 1824 animum
2917 1772 3233 1826 excoluerit.
3261 1774 3417 1839 Quod

162 1882 184 1915 ι
212 1872 299 1918 aut
314 1873 536 1919 renatus
561 1864 778 1929 est,sed
810 1864 980 1918 sancti
1000 1863 1282 1919 {Iuniberli
1319 1865 1370 1918 in
1405 1880 1572 1935 regno
1599 1867 1729 1920 Tezt-
1772 1845 1811 1898 Β
1837 1858 1882 1912 si
1906 1872 2033 1926 ergo
2064 1858 2237 1926 reipsa
2270 1856 2321 1910 iu
2355 1857 2581 1911 totohuc
2607 1860 2931 1929 lranscripto
2955 1869 3096 1913 textu
3124 1860 3192 1914 de
3215 1862 3419 1914 theolo-

161 1974 181 2005 ι
210 1958 508 2010 Ionicarum
531 1956 693 2025 positi
722 1956 1017 2014 canonicos
1047 1965 1151 2015 est,
1187 1975 1204 2007 ›
1240 1964 1346 2011 etc.
1370 1956 1424 2010 id
1449 1957 1738 2017 observare
1839 1948 1923 2017 gia
1950 1947 2320 2011 dumtaxat,in
2344 1964 2505 2017 quam
2530 1963 2556 2001 s
2576 1957 2749 2003 metus
2770 1949 2952 2005 Remis
2978 1966 3080 2005 una
3099 1965 3221 2006 cum
3241 1952 3419 2007 Code-

154 2047 430 2101 risumcst
459 2047 707 2101 liocloco
754 2047 820 2101 de
864 2046 979 2100 viro
1042 2047 1429 2111 sanctissimo,
1476 2050 1599 2119 qui,
1636 2051 1736 2104 eisi
1839 2036 1979 2092 frido
2027 2037 2281 2094 Remensi
2328 2049 2383 2093 et
2439 2040 2770 2095 llerim'nno
2820 2043 3036 2095 seniore
3085 2044 3417 2108 incubuerit,

157 2136 463 2206 Berengarii
495 2137 794 2206 discipulus
834 2136 1055 2201 ruisset,
1105 2136 1260 2207 longe
1292 2139 1360 2190 ab
1404 2138 1521 2208 ejus
1552 2154 1739 2194 eri-0m
1841 2127 2087 2183 Baldrico
2115 2129 2294 2183 abbati
2325 2146 2505 2184 sermo
2535 2132 2606 2186 sit
2634 2173 2648 2196 ,
2673 2133 2826 2202 quid,
2857 2149 3042 2202 quteso
3065 2175 3077 2197 ,
3111 2134 3235 2189 inde
3259 2136 3420 2189 habe-

159 2228 467 2288 abborruit,
498 2236 562 2282 ut
591 2227 786 2296 probat,
811 2227 977 2296 ipsius
1007 2226 1277 2282 confessio
1300 2228 1366 2283 de
1395 2231 1737 2285 sanctissimo
1839 2219 1986 2274 bitur
2010 2236 2107 2289 pro
2138 2221 2422 2290 Opinione,
2452 2237 2557 2292 qua
2589 2234 2856 2287 sanctum,
2888 2240 2993 2279 non
3025 2225 3255 2283 Turonis
3280 2230 3421 2298 apud

154 2319 488 2373 euehat-istim
512 2325 873 2382 sacramento,
927 2332 1089 2387 quam
1132 2317 1267 2372 alias
1296 2319 1596 2375 retulimus.
1632 2321 1709 2375 Set

1841 2310 2256 2379 Berengarium,
2315 2313 2410 2367 sed
2464 2313 2647 2369 Remis
2703 2315 3092 2385 philosophiam
3144 2321 3421 2388 excepisse

152 2408 375 2463 interest.
422 2424 613 2464 verum
663 2423 695 2461 ει
749 2406 883 2461 falso
914 2408 1253 2472 discernere,
1312 2417 1367 2462 et
1420 2411 1736 2466 nubecula".
1840 2401 1953 2454 vult
1982 2401 2360 2455 Mabillonius?
2391 2402 2652 2472 Srriptori
2675 2405 3173 2460 luticuiltilomiuus
3194 2423 3423 2463 consen-

151 2497 323 2558 illam,
367 2498 410 2551 si
436 2514 545 2567 qua
572 2506 734 2560 erat,
764 2513 793 2551 a
827 2506 973 2551 lauto
1008 2496 1214 2552 lumine
1241 2512 1541 2554 removere.
1580 2519 1598 2552 ι
1839 2507 1960 2548 sere
1986 2494 2034 2546 di
2056 2492 2178 2546 inde
2224 2492 2476 2548 Historia:
2525 2495 2799 2548 Ιίιιιιτιιιίίθ
2833 2496 3072 2550 Francia:
3127 2499 3422 2567 scriptoris

215 2587 302 2640 6'3.
335 2588 393 2640 In
419 2587 594 2641 altera
628 2587 825 2642 deinde
847 2587 898 2641 in
931 2586 1203 2642 Saeculum
1241 2602 1292 2640 Vl
1329 2587 1736 2644 Benedictinum
1840 2589 1974 2636 10m.
2005 2581 2072 2636 ΙΧ
2107 2622 2122 2646 ν
2174 2598 2295 2651 Pag.
2332 2583 2470 2648 9-33,
2517 2586 2586 2638 ita
2642 2586 2692 2637 in
2734 2585 2908 2640 inl'rrii
2931 2587 2975 2640 ri
3024 2590 3232 2655 paginae
3265 2589 3426 2657 lmjus

150 2674 471 2731 Puefatiouc
497 2716 511 2742 .
547 2690 656 2746 quo
683 2676 990 2745 opinionem
1035 2691 1188 2731 suam
1226 2676 1549 2741 continuet,
1585 2695 1734 2732 num.
1840 2676 2083 2746 margine
2114 2685 2363 2731 notantes
2392 2695 2405 2727 :
2454 2697 2472 2727 ‹
2506 2679 2581 2733 Ex
2614 2694 2799 2734 errore
2831 2689 2885 2733 et
2913 2695 2978 2734 ex
3010 2681 3263 2735 Chmuici
3294 2683 3424 2735 Mal-

148 2766 214 2821 $3
242 2768 323 2821 sic
350 2767 543 2823 scribit
570 2785 587 2822 :
622 2785 640 2819 ι
676 2766 835 2823 αυηο
856 2766 1577 2838 Godefridum(Remensem
1597 2810 1613 2834 ,
1638 2770 1732 2839 qui
1839 2765 2105 2821 leaceusis
2139 2781 2302 2821 sensu
2336 2767 2472 2822 male
2495 2769 2766 2823 intellecto
2792 2770 2988 2823 factum
3017 2781 3099 2824 est
3120 2812 3133 2834 ,
3165 2780 3221 2825 ut
3248 2813 3262 2827 .
3288 2772 3423 2827 Bru~

150 2857 206 2910 S.
251 2856 503 2912 Brunoni
551 2858 604 2913 in
641 2857 952 2912 scholarum
1007 2857 1318 2928 magisterio
1364 2873 1395 2911 a
1445 2856 1735 2923 Manasse,
1838 2872 2035 2911 nonem
2077 2856 2311 2912 Turonis
2352 2859 2452 2913 sub
2487 2858 2812 2929 Bercngario
2842 2861 3148 2923 studuisse.
3200 2863 3422 2931 quidam

148 2948 499 3004 Remensium
549 2949 996 3018 archiepiscopo,
1058 2948 1242 3004 Remis
1297 2947 1402 3003 fuit
1457 2947 1736 3015 suﬂ'ectus)
1840 2956 2089 3001 auctores
2136 2947 2476 3017 scripserint.
2516 2948 2700 3003 Remis
2749 2950 2801 3004 id
2846 2950 3052 3017 fuisse,
3100 2951 3420 3012 Baldricus.

150 3042 415 3096 virentem
445 3055 511 3097 ac
536 3050 810 3096 mortuum
839 3041 1080 3095 laudavit
1103 3041 1385 3096 Baldricus
1407 3042 1573 3095 abbas
1595 3081 1610 3105 ,
1644 3041 1735 3110 qui
1840 3035 2208 3106 Burguliensis
2239 3036 2407 3092 abbas
2434 3077 2448 3100 ,
2506 3037 2708 3092 diserte
2758 3039 2899 3107 (lico
2940 3055 3132 3109 nempe
3172 3057 3200 3093 a
3234 3041 3424 3094 Habil-

145 3146 262 3184 eum
316 3130 509 3185 ﬂentis
556 3132 797 3203 genitura
822 3171 843 3197 ,
890 3131 1194 3202 litterisque
1248 3130 1558 3186 institutum
1614 3144 1735 3185 cum
1762 3178 1808 3234 C
1839 3125 1985 3180 Ionio
2018 3141 2186 3196 supra
2237 3127 2490 3196 adducto)
2522 3127 2779 3182 affirmat.
2819 3148 2838 3181 ι
2870 3129 2947 3184 ita
2981 3129 3091 3191 illi;
3123 3132 3219 3211 sed
3248 3132 3421 3200 dispi—

146 3224 402 3281 Brunone
423 3224 594 3282 fuisse
628 3228 780 3282 dicit.
816 3226 896 3280 lta
928 3226 1073 3282 enim
1102 3227 1249 3282 canit
1288 3226 1376 3282 ille
1408 3226 1461 3281 iu
1493 3226 1741 3282 carmine
1762 3208 1808 3234 ν
1839 3219 2050 3274 ciamus
2094 3216 2283 3280 modo,
2338 3232 2406 3273 an
2429 3258 2446 3284 ,
2509 3220 2600 3288 qui
2652 3228 2897 3273 sanctum
2956 3221 3054 3273 sub
3099 3208 3426 3289 BérengarLo

146 3319 388 3371 nandum
419 3317 563 3372 edito
592 3319 661 3371 ad
690 3316 1036 3388 Godefridum
1064 3316 1393 3372 Remeasem.
1840 3310 2073 3366 Turonis
2095 3310 2386 3373 studuisse,
2413 3326 2507 3366 seu
2531 3311 2879 3381 philosophia:
2904 3310 3094 3381 Ilaeita
3120 3314 3399 3382 excepisse

1839 3400 2220 3470 scripserunt,
2282 3399 2499 3456 indubie
2556 3401 2833 3467 errariut,
2930 3417 2992 3454 ac
3069 3400 3425 3458 Iltlleacense

1838 3491 2149 3547 Cbronicon
2179 3491 2322 3546 male
2343 3491 2734 3556 intellexerint,
2763 3508 2857 3545 seu
2881 3493 3062 3561 potius
3082 3508 3152 3547 an
3182 3494 3283 3548 hoc
3302 3508 3424 3549 ver-

1839 3585 1924 3639 bis
1956 3601 2106 3639 uttnt.
2147 3586 2207 3640 Gl
2250 3586 2389 3640 datis
2424 3594 2507 3641 sat
2539 3585 2680 3641 felici
2732 3601 2990 3644 succesu
3034 3586 3424 3658 interpretetur

1841 3672 2198 3728 llabillunius.
2228 3673 2409 3728 Primo
2436 3675 2521 3728 hic
2544 3676 2779 3744 scriptor
2805 3676 2875 3729 ait
2904 3694 2917 3728 :
2949 3695 2967 3725 ι
3008 3676 3197 3730 "me...
3226 3676 3424 3746 (Chro-

1838 3761 1946 3815 nici
1974 3760 2362 3829 Malleacensis)
2394 3763 2555 3817 verba
2581 3802 2594 3823 .
2628 3782 2647 3813 ο
2684 3764 2774 3833 qui
2804 3764 2932 3820 item
2978 3765 3281 3820 Brunonem
3323 3766 3424 3819 Re-

1845 3869 1865 3901 ‹
1888 3864 2152 3910 mensem.
2178 3870 2195 3902 ι
2222 3860 2308 3905 etc
2337 3866 2473 3915 ,uou
2491 3853 2555 3905 ad
2572 3850 2956 3922 Berengwium
2981 3853 3337 3907 referendasn
3365 3866 3420 3920 ιι,

1840 3939 1934 3993 sed
1970 3940 2037 3992 ad
2072 3936 2416 4004 Fulbertum,
2469 3942 2559 4009 qui
2607 3940 2991 4011 Berengarittm
3020 3943 3278 4013 “inruit,
3326 3948 3421 4013 qui

1841 4030 1968 4084 item
1994 4029 2300 4087 Brunonem
2324 4030 2668 4086 Remensem.
2711 4051 2727 4082 I
2765 4031 3079 4086 Fulbertum
3111 4048 3244 4104 ergo
3269 4076 3283 4099 ,
3313 4052 3419 4090 tum

1839 4119 2249 4191 Bcrengarium,
2288 4136 2351 4174 ex
2382 4122 2486 4177 hac
2514 4122 2804 4177 Habilionii
2835 4123 3279 4193 interpretzt'one
3301 4143 3421 4179 nta-

1834 4212 2068 4281 gistrum
2123 4214 2175 4266 in
2226 4213 2567 4283 philosophia
2611 4215 2846 4269 Sanctus
2895 4217 3164 4271 habuerit.
3220 4218 3419 4274 Verum

1838 4303 1976 4368 hoc,
2036 4303 2135 4357 nisi
2191 4304 2348 4358 simul
2404 4305 2657 4358 CLrouici
2712 4304 3084 4361 Malleacensis
3142 4314 3417 4365 auctori-tu

1832 4396 2038 4451 erroris
2066 4411 2294 4466 arguere
2336 4396 2591 4455 velimus,
2625 4397 2809 4464 nequit
2834 4396 3068 4449 admitti.

1763 4509 1807 4563 ί)
1902 4487 1993 4541 64.
2036 4487 2322 4541 Fttlbertus
2353 4487 2528 4548 enim,
2561 4488 2755 4556 diquo
2781 4486 3046 4557 loquitur.
3083 4485 3416 4545 finitumu-

1831 4578 2003 4632 tensis
2031 4577 2342 4646 episcopus;
2388 4577 2474 4631 hic
2511 4587 2720 4639 autem.
2767 4586 2829 4633 ut
2864 4578 3112 4635 Historiae
3142 4582 3415 4637 litterariae

1832 4669 2077 4723 Francia:
2133 4668 2424 4737 scriptores
2477 4678 2603 4722 tom.
2663 4667 2787 4735 ναι,
2842 4686 2961 4740 pag.
3013 4673 3117 4725 263
3184 4674 3415 4729 diluei'e

1831 4760 2163 4825 ostendunt,
2190 4775 2221 4812 e
2247 4758 2382 4812 vivis
2405 4758 2640 4812 excessit
2669 4774 2812 4831 anno
2850 4760 2981 4814 l029
2999 4802 3013 4823 .
3050 4777 3157 4831 quo
3182 4761 3417 4818 Sanctus

1837 4850 1917 4902 vel
1949 4842 2055 4901 non
2085 4858 2275 4912 natus,
2324 4848 2406 4900 vel
2451 4858 2600 4902 certe
2641 4828 2759 4917 prae,
2787 4859 2947 4904 {elate
2971 4851 3194 4906 nimium
3237 4854 3415 4907 adhuc

1837 4939 2103 4993 imbecilla
2144 4939 2503 5010 pltilOSOphia:
2553 4940 2875 4995 let-tionibus
2902 4943 3234 5012 excip'endis
3266 4945 3295 4997 it
3317 4948 3420 4999 te'-

146 5045 218 5097 lix
241 5044 330 5099 his
363 5039 715 5110 intelligitur,
741 5039 883 5107 quod
913 5038 968 5093 in
997 5038 1165 5109 priori
1219 5036 1540 5092 Praefatione
1592 5036 1709 5103 (lori

1837 5030 2174 5100 ligendisque
2205 5031 2434 5085 idoneus
2475 5031 2713 5084 nondum
2747 5041 2903 5099 erat,
2941 5034 3016 5086 uti
3046 5048 3111 5087 ex
3142 5035 3240 5100 iis,
3297 5054 3347 5105 (ι’
3370 5054 3419 5092 τε

146 5148 336 5202 nempe
388 5130 637 5201 proxime
680 5138 807 5183 ante
847 5130 991 5183 hunc
1043 5145 1205 5200 supra
1246 5130 1354 5184 huc
1382 5130 1732 5199 transcripta)
1836 5122 1907 5178 de
1930 5124 2096 5177 natali
2133 5122 2402 5178 Brunonis
2430 5139 2573 5178 anno
2606 5140 2766 5193 supra
2794 5124 2935 5179 dicta
2981 5135 3137 5188 sunt,
3187 5141 3323 5200 prun
3364 5146 3417 5183 ω

142 5227 517 5289 ostendimus,
569 5221 878 5277 Brunonem
921 5220 1107 5277 Remis
1142 5235 1363 5291 operam
1420 5220 1618 5276 litteris
1655 5221 1730 5291 (in
1837 5224 1919 5267 εει
1949 5227 2163 5269 eruere.
2197 5215 2263 5268 Et
2287 5206 2642 5269 verosancto
2678 5215 2992 5271 Fulbertum
3033 5217 3419 5273 Carnoteusrm

144 5312 492 5385 philosophia
519 5312 798 5382 videlicet)
833 5311 1068 5378 dedisse,
1091 5327 1199 5367 non
1228 5311 1465 5369 Turonis
1487 5313 1590 5367 sub
1627 5312 1733 5366 Bc-
1835 5318 1958 5359 esse
1983 5319 2086 5357 non
2109 5304 2351 5373 potuisse
2376 5304 2428 5357 in
2456 5304 2792 5374 philosophia
2816 5307 3161 5377 magistrum,
3191 5309 3417 5378 ipsemet

143 5407 402 5478 rengario
432 5404 731 5475 magistro,
776 5412 836 5458 ut
864 5404 1083 5473 quidam
1111 5418 1180 5459 ex
1205 5403 1479 5460 Chronico
1522 5403 1732 5459 Mallia-
1836 5394 2178 5450 Mabillonius
2219 5394 2448 5449 forsitan
2482 5397 2809 5452 observarit.
2854 5398 2931 5454 Ita
2966 5402 3243 5469 susp'cor,
3269 5415 3309 5472 q
3333 5405 3417 5454 tod

146 5498 288 5551 censi
311 5494 457 5551 male
478 5494 756 5551 intellecto
783 5497 1110 5563 persuadere
1153 5494 1369 5560 volunt;
1416 5505 1473 5551 et
1515 5498 1731 5567 quidem
1835 5489 2089 5545 Chronici
2124 5487 2496 5545 Malleaceusis
2540 5489 3007 5561 interpretationi,
3059 5489 3127 5543 de
3166 5505 3271 5559 qua
3302 5491 3417 5557 jam

148 5603 248 5644 non
279 5588 462 5643 solum
497 5601 623 5642 cum
653 5587 912 5656 praedicto
941 5584 1232 5643 Godefrido
1256 5628 1270 5651 ,
1295 5588 1391 5643 sed
1416 5589 1576 5644 etiam
1609 5604 1732 5643 cum
1837 5584 2040 5640 dictum
2064 5621 2079 5648 ,
2108 5583 2339 5639 alteram
2370 5584 2510 5638 hanc
2540 5584 2785 5653 proxime
2813 5581 3130 5653 subiungat:
3166 5601 3185 5633 ι
3219 5583 3420 5644 Deiui'e

150 5678 483 5735 Herimanno
510 5678 753 5743 seniore,
798 5692 960 5747 quem
993 5676 1336 5735 Gosecbinus
1375 5681 1735 5736 scholasticus
1838 5678 2064 5748 ipsamet
2094 5675 2342 5748 (allegata
2374 5676 2628 5732 Clu-unici
2672 5675 3065 5746 Malleacensis)
3111 5677 3277 5730 verba
3310 5692 3415 5730 non

148 5769 383 5836 primum
412 5766 589 5825 laudat
623 5767 763 5822 inter
784 5766 927 5822 illius
951 5768 1131 5823 saeculi
1158 5771 1431 5840 sapientes
1461 5782 1516 5827 et
1543 5782 1733 5827 aucto-
1762 5814 1766 5821 .
1839 5771 2126 5826 evincunt.
2153 5767 2489 5835 Fulbertum,
2523 5771 2717 5825 nedum
2754 5768 3165 5837 Berengarium,
3210 5768 3415 5827 audito.

631 5859 904 5922 Panos.
948 5858 1133 5927 CLII.

3017 5862 3058 5924 2

210 3450 432 3505 Nobilis
470 3453 592 3507 urbs
686 3451 871 3508 Romae
920 3469 1074 3508 soror
1164 3454 1380 3507 inuitam
1411 3491 1427 3519 ,
1473 3463 1520 3506 et
1570 3451 1739 3507 Romo

1382 3539 1633 3612 [secunda

279 3630 369 3684 Te
396 3631 571 3700 genuit
592 3670 611 3697 ,
639 3632 835 3702 peperit
859 3632 1250 3702 promeruitque
1274 3630 1392 3685 sibi.

210 3721 356 3777 Han:
411 3730 463 3775 te
496 3723 747 3776 doctrinae
778 3723 939 3778 totius
991 3734 1200 3778 nectare
1246 3721 1437 3793 [ultum

276 3814 526 3868 Adscivit
550 3815 742 3868 studiis
779 3816 1164 3885 preposuitque
1190 3815 1318 3869 suis.

204 3904 399 3959 Callia
423 3912 551 3958 tunc
588 3907 746 3959 etiam
765 3904 956 3959 studiis
987 3904 1205 3975 ﬂorebat
1237 3904 1421 3973 Opimia
1445 3942 1460 3966 ,

280 3995 642 4067 Florebatqtte
672 4006 762 4050 tuo
798 3995 974 4051 Gallia
1000 3995 1120 4067 plus
1148 3996 1344 4051 studio.

212 4089 293 4142 Ad
338 4099 394 4142 te
431 4089 711 4142 currebant
756 4089 1005 4142 examina
1053 4086 1433 4156 discipulorum

284 4182 354 4235 Et
387 4178 763 4249 referebantur
785 4179 936 4234 melle
957 4181 1191 4249 parentis
1215 4195 1358 4250 apes.

213 4270 280 4324 Et
310 4283 452 4325 tunc
482 4268 654 4324 Remis
677 4279 821 4334 erat,
849 4268 1024 4324 Remis
1050 4286 1255 4340 quoque
1275 4268 1457 4324 Brimo
1471 4270 1732 4335 studebat,

274 4362 477 4416 Brimo
504 4358 810 4414 Latinorum
837 4370 960 4414 tunc
995 4360 1155 4414 studii
1177 4359 1461 4430 speculum.

146 4472 153 4479 '
207 4452 348 4523 Ipsis
385 4451 708 4520 temporibus
739 4452 1039 4521 studuitque
1064 4467 1222 4505 aenea:
1263 4450 1617 4506 lIerimamms
1642 4490 1656 4515 ,

278 4543 348 4597 Et
383 4541 584 4595 mundo
613 4542 773 4595 studii
798 4541 942 4595 clam
969 4542 1184 4596 lucerna
1209 4541 1332 4611 fuit.

208 4632 288 4687 Tu
323 4634 517 4702 fueras
526 4631 762 4699 juvenis,
792 4631 970 4700 {ueras
997 4641 1046 4686 et
1076 4633 1285 4686 acutior
1314 4630 1448 4685 illis.

281 4721 507 4778 Tertius
530 4737 653 4791 ergo
687 4722 859 4783 venis,
880 4722 997 4791 jam
1029 4738 1231 4793 quoque
1253 4722 1455 4791 primus
1481 4738 1618 4775 eras.

206 4814 474 4872 Carausio
499 4814 735 4884 princeps
762 4852 777 4878 ,
814 4813 1048 4882 princeps
1088 4820 1210 4868 tuus
1238 4812 1324 4867 ille
1351 4813 1624 4866 Maunsses

276 4908 592 4971 Successit,
623 4906 713 4976 qui
742 4915 792 4958 te
818 4916 1081 4969 promovet
1110 4905 1179 4958 ad
1204 4906 1460 4959 studium.
