3862 6310
375 348 445 400 ιδ
1176 342 1233 396 3.
1277 338 1621 395 BRUNONIS
1658 335 2308 395 CARTIIUSIANORUM
2345 334 2843 393 INSTITUTORIS
3559 339 3638 394 ιι

368 475 483 515 rem
511 458 767 515 habuisse
789 454 1125 520 Brunouem,
1177 459 1270 513 sed
1292 465 1511 511 tantum
1553 455 1858 510 Brunonem
1890 460 1943 506 et
1975 456 2015 514 Α
2048 450 2246 507 Remos
2269 452 2485 516 adiret,
2540 453 2597 507 S.
2640 452 2921 509 Cuuiberti
2965 453 3289 509 canonicum
3328 469 3433 506 non
3461 457 3642 509 exsti-

369 555 506 610 alios
543 554 771 615 multos,
813 552 927 607 sive
963 566 991 604 a
1036 549 1351 615 Fulberto,’
1377 549 1492 603 sive
1544 563 1574 602 a
1623 546 1947 616 Berengario

374 666 391 698 ι
424 646 659 701 lleredes
687 641 1039 713 pbi1050phia:
1061 660 1077 692 ι
1101 640 1317 696 relictos
1341 639 1535 703 fuisse;
1564 654 1592 692 a
1610 649 1946 707 quocumque

368 737 581 787 demum
607 738 937 799 praeceptore
957 729 1153 782 eruditi
1177 728 1377 783 fuerim
1403 727 1500 792 illi,
1528 726 1578 781 id
1609 734 1713 787 est,
1743 724 1945 789 Bruno,

292 818 298 829 '
365 823 567 891 aliique
602 820 953 892 philosophiae
999 819 1250 874 heredes.
1285 838 1304 869 ι
1364 818 1446 872 Ab
1479 814 1731 886 opinione
1778 828 1945 879 sane,

364 927 470 979 qua
494 910 726 964 Sanctus
753 908 892 977 apud
914 906 1158 961 Turonas
1187 906 1287 960 sub
1306 902 1630 973 Berengario
1652 901 1946 967 studuisse,

310 1018 313 1021 ·
365 1000 645 1063 statuitur,
679 996 871 1050 eruditi
899 1010 1088 1050 omnes
1116 994 1272 1048 facile
1292 990 1648 1051 discedent,si
1675 988 1811 1043 alter
1836 988 1939 1051 hic,

365 1105 472 1160 quo
510 1086 855 1147 Mabillonius
884 1086 1083 1149 utitur,
1108 1084 1356 1139 Chronici
1383 1078 1752 1135 Malleacensis
1778 1079 1945 1132 inter-

367 1181 617 1253 pretandi
647 1180 837 1232 modus
874 1178 1047 1232 locum
1084 1178 1276 1232 debeat
1312 1174 1530 1229 habere.
1579 1172 1779 1228 Verum
1823 1186 1941 1231 res,

364 1281 421 1325 ut
448 1272 576 1325 mihi
602 1271 849 1339 equidem
869 1275 1111 1338 apparet,
1131 1264 1533 1321 verosimillime
1558 1276 1718 1316 secus
1746 1261 1937 1323 habet;

362 1362 504 1431 quod
551 1371 606 1421 ut
642 1361 922 1430 probatum
972 1358 1121 1423 dem,
1187 1358 1304 1427 ipsa
1362 1356 1533 1410 recito
1572 1352 1940 1407 Malleacensis

362 1452 615 1511 Chronici
649 1451 838 1511 verba,
892 1464 996 1507 non
1047 1462 1110 1501 ea
1149 1455 1391 1510 tantum,
1448 1457 1567 1512 qua:
1600 1442 1941 1496 Mabillonins

364 1543 481 1599 loco
505 1557 666 1610 supra
696 1541 787 1595 cit.
816 1538 1185 1606 transcripsit,
1219 1551 1405 1589 verum
1433 1535 1617 1597 etiam,
1651 1549 1771 1602 qua:
1791 1532 1939 1586 hisce

362 1632 784 1699 przetnittuntur,
820 1628 1023 1697 aliquot
1043 1626 1144 1679 alia
1169 1666 1182 1690 ,
1223 1634 1427 1677 textum
1458 1622 1735 1692 aliquanto
1769 1620 1936 1688 proli-

361 1727 563 1779 xiorem
595 1722 1016 1783 conslitucutia,
1074 1719 1167 1788 qui
1213 1719 1291 1772 sic
1334 1716 1532 1773 habet:
1582 1733 1596 1766 ι
1650 1714 1933 1770 Girbertus

2052 544 2183 597 tisse
2205 585 2219 607 ,
2252 546 2347 599 sed
2372 552 2482 597 tum
2511 545 2752 609 demum,
2781 559 2903 598 cum
2930 560 3073 598 anno
3108 545 3241 600 ιιι-ιδ
3264 554 3353 598 aut
3381 547 3638 614 sequenti

2049 632 2233 687 Remis
2255 634 2436 687 exccdt
2458 648 2517 687 re
2539 634 2725 688 fuisset
2748 633 3074 704 compulsus.

2119 726 2213 781 66.
2250 724 2463 780 Nullum
2513 727 2693 795 itaque
2722 740 2789 781 ex
2816 729 3181 797 argumentis,
3213 728 3408 797 quibus
3436 727 3627 783 Mali!-

2049 818 2259 883 lonius,
2309 818 2468 872 modo
2518 817 2602 872 vel
2659 832 2767 873 uno
2827 817 2915 873 vel
2964 820 3138 873 altero
3191 836 3220 874 a
3250 836 3307 875 se
3354 820 3642 889 assigua'o

2048 907 2300 962 Chronici
2338 906 2739 972 Malleacensis,
2796 922 2915 976 quae
2962 907 3169 978 prolixe
3218 924 3359 963 tiuuc
3386 909 3471 963 dis
3504 922 3572 963 La
3604 923 3642 960 a

2048 1006 2207 1062 sunt,
2249 997 2409 1051 verba
2452 995 2773 1066 expficanda
2798 1011 2953 1061 esse,
3013 999 3297 1066 probatum
3335 995 3480 1059 vult,
3514 1011 3639 1049 rem

2047 1095 2197 1138 certo
2219 1086 2466 1152 evincit,
2509 1100 2573 1141 ac
2624 1085 2778 1155 proin
2829 1086 3015 1141 sensui
3067 1085 3294 1141 naturain
3348 1087 3639 1155 inag‘spre

2045 1174 2234 1237 obvio,
2276 1191 2436 1245 quem
2460 1176 2574 1230 hzec
2598 1176 2835 1231 offerunt
2857 1216 2875 1241 ,
2902 1178 3214 1243 adlmrens,
3259 1177 3334 1231 ita
3368 1193 3429 1233 ea
3463 1193 3642 1248 pergo

2044 1268 2331 1338 accipere,
2400 1277 2461 1324 ut
2529 1270 2919 1342 Berengarium
2966 1272 3025 1327 S.
3080 1271 3323 1327 Brunoni
3393 1271 3644 1341 philoso-

2044 1359 2185 1427 phiae
2214 1358 2411 1429 placita
2453 1361 2771 1427 tradidisse,
2820 1362 3133 1433 signiﬁcent
3165 1380 3179 1415 :
3227 1363 3368 1431 quod
3401 1361 3641 1432 proinde

2046 1464 2103 1504 re
2148 1448 2263 1520 ipsa
2312 1451 2476 1505 etiam
2526 1451 2767 1516 factum,
2820 1467 2921 1521 pro
2969 1452 3377 1507 verosimillimo
3422 1451 3636 1515 habeo,

2041 1544 2297 1599 Chroniei
2321 1543 2713 1609 Malleacensis,
2741 1545 2883 1613 quod
2911 1554 3187 1600 auctorem
3216 1544 3418 1600 Sancto
3441 1552 3645 1599 nostro

2043 1634 2158 1690 fere
2205 1635 2467 1705 aequalem
2509 1636 2702 1701 habet,
2754 1638 3081 1692 auctoritate
3129 1637 3417 1707 impulsus.
3463 1637 3646 1692 Addit

2040 1728 2257 1797 quidem
2287 1728 2433 1798 (vide
2458 1743 2606 1781 num.
2634 1728 2725 1795 6|)
2756 1727 2918 1782 etiam
2939 1728 3300 1793 Mahillonius,
3333 1729 3463 1783 tanti
3489 1729 3647 1782 hane

357 1832 485 1870 vero
542 1818 758 1871 natione
800 1814 1132 1882 Aquitanus,
1191 1811 1489 1869 monac-ltus
1535 1808 1935 1863 Aureliacensis

2043 1835 2145 1872 non
2172 1833 2314 1881 esse,
2340 1828 2397 1872 ut
2422 1817 2735 1874 Chrcnieon
2756 1819 2886 1873 illud
2918 1820 3160 1890 iis,quae
3176 1821 3439 1887 adstruit,
3468 1819 3640 1872 ﬁdem

356 1907 526 1960 sancti
585 1904 804 1963 Gcraldi
866 1903 1230 1966 ecclesize,....
1301 1901 1367 1956 ab
1423 1901 1746 1967 imperatore
1803 1912 1936 1967 papa

359 2000 721 2061 Romanorum
791 1994 1098 2049 sublevatus
1162 2002 1245 2050 est
1305 2000 1525 2062 propter
1574 1990 1935 2060 philosophiae

355 2088 630 2157 gratiam:
690 2091 954 2138 nnttatum
1006 2092 1088 2137 est
1134 2096 1327 2135 nomen
1385 2080 1500 2147 ejus
1546 2078 1832 2148 pristinum
1884 2085 1937 2132 et

356 2186 578 2232 vocatus
601 2184 683 2229 est
714 2175 994 2229 Silvester.
1025 2172 1310 2227 Girhertus
1334 2170 1476 2222 enim
1506 2168 1686 2223 docuit
1711 2166 1936 2223 Fulberv

360 2282 468 2322 .um
515 2264 903 2320 Carnotensem
949 2262 1292 2330 episcopum,
1345 2260 1434 2328 qui
1466 2267 1585 2328 post
1638 2256 1933 2310 Leobinum

354 2355 559 2411 exstitit
580 2354 882 2425 episcopus.
919 2353 991 2407 De
1005 2369 1111 2421 quo
1134 2352 1300 2406 utulta
1316 2352 1515 2417 scripta
1543 2348 1621 2403 vel
1645 2348 1696 2401 in
1718 2348 1931 2418 pagina,

354 2445 436 2500 vel
469 2445 521 2499 in
551 2453 713 2499 cantu
755 2454 956 2499 sancta:
991 2442 1234 2496 ecclesia:
1274 2448 1669 2495 remanserunt.
1712 2437 1808 2492 llic
1832 2439 1934 2492 ite-

354 2552 471 2601 rum
495 2534 782 2589 Fulbertus
803 2533 985 2588 docuit
1005 2530 1386 2600 Berengarium
1411 2529 1728 2583 canonicum
1757 2527 1933 2583 sancti

353 2625 589 2679 Martini.
648 2622 748 2694 Qui
811 2623 940 2680 item
991 2622 1297 2679 Brunonern
1330 2619 1655 2679 Bernensem
1699 2628 1752 2673 et
1801 2616 1935 2677 alios

352 2716 548 2779 multos
582 2717 810 2771 heredes
838 2713 1191 2785 philosophiae
1222 2711 1461 2783 reliquit.
1502 2729 1521 2764 ι

427 2804 516 2859 65.
576 2802 779 2865 Ordine
834 2802 952 2865 hic,
1026 2816 1133 2870 quo
1190 2800 1526 2863 ﬂoruerunt,
1582 2804 1935 2860 recensentur

351 2894 591 2953 nonnulli
616 2933 630 2957 ,
664 2901 722 2946 ut
750 2891 1111 2947 consideranti
1138 2888 1370 2960 patebit,
1428 2886 1781 2957 philoSOphiac
1811 2887 1934 2940 dnc-

351 2995 499 3041 tores
533 3001 626 3040 seu
655 2982 929 3054 magistri,
954 2996 1185 3051 quorum
1211 2979 1301 3033 alii
1328 2978 1447 3031 aliis
1480 2976 1762 3031 scientiam
1796 2975 1935 3031 hanc

352 3076 655 3141 tradidere;
682 3089 848 3145 quare
868 3113 881 3138 ,
915 3088 1036 3126 cum
1063 3070 1417 3142 Berengarins
1436 3110 1450 3133 ,
1479 3067 1554 3121 uti
1583 3068 1722 3136 apud
1745 3081 1933 3120 oumes

348 3171 403 3223 in
431 3167 680 3221 confesso
733 3173 849 3228 est,
906 3161 1259 3232 philosophiae
1295 3161 1484 3215 doctor
1529 3174 1624 3213 seu
1678 3158 1934 3227 magister

350 3258 514 3311 etiam
565 3255 880 3318 exstiterit,
944 3255 1059 3308 hare
1120 3250 1517 3322 chronographi
1562 3247 1934 3303 Malleacensis

346 3349 513 3405 verba
562 3366 575 3400 :
616 3365 633 3398 ι
672 3346 773 3419 Qui
820 3344 948 3398 item
1002 3343 1307 3405 Brunonem
1344 3341 1667 3401 Remensem
1698 3349 1754 3393 et
1801 3338 1935 3391 alios

350 3437 551 3493 multos
574 3435 802 3495 heredes
830 3433 1183 3504 philosophiae
1227 3430 1471 3500 reliquit,
1511 3448 1527 3479 ι
1572 3443 1677 3483 non
1707 3428 1773 3481 ad
1805 3427 1933 3487 Ful-

349 3528 597 3595 bertum,
638 3537 696 3580 ut
744 3524 859 3578 vult
903 3524 1273 3587 Mabillonius,
1318 3522 1413 3577 sed
1456 3521 1524 3576 ad
1553 3519 1933 3590 Berengarium

346 3617 630 3681 referenda
654 3626 798 3679 sunt,
823 3617 1003 3686 itaque
1027 3616 1221 3670 debent
1251 3613 1498 3684 intelligi,
1528 3621 1587 3675 ut
1608 3611 1933 3682 significent,

353 3709 495 3764 hunc
526 3710 817 3777 ipsummet
852 3706 909 3759 S.
960 3705 1199 3761 Brunoni
1251 3703 1604 3775 philomphize
1647 3703 1935 3758 scientiam

348 3798 660 3852 tradidisse.
698 3795 761 3849 Et
791 3810 949 3863 vero,
1004 3804 1063 3848 ut
1104 3796 1175 3849 ita
1216 3792 1624 3864 intelligantur,
1656 3792 1937 3865 naturalis

347 3886 511 3942 ctiam
569 3886 912 3955 maximeque
970 3885 1165 3942 obvius
1215 3901 1377 3959 quem
1429 3882 1689 3952 olfcrunt,
1744 3900 1937 3949 sensus

348 3977 548 4047 exigit,
579 3975 1034 4046 quemadmodum
1066 4013 1083 4043 ,
1139 3984 1400 4044 quantum
1430 3975 1624 4050 opinor
1646 4015 1661 4040 ,
1709 3974 1938 4046 quisque

350 4068 506 4121 facile
548 4067 842 4131 fatebitur,
883 4069 973 4139 qui
1024 4065 1355 4139 praeiudiciis
1405 4081 1606 4121 vacuus
1643 4066 1932 4130 exstiterit.

352 4159 689 4225 Mahillouins
744 4160 961 4227 quidem
990 4199 1005 4225 ,
1070 4169 1128 4217 ut
1173 4165 1417 4216 sanctam
1465 4158 1857 4228 phil050phiam
1906 4174 1936 4217 a

347 4252 676 4322 Bel-ttigai-io
705 4251 922 4309 doctum
948 4234 1054 4305 non
1089 4250 1286 4315 fuisse,
1316 4264 1379 4304 ac
1409 4248 1565 4318 proin
1599 4249 1714 4303 haec
1735 4250 1898 4303 verba
1920 4290 1934 4313 ,

355 4356 373 4390 ι
408 4340 506 4405 Qui
543 4343 670 4394 item
714 4339 1019 4394 Brunonem
1055 4338 1399 4402 Remensem,
1439 4358 1459 4390 ›
1493 4347 1626 4403 etc.,
1651 4352 1717 4391 eo
1748 4339 1928 4402 modo,

349 4444 507 4497 quem
535 4430 773 4497 aSsignat
798 4469 810 4492 ,
842 4429 1157 4497 exponenda
1189 4428 1435 4490 evincat,
1472 4426 1525 4481 iu
1560 4427 1931 4497 probationem
1966 4465 2012 4523 Β
2039 4480 2079 4525 8;

359 4518 525 4570 nlhuc
572 4517 747 4581 addit,
786 4535 802 4567 ι
847 4517 1191 4582 Brunonem,
1233 4515 1347 4585 jam
1390 4516 1647 4571 clericum
1694 4525 1748 4571 et
1773 4516 1933 4575 Colo-

372 4608 591 4660 tiensem
625 4607 978 4671 canonicum,
1012 4622 1075 4662 ac
1119 4608 1345 4678 proinde
1389 4607 1584 4664 litteris
1619 4607 1888 4661 excultum
1915 4646 1929 4668 ,

353 4684 417 4752 ex
443 4697 577 4750 urbe
608 4695 826 4751 Colonia
858 4696 908 4748 in
934 4696 1227 4752 [ternorum
1256 4697 1534 4755 civitatem
1561 4696 1875 4758 accessisse,
1908 4715 1927 4745 ι

350 4793 512 4865 idque
526 4799 775 4845 constare
794 4805 857 4842 ex
886 4789 1032 4843 hisce
1048 4789 1156 4857 (adi
1181 4806 1328 4843 num.
1346 4788 1435 4858 52)
1459 4788 1720 4853 Manassis
1742 4788 1935 4845 [terno-

352 4901 471 4939 l‘lltlt
509 4881 911 4951 archiprmsnlis
954 4880 1019 4933 de
1062 4879 1118 4932 S.
1167 4880 1415 4935 Brunoue
1462 4880 1664 4943 verbis,
1713 4898 1729 4929 ι
1755 4879 1933 4942 Bruuo

350 4986 452 5026 nec
481 4979 665 5024 noster
691 4967 924 5023 clericus
951 5009 965 5034 ,
1004 4985 1101 5023 nec
1141 4979 1325 5023 noster
1357 4978 1515 5022 natus
1537 5008 1552 5032 ,
1578 4978 1671 5023 aut
1714 4981 1933 5024 renatus

347 5072 464 5133 est,
511 5064 604 5117 sed
652 5061 827 5117 sancti
858 5060 1172 5124 Cuniberti,
1228 5061 1279 5114 iu
1321 5059 1930 5129 regno'l‘etttonicorum

347 5161 542 5222 nositi,
600 5154 895 5211 canonicus
941 5164 1045 5222 est,
1095 5175 1113 5207 ι
1162 5165 1269 5210 etc.
1300 5153 1500 5210 Verum
1541 5153 1761 5219 litteris,
1812 5170 1931 5223 qua}

254 5232 265 5254 δ
351 5251 561 5309 altioris
588 5291 604 5321 ,
635 5258 694 5306 ut
722 5248 1092 5321 philosophia,
1123 5247 1334 5303 ordinis
1362 5247 1471 5301 sint
1496 5287 1511 5311 ,
1545 5247 1780 5300 nondum
1809 5262 1932 5301 san-

349 5355 499 5404 ctum
525 5386 541 5412 ,
573 5359 696 5400 cum
727 5339 947 5396 Colonia
980 5338 1178 5394 Remos
1208 5338 1373 5411 adiit,
1423 5336 1694 5393 excultum
1730 5336 1894 5393 fuisse
1914 5379 1928 5403 ,

350 5454 513 5509 supra
544 5435 862 5499 docuimus,
892 5446 991 5487 nec
1024 5431 1075 5489 id
1108 5420 1359 5486 constare
1399 5438 1576 5500 potest
1598 5444 1663 5483 ex
1688 5428 1931 5499 allegatis

351 5546 380 5583 a
408 5528 713 5591 Mabillonio
738 5524 999 5581 Manassis
1032 5521 1425 5593 archiepiscopi
1453 5521 1632 5575 verbis
1655 5562 1669 5587 ,
1711 5538 1833 5577 cum
1864 5538 1932 5578 ex

277 5615 297 5628 ’
354 5624 534 5685 hisce,
566 5633 623 5674 ut
646 5621 758 5691 jam
786 5635 948 5689 supra
975 5618 1214 5683 dictum,
1257 5616 1437 5687 potius
1484 5625 1770 5687 appareat,
1806 5633 1933 5672 san-

349 5726 495 5773 ctum
545 5722 815 5776 nostrum,
880 5719 1169 5784 antequam
1224 5708 1433 5767 litteras
1478 5708 1721 5767 discendi
1772 5726 1928 5765 causa

1268 5816 1391 5863 ἑκά-ι’

2041 1912 2404 1967 indubitatam
2456 1910 2636 1968 facere
2685 1912 2897 1981 possit,
2950 1928 3117 1983 reque
3166 1914 3279 1981 ipsa
3330 1911 3587 1966 nonnulla
3616 1950 3637 1973 ,

2039 2018 2160 2072 quae
2190 2004 2465 2057 memoriae
2501 2003 2734 2073 prodita
2764 2003 2992 2058 veritate
3038 2004 3241 2068 aliena,
3292 2004 3642 2073 deprehensa

2038 2104 2192 2157 sunt,
2226 2101 2337 2147 tum
2369 2109 2397 2147 a
2429 2092 2685 2160 Lahbeo,
2727 2109 2760 2148 a
2813 2110 2922 2164 quo
2965 2096 3197 2165 primum
3247 2096 3442 2166 publici
3485 2095 3644 2164 juris

2038 2183 2239 2241 factum
2270 2194 2392 2250 est,
2450 2194 2559 2239 tum
2613 2194 2738 2257 post
2771 2199 2894 2241 eum
2946 2187 3015 2241 ab
3048 2185 3299 2241 Historiae
3348 2186 3642 2242 litterariae

2037 2278 2281 2339 Francia:
2314 2278 2671 2350 scriptoribus
2700 2286 2830 2333 tom.
2856 2277 2946 2332 XII
2965 2320 2979 2344 ,
3010 2294 3131 2350 pag.
3158 2279 3224 2334 79
3269 2289 3323 2334 et
3353 2280 3637 2347 sequenti.

2042 2371 2270 2435 Verum,
2303 2371 2404 2425 etsi
2435 2371 2483 2423 id
2509 2370 2580 2432 ita
2610 2370 2718 2434 sit,
2746 2371 3212 2426 verosimillimum
3244 2379 3421 2425 tamen
3447 2370 3637 2424 adhuc

2036 2469 2296 2531 apparet,
2334 2460 2476 2529 quod
2537 2461 2606 2516 de
2670 2460 2863 2517 tradita
2918 2459 3248 2516 S.Bruuoni
3316 2474 3346 2514 a
3421 2459 3639 2513 Beren-

2037 2552 2191 2621 gario
2247 2550 2589 2622 philosophia
2645 2550 2896 2610 afﬁrmat.
2948 2550 3024 2609 Ea
3071 2550 3258 2615 enim,
3323 2551 3376 2605 in
3427 2549 3639 2620 quibus

2034 2640 2290 2695 Chronici
2328 2640 2472 2701 illius
2502 2649 2693 2697 auctor
2730 2657 2760 2695 a
2790 2640 3019 2704 veritate
3069 2640 3320 2697 deviasse
3370 2650 3631 2704 nctatur,

2036 2733 2105 2795 ab
2127 2743 2288 2788 aetate
2316 2734 2433 2806 ejus
2464 2732 2676 2803 longius
2724 2732 2987 2801 abluere;
3030 2734 3084 2791 in
3127 2734 3195 2793 iis
3240 2744 3423 2790 autem
3447 2774 3464 2799 ,
3503 2750 3634 2805 quae

2036 2824 2121 2895 vel
2153 2833 2397 2895 tempore
2431 2839 2530 2879 suo
2558 2824 2644 2884 vel
2678 2839 2784 2886 non
2821 2825 2913 2886 diu
2956 2834 3083 2881 ante
3124 2836 3275 2901 gesta
3328 2834 3484 2889 sunt,
3531 2828 3636 2883 vix

2037 2929 2274 2983 unquam
2309 2930 2338 2967 a
2370 2912 2615 2978 Lalibco,
2671 2915 2762 2983 qui
2804 2923 2980 2970 tamen
3013 2929 3232 2977 errores
3272 2914 3390 2989 ejus
3435 2913 3635 2970 sedulo

2035 3005 2349 3070 adnotavit,
2375 3020 2593 3060 errasse
2618 3012 2868 3069 notatur,
2922 3014 2980 3064 ut
3014 3006 3269 3075 proinde,
3324 3019 3449 3065 cum
3496 3020 3636 3076 syri-

2034 3097 2271 3152 chrouus
2298 3106 2391 3150 aut
2418 3106 2570 3153 certe
2596 3111 2731 3168 pene
2755 3097 2977 3171 zequalis
3006 3097 3208 3159 Sancto
3238 3105 3427 3161 nostro
3454 3099 3636 3155 eratis

2038 3193 2197 3254 terit,
2231 3190 2282 3244 in
2309 3189 2373 3250 iis
2395 3190 2601 3261 utique,
2632 3205 2753 3259 quae
2771 3189 2839 3251 de
2864 3190 3044 3252 audita
3069 3190 3137 3244 ab
3161 3190 3265 3253 hoc
3289 3189 3391 3244 sub
3412 3188 3631 3253 Berea:

2035 3283 2187 3351 gario
2218 3281 2556 3351 philosophia
2592 3282 2797 3348 tradit,
2829 3297 3042 3337 errasse
3084 3282 3479 3341 existimandus
3515 3298 3632 3340 non

2036 3376 2139 3437 sit,
2178 3387 2353 3443 neque
2379 3388 2507 3428 vero
2536 3388 2753 3428 errasse
2780 3413 2795 3439 ,
2834 3389 2863 3427 a
2893 3373 3110 3436 Labbeo
3149 3382 3387 3427 notatur.
3420 3372 3631 3441 Quare,

2036 3465 2080 3519 si
2114 3479 2220 3518 non
2249 3464 2471 3518 omnino
2514 3472 2757 3529 certum,
2809 3464 3271 3519 verosimillimum
3329 3463 3582 3532 equidem
3616 3504 3632 3535 ,

2036 3553 2287 3608 omnibus
2316 3553 2691 3621 consideratis,
2735 3564 2843 3620 est,
2888 3553 3149 3608 Sanctum
3192 3562 3434 3618 nostrum
3463 3568 3493 3618 a
3526 3552 3631 3611 Be~

2038 3643 2289 3714 rengario
2326 3642 2719 3713 philosophiam
2750 3644 2969 3701 doctum
2995 3644 3185 3699 fuisse.

2109 3732 2199 3786 67.
2241 3730 2380 3787 llinc
2420 3747 2583 3801 porro
2625 3732 2739 3802 jam
2772 3732 3157 3804 consequitur,
3206 3740 3262 3787 ut
3302 3745 3421 3787 eam
3449 3771 3464 3797 ,
3515 3747 3631 3788 non

2038 3824 2292 3892 Parisiis,
2321 3826 2465 3896 quod
2492 3825 2581 3881 hic
2605 3825 2771 3880 etiam
2799 3825 3137 3904 probandum
3162 3833 3279 3885 erat
3297 3865 3313 3894 ,
3335 3826 3428 3880 sed
3452 3824 3630 3885 Tum.

2037 3915 2152 3981 nis,
2175 3930 2299 3971 cum
2330 3916 2382 3969 in
2409 3915 2512 3969 hac
2541 3915 2761 3970 civitate
2780 3954 2796 3981 ,
2825 3930 2931 3969 nou
2960 3925 3140 3970 autem
3167 3915 3266 3986 (uti
3298 3916 3455 3969 modo
3483 3915 3630 3980 inter

2040 4006 2370 4061 recentiores
2397 4006 2620 4061 criticos
2654 4006 2788 4060 satis
2822 4006 3097 4075 convenit)
3148 4006 3200 4060 in
3240 4005 3381 4071 alia,
3420 4005 3630 4069 Berea.

2038 4098 2222 4166 garius
2248 4098 2523 4158 docuerit,
2555 4096 2961 4151 verosimillimc
2992 4096 3289 4166 exceperit.
3348 4102 3415 4149 At
3447 4112 3580 4150 vero
3614 4139 3630 4164 ,

2040 4187 2283 4257 inquies,
2336 4187 2697 4258 Berengarius
2743 4188 2908 4257 impia
2944 4203 3077 4253 sua,
3118 4203 3225 4258 qua
3273 4188 3410 4244 alios
3458 4189 3631 4244 etiam

2041 4279 2264 4334 inlicere
2284 4280 2585 4335 conabatur
2609 4317 2625 4344 ,
2656 4279 2849 4334 haeresi
2880 4280 3096 4335 infam’s
3120 4281 3276 4351 juxta
3313 4296 3377 4336 ac
3411 4282 3633 4352 perieu-

2042 4372 2188 4426 losus
2212 4381 2358 4437 erat,
2392 4387 2455 4425 ac
2483 4371 2638 4448 proin
2666 4371 3086 4433 existimandum
3120 4389 3225 4427 non
3258 4382 3499 4442 apparet,
3544 4375 3631 4427 vel

2082 4465 2209 4518 moti
2237 4475 2520 4534 parentes,
2577 4464 2658 4516 vel
2682 4478 2805 4529 eos,
2862 4466 2954 4533 qui
3001 4465 3143 4519 illius
3192 4466 3367 4521 adhuc
3406 4466 3633 4535 juvenis

2037 4572 2221 4612 curam
2263 4555 2516 4625 gerebant
2540 4596 2554 4620 ,
2595 4556 2986 4610 commissuros
3024 4556 3216 4620 fuisse,
3251 4568 3307 4609 ut
3339 4556 3627 4619 Sanctum,

2038 4649 2281 4718 magistri
2333 4647 2637 4716 hujusmodi
2689 4649 2987 4719 disciplina:
3029 4650 3320 4713 traditum,
3348 4660 3631 4705 venenatae

2038 4742 2321 4817 impia-que
2334 4742 2593 4796 doctrina:
2617 4741 2924 4797 haurienda:
2939 4742 3237 4805 discrimini
3261 4754 3628 4811 exponerent.

2039 4832 2236 4887 Verum
2262 4832 2619 4901 Berengarius
2649 4849 2755 4887 non
2788 4834 2973 4888 statim
3008 4874 3021 4897 ,
3054 4850 3175 4888 cum
3203 4834 3413 4889 scholas
3450 4832 3631 4888 Turno

2037 4940 2231 4979 nenses
2260 4940 2448 4995 regere
2493 4924 2690 4992 erepit,
2750 4924 2805 4977 in
2849 4924 3098 4978 haaresim
3146 4924 3248 4978 fuit
3297 4924 3583 4993 prolapSt.s
3611 4965 3628 4989 ,

2037 5030 2135 5068 nec
2159 5015 2367 5078 statim,
2392 5029 2513 5069 cum
2546 5014 2816 5068 haereseos
2839 5029 2950 5075 suae
2971 5014 3120 5068 virus
3146 5029 3404 5085 spargere
3432 5017 3627 5085 erupit,

2034 5108 2234 5177 passim
2254 5124 2349 5178 pro
2365 5109 2621 5164 hmretico
2639 5108 2707 5163 ab
2733 5109 2986 5164 omnibus
3004 5108 3353 5174 fuithabitus.
3375 5107 3437 5161 Et
3470 5108 3629 5178 Ιξιιεει

2033 5200 2249 5271 quidem
2260 5199 2620 5270 Lingonensis
2638 5199 2943 5269 episc0pus,
2968 5189 3277 5269 Berengarii
3299 5197 3426 5257 olim
3441 5218 3457 5249 ι
3472 5200 3628 5253 (λείη.

2035 5291 2302 5363 δεῖριιιιιε,
2330 5293 2538 5361 primus
2561 5291 2695 5356 fuit,
2721 5291 2813 5361 qui
2849 5292 2918 5346 ab
2947 5306 3012 5346 eo
3044 5292 3152 5362 (adi
3190 5289 3439 5344 Historiae
3467 5290 3627 5345 litus

2034 5397 2091 5437 ra
2100 5383 2191 5437 ria:
2206 5381 2445 5440 Francia:
2459 5381 2753 5452 scriptores
2770 5390 2899 5437 tom.
2921 5380 3049 5445 \‘lll,
3073 5395 3194 5451 pag.
3207 5378 3335 5447 202)
3352 5379 3405 5431 in
3421 5378 3629 5433 eucha-

2036 5473 2205 5528 ristize
2236 5481 2588 5529 sacramento
2633 5481 2688 5528 et
2739 5473 3038 5528 realitateiu
3065 5482 3121 5528 et
3160 5472 3567 5526 transubstanti.
3597 5501 3625 5525 9

2036 5565 2233 5621 tionem
2261 5564 2482 5636 negari,
2515 5565 2818 5633 detexerit,
2865 5566 3068 5637 quique
3105 5567 3248 5622 haud
3290 5566 3365 5627 ita
3417 5565 3622 5631 dudum

2035 5667 2192 5729 post,
2233 5673 2343 5729 quo
2385 5667 2665 5715 errantem
2710 5658 2764 5717 in
2794 5660 2936 5720 viam
2967 5660 3293 5724 reduceret,
3337 5657 3622 5728 pulchram

2036 5750 2101 5805 ad
2122 5766 2246 5807 eum
2278 5750 2418 5811 dedit
2451 5750 2762 5826 epistolam;
2791 5766 2957 5830 quare
2986 5766 3109 5811 cum
3132 5750 3248 5812 hac
3276 5751 3388 5829 (adi
3421 5751 3619 5816 iterum
