3862 6310
187 337 246 395 ιε
1658 328 1729 386 Α(

1834 368 1861 383 ..
3339 331 3409 386 ιιι

186 451 396 506 laudatos
419 446 704 519 scriptores
729 444 849 502 loco
877 444 999 516 cit.)
1023 456 1130 499 non
1157 443 1352 509 citius,
1377 456 1538 514 quam
1560 442 1723 512 paulo
1752 447 1802 504 Α
1829 458 1944 497 sam
1967 483 1982 507 ,
2015 444 2226 507 emisit,
2280 451 2340 496 ut
2376 442 2423 496 vi
2448 442 2556 497 fcie
2606 442 2729 497 licet
2777 442 2829 495 in
2876 442 3410 514 archiepiscoporum

185 551 291 596 ante
307 541 579 596 Octobrem
608 538 739 594 anni
768 536 909 592 1059
938 537 1142 607 scripta
1167 534 1361 601 fuerit,
1384 549 1725 603 consequens

182 642 279 696 est,
339 639 395 685 ut
450 629 856 686 verosimillime
910 644 1074 699 prava
1118 627 1429 699 Berengarii
1482 627 1725 682 doctrina

183 739 305 779 anno
354 723 631 778 dumtaxat
672 722 918 791 proxime
965 720 1111 775 hunc
1164 719 1539 782 antecedenti,
1620 734 1726 788 quo

181 816 320 872 etiam
344 815 453 870 haec
473 824 564 869 aut
593 824 800 868 tantum
837 813 998 884 paulo
1030 812 1193 867 citius
1240 811 1425 867 turbas
1461 811 1512 865 in
1554 812 1727 865 eccle-

181 906 247 961 sia
269 906 521 962 excitasse
557 906 801 971 videtur,
860 906 927 959 ab
966 904 1186 975 Hugone
1234 904 1560 973 Lingonensi
1607 902 1725 973 epi-

179 1013 319 1068 scopo
347 997 503 1053 fuerit
528 999 762 1053 detecta.
791 995 911 1052 Jam
936 1012 1095 1061 vero,
1123 1012 1248 1051 cum
1281 997 1332 1050 id
1362 996 1433 1050 ita
1471 995 1560 1059 sit,
1592 994 1724 1048 nihil

183 1105 292 1146 sane
332 1090 500 1145 sancti
548 1098 841 1160 parentes,
894 1098 1167 1144 tutoresve
1202 1089 1465 1159 impedire
1509 1089 1722 1150 debuit,

176 1197 270 1251 quo
288 1182 455 1236 minus
482 1195 607 1235 eum
632 1198 777 1236 anno
800 1182 966 1246 1047,
1002 1196 1110 1251 quo
1130 1196 1197 1236 ex
1227 1196 1389 1250 supra
1417 1181 1576 1236 dictis
1602 1196 1725 1252 sep-

180 1273 430 1328 temdecim
453 1272 683 1328 circiter
704 1288 966 1328 annorum
989 1271 1101 1340 jam
1126 1287 1246 1328 esse
1268 1273 1457 1343 potuit,
1480 1272 1725 1328 Turonas

179 1375 422 1421 nutterent
445 1366 804 1436 philosophim
827 1364 1040 1436 placitis
1067 1380 1099 1419 a
1131 1365 1460 1438 Berengario
1481 1365 1727 1421 imbuen-

176 1454 424 1511 dum.hno
452 1470 587 1512 vero
623 1471 730 1511 non
753 1456 888 1511 satis
917 1456 1103 1521 video,
1143 1472 1243 1511 cur
1274 1471 1339 1512 eo
1378 1458 1542 1512 etiam
1582 1473 1725 1512 anno

178 1544 291 1600 1048
312 1546 668 1615 autsequenti
689 1587 705 1611 ,
728 1561 852 1601 cum
877 1563 1022 1602 anno
1048 1548 1264 1602 demum
1306 1548 1445 1603 1050
1484 1566 1513 1604 a
1548 1550 1726 1605 Leone

175 1633 231 1687 IX
257 1636 387 1705 Papa
435 1636 491 1691 in
540 1636 772 1692 concilio
797 1637 982 1692 Romae
1022 1638 1298 1695 celebrato
1341 1640 1725 1712 Berengariani

173 1740 357 1782 errores
383 1719 885 1796 fuerint'damnati,
920 1729 1058 1784 mitti
1091 1745 1199 1786 non
1230 1732 1511 1801 potuisset.

230 1817 304 1871 68.
327 1815 430 1873 Nec
452 1832 623 1887 porro
642 1818 878 1874 Brunoni
902 1829 998 1874 aut
1018 1821 1136 1890 ejus
1161 1822 1193 1875 li
1220 1822 1286 1878 iis
1309 1822 1562 1878 dedecori
1587 1838 1670 1877 vei
1684 1824 1726 1879 ti

174 1904 332 1969 debet,
357 1908 504 1976 quod
538 1906 586 1962 is
615 1906 888 1964 hominem
919 1908 987 1964 de
1038 1909 1146 1965 fide
1174 1926 1279 1966 non
1311 1920 1456 1967 recte
1486 1913 1727 1968 sentien-

174 2002 290 2059 tem,
314 2012 409 2052 nec
434 2005 623 2053 tamen
653 2004 714 2052 ut
749 1997 1064 2054 hareticum
1094 2000 1407 2056 damnatum
1454 2002 1508 2056 in
1548 2002 1726 2072 philo-

173 2084 329 2153 sophia
351 2085 622 2154 audierit;
647 2088 751 2143 etsi
780 2088 924 2143 enim
959 2088 1014 2145 id
1043 2089 1117 2144 ita
1140 2104 1208 2146 ex
1233 2090 1347 2161 jam
1377 2092 1539 2147 dictis
1564 2104 1727 2162 appa-

174 2183 293 2237 reat,
319 2174 677 2231 dubitandum
706 2186 886 2233 tamen
912 2194 1016 2233 non
1053 2190 1157 2243 est,
1187 2183 1316 2251 quin
1341 2198 1370 2235 a
1398 2183 1728 2254 Bereugario

171 2267 334 2320 saltem
378 2278 548 2333 tunc,
585 2285 713 2325 cum
764 2272 816 2326 in
865 2274 1098 2330 concilio
1147 2275 1394 2334 Romano
1439 2279 1727 2335 damnatus

172 2359 370 2426 primum
416 2363 512 2417 hic
555 2362 774 2429 fuisset,
809 2367 1117 2423 recesserit.
1166 2367 1243 2421 ita
1291 2378 1513 2424 autumo
1548 2372 1629 2426 vel
1660 2388 1728 2426 rx

173 2460 255 2509 eo,
276 2451 408 2518 quod
442 2452 519 2507 ab
550 2451 716 2523 impia
738 2452 854 2522 ejus
875 2455 1068 2511 haeresi
1102 2458 1337 2514 maxime
1364 2460 1727 2527 abhorruerit,

174 2546 219 2590 ut
247 2539 388 2594 fidem
420 2541 582 2607 facit,
617 2553 753 2610 tum,
781 2560 917 2615 quas
949 2546 1102 2613 fecit,
1138 2548 1276 2603 infra
1304 2551 1392 2606 hic
1422 2567 1729 2608 memoran-

172 2630 251 2686 das
270 2632 315 2686 in
336 2634 607 2703 psalmum
634 2652 724 2691 xxi
746 2646 802 2691 et
827 2638 878 2693 in
901 2654 1022 2710 cap.
1052 2656 1129 2704 xi,
1155 2642 1312 2711 epist.
1343 2658 1358 2696 ι
1388 2648 1456 2699 ad
1478 2644 1726 2701 Corinth.

170 2728 650 2792 commentationes,
680 2738 814 2790 tum,
837 2746 1001 2799 quam
1030 2737 1188 2788 morti
1213 2735 1494 2803 proximus
1514 2737 1726 2803 emisit,

172 2810 272 2867 ﬁdei
317 2816 618 2883 professio,
670 2833 701 2871 a
750 2818 1090 2889 Mabillonio,
1143 2832 1271 2878 tom.
1322 2823 1389 2879 iV
1456 2826 1727 2894 Analeet.,

171 2915 199 2969 p
225 2918 269 2973 g.
298 2904 397 2959 ιοο
419 2915 480 2962 et
511 2922 630 2977 seq.
665 2908 833 2963 relata
874 2910 1122 2982 infraque
1151 2914 1256 2969 huc
1292 2918 1728 2974 transcribenda.

171 2991 225 3047 At
247 3010 362 3053 vero
389 2999 657 3069 quoniam
694 3000 784 3056 hic
828 3002 896 3059 de
924 3003 1048 3059 fidei
1079 3005 1453 3075 professione,
1483 3026 1513 3064 a
1541 3020 1730 3066 sancto

1831 536 2177 591 Hennensium
2230 536 2404 599 serie,
2450 551 2612 605 quam
2660 534 2835 591 Gallia
2888 534 3196 590 Christiana
3252 548 3411 593 aucta

1829 636 1962 681 tom.
1990 625 2061 680 IX
2090 625 2331 682 exhibet.
2375 627 2597 682 Accedit
2642 625 2925 681 Matthmus
2954 625 3014 681 S.
3047 626 3114 680 Β.
3143 627 3205 682 Ε.
3238 630 3411 684 cardi-

1829 718 2010 781 nalis,
2052 715 2205 785 cujus
2248 717 2607 771 Bruuonianzc
2655 732 2761 772 non
2813 716 3039 771 multum
3100 718 3411 782 dissimilis,

1828 823 1989 875 quam
2029 807 2129 860 sub
2163 807 2321 861 linem
2369 807 2492 861 vita:
2537 806 2751 873 emisit,
2792 805 2913 862 lidei
2961 806 3224 876 professio
3272 811 3413 878 apud

1830 897 2050 951 Petrutu
2084 895 2476 961 Venerabilem,
2507 898 2757 951 abbatem
2788 897 3219 960 Cliniacensetn,
3254 898 3415 953 Mira-

1827 994 2071 1049 culorum
2117 993 2209 1046 lib.
2259 1009 2330 1057 ll,
2376 1008 2497 1062 cap.
2533 993 2606 1047 ‘2').
2658 1000 2866 1057 exstat,
2912 1000 2969 1047 et
3011 992 3318 1048 Ludovicus
3347 992 3414 1047 Vl

1827 1084 2158 1139 Francorum
2226 1100 2353 1147 rex,
2425 1083 2579 1151 cujus
2645 1084 3005 1140 Brunoniatne
3065 1086 3250 1139 itidem
3308 1101 3412 1139 non

1828 1174 2057 1229 multum
2107 1173 2417 1236 dissimilis,
2468 1188 2632 1241 quam
2684 1174 2979 1229 moriturus
3026 1175 3240 1238 emisit,
3289 1172 3412 1226 ῆιίιιι

1828 1264 2097 1337 professio
2141 1280 2170 1318 a
2215 1263 2447 1318 Baronio
2490 1264 2543 1317 in
2581 1265 2880 1319 Annalibus
2918 1265 2985 1319 ad
3027 1279 3227 1319 annum
3275 1265 3401 1317 1151

1830 1358 2113 1413 recitatur.
2147 1354 2457 1426 Berengarii
2492 1355 2677 1424 itaque
2710 1356 2761 1409 in
2808 1356 3148 1425 philosophia
3182 1355 3414 1427 discipu-

1830 1448 1941 1501 lum
1988 1447 2155 1501 fuisse
2199 1446 2259 1500 S.
2301 1446 2605 1500 Brunonem
2632 1486 2646 1508 ,
2701 1447 2850 1514 argui
2896 1462 2959 1501 ex
2992 1462 3082 1513 ea,
3114 1464 3275 1517 quam
3328 1449 3414 1501 hic

1830 1538 1989 1592 morti
2023 1536 2303 1606 proximus
2327 1536 2533 1599 emisit,
2558 1535 2681 1590 fidei
2707 1534 3044 1605 professione
3077 1553 3180 1592 non
3213 1547 3409 1607 potest.

1831 1627 1963 1693 Nec,
1981 1636 2039 1682 ut
2061 1636 2307 1681 sanctum
2333 1626 2643 1696 Berengarii
2660 1626 2711 1679 in
2728 1626 3067 1695 philosophia
3090 1628 3413 1698 discipulum

1830 1718 2122 1783 faciamus,
2170 1716 2400 1770 validius
2431 1716 2582 1785 argui
2614 1725 2788 1785 potest
2834 1731 2865 1771 e
2911 1717 3208 1773 centesimo
3245 1734 3406 1773 sexa-

1833 1810 2043 1881 gesimo
2074 1816 2259 1872 sexto,
2292 1821 2399 1876 quo
2432 1806 2665 1861 ecclesia
2693 1807 3024 1861 cathedralis
3056 1808 3411 1878 Andegavcn-

1831 1902 1930 1965 sis,
1961 1899 2019 1954 S.
2050 1898 2301 1953 Mauritio
2331 1912 2519 1963 sacra,
2558 1897 2864 1951 Brunonem
2892 1897 3121 1953 mirilice
3151 1898 3408 1956 celebrat.

1831 1990 2039 2045 funebri
2072 1989 2283 2055 Titulo;
2314 1989 2439 2043 licet
2466 1989 2609 2042 enirn
2641 1987 2730 2042 hic
2767 1988 2922 2041 hinos
2953 1989 3114 2043 hosce
3135 1991 3414 2046 contineat

1833 2081 2127 2137 versiculos
2145 2121 2159 2145 ,

1901 2177 2024 2227 Dux
2053 2175 2199 2244 prius
2228 2174 2423 2227 erroris
2451 2174 2750 2227 monstrarit
2776 2176 2872 2227 iter
2909 2173 3133 2227 melioris

1904 2261 2096 2319 Postea
2120 2264 2374 2317 doctrinm
2395 2304 2409 2329 ,
2437 2280 2553 2333 qum
2580 2264 2777 2333 gaudia
2812 2264 2901 2317 dat
2931 2266 3042 2317 sine
3067 2265 3170 2331 ﬁne

1829 2374 1861 2414 e
1889 2358 2087 2427 quibus
2106 2397 2121 2423 ,
2162 2356 2428 2412 Sanctum
2463 2358 2514 2409 iu
2544 2371 2785 2412 errorem
2814 2366 3002 2411 contra
3032 2357 3222 2421 fidem,
3256 2373 3416 2427 quem

1830 2459 2019 2520 postea
2050 2448 2389 2519 deposuerit,
2439 2447 2604 2502 fuisse
2640 2448 2984 2518 prolapsum,
3018 2464 3082 2503 ac
3110 2449 3265 2519 proin
3298 2465 3407 2503 non

1833 2550 2039 2596 tantum
2064 2540 2449 2611 Bereugarium
2484 2540 2735 2594 habuisse
2766 2541 3109 2610 magistrum,
3132 2550 3217 2595 ast
3240 2542 3406 2595 etiam

1831 2650 2104 2705 perversa:
2150 2634 2268 2703 ejus
2301 2643 2494 2689 contra
2527 2634 2874 2687 cucharistiae
2911 2643 3306 2689 sacramentum
3335 2649 3419 2689 se-

1831 2734 2094 2780 ctatorem
2124 2724 2413 2795 aliquando
2446 2724 2722 2780 exstitisse
2742 2765 2757 2789 ,
2782 2725 3045 2794 suspicari
3098 2740 3205 2780 non
3259 2739 3418 2780 nemo

1833 2817 2013 2871 forsan
2041 2825 2253 2887 posset,
2299 2817 2535 2872 sinistra:
2565 2826 2742 2871 tamen
2774 2817 3080 2888 hujusmodi
3118 2818 3184 2873 de
3214 2816 3421 2873 Sancto

1832 2911 2121 2980 suspicioni
2160 2909 2338 2965 locum
2373 2911 2498 2965 inde
2530 2912 2727 2966 merito
2755 2926 2876 2967 esse
2920 2926 3026 2967 non
3054 2926 3239 2982 posse,
3272 2915 3423 2985 quis-

1833 3017 1938 3071 que
1983 3000 2142 3057 facile
2171 3003 2577 3070 deprehendet,
2630 3003 2878 3072 quicum
2927 3003 3087 3068 aliis,
3130 3004 3182 3057 in
3228 3004 3419 3061 eodem

171 3086 302 3142 morti
344 3090 601 3158 proximo
645 3092 881 3159 emissa,
925 3108 1109 3150 sermo
1154 3097 1378 3163 incidit,
1429 3116 1594 3155 υηιηη
1642 3102 1732 3157 hic
1760 3120 1806 3182 ρ
1839 3091 1995 3147 titulo
2036 3093 2480 3147 antecedentibus
2518 3101 2572 3147 et
2615 3095 3106 3164 consequentibus,
3160 3097 3420 3154 recitatos

171 3174 317 3230 adhuc
357 3180 576 3235 moneri
606 3180 900 3248 lectorem,
949 3199 1173 3242 necesse
1215 3199 1319 3243 est.
1354 3189 1488 3245 Cum
1521 3193 1572 3247 in
1603 3209 1730 3263 pro-

172 3263 374 3324 fessione
421 3270 520 3325 illa
573 3271 755 3327 Bruno
782 3276 966 3329 statim
996 3276 1145 3333 hisce
1190 3280 1412 3335 vocibus
1451 3300 1464 3335 :
1498 3300 1517 3333 ι
1560 3282 1733 3340 Credo

171 3371 478 3417 sacramenta
500 3403 518 3427 ,
546 3379 667 3434 qua:
693 3367 962 3423 catholica
1002 3369 1178 3425 credit
1220 3380 1275 3426 et
1318 3382 1608 3427 veneratur
1632 3374 1734 3429 Ec-

171 3446 307 3503 clesia
328 3490 344 3517 ,
372 3472 392 3505 ι
424 3452 757 3525 subjungat:
794 3474 813 3508 ι
852 3457 919 3511 Et
962 3458 1282 3513 nominatim
1306 3499 1323 3526 ,
1353 3463 1496 3530 quod
1545 3477 1737 3519 tonse-

171 3550 327 3597 oratur
348 3544 402 3599 in
432 3544 637 3611 altari,
668 3562 853 3602 verum
878 3563 1078 3619 corpus
1112 3565 1266 3617 esse,
1304 3568 1487 3607 veram
1511 3568 1731 3610 carnem

172 3639 217 3682 et
252 3647 424 3690 verum
477 3638 802 3707 sanguinem
851 3641 1061 3696 Domini
1107 3644 1277 3698 nostri
1322 3643 1449 3701 Jesu
1494 3646 1729 3713 Christi,

173 3736 304 3790 quem
327 3737 380 3782 et
408 3743 519 3783 nos
563 3731 863 3801 accipimus
892 3734 946 3789 in
977 3735 1353 3792 remissionem
1385 3750 1731 3810 peccatorum

174 3826 452 3877 nostrorum
476 3862 495 3887 ,
534 3821 586 3877 in
618 3838 768 3893 spem
806 3825 998 3882 salutis
1023 3838 1269 3894 aeternas,
1307 3850 1325 3884 ι
1356 3832 1460 3886 erit
1489 3832 1735 3890 fortassis

173 3918 259 3993 nou
281 3923 462 3978 nemo,
488 3910 621 3981 qui,
654 3928 778 3969 eum
806 3914 892 3969 his
930 3915 1110 3973 verbis
1152 3918 1429 3986 doctrina,
1458 3920 1733 3993 Berenga-

176 3992 313 4051 naua:
340 4014 369 4053 e
395 4000 672 4057 diametro
702 4006 981 4074 opposita,
1016 4008 1380 4077 contineatur,
1414 3992 1733 4081 argumento

173 4084 310 4140 etiam
337 4088 387 4144 id
411 4106 541 4146 esse
567 4092 731 4160 velit,
759 4096 860 4150 sub
886 4096 1215 4169 Bereugario
1241 4098 1473 4157 Turonis
1496 4103 1733 4172 philoso-

175 4174 288 4237 illum
304 4178 566 4239 Sanctum
584 4186 883 4254 studuisse,
902 4198 1085 4258 utpote
1115 4191 1205 4261 qui
1235 4192 1448 4249 emissae
1464 4209 1493 4247 a
1524 4210 1583 4249 se
1608 4195 1728 4249 fidei

174 4267 466 4328 professioni
492 4276 660 4330 verba
688 4276 777 4330 illa
806 4279 1203 4337 incluseritnon
1225 4283 1384 4339 a'iam
1400 4285 1469 4340 ob
1486 4299 1728 4351 causam,

174 4369 309 4421 quam
339 4374 393 4416 ut
424 4364 464 4417 Β
507 4367 842 4437 rengarianm
884 4371 1343 4443 qualemcunque,
1394 4375 1479 4430 cui
1527 4376 1731 4431 idcirco

1836 3179 1995 3234 binos
2029 3178 2324 3235 vehiculos
2354 3182 2738 3237 considerarit.

1909 3272 1997 3326 70.
2040 3272 2116 3327 Ita
2145 3272 2344 3343 quippe
2367 3280 2633 3342 patescet,
2661 3289 2760 3345 per
2789 3292 2808 3326 ι
2845 3290 3112 3342 errorem,
3148 3297 3165 3331 ι
3196 3279 3415 3349 quidem

1838 3364 1889 3418 in
1921 3363 2072 3420 hisce
2102 3378 2209 3418 non
2254 3379 2505 3420 errorem
2530 3374 2720 3419 contra
2763 3365 2958 3434 fidem,
3000 3368 3085 3423 cui
3130 3369 3419 3440 aliquando

1838 3453 2072 3510 Sanctus
2119 3456 2441 3521 adhmscrit,
2494 3457 2589 3511 sed
2642 3458 2897 3528 profanas
2945 3461 3237 3528 scientias,
3281 3478 3419 3533 quas

1838 3548 2027 3603 sedqu
2058 3563 2365 3618 magnaque
2393 3565 2517 3605 cum
2551 3551 2710 3607 laude
2738 3554 2913 3623 primo
2946 3554 3190 3610 coluerat
3219 3558 3416 3612 docue-

1839 3649 2061 3710 ratque,
2092 3656 2188 3710 per
2216 3660 2237 3717 t
2271 3641 2573 3697 doctrinam
2610 3663 2626 3694 ι
2659 3652 2839 3700 autem
2867 3665 2885 3697 ι
2922 3648 3225 3714 meliorem,
3256 3668 3275 3702 ι
3308 3666 3415 3706 non

1837 3734 1999 3789 ullam
2024 3734 2252 3789 sincera:
2280 3749 2527 3805 versaque
2557 3734 2679 3791 fidei
2712 3737 2936 3809 dogma,
2982 3741 3066 3794 cui
3116 3742 3418 3814 aliquando

1837 3827 2001 3883 fuerit
2053 3828 2413 3893 adversatus,
2468 3828 2563 3882 sed
2615 3828 2852 3883 divinam
2916 3831 3222 3901 Evangelii,
3272 3849 3416 3904 qua,

1838 3928 2024 3990 postea
2062 3918 2261 3974 saeculo
2292 3920 2545 3985 deserto,
2586 3920 2638 3974 in
2672 3937 2913 3977 ercmum
2963 3926 3212 3993 secessit,
3251 3935 3422 3980 terre—

1840 4026 2016 4082 naque
2061 4027 2161 4067 suo
2210 4013 2460 4083 exemplo
2508 4013 2784 4082 despicere
2822 4029 2886 4068 ac
2935 4015 3180 4071 coeles:ia
3223 4018 3418 4071 sectari

1838 4102 1973 4156 alios
1999 4102 2214 4170 docuit,
2268 4103 2661 4159 institutionem
2710 4105 2908 4159 debere
2938 4106 3188 4177 intelligi.
3221 4106 3290 4162 Ut
3319 4109 3416 4164 hac

1836 4206 1902 4246 eo
1928 4200 2093 4262 queat
2132 4193 2466 4261 deprehendi
2498 4193 2729 4257 facilius,
2760 4195 3055 4249 versiculos
3080 4195 3182 4252 huc
3218 4195 3413 4249 facien—

1839 4294 1953 4349 tes,
2007 4292 2117 4339 tam
2167 4286 2258 4354 qui
2307 4295 2737 4355 consequuntur,
2789 4302 2948 4354 quam
2985 4289 3074 4356 qui
3109 4289 3419 4357 prmcedunt

1835 4373 1993 4430 binos
2045 4376 2333 4438 recitatos,
2386 4377 2491 4431 huc
2542 4376 2868 4430 t:anscribo.
2923 4375 3295 4433 Praccedentes
3363 4381 3419 4435 hi

173 4448 412 4508 obnoxius
437 4468 563 4508 esse
596 4464 844 4524 poterat,
870 4458 1233 4528 suspicionem
1260 4461 1533 4520 haereseos
1556 4482 1585 4520 a
1610 4481 1732 4521 sese
1768 4489 1810 4542 ι)
1836 4476 1961 4520 sunt
1994 4484 2008 4520 :
3376 4472 3381 4477 ’

175 4541 491 4599 amoliretur.

233 4630 313 4685 ω.
349 4633 416 4688 Et
450 4649 581 4688 vero
609 4634 731 4700 fuit,
764 4651 887 4692 eum
916 4646 971 4694 et
996 4654 1123 4709 ego,
1154 4642 1309 4712 argui
1337 4642 1459 4698 inde
1489 4658 1590 4713 pro
1619 4645 1735 4714 phi-

176 4717 426 4790 losophia,
485 4740 515 4778 a
549 4724 754 4782 Sancto
801 4728 901 4782 sub
949 4727 1279 4801 Berengario
1318 4735 1498 4789 audita
1536 4752 1693 4806 posse
1719 4775 1734 4800 ,

178 4808 485 4879 arbitrarer;
535 4825 651 4877 ast,
696 4831 753 4870 re
791 4817 1031 4886 peuitius
1078 4824 1414 4889 examinata,
1463 4827 1734 4896 comperi,

180 4911 361 4954 morem
394 4904 543 4958 hunc
566 4914 690 4974 post
719 4905 1174 4977 Berengarianam
1212 4912 1459 4968 hazresim
1489 4925 1736 4971 exortam

180 4987 253 5076 diu
281 4992 625 5050 observatum
656 4995 855 5064 fuisse,
895 5008 955 5055 ut
988 5000 1261 5057 doctiores
1304 5003 1737 5076 illustrioresque

180 5075 277 5136 fere
300 5086 426 5150 viri,
460 5102 586 5142 cum
635 5090 794 5144 morti
842 5099 1027 5146 essent
1074 5094 1337 5162 proximi,
1373 5094 1499 5150 ﬁdei
1529 5075 1739 5167 profes-
1825 5106 1831 5113 '

180 5172 364 5233 sionem
394 5182 730 5247 emitterent,
758 5199 864 5253 qua
894 5191 1006 5238 tum
1034 5183 1137 5239 alia
1162 5185 1284 5241 fidei
1309 5186 1592 5259 dogmata,
1625 5198 1737 5244 tum

181 5274 448 5345 pracipue,
480 5293 600 5347 qum
625 5277 694 5333 ad
719 5279 1147 5336 sacratissimum
1181 5282 1525 5339 eucharistize
1556 5299 1739 5340 sacra-

182 5373 401 5419 mentum
417 5367 714 5436 pertinent,
729 5368 1134 5438 proﬂterentur.
1151 5372 1229 5426 Ac
1252 5372 1502 5445 inprimis
1518 5375 1736 5445 quidem

180 5457 391 5525 exempli
418 5458 534 5515 loco
554 5460 626 5515 sit
645 5458 961 5527 Gervasius,
977 5461 1258 5520 Remensis
1273 5465 1736 5539 archiepiscopus,

184 5551 307 5595 anno
325 5544 457 5598 l06'l
481 5548 586 5602 vita
604 5546 952 5621 functus,qui
968 5566 1091 5606 cum
1107 5554 1401 5611 moriturus
1421 5568 1587 5625 esset,
1613 5560 1736 5616 fidei

185 5635 551 5697 professionem
585 5658 690 5697 non
722 5643 946 5698 multum
981 5645 1049 5699 ab
1092 5646 1288 5701 emissa
1332 5663 1429 5717 per
1471 5650 1734 5708 Sanctum

184 5736 425 5783 Quantum
455 5732 517 5784 ad
542 5733 876 5789 reconditum
906 5734 970 5788 de
995 5735 1321 5792 eucharistia
1340 5737 1534 5811 dogma
1552 5742 1733 5799 diver-

1916 4555 2042 4613 Plus
2068 4574 2225 4628 quam
2257 4558 2493 4612 Maronis
2519 4557 2772 4612 laudatur
2810 4559 2990 4629 lingua
3017 4559 3282 4616 Brunonis

1911 4646 2094 4702 Gloria
2126 4647 2367 4702 Platonis
2392 4648 2584 4703 vilescit
2607 4648 2763 4703 laude
2785 4650 3072 4705 Brunonis.

1912 4736 2016 4791 Hic
2044 4738 2373 4808 pra’cellebat
2407 4739 2738 4805 doctoribus,
2763 4743 2848 4796 hic
2873 4744 3099 4814 faciebat

1911 4827 2157 4885 Summas
2184 4830 2422 4886 doctores
2440 4872 2453 4896 ,
2480 4847 2582 4886 non
2610 4834 2929 4889 instituendo
2954 4838 3200 4894 minores.

1911 4919 2110 4975 Doctor
2131 4922 2405 4976 doctorum
2428 4923 2529 4993 fuit
2560 4923 2665 4990 hic,
2693 4942 2795 4979 non
2818 4927 3206 4987 clericulorum.

1914 5007 2057 5063 Nam
2082 5028 2173 5065 nec
2194 5012 2487 5068 honestates
2521 5015 2791 5069 verborum
2814 5056 2831 5084 ,
2858 5034 2948 5072 nec
2973 5021 3252 5090 gravitales

1912 5101 2150 5173 Sumpsit
2180 5102 2445 5161 Brunonis
2468 5147 2483 5172 ,
2512 5106 2615 5161 nisi
2647 5109 2725 5162 vir
2758 5126 2962 5180 magna:
3004 5114 3239 5168 rationis.

1910 5192 2087 5248 Rectio
2109 5196 2378 5266 prudentis
2400 5199 2677 5269 superabat
2710 5203 2957 5256 acumina
2988 5206 3173 5258 utentis
3189 5222 3210 5269 ;

1910 5283 1981 5341 Ut
2003 5286 2433 5342 documentorum
2454 5290 2636 5346 doctor
2664 5294 2792 5347 satis
2819 5294 3018 5348 exstitit
3045 5296 3251 5348 Iterum.

1912 5377 2014 5432 Hic
2032 5377 2149 5449 plus
2182 5380 2461 5451 perfectam
2492 5385 2650 5441 roluit
2690 5405 2992 5459 prwponere
3020 5398 3215 5442 sectam

1913 5469 2137 5525 Nuntiat
2164 5474 2420 5544 egregiam
2452 5477 2627 5532 divina
2653 5480 2885 5533 docendo
2910 5464 3169 5551 laetitiam,

1913 5561 2197 5636 Primaque
2220 5572 2476 5626 destruxit
2507 5581 2555 5626 et
2582 5582 2825 5644 tanquarr
2860 5570 3047 5648 frivola
3064 5577 3219 5636 duxit
3238 5618 3251 5633 .

1912 5657 1999 5712 Ἠ.
2042 5657 2448 5731 Consequentes
2477 5681 2603 5721 vero
2632 5667 2717 5733 isti
2752 5685 2767 5720 :

1914 5750 2013 5805 Sed
2046 5751 2119 5806 nil
2149 5755 2415 5810 mundana
2448 5758 2701 5813 scurrilia
2730 5758 2817 5814 dat
2860 5760 2959 5814 nisi
2982 5776 3153 5826 rana;

3403 5074 3417 5147 ἦ
