4016 6310
405 344 474 397 Π
1212 337 1267 391 S.
1312 335 1655 391 BRUNOKIS
1694 325 2333 389 C.-\l‘tTlil.'S'..\.\'Oltl$Il
2371 322 2852 379 INSTITUTORIS
3590 320 3661 375 68

480 456 607 509 ilice
629 454 754 525 facit
790 452 951 506 elatas
980 466 1166 521 pompa
1190 490 1204 514 ,
1239 450 1364 518 facit
1404 450 1498 502 illa
1527 448 1726 502 beatos.

478 544 661 598 Factis
688 542 1004 611 complebat,
1036 542 1300 610 operando
1330 541 1467 610 quod
1492 556 1580 594 ore
1608 541 1827 593 docebat
1854 554 1871 591 :

484 637 674 692 Multos
701 651 961 693 sermones
982 635 1203 702 faciebat
1229 650 1319 702 per
1346 634 1600 702 regiones.

485 725 673 782 Urbem
706 724 939 779 transicit
971 723 1189 778 Romam
1233 722 1586 791 Calabrosque
1613 719 1809 790 petivit.

482 819 728 888 Scriptor
747 832 1070 887 anonymus,
1094 815 1183 884 qui
1207 814 1518 868 Tractatum
1542 812 1607 865 de
1631 810 1689 864 S.
1714 810 1985 870 Drunone,

414 926 441 960 a
482 907 860 963 Carthusianis
911 904 1181 973 lmjatibus
1231 918 1440 957 meeum
1491 898 1989 961 communicatum,

416 998 754 1066 composuit,
804 997 963 1051 aliter
1012 995 1253 1050 nonnihil
1283 1036 1294 1055 .
1342 1009 1447 1064 quo
1495 991 1751 1043 Sanctum
1784 988 1990 1042 et'roris

419 1090 470 1142 iu
539 1088 644 1142 fide
712 1088 1024 1155 suspicione
1114 1087 1325 1149 llei'Cl,
1408 1080 1614 1135 titulum
1685 1078 1990 1141 funebrem,

420 1178 464 1229 ei
495 1175 562 1228 ab
586 1176 813 1231 ecclesia
842 1175 1216 1247 Andegavensi
1241 1182 1549 1235 sacratum,
1583 1170 1990 1240 interpretatur.

420 1268 492 1320 De
515 1267 675 1337 hujus
705 1267 846 1321 enim
875 1276 1094 1321 auctore
1114 1264 1303 1318 num.7
1330 1263 1403 1316 ita
1418 1262 1765 1330 pronuntiat:
1802 1283 1819 1313 ι
1862 1263 1993 1317 Bru-

419 1373 614 1411 uonem
652 1359 884 1427 primum
916 1358 1132 1416 laudat,
1163 1352 1305 1422 quod
1340 1352 1733 1407 celebrioribus
1761 1352 1994 1408 doctori-

415 1446 517 1501 bus
561 1450 708 1501 omni
755 1447 977 1502 scientia
1023 1444 1248 1514 profana
1296 1453 1378 1514 (ut
1426 1453 1552 1500 sunt
1598 1444 1950 1513 grammatica
1979 1484 1994 1507 ,

416 1537 700 1593 dialectica
725 1547 780 1593 et
801 1537 916 1591 aliae
941 1535 1227 1604 ejusmodi)
1249 1534 1588 1590 excelluerit.
1618 1535 1824 1590 Deinde
1844 1535 1996 1588 illum

419 1626 608 1695 majori
639 1626 793 1680 laude
823 1625 1043 1694 dignum
1074 1626 1341 1687 ostendit,
1374 1627 1515 1695 quol
1548 1645 1565 1676 ι
1603 1625 1688 1679 his
1725 1624 1844 1694 plus
1875 1640 1999 1694 per-

420 1737 437 1768 ι
478 1718 673 1773 fectam
702 1715 869 1770 voluit
914 1732 1226 1785 praeponere
1260 1726 1462 1771 sectam
1484 1757 1499 1781 ,
1538 1736 1555 1769 ι
1591 1716 1640 1769 id
1676 1725 1789 1778 est,
1820 1716 1993 1770 scieno

418 1808 579 1868 tiam,
611 1803 862 1861 videlicet
889 1805 1240 1875 theologiam,
1271 1816 1328 1860 ut
1353 1806 1601 1875 sequenti
1634 1821 1790 1860 versu
1819 1806 1989 1875 expli-

413 1906 501 1951 cat
529 1915 546 1964 ;
586 1916 604 1949 ι
637 1896 867 1952 Nunciat
892 1898 1163 1966 egregiam
1186 1897 1365 1951 divina
1401 1897 1642 1952 docendo
1673 1898 1940 1967 sophiam.
1972 1916 1991 1949 ι

414 1987 656 2054 Idcirco,
688 1986 778 2055 qui
809 1987 916 2042 dux
967 1986 1171 2041 erroris
1204 1989 1351 2056 prius
1382 1986 1553 2042 fuerat
1577 2025 1597 2052 ,
1646 2002 1750 2040 non
1779 1987 1998 2056 quidem

413 2076 562 2132 falsa:
592 2078 851 2132 doctrinae
873 2117 886 2140 ,
919 2078 1011 2131 sed
1042 2076 1298 2146 peritura:
1325 2086 1381 2131 et
1409 2077 1692 2131 muntlanze
1723 2077 1996 2144 scientiae,

415 2178 469 2222 ut
500 2177 688 2238 postea
715 2167 995 2232 dicit,sive
1017 2166 1392 2238 philosophiae,
1413 2183 1577 2237 quam
1611 2168 1761 2221 multi
1791 2166 2000 2232 Sancti,

418 2268 696 2329 tamquam
723 2274 841 2328 qua:
870 2259 1000 2313 nihil
1031 2269 1125 2313 aut
1162 2259 1430 2315 modicum
1458 2260 1526 2313 ad
1563 2258 1789 2313 salutem
1826 2259 1963 2313 valet
1983 2301 1998 2325 ,

415 2358 897 2419 contempserunt,
957 2368 974 2401 ι
1012 2350 1335 2404 monstravit
1381 2350 1486 2404 iter
1531 2350 1770 2405 melioris
1819 2360 2023 2419 postea.

422 2460 439 2490 ι
477 2441 740 2496 doctrinae
773 2460 791 2493 ι
844 2441 957 2496 sive
987 2441 1362 2496 conciouando
1389 2442 1537 2511 (nam
1579 2461 1597 2493 ι
1636 2442 1835 2496 multos
1880 2458 2000 2498 ser-

421 2548 439 2580 ι
476 2547 663 2586 mones
692 2531 927 2589 faciebat
970 2547 1067 2602 per
1109 2533 1356 2603 regiones
1391 2533 1449 2603 ι)
1498 2533 1613 2588 sive
1664 2534 1909 2590 docendo
1937 2550 2001 2591 ac

417 2637 635 2678 sacram
667 2622 1007 2693 Scripturam
1037 2624 1315 2693 discipulis
1341 2625 1452 2680 suis
1476 2625 1914 2695 interpretando,
1943 2636 2003 2681 ut

419 2716 717 2770 canonicos
763 2714 1043 2771 Niolenses
1091 2717 1339 2786 superius
1388 2716 1695 2772 declarasse
1742 2718 2000 2785 vidimus,

419 2818 541 2857 cum
569 2819 691 2858 enni
725 2805 980 2860 dixerunt
1011 2806 1209 2859 dudum
1240 2807 1482 2862 ecclesia:
1530 2806 1819 2862 Bernensis
1853 2824 2000 2862 sunt-

422 2910 567 2949 nium
619 2895 983 2961 didascalum,
1040 2907 1226 2965 utpote
1282 2898 1332 2952 in
1383 2898 1642 2968 psalterio
1689 2909 1743 2954 et
1788 2900 2001 2957 exactis

422 2986 662 3041 scientiis
686 2986 1189 3042 luculentissimum.
1237 3009 1256 3043 ι

493 3078 581 3131 72.
625 3078 697 3132 Ita
747 3079 834 3133 ille
881 3097 893 3132 :
942 3088 995 3134 et
1042 3094 1175 3135 sane
1240 3080 1643 3151 interpretatio,
1695 3047 1857 3153 quam
1912 3083 2072 3170 hicC

424 3170 685 3240 suggerit,
735 3170 909 3225 aliave
958 3170 1186 3236 similis,
1224 3172 1269 3227 si
1315 3188 1477 3242 supra
1508 3189 1540 3227 a
1570 3190 1656 3229 me
1685 3176 1960 3245 assignata
1984 3215 1998 3240 ,

424 3277 544 3331 qua:
576 3272 753 3316 tamen
782 3271 1039 3331 praestare
1061 3263 1292 3329 videtur,
1335 3265 1521 3318 forsan
1554 3264 1868 3335 displiceat,
1910 3280 2006 3320 ne-

425 3354 668 3409 cessario
698 3354 856 3409 debet
884 3354 1123 3420 admitti,
1166 3372 1288 3410 cum
1310 3396 1325 3421 ,
1356 3355 1618 3411 Sanctum
1646 3372 1675 3410 a
1711 3357 1813 3411 fide
1845 3374 2002 3411 num-

425 3460 587 3513 quam
652 3446 932 3500 aberrasse
965 3456 1169 3500 certum
1200 3447 1269 3501 sit
1294 3462 1323 3502 e
1347 3448 1512 3502 variis
1540 3448 1660 3503 aliis
1690 3447 2004 3505 funebribus

434 3535 551 3602 tjrs
589 3534 788 3601 titulis,
822 3535 873 3590 in
899 3535 1092 3606 quibus
1117 3535 1275 3590 fidem
1305 3553 1520 3608 semper
1548 3553 1735 3593 sanam
1771 3555 1834 3594 ac
1864 3540 2004 3596 inte-

428 3639 576 3692 grain
601 3625 1081 3689 servasse,diserte
1107 3626 1341 3681 traditur
1364 3639 1453 3683 aut
1476 3638 1625 3683 certe
1648 3645 1754 3683 non
1778 3634 2007 3687 obscure

431 3716 716 3769 iudicatur.
748 3716 818 3772 Ut
849 3717 1085 3792 reliquos
1107 3718 1389 3775 brevitatis
1409 3736 1540 3791 ergo
1568 3722 1762 3777 missos
1786 3722 2004 3791 faciam,

430 3822 594 3861 unum
628 3807 936 3875 dumtaxat,
969 3813 1286 3881 vigesimum
1320 3830 1512 3883 nempe
1539 3824 1593 3870 et
1626 3820 2005 3885 centesimum,

432 3901 483 3953 in
514 3916 620 3969 quo
650 3900 699 3955 id
732 3905 1043 3974 expressius
1068 3904 1392 3969 declaratur,
1420 3909 1471 3959 in
1502 3907 1737 3961 medimu
1765 3910 2000 3967 adduco.

430 3987 486 4039 lu
537 3989 636 4043 hoc
688 3991 869 4059 itaque
916 3993 1167 4047 monachi
1203 3993 1259 4047 S.
1292 3993 1581 4048 Audomari
1613 3996 1693 4051 sic
1738 3995 2007 4053 Sanctum

430 4074 756 4142 compellant
792 4094 804 4130 :

502 4164 643 4237 Ergo
677 4184 794 4222 vera
820 4168 947 4237 ﬁdes
970 4211 987 4237 ,
1016 4188 1172 4241 quant
1200 4181 1255 4224 tu
1285 4188 1486 4241 semper
1501 4150 1717 4228 coluisti
1737 4215 1752 4239 ,

504 4256 573 4311 Te
603 4260 775 4313 trahat
818 4263 886 4313 ad
914 4261 1110 4315 Christi
1142 4263 1402 4333 requiem,
1424 4280 1581 4333 quam
1616 4264 1793 4321 Bruno
1814 4269 2004 4337 petisti.

429 4349 680 4404 Ceterum
714 4350 827 4405 haec
856 4361 965 4405 tam
989 4354 1057 4407 de
1086 4367 1272 4408 errore
1306 4354 1357 4407 in
1391 4354 1525 4418 fide,
1549 4353 1702 4423 cujus
1725 4368 2008 4427 suspectus

2010 447 2055 501 Α
2086 440 2418 507 excepisset,
2450 438 2692 492 facturus
2725 437 2893 491 fuisse
2927 438 3157 501 videtur,
3189 447 3371 507 utpote
3398 439 3657 492 usitatum

2090 539 2251 584 (etate
2277 546 2372 583 sua
2399 545 2626 596 morem,
2649 544 2757 598 quo
2778 528 3065 599 encyclicm
3094 529 3394 597 bujusutodi
3423 528 3665 598 epistola:

2092 624 2158 676 ad
2188 622 2453 677 ecclesias
2481 623 2780 692 prreeipue,
2828 620 3022 689 quibus
3063 621 3351 677 defunctus
3381 633 3474 675 aut
3507 631 3666 675 notus

2092 722 2266 777 esset,
2320 721 2411 767 aut
2448 713 2637 767 saltem
2690 721 2850 766 notus
2879 726 3026 775 esse,
3059 721 3502 781 prtesumeretur,
3531 712 3672 767 soleo

2092 808 2222 861 bant
2261 808 2492 870 deferri,
2533 805 2941 860 verosimillime
2972 815 3208 860 secutus.

2161 901 2250 956 73.
2293 901 2398 963 Ita,
2447 901 2538 970 qui
2571 909 2771 953 nostra;
2795 897 2862 952 de
2887 898 3071 952 audito
3101 899 3334 953 Turonis
3362 914 3390 952 a
3419 899 3675 953 Brunone

2096 993 2148 1046 in
2195 990 2537 1062 philosophia
2603 988 2933 1057 Berengario
2985 990 3225 1059 opinioni
3289 989 3673 1051 adversantur,

2097 1091 2325 1152 possunt
2374 1095 2622 1149 arguere.
2660 1079 2861 1134 Verum
2903 1093 3009 1133 non
3056 1093 3248 1134 omnes
3291 1078 3680 1134 verosimiliter

2098 1172 2359 1226 funebres
2407 1170 2594 1224 Sancti
2648 1169 2787 1223 tituli
2835 1170 2926 1225 uni
2975 1170 3259 1238 eidemque
3317 1169 3527 1232 retulo,
3584 1169 3677 1238 qui

2096 1261 2423 1333 ent-yclieam
2454 1261 2563 1330 (adi
2611 1276 2764 1315 num.
2788 1260 2862 1314 25
2888 1270 2940 1315 et
2980 1260 3119 1315 infra
3168 1261 3219 1313 in
3252 1261 3390 1314 hanc
3420 1260 3681 1331 notanda)

2097 1354 2163 1406 de
2190 1351 2376 1407 Sancti
2421 1350 2572 1406 obitu
2599 1350 2882 1420 epistolam
2901 1390 2916 1415 ,
2946 1366 2976 1403 a
3002 1350 3363 1406 Carthusiano
3388 1349 3685 1405 Calabrino

2101 1443 2476 1496 circuinlatam
2496 1481 2509 1507 ,
2542 1441 2834 1511 pluresque
2865 1450 3015 1495 certe
3044 1441 3111 1493 ad
3142 1441 3281 1494 hanc
3307 1440 3685 1508 responset-ias

2098 1549 2192 1587 seu
2230 1534 2411 1589 titulos
2440 1533 2699 1589 funebres
2718 1533 3201 1603 comp‘ectebatur,
3229 1531 3379 1586 fuere
3409 1530 3681 1600 inscripti,

2100 1628 2410 1697 chartteque
2440 1634 2734 1697 separata},
2768 1625 2821 1678 in
2853 1641 2993 1695 quas
3017 1625 3223 1693 aliquot
3248 1639 3315 1679 ex
3358 1625 3508 1679 hisce
3535 1638 3686 1677 vero-

2100 1720 2350 1774 similiter
2381 1718 2581 1774 fuerint
2606 1716 2869 1785 eonjecti,
2902 1718 3162 1786 temporis
3207 1716 3399 1784 injuria
3450 1715 3681 1769 interire

2108 1809 2266 1863 facile
2295 1817 2600 1879 potuerunt.
2650 1806 2789 1873 Quid
2817 1806 2862 1860 si
2893 1822 3024 1875 ergo
3052 1806 3101 1859 id
3132 1806 3198 1860 de
3243 1805 3399 1860 titulo
3436 1803 3689 1868 funebri,

2104 1916 2213 1970 quo
2241 1901 2476 1956 ecclesia
2508 1898 2842 1953 Turonensis
2872 1896 3077 1952 Sancto
3102 1897 3445 1967 parentavit,
3479 1896 3685 1950 factum

2105 1991 2405 2046 fueritYAd
2443 1991 2557 2045 lucc
2592 1988 2895 2044 Cirthusite
2940 1987 3241 2043 Calabrinte
3280 1988 3564 2054 alumnus,
3591 1986 3690 2057 qui

2103 2084 2387 2153 epistolam
2421 2080 2777 2151 encyclicam,
2805 2079 2994 2133 mortis
3025 2078 3082 2132 S.
3116 2077 3385 2133 Brunonis
3412 2077 3686 2140 nuntiam,

2106 2177 2466 2241 circumtulit,
2516 2176 2655 2230 forte
2689 2175 2851 2228 etiam
2898 2178 3003 2227 non’
3044 2186 3261 2235 omnes,
3291 2172 3487 2241 quibus
3534 2172 3579 2223 is
3631 2169 3693 2223 in

2104 2271 2242 2326 vivis
2287 2277 2561 2339 superstes
2600 2275 2759 2320 notus
2806 2264 3013 2329 fuerat,
3061 2262 3319 2318 ecclesias
3368 2261 3597 2324 adierit,
3653 2274 3690 2313 ιι

2105 2380 2255 2417 more
2290 2362 2448 2416 solito
2477 2360 2547 2414 ob
2571 2372 2793 2422 causas,
2822 2372 2943 2425 qua:
2992 2371 3095 2409 uos
3138 2354 3336 2417 latent,
3367 2351 3686 2407 deﬂectens.

2107 2457 2177 2512 Ut
2204 2466 2260 2509 ut
2296 2455 2369 2509 sit
2388 2496 2401 2517 ,
2430 2468 2497 2507 ex
2528 2466 2595 2506 eo
2624 2451 2872 2520 equidem
2896 2487 2912 2513 ,
2940 2450 3081 2517 quod
3111 2447 3252 2501 inter
3282 2444 3468 2501 titulos
3497 2446 3687 2498 Sancti

2106 2551 2358 2605 funebres
2417 2546 2594 2601 nullus
2627 2544 2886 2606 omnino,
2933 2542 3179 2597 ecclesia:
3223 2541 3555 2596 Turonensis
3589 2556 3689 2594 ito-

2106 2645 2251 2699 mine
2295 2640 2588 2711 insignitus
2608 2679 2622 2703 ,
2666 2644 2920 2692 occurrat
2940 2676 2954 2700 ,
2985 2649 3320 2705 consequens
3351 2649 3456 2687 non
3484 2643 3593 2695 est,
3628 2642 3689 2687 ut

2104 2735 2188 2790 vel
2213 2735 2390 2788 Bruno
2413 2730 2556 2785 Ture
2598 2730 2642 2784 is
2671 2736 2831 2783 notus
2861 2741 2966 2781 non
2999 2727 3181 2790 fuerit,
3215 2723 3297 2778 vel
3329 2723 3683 2794 philosophia.-

2103 2841 2319 2897 Operam
2388 2839 2492 2878 non
2539 2822 2766 2876 dederit.
2814 2819 3024 2889 Ambigi
3077 2818 3222 2873 enim
3269 2815 3413 2870 nulla
3470 2816 3687 2870 ratione

2103 2926 2279 2987 potest
2299 2957 2313 2981 ,
2341 2916 2470 2984 quin
2506 2914 2740 2966 Sanctus
2773 2909 3012 2965 Coloniae
3041 2908 3346 2978 Agrippinae
3365 2946 3382 2972 ,
3412 2914 3597 2974 utpote
3628 2905 3689 2957 in

2103 3025 2207 3080 qua
2238 3008 2454 3063 civitate
2476 3012 2638 3060 natus
2661 3019 2723 3057 ac
2747 3015 2936 3070 magna
2962 3014 3023 3053 ex
3051 3007 3205 3067 parte
3228 2998 3488 3052 educatus
3516 3004 3690 3059 esset,

2105 3100 2420 3155 notissimus
2445 3094 2744 3158 exstiterit,
2775 3107 2825 3146 ης
2845 3106 2875 3146 e
2907 3101 3084 3144 tamen
3121 3089 3262 3143 inter
3290 3088 3544 3143 funebres
3566 3088 3694 3157 ejus

2109 3191 2287 3246 titulos
2322 3189 2461 3245 ullus
2488 3196 2598 3249 est,
2635 3185 2726 3254 qui
2773 3182 3015 3238 ectlesite
3052 3180 3421 3243 Coloniensis,
3458 3194 3489 3235 s
3520 3195 3557 3233 ιι
3586 3195 3685 3232 ca~

2109 3280 2365 3337 tbedralis
2394 3293 2487 3333 seu
2511 3276 2808 3346 collegiate:
2841 3274 2901 3329 S.
2928 3273 3205 3328 Citaiberti
3227 3312 3239 3336 ,
3276 3271 3328 3326 iu
3357 3286 3464 3341 qua
3499 3282 3686 3325 tamen

2107 3372 2339 3426 Sanctus
2362 3367 2677 3422 canonicum
2703 3372 2910 3435 egerat,
2934 3379 3126 3417 nomen
3150 3363 3433 3432 praeferat;
3465 3371 3522 3414 ut
3552 3377 3697 3415 sane

2106 3480 2172 3518 ex
2200 3460 2538 3522 dimculta'e,
2569 3473 2688 3527 qua:
2718 3457 2876 3510 inodo
2916 3457 3186 3525 proposita
3213 3464 3335 3523 est,
3370 3470 3476 3511 non
3526 3454 3687 3511 infir-

2110 3566 2287 3611 metur
2309 3552 2529 3623 opinio,
2579 3564 2683 3618 qua
2718 3547 2977 3607 Sanctum
3020 3548 3241 3605 Turonis
3282 3547 3691 3621 philosophiam

2109 3646 2208 3700 sub
2240 3640 2564 3711 Bercngario
2592 3636 2852 3695 didicisse
2877 3639 3228 3695 arbitramur.
3262 3639 3400 3693 llinc
3444 3652 3606 3706 porro
3630 3645 3694 3690 et

2108 3753 2175 3790 ex
2220 3736 2342 3790 aliis
2384 3733 2711 3803 supradictis
2759 3733 3156 3787 consectarium
3190 3739 3302 3795 est,
3349 3739 3409 3785 ut
3450 3729 3697 3785 Sanctus

2110 3824 2541 3887 verosimillime,
2570 3838 2692 3878 cum
2718 3821 2827 3890 jam
2856 3823 3157 3878 octodecim
3202 3831 3347 3877 esset
3380 3838 3465 3875 an:
3489 3838 3646 3875 orum
3672 3861 3688 3885 ,

2109 3916 2331 3971 Parisiis
2355 3914 2591 3969 nondum
2614 3914 2935 3969 studuisset.
2952 3914 3084 3968 Cum
3107 3914 3694 3981 enim,dumquatuor-
3774 3908 3779 3911 ’

2110 4006 2283 4062 decim
2338 4006 2556 4060 circiter
2611 4011 2756 4071 esset
2806 4018 3066 4057 annorum
3121 4013 3215 4057 aut
3272 4004 3448 4058 adhuc
3477 4003 3691 4069 junior,

2110 4098 2318 4152 litteras
2375 4095 2755 4160 lmmaniorcs,
2812 4109 3043 4164 quarum
3094 4094 3398 4149 rudimenta
3447 4093 3697 4147 Coloniae

2110 4198 2395 4260 posuerat,
2424 4189 2609 4242 Remis
2638 4196 2954 4258 prosecutus
2988 4190 3093 4254 sit,
3122 4189 3313 4257 hisque
3348 4188 3544 4241 ibidem
3567 4188 3690 4257 jam

2112 4280 2346 4334 imbutus
2374 4279 2763 4349 philosophiam
2786 4278 3018 4334 Turonis
3046 4280 3232 4334 audire
3255 4279 3555 4349 inemperit,
3585 4294 3697 4335 nec

2110 4372 2485 4443 paucioribus,
2517 4386 2677 4441 quam
2704 4372 2863 4437 binis,
2894 4372 3052 4426 annis
3075 4372 3478 4428 verosimillime
3504 4373 3693 4427 absol-

433 4439 609 4494 Bruno
667 4441 833 4496 videri
882 4451 1078 4511 queat,
1131 4458 1290 4511 quam
1339 4443 1407 4499 de
1462 4444 1586 4499 fidei
1637 4445 1997 4516 professione,

2108 4465 2274 4527 verit,
2306 4480 2434 4533 quo,
2465 4479 2673 4534 quaso,
2698 4475 2941 4535 tempore
2970 4472 3095 4519 ante
3114 4464 3384 4533 expletum
3411 4465 3691 4519 decimum

432 4531 531 4586 sub
564 4532 687 4585 vita:
718 4532 1010 4586 terminum
1042 4533 1109 4587 ab
1137 4548 1202 4588 eo
1228 4534 1456 4601 emissa,
1490 4537 1651 4606 paulo
1682 4537 1852 4594 fusius
1881 4555 2001 4609 pro.

432 4621 585 4690 sequi
625 4621 713 4676 hic
743 4621 921 4685 libuit,
947 4632 1005 4675 ut
1029 4622 1329 4677 evidentius
1358 4635 1566 4693 pateat,
1600 4626 1730 4680 nihil
1763 4627 1884 4683 inde
1906 4644 2003 4698 pro

432 4710 723 4778 opinione,
756 4725 862 4780 qua
888 4710 1196 4781 Berengarii
1233 4712 1284 4766 in
1313 4713 1651 4785 philosophia
1685 4717 2001 4786 discipulum

435 4801 692 4856 Sanctum
726 4811 968 4858 nostrum
996 4801 1245 4869 facimus,
1271 4821 1430 4875 posse
1453 4806 1720 4860 concludi.
1744 4808 1917 4877 Atque
1938 4812 2002 4864 ad

434 4893 486 4945 id
509 4894 727 4960 quidem
753 4895 998 4949 veritatis
1016 4910 1172 4949 amor
1193 4912 1278 4951 me
1305 4912 1497 4965 compu
1523 4897 1581 4957 it.
1607 4912 1714 4965 quo
1744 4909 2002 4967 praeterea

433 4999 578 5039 nunc
627 4984 720 5049 fit,
754 4992 813 5039 ut
854 4988 1195 5041 committere
1234 5000 1341 5041 non
1387 4988 1619 5057 possim,
1664 4990 1793 5059 quin
1841 5006 2003 5046 nolim

433 5076 639 5142 adhuc,
672 5076 815 5146 quod
846 5078 1018 5132 eidem
1043 5079 1284 5144 Opinioni
1314 5090 1513 5135 nostra;
1541 5089 1813 5152 utcunque
1852 5082 2006 5137 obest

434 5179 526 5223 aut
551 5169 737 5224 saltem
761 5185 866 5224 non
897 5169 1059 5236 favet,
1085 5170 1271 5225 lectori
1298 5172 1454 5227 modo
1476 5172 1545 5227 ob
1574 5172 1761 5228 oculos
1788 5189 2003 5243 ponam.

434 5257 580 5315 Inter
614 5260 799 5313 titulos
848 5258 1035 5315 Sancti
1090 5259 1376 5328 funebres,
1424 5264 1513 5332 qui
1561 5279 1787 5319 numero
1826 5273 2005 5320 tamen
2034 5254 2051 5261 θ’

434 5346 537 5402 180
568 5346 681 5403 fere
710 5357 863 5413 sunt,
892 5349 1070 5403 nullus
1100 5353 1363 5414 occurrit,
1403 5367 1509 5422 quo
1556 5353 1604 5407 ei
1645 5353 1873 5408 ecclesia
1901 5353 2008 5407 Tuo

436 5440 687 5494 rouensis
716 5443 1046 5510 parentarit;
1077 5442 1215 5499 unde
1244 5445 1412 5499 videri
1438 5453 1613 5514 potest
1634 5444 1878 5499 Turonas
1901 5459 2005 5497 non

435 5528 635 5584 adiisse
664 5529 965 5587 Carthusite
999 5534 1298 5589 Calabrinze
1335 5534 1614 5599 alumnus,
1646 5534 1735 5604 qui
1773 5534 2007 5606 encycli-

434 5630 552 5667 cam
596 5619 660 5671 de
699 5630 872 5675 morte
913 5622 969 5676 S.
1016 5622 1277 5678 Brunonis
1321 5623 1603 5693 epistolam
1650 5622 2005 5686 circumtulit,

436 5706 634 5777 quique
664 5718 842 5767 tamen
869 5713 951 5780 id,
998 5715 1043 5769 si
1070 5715 1315 5787 Turonis
1344 5714 1737 5787 philosophiam
1774 5713 2007 5771 Sanctus

2102 4562 2351 4607 octavum
2373 4553 2553 4607 aetatis
2570 4568 2681 4607 sua:
2704 4569 2906 4608 annum
2932 4552 3155 4608 Parisiis
3178 4554 3395 4608 studere
3417 4554 3696 4623 potuerit?

2102 4644 2389 4698 Att-autem
2440 4642 2634 4698 ibidem
2672 4658 2927 4712 umquam
2954 4654 3076 4714 post
3104 4655 3254 4700 certo
3283 4647 3550 4700 studuerit
3578 4656 3681 4702 aut

2105 4735 2265 4788 etiam
2295 4734 2570 4799 docuerit,
2602 4735 2826 4789 dicenda
2880 4737 3145 4803 aperient.

2108 4846 2134 4918 §
2176 4846 2267 4900 IV.
2308 4845 2424 4919 Quo
2449 4846 2675 4919 Sanctus
2700 4846 2922 4919 Turonis
2942 4889 2954 4907 .
2986 4846 3305 4919 Berengnrio
3337 4849 3543 4912 relicto,
3575 4869 3693 4905 sese

2176 4917 2489 4988 (_ontulerit,
2532 4916 2657 4988 quid
2697 4928 2806 4969 tum
2833 4918 3061 4985 primum
3100 4916 3288 4987 egerit.
3344 4922 3689 4988 quandonam

2178 4985 2353 5039 Remis
2400 4986 2583 5038 docere
2624 4987 2900 5057 inceperit,
2933 4996 2981 5039 et
3031 4985 3163 5057 quas
3207 4985 3396 5042 ibidem
3439 4993 3689 5045 scientias

2177 5057 2481 5117 tradiderit,
2512 5056 2791 5124 mtmiaque
2820 5056 3021 5110 abierit.

2178 5166 2265 5220 74.
2291 5167 2447 5221 Anno
2485 5165 2703 5219 circiter
2730 5164 2868 5221 1048
2889 5174 3142 5224 autcerte
3166 5185 3272 5224 non
3297 5173 3490 5235 serius,
3519 5188 3689 5241 quam

2109 5275 2250 5314 anno
2281 5258 2419 5313 1050
2462 5258 2727 5323 Turonis,
2767 5258 2957 5315 relicto
2986 5261 3347 5331 Bereugario,
3377 5266 3693 5321 excessisse

2111 5350 2170 5404 S.
2201 5350 2541 5414 Brunonem,
2566 5348 3032 5407 verosimillimum
3083 5368 3213 5407 sane
3259 5354 3530 5420 efficiunt,
3565 5372 3691 5424 quae

2112 5440 2139 5511 §
2172 5440 2499 5508 prrecedenti
2543 5440 2595 5493 in
2630 5439 2867 5494 medium
2910 5441 3132 5497 adduxi.
3173 5442 3367 5498 Verum
3418 5461 3523 5513 quo
3556 5455 3687 5500 tunc

2109 5542 2330 5587 sanctus
2387 5548 2507 5588 sese
2561 5532 2823 5589 contulit?
2885 5532 3231 5602 Parisiosne,
3306 5554 3373 5591 an
3447 5537 3691 5592 Remos?

2111 5625 2323 5679 1\nllum
2347 5625 2522 5694 plane,
2548 5641 2655 5694 quo
2677 5624 2998 5680 alterutrum
3026 5626 3394 5681 indubitanter
3414 5644 3681 5691 asseram,
3770 5634 3771 5637 ‘

2115 5731 2159 5769 ει
2188 5715 2356 5786 ppctit
2401 5724 2805 5771 monumentum
2839 5716 3140 5786 antiquum.
3170 5716 3276 5773 Pro
3325 5717 3542 5776 civitate
3575 5717 3682 5774 Re-
