1931 3155
134 193 167 220 ιο
896 225 901 236 Α

956 209 995 237 'A.
1729 223 1766 252 ER

83 266 90 271 .
132 249 215 280 mensi
234 256 335 285 tamen,
347 253 417 287 quod
433 255 459 283 in
473 256 523 284 hac
538 257 668 286 Sanctum
681 260 726 287 ditt
742 267 768 288 et
785 264 921 291 studuisse

131 299 157 320 et
182 297 325 331 tfocuisse,
352 300 378 325 itt
408 307 547 337 comperto
570 311 605 332 ex
631 304 754 334 dicendis
778 309 829 342 sit,
853 315 925 340 stare

131 340 232 368 malim.
248 341 419 373 Morlicusius
445 346 471 373 in
497 356 547 375 ms.
565 357 612 376 sua
629 350 925 391 Chrono‘ogicardiplo-

130 385 227 412 tnatica
253 386 288 414 de
316 387 345 415 S.
381 389 507 419 Bruuoue
539 393 661 422 Diatriba
684 396 710 423 in
739 405 771 425 ea
800 405 923 428 versatur

127 431 272 464 opinione,
286 441 338 467 qua
353 435 509 471 existimat,
529 438 658 467 Sanctum
674 443 777 471 ordinis
790 446 830 472 sui
846 446 922 475 insti-

127 479 244 502 tutorem
271 484 331 511 post
354 480 489 509 detectam
514 483 670 521 Bercngarii
692 488 816 518 haeresim
832 492 858 518 in
874 500 920 528 pa-

127 521 205 548 triam
221 522 362 551 Coloniam
379 528 554 563 Agrippinam
577 540 639 560 esse
661 542 817 569 reversum;
847 540 919 573 quod

125 574 189 593 sane
201 574 269 595 vero
286 576 397 604 apparet
416 581 468 601 non
493 576 632 610 absimile,
648 581 698 607 etsi
724 581 831 610 interim
846 585 919 613 nullo

123 612 227 643 pariter
245 619 328 647 queat
343 624 518 647 momtmento
531 626 575 649 sat
594 624 707 659 antiquo
727 627 847 661 probari.
864 630 917 658 Sed

121 655 186 688 quid
199 657 233 683 de
249 658 337 686 altero
357 667 464 690 asserto
485 665 645 700 dicendum,
659 677 712 703 quo
727 655 783 699 ium
799 674 915 706 primum

123 700 147 726 in
162 701 191 729 S.
218 702 360 733 Cuniberti
377 708 491 737 ecclesia
513 714 674 742 canonicum
689 722 812 746 creatum
832 720 916 749 fuisse

123 744 254 774 Sanctum
278 754 418 784 nostrum,
435 753 605 785 Morkensius
628 766 758 794 prieterea
782 763 915 794 afﬁrmat?

121 788 176 817 Nec
205 792 276 826 hoc,
303 795 342 822 uti
370 798 451 826 etiam
479 788 635 831 Brunoneui
661 810 724 835 tunc
757 808 856 838 ibidem
887 812 913 840 in

121 843 228 865 sacram
250 839 420 876 Scripturam
444 853 542 882 resque
559 849 724 887 theologicas
739 854 894 886 incubuisse
905 880 912 892 ,

122 889 185 910 tero
197 891 312 919 apparet
327 888 459 919 absintile.
472 892 549 926 Quod
561 896 582 923 si
595 896 703 925 interim
719 900 765 933 ita,
775 907 804 929 ut
816 888 910 937 potuit,

119 934 178 955 sese
194 930 279 957 etiam
295 933 384 968 teipsa
397 943 440 963 res
456 937 597 974 habuerit,
614 950 628 968 a
644 943 779 980 Manasse,
799 949 909 977 Remen-
930 938 950 964 Β

117 973 189 1000 sium
199 977 415 1015 archiepiscopo,
425 982 453 1010 S.
464 984 604 1015 Cuniberti
614 991 761 1020 canonicus
773 1002 805 1021 eo
819 1003 912 1031 scnsu,

117 1026 200 1051 quem
224 1029 301 1049 num.
324 1024 360 1051 55
383 1030 511 1063 exposui,
527 1034 616 1060 vocari
636 1035 751 1065 Sanctus
767 1040 849 1068 etiam
865 1050 909 1077 po-

773 1065 792 1066 ,,
865 1065 898 1077 μ

118 1065 219 1098 tuerit,
236 1070 361 1100 quamvis
376 1072 402 1099 in
414 1073 442 1102 S.
459 1074 600 1106 Cuniberti
617 1081 750 1116 ecclesia,
765 1091 910 1122 antequam

118 1108 142 1122 Ζ..
155 1109 271 1122 0-":A4,
292 1114 332 1122 nu
431 1119 448 1122 ..

116 1108 143 1134 in
155 1109 274 1140 Galliam
291 1114 398 1145 litteras
423 1119 528 1149 dicendi
552 1130 634 1152 causa
652 1134 668 1154 e
690 1130 777 1163 pa:ria
793 1108 910 1166 priinum

116 1154 202 1166 ..Ι.2..Α-
245 1165 248 1166 ν
329 1161 336 1166 ⁸

115 1154 222 1188 abiret,
238 1161 399 1189 canonicum
424 1172 478 1192 non
494 1167 607 1203 egisset,
632 1175 662 1198 ut
685 1174 762 1207 proin
774 1154 909 1207 ,retiamsi

113 1207 177 1227 eum
195 1202 240 1229 diu
257 1205 337 1233 etiam
353 1212 416 1236 ante
430 1218 529 1240 annum
544 1215 622 1249 £067,
639 1224 693 1252 quo
708 1220 817 1249 circiter
831 1224 909 1252 scho-

113 1244 203 1273 lamm
218 1247 391 1279 Remensiutn
404 1257 565 1288 praefectura
581 1268 642 1288 sese
654 1271 686 1290 ex
699 1264 820 1295 dicendis
833 1269 908 1297 abdi-

112 1292 197 1324 cavit,
214 1297 374 1326 canonicum
386 1299 411 1327 iu
430 1301 458 1329 S.
475 1302 614 1333 Cuuiberti
629 1309 743 1337 ecclesia
758 1314 905 1348 exstitisse,

112 1333 182 1348 (n-4-
210 1338 243 1348 _J
255 1347 258 1348 ν
274 1340 302 1348 ἰ-
350 1343 357 1348 ¹

634 1333 641 1334 ,
651 1333 743 1337 Vn-“
759 1333 905 1348 μνημωυ,

112 1333 186 1362 [ιιι-ει
209 1338 421 1378 admittendum,
446 1348 522 1382 argui
545 1357 578 1377 ex
596 1351 719 1381 Manasse
734 1356 832 1384 merito
852 1367 905 1387 non

112 1387 214 1414 posset.
230 1384 299 1413 hanc
315 1387 390 1416 illttm
405 1391 503 1420 ibidem
519 1395 625 1424 vivendi
642 1406 765 1428 normam
774 1401 830 1436 jam
845 1404 905 1433 inde

112 1426 143 1436 ,.,
166 1433 195 1436 μ
210 1432 230 1436 .,

110 1426 145 1451 ab
161 1433 198 1453 eo
210 1432 346 1465 tempore.
361 1441 413 1468 quo
429 1439 548 1466 nondum
562 1441 664 1470 Gallias
682 1445 801 1478 adierat,
821 1448 904 1478 fuisse

109 1477 191 1499 certo
205 1476 367 1510 amplexum.
383 1480 445 1510 llazc
461 1485 530 1512 adde
545 1485 595 1520 iis,
611 1495 671 1523 qua:
690 1499 763 1519 num.
782 1492 830 1528 52,
844 1503 901 1531 seq.

109 1522 132 1531 Λι
147 1518 186 1531 ΔΕ
204 1520 267 1531 1:“,
345 1530 349 1531 ν

108 1522 134 1544 et
147 1518 187 1546 65
201 1520 272 1549 dicta
289 1530 362 1553 sunt.

142 1564 192 1591 75.
211 1565 296 1595 Porro
315 1569 443 1600 Sanctum
475 1575 502 1602 in

107 1609 228 1638 Turonis
243 1614 440 1651 philosophiam
456 1621 582 1657 rediisse,
599 1628 758 1656 canonicutn
773 1630 806 1658 ibi
819 1609 901 1668 argere

107 1659 174 1683 tunc
201 1659 317 1691 primum
336 1664 469 1698 coepisse,
487 1669 621 1705 rebusque
640 1673 799 1709 theologicis
819 1659 900 1707 siiitul

105 1700 217 1730 άεάίεδθ
236 1712 364 1739 operam,
384 1709 462 1745 longe
485 1715 612 1743 evaderet
633 1720 831 1757 verosituilius,
858 1725 898 1760 si,

105 1752 160 1760 ιιι-ιι
173 1747 182 1760 Ι
199 1747 322 1760 Ι.....ιμ.ηκ
349 1752 373 1760 ιι
407 1753 414 1760 ι
476 1756 482 1760 λ

104 1747 182 1779 quo]
199 1747 324 1778 laudatus
348 1752 518 1785 Morkensius
541 1760 621 1788 etiam
646 1747 897 1798 tradit,rsan,cttiui

104 1790 218 1820 Colonia
233 1801 246 1820 a
262 1794 394 1825 Gervasio
416 1800 589 1832 Remensiutn
610 1808 830 1846 archiepiscopo,
852 1815 897 1848 qui

106 1837 135 1848 _,,
156 1838 226 1848 ,ην
282 1842 299 1848 ..
337 1843 343 1848 .

104 1837 135 1863 ad
155 1838 229 1867 hanc
245 1842 403 1872 cathedram
419 1854 489 1875 anno
502 1849 571 1877 l055
585 1851 673 1880 fuerat
688 1837 844 1893 pri-mortus,
861 1837 896 1888 lad

688 1882 696 1889 _
742 1882 894 1893 νην-ηπ..

104 1882 244 1912 civitrtem
271 1886 447 1924 Remensem,
474 1899 503 1922 ut
531 1895 648 1931 ibidem,
674 1908 742 1935 quas
766 1904 894 1938 callebat,

642 1928 647 1931 .
683 1928 691 1935 .
730 1928 740 1930 ἡ
769 1928 894 1938 unum.

103 1928 236 1957 scientias
249 1931 359 1961 doceret
368 1955 375 1968 ,
390 1935 473 1965 fuisse
488 1946 654 1977 revocatum,
667 1950 709 1973 sat
720 1953 795 1976 certo
806 1958 896 1985 posset

103 1981 266 2010 argumento
279 1979 398 2013 probari.
415 1982 468 2012 Pro
480 1993 509 2013 se
522 1988 632 2022 quidam
648 1991 716 2020 citat
728 1979 896 2026 Morkensius

103 2021 262 2072 antiquum,
281 2025 314 2052 de
330 2033 385 2061 quo
407 2036 481 2057 num.
498 2021 546 2065 49,
563 2033 715 2065 Carthusiie
730 2021 894 2072 Morttis:[.)‘ei

104 2065 128 2091 in
143 2066 272 2096 Picardia
284 2072 417 2107 codicem,
430 2083 445 2102 a
459 2075 576 2106 Suriano
591 2080 615 2107 in
631 2082 687 2110 suis
701 2086 734 2111 ad
750 2085 893 2117 Surianam

102 2111 198 2140 Sancti
227 2114 314 2144 Vitam
346 2119 567 2152 adnotationibus
597 2135 657 2163 pag.
682 2129 716 2157 79
738 2111 891 2168 ιᾷιῶξιῖὖῖιῖξ

104 2164 195 2186 terum
207 2168 270 2188 eum
283 2162 317 2189 de
327 2164 406 2199 hujus
418 2168 581 2203 antiquitate
594 2162 825 2212 auctoritateque,
839 2184 892 2208 tam

101 2204 219 2233 Suriauo
231 2215 312 2242 quam
329 2210 480 2242 Morkensio
494 2221 520 2243 et
535 2217 677 2254 Martinio,
693 2222 726 2250 de

102 2249 193 2278 itidem
211 2252 247 2280 49
258 2274 265 2286 ,
283 2254 366 2284 altum
381 2258 487 2293 silente,
502 2262 609 2291 aliunde
623 2266 688 2294 mihi
706 2249 757 2295 nori
776 2276 890 2305 constet,

102 2299 259 2333 neutiquam
276 2302 359 2330 codex
377 2304 435 2337 ille,
454 2311 483 2334 ut
494 2312 523 2336 ut
538 2317 552 2336 a
571 2311 690 2345 prtefatis
713 2299 892 2350 scriptoribus

102 2344 229 2379 antiquus
239 2353 359 2381 vocetur,
373 2350 493 2381 suﬂicere
516 2344 582 2383 mihi
602 2363 703 2392 potest,
719 2365 747 2388 ut
761 2360 890 2391 Sanctum

102 2395 194 2417 revera
209 2399 224 2418 a
239 2392 371 2423 Gervasio
385 2396 497 2427 Colonia
513 2401 628 2437 Remos,
642 2411 672 2432 ιιι
689 2406 748 2435 istic
764 2408 888 2444 doceret,

102 2432 135 2444 1⁵ης
156 2443 161 2444 γ

102 2432 182 2463 fuisse
197 2443 371 2473 revocatum,
389 2449 439 2476 pro
453 2445 604 2477 indubitato
621 2432 742 2480 habeam.
758 2453 824 2481 Rem
839 2432 889 2483 ita:

100 2486 150 2513 que
180 2482 267 2515 hanc,
295 2485 333 2512 uti
356 2487 454 2523 etiam,
474 2498 508 2518 an
534 2492 640 2528 Bruno,
664 2505 724 2524 cum
751 2498 876 2528 Turonas

101 2527 186 2553 audita
197 2527 255 2562 jam
272 2530 458 2566 philosophia,
474 2536 607 2572 deseruit,
624 2540 650 2567 in
663 2543 780 2575 patriam
804 2544 887 2575 fuerit

101 2575 233 2601 reversus.
243 2571 335 2606 ibique
346 2574 512 2610 aliquandiu,
523 2587 607 2609 sacne
616 2571 724 2612 interim
739 2585 887 2622 Scriptura:

101 2616 232 2651 rebusque
243 2618 402 2655 tlieologicis
409 2621 475 2650 dans
486 2631 607 2659 operam,
616 2631 776 2659 canonicum
788 2634 883 2668 egerit,

100 2659 125 2687 in
139 2664 226 2691 medio
251 2666 384 2702 relinquo,
400 2674 427 2696 et
441 2670 474 2696 ad
491 2670 542 2698 alia
563 2671 693 2701 Sanctum
716 2678 882 2713 spectantia,

101 2713 157 2741 qua:
170 2712 334 2741 certioribus
347 2714 573 2751 solidioribusque
585 2717 767 2748 fundamentis
787 2729 884 2757 super-

101 2756 248 2788 struuntur,
264 2759 406 2786 tractanda
427 2762 595 2796 progredior.

131 2798 174 2826 76.
193 2802 345 2831 Brunonem
357 2805 492 2840 imprimis
502 2807 604 2841 Remis,
619 2817 679 2837 cum
693 2811 882 2841 verosimiliter

102 2843 177 2872 Iliam
211 2847 250 2874 vel
278 2849 304 2876 in
333 2850 385 2878 hac
412 2851 470 2886 ipsa
500 2852 622 2886 civitate,
656 2855 697 2882 vel
729 2857 792 2885 alibi
824 2862 880 2885 tum

104 2894 203 2918 sacram
221 2893 406 2931 Scriptorum,
424 2903 479 2925 tum
498 2899 578 2927 etiam
602 2901 764 2938 theologiam
787 2905 879 2933 scdulo

528 1579 644 1612 patriam
676 1588 737 1617 post
761 1592 900 1622 exceptam
915 1606 935 1635 ο

937 266 958 293 Λ
969 265 1024 298 jam
1037 268 1214 302 excoluisset,
1239 270 1391 299 scholarum
1417 264 1577 309 inagislrtiin
1593 280 1681 314 egisse
1693 302 1699 313 ,
1721 284 1762 310 κει

966 315 1007 337 ‘ex
1024 312 1081 339 solo
1092 319 1208 347 qualttor
1221 315 1369 349 printorutu
1382 317 1532 348 Carthasim
1545 323 1665 357 priorum
1680 326 1764 354 (lbra.

975 357 1051 390 nico,
1067 365 1115 385 seu
1133 360 1222 394 potius
1236 368 1251 387 e
1272 361 1345 388 brevi
1356 383 1363 394 ,
1379 364 1449 398 quod
1471 374 1504 392 ex
1521 367 1572 395 ltoe
1587 376 1663 397 nunt.
1681 371 1695 396 7
1711 372 1763 399 hut:

975 403 1148 438 transcripsi,
1173 405 1265 432 Sancti
1289 406 1391 442 elogio,
1417 414 1510 444 utpote
1535 412 1561 441 in
1586 422 1639 448 quo
1664 416 1708 443 hic
1728 418 1763 444 ab

973 452 1084 476 auctore
1098 456 1187 478 co:ch
1213 451 1355 481 Retuens's
1370 455 1491 484 cetlesia:
1506 459 1658 487 scholarum
1675 463 1761 497 magi-

972 499 1028 521 ster
1041 495 1141 524 diserte
1157 497 1316 532 appelletur,
1334 506 1439 528 certum
1461 510 1520 531 csse
1536 504 1625 533 debet.
1648 507 1674 534 Id
1692 507 1762 535 inte-

971 539 1021 566 rim
1036 541 1117 569 etiam
1134 546 1311 577 confirmatur
1334 560 1367 579 ex
1392 553 1533 589 Sigelterto
1553 556 1758 591 Gemblacensi.

969 589 995 611 et
1012 585 1135 622 litigone,
1152 590 1240 620 Diensi
1267 588 1393 632 episcopo
1414 585 1539 635 sedisque
1564 603 1718 637 apostolica:
1731 605 1759 632 in

968 629 1062 659 Galliis
1076 633 1172 669 legato,
1188 629 1303 672 quorum
1318 629 1366 669 ille-
1376 644 1402 670 in
1421 629 1654 682 Chrohograuphia
1666 650 1700 676 ad
1713 658 1759 676 att-

968 683 1031 702 num
1047 677 1129 710 1085,
1146 680 1189 708 hic
1203 684 1273 717 apud
1289 684 1425 715 Lablieiun
1449 694 1513 717 tom.
1574 677 1762 721 Conciliorum

967 721 1018 748 col.
1046 722 1114 756 565,
1143 726 1169 752 iii
1193 728 1306 762 epistula
1336 733 1369 760 ad
1405 735 1566 770 Gregorium
1593 739 1636 766 Vll
1659 747 1755 774 papam

966 775 1037 795 anno
1058 769 1126 797 1077
1160 773 1277 807 scripta,
1314 777 1412 811 lticquc
1446 769 1514 808 infra
1540 782 1629 811 adhuc
1657 791 1757 811 meum-

965 814 1049 840 randa
1066 815 1219 845 Brunottetn
1234 820 1337 854 pariter
1354 832 1363 848 ί
1382 824 1503 852 ecclesia:
1515 826 1656 856 Remensis
1672 830 1756 865 magi-

964 863 1050 887 strutn
1069 871 1078 886 ι
1098 863 1244 897 appellant.
1266 866 1344 894 Hisce
1360 869 1428 896 adde
1444 870 1627 906 Meinardutn,
1641 873 1755 902 Cortne-

964 907 1100 936 riacenum
1115 910 1141 937 in
1155 920 1219 947 agro
1234 913 1382 942 Turoueusi
1401 918 1532 951 priorem,
1557 920 1603 954 qui
1627 921 1653 947 in
1677 922 1755 955 titulo

966 952 1088 989 funebri,
1107 957 1177 984 inter
1193 960 1363 988 recudeudos
1381 963 1444 995 l7ti,
1463 972 1516 999 quo
1537 965 1638 994 Sancto
1653 975 1755 1001 parcn-

966 998 1049 1030 tavit.
1072 1000 1108 1027 ita
1134 1001 1253 1037 loquitur
1272 1013 1278 1031 ε
1297 1015 1306 1031 ἰ
1324 1005 1493 1041 Mainardus,
1511 1010 1635 1044 inquam,
1651 1020 1700 1047 ego
1727 1015 1753 1040 in

964 1042 1147 1073 Cormarieusi
1173 1050 1339 1077 monasterio
1363 1055 1559 1081 monachorum
1576 1056 1752 1089 plurimorum

963 1089 1071 1117 nomine
1080 1111 1087 1123 ,
1101 1098 1153 1118 non
1165 1099 1262 1127 opere,
1274 1095 1360 1129 prior,
1375 1096 1519 1125 Remorum
1532 1100 1650 1128 civitatis
1662 1102 1754 1129 oriun-

962 1133 1012 1161 dus
1024 1134 1077 1167 fui,
1092 1136 1193 1164 domini
1207 1139 1287 1173 hujus
1299 1141 1434 1169 Rrunonis
1446 1144 1549 1178 aliquot
1559 1146 1639 1173 annis
1652 1147 1752 1174 doctri-

961 1186 1024 1206 nam
1035 1181 1135 1215 audivi,
1145 1182 1253 1219 Deoque
1266 1185 1372 1213 volente
1383 1188 1525 1215 admodum
1540 1191 1651 1224 profeci.
1666 1201 1674 1217 ι
1691 1192 1752 1219 ΙΙίυυ

961 1224 1021 1257 illc,
1044 1227 1104 1261 qui,
1133 1231 1257 1263 quamvis
1285 1239 1315 1259 se
1342 1232 1434 1261 Retuis
1464 1235 1513 1261 sub
1538 1236 1663 1265 Brunone
1692 1243 1751 1265 stu-

959 1272 1020 1299 duis
1036 1280 1066 1305 e,
1080 1279 1173 1309 aperte
1188 1284 1240 1303 non
1258 1278 1361 1310 edicat,
1379 1287 1423 1307 res
1439 1283 1529 1308 tatueu
1544 1282 1580 1310 ita
1600 1291 1661 1310 sese
1677 1291 1751 1311 vero-

958 1316 1083 1346 simililer
1099 1320 1241 1354 habuerit,
1265 1324 1335 1358 quod
1359 1324 1452 1353 Remis
1476 1333 1564 1354 ortum
1590 1336 1638 1356 seu
1655 1335 1755 1357 uatum.

957 1372 1016 1392 sese
1028 1368 1199 1402 pronuntiet,
1217 1370 1317 1405 ibique,
1334 1372 1378 1400 ubi
1396 1379 1475 1403 natus
1497 1381 1571 1409 erat,
1593 1377 1749 1413 aliquandiu

957 1410 1146 1439 verosimiliter
1160 1413 1265 1442 litteras
1277 1416 1412 1445 didicerit.

991 1455 1034 1483 77.
1049 1457 1137 1492 Atque
1153 1459 1211 1487 haec
1227 1461 1348 1496 quidem,
1359 1469 1490 1498 quantum
1508 1467 1614 1502 opinor,
1636 1468 1666 1497 S.
1679 1469 1748 1498 Bru-

953 1508 1051 1529 nonem
1079 1503 1172 1533 Remis
1196 1507 1337 1541 docuisse,
1368 1518 1415 1538 seu
1449 1513 1609 1548 magistrum
1641 1516 1745 1551 egisse,

954 1546 1023 1574 satis
1035 1556 1170 1583 superque
1181 1551 1329 1579 evincunt:
1344 1562 1413 1588 quas
1426 1563 1491 1583 vero
1498 1546 1601 1585 ibidem
1616 1560 1746 1589 scientias

953 1591 1095 1626 docuerit,
1109 1599 1135 1621 et
1147 1603 1200 1630 quo
1213 1597 1325 1625 circiter
1341 1603 1463 1634 tempore
1477 1602 1502 1629 id
1516 1603 1606 1637 operis
1620 1612 1666 1632 seu
1686 1615 1744 1634 tnu-

952 1638 1024 1666 neris
1051 1640 1167 1674 primum
1193 1647 1360 1679 suseeperit,
1386 1654 1459 1674 nunc
1484 1647 1679 1685 indagandum.
1703 1653 1744 1680 Ac

951 1683 1038 1717 primo
1064 1686 1170 1720 quidem
1194 1687 1323 1717 Sanctum
1348 1692 1451 1726 poesim
1473 1683 1572 1722 ibidem
1598 1696 1743 1730 docuisse,

950 1730 1162 1760 concludentium
1178 1739 1288 1769 apparet
1301 1742 1316 1763 e
1333 1735 1438 1764 funebri
1454 1738 1512 1773 ejus
1532 1739 1613 1768 titulo
1629 1742 1697 1774 126;
1716 1744 1742 1770 in

949 1775 1001 1803 hoc
1013 1776 1085 1803 enim
1097 1778 1285 1808 Atrebatensis
1300 1781 1329 1808 S.
1348 1781 1457 1811 Vedasti
1477 1783 1608 1820 Nobiliaci
1623 1788 1745 1815 coanobii.

949 1821 1040 1848 schola
1055 1829 1116 1849 eum
1136 1823 1171 1850 ita
1186 1824 1335 1860 alloquitur
1349 1834 1356 1854 :

985 1886 992 1893 .
1015 1886 1023 1895 .
1045 1886 1052 1894 .
1072 1888 1079 1895 .
1103 1888 1110 1895 .
1132 1888 1140 1896 .
1162 1889 1169 1896 .
1190 1889 1198 1897 .
1217 1871 1281 1904 tibi,
1296 1872 1386 1901 Brimo
1404 1876 1529 1910 magister
1542 1882 1632 1911 acute,

989 1911 1068 1941 Viluit
1085 1915 1127 1942 liii:
1139 1916 1203 1950 flore
1216 1918 1342 1951 mundus,
1359 1921 1492 1956 sterilique
1505 1923 1597 1951 decore

983 1957 1046 1986 Flos
1063 1959 1113 1994 fuit
1129 1961 1155 1987 in
1167 1961 1226 1996 ferto
1238 1970 1247 1990 :
1260 1963 1340 1999 viguit
1350 1965 1397 1991 sub
1410 1967 1464 1993 sole
1478 1976 1569 1995 sereno
1579 1989 1586 2001 ,

946 2006 962 2031 Ϋ
982 2004 1052 2032 Dum
1065 2010 1110 2033 tua
1124 2012 1257 2041 cantaret,
1270 2010 1357 2038 studio
1375 2011 1437 2039 dum
1453 2021 1528 2040 musa
1545 2021 1662 2049 vacaret,

981 2049 1050 2078 Dum
1066 2052 1143 2079 modo
1158 2052 1267 2081 lactaret
1284 2054 1391 2089 Remos,
1407 2058 1484 2085 modo
1500 2068 1567 2091 pane
1582 2061 1691 2089 cibaret.

945 2093 1000 2122 Nec
1015 2099 1118 2123 tantum
1138 2104 1171 2125 ex
1195 2098 1331 2127 inferioris
1344 2102 1448 2130 ordinis
1470 2104 1593 2133 scientiis
1607 2113 1654 2134 seu
1670 2108 1739 2134 arti-

945 2140 994 2168 bus
1007 2141 1108 2174 poesim
1120 2162 1128 2176 ,
1143 2144 1190 2171 sed
1207 2144 1292 2180 ipsam
1317 2147 1400 2175 etiam
1422 2151 1628 2184 grammaticam
1645 2152 1736 2181 Remis

944 2184 1067 2212 docuisse
1083 2185 1199 2215 Sanctus
1214 2190 1329 2218 videtur.
1348 2192 1453 2220 Etenim
1477 2194 1503 2220 in
1520 2195 1643 2224 ecclesia:
1665 2197 1736 2225 Con-

944 2231 1101 2259 stantiensis
1115 2232 1143 2259 S.
1166 2233 1257 2262 Maria:
1272 2237 1395 2264 versibus
1411 2238 1596 2275 scliolarihus,
1611 2243 1656 2277 qui
1674 2244 1735 2272 titu<

908 2275 930 2302 D
945 2275 999 2302 lum
1012 2276 1070 2311 ejus
1080 2277 1221 2306 funebrem
1234 2280 1306 2308 inter
1317 2281 1484 2312 recudendos
1495 2285 1545 2313 l56
1555 2275 1733 2321 constituunt,

946 2326 955 2343 I
975 2318 1121 2347 multorum
1137 2327 1288 2357 priceeplor
1310 2326 1548 2357 grammaticorum
1568 2338 1578 2355 ι
1596 2330 1733 2358 exstitisse

942 2364 1113 2398 declaratur;
1128 2367 1178 2394 etsi
1193 2372 1282 2396 autem
1293 2389 1301 2402 ,
1320 2369 1456 2405 Remisne,
1469 2380 1502 2399 an
1515 2373 1579 2401 alibi
1593 2382 1731 2410 gramma-

942 2409 1011 2437 ticos
1024 2411 1171 2444 erudierit,
1183 2419 1236 2439 non
1251 2413 1377 2448 addatur,
1389 2415 1484 2444 Remis
1495 2422 1583 2445 tamen
1596 2409 1622 2447 id
1634 2419 1734 2448 fecisse

941 2455 1033 2490 illum,
1047 2459 1201 2487 verosimile
1215 2460 1318 2489 idcirco
1330 2468 1440 2497 apparet
1450 2484 1456 2496 ,
1473 2465 1544 2499 quod
1558 2465 1637 2499 alibi,
1649 2474 1730 2502 quam

940 2500 1033 2529 Remis
1045 2510 1173 2539 umquam
1186 2504 1322 2538 docuisse,
1337 2507 1411 2535 nullo
1424 2508 1503 2542 plane
1518 2510 1643 2551 antiquo,
1657 2500 1731 2546 quo-l

940 2546 1019 2574 fidem
1045 2548 1224 2577 indubitatam
1248 2550 1338 2579 facere
1361 2557 1456 2580 natum
1478 2554 1529 2587 sit,
1555 2549 1730 2583 monumento

937 2597 1019 2626 queat
1031 2594 1146 2621 ostendi.
1165 2594 1224 2622 Alia
1244 2603 1297 2623 non
1318 2602 1483 2632 occurrunt,
1499 2607 1574 2635 quae,
1589 2604 1619 2628 ut
1639 2601 1728 2627 scien-

938 2638 990 2665 tias
1004 2638 1142 2667 inferioris
1155 2640 1260 2668 ordinis
1271 2649 1318 2669 seu
1331 2643 1506 2672 humaniores
1518 2644 1622 2672 litteras
1633 2644 1727 2673 Remis

936 2681 1043 2711 fuissea
1052 2683 1152 2711 Sancto
1164 2685 1286 2718 traditas,
1299 2687 1433 2720 evincam,
1446 2689 1548 2724 possint
1563 2690 1725 2718 conducere.

971 2728 1013 2755 78.
1035 2729 1084 2756 Ast
1095 2730 1159 2765 quid
1171 2730 1205 2758 de
1216 2731 1420 2762 sublimioribus
1435 2734 1566 2766 scientiis,
1579 2734 1734 2770 Theologia.

935 2773 1061 2801 videlicet
1078 2782 1111 2802 ac
1126 2776 1298 2812 philosophia
1310 2778 1452 2805 dicendum
1462 2779 1475 2806 ?
1487 2778 1604 2808 Sanctus
1617 2788 1724 2817 quoque

935 2822 989 2845 tam
1004 2819 1074 2847 hanc
1085 2840 1093 2852 ,
1109 2828 1191 2855 quam
1207 2822 1279 2850 illam
1303 2823 1394 2851 Remis
1416 2824 1540 2854 docuisse
1554 2826 1670 2856 videtur.
1683 2828 1724 2856 Ac

933 2865 1020 2898 primo
1056 2866 1188 2900 quidem,
1220 2877 1279 2895 cum
1316 2869 1433 2898 Brunoni
1466 2871 1559 2900 laudes
1590 2872 1740 2906 diversae,”

933 2910 992 2937 \it'tt
1009 2911 1064 2937 fere
1080 2912 1211 2939 duntaxat
1234 2914 1431 2950 philosophiam
1448 2924 1479 2945 ac
1493 2918 1656 2954 theologiam
1671 2926 1727 2957 pth
