4016 6310
478 433 545 489 51
1295 432 1353 490 S.
1389 434 1736 491 BRUNONIS
1775 426 2425 491 CARTflUSIANORUM
2464 426 2950 486 lNSTiTUTORlS
3686 424 3753 479 52

472 547 618 603 hlice
642 549 887 619 professo
917 538 1040 621 apte
1069 549 1476 615 convenientes,
1504 551 1558 604 in
1594 549 1864 604 nonnullis
1896 547 2063 602 titulis
2089 547 2135 607 Α
2167 543 2397 613 gendum
2435 558 2541 599 non
2572 554 2686 611 est,
2716 544 2846 614 quin
2874 545 2927 598 in
2953 559 3015 599 ea
3043 543 3258 599 clericis
3284 542 3607 613 theologiam
3653 553 3757 595 tra-

474 638 796 695 funebribus
818 682 832 706 ,
878 657 941 696 ac
972 640 1243 711 praecipue
1277 641 1495 711 quidem
1525 643 1632 696 titt.
1666 642 1766 705 51,
1794 641 1895 705 52,
1929 639 2054 703 107,

472 732 610 796 124,
652 730 793 799 ηδ,
825 733 961 800 151,
996 731 1135 799 146,
1170 732 1302 797 166,
1336 734 1440 789 168
1467 743 1521 789 et
1547 734 1682 799 173,
1722 732 1862 786 nulla
1895 733 2055 800 plane

470 821 611 888 loci,
655 839 764 893 quo
810 825 1069 880 scientias
1103 826 1265 879 hasce
1310 823 1399 878 ille
1449 826 1727 890 docuerit,
1781 823 2054 877 mentione

470 911 648 978 facta,
675 915 1064 981 attribuantur,
1101 916 1167 970 ex
1214 929 1278 969 eo
1320 916 1436 985 ipso
1485 931 1604 968 mox
1655 916 1916 979 adducto,
1946 930 2057 984 quo

469 1002 658 1058 Remis
706 1005 1116 1073 grammaticam
1166 1005 1416 1061 docnisse
1445 1006 1681 1069 videtur,
1733 1015 2053 1075 argumento

470 1094 848 1159 consequitur,
882 1102 940 1147 ut
981 1104 1037 1150 et
1080 1096 1150 1150 ibi
1183 1095 1576 1166 philosophiam
1615 1110 1679 1149 ac
1725 1096 2050 1167 theologiam

469 1181 757 1248 docuerit;
826 1198 1016 1238 verum
1084 1201 1201 1239 rem
1264 1184 1370 1239 alio
1435 1184 1613 1239 adhuc
1679 1187 1838 1241 modo
1904 1187 2051 1243 lubet

468 1274 712 1327 ﬁrmare.
784 1274 1097 1345 Fragmenti
1164 1274 1448 1340 historici,
1519 1276 1661 1344 quod
1722 1292 1751 1331 a
1806 1285 2050 1348 tempore

469 1361 723 1428 Rnberti,
778 1363 1111 1421 Francorum
1162 1368 1337 1437 regis,
1391 1369 1458 1423 ad
1496 1378 1726 1425 mortem
1772 1370 2049 1443 Philippi!

466 1454 772 1520 deducitur,
790 1457 1039 1528 quodque
1060 1473 1088 1511 a
1115 1457 1343 1514 lllarloto
1363 1475 1516 1515 num.
1539 1459 1605 1514 57
1628 1460 1899 1529 laudatur,
1916 1463 2050 1519 scri-

466 1554 589 1615 ptor
611 1563 941 1618 anonymus,
970 1549 1113 1619 quod
1146 1566 1253 1605 non
1286 1559 1395 1604 tam
1437 1564 1503 1606 ex
1532 1554 1743 1622 patria,
1776 1568 1937 1623 quam
1980 1570 2046 1609 ex

467 1638 689 1703 studiis,
726 1639 923 1708 quibus
959 1640 1144 1696 Remis
1175 1650 1289 1696 tum
1341 1643 1632 1712 discendo,
1661 1653 1773 1699 tum
1806 1646 2048 1701 docendo

465 1725 774 1782 diutissime
800 1739 1126 1794 vacaverat,
1162 1740 1215 1785 et
1247 1745 1313 1784 ex
1361 1731 1740 1801 dignitatibus,
1780 1748 1916 1804 quas
1942 1734 2047 1789 ibi-

465 1818 587 1872 dem
660 1818 1000 1884 obtinuerat,
1073 1821 1378 1877 Brunonem
1440 1824 1714 1894 cognitum
1785 1826 2041 1892 haberet,

469 1930 488 1963 σ
526 1912 847 1969 Remensem
883 1934 901 1965 ι
948 1930 1107 1980 eum,
1160 1925 1219 1970 ut
1266 1932 1415 1971 num.
1444 1917 1509 1972 l9.
1544 1918 1732 1983 docui,
1783 1918 2045 1989 appellat;

461 2019 662 2073 quare,
694 2020 817 2060 cum
867 2015 1129 2075 praeterea
1169 2008 1273 2061 hac
1318 2006 1577 2062 Sanctum
1622 2023 1687 2063 co
1734 2008 1851 2078 ipso
1899 2009 2051 2075 loco,

465 2111 573 2163 quo
596 2111 718 2149 eum
748 2114 766 2146 ι
794 2108 901 2150 tam
919 2097 1097 2151 divina
1122 2112 1287 2167 quam
1312 2098 1364 2153 in
1389 2098 1621 2153 humana
1644 2099 2004 2171 philosophia,
2027 2120 2046 2153 ι

463 2184 624 2238 binas
675 2184 885 2239 scilicet
929 2186 1092 2241 hasce
1135 2188 1398 2243 scientias
1427 2188 1672 2243 docendo
1706 2204 1799 2244 seu
1839 2191 2052 2260 publice

461 2274 802 2343 profitendo,
832 2275 1078 2331 fliruisse
1119 2278 1315 2344 tradit,
1351 2278 1715 2349 appellatione
1754 2281 1974 2347 alliciat,
1999 2282 2051 2335 id

460 2364 766 2432 praesertim
806 2364 1045 2431 idcirco,
1097 2368 1240 2437 quod
1285 2366 1535 2425 enmdem
1578 2372 1816 2426 maxime
1846 2388 1910 2427 ex
1954 2373 2054 2427 hu-

465 2470 625 2508 mana
665 2469 732 2509 ac
782 2456 963 2509 divina
1016 2456 1386 2527 philosophia,
1436 2474 1532 2514 seu
1579 2474 1642 2515 ex
1693 2462 1957 2533 theologia
1988 2477 2051 2518 ac

461 2545 833 2617 philosophia,
867 2563 1027 2619 quam
1060 2558 1350 2620 utramque
1393 2551 1680 2605 scientiam
1712 2550 1898 2608 Remis
1927 2562 2052 2610 tunc

466 2640 731 2707 docebat,
762 2643 1039 2713 cognitum
1076 2644 1334 2709 haberet,
1370 2646 1772 2702 t'erosimillime
1802 2646 2015 2703 fecerit.

529 2734 617 2788 79.
657 2734 833 2805 Atque
893 2735 964 2789 ita
1022 2733 1135 2803 jam
1204 2737 1495 2803 habemus,
1571 2738 1877 2794 BrunOuem
1939 2749 2049 2796 tam

458 2824 891 2896 philosophiam,
942 2842 1104 2896 quam
1156 2827 1477 2897 theo|03iam
1528 2827 1712 2883 Remis
1763 2830 2046 2896 docuisse;

458 2918 602 2985 quod
632 2926 810 2973 autem
843 2918 1163 2973 nominatim
1204 2921 1270 2975 ad
1300 2922 1656 2988 posteriorem
1688 2924 1833 2978 hanc
1872 2924 2050 2979 scien-

455 3010 586 3062 tiam
621 3010 880 3079 pertinet,
916 3010 965 3064 id
994 3022 1252 3081 przeterea
1286 3013 1365 3067 sic
1392 3014 1619 3068 ostendo
1654 3032 1667 3068 :
1702 3015 2051 3070 Scholarcha:

461 3118 556 3158 seu
590 3102 902 3158 scholastici
951 3121 1175 3168 munus,
1226 3107 1368 3175 quod
1420 3122 1525 3161 non
1571 3108 1671 3163 nisi
1720 3109 2051 3167 doctissimis

455 3196 904 3265 gravissimisque
932 3197 1061 3251 viris
1091 3197 1289 3253 deferri
1316 3200 1538 3262 solebat,
1568 3200 1769 3257 obiisse
1790 3204 2048 3259 Sanctum
2080 3225 2122 3285 ρ

460 3278 703 3343 nostrum
723 3329 739 3355 ,
771 3291 1112 3359 exploratum
1144 3292 1406 3346 habemus
1440 3302 1552 3347 tmn
1584 3308 1648 3349 ex
1685 3294 1899 3348 funebri
1930 3296 2047 3365 ejus

459 3378 617 3431 titulo
650 3378 780 3442 175,
814 3379 864 3432 in
898 3394 1005 3448 quo
1036 3396 1063 3433 a
1102 3381 1452 3451 regularibus
1484 3382 1731 3438 ecclesia:
1778 3382 2045 3443 Vinccutii

459 3466 805 3525 Noliensibus
855 3471 1139 3526 canonicis
1195 3492 1211 3523 ι
1250 3472 1579 3527 Ι).ι;1ιιηι.....
1612 3474 1859 3529 ecclesiae
1904 3476 2047 3530 sedis

458 3557 811 3615 Remensium
858 3575 1104 3616 summus
1137 3562 1446 3635 didascalns
1482 3583 1500 3616 ›
1548 3563 1714 3617 fuisse
1759 3564 2044 3628 asset-itur,

463 3663 574 3705 tum
600 3666 667 3706 ex
692 3650 955 3707 Guiberto
978 3652 1045 3708 de
1066 3652 1385 3724 Novigento,
1418 3655 1683 3725 scriptore
1710 3670 1926 3717 comvo,
1952 3656 2045 3725 qui

460 3743 553 3798 lib.
579 3758 594 3797 ι
617 3744 685 3798 de
706 3744 827 3799 Vita
851 3760 947 3799 sua
973 3760 1090 3816 cap.
1110 3745 1173 3800 11
1201 3748 1266 3801 de
1290 3745 1490 3801 Sancto
1516 3755 1699 3800 nostro
1726 3738 1803 3800 sic
1818 3746 2039 3799 scribit:

466 3852 486 3885 ι
522 3833 648 3888 Fuit
695 3850 804 3891 non
838 3834 998 3905 longe
1043 3836 1113 3891 ab
1158 3836 1248 3892 his
1283 3836 1473 3891 diebus
1524 3838 1705 3890 Bruuo
1740 3838 1959 3906 quidam
1990 3837 2043 3890 iu

460 3931 595 3987 urbe
622 3930 877 3988 Remensi
898 3973 912 3996 ,
950 3933 1035 3987 vir
1065 3943 1120 3986 ct
1165 3932 1480 3987 liberalibus
1513 3933 1807 3986 instructus
1838 3915 2046 4007 artibus

458 4033 515 4077 et
536 4039 855 4096 magnorum
879 4027 1186 4080 studiorum
1212 4034 1420 4090 rector;
1440 4044 1462 4077 ν»
1494 4025 1620 4078 olim
1651 4034 1856 4099 autem,
1881 4026 2043 4079 etiam

457 4124 617 4170 :etate
668 4117 727 4171 S.
777 4116 1046 4172 Brunonis
1096 4132 1190 4173 seu
1232 4117 1430 4171 stccnlo
1461 4133 1511 4170 χι
1552 4116 1603 4169 in
1638 4114 1934 4186 majoribus
1958 4132 2047 4172 ec-

460 4206 645 4262 clesiis
670 4206 736 4261 ad
761 4208 1079 4263 scholastici
1106 4223 1199 4260 seu
1225 4207 1759 4280 scholarcluecuram
1779 4208 2046 4277 przecipue

461 4296 745 4365 spectabat
786 4296 1014 4352 clericos
1070 4296 1385 4350 liberalibus
1432 4286 1747 4363 artibus‘ac
1774 4296 1961 4365 proin,
1991 4306 2045 4371 et

459 4390 676 4459 quidem
706 4390 1085 4460 potissimum,
1134 4397 1194 4443 ut
1230 4397 1489 4457 apparet,
1523 4374 1838 4459 theologicis
1876 4387 2047 4442 facul-

460 4482 666 4538 tatibus
692 4482 942 4547 erudire,
969 4483 1124 4537 bonis
1152 4482 1394 4535 moribus
1438 4478 1760 4545 informare,
1792 4479 2045 4535 ecclesia-

2159 634 2376 689 diderit.

2231 726 2321 781 80.
2367 726 2434 780 Et
2466 742 2589 782 eum
2618 728 2835 797 quidem
2860 728 3020 783 unice
3044 736 3172 785 tunc
3202 729 3549 783 snblimiores
3574 727 3753 780 scicno

2160 812 2263 865 tias
2309 812 2521 883 hasque
2555 814 2699 870 inter
2729 813 3056 884 theologiam
3106 814 3393 879 docuisse,
3433 813 3754 869 verosimili-

2159 918 2303 956 mum
2333 913 2483 973 puto.
2521 903 2735 958 Etenim
2767 903 3097 961 cathedralis
3127 903 3534 974 Andegavensis
3574 902 3754 956 eccle-

2156 993 2266 1055 sia,
2303 994 2353 1046 in
2407 992 2561 1049 titulo
2606 993 2855 1061 funebri,
2902 993 3042 1050 inter
3087 993 3432 1048 recudendos
3481 991 3620 1058 166,
3649 1006 3758 1061 quo

2157 1086 2412 1141 Sanctum
2444 1086 2672 1143 mirifice
2701 1087 3026 1155 celebravit,
3056 1087 3129 1142 ita
3156 1087 3222 1143 de
3253 1102 3319 1143 eo
3349 1085 3497 1142 canit
3524 1104 3538 1140 :

2230 1241 2326 1296 llis
2361 1242 2691 1312 prteceflebat
2726 1243 3028 1298 doctoribus
3051 1284 3065 1308 ,
3097 1244 3181 1297 hic
3211 1243 3443 1313 faciebat

2228 1331 2476 1387 Summas
2499 1333 2740 1388 doctores
2758 1373 2774 1399 ,
2806 1351 2908 1389 non
2942 1334 3266 1389 instituendo
3291 1336 3559 1398 minores;

2221 1422 2419 1477 Doctor
2442 1423 2711 1477 doctorum
2748 1424 2848 1492 fuit
2874 1424 2957 1479 hic
2979 1464 2994 1489 ,
3023 1441 3127 1478 non
3177 1424 3577 1488 clericulorum;

2154 1550 2328 1607 'ribus
2355 1562 2532 1608 autem
2564 1553 2712 1609 hisce
2745 1553 3056 1619 versiculis,
3105 1554 3363 1619 scientias
3394 1554 3687 1610 inferiores
3716 1569 3749 1610 a

2152 1644 2382 1709 Sancto,
2433 1654 2619 1715 utpote
2668 1661 2829 1715 quem
2881 1660 2984 1701 non
3034 1645 3354 1713 clericulos,
3383 1662 3480 1703 seu
3514 1646 3755 1703 clericos

2148 1719 2441 1800 iuniores,
2472 1735 2748 1791 inferioris
2795 1737 3062 1791 duntaxat
3109 1735 3321 1791 ordinis
3369 1737 3621 1792 scientiis
3658 1736 3760 1789 ad-

2150 1824 2424 1880 disceudis
2468 1835 2656 1895 aptos,
2714 1826 2810 1881 sed
2868 1827 3045 1882 tetatis
3113 1834 3323 1881 tantum
3384 1827 3756 1896 provectioris

2154 1916 2320 1981 viros,
2349 1916 2620 1981 docuisse,
2648 1917 2909 1981 indicent,
2938 1916 3128 1973 Remis
3158 1917 3387 1974 traditas
3413 1933 3520 1973 non
3546 1916 3743 1982 fuisse,

2156 2007 2419 2074 innuitur,
2467 2007 2657 2079 idque,
2689 2023 2810 2062 cum
2841 2023 2907 2062 ex
2938 2023 3099 2078 supra
3142 2008 3303 2063 dictis
3334 2018 3445 2064 tum
3488 2008 3698 2078 poesim
3720 2050 3738 2074 ,

2157 2106 2270 2150 tum
2301 2098 2712 2165 grammatiiam
2761 2096 2945 2155 Bruno
2985 2097 3173 2153 Remis
3216 2097 3490 2163 docuerit,
3519 2097 3747 2161 veritati

2154 2205 2273 2257 esse
2316 2204 2619 2243 consonum
2651 2189 2793 2243 haud
2847 2198 3054 2259 potest,
3100 2189 3203 2244 nisi
3246 2190 3314 2243 de
3358 2187 3593 2252 Sancto,
3636 2189 3757 2259 jam

2157 2280 2304 2333 facto
2334 2278 2581 2333 ecclesia:
2609 2276 2899 2334 Remensis
2922 2278 3240 2334 scholarcha
3283 2293 3377 2333 seu
3411 2293 3755 2334 summorum

2156 2368 2461 2422 studiorum
2516 2375 2729 2421 rectore
2760 2380 2824 2420 ac
2854 2366 3112 2437 praefecto
3154 2366 3519 2438 intelligatur;
3564 2381 3752 2435 neque

2153 2460 2297 2515 enim
2350 2458 2639 2525 Sanctum,
2686 2460 2897 2514 muneri
2943 2459 3072 2513 huic
3123 2460 3362 2514 nondum
3428 2460 3754 2527 admotum,

2154 2551 2415 2607 scientias
2466 2550 2845 2615 sublimiorcs,
2918 2552 3196 2605 admotum
3264 2566 3395 2606 vero
3457 2551 3756 2607 inferiores

2154 2643 2442 2697 dumtaxat
2471 2642 2723 2697 docuisse
2745 2681 2761 2706 ,
2794 2641 3103 2697 vcrosimile
3134 2650 3376 2711 apparet.
3416 2640 3601 2695 Bruno
3645 2651 3755 2695 tta-

2153 2750 2292 2805 que,
2321 2749 2445 2803 cum
2474 2731 2591 2801 jam
2623 2732 2934 2803 scholarum
2968 2732 3322 2799 Remensium
3356 2731 3748 2805 magistratum

2156 2824 2348 2879 fuisset
2420 2824 2679 2894 adeptus,
2743 2821 3005 2877 scientias
3063 2822 3327 2893 duntaxat
3391 2819 3616 2874 altiores
3685 2835 3754 2882 ac

2153 2912 2496 2984 potissimum
2529 2910 2858 2981 theologiam
2882 2950 2898 2976 ,
2930 2920 3060 2985 ante
3088 2924 3215 2983 vero
3241 2925 3404 2980 quam
3434 2910 3538 2967 hoc
3563 2908 3753 2967 officio

2154 3004 2443 3058 decoratus
2476 3001 2705 3069 fuisset,
2744 3001 3035 3056 inferiores
3064 3000 3230 3073 etiam
3266 3001 3534 3061 docuerit.
3566 3003 3754 3071 Atque

2155 3094 2269 3147 haec
2297 3093 2363 3148 de
2393 3092 2677 3159 scientiis,
2726 3107 2864 3161 quas
2912 3090 3147 3146 Sanctus
3198 3090 3386 3147 Remis
3422 3091 3751 3157 tradiderit,

2154 3183 2293 3237 d'cta
2322 3180 2625 3247 sufficiant;
2658 3182 2966 3251 proximum
2993 3188 3115 3245 est,
3152 3188 3211 3234 ut
3254 3180 3309 3235 in
3343 3188 3590 3250 tempus,
3633 3196 3753 3251 quo

2156 3273 2379 3327 circiter
2402 3272 2455 3326 id
2478 3270 2661 3326 oneris
2684 3271 2737 3324 in
2764 3285 2822 3325 se
2846 3269 3171 3338 susceperit,
3190 3269 3351 3324 modo
3378 3268 3747 3337 inquiramus.

2219 3363 2308 3417 8l.
2352 3361 2442 3426 Si,
2494 3360 2754 3415 Sanctum
2811 3359 3037 3415 Colonia
3102 3359 3391 3430 Agripina,
3444 3367 3505 3412 ut
3554 3358 3757 3416 Remis

2149 3457 2361 3526 litteras~
2393 3454 2643 3530 doceret,
2676 3469 2706 3506 a
2736 3452 2997 3508 Gervasio
3017 3493 3033 3520 ,
3068 3452 3418 3507 Remensium
3460 3452 3750 3521 archiepi-

2148 3566 2344 3618 scopo,
2375 3547 2539 3609 fuisse
2581 3555 2866 3623 evocatum
2889 3585 2903 3611 ,
2938 3543 3281 3599 Morkensius
3314 3543 3542 3598 num.75
3587 3552 3752 3598 recte

2149 3649 2335 3705 notet,
2363 3639 2547 3693 Bruno
2589 3652 2721 3707 sane
2766 3646 2893 3691 ante
2942 3651 3142 3690 annum
3193 3635 3369 3700 1055,
3403 3644 3589 3704 utpote
3634 3650 3755 3704 quo

2152 3730 2392 3800 primum
2423 3729 2490 3783 ad
2534 3727 2858 3801 Remeusem
2889 3725 3205 3781 cathedram
3236 3725 3533 3781 Gervasius
3578 3724 3756 3779 fuerit

2158 3827 2409 3883 evectus,
2437 3815 2623 3871 Remis
2650 3815 2859 3889 litteras
2883 3816 3078 3887 docere
3109 3831 3216 3869 non
3247 3814 3570 3885 incmperit;
3594 3812 3755 3882 quod

2155 3909 2199 3963 si
2229 3917 2410 3964 autem
2441 3907 2689 3985 Marloto,
2719 3907 2810 3976 qui
2846 3906 3156 3979 Brunonem
3188 3921 3333 3959 anno
3360 3904 3497 3958 1056
3527 3904 3755 3958 schola-

2152 4017 2270 4055 rum
2318 3998 2669 4073 Remensium
2724 4006 2889 4067 caput
2941 4011 3034 4073 seu
3088 4003 3356 4049 rectorem
3395 4010 3425 4047 a
3473 3992 3755 4047 Gervasio

2148 4094 2501 4150 constitutum
2550 4089 2753 4155 fuisse,
2786 4088 3037 4143 Historiae
3090 4084 3406 4155 metropolis
3450 4083 3755 4139 Bernensis

2149 4196 2279 4239 tom.
2308 4182 2380 4250 ll,
2405 4196 2530 4252 pag.
2561 4180 2662 4235 115
2693 4180 2913 4244 scribit,
2946 4179 3017 4232 sit
3062 4177 3339 4241 standum,
3370 4185 3498 4230 ante
3528 4191 3750 4227 annum

2150 4275 2285 4333 1055
2316 4276 2575 4329 Sanctum
2606 4282 2888 4336 nostrum,
2938 4286 3063 4323 cum
3095 4267 3406 4323 scholarum
3449 4266 3755 4336 pragfecut-

2150 4384 2293 4433 ram,
2341 4366 2442 4421 nisi
2471 4380 2593 4420 cum
2633 4364 2747 4435 jam
2798 4361 3111 4431 aliquandiu
3162 4359 3473 4425 docuisset,
3509 4359 3759 4427 adeptus

2151 4460 2323 4517 fuisse
2369 4472 2477 4512 non
2517 4456 2789 4519 videatur,
2825 4453 3125 4509 Remenses
3170 4449 3388 4506 scholas
3439 4450 3638 4503 docere
3673 4450 3759 4501 in-

459 4574 653 4629 sticam
687 4573 1026 4642 disciplinam
1064 4570 1430 4646 promovere,
1473 4579 1527 4626 et
1559 4572 1625 4626 de
1660 4571 1944 4643 omnibus,
1976 4572 2042 4632 ad
2076 4561 2119 4615 D
2147 4552 2378 4646 C‘BPisse
2399 4591 2413 4616 ν
2448 4548 2734 4646 δίςεξθηιξυηι
2763 4554 3009 4646 impare“
3044 4543 3240 4646 verf'f“
3289 4556 3413 4646 cul‘.‘
3460 4554 3561 4593 "9°
3597 4538 3758 4593 Mar“

460 4665 702 4721 divinum
748 4664 950 4718 cultum
983 4661 1389 4732 spectantibus,
1423 4661 1553 4721 dum
1594 4662 2047 4732 interrogaretur,

463 4757 815 4827 respondere.
871 4755 995 4809 Hmc
1022 4764 1117 4829 aut
1151 4762 1301 4817 certe
1332 4768 1436 4815 non
1469 4752 1696 4813 multum
1738 4752 2049 4812 ablndcntia

461 4864 527 4903 ex
557 4847 919 4903 Thomassino
942 4845 1015 4899 De
1041 4845 1204 4901 veleri
1230 4855 1281 4897 et
1308 4860 1442 4898 nova
1476 4844 1732 4903 Ecclesize
1763 4844 2047 4914 disciplina

463 4950 596 4995 tom.
630 4938 680 5004 Ι,
714 4937 807 4992 lib.
837 4953 921 5002 ιιι,
949 4952 1069 5005 cap.
1109 4934 1198 4998 70,
1233 4951 1383 4989 num.
1414 4936 1447 4989 8
1487 4945 1541 4988 et
1567 4950 1633 4989 ex
1665 4933 1879 5004 Papyrii
1908 4934 2052 4989 Mas-

464 5031 587 5085 soni
616 5028 919 5085 Annalibus
968 5029 1020 5082 in
1048 5026 1298 5099 Philippo
1345 5027 1427 5082 fas
1476 5036 1559 5083 est
1594 5027 1880 5097 colligere,
1925 5027 2050 5083 licet

466 5120 691 5175 interim
736 5118 1072 5173 scholarchae
1124 5132 1217 5172 seu
1268 5116 1577 5183 scholastici
1622 5117 1890 5178 officium.
1925 5132 2047 5172 cum

463 5228 572 5268 non
602 5210 784 5267 desint
813 5210 1002 5275 modo,
1035 5209 1127 5281 qui
1158 5209 1285 5264 alibi
1317 5208 1571 5265 liberales
1601 5217 1750 5263 artes
1782 5211 2047 5272 doceant,

466 5305 519 5358 in
547 5302 797 5360 ecclesiis
826 5310 933 5356 tam
964 5300 1258 5373 majoribus
1281 5316 1378 5359 seu
1419 5301 1827 5369 cathedralibus
1844 5342 1858 5365 ,
1882 5315 2045 5371 quam

465 5396 621 5460 aliis,
655 5403 918 5465 quantum
968 5394 1033 5448 ad
1080 5392 1399 5448 exercitium
1428 5407 1624 5463 magna
1666 5406 1730 5453 ex
1778 5400 1931 5461 parte
1978 5390 2050 5445 sit

466 5487 729 5541 abolitum
755 5486 1022 5555 uniceque
1047 5484 1165 5540 fere
1199 5485 1378 5558 quoad
1407 5485 1730 5557 dignitatem
1756 5493 1810 5540 et
1833 5485 2046 5553 titulum

466 5576 812 5631 remanserit.
839 5575 954 5630 Jam
982 5592 1131 5642 vero,
1163 5576 1296 5632 Cum
1329 5576 1599 5643 Sanctus,
1629 5575 1819 5645 utjam
1847 5580 2047 5648 proba-

469 5674 582 5718 tum
616 5673 725 5730 est,
759 5665 1072 5721 scholastici
1117 5680 1210 5721 seu
1239 5666 1575 5722 scholarcha:
1618 5682 1843 5721 munere
1874 5668 1927 5722 in
1959 5682 2049 5723 ec-

466 5754 627 5807 (il-'sia
660 5754 914 5810 Remensi
944 5755 1247 5811 certissime
1287 5756 1453 5812 fuerit
1483 5757 1795 5826 perfunctus
1818 5798 1831 5824 ,
1874 5756 2047 5812 ambi-

2153 4645 2324 4709 lotus,
2356 4657 2457 4697 nec
2503 4634 2850 4713 Morkensius
2892 4646 3102 4715 certam
3150 4635 3271 4700 hic,
3327 4633 3405 4687 uti
3451 4648 3516 4687 ex
3570 4647 3754 4702 supra

2153 4737 2311 4792 dictis
2337 4748 2570 4805 pronum
2618 4738 2707 4787 est
2749 4729 3006 4805 colligere
3034 4768 3047 4794 ,
3080 4727 3243 4781 fidem
3271 4724 3376 4780 sibi
3407 4722 3756 4789 concilient,

2153 4832 2260 4885 alio
2294 4826 2683 4885 recurrendum
2709 4834 2825 4891 est,
2852 4833 2912 4891 ut
2943 4831 3188 4892 tempus,
3217 4834 3325 4890 quo
3354 4818 3573 4874 circiter
3602 4816 3759 4872 San-

2152 4904 2274 4978 ctus
2304 4921 2532 4987 docendi
2566 4918 2777 4987 muneri
2822 4915 2959 4986 apud
2999 4914 3305 4991 Remenses
3335 4928 3454 4969 sese
3486 4912 3751 4978 addixit,

2152 5023 2429 5085 utcunque
2452 5005 3145 5079 determinem.Baldricus,
3170 5006 3339 5060 abbas
3367 5004 3757 5078 Bnrgulieusis

2153 5094 2205 5156 in
2230 5102 2480 5161 versibus
2505 5100 2572 5156 ad
2603 5097 2955 5175 Godcfridum
3003 5097 3366 5171 Remen‘scm,
3409 5095 3649 5149 Bruuoni
3689 5098 3753 5151 in

2153 5192 2464 5257 scholarum
2497 5190 2846 5246 Remensium
2890 5188 3203 5257 magisterio
3236 5205 3262 5240 a
3313 5186 3581 5259 Mauasse,
3627 5188 3743 5243 Rc-

2152 5282 2420 5345 mensium
2471 5260 2746 5344 antistite,
2800 5293 2941 5349 anno
2980 5277 3360 5333 circiter1077
3406 5276 3747 5344 suffectum,

2152 5350 2301 5450 num.
2333 5354 2403 5426 69
2431 5369 2537 5424 huc
2568 5368 2947 5437 transcriptis,
2980 5366 3124 5431 hunc
3154 5364 3507 5420 Godefridum
3536 5380 3746 5433 suum,

2150 5480 2312 5536 quem
2357 5465 2602 5539 impense
2626 5462 2844 5527 laudat,
2876 5478 3000 5517 cum
3030 5460 3361 5516 llerimanno
3386 5477 3452 5518 ac
3477 5461 3753 5521 Bruuonc

2152 5557 2337 5614 Remis
2362 5555 2667 5627 studuisse,
2699 5539 2887 5620 docet,
2918 5569 2983 5632 ac
3005 5553 3199 5610 deinde
3229 5554 3442 5610 subdit:

2224 5688 2302 5743 Tu
2334 5687 2510 5758 fueras
2546 5689 2779 5758 juvenis,
2822 5688 2999 5757 {ueras
3034 5698 3082 5744 et
3110 5690 3314 5743 acutior
3341 5690 3479 5753 illis;

2297 5777 2501 5834 Tertius
2530 5795 2650 5850 ergo
2680 5780 2819 5837 renis
2840 5820 2854 5850 ,
2868 5778 2984 5849 jam
3011 5794 3210 5850 quoque
3246 5781 3442 5851 primus
3479 5797 3613 5837 eras.
