3862 6310
221 369 290 422 sa
1388 339 1395 352 ’
1736 355 1810 415 At

1922 342 1957 412 .’
2584 362 2589 367 -
3420 340 3493 397 η

287 456 534 512 Ccrruaio
560 454 826 524 princeps,
862 451 1101 520 princeps
1137 460 1259 504 tum
1289 448 1375 503 ille
1419 446 1690 503 Mantuae:

360 544 656 608 Successit,
685 542 773 614 qui
800 552 849 595 te
883 549 1148 610 promovet
1186 538 1255 592 ad
1292 538 1559 602 studium;

221 680 574 737 Gotofridum
621 686 803 732 autem
855 675 1018 730 ten-tio
1067 674 1220 739 loco,
1254 672 1306 728 id
1335 682 1444 737 est,
1473 680 1595 741 post
1647 670 1801 725 Heri-

226 784 479 825 nnannnm
507 776 561 822 et
599 766 938 827 Brunonem,
972 765 1170 834 quibus
1216 772 1396 819 tamen
1446 763 1645 833 ingenii
1678 776 1800 816 acu-

223 863 361 917 nnine
390 860 668 929 prmierit,
694 857 762 912 ad
788 856 1100 911 scholarum
1136 855 1480 910 Hennensium
1514 853 1800 921 pranfectn—

223 972 332 1008 ram
353 995 365 1014 ,
396 958 757 1023 promovente
779 963 904 1003 eum
935 947 1000 1001 ad
1052 946 1106 1000 id
1150 961 1349 1001 munus
1377 943 1652 1005 Manasse,
1686 958 1805 1011 pcr-

221 1046 465 1105 vvnissc,
497 1050 735 1111 quatuor
782 1038 888 1092 illis
937 1036 1222 1091 versiculis
1249 1035 1451 1106 (neque
1480 1034 1624 1087 enim
1671 1032 1802 1101 quid

217 1134 359 1187 aliud
391 1130 691 1201 significari
745 1128 896 1183 hisce
945 1141 1135 1199 posse,
1172 1124 1419 1196 apparet)
1470 1123 1614 1178 haud
1645 1122 1805 1178 dubie

218 1227 514 1279 inlicatnr.

284 1342 373 1397 83.
420 1341 564 1397 llinc
595 1354 793 1412 porro,
820 1339 965 1409 quod
1008 1339 1115 1395 huc
1141 1337 1306 1393 unice
1352 1335 1510 1400 facil,
1538 1333 1648 1403 jam
1679 1349 1806 1389 con-

218 1436 486 1507 sequitur,
546 1443 602 1489 ut
659 1432 1022 1488 llerimannus
1073 1422 1428 1489 Remensium
1494 1431 1805 1486 sclnolarnm

216 1528 544 1599 pnefectus,
586 1535 640 1581 et
671 1526 890 1595 quidem
934 1533 1060 1579 ante
1082 1523 1437 1581 Godefridum
1460 1563 1476 1589 ,
1509 1522 1804 1577 exstiterit.

217 1622 394 1687 Quare
432 1606 562 1674 cum
592 1617 644 1671 id
671 1617 917 1671 nnuneris
963 1625 1094 1671 annte
1129 1617 1473 1679 Brunonnenn,
1502 1622 1690 1683 utpote
1718 1614 1805 1667 cui

214 1710 551 1767 Godefridus
577 1710 827 1781 proxime
854 1708 907 1763 in
936 1709 1040 1765 hoc
1084 1708 1252 1763 fuerit
1278 1706 1567 1771 suffectus,
1601 1704 1809 1776 pariter

1829 459 1874 513 Α
1901 447 2055 502 titulo
2106 446 2384 509 scribunnt,
2426 460 2445 496 ι
2484 455 2729 498 sunnnnus
2772 436 3082 495 didascalos
3118 456 3137 488 ι
3180 441 3484 499 crearetur,

1903 538 2116 594 litteras
2154 553 2250 593 seu
2299 534 2575 590 interioris
2619 532 2810 587 saltem
2860 528 3064 583 ordinis
3095 528 3347 581 scientias
3393 528 3491 578 aii-

1902 626 2140 698 quandiu
2168 626 2381 692 Remis,
2410 624 2740 680 llerimanno
2764 619 3073 676 scholarum
3105 616 3426 687 praefectura
3441 633 3491 669 nn

1902 718 2082 772 adhuc
2130 724 2391 788 gerente,
2445 714 2698 770 docuisse
2746 711 3018 775 videatur,
3087 708 3493 762 consectarium

1903 811 2008 875 sit,
2046 820 2107 863 ut
2137 810 2279 863 inter
2318 823 2519 862 annum
2564 804 2702 860 1050
2748 813 2797 858 et
2852 817 3055 855 annum
3096 799 3236 854 1060
3275 798 3492 863 Remis,

1906 902 2021 956 sive
2050 900 2269 956 interim
2292 898 2406 967 jam
2436 908 2546 952 tum
2582 898 2634 950 in
2673 895 2896 949 civitate
2940 890 3195 953 Hennensi
3231 904 3490 953 versans,

1907 992 2226 1064 theologicis
2255 990 2449 1047 studiis
2476 1004 2700 1060 operam
2728 986 2801 1041 ibi
2830 985 3099 1047 dedisset,
3127 985 3242 1037 sive
3269 981 3491 1036 Colonia

1907 1089 2237 1159 Agrippina,
2266 1085 2359 1141 ubi
2409 1086 2525 1139 haec
2566 1082 2886 1136 cxcoluissel
2909 1120 2923 1141 ,
2955 1095 2982 1131 a
3020 1077 3285 1132 Gervasio
3317 1075 3494 1127 ιιι-(τιεί.

1906 1181 2181 1251 episcopo,
2203 1188 2260 1234 ut
2284 1192 2444 1247 supra
2471 1174 2810 1229 Morkensius
2834 1173 2968 1233 vult,
2993 1178 3254 1224 evocatus
3277 1168 3492 1220 demunt

1909 1282 2022 1326 tum
2058 1270 2255 1335 fuerit,
2295 1267 2548 1323 docuisse
2574 1264 2807 1335 primum
2836 1260 3140 1330 inncmperit.

1978 1363 2070 1418 85.
2108 1362 2267 1416 Certe
2309 1374 2430 1413 cunnn
2462 1367 2589 1410 ante
2624 1369 2823 1408 annunn
2864 1352 3000 1406 1050
3035 1366 3174 1406 onnns
3219 1346 3346 1402 illud
3386 1362 3492 1398 nnonn

1909 1452 2243 1521 suscepisse,
2276 1446 2634 1502 indubitatum
2667 1442 2865 1496 idcirco
2890 1448 3142 1510 apparet,
3182 1436 3325 1507 quod
3349 1443 3492 1497 tum,

1911 1540 1986 1592 uti
2020 1553 2085 1593 ex
2113 1551 2275 1605 supra
2308 1534 2469 1589 dictis
2496 1547 2722 1602 pronnunnn
2752 1536 2832 1584 est
2863 1528 3112 1597 colligere
3138 1567 3152 1592 ,
3204 1540 3312 1579 uno
3338 1525 3495 1578 dum.

1913 1638 2062 1683 taxat
2102 1635 2196 1681 aut
2238 1625 2410 1679 altero
2455 1638 2597 1678 anno
2643 1637 2673 1676 e
2728 1618 3078 1690 philosophiae
3133 1616 3309 1671 stadio
3354 1624 3497 1669 esset

1910 1731 2163 1786 egressus
2182 1755 2196 1781 ,
2220 1714 2434 1783 lnocque
2464 1712 2692 1765 decurso
2719 1748 2733 1774 ,
2766 1705 3094 1777 aliquamdiu
3126 1704 3317 1759 saltem
3347 1703 3495 1757 then—-

212 1801 479 1874 εεεεοτῑιι
507 1814 541 1855 θ
568 1808 841 1871 tempore:
867 1813 974 1868 quo
1002 1797 1106 1852 hoc
1135 1796 1500 1851 "erimamms
1530 1792 1798 1864 deposuit:
1832 1822 1874 1880 Β
1902 1806 2092 1877 logicis
2118 1806 2314 1861 studiis
2342 1845 2356 1869 ,
2379 1811 2667 1871 antequam
2719 1799 2913 1853 docere
2959 1796 3219 1865 inceperit
3238 1834 3253 1860 ,
3286 1793 3495 1848 verosi-

218 1900 433 1961 tempus
470 1902 677 1959 prope.
724 1902 833 1956 quo
881 1886 1022 1941 idem
1074 1885 1228 1940 obire
1279 1885 1460 1938 Bruno
1510 1880 1797 1952 innccperit.

215 1986 565 2047 perspectum
612 1975 955 2031 habebimus.
988 1973 1045 2029 In
1098 1974 1227 2028 illud
1257 1988 1388 2045 ergo
1437 1972 1799 2043 inqtniramtns.

215 2069 563 2124 Mabiilonius
591 2054 721 2123 tom.
750 2066 819 2122 IV
850 2066 1232 2121 Analectorum
1267 2066 1462 2120 recitat
1485 2062 1798 2135 epistolann,

214 2175 242 2211 a
270 2158 593 2215 Gozechino
634 2156 925 2212 Leodiensi
971 2156 1302 2211 scholastice
1355 2152 1664 2223 blognntla,
1696 2166 1804 2221 quo

214 2264 333 2304 sese
354 2290 368 2309 .
402 2246 726 2301 Lcodnensis
754 2244 1027 2299 cathedrae
1054 2243 1369 2315 magisterio
1403 2242 1593 2297 relicto
1612 2281 1625 2305 ,
1658 2252 1804 2293 rece-

213 2348 361 2410 perat
387 2378 404 2399 ,
435 2336 804 2407 conscriptam
827 2374 843 2399 ,
888 2336 941 2389 in
973 2349 1076 2398 qua
1117 2335 1237 2400 hic,
1274 2333 1535 2404 tennnporis
1560 2332 1640 2387 sui
1671 2331 1803 2384 vitia

215 2445 263 2484 et
290 2429 470 2493 mala,
521 2441 553 2480 c
579 2425 889 2497 Berengarii
918 2425 1116 2480 erratis
1155 2427 1393 2481 maxime
1438 2436 1559 2479 nata
1579 2465 1594 2489 ,
1624 2422 1803 2493 deplo-

216 2538 371 2588 rans,
406 2536 534 2593 pag.
559 2518 665 2575 385
688 2519 763 2572 ita
790 2517 1028 2585 loquitur
1059 2534 1071 2570 :
1105 2536 1122 2569 ι
1161 2517 1285 2574 llaec
1316 2518 1497 2571 omnia
1529 2516 1804 2585 sapit'rnlor

215 2611 473 2681 despexit
504 2608 872 2663 Herimannus
899 2606 1186 2662 Remensis
1206 2646 1220 2672 ,
1252 2607 1430 2677 Drogo
1460 2603 1801 2670 l’arisiensis,

213 2704 496 2773 Spirensis
513 2701 956 2767 lluoremannus;
982 2699 1417 2771 Bavenbegensis
1437 2699 1802 2763 Meinlnat‘dus,

214 2808 263 2848 et
295 2806 571 2864 praeterea
621 2792 809 2857 multi,
837 2800 892 2848 et
935 2800 1259 2864 pranstantes
1293 2800 1347 2845 et
1397 2791 1680 2861 praecipuae
1710 2804 1805 2842 ann-

215 2884 531 2946 ctoritatis,
562 2882 696 2947 viri,
724 2882 847 2951 qui,
895 2882 1142 2953 praecisis
1185 2881 1507 2951 speciebus,
1546 2898 1564 2933 ι
1606 2880 1658 2934 id
1689 2886 1800 2942 cst,

215 2984 275 3027 ut
325 2971 677 3027 Mabillonius
726 2970 1043 3041 praefatione
1095 2971 1149 3026 in
1199 2970 1456 3025 smculum
1503 2986 1555 3023 vn
1605 2969 1803 3023 Bened.

217 3081 370 3117 num.
396 3078 451 3116 xl
475 3063 894 3132 interpretatur,
925 3080 944 3113 ‹
995 3062 1283 3132 stipendiis
1306 3070 1360 3115 et
1401 3060 1803 3122 emolumentis,

214 3163 277 3207 ct
300 3152 570 3207 abdicatis
608 3151 917 3216 laboribus,
962 3151 1157 3205 studiis
1209 3150 1569 3206 valefecerunt
1595 3192 1609 3217 ,
1644 3160 1698 3203 ct
1727 3166 1808 3203 sa-
1836 3171 1879 3229 ς

216 3241 389 3311 pienti
417 3240 643 3295 consilio
668 3240 785 3303 usi,
826 3242 879 3293 in
912 3238 1197 3307 theologia:
1231 3239 1425 3303 otium,
1463 3257 1481 3289 ι
1518 3239 1569 3293 id
1599 3247 1703 3301 cst,
1731 3238 1807 3292 uti

217 3347 290 3385 ex
318 3329 773 3385 antecedentibus
799 3338 851 3384 et
884 3329 1348 3399 consequentibus
1369 3342 1614 3399 apparet,
1634 3329 1813 3382 llisto-

222 3422 433 3490 tiaeque
462 3420 748 3475 litterariae
789 3419 1034 3475 Francia:
1061 3420 1359 3489 scriptores
1391 3427 1517 3473 tonn.
1554 3418 1620 3471 IX
1640 3458 1655 3484 ,
1686 3433 1807 3488 pag.

218 3509 331 3565 9.31
361 3511 813 3579 interpretantur,
849 3510 903 3564 in
951 3509 1335 3577 solitudinem,
1372 3525 1551 3563 rerum
1598 3510 1810 3563 divina-

222 3616 343 3654 num
375 3599 718 3654 meditationi
745 3615 991 3671 rerutque
1022 3600 1303 3671 sapientiae
1343 3601 1501 3655 unice
1533 3597 1776 3655 vacaturi
1796 3639 1809 3665 ,

227 3712 245 3743 ι
284 3703 701 3749 concesserunt.
741 3711 762 3746 ι

290 3785 388 3840 83.
430 3783 800 3838 Herimannus
827 3796 978 3854 ergo,
1003 3782 1093 3853 qui
1122 3783 1209 3839 lnic
1234 3792 1586 3848 memoratur,
1615 3785 1816 3855 quique

223 3877 404 3939 alius,
452 3884 620 3943 quam
666 3871 1061 3939 llerimannus,
1112 3874 1460 3929 Remensium
1508 3875 1815 3929 scholarum

226 3976 353 4021 ante
384 3964 693 4020 Brunonem
724 3964 1011 4034 praefectus
1061 3979 1156 4020 seu
1209 3966 1529 4021 scholarcha
1571 3966 1818 4037 proxime

224 4058 562 4121 nominatus,
588 4070 710 4111 esse
735 4070 840 4110 nnon
858 4055 1092 4121 videtur,
1122 4057 1175 4110 in
1202 4058 1573 4120 solitudinem,
1612 4058 1816 4111 studiis

225 4147 439 4202 relictis
470 4146 832 4217 abdicatoque
860 4148 1089 4217 proinde
1120 4148 1453 4205 scholarclna:
1472 4151 1668 4215 ollicio,
1699 4166 1819 4207 sese

222 4238 334 4305 jam
370 4249 483 4293 tum
520 4248 826 4309 receperat,
859 4254 981 4295 cum
1012 4239 1297 4311 praefatam
1327 4242 1611 4312 epistolam
1645 4242 1821 4299 Goze-

227 4330 425 4383 cbinus
453 4328 696 4398 scripsit.
728 4329 942 4397 Quare,
970 4346 1093 4386 cum
1142 4331 1195 4386 id
1236 4342 1360 4387 ante
1410 4349 1610 4389 annnunn
1646 4334 1815 4400 1060,

232 4420 307 4473 uti
345 4434 415 4473 ex
453 4419 554 4482 iis,
586 4433 707 4488 quae
733 4418 1074 4478 Mabillonius
1097 4422 1217 4479 loco
1241 4424 1486 4492 proxime
1513 4424 1679 4480 citato
1709 4427 1820 4482 dis-

1908 1898 2110 1952 nnniliter
2130 1910 2350 1966 operam
2374 1891 2604 1949 dederit.
2623 1891 2796 1958 Atque
2813 1888 2884 1941 ita
2903 1886 3059 1940 modo
3076 1885 3358 1946 habemus,
3384 1898 3490 1936 non

1906 1998 2111 2048 tantum
2127 1986 2469 2058 quandonann
2483 1983 2702 2037 circiter
2720 1980 2949 2033 Sanctus
2964 1976 3279 2047 magistrum
3296 1975 3348 2027 in
3364 1974 3495 2027 civi—

1908 2085 2017 2130 tate
2064 2074 2315 2130 Renncnsi
2371 2071 2603 2142 primum
2657 2069 2858 2139 egerit,
2924 2080 3114 2121 verum
3172 2063 3337 2119 etiam
3386 2078 3497 2130 quo

1905 2166 2123 2221 circiter
2164 2175 2405 2233 tennpore
2460 2162 2524 2215 ad
2558 2158 2864 2215 scholarum
2911 2156 3258 2210 Hennensium
3304 2154 3493 2221 praul'ev

1904 2268 2113 2312 eznram
2144 2270 2236 2310 seu
2260 2252 2454 2309 summi
2485 2249 2743 2308 didascali
2782 2265 2978 2303 mtnnnus
3008 2247 3169 2301 fuerit
3198 2253 3494 2315 promotus.

1905 2347 2075 2401 Porro
2104 2346 2338 2401 Sanctus
2368 2360 2474 2399 non
2504 2352 2736 2404 tantum,
2763 2356 2868 2410 qua
2892 2339 2957 2394 de
2986 2339 3099 2409 jam
3122 2341 3255 2392 satis
3282 2347 3459 2389 actunn
3480 2375 3493 2395 ,

1907 2439 2214 2495 scholarum
2254 2434 2632 2507 prchecturam
2664 2432 2846 2487 Remis
2886 2430 3079 2501 gessit,
3123 2443 3309 2482 verum
3335 2427 3497 2479 etiam

1905 2541 1960 2586 et
2001 2529 2427 2599 metropolitannte
2471 2524 2716 2581 ecclesia:
2747 2522 3070 2578 canonnicum
3111 2529 3165 2574 et
3215 2518 3494 2573 cancella-

1907 2623 2046 2678 rinm
2076 2622 2205 2692 egit.
2249 2618 2328 2674 Ac
2365 2617 2597 2688 primum
2625 2616 2839 2686 quidem
2881 2621 3095 2669 constat
3143 2619 3257 2664 tum
3286 2624 3349 2662 ex
3384 2609 3498 2677 pri-

1906 2728 2117 2768 morunn
2148 2719 2385 2781 quatuor
2432 2705 2733 2763 Carthasim
2792 2704 3036 2775 priorum
3086 2700 3356 2756 Chronico
3405 2711 3502 2752 seu

1907 2802 2225 2873 deprompto
2254 2814 2320 2854 ex
2353 2797 2485 2861 hoc,
2546 2792 2691 2864 quod
2729 2807 2875 2845 mnm.
2920 2789 2951 2841 7
2998 2790 3104 2843 huc
3135 2785 3451 2853 transcripsi
3454 2823 3487 2851 λ

1910 2895 2093 2949 Sancti
2125 2892 2321 2962 elogio,
2353 2899 2464 2943 tum
2492 2901 2557 2941 ex
2592 2882 2858 2955 Sigeberti
2890 2879 3299 2937 Gennblacctnsis
3324 2876 3499 2931 Chro-

1912 2983 2062 3047 nico;
2096 2983 2149 3036 in
2186 2981 2381 3050 quibus
2415 2975 2676 3032 ambobus
2703 3016 2717 3040 ,
2749 2970 3085 3045 perantiquis
3110 2984 3243 3023 sane
3266 3010 3280 3034 ,
3315 2967 3498 3021 habita

1912 3073 2120 3126 ratione
2174 3070 2240 3123 ad
2296 3077 2533 3136 tempus.
2589 3078 2695 3133 quo
2757 3071 2878 3133 post
2952 3057 3222 3113 Brunonis
3292 3056 3500 3108 obitum

1911 3162 2111 3232 scripta
2170 3168 2327 3224 sunt,
2401 3153 2804 3218 monumentis,
2852 3170 2869 3204 ι
2908 3150 3148 3207 ecclesia:
3219 3146 3505 3201 Rennncnsis

1911 3249 2154 3307 canonici
2194 3268 2211 3302 n
2248 3247 2402 3304 titulo
2430 3244 2755 3315 insigniter;
2804 3242 2946 3312 quod
2976 3249 3157 3294 autem
3188 3238 3252 3291 ad
3289 3236 3504 3291 canch

1912 3340 2285 3398 lariimunus,
2338 3335 2481 3407 quod
2528 3333 2731 3404 pariter
2757 3330 2985 3394 obicrit,
3034 3335 3272 3398 spectat,
3328 3326 3504 3380 manni-

1915 3432 2111 3486 festum
2136 3430 2189 3485 id
2220 3430 2291 3485 sit
2336 3427 2421 3483 vel
2468 3441 2533 3481 ex
2565 3424 2714 3488 sola,
2764 3423 2849 3478 cui
2897 3422 3109 3483 Bruno,
3166 3435 3196 3473 a
3240 3433 3298 3473 se
3341 3415 3503 3472 veluti

1916 3521 2242 3578 cancellario
2307 3518 2555 3588 scripue,
2624 3516 2788 3569 etiam
2848 3512 3198 3582 subscripsit,
3258 3509 3503 3570 Charta.

1916 3626 2061 3665 annno
2097 3608 2234 3664 1076
2272 3623 2301 3662 a
2343 3606 2586 3661 Manasse
2629 3604 3041 3674 archiepiscopo
3079 3602 3132 3656 in
3162 3598 3394 3656 abbatiae
3444 3596 3503 3651 S.

1918 3702 2093 3758 Basoli
2140 3701 2379 3754 favorenn
2429 3712 2706 3752 concessa.
2762 3695 2917 3751 Hanc
2967 3695 3208 3758 idcirco,
3262 3698 3419 3761 prout
3451 3690 3503 3743 in

1919 3800 2110 3865 qnnarto
2132 3789 2418 3845 Annalium
2444 3786 2911 3843 Carthusiensium
2953 3784 3090 3840 libro
3126 3782 3361 3839 nondum
3394 3779 3504 3837 vul-

1920 3892 2046 3955 gato
2073 3880 2389 3945 exhibetur,
2424 3878 2530 3933 huc
2563 3878 2887 3934 transcribo.

1989 3973 2077 4029 85.
2121 3972 2212 4026 Sic
2241 3970 2404 4025 habet
2429 3986 2442 4022 :
2480 3986 2499 4019 ι
2527 3967 2585 4022 In
2617 3967 2834 4022 nomine
2864 3966 3041 4021 Patris
3069 3975 3124 4021 ct
3152 3964 3273 4021 Filii
3302 3973 3356 4020 et
3386 3963 3507 4035 δρία

1922 4064 2057 4117 ritus
2089 4059 2281 4115 sancti.
2343 4059 2453 4128 Ego
2499 4057 2816 4121 Manasses,
2867 4054 3126 4111 ineffabili
3178 4056 3269 4110 Dei
3321 4055 3504 4124 provi—

1922 4152 2100 4208 dentia
2130 4150 2415 4205 ltemensis
2436 4149 2896 4218 archiepiscopus,
2926 4147 3322 4219 praeteritorum
3348 4155 3508 4214 atque

1922 4241 2222 4297 futurorunn
2263 4253 2502 4305 memor,
2544 4240 2776 4311 qualiter
2815 4239 2996 4294 onnnnia
3040 4239 3317 4292 rnim‘mm
3346 4244 3511 4305 atque

1922 4335 2165 4390 defectus
2221 4333 2549 4388 detrinnnennta
2614 4330 3115 4401 irrccuperabiliter
3190 4327 3504 4399 patiantur:

1922 4426 2047 4495 quia
2109 4424 2232 4479 vita:
2288 4438 2421 4478 mete
2478 4432 2677 4478 statum
2738 4435 2844 4475 nonn
2910 4434 3126 4489 semper
3189 4420 3507 4473 duraturunn

228 4510 395 4574 serit,
443 4508 605 4565 facile
648 4510 953 4581 intelliges,
1004 4514 1223 4569 indubie
1272 4515 1491 4582 fecerit,
1521 4527 1646 4571 ante
1674 4516 1818 4571 lnnnc
1849 4508 1895 4567 D
1923 4516 2181 4588 cognovi,
2224 4530 2442 4568 nnnanunn
2491 4513 2773 4568 charitatis
2803 4510 3126 4581 porrigenda
3157 4509 3349 4565 anima:
3376 4524 3512 4563 metu

229 4600 407 4671 ipsum
462 4616 665 4656 annum
723 4602 1072 4659 Remensium
1141 4604 1452 4660 scholarum
1508 4609 1819 4676 magisterio

229 4707 350 4747 sese
404 4690 769 4747 ﬂerinnannns
808 4692 921 4761 jam
981 4695 1281 4749 abdicarat.
1334 4695 1454 4750 .Iam
1485 4712 1645 4763 vero,
1694 4713 1817 4752 cum

230 4779 566 4835 llerimanno
595 4782 843 4848 proxime
873 4798 939 4836 ex
971 4783 1131 4838 dictis
1158 4782 1324 4839 fuerit
1353 4784 1584 4839 Sanctus
1634 4794 1822 4841 noster

230 4868 513 4933 suffectus,
537 4884 880 4941 consequens
898 4881 1005 4938 est,
1040 4882 1101 4926 ut
1141 4874 1229 4928 lnic
1251 4874 1665 4928 verosimillime
1693 4885 1819 4930 annte

232 4958 482 5014 eumdem
515 4959 720 5014 dictum
750 4976 951 5015 annum
1000 4960 1141 5018 1060
1183 4978 1213 5016 a
1262 4962 1550 5028 Gen-asin,
1588 4964 1821 5020 Remen-

235 5053 374 5106 sium
424 5053 869 5125 archiepiscopo,
922 5057 1139 5112 scholas
1198 5056 1496 5113 Renttenses
1557 5061 1821 5129 regendas

236 5144 535 5212 acceperit,
588 5159 653 5199 ac
687 5145 881 5214 proin,
930 5155 989 5201 ut
1034 5146 1320 5211 Man-lotus,
1357 5151 1447 5217 qui
1482 5149 1570 5217 id,
1620 5159 1674 5203 ut
1704 5149 1819 5217 jam

237 5244 396 5298 supra
423 5229 509 5284 bis
534 5232 755 5294 monui,
789 5248 931 5288 annuo
978 5233 1118 5289 1056
1150 5233 1353 5289 factum
1384 5237 1606 5301 statuit,
1630 5251 1660 5291 a
1693 5253 1822 5294 vero

239 5320 417 5374 forsan
469 5336 577 5376 non
628 5322 854 5378 multum
912 5324 1205 5380 abcrrarit.
1272 5325 1635 5393 Quannobrem
1695 5345 1819 5383 eum

242 5409 474 5467 Sanctus
497 5414 775 5481 equidem,
803 5425 1095 5486 antequam
1127 5418 1440 5475 scholarum
1469 5421 1817 5478 Remensium

242 5503 528 5569 pmfectus
556 5519 650 5559 seu
680 5522 999 5577 magnorum
1031 5511 1337 5567 studiorum
1374 5522 1571 5579 rector,
1603 5524 1661 5567 ut
1690 5514 1823 5569 Cui-

245 5595 425 5650 Inertus
472 5596 541 5650 de
589 5595 892 5667 Novigento
937 5614 1100 5671 supra
1133 5601 1386 5657 laudatus
1435 5602 1692 5672 loquitur,
1729 5614 1818 5657 aut

245 5683 403 5737 etiam
423 5725 437 5749 ,
465 5694 529 5738 ut
554 5684 853 5756 Regulares
876 5688 1120 5745 ecclesiae
1142 5690 1198 5743 S.
1236 5690 1504 5746 Vincentii
1537 5692 1817 5747 Nolicnses

248 5775 489 5833 canonici
510 5792 673 5848 supra
702 5779 907 5848 pariter
928 5779 980 5837 inn
1006 5779 1222 5839 funebri
1247 5800 1344 5839 suo
1373 5783 1437 5838 dc
1566 5784 1817 5839 Brunone

1921 4618 2135 4676 portum
2193 4603 2695 4673 tranquillissimum
2752 4604 2934 4659 studui
3007 4615 3332 4674 praeparare.
3394 4599 3509 4654 liae

1924 4698 2085 4769 igitur
2108 4696 2435 4752 necessitate
2462 4704 2517 4750 et
2538 4711 2666 4751 cura
2712 4696 2843 4750 mihi
2874 4694 3292 4750 commissarum
3334 4692 3535 4749 ecclco-

1922 4790 2123 4843 siarum
2148 4787 2480 4857 compulsus,
2500 4797 2552 4843 et
2571 4787 2764 4843 abbate
2787 4786 3065 4857 Stephano
3093 4788 3144 4842 id
3160 4786 3506 4857 deposcente,

1922 4879 2045 4934 dedi
2075 4888 2129 4934 et
2155 4879 2359 4949 subjeci
2400 4879 2651 4935 coenobio
2680 4880 2854 4934 sancti
2904 4878 3081 4933 Basoli
3124 4878 3318 4933 altaria
3362 4878 3504 4941 duo,
3540 4934 3543 4935 ν

1921 4969 2112 5025 Alteize
2150 4969 2403 5026 videlicet
2428 4979 2483 5027 et
2512 4970 2790 5040 Caprillae,
2824 4978 2881 5023 ut
2916 4984 2979 5024 ea
3012 4969 3211 5024 fratres
3248 4977 3510 5039 perpetuo

1924 5063 2043 5118 sine
2072 5071 2361 5131 personata
2393 5070 2639 5126 teneant,
2683 5068 2893 5115 tantum
2934 5064 3283 5116 snunnnaticos
3308 5059 3509 5131 persoL

1924 5165 2070 5218 vant,
2094 5167 2148 5211 ct
2173 5172 2269 5226 pro
2283 5172 2394 5221 me,
2423 5155 2600 5225 quoad
2626 5157 2821 5219 vivannn,
2844 5153 2979 5209 duas
2999 5154 3145 5210 omni
3171 5151 3508 5209 hebdomada

1924 5248 2152 5313 missas,
2189 5263 2351 5302 unam
2382 5247 2663 5317 privatim,
2719 5246 2941 5299 alterann
2983 5261 3111 5300 vero
3150 5244 3513 5299 communiter

1924 5338 2200 5392 celebrent
2234 5356 2245 5391 :
2278 5346 2439 5407 atque
2465 5352 2559 5407 per
2590 5335 2829 5407 singulos
2855 5352 3028 5393 annnos
3060 5337 3112 5389 in
3143 5335 3504 5389 anniversarii

1924 5427 2027 5481 inci
2053 5427 2140 5481 die
2167 5425 2407 5495 ejusdem
2424 5427 2674 5485 .ecclcsize
2703 5426 2899 5483 fratres
2925 5427 2990 5482 de
3014 5425 3225 5481 illorum
3250 5424 3511 5482 altarium

1925 5515 2190 5570 reditibus
2231 5517 2282 5569 in
2329 5515 2955 5586 refcctoriorcgularitcr
2976 5514 3280 5585 epulenntur.
3302 5515 3358 5571 Si
3384 5519 3507 5587 quis

1922 5620 1981 5658 ea
2017 5606 2138 5659 inde
2159 5606 2461 5668 abstulerit,
2488 5606 2773 5660 annatlnenna
2800 5606 2888 5660 sit.
2919 5607 3112 5661 Actunn
3149 5606 3337 5663 Remis
3365 5624 3507 5661 anno

1924 5698 2215 5753 liotninica‘
2232 5697 2619 5753 lncarnationis
2636 5695 2919 5751 millesimo
2935 5699 3332 5768 septuagesimo
3354 5708 3512 5753 sexto

1925 5789 2071 5861 regni
2125 5799 2302 5843 autem
2348 5787 2579 5858 Philippi
2635 5789 2774 5859 regis
2815 5805 2963 5855 sun;
3010 5791 3528 5861 archiepiscowntus.
