4016 6310
14 5624 21 5685 ε

12 5716 21 5779 l

527 363 597 422 rs
1318 370 1373 428 s.
1418 374 1764 433 unuaoxrs
1803 373 2444 432 canrnusraxonuu
2489 370 2973 433 lNSTlTUTORlS
3712 361 3783 420 56

524 496 652 536 vero
676 479 855 537 domm
886 481 1134 539 Manasse
1172 482 1273 539 VII.
1296 485 1606 543 indictione
1645 496 1837 559 quarta
1869 490 2096 544 decima.
2128 490 2172 545 A
2202 488 2322 555 hic,
2353 488 2675 558 subscriptis
2701 528 2716 553 ,
2750 484 3201 541 monasteriorum
3246 498 3340 537 seu
3393 478 3736 534 abbatiarum
3763 517 3784 541 .

528 571 750 641 Signum
781 572 1045 629 Guidonis
1075 575 1461 631 archidiaconi.
1497 578 1551 632 S.
1592 581 1813 635 Guarini
1840 578 2105 634 archidia-

528 664 673 716 coni.
708 664 932 732 Signum
960 665 1205 720 Manasse
1230 671 1521 737 praepositi.
1557 671 1613 726 S.
1644 671 1864 725 Leuvini
1891 668 2100 723 decani.

528 755 586 805 ὃ.
626 753 828 809 Odonis
852 758 1112 811 cantoris.
1144 757 1202 811 S.
1241 757 1455 815 Heurici
1484 763 1714 815 abbatis.
1765 761 1823 814 S.
1853 759 2101 815 Jolzelini

528 844 760 900 abbatis.
805 845 863 902 S.
901 846 1129 902 Gebuini
1169 850 1401 905 abbati‘.
1436 852 1492 906 S.
1535 850 1832 905 Raimbaldi
1869 851 2099 906 abbatis.

527 933 584 986 S.
635 935 875 992 Dndonis
912 938 1123 993 decani.
1182 939 1239 994 S.
1298 942 1558 996 Dominici
1590 942 1799 995 decani.
1849 942 1906 996 S.
1942 942 2139 996 Lani-~

524 1023 664 1079 berti
689 1029 896 1083 decani.
933 1028 989 1082 S.
1024 1027 1255 1086 Bavouis
1278 1034 1486 1088 iiecani.
1522 1034 1578 1087 S.
1616 1032 1865 1088 Widonis
1891 1035 2097 1090 militis.

523 1109 581 1163 S.
613 1113 819 1169 Alberti
856 1118 1061 1172 militis.
1113 1120 1171 1173 S.
1226 1120 1513 1191 Rodulphi.
1570 1122 1628 1176 S.
1682 1122 1995 1194 Haymonis.
2038 1125 2096 1180 S.

519 1196 815 1255 Lamberti.
836 1203 1016 1260 Druno
1034 1211 1383 1264 cauccllarius
1399 1213 1613 1282 scripsit
1629 1224 1682 1269 et
1703 1216 2040 1287 subscripsit.
2075 1241 2093 1272 ι

590 1289 679 1342 86.
713 1291 911 1347 Charta
937 1295 1051 1351 hzec
1073 1300 1210 1367 apud
1233 1300 1516 1357 Marlotum
1540 1320 1773 1375 quoque.
1803 1308 1892 1376 qui
1919 1318 2097 1364 tamen

517 1381 660 1434 unde
710 1397 830 1437 eam
875 1389 1180 1457 acceperit,
1230 1406 1336 1447 non
1364 1394 1558 1459 edicit,
1592 1407 1721 1453 tom.
1759 1398 1800 1452 ll
1851 1398 2098 1455 Historia:

518 1472 831 1539 metropolis
876 1474 1158 1533 Remensis
1199 1495 1321 1553 pag.
1365 1484 1465 1537 170
1506 1498 1559 1541 et
1607 1504 1722 1558 seq.
1755 1501 1970 1554 exstat,
2017 1494 2093 1547 ut.’

518 1558 680 1612 etiam
725 1563 779 1615 in
826 1580 951 1632 ms.,
1011 1569 1076 1621 de
1125 1586 1233 1639 quo
1268 1588 1414 1627 num.
1466 1576 1566 1642 28,
1623 1581 1689 1634 de
1736 1579 1794 1634 S.
1845 1581 2095 1638 Brunone

518 1656 796 1718 tractatu,
871 1669 900 1707 a
970 1655 1073 1710 PP.
1133 1660 1505 1719 Carthnsianis
1554 1668 1825 1739 hujatibus
1883 1686 2092 1727 mecum

514 1743 942 1809 communicato,
975 1756 1033 1800 ut
1065 1749 1292 1817 proinde
1337 1755 1434 1809 tria
1462 1758 1700 1827 ejusdem
1751 1762 2091 1819 instrumenti

2208 580 2402 650 quibus
2432 580 2484 634 hi
2518 579 2780 649 praal'uere
2802 616 2819 644 ,
2844 577 3061 632 nomina
3086 571 3411 643 adjungens,
3457 583 3576 639 qua:
3605 576 3786 620 tamen

2206 682 2274 721 an
2325 684 2389 722 ex
2447 669 2564 739 ipso
2631 667 3001 737 autographo,
3056 665 3200 733 quod
3250 662 3389 716 forte
3432 660 3498 713 ad
3562 670 3785 712 manum

2206 759 2489 825 habuerit,
2543 775 2611 814 an
2643 774 2771 814 vero
2815 773 2881 812 ex
2932 755 3187 819 Marloto,
3242 768 3401 822 quem
3453 751 3509 804 in
3542 746 3789 815 margine

2204 850 2359 914 citat,
2389 850 2654 915 hauserit,
2679 866 2784 904 non
2803 849 2977 903 habeo
2998 848 3239 910 edicere,
3268 860 3333 900 ac
3357 843 3508 912 proin
3543 849 3788 900 rectene,

2204 958 2271 994 an
2326 956 2515 1010 secus,
2576 943 2791 997 nomina
2835 941 2924 995 illa
2972 939 3258 994 abbatibus
3307 936 3447 1005 apud
3499 931 3788 988 Marlotum

2203 1044 2572 1103 apponantur,
2609 1034 2661 1088 in
2701 1033 2877 1088 medio
2906 1031 3150 1100 relinquo
3174 1070 3189 1094 ,
3238 1038 3291 1083 et
3324 1029 3376 1082 in
3403 1036 3649 1093 tempus,
3677 1038 3792 1092 quo

2202 1123 2433 1180 Sanctus
2449 1127 2680 1196 primum
2695 1124 2979 1181 Remensis
2998 1121 3235 1179 cancella
3244 1120 3356 1175 rius
3367 1127 3584 1174 creatus
3597 1114 3787 1180 fuerit,

2203 1234 2343 1272 nunc
2376 1218 2609 1286 inquiro.

2268 1290 2356 1363 88.
2397 1308 2684 1371 Marlotus,
2736 1307 2931 1378 saepius
2986 1305 3099 1375 jam
3161 1302 3449 1365 laudatus,
3530 1296 3789 1353 Historia!

2199 1397 2511 1465 metropolis
2544 1396 2823 1452 Remensis
2847 1406 2977 1450 tom.
3009 1395 3083 1459 ll,
3136 1408 3258 1463 pag.
3307 1390 3410 1446 151
3439 1390 3517 1444 sic
3543 1386 3735 1443 scribit
3769 1401 3785 1439 :

2205 1504 2222 1535 ι
2272 1485 2720 1555 Fragmentum...
2771 1485 3025 1539 Historia:
3063 1482 3336 1547 Francize,
3391 1496 3509 1549 qua:
3539 1477 3730 1546 incipit
3755 1487 3790 1529 a

2198 1576 2474 1646 Philippo,
2516 1578 2580 1632 dc
2629 1576 2881 1630 Brunone
2913 1574 3181 1644 loquitur,
3232 1572 3338 1627 acsi
3392 1569 3579 1625 Remis
3623 1576 3791 1621 natus

2197 1664 2408 1721 fuisset.
2439 1667 2507 1719 At
2539 1666 2811 1720 Manasses
2851 1664 3087 1734 Epistula
3120 1664 3303 1717 statim
3352 1661 3570 1716 citanda
3630 1673 3790 1712 scru-

2198 1754 2378 1825 pzrlurn
2414 1764 2627 1809 amovet
2657 1755 2743 1809 bis
2772 1754 2986 1808 verbis:
3038 1770 3056 1804 ι
3094 1752 3190 1806 Hic
3226 1752 3409 1805 Bruno
3454 1764 3554 1804 nec
3600 1757 3791 1802 noster

512 1832 841 1901 exemplaria
875 1846 998 1891 ante
1025 1841 1211 1897 oculos
1236 1823 1504 1902 habeam.-
1524 1850 1702 1920 Atque
1729 1852 1844 1907 haec
1875 1856 2091 1922 quidem

2204 1866 2220 1896 ι
2260 1856 2416 1900 natus
2446 1856 2558 1912 est,
2628 1861 2725 1900 nec
2777 1854 3020 1899 renatus.
3076 1863 3094 1895 ι
3151 1843 3443 1898 Hernensis
3491 1841 3684 1910 igitur,
3727 1846 3790 1891 ut

511 1922 690 1975 omnia
720 1932 830 1979 tum
878 1928 928 1980 in
981 1932 1123 1986 notis
1171 1933 1473 2000 chronicis,
1529 1941 1726 2011 quibus
1771 1943 2090 2013 signantur,

512 2020 623 2107 tum
653 2015 732 2107 _in
767 2019 976 2084 verbis,
1011 2025 1205 2093 quibus
1244 2039 1506 2107 concepta
1551 2044 1708 2100 sunt,
1737 2037 1803 2089 ad
1832 2037 2092 2091 amussim

514 2100 625 2191 fere
652 2104 792 2160 inter
830 2122 888 2163 se
942 2124 1270 2179 consonant;
1328 2125 1382 2170 at
1416 2100 1518 2173 non
1562 2121 1689 2176 item
1736 2124 1789 2177 in
1823 2124 2091 2191 testibus,

515 2186 880 2284 instrumento
935 2201 1283 2272 subscriptis;
1341 2218 1701 2280 prmterquam
1751 2214 1898 2268 enim
1950 2186 2092 2284 Quod

513 2278 719 2375 aliquot
767 2286 961 2343 horrrm
1008 2294 1226 2349 nomina
1267 2278 1645 2357 Marlotianum
1673 2278 2094 2375 exemplar-alio

515 2373 707 2439 modo,
738 2391 900 2445 quam
928 2395 1035 2449 quo
1060 2382 1113 2438 id
1141 2386 1247 2441 duo
1276 2389 1479 2460 reliqua
1505 2373 1843 2464 exemplaria
1865 2396 2089 2463 faciunt,

512 2464 708 2533 Scripta
768 2469 1060 2538 exhibeat,
1120 2476 1442 2544 abbatibus,
1496 2483 1699 2538 chartm
1734 2486 2089 2557 subscriptis,

514 2560 825 2612 monasterii
852 2577 943 2615 seu
973 2565 1203 2622 abbatire
1231 2571 1315 2624 cui
1350 2572 1545 2642 singuli
1576 2577 1869 2643 prterirere,
1894 2593 2091 2633 nomen

512 2645 756 2718 :Mjungit
778 2692 792 2715 ,
819 2655 1038 2721 quodin
1066 2658 1276 2714 duobus
1301 2662 1422 2717 aliis
1440 2668 1841 2736 exemplaribus
1869 2686 1973 2725 non
2011 2672 2090 2736 iit,

511 2740 760 2809 quodque
794 2760 861 2798 an
904 2747 956 2801 in
1002 2747 1322 2807 Marlotiano
1378 2767 1523 2810 recte
1576 2759 1697 2822 liat,
1761 2762 1902 2815 haud
1958 2765 2092 2818 satis

512 2829 684 2885 habeo
709 2848 1065 2905 compertum.
1096 2843 1410 2914 Anonyrnus
1435 2848 1648 2902 interim
1676 2850 2088 2920 Cartlmsianus,

511 2925 794 2980 Annalium
838 2931 1045 2987 ordinis
1073 2934 1153 2987 sui
1188 2934 1310 2990 libri
1348 2940 1522 3006 qttarti
1564 2953 1781 3006 auctor,
1836 2946 2039 3000 charta:
2063 2963 2090 3001 a

511 3016 1280 3094 s'recitata-scquentem,qua
1305 3028 1368 3080 ha
1412 3046 1513 3083 cex
1535 3034 1866 3102 autographo
1899 3035 2095 3089 lesum-

510 3114 687 3169 piam,
716 3108 984 3175 declarat,
1011 3112 1413 3170 adnotationem
1456 3119 1723 3189 Slllljllllgil
1760 3140 1772 3175 :
1845 3141 1862 3173 ι
1901 3122 2093 3177 Extra-
2122 3156 2166 3217 Ο

511 3204 654 3248 ctum
708 3197 1273 3267 fuit(instrumentum
1327 3208 1531 3264 scilicet
1589 3228 1682 3266 seu
1736 3213 1922 3267 charta
1976 3212 2087 3280 jam

515 3289 755 3355 recitata)
813 3306 874 3344 ex
916 3292 1213 3364 Originali,
1268 3298 1440 3365 sigillo
1502 3302 1707 3371 majore
1756 3319 1894 3358 cera:
1941 3303 2090 3358 ﬂava:

514 3378 778 3445 sigillato,
816 3382 866 3435 in
897 3383 1049 3453 cujus
1073 3388 1276 3440 concha
1312 3389 1571 3458 impressa
1606 3402 1689 3447 est
1721 3394 1898 3464 imago
1922 3395 2091 3449 beata:

517 3467 749 3541 Virginis
812 3473 1022 3539 Maria),
1090 3477 1275 3532 dextra
1343 3481 1437 3534 lavv
1474 3499 1579 3552 que
1625 3484 1806 3539 Jesurn
1868 3502 2090 3554 puerum

514 3562 767 3616 tenentis.
812 3563 924 3619 lloe
961 3566 1377 3623 instrumentum
1412 3574 1685 3627 inventum
1736 3574 1836 3628 l'uit
1869 3574 1920 3628 in
1957 3591 2093 3644 prae-

513 3650 623 3704 fata
646 3653 858 3708 abbatia
891 3656 1075 3712 Sancti
1112 3658 1285 3713 Basoli
1319 3665 1384 3715 ad
1437 3663 1631 3716 Remos
1674 3680 1767 3735 per
1804 3668 2089 3735 quemdam

518 3740 580 3794 Υ.
610 3742 671 3797 Ρ.
712 3747 1035 3800 monachum
1071 3748 1477 3805 Beriedirtznrrn
1521 3754 1823 3809 reformata:
1868 3772 2094 3826 congre-

516 3837 776 3903 gationis.
805 3837 1119 3908 Compendii
1150 3853 1612 3904 comrnorautem.
1666 3861 1808 3900 anno
1844 3846 2011 3909 1619.
2040 3858 2093 3901 et

515 3929 726 3981 uridam
749 3930 1117 3987 Carlhusicnsi
1134 3934 1323 3987 dornns
1341 3935 1652 3991 Montis-Dei
1669 3939 2092 4008 commodatum,

515 4036 579 4073 cx
612 4021 766 4090 cujus
797 4023 1014 4092 scriptis
1039 4024 1165 4079 illud
1189 4027 1444 4082 eruimus.
1488 4048 1504 4079 ι

585 4112 673 4166 87.
716 4112 1057 4171 Mabillonius
1082 4126 1293 4181 autem,
1335 4120 1423 4188 qui
1460 4120 1746 4174 Annalium
1791 4121 2095 4177 Benedicti-

517 4213 705 4254 norurn
731 4201 824 4257 lib.
852 4218 997 4270 urv,
1025 4220 1171 4258 num.
1222 4205 1323 4261 1‘29
1355 4208 1573 4267 chartae.
1608 4208 1711 4261 huc
1740 4208 1849 4277 jam
1887 4210 2095 4282 integre

520 4294 883 4365 transcriptae,
924 4304 1133 4364 partem
1168 4297 1389 4357 reci:at,
1430 4297 1626 4367 quique
1670 4299 1844 4367 ipsum
1888 4300 2094 4355 instru-

518 4382 683 4435 menti
732 4382 891 4451 hujus
946 4386 1336 4454 autographum
1385 4394 1479 4439 aut
1532 4397 1678 4440 certe
1725 4390 2092 4444 anthenticurn

2196 1952 2472 2006 auguror,
2528 1946 2752 1991 vocatur
2798 1936 2913 2000 hic,
2965 1937 3108 2004 quod
3156 1934 3343 1989 Remis
3410 1933 3619 1987 litteras
3658 1945 3787 1985 cum

2196 2027 2354 2082 laude
2377 2028 2654 2095 professus
2679 2027 2890 2080 dicatur
2907 2065 2922 2091 ,
2943 2025 3390 2094 cancellariaeque
3414 2024 3681 2093 dignitate
3713 2020 3790 2076 ob

2188 2117 2329 2186 juris
2357 2118 2606 2187 peritiam
2634 2117 2864 2172 donatus
2893 2157 2908 2183 ,
2954 2131 3117 2186 quam
3160 2116 3338 2172 adhuc
3387 2114 3628 2171 exercuit
3683 2110 3791 2166 sub

2197 2210 2475 2276 Manasse,
2508 2217 2566 2262 nt
2587 2218 2802 2263 constat
2822 2223 2889 2262 ex
2918 2208 3084 2263 variis
3109 2207 3344 2272 chartis,
3390 2207 3627 2261 maxime
3655 2216 3790 2258 vero

2194 2318 2260 2356 ex
2288 2303 2650 2356 instrumento
2678 2300 3010 2355 fundationis
3050 2300 3224 2354 sancti
3260 2298 3478 2353 Martini
3505 2295 3787 2353 Gemellu-

2196 2406 2313 2445 rum
2336 2391 2589 2445 diaeresis
2611 2389 2989 2444 Ambianensis
3016 2429 3031 2453 ,
3059 2389 3201 2459 quod
3238 2388 3455 2459 publice
3496 2388 3787 2442 recitatum

2194 2489 2277 2534 est
2298 2495 2481 2534 coram
2513 2478 2761 2549 Philippo
2792 2493 2952 2547 rege,
3000 2476 3248 2532 Manasse
3283 2476 3471 2532 Remis
3513 2474 3786 2546 synodum

2197 2581 2450 2636 tenente,
2515 2572 2601 2626 cui
2660 2571 2980 2641 subscripsit
3036 2570 3215 2624 Bruno
3274 2567 3632 2623 cauccllarius
3686 2580 3785 2623 an.

2196 2661 2352 2715 1075.
2394 2681 2411 2713 ι
2449 2660 2525 2715 Ex
2561 2660 2663 2714 hoc
2683 2659 2891 2714 Marloti
2921 2668 3069 2713 textu
3093 2668 3146 2713 et
3168 2673 3234 2712 ex
3263 2658 3479 2723 charta,
3533 2656 3787 2727 proxime

2199 2753 2419 2806 recitata
2446 2766 2698 2821 annoque
2745 2751 2880 2805 107d
2916 2760 3121 2815 notata,
3163 2749 3469 2804 Brunonem
3511 2749 3579 2805 ab
3635 2763 3786 2804 anno

2196 2856 2255 2897 ut
2281 2844 2561 2897 minimum
2594 2843 2729 2896 1075
2754 2843 2818 2895 ad
2857 2858 3057 2897 annum
3086 2856 3255 2911 usque
3288 2842 3424 2895 1076
3466 2839 3784 2896 cancellarii

2196 2933 2478 2989 Rernensis
2509 2946 2730 2987 uumcre
2759 2931 2999 2986 functum
3031 2945 3154 2986 esse
3186 2941 3500 2986 asseverant
3530 2940 3661 2985 tom.
3686 2930 3781 2997 IX,

2195 3042 2317 3096 pag.
2360 3025 2465 3078 231
2527 3024 2779 3078 Historiae
2821 3024 3100 3078 litterariae
3145 3022 3390 3077 Francia:
3442 3021 3778 3090 scriptores:

2197 3128 2249 3169 et
2285 3126 2428 3171 recte
2450 3131 2607 3181 sane,
2661 3115 2706 3170 si
2758 3114 2919 3169 modo
2970 3115 3021 3168 in
3072 3130 3252 3179 anno,
3309 3129 3416 3183 quo
3469 3114 3779 3168 Brunonem

2196 3206 2440 3269 Chartae,
2478 3219 2574 3258 seu
2603 3203 2963 3258 instrumento
2993 3202 3324 3255 l'umlationis
3352 3202 3534 3256 Sancti
3562 3202 3779 3259 Martini

2193 3297 2555 3350 Gerncllorum
2586 3295 3008 3363 subscripsisse,
3048 3293 3309 3347 Marlotus
3345 3294 3449 3359 ait,
3483 3309 3643 3348 error
3671 3311 3778 3348 non

2194 3389 2373 3441 cubet.
2405 3386 2517 3441 Hac
2554 3387 2773 3440 interim
2813 3387 2879 3441 de
2909 3401 2968 3440 re
2995 3386 3349 3440 vehementer
3391 3386 3641 3440 dubitare
3695 3403 3783 3441 me

2194 3480 2326 3534 facit
2352 3495 2477 3544 ηιμ..
2517 3494 2678 3549 quem
2705 3476 2818 3546 jam
2864 3476 3066 3547 pluries
3103 3476 3359 3547 laudavi,
3396 3475 3465 3532 de
3532 3477 3590 3532 S.
3636 3476 3779 3536 Bru-e

2194 3585 2335 3625 none
2378 3568 2697 3636 Tractatus,
2753 3584 2784 3625 a
2837 3568 3216 3624 Carthusianis
3238 3567 3518 3638 hujatibus
3562 3582 3779 3633 mecum

2194 3658 2641 3713 communicatus.

2264 3750 2349 3807 89.
2404 3749 2502 3805 Hic
2548 3750 2693 3804 enim
2749 3763 2898 3803 num.
2932 3747 2998 3802 12
3037 3747 3115 3803 sic
3149 3747 3350 3802 habet:
3386 3764 3405 3797 ‹
3442 3746 3597 3801 Circa
3636 3746 3782 3805 idem

2198 3850 2426 3912 tempus,
2451 3857 2559 3911 quo
2580 3842 2702 3896 data
2730 3839 2831 3895 fuit
2856 3841 2971 3894 haec
2997 3840 3267 3911 (proxime
3292 3838 3380 3893 hic
3391 3836 3505 3907 jam
3530 3838 3781 3909 recitata)

2196 3933 2417 3997 charta,
2449 3932 2722 3987 Manasses
2753 3932 3121 3986 t'undationem
3147 3930 3376 3985 abbatia:
3414 3928 3599 3985 Sancti
3634 3928 3782 3982 Mar-

2201 4023 2293 4078 tini
2328 4022 2697 4078 Gemellorum
2739 4023 2988 4078 dioecesis
3023 4021 3438 4086 Ambianensis,
3488 4029 3614 4075 ante
3672 4030 3784 4083 tres

2197 4130 2368 4170 annos
2431 4116 2664 4180 factam,
2716 4114 2987 4179 ﬁrmavit,
3048 4112 3202 4183 cujus
3261 4112 3626 4167 instrumento
3665 4112 3783 4167 hzcc

2197 4208 2360 4261 verba
2391 4208 2794 4263 conﬁrmatoria
2828 4206 3012 4269 Brnno
3045 4204 3263 4273 adjecit.
3317 4222 3336 4255 ι
3382 4205 3543 4259 Anno
3569 4204 3783 4275 episco-

2204 4318 2220 4350 r
2254 4310 2409 4369 patus
2438 4300 2520 4355 sui
2547 4315 2620 4353 vn
2650 4299 2885 4353 ﬁrmavit
2935 4312 3053 4351 eam
3101 4296 3377 4352 Manasses
3408 4296 3778 4366 archiepiscoo

2203 4410 2220 4442 ι
2253 4406 2370 4461 pus.
2397 4389 2621 4460 Signum
2640 4388 2891 4457 Widonis
2906 4386 3298 4453 archidiaconi,
3320 4394 3375 4441 et
3401 4385 3627 4441 Guarini
3652 4386 3784 4441 Wa-

514 4472 757 4541 rjusdem
784 4474 1064 4545 exemplar
1105 4475 1205 4529 sibi
1248 4475 1594 4545 praebuisse,
1627 4477 1834 4551 innuit,
1876 4479 1950 4535 ita
1997 4482 2173 4545 ibi-1)
2205 4502 2221 4534 r
2262 4477 3781 4551 riciarchidiaconi,etManassetisprarpositi.etLeuvini

516 4568 635 4621 item
665 4569 918 4623 observat
951 4586 964 4621 :
1005 4586 1023 4619 r
1057 4567 1185 4623 Post
1208 4567 1341 4622 duos
1393 4568 1659 4639 (Chartae,
1713 4571 1779 4625 de
1822 4588 1928 4640 qua
1967 4574 2052 4628 hic
2081 4614 2095 4639 ,

515 4657 871 4730 subscriptos)
904 4659 1342 4724 archidiaconos,
1368 4663 1742 4731 pra-positum,
1787 4663 2052 4719 dceanurn
2078 4704 2094 4729 ,

516 4761 571 4802 et
600 4759 884 4805 cautorem
909 4750 1153 4805 ecclesiae
1193 4750 1478 4806 Herneusis
1506 4754 1748 4823 apposita
1778 4764 1903 4811 sunt
1942 4756 2093 4825 signa

518 4842 754 4897 lleinrici
805 4842 1015 4899 abbatis
1047 4841 1234 4896 Sancti
1287 4843 1546 4914 Remigii,
1601 4843 1842 4900 Jotselini
1886 4847 2099 4901 abbatis

515 4934 952 5001 Altivillarensis,
978 4933 1230 4989 Gibbuini
1260 4934 1472 4990 abbatis
1495 4935 1882 5001 Mosonrensis,
1913 4937 2099 4993 Raiut-

517 5026 656 5079 ltltl‘tll
686 5027 899 5082 abbatis
930 5026 1115 5082 Sancti
1139 5025 1477 5093 Theoderici,
1508 5036 1561 5083 et
1583 5028 1833 5084 aliorum.
1866 5050 1885 5082 ι
1919 5029 2098 5085 Bruno

519 5136 538 5165 ι
584 5116 943 5171 cancctlarius
970 5118 1190 5188 scripsit
1229 5127 1283 5172 et
1333 5117 1684 5188 subscripsit,
1729 5140 1747 5172 ι
1800 5122 1939 5174 idem
1969 5163 1982 5184 ,
2040 5130 2096 5176 ut

516 5204 758 5269 videtur,
804 5206 897 5276 qui
948 5222 1053 5261 non
1086 5208 1253 5263 multo
1301 5218 1421 5278 post
1472 5224 1501 5262 a
1545 5207 1793 5266 Manasse
1844 5212 1913 5265 ob
1980 5212 2097 5281 ejus

518 5298 757 5352 facinora
785 5298 1006 5354 recessit
1030 5309 1083 5354 et
1103 5300 1542 5355 Carthusiensem
1565 5303 1813 5377 ordinem
1839 5303 2094 5357 instituit.

519 5390 844 5445 Authentico
882 5391 1096 5447 aﬂixum
1144 5400 1226 5447 est
1271 5392 1501 5463 sigillum
1551 5393 1800 5450 Hanasse
1829 5397 2099 5466 archiepi-

516 5482 708 5551 scopi,
751 5482 1015 5538 exhibens
1066 5482 1293 5553 elligiern
1329 5483 1498 5537 beat-.e
1552 5482 1758 5547 Mariae,
1822 5487 2095 5541 Christum

520 5589 743 5640 puerum
763 5574 813 5628 in
843 5575 1064 5631 sinistro
1090 5576 1312 5631 brachio
1336 5577 1601 5646 gestantis
1624 5593 1743 5631 cum
1779 5578 1878 5632 hac
1900 5578 2096 5633 inscri-

519 5664 725 5727 ptione.
784 5686 802 5715 ‹
851 5665 1121 5721 Manasscs
1160 5666 1451 5721 Remorum
1502 5668 1872 5737 archipraesul.
1916 5688 1932 5718 ι
1975 5668 2096 5723 ll.rc

520 5754 634 5833 ille,
670 5756 986 5826 abbatibus,
1032 5759 1245 5813 Chartae
1293 5778 1385 5811 seu
1436 5760 1824 5822 instrumento,
1879 5760 1942 5812 (lc
1990 5776 2095 5830 quo

2205 4591 2226 4624 ι
2264 4573 2472 4638 tlecani,
2498 4572 2701 4628 Odonis
2734 4572 2995 4627 cantoris.
3036 4571 3215 4625 Bruuo
3248 4570 3605 4627 cancellarius
3636 4572 3781 4627 scri-

2208 4684 2226 4716 r
2257 4668 2391 4736 psit;
2417 4686 2435 4719 ι
2462 4666 2603 4736 quod
2620 4665 2858 4720 siautem
2882 4665 3127 4733 haacquaa
3149 4665 3288 4719 unde
3310 4665 3502 4718 hausta
3517 4664 3648 4729 sint,
3672 4680 3781 4721 non

2200 4760 2450 4823 additur,
2489 4757 2704 4813 veritati
2733 4765 3068 4822 consonent,
3113 4756 3315 4812 Charta
3351 4756 3684 4811 fundationis
3718 4755 3779 4812 S.

2202 4849 2412 4903 Martini
2448 4848 2947 4913 Gemellorunr,seu
2971 4847 3178 4917 potius,
3223 4863 3330 4919 quo
3375 4847 3621 4903 l'undatio
3664 4847 3783 4902 haec

2200 4940 2518 4993 conlirmata
2555 4936 2684 5003 fuit,
2734 4936 3183 5002 instrumentum,
3244 4944 3429 5006 utpote
3482 4934 3780 4999 Manassis,

2198 5030 2510 5085 cathedram
2542 5028 2863 5083 Remensem
2888 5044 3031 5082 anno
3058 5027 3274 5081 demum
3302 5027 3439 5082 1069
3464 5030 3781 5092 consecuti,

2200 5137 2341 5175 anno
2360 5104 2589 5190 septimo
2614 5121 2903 5189 signatura,
2937 5135 3040 5173 non
3069 5133 3209 5173 anno
3240 5117 3407 5183 1073,
3438 5127 3497 5172 ut
3520 5118 3781 5174 Marlotus

2201 5210 2349 5279 (huic
2361 5211 2500 5265 enim
2514 5208 2579 5263 de
2591 5212 2780 5263 eadem
2792 5210 3000 5271 charta,
3017 5210 3082 5264 de
3093 5224 3198 5278 qua
3214 5209 3266 5262 in
3284 5217 3519 5263 tractatu
3533 5210 3751 5264 laudato
3766 5250 3779 5272 .

2200 5316 2378 5355 sermo
2425 5315 2544 5357 esse
2598 5301 2833 5369 videtur)
2872 5300 2989 5354 loco
3028 5300 3191 5354 citato
3236 5308 3430 5366 notat,
3490 5300 3583 5354 sed
3633 5315 3782 5355 anno

2202 5395 2339 5448 1075
2377 5403 2469 5447 aut
2504 5393 2640 5447 1076
2701 5392 2860 5446 fuerit
2907 5392 3181 5446 donatum.
3220 5378 3491 5445 Fortassis
3520 5391 3783 5445 Marlotus

2201 5501 2397 5540 annum
2416 5524 2429 5548 ,
2454 5500 2561 5553 quo
2589 5483 2896 5539 monasterii
2929 5481 2985 5537 S.
3020 5482 3233 5536 Martini
3267 5480 3630 5537 Gemellorum
3652 5479 3783 5537 fun-

2201 5577 2366 5642 datio,
2392 5577 2550 5631 annis
2578 5576 2770 5641 tribus,
2798 5583 2856 5630 ut
2882 5575 3102 5628 recitata
3145 5584 3405 5637 tractatus
3433 5591 3554 5629 mox
3583 5576 3781 5630 iterum

2202 5669 2398 5725 laudati
2441 5669 2601 5724 verba
2642 5668 2863 5732 docent,
2900 5665 3365 5722 conﬁrmationem
3390 5707 3404 5730 ,
3458 5683 3487 5721 a
3536 5667 3783 5723 Manasse

2202 5760 2396 5817 factam
2426 5801 2439 5827 ,
2469 5774 2766 5832 praegressa
2806 5757 3004 5826 evenit,
3031 5770 3128 5827 pro
3154 5772 3296 5814 anno
3323 5795 3340 5827 ,
3367 5774 3476 5827 quo
3499 5760 3615 5817 hac
3636 5758 3782 5814 acci-
