3862 6310
1693 351 1893 408 ACTA.
3363 357 3433 416 58

189 370 250 431 δη
1506 418 1509 421 _
1693 370 1893 408 sum.
2456 424 2467 433 .
3363 370 3433 416 δδ

192 486 290 547 ait,
321 496 416 554 per
440 494 684 538 errorem
709 475 972 549 posuerit.
1001 474 1270 530 Fortassis
1306 470 1467 528 etiam
1497 468 1754 545 mendosa
1785 471 1831 527 Α
1860 474 1916 520 et
1960 464 2101 519 binis
2153 479 2306 534 seqq.
2374 464 2567 520 recitat
2599 466 2847 522 chartam
2870 506 2885 533 ,
2960 448 3059 543 piro
3109 469 3433 539 perrelebris

192 581 460 633 dumtaxat
495 583 589 627 aut
625 571 780 626 malae
829 568 950 623 fidei
995 568 1311 621 documenta
1338 605 1353 629 ,
1401 578 1465 616 ex
1518 559 1712 629 quibus
1736 598 1752 621 ,

190 684 299 737 qua:
323 667 426 720 huc
463 662 760 733 spectantia
791 668 1090 723 meruerat,
1141 658 1452 724 deprompta
1492 652 1638 714 sint,
1687 646 1754 700 ad

188 775 394 813 manum
427 757 696 812 habuerit.
1310 838 1321 843 μ
1359 837 1370 843 _
1646 832 1658 843 ,

250 852 334 904 90.
380 850 451 903 Et
498 850 600 903 hoc
628 855 959 917 postremum
1009 843 1225 913 quidem
1272 837 1473 892 idcirco
1518 837 1753 887 maxime

189 939 465 1005 suspicor,
519 938 662 1006 quod
710 934 1040 990 fundationis
1077 930 1292 1003 (melius
1343 929 1479 980 forte
1518 923 1586 979 ob
1638 919 1752 989 jam

186 1028 315 1081 dicta
345 1028 578 1083 dixisset
607 1024 1051 1091 conﬁrmationis)
1103 1022 1161 1077 S.
1214 1018 1426 1075 Martini
1477 1012 1749 1071 Gemellu-

185 1135 325 1184 rum,
356 1120 502 1188 quod
529 1118 714 1173 laudat
736 1157 751 1179 ,
794 1119 1211 1171 instrumentum
1253 1123 1436 1165 coram
1467 1103 1746 1174 Philippo,

185 1209 508 1263 Francorum
548 1221 704 1274 rege,
735 1204 983 1259 Manasse
1009 1202 1196 1258 Remis
1221 1198 1481 1272 synodum
1508 1201 1749 1255 tenente,

182 1301 380 1368 publice
423 1299 534 1367 (adi
584 1311 746 1366 supra
788 1295 1008 1351 recitata
1052 1291 1333 1363 scriptoris
1379 1288 1535 1357 hujus
1565 1281 1747 1351 verba)

184 1393 455 1446 recitatum
493 1390 663 1443 fuisse
686 1388 885 1443 scribat
906 1428 918 1450 ,
952 1401 1050 1440 nec
1085 1393 1265 1439 tamen
1302 1379 1491 1453 synodi
1519 1419 1532 1443 ,
1565 1375 1750 1430 Remis

180 1498 203 1531 ει
226 1480 467 1534 Manasse
488 1477 811 1541 celebratae,
851 1477 935 1530 cui
980 1475 1254 1543 Philippus
1290 1472 1619 1525 Francorum
1653 1482 1748 1519 rex

180 1570 515 1635 interfuerit,
558 1570 761 1624 mentio
788 1569 893 1625 ulla
928 1576 1178 1623 occurrat
1210 1563 1292 1619 vel
1326 1561 1463 1633 apud
1493 1558 1749 1614 concilio-

179 1679 283 1715 rum
303 1677 361 1733 sy
371 1662 752 1730 nodorumque
764 1660 1097 1722 collectores,
1120 1658 1202 1712 vel
1224 1656 1386 1710 etiam
1409 1652 1548 1723 apud
1560 1650 1749 1706 Gallia:

175 1754 493 1808 Christiana:
541 1762 714 1808 aucta:
756 1753 1046 1822 scriptores
1071 1792 1084 1814 ,
1122 1748 1385 1820 praecipua
1415 1744 1604 1798 saltem
1638 1740 1748 1793 Ma-

1862 556 2313 627 San-Dionysiani
2344 556 2528 612 Remis
2569 560 2885 615 monasterii
2911 560 3229 635 fundatione
3252 562 3435 618 aGero

1857 647 2008 701 vasio
2039 648 2448 718 archiepiscopo
2472 663 2615 702 anno
2644 648 2814 716 1067,
2848 650 2925 705 uti
2955 651 3007 705 in
3034 650 3142 707 ﬁne
3180 661 3434 719 notatur,

1856 736 2036 791 datam
2090 745 2251 805 atque
2308 738 2377 791 ab
2439 735 2671 792 Oderico
2720 740 3077 806 cancellario,
3122 741 3213 811 qui
3269 742 3433 797 etiarn

1852 826 2091 880 nominis
2119 826 2297 898 aliqua
2347 828 2653 884 variatione
2700 829 2985 888 Odalricus
3031 843 3125 888 aut
3154 833 3436 889 Oldaricus

1857 928 2076 971 vocatus
2130 919 2438 987 reperitur,
2503 920 2766 989 scriptam
2819 930 2982 992 atque
3027 924 3431 993 subscriptam;
3502 996 3505 999 Α

1852 1006 1975 1061 dein
2015 1023 2143 1062 vero
2175 1024 2298 1079 pag.
2334 1009 2436 1063 166
2466 1020 2521 1065 et
2547 1026 2642 1081 seq
2705 1012 2860 1068 aﬂ‘ert
2893 1014 3138 1069 chartam
3175 1014 3431 1078 alteram,

1853 1094 1909 1151 in
1940 1095 2178 1152 favorem
2218 1099 2276 1153 S.
2318 1098 2464 1154 Petri
2491 1099 2930 1161 Ruminiacensis
2965 1121 2996 1160 a
3034 1105 3278 1163 Waltero
3317 1105 3434 1162 viro

1851 1187 2016 1242 nobili
2074 1204 2423 1255 concessam,
2481 1191 2664 1260 itaque
2708 1194 3096 1251 terminatam:
3151 1214 3172 1249 ‹
3232 1197 3429 1251 Actum

1852 1279 2062 1346 publice
2114 1282 2433 1338 lttrminiaco
2488 1299 2633 1337 anno
2683 1284 3078 1344 lncarnationis
3135 1288 3430 1345 Dominicte

1852 1370 2025 1433 1070.
2069 1375 2338 1430 existente
2382 1392 2518 1446 papa
2549 1376 2735 1433 Romae
2774 1378 3118 1445 Alexandro,
3169 1390 3433 1451 regnante

1846 1461 2185 1517 Francorum
2227 1481 2352 1535 rege
2379 1466 2656 1536 Philippo,
2686 1468 2875 1522 Remis
2896 1468 3143 1525 Manasse
3162 1471 3433 1539 archiepi-

1850 1566 2013 1622 scopo
2039 1594 2053 1619 ,
2088 1554 2471 1609 archidiacono
2519 1554 2736 1622 Otlone,
2769 1558 3092 1613 cancellario
3128 1558 3377 1615 Odalrico
3405 1576 3425 1611 ι

1849 1652 1955 1698 etc.
2008 1645 2140 1700 Cum
2188 1662 2356 1716 ergo,
2390 1648 2466 1701 uti
2513 1662 2543 1702 e
2570 1648 2713 1703 binis
2741 1649 2893 1705 hisce
2927 1649 2996 1705 ab
3028 1651 3257 1720 ipsemet
3291 1649 3434 1705 Mar-

1849 1732 1959 1788 loto
1987 1735 2237 1789 adductis
2259 1736 2632 1793 instrumentis
2657 1739 2887 1807 publicis
2911 1748 3160 1805 constat,
3189 1740 3433 1794 ecclesim

173 1845 334 1897 cassis
354 1852 511 1912 gesta
543 1883 559 1906 ,
586 1858 617 1897 e
637 1843 834 1911 quibus
854 1842 1041 1912 utique
1062 1840 1251 1911 synodi
1283 1838 1425 1893 illius
1450 1830 1739 1890 celebratio

1853 1823 2134 1880 Remensis
2203 1826 2560 1883 cancellarius
2613 1844 2757 1883 anno
2810 1830 2948 1885 1067
2994 1839 3049 1885 et
3095 1845 3238 1884 anno
3290 1829 3431 1884 1070

173 1934 368 1996 fuisset,
390 1943 525 1987 tom.
560 1931 651 2000 IX,
671 1934 722 1988 in
746 1934 1166 2004 archiepiscopis
1188 1928 1541 1986 Remensibus
1564 1939 1750 1980 recen-

170 2036 358 2080 sentes.
400 2025 573 2079 Aiunt
619 2026 835 2096 quidem
868 2026 1062 2081 ibidem
1102 2024 1205 2080 col.
1257 2024 1358 2088 72,
1399 2019 1567 2076 fuisse
1608 2035 1750 2075 anno

172 2119 295 2173 1071
319 2134 350 2172 a
382 2118 637 2173 Manasse
663 2116 952 2174 concilium
997 2114 1064 2171 ad
1095 2112 1310 2170 illicitas
1338 2110 1570 2182 Philippi
1603 2108 1749 2179 regis

170 2220 218 2264 et
260 2209 541 2264 Bertratlae
590 2209 811 2279 nuptias
862 2208 1155 2263 ﬁrmandas
1203 2206 1255 2259 in
1307 2205 1439 2259 urbe
1493 2202 1746 2257 Remensi

172 2299 495 2354 celebratum
520 2316 535 2365 ;
562 2313 752 2354 verum
773 2299 898 2354 huic
928 2297 1237 2353 interfuisse
1261 2296 1566 2365 Philippum
1585 2332 1601 2359 ,
1639 2307 1745 2347 non

174 2388 382 2447 addunt.
422 2388 590 2442 etiam
619 2387 764 2442 haud
785 2387 962 2453 duhie,
1000 2387 1286 2443 concilium
1318 2401 1410 2441 seu
1440 2382 1746 2456 generalem

174 2477 571 2531 archidieccsis
604 2476 886 2533 Remensis
911 2478 1202 2549 synodum,
1241 2492 1401 2548 quam
1442 2489 1584 2529 anno
1613 2473 1748 2529 1074

173 2567 438 2622 alanasses
486 2581 617 2622 vere
660 2567 995 2633 celebravit,
1050 2569 1115 2623 ad
1169 2566 1463 2623 firmandas
1515 2564 1744 2634 Philippi

169 2676 277 2713 cum
302 2660 569 2714 Bertrada
596 2660 812 2729 nuptias
834 2661 1159 2716 celebratam
1191 2661 1377 2725 fuisse,
1395 2675 1501 2714 non
1520 2658 1742 2725 dicturi,

106 2788 107 2793 η
169 2751 207 2803 si
237 2752 331 2804 has
357 2760 490 2806 ante
519 2766 724 2806 annum
755 2765 834 2807 cet
849 2761 901 2808 te
921 2752 1059 2808 1092
1082 2767 1188 2807 non
1213 2752 1381 2806 fuisse
1411 2760 1740 2818 contractas,

170 2841 621 2895 considerassent.

230 2932 316 2986 91.
361 2930 434 2987 Ut
470 2941 538 2985 ut
569 2931 672 2997 sit,
706 2931 923 2986 dubium
965 2932 1214 3002 equidem
1246 2945 1312 2984 ex
1355 2928 1741 2996 omnibusjam

168 3023 314 3075 dictis
342 3022 435 3086 fit,
459 3036 530 3076 an
568 3022 1017 3087 instrumentum,
1060 3023 1125 3077 de
1164 3037 1271 3091 quo
1316 3020 1475 3075 modo
1512 3021 1597 3074 hic
1625 3020 1742 3075 fuse

167 3125 369 3179 actum,
400 3112 514 3181 jam
549 3114 672 3169 inde
698 3115 766 3169 ab
796 3130 937 3168 anno
969 3114 1133 3181 1075,
1176 3123 1233 3168 ιιι
1263 3113 1520 3167 Marlotus
1562 3121 1734 3175 notat,

170 3203 493 3256 monasterio
522 3203 582 3255 S.
611 3202 824 3258 Martini
849 3203 1213 3259 Gemellorum
1241 3202 1403 3256 fuerit
1423 3216 1740 3257 concessum

167 3308 222 3346 ac
247 3293 475 3360 proinde
502 3294 668 3348 etiam
695 3334 709 3357 ,
747 3312 813 3348 an
844 3294 1077 3350 Sanctus
1112 3306 1312 3359 noster,
1338 3294 1480 3363 quod
1504 3294 1551 3346 ei
1577 3294 1739 3350 veluti

167 3384 517 3439 rancellarius
542 3386 956 3455 subscripserit,
992 3386 1351 3450 cancellarius
1372 3394 1430 3438 ut
1456 3384 1739 3439 minimum

165 3476 299 3545 quod
327 3517 342 3539 ,
377 3485 435 3529 ut
456 3492 620 3547 supra
646 3477 863 3543 monui,
904 3477 1155 3533 llistorite
1195 3478 1471 3533 litterariae
1498 3477 1740 3533 Francia:

163 3566 456 3633 scriptores
492 3566 735 3621 arbitrati
759 3577 905 3631 sunt,
947 3568 1060 3637 jam
1111 3568 1234 3623 inde
1278 3568 1344 3623 ab
1376 3568 1562 3622 eodem
1596 3569 1741 3624 dicto

164 3668 298 3709 anno
323 3655 461 3709 1073
482 3658 771 3711 exstiterit.
805 3658 1030 3724 Verum,
1057 3659 1157 3713 etsi
1181 3660 1232 3713 id
1262 3659 1333 3711 ita
1358 3659 1449 3724 sit,
1481 3659 1739 3715 Sanctum

162 3746 319 3800 etiam
350 3757 479 3801 ante
508 3748 683 3817 ipsum
728 3765 929 3803 annutn
962 3750 1097 3805 1075
1120 3750 1426 3806 cancellarii
1459 3751 1740 3808 Remensis

162 3850 351 3888 munus
375 3836 578 3891 obiisse
602 3876 616 3901 ,
649 3838 888 3892 nonnulli
919 3840 1251 3894 existimant.
1286 3840 1352 3894 Et
1376 3841 1593 3910 quidem
1639 3844 1739 3900 hoc

162 3924 461 3979 diutissime
482 3935 610 3981 ante
629 3942 829 3983 anxum
860 3928 1008 3982 illum
1050 3931 1228 3984 Bruno
1254 3930 1479 3996 obierit,
1519 3931 1562 3985 si
1594 3930 1736 3985 Mar-

160 4012 297 4068 lntus
327 4016 381 4069 in
408 4014 645 4071 Historia
681 4017 990 4089 Metropolis
1018 4020 1302 4076 Bernensis
1326 4030 1456 4077 tom.
1497 4023 1572 4087 ll,
1615 4038 1735 4094 pag.

168 4106 263 4158 1:5
293 4116 442 4161 recte
468 4110 692 4164 scribat.
723 4109 799 4165 lbi
821 4114 964 4165 enim
994 4112 1060 4167 de
1101 4112 1362 4168 Gervasio
1394 4113 1737 4169 llemensium

163 4198 586 4269 azchiepiscopo,
621 4216 763 4255 anno
792 4203 929 4257 1067
959 4204 1067 4259 vita
1090 4205 1293 4271 functo,
1336 4206 1408 4260 ita
1434 4215 1734 4262 memorat:

164 4306 178 4336 ι
218 4288 280 4343 Ut
309 4291 568 4345 omnibus
605 4294 779 4349 modis
806 4295 1112 4366 reipublicae
1138 4301 1437 4367 praesertim
1462 4302 1739 4361 litteraria:

160 4382 439 4445 prodesset
469 4382 763 4439 Gervasins
793 4426 809 4453 ,
848 4386 1062 4442 scholas
1102 4389 1428 4457 Remenses,
1472 4402 1738 4451 vetustate

158 4469 422 4538 collapsas
451 4510 466 4534 ,
496 4471 816 4530 illustriores
840 4477 1065 4533 reddere
1095 4480 1284 4534 statuit
1307 4496 1470 4552 opera
1501 4486 1558 4539 S.
1597 4486 1733 4540 Bru-

158 4560 310 4613 nonis
338 4560 710 4631 Culuuiensis,
744 4583 805 4622 ac
846 4569 898 4622 in
932 4570 1159 4625 ecclesia
1189 4571 1441 4629 Remensi
1481 4591 1511 4629 a
1554 4577 1738 4645 pueris

157 4653 379 4705 enutriti
413 4694 428 4717 ,
453 4670 617 4723 quem
642 4659 949 4715 scholarum
980 4673 1140 4733 caput
1180 4679 1272 4719 seu
1316 4676 1577 4723 ret-torem
1607 4683 1737 4724 con-

157 4742 365 4807 Stituit,
416 4746 602 4801 addito
643 4752 1054 4810 cauccllariatus
1099 4756 1303 4822 oﬂicio,
1360 4775 1466 4829 quo
1522 4764 1737 4832 egregie

158 4835 469 4900 perfunctus
506 4847 591 4891 est
628 4855 798 4909 usque
845 4845 913 4898 ad
941 4844 1241 4903 Manassem
1268 4848 1288 4902 l
1314 4889 1329 4913 ,
1373 4850 1544 4906 donec
1581 4852 1694 4921 ipse
1717 4894 1732 4920 ,

158 4927 375 4981 calcatis
398 4929 722 4998 dignitatum
754 4936 963 5006 pompis
1029 4939 1084 4993 in
1113 4954 1354 4998 eremum
1384 4946 1608 5001 secessit
1631 4987 1647 5014 ,
1676 4959 1736 5006 ut

158 5016 284 5072 inira
318 5020 551 5074 dicetur.
582 5041 602 5073 ι

218 5110 307 5164 92.
352 5109 627 5168 llactenns
653 5114 760 5181 ille,
790 5116 1048 5175 Sanctum
1079 5132 1321 5180 nostrum
1348 5141 1379 5181 a
1427 5127 1689 5185 Gervasio
1714 5174 1730 5201 ,

159 5200 501 5257 lietneusium
548 5206 790 5263 antistite
813 5247 830 5274 ,
882 5226 945 5266 ac
976 5215 1130 5283 proin
1163 5226 1288 5272 ante
1322 5233 1524 5274 annum
1555 5222 1688 5277 1068
1710 5264 1727 5288 ,

157 5306 252 5359 quo
280 5294 368 5346 hic
389 5293 502 5362 jam
535 5297 773 5365 obierat,
821 5300 931 5357 imo
987 5320 1114 5361 vero
1150 5307 1258 5376 jam
1314 5310 1436 5364 inde
1472 5311 1540 5366 ab
1588 5329 1730 5368 anno

158 5382 311 5446 1056,
344 5384 408 5439 ad
438 5402 599 5456 quem
637 5390 751 5446 luce
784 5391 988 5462 refert,
1021 5395 1300 5453 “emensis
1331 5400 1572 5456 ecclesiae
1601 5418 1731 5457 can-

155 5474 428 5529 cellarium
490 5489 733 5535 creatum
784 5482 999 5552 fuisse,
1052 5502 1163 5543 non
1222 5488 1448 5545 obscure
1504 5492 1724 5548 docens.

161 5560 348 5620 Verum
404 5581 589 5638 postea
642 5574 866 5643 ipsemet
916 5577 1220 5644 Marlotus,
1293 5594 1413 5649 quae
1461 5583 1728 5651 tamcito

159 5653 452 5714 Brunonem
481 5665 691 5719 muneri
718 5665 841 5721 huic
866 5683 969 5721 non
989 5669 1153 5726 fuisse
1174 5670 1448 5727 admotum
1471 5675 1725 5741 suadent,

161 5744 208 5809 tu
256 5750 489 5804 medium
540 5753 776 5808 adducit.
830 5757 909 5812 Ac
964 5760 1138 5827 primo
1182 5761 1396 5833 quidem
1458 5780 1579 5836 pag.
1631 5769 1727 5824 1759

1852 1914 2134 1971 Odalricus
2161 1916 2337 1972 adhuc
2361 1919 2673 1984 exstiterit,
2724 1920 2957 1977 Sanctus
3000 1936 3130 1977 sane
3169 1937 3275 1977 non
3306 1929 3432 1974 ante

1854 2021 2058 2061 annum
2089 2006 2256 2074 1070,
2294 2009 2489 2064 nedum
2522 2018 2647 2067 ante
2705 2026 2908 2069 annum
2947 2010 3118 2079 1067,
3174 2011 3433 2082 dignitate

1850 2094 1940 2149 illa
1964 2097 2129 2151 fuerit
2157 2097 2466 2154 decoratus.

1920 2186 2007 2242 93.
2050 2187 2162 2245 lmo
2200 2204 2327 2245 vero
2348 2207 2415 2247 ne
2437 2201 2562 2247 ante
2583 2210 2783 2250 annum
2808 2195 3025 2266 quidem
3057 2194 3193 2250 1074
3217 2195 3269 2250 id
3294 2194 3434 2251 forte

1849 2279 2123 2335 acciderit.
2168 2280 2380 2338 Etenim
2422 2286 2561 2354 apud
2606 2287 2857 2343 eumdem
2907 2290 3103 2343 iterum
3144 2287 3430 2344 Marlotum

1847 2383 2013 2439 opere
2041 2378 2095 2425 et
2125 2379 2255 2426 tom.
2285 2373 2405 2439 cit.,
2438 2390 2563 2446 pag.
2596 2376 2700 2432 168
2725 2385 2781 2433 et
2823 2393 2940 2448 seq.
2985 2387 3167 2434 exstat
3201 2379 3389 2434 charta
3413 2419 3431 2445 ,

1847 2474 1946 2529 pro
1975 2459 2414 2522 Morimontensis
2468 2467 2519 2522 in
2564 2468 2789 2525 dioecesi
2825 2470 3206 2526 Catalaunensi
3248 2485 3435 2526 mona-

1847 2548 1998 2603 sterii
2028 2550 2343 2610 fundatione
2381 2557 2751 2621 conﬁrmanda
2786 2576 2817 2615 a
2859 2560 3136 2627 Manasse,
3176 2560 3431 2618 Bernensi

1844 2641 2254 2715 archiepiscopo
2270 2686 2285 2713 ,
2315 2647 2586 2720 impertita
2602 2694 2618 2716 ,
2640 2668 2804 2722 quam
2826 2654 2942 2710 lucc
2956 2654 3210 2710 claudunt
3233 2656 3429 2711 verba:

1851 2750 1869 2783 ι
1925 2731 2083 2788 Anno
2131 2735 2200 2790 ab
2249 2737 2518 2796 lucarnat.
2576 2742 2788 2799 Domini
2849 2746 3019 2811 1074,
3081 2746 3271 2801 indict.
3321 2762 3431 2814 xu,

1844 2820 2071 2878 Kalend.
2112 2824 2373 2884 Novemb.
2402 2872 2417 2895 ,
2474 2842 2659 2903 epacta
2717 2835 2926 2905 prima,
2987 2845 3244 2908 regnante
3271 2853 3435 2892 vene«

1844 2912 1997 2966 rabili
2038 2930 2163 2985 rege
2213 2917 2490 2990 Philippo,
2543 2925 2681 2979 hanc
2740 2926 3022 2994 chartam,
3081 2929 3132 2982 in
3191 2929 3433 2998 generali

1841 3004 2048 3071 synodo
2078 3005 2325 3064 lternensi
2350 3013 2760 3069 corroboratam
2787 3026 2846 3070 et
2873 3017 3248 3072 confirmatam
3278 3057 3292 3082 ,
3327 3035 3431 3087 ego

1841 3090 2126 3148 Odalricus
2164 3098 2359 3167 scripsi
2386 3109 2439 3155 et
2486 3103 2826 3174 snbscripsi;
2868 3126 2887 3158 ι
2948 3108 3052 3162 etsi
3098 3115 3278 3161 autem
3319 3108 3428 3163 duo

1768 3185 1814 3246 ρ
1847 3187 1972 3235 tunc
2003 3181 2270 3255 Odalrici,
2308 3190 2447 3245 alter
2477 3192 2760 3250 Remensis
2778 3196 3022 3252 ecclesia:
3043 3198 3427 3266 cancellarius,

1846 3271 1982 3327 alter
2012 3274 2254 3345 ejusdem
2305 3282 2411 3353 (adi
2464 3284 2746 3339 Marlotum
2794 3302 2957 3357 opere
3006 3296 3063 3343 et
3114 3298 3245 3343 tom.
3300 3306 3424 3346 mox

1846 3360 2044 3420 iterum
2072 3369 2190 3435 cit.,
2235 3387 2359 3443 pag.
2391 3358 2516 3443 151)
2548 3378 2869 3447 praepositus
2899 3395 2963 3434 ac
2990 3380 3185 3437 deinde
3222 3382 3430 3451 primus

1845 3451 2320 3531 San-Dionysiani
2366 3463 2554 3521 Remis
2603 3469 2917 3524 monasterii
2973 3471 3176 3538 abbas,
3238 3471 3425 3528 Remis

1842 3545 2145 3617 ﬂoruerint,
2184 3555 2522 3628 recitataque
2561 3559 2796 3626 chartae,
2849 3564 3183 3618 monasterio
3230 3563 3432 3620 Mauri-

1844 3642 2110 3698 tnontensi
2131 3644 2287 3713 datae,
2306 3649 2653 3719 subscriptio,
2686 3661 2871 3722 utpote
2885 3652 3121 3710 Odalrici
3144 3656 3428 3725 scripturus

1843 3732 2047 3786 nomini
2093 3743 2279 3791 contra
2316 3754 2547 3805 morem,
2594 3741 2648 3795 in
2699 3742 2905 3798 chartis
2942 3760 3036 3814 per
3071 3744 3424 3801 ecclesiarnrn

1842 3824 2200 3881 cancellarios
2257 3831 2475 3899 scriptis
2528 3834 2738 3889 servari
2794 3836 3056 3900 solitum,
3118 3840 3427 3895 cancellarii

1845 3914 2058 3969 titulum
2088 3932 2194 3971 non
2232 3918 2435 3977 habens
2466 3921 2777 3991 adiunctum
2798 3965 2813 3989 ,
2845 3926 3098 3981 Odalrieo
3139 3928 3428 3996 pra‘posito

1842 4007 2133 4062 convenire
2182 4010 2466 4077 videatur,
2530 4016 2889 4071 verosimilius
2947 4028 3124 4073 tamen
3173 4017 3428 4077 Odalrico

1842 4099 2168 4155 cancellario
2226 4104 2510 4160 tribuenda
2566 4116 2647 4162 est
2680 4148 2695 4173 ,
2773 4111 2916 4179 quod
2976 4111 3425 4167 cancellariorum

1841 4189 2002 4247 fuerit
2029 4194 2249 4250 chartas
2279 4197 2541 4267 publicas,
2573 4215 2692 4269 qua:
2714 4201 2781 4256 ab
2798 4201 3169 4267 ecclesiarum,
3193 4220 3421 4275 quarum

1841 4284 2147 4341 cancellarii
2170 4297 2456 4354 erant,seu
2475 4290 2710 4360 capitulo
2734 4308 2828 4347 seu
2852 4294 3105 4365 episcopo
3129 4295 3421 4362 dabantur,

1842 4378 2185 4433 conscribere
2240 4381 2582 4451 nominisque
2626 4383 2708 4437 sui
2759 4384 3127 4453 adscriptioue
3167 4385 3377 4440 munire
3407 4426 3423 4453 ,

1843 4468 2105 4540 facileque
2154 4470 2267 4524 fieri
2308 4474 2511 4539 possit,
2571 4482 2630 4527 ut
2675 4474 2763 4528 hic
2808 4474 3116 4531 cancellarii
3166 4475 3378 4531 titulum
3407 4518 3424 4544 ,

1844 4572 2026 4631 utpote
2054 4563 2121 4618 ad
2149 4563 2365 4618 Chartae
2388 4603 2402 4627 ,
2469 4565 2520 4618 in
2580 4566 2816 4633 generali
2852 4567 3105 4625 ditecesis
3142 4569 3427 4628 lletnensis

1840 4656 2046 4724 synodo
2112 4655 2427 4711 solemniter
2480 4658 2845 4715 corroborata1
2904 4676 2969 4718 ac
3043 4663 3422 4731 conﬁrmatae,

1840 4744 2075 4801 valorem
2123 4747 2505 4803 verosimiliter
2552 4764 2658 4806 non
2696 4751 3017 4823 requisitum
3085 4756 3290 4812 nomini
3321 4771 3423 4813 suo

1838 4834 2074 4904 adjicere
2094 4838 2411 4909 neglexerit.

1909 4927 2000 4983 94.
2028 4928 2251 4997 Vertun,
2279 4940 2331 4986 ut
2355 4942 2412 4986 ut
2435 4932 2548 4989 haec
2575 4946 2836 5005 quantum
2864 4937 2931 4992 ad
2957 4937 3164 4993 charta:
3190 4938 3278 4994 hic
3303 4953 3421 4994 me-

1839 5029 2096 5086 moratae,
2131 5022 2183 5076 in
2214 5023 2368 5092 cujus
2396 5033 2655 5094 praeterea
2690 5026 2929 5082 clausula
2950 5068 2966 5093 ,
3000 5044 3150 5083 num.
3184 5032 3417 5099 praeced.

1834 5112 1981 5177 data,
2011 5122 2221 5182 epacta,
2247 5115 2485 5185 antiquis
2506 5118 2851 5187 computistis
2877 5120 3099 5185 usitata,
3124 5136 3247 5176 cum
3276 5137 3421 5175 anno

1837 5220 1942 5257 non
1980 5205 2263 5270 convenit,
2311 5208 2763 5279 subscriptionem
2796 5225 2918 5265 sese
2945 5212 3215 5279 habeant,
3239 5212 3420 5267 Bruno

1835 5297 2116 5366 equidem,
2158 5298 2236 5352 uti
2280 5301 2459 5354 omnia
2505 5303 2571 5357 ad
2618 5303 2927 5358 institutum
2976 5320 3213 5374 praesens
3256 5305 3419 5360 modo

1833 5388 2063 5445 adducta
2114 5390 2481 5448 consideranti
2541 5394 2775 5465 patebit,
2832 5410 2977 5450 anno
3019 5394 3155 5450 1076
3210 5396 3420 5452 exstitit

1830 5482 2072 5539 ecclesiae
2097 5486 2381 5543 Remensis
2405 5489 2780 5553 cancellarius,
2808 5504 3060 5562 annoque
3082 5490 3217 5547 1069
3240 5493 3418 5563 digni-

1834 5581 1997 5630 tatem
2052 5575 2193 5632 hanc
2247 5590 2570 5636 consecutus
2618 5584 2859 5637 nondum
2916 5581 3135 5650 fuerat,
3201 5594 3261 5640 ut
3322 5584 3415 5641 illa

1830 5668 2057 5737 proinde
2082 5670 2306 5726 indubie
2334 5671 2525 5727 saltem
2560 5673 2641 5727 vel
2672 5688 2836 5741 anno,
2862 5675 2954 5746 qui
2990 5677 3133 5733 hunc
3164 5678 3418 5748 proxime

1830 5762 2072 5834 excepit,
2116 5763 2196 5818 vel
2229 5764 2398 5820 altero
2430 5780 2459 5820 ο
2496 5781 2585 5821 sex
2626 5769 2975 5837 sequentibus
3011 5772 3408 5829 condecoratus
