  <div class='ocr_page' id='page_1' title='image "/cluster/home/n/w/nwhite01/storage/ocr_20150623/152/hvd.32044015473804/035.png"; bbox 0 0 4016 6310; ppageno 0'>
   <div class='ocr_carea' id='block_1_1' title="bbox 539 372 3808 447">
    <p class='ocr_par' dir='ltr' id='par_1_1' title="bbox 539 372 3808 447">
     <span class='ocr_line' id='line_1_1' title="bbox 539 372 3808 447; baseline -0.004 0"><span class='ocrx_word' id='word_1_1' title='bbox 539 372 611 447; x_wconf 71' lang='lat'><strong>59</strong></span> <span class='ocrx_word' id='word_1_2' title='bbox 1344 386 1402 441; x_wconf 91' lang='lat' dir='ltr'><strong>S.</strong></span> <span class='ocrx_word' id='word_1_3' title='bbox 1444 385 1788 446; x_wconf 72' lang='lat' dir='ltr'><strong>BRUNONIS</strong></span> <span class='ocrx_word' id='word_1_4' title='bbox 1825 372 2469 440; x_wconf 76' lang='lat' dir='ltr'><strong>CARTIIUSIANORUM</strong></span> <span class='ocrx_word' id='word_1_5' title='bbox 2511 374 2999 436; x_wconf 75' lang='lat' dir='ltr'><strong>lNSTlTUTORIS</strong></span> <span class='ocrx_word' id='word_1_6' title='bbox 3738 376 3808 437; x_wconf 76' lang='grc' dir='ltr'><strong>σο</strong></span> 
     </span>
    </p>
   </div>
   <div class='ocr_carea' id='block_1_2' title="bbox 537 472 3810 562">
    <p class='ocr_par' dir='ltr' id='par_1_2' title="bbox 537 472 3810 562">
     <span class='ocr_line' id='line_1_2' title="bbox 537 472 3810 562; baseline -0.003 -29"><span class='ocrx_word' id='word_1_7' title='bbox 537 484 775 552; x_wconf 85' lang='lat' dir='ltr'><strong>primunt</strong></span> <span class='ocrx_word' id='word_1_8' title='bbox 805 480 998 545; x_wconf 79' lang='lat' dir='ltr'><strong>fuerit,</strong></span> <span class='ocrx_word' id='word_1_9' title='bbox 1029 478 1355 535; x_wconf 78' lang='lat' dir='ltr'><strong>Remensem</strong></span> <span class='ocrx_word' id='word_1_10' title='bbox 1390 479 1610 533; x_wconf 86' lang='lat' dir='ltr'><strong>interim</strong></span> <span class='ocrx_word' id='word_1_11' title='bbox 1635 477 1982 538; x_wconf 89' lang='lat' dir='ltr'><strong>cathedram,</strong></span> <span class='ocrx_word' id='word_1_12' title='bbox 2014 485 2118 562; x_wconf 83' lang='lat' dir='ltr'><strong>non</strong></span> <span class='ocrx_word' id='word_1_13' title='bbox 2150 472 2194 529; x_wconf 88' lang='grc' dir='ltr'><strong>Α</strong></span> <span class='ocrx_word' id='word_1_14' title='bbox 2229 486 2258 557; x_wconf 76' lang='lat'><strong>§</strong></span> <span class='ocrx_word' id='word_1_15' title='bbox 2293 486 2356 539; x_wconf 74' lang='grc' dir='ltr'><strong>ν,</strong></span> <span class='ocrx_word' id='word_1_16' title='bbox 2384 486 2580 562; x_wconf 53' lang='grc' dir='ltr'><strong>ρςιηίεε</strong></span> <span class='ocrx_word' id='word_1_17' title='bbox 2603 498 2816 562; x_wconf 52' lang='lat' dir='ltr'><strong>“nam</strong></span> <span class='ocrx_word' id='word_1_18' title='bbox 2836 487 3120 562; x_wconf 63' lang='grc' dir='ltr'><strong>άξεεῑρηιρ,</strong></span> <span class='ocrx_word' id='word_1_19' title='bbox 3142 490 3404 556; x_wconf 59' lang='grc' dir='ltr'><strong>[ιαρυεγίι’</strong></span> <span class='ocrx_word' id='word_1_20' title='bbox 3434 492 3526 562; x_wconf 62' lang='grc' dir='ltr'><strong><em>ηυξ</em></strong></span> <span class='ocrx_word' id='word_1_21' title='bbox 3544 492 3640 545; x_wconf 67' lang='grc' dir='ltr'><strong>ιω,</strong></span> <span class='ocrx_word' id='word_1_22' title='bbox 3662 491 3810 548; x_wconf 54' lang='lat' dir='ltr'><strong><em>boni,</em></strong></span> 
     </span>
    </p>
   </div>
   <div class='ocr_carea' id='block_1_3' title="bbox 538 558 2120 636">
    <p class='ocr_par' dir='ltr' id='par_1_3' title="bbox 538 558 2120 636">
     <span class='ocr_line' id='line_1_3' title="bbox 538 558 2120 636; baseline -0.01 -10"><span class='ocrx_word' id='word_1_23' title='bbox 538 572 838 634; x_wconf 79' lang='lat' dir='ltr'><strong>Gervasio,</strong></span> <span class='ocrx_word' id='word_1_24' title='bbox 881 569 975 624; x_wconf 87' lang='lat' dir='ltr'><strong>sed</strong></span> <span class='ocrx_word' id='word_1_25' title='bbox 1022 567 1271 623; x_wconf 67' lang='lat' dir='ltr'><strong>Hanasse</strong></span> <span class='ocrx_word' id='word_1_26' title='bbox 1310 565 1423 634; x_wconf 78' lang='lat' dir='ltr'><strong>jam</strong></span> <span class='ocrx_word' id='word_1_27' title='bbox 1464 564 1782 636; x_wconf 83' lang='lat' dir='ltr'><strong>occupante.</strong></span> <span class='ocrx_word' id='word_1_28' title='bbox 1814 562 1984 617; x_wconf 91' lang='lat' dir='ltr'><strong>Porro</strong></span> <span class='ocrx_word' id='word_1_29' title='bbox 2019 558 2120 612; x_wconf 88' lang='lat' dir='ltr'><strong>etsi</strong></span> 
     </span>
    </p>
   </div>
   <div class='ocr_carea' id='block_1_4' title="bbox 540 656 2123 731">
    <p class='ocr_par' dir='ltr' id='par_1_4' title="bbox 540 656 2123 731">
     <span class='ocr_line' id='line_1_4' title="bbox 540 656 2123 731; baseline -0.009 -14"><span class='ocrx_word' id='word_1_30' title='bbox 540 664 725 717; x_wconf 75' lang='lat' dir='ltr'><strong>Brnno</strong></span> <span class='ocrx_word' id='word_1_31' title='bbox 774 662 1120 731; x_wconf 79' lang='lat' dir='ltr'><strong>aliquandiu,</strong></span> <span class='ocrx_word' id='word_1_32' title='bbox 1165 660 1240 713; x_wconf 89' lang='lat' dir='ltr'><strong>uti</strong></span> <span class='ocrx_word' id='word_1_33' title='bbox 1285 675 1352 713; x_wconf 69' lang='lat' dir='ltr'><strong>ex</strong></span> <span class='ocrx_word' id='word_1_34' title='bbox 1397 658 1510 727; x_wconf 88' lang='lat' dir='ltr'><strong>jam</strong></span> <span class='ocrx_word' id='word_1_35' title='bbox 1557 656 1714 709; x_wconf 88' lang='lat' dir='ltr'><strong>dictis</strong></span> <span class='ocrx_word' id='word_1_36' title='bbox 1770 665 2000 721; x_wconf 89' lang='lat' dir='ltr'><strong>pronum</strong></span> <span class='ocrx_word' id='word_1_37' title='bbox 2039 658 2123 704; x_wconf 84' lang='lat' dir='ltr'><strong>est.</strong></span> 
     </span>
    </p>
   </div>
   <div class='ocr_carea' id='block_1_5' title="bbox 542 743 2123 823">
    <p class='ocr_par' dir='ltr' id='par_1_5' title="bbox 542 743 2123 823">
     <span class='ocr_line' id='line_1_5' title="bbox 542 743 2123 823; baseline -0.006 -17"><span class='ocrx_word' id='word_1_38' title='bbox 542 753 828 823; x_wconf 55' lang='lat' dir='ltr'><strong>colligere,</strong></span> <span class='ocrx_word' id='word_1_39' title='bbox 860 752 1087 821; x_wconf 81' lang='lat' dir='ltr'><strong>ejusque</strong></span> <span class='ocrx_word' id='word_1_40' title='bbox 1124 764 1406 805; x_wconf 60' lang='lat' dir='ltr'><strong>successor</strong></span> <span class='ocrx_word' id='word_1_41' title='bbox 1431 747 1757 803; x_wconf 82' lang='lat' dir='ltr'><strong>Godel‘ridus</strong></span> <span class='ocrx_word' id='word_1_42' title='bbox 1787 743 2123 799; x_wconf 76' lang='lat' dir='ltr'><strong>scholarchte</strong></span> 
     </span>
    </p>
   </div>
   <div class='ocr_carea' id='block_1_6' title="bbox 542 837 2122 901">
    <p class='ocr_par' dir='ltr' id='par_1_6' title="bbox 542 837 2122 901">
     <span class='ocr_line' id='line_1_6' title="bbox 542 837 2122 901; baseline -0.005 -4"><span class='ocrx_word' id='word_1_43' title='bbox 542 846 705 899; x_wconf 84' lang='lat' dir='ltr'><strong>simul</strong></span> <span class='ocrx_word' id='word_1_44' title='bbox 734 854 790 899; x_wconf 82' lang='lat' dir='ltr'><strong>et</strong></span> <span class='ocrx_word' id='word_1_45' title='bbox 815 843 1125 899; x_wconf 88' lang='lat' dir='ltr'><strong>cancellarii</strong></span> <span class='ocrx_word' id='word_1_46' title='bbox 1153 842 1331 895; x_wconf 88' lang='lat' dir='ltr'><strong>munia</strong></span> <span class='ocrx_word' id='word_1_47' title='bbox 1357 840 1540 894; x_wconf 86' lang='lat' dir='ltr'><strong>Remis</strong></span> <span class='ocrx_word' id='word_1_48' title='bbox 1560 837 1812 901; x_wconf 85' lang='lat' dir='ltr'><strong>ob&#39;erint,</strong></span> <span class='ocrx_word' id='word_1_49' title='bbox 1841 851 1949 890; x_wconf 90' lang='lat' dir='ltr'><strong>non</strong></span> <span class='ocrx_word' id='word_1_50' title='bbox 1976 850 2122 889; x_wconf 87' lang='lat' dir='ltr'><strong>sem-</strong></span> 
     </span>
    </p>
   </div>
   <div class='ocr_carea' id='block_1_7' title="bbox 540 926 2122 1005">
    <p class='ocr_par' dir='ltr' id='par_1_7' title="bbox 540 926 2122 1005">
     <span class='ocr_line' id='line_1_7' title="bbox 540 926 2122 1005; baseline -0.006 -14"><span class='ocrx_word' id='word_1_51' title='bbox 540 952 641 1005; x_wconf 90' lang='lat' dir='ltr'><strong>per</strong></span> <span class='ocrx_word' id='word_1_52' title='bbox 688 945 902 1000; x_wconf 83' lang='lat' dir='ltr'><strong>tamen,</strong></span> <span class='ocrx_word' id='word_1_53' title='bbox 964 933 1055 1002; x_wconf 89' lang='lat' dir='ltr'><strong>qui</strong></span> <span class='ocrx_word' id='word_1_54' title='bbox 1108 932 1393 986; x_wconf 84' lang='lat' dir='ltr'><strong>Remensis</strong></span> <span class='ocrx_word' id='word_1_55' title='bbox 1446 929 1690 985; x_wconf 78' lang='lat' dir='ltr'><strong>ecclesiae</strong></span> <span class='ocrx_word' id='word_1_56' title='bbox 1744 926 2122 982; x_wconf 88' lang='lat' dir='ltr'><strong>scholarcham</strong></span> 
     </span>
    </p>
   </div>
   <div class='ocr_carea' id='block_1_8' title="bbox 540 1020 2122 1097">
    <p class='ocr_par' dir='ltr' id='par_1_8' title="bbox 540 1020 2122 1097">
     <span class='ocr_line' id='line_1_8' title="bbox 540 1020 2122 1097; baseline -0.003 -19"><span class='ocrx_word' id='word_1_57' title='bbox 540 1028 767 1097; x_wconf 86' lang='lat' dir='ltr'><strong>agebat,</strong></span> <span class='ocrx_word' id='word_1_58' title='bbox 799 1025 1043 1096; x_wconf 88' lang='lat' dir='ltr'><strong>ejusdem</strong></span> <span class='ocrx_word' id='word_1_59' title='bbox 1076 1025 1241 1078; x_wconf 83' lang='lat' dir='ltr'><strong>etiam</strong></span> <span class='ocrx_word' id='word_1_60' title='bbox 1279 1022 1635 1078; x_wconf 89' lang='lat' dir='ltr'><strong>cancellarius</strong></span> <span class='ocrx_word' id='word_1_61' title='bbox 1677 1030 1830 1085; x_wconf 90' lang='lat' dir='ltr'><strong>erat,</strong></span> <span class='ocrx_word' id='word_1_62' title='bbox 1879 1020 2122 1091; x_wconf 83' lang='lat' dir='ltr'><strong>quamle-</strong></span> 
     </span>
    </p>
   </div>
   <div class='ocr_carea' id='block_1_9' title="bbox 540 1109 2119 1182">
    <p class='ocr_par' dir='ltr' id='par_1_9' title="bbox 540 1109 2119 1182">
     <span class='ocr_line' id='line_1_9' title="bbox 540 1109 2119 1182; baseline 0.001 -18"><span class='ocrx_word' id='word_1_63' title='bbox 540 1115 759 1182; x_wconf 75' lang='lat' dir='ltr'><strong>qt:i.lem</strong></span> <span class='ocrx_word' id='word_1_64' title='bbox 782 1128 926 1167; x_wconf 91' lang='lat' dir='ltr'><strong>anno</strong></span> <span class='ocrx_word' id='word_1_65' title='bbox 955 1112 1094 1166; x_wconf 79' lang='lat' dir='ltr'><strong>H92</strong></span> <span class='ocrx_word' id='word_1_66' title='bbox 1112 1153 1126 1174; x_wconf 89' lang='lat'><strong>,</strong></span> <span class='ocrx_word' id='word_1_67' title='bbox 1155 1121 1385 1167; x_wconf 84' lang='lat' dir='ltr'><strong>vacante</strong></span> <span class='ocrx_word' id='word_1_68' title='bbox 1413 1110 1735 1167; x_wconf 87' lang='lat' dir='ltr'><strong>cancellaria</strong></span> <span class='ocrx_word' id='word_1_69' title='bbox 1756 1152 1768 1176; x_wconf 89' lang='lat'><strong>,</strong></span> <span class='ocrx_word' id='word_1_70' title='bbox 1795 1109 2119 1173; x_wconf 83' lang='lat' dir='ltr'><strong>Garnerius,</strong></span> 
     </span>
    </p>
   </div>
   <div class='ocr_carea' id='block_1_10' title="bbox 540 1202 2121 1275">
    <p class='ocr_par' dir='ltr' id='par_1_10' title="bbox 540 1202 2121 1275">
     <span class='ocr_line' id='line_1_10' title="bbox 540 1202 2121 1275; baseline -0.002 -18"><span class='ocrx_word' id='word_1_71' title='bbox 540 1214 600 1257; x_wconf 89' lang='lat' dir='ltr'><strong>ut</strong></span> <span class='ocrx_word' id='word_1_72' title='bbox 631 1203 887 1259; x_wconf 86' lang='lat' dir='ltr'><strong>Marlotus</strong></span> <span class='ocrx_word' id='word_1_73' title='bbox 920 1204 1171 1259; x_wconf 79' lang='lat' dir='ltr'><strong>Historia:</strong></span> <span class='ocrx_word' id='word_1_74' title='bbox 1203 1204 1517 1275; x_wconf 81' lang='lat' dir='ltr'><strong>metropolis</strong></span> <span class='ocrx_word' id='word_1_75' title='bbox 1556 1203 1844 1259; x_wconf 84' lang='lat' dir='ltr'><strong>Remensis</strong></span> <span class='ocrx_word' id='word_1_76' title='bbox 1883 1212 2012 1258; x_wconf 92' lang='lat' dir='ltr'><strong>tom.</strong></span> <span class='ocrx_word' id='word_1_77' title='bbox 2042 1202 2082 1255; x_wconf 92' lang='lat' dir='ltr'><strong>ll</strong></span> <span class='ocrx_word' id='word_1_78' title='bbox 2105 1242 2121 1267; x_wconf 91' lang='lat'><strong>,</strong></span> 
     </span>
    </p>
   </div>
   <div class='ocr_carea' id='block_1_11' title="bbox 541 1295 2121 1368">
    <p class='ocr_par' dir='ltr' id='par_1_11' title="bbox 541 1295 2121 1368">
     <span class='ocr_line' id='line_1_11' title="bbox 541 1295 2121 1368; baseline -0.001 -19"><span class='ocrx_word' id='word_1_79' title='bbox 541 1311 667 1366; x_wconf 75' lang='lat' dir='ltr'><strong>pag.</strong></span> <span class='ocrx_word' id='word_1_80' title='bbox 718 1295 823 1351; x_wconf 70' lang='grc'><strong>427</strong></span> <span class='ocrx_word' id='word_1_81' title='bbox 872 1306 927 1353; x_wconf 87' lang='lat' dir='ltr'><strong>ct</strong></span> <span class='ocrx_word' id='word_1_82' title='bbox 973 1311 1090 1368; x_wconf 88' lang='lat' dir='ltr'><strong>seq.</strong></span> <span class='ocrx_word' id='word_1_83' title='bbox 1144 1296 1335 1361; x_wconf 87' lang='lat' dir='ltr'><strong>docet,</strong></span> <span class='ocrx_word' id='word_1_84' title='bbox 1385 1296 1697 1351; x_wconf 83' lang='lat' dir='ltr'><strong>scholarum</strong></span> <span class='ocrx_word' id='word_1_85' title='bbox 1749 1296 2121 1367; x_wconf 78' lang='lat' dir='ltr'><strong>magisterium</strong></span> 
     </span>
    </p>
   </div>
   <div class='ocr_carea' id='block_1_12' title="bbox 540 1388 2125 1459">
    <p class='ocr_par' dir='ltr' id='par_1_12' title="bbox 540 1388 2125 1459">
     <span class='ocr_line' id='line_1_12' title="bbox 540 1388 2125 1459; baseline 0.001 -18"><span class='ocrx_word' id='word_1_86' title='bbox 540 1389 870 1455; x_wconf 83' lang='lat' dir='ltr'><strong>obtinuerit,</strong></span> <span class='ocrx_word' id='word_1_87' title='bbox 901 1398 958 1443; x_wconf 91' lang='lat' dir='ltr'><strong>ttt</strong></span> <span class='ocrx_word' id='word_1_88' title='bbox 994 1404 1057 1445; x_wconf 81' lang='lat' dir='ltr'><strong>ex</strong></span> <span class='ocrx_word' id='word_1_89' title='bbox 1088 1404 1181 1453; x_wconf 90' lang='lat' dir='ltr'><strong>eo,</strong></span> <span class='ocrx_word' id='word_1_90' title='bbox 1222 1390 1365 1458; x_wconf 91' lang='lat' dir='ltr'><strong>quod</strong></span> <span class='ocrx_word' id='word_1_91' title='bbox 1406 1391 1639 1444; x_wconf 89' lang='lat' dir='ltr'><strong>Sanctus</strong></span> <span class='ocrx_word' id='word_1_92' title='bbox 1663 1405 1730 1444; x_wconf 71' lang='lat' dir='ltr'><strong>ex</strong></span> <span class='ocrx_word' id='word_1_93' title='bbox 1770 1404 1932 1459; x_wconf 88' lang='lat' dir='ltr'><strong>supra</strong></span> <span class='ocrx_word' id='word_1_94' title='bbox 1964 1388 2125 1442; x_wconf 84' lang='lat' dir='ltr'><strong>dictis</strong></span> 
     </span>
    </p>
   </div>
   <div class='ocr_carea' id='block_1_13' title="bbox 542 1479 2125 1549">
    <p class='ocr_par' dir='ltr' id='par_1_13' title="bbox 542 1479 2125 1549">
     <span class='ocr_line' id='line_1_13' title="bbox 542 1479 2125 1549; baseline -0.001 -16"><span class='ocrx_word' id='word_1_95' title='bbox 542 1479 631 1533; x_wconf 91' lang='lat' dir='ltr'><strong>diu</strong></span> <span class='ocrx_word' id='word_1_96' title='bbox 664 1488 791 1535; x_wconf 83' lang='lat' dir='ltr'><strong>ante</strong></span> <span class='ocrx_word' id='word_1_97' title='bbox 831 1495 1031 1535; x_wconf 87' lang='lat' dir='ltr'><strong>annum</strong></span> <span class='ocrx_word' id='word_1_98' title='bbox 1074 1479 1212 1535; x_wconf 85' lang='grc'><strong>1070</strong></span> <span class='ocrx_word' id='word_1_99' title='bbox 1250 1479 1557 1536; x_wconf 83' lang='lat' dir='ltr'><strong>scholarum</strong></span> <span class='ocrx_word' id='word_1_100' title='bbox 1596 1479 1946 1535; x_wconf 79' lang='lat' dir='ltr'><strong>Retnensium</strong></span> <span class='ocrx_word' id='word_1_101' title='bbox 1987 1494 2125 1549; x_wconf 71' lang='lat' dir='ltr'><strong>pra:-</strong></span> 
     </span>
    </p>
   </div>
   <div class='ocr_carea' id='block_1_14' title="bbox 542 1568 2126 1641">
    <p class='ocr_par' dir='ltr' id='par_1_14' title="bbox 542 1568 2126 1641">
     <span class='ocr_line' id='line_1_14' title="bbox 542 1568 2126 1641; baseline -0.001 -18"><span class='ocrx_word' id='word_1_102' title='bbox 542 1568 744 1625; x_wconf 77' lang='lat' dir='ltr'><strong>{ectum</strong></span> <span class='ocrx_word' id='word_1_103' title='bbox 773 1570 966 1641; x_wconf 80' lang='lat' dir='ltr'><strong>egerit,</strong></span> <span class='ocrx_word' id='word_1_104' title='bbox 989 1569 1372 1626; x_wconf 88' lang='lat' dir='ltr'><strong>cancellarium</strong></span> <span class='ocrx_word' id='word_1_105' title='bbox 1400 1570 1627 1640; x_wconf 88' lang='lat' dir='ltr'><strong>pariter,</strong></span> <span class='ocrx_word' id='word_1_106' title='bbox 1652 1580 1845 1627; x_wconf 89' lang='lat' dir='ltr'><strong>contra</strong></span> <span class='ocrx_word' id='word_1_107' title='bbox 1877 1586 1939 1625; x_wconf 85' lang='lat' dir='ltr'><strong>ac</strong></span> <span class='ocrx_word' id='word_1_108' title='bbox 1965 1570 2126 1623; x_wconf 89' lang='lat' dir='ltr'><strong>modo</strong></span> 
     </span>
    </p>
   </div>
   <div class='ocr_carea' id='block_1_15' title="bbox 541 1658 2127 1733">
    <p class='ocr_par' dir='ltr' id='par_1_15' title="bbox 541 1658 2127 1733">
     <span class='ocr_line' id='line_1_15' title="bbox 541 1658 2127 1733; baseline 0 -18"><span class='ocrx_word' id='word_1_109' title='bbox 541 1660 861 1723; x_wconf 60' lang='lat' dir='ltr'><strong>statuimus.</strong></span> <span class='ocrx_word' id='word_1_110' title='bbox 892 1658 1005 1730; x_wconf 89' lang='lat' dir='ltr'><strong>jam</strong></span> <span class='ocrx_word' id='word_1_111' title='bbox 1040 1670 1153 1717; x_wconf 89' lang='lat' dir='ltr'><strong>tum</strong></span> <span class='ocrx_word' id='word_1_112' title='bbox 1180 1662 1388 1733; x_wconf 81' lang='lat' dir='ltr'><strong>egisse,</strong></span> <span class='ocrx_word' id='word_1_113' title='bbox 1428 1662 1580 1732; x_wconf 81' lang='lat' dir='ltr'><strong>argui</strong></span> <span class='ocrx_word' id='word_1_114' title='bbox 1623 1676 1727 1717; x_wconf 91' lang='lat' dir='ltr'><strong>non</strong></span> <span class='ocrx_word' id='word_1_115' title='bbox 1767 1662 1964 1731; x_wconf 82' lang='lat' dir='ltr'><strong>possit,</strong></span> <span class='ocrx_word' id='word_1_116' title='bbox 2000 1676 2127 1716; x_wconf 85' lang='lat' dir='ltr'><strong>con-</strong></span> 
     </span>
    </p>
   </div>
   <div class='ocr_carea' id='block_1_16' title="bbox 545 1750 2125 1819">
    <p class='ocr_par' dir='ltr' id='par_1_16' title="bbox 545 1750 2125 1819">
     <span class='ocr_line' id='line_1_16' title="bbox 545 1750 2125 1819; baseline 0.001 -18"><span class='ocrx_word' id='word_1_117' title='bbox 545 1750 770 1804; x_wconf 87' lang='lat' dir='ltr'><strong>trarium</strong></span> <span class='ocrx_word' id='word_1_118' title='bbox 806 1750 933 1807; x_wconf 84' lang='lat' dir='ltr'><strong>licet</strong></span> <span class='ocrx_word' id='word_1_119' title='bbox 968 1751 1205 1807; x_wconf 83' lang='lat' dir='ltr'><strong>sensisse</strong></span> <span class='ocrx_word' id='word_1_120' title='bbox 1242 1751 1491 1805; x_wconf 71' lang='lat' dir='ltr'><strong>videatur</strong></span> <span class='ocrx_word' id='word_1_121' title='bbox 1530 1750 1901 1813; x_wconf 78' lang='lat' dir='ltr'><strong>Mahillonius,</strong></span> <span class='ocrx_word' id='word_1_122' title='bbox 1940 1759 2125 1819; x_wconf 81' lang='lat' dir='ltr'><strong>utpote</strong></span> 
     </span>
    </p>
   </div>
   <div class='ocr_carea' id='block_1_17' title="bbox 542 1838 2123 1913">
    <p class='ocr_par' dir='ltr' id='par_1_17' title="bbox 542 1838 2123 1913">
     <span class='ocr_line' id='line_1_17' title="bbox 542 1838 2123 1913; baseline 0.002 -20"><span class='ocrx_word' id='word_1_123' title='bbox 542 1838 753 1896; x_wconf 68' lang='grc' dir='ltr'><strong>Μαι-ιοιὶ</strong></span> <span class='ocrx_word' id='word_1_124' title='bbox 776 1842 978 1905; x_wconf 72' lang='lat' dir='ltr'><strong>verbis,</strong></span> <span class='ocrx_word' id='word_1_125' title='bbox 1003 1858 1149 1897; x_wconf 87' lang='lat' dir='ltr'><strong>num.</strong></span> <span class='ocrx_word' id='word_1_126' title='bbox 1174 1842 1263 1908; x_wconf 86' lang='lat' dir='ltr'><strong>9t,</strong></span> <span class='ocrx_word' id='word_1_127' title='bbox 1294 1843 1397 1898; x_wconf 90' lang='lat' dir='ltr'><strong>huc</strong></span> <span class='ocrx_word' id='word_1_128' title='bbox 1424 1842 1781 1912; x_wconf 79' lang='lat' dir='ltr'><strong>lranscriptis,</strong></span> <span class='ocrx_word' id='word_1_129' title='bbox 1805 1857 1924 1913; x_wconf 65' lang='lat' dir='ltr'><strong>quae</strong></span> <span class='ocrx_word' id='word_1_130' title='bbox 1944 1851 2123 1897; x_wconf 87' lang='lat' dir='ltr'><strong>tamen</strong></span> 
     </span>
    </p>
   </div>
   <div class='ocr_carea' id='block_1_18' title="bbox 540 1930 2124 2002">
    <p class='ocr_par' dir='ltr' id='par_1_18' title="bbox 540 1930 2124 2002">
     <span class='ocr_line' id='line_1_18' title="bbox 540 1930 2124 2002; baseline 0.002 -19"><span class='ocrx_word' id='word_1_131' title='bbox 540 1944 648 1985; x_wconf 87' lang='lat' dir='ltr'><strong>non</strong></span> <span class='ocrx_word' id='word_1_132' title='bbox 678 1930 840 1992; x_wconf 84' lang='lat' dir='ltr'><strong>citat,</strong></span> <span class='ocrx_word' id='word_1_133' title='bbox 874 1946 1216 1997; x_wconf 82' lang='lat' dir='ltr'><strong>consonans,</strong></span> <span class='ocrx_word' id='word_1_134' title='bbox 1254 1932 1441 2002; x_wconf 82' lang='lat' dir='ltr'><strong>sicque</strong></span> <span class='ocrx_word' id='word_1_135' title='bbox 1463 1930 1789 1987; x_wconf 73' lang='lat' dir='ltr'><strong>Praefatione</strong></span> <span class='ocrx_word' id='word_1_136' title='bbox 1816 1933 1868 1987; x_wconf 87' lang='lat' dir='ltr'><strong>itt</strong></span> <span class='ocrx_word' id='word_1_137' title='bbox 1900 1932 2124 1987; x_wconf 87' lang='lat' dir='ltr'><strong>alteram</strong></span> 
     </span>
    </p>
   </div>
   <div class='ocr_carea' id='block_1_19' title="bbox 542 2018 2127 2094">
    <p class='ocr_par' dir='ltr' id='par_1_19' title="bbox 542 2018 2127 2094">
     <span class='ocr_line' id='line_1_19' title="bbox 542 2018 2127 2094; baseline 0.003 -19"><span class='ocrx_word' id='word_1_138' title='bbox 542 2018 738 2075; x_wconf 65' lang='lat' dir='ltr'><strong>Saculi</strong></span> <span class='ocrx_word' id='word_1_139' title='bbox 763 2037 814 2074; x_wconf 68' lang='grc' dir='ltr'><strong>γι</strong></span> <span class='ocrx_word' id='word_1_140' title='bbox 846 2022 1180 2077; x_wconf 86' lang='lat' dir='ltr'><strong>Bcncdictini</strong></span> <span class='ocrx_word' id='word_1_141' title='bbox 1204 2032 1444 2094; x_wconf 85' lang='lat' dir='ltr'><strong>partem,</strong></span> <span class='ocrx_word' id='word_1_142' title='bbox 1475 2040 1624 2079; x_wconf 91' lang='lat' dir='ltr'><strong>num.</strong></span> <span class='ocrx_word' id='word_1_143' title='bbox 1657 2025 1748 2089; x_wconf 83' lang='lat'><strong>85,</strong></span> <span class='ocrx_word' id='word_1_144' title='bbox 1781 2025 1846 2078; x_wconf 88' lang='lat' dir='ltr'><strong>de</strong></span> <span class='ocrx_word' id='word_1_145' title='bbox 1874 2025 2127 2080; x_wconf 86' lang='lat' dir='ltr'><strong>Brunone</strong></span> 
     </span>
    </p>
   </div>
   <div class='ocr_carea' id='block_1_20' title="bbox 544 2114 2120 2187">
    <p class='ocr_par' dir='ltr' id='par_1_20' title="bbox 544 2114 2120 2187">
     <span class='ocr_line' id='line_1_20' title="bbox 544 2114 2120 2187; baseline 0.004 -21"><span class='ocrx_word' id='word_1_146' title='bbox 544 2114 790 2167; x_wconf 80' lang='lat' dir='ltr'><strong>scribens</strong></span> <span class='ocrx_word' id='word_1_147' title='bbox 826 2128 839 2166; x_wconf 92' lang='lat'>:</span> <span class='ocrx_word' id='word_1_148' title='bbox 876 2134 894 2165; x_wconf 71' lang='grc' dir='ltr'>ε</span> <span class='ocrx_word' id='word_1_149' title='bbox 929 2114 984 2169; x_wconf 93' lang='lat' dir='ltr'><strong>In</strong></span> <span class='ocrx_word' id='word_1_150' title='bbox 1022 2115 1210 2170; x_wconf 88' lang='lat' dir='ltr'><strong>eadem</strong></span> <span class='ocrx_word' id='word_1_151' title='bbox 1247 2116 1546 2187; x_wconf 84' lang='lat' dir='ltr'><strong>(Remensi)</strong></span> <span class='ocrx_word' id='word_1_152' title='bbox 1586 2118 1818 2173; x_wconf 79' lang='lat' dir='ltr'><strong>ecclesia</strong></span> <span class='ocrx_word' id='word_1_153' title='bbox 1858 2117 2120 2173; x_wconf 83' lang='lat' dir='ltr'><strong>Gervasio</strong></span> 
     </span>
    </p>
   </div>
   <div class='ocr_carea' id='block_1_21' title="bbox 544 2204 2123 2279">
    <p class='ocr_par' dir='ltr' id='par_1_21' title="bbox 544 2204 2123 2279">
     <span class='ocr_line' id='line_1_21' title="bbox 544 2204 2123 2279; baseline 0.004 -23"><span class='ocrx_word' id='word_1_154' title='bbox 544 2215 672 2259; x_wconf 91' lang='lat' dir='ltr'><strong>tunc</strong></span> <span class='ocrx_word' id='word_1_155' title='bbox 702 2204 991 2274; x_wconf 72' lang='lat' dir='ltr'><strong>pontifice,</strong></span> <span class='ocrx_word' id='word_1_156' title='bbox 1019 2207 1313 2262; x_wconf 85' lang='lat' dir='ltr'><strong>eanonieus</strong></span> <span class='ocrx_word' id='word_1_157' title='bbox 1336 2216 1391 2263; x_wconf 90' lang='lat' dir='ltr'><strong>et</strong></span> <span class='ocrx_word' id='word_1_158' title='bbox 1428 2208 1737 2263; x_wconf 86' lang='lat' dir='ltr'><strong>scholarum</strong></span> <span class='ocrx_word' id='word_1_159' title='bbox 1771 2208 2123 2279; x_wconf 76' lang='lat' dir='ltr'><strong>magister....</strong></span> 
     </span>
    </p>
   </div>
   <div class='ocr_carea' id='block_1_22' title="bbox 541 2292 2123 2367">
    <p class='ocr_par' dir='ltr' id='par_1_22' title="bbox 541 2292 2123 2367">
     <span class='ocr_line' id='line_1_22' title="bbox 541 2292 2123 2367; baseline 0.005 -25"><span class='ocrx_word' id='word_1_160' title='bbox 541 2292 708 2360; x_wconf 82' lang='lat' dir='ltr'><strong>atque</strong></span> <span class='ocrx_word' id='word_1_161' title='bbox 754 2294 1116 2350; x_wconf 85' lang='lat' dir='ltr'><strong>cancellarius</strong></span> <span class='ocrx_word' id='word_1_162' title='bbox 1154 2296 1331 2353; x_wconf 84' lang='lat' dir='ltr'><strong>factus</strong></span> <span class='ocrx_word' id='word_1_163' title='bbox 1369 2305 1473 2352; x_wconf 91' lang='lat' dir='ltr'><strong>est.</strong></span> <span class='ocrx_word' id='word_1_164' title='bbox 1513 2316 1534 2350; x_wconf 69' lang='grc' dir='ltr'><strong><em>ι</em></strong></span> <span class='ocrx_word' id='word_1_165' title='bbox 1573 2296 1755 2367; x_wconf 85' lang='lat' dir='ltr'><strong>Atque</strong></span> <span class='ocrx_word' id='word_1_166' title='bbox 1801 2297 1919 2352; x_wconf 77' lang='lat' dir='ltr'><strong>haec</strong></span> <span class='ocrx_word' id='word_1_167' title='bbox 1968 2306 2123 2361; x_wconf 87' lang='lat' dir='ltr'><strong>sunt,</strong></span> 
     </span>
    </p>
   </div>
   <div class='ocr_carea' id='block_1_23' title="bbox 540 2385 2129 2458">
    <p class='ocr_par' dir='ltr' id='par_1_23' title="bbox 540 2385 2129 2458">
     <span class='ocr_line' id='line_1_23' title="bbox 540 2385 2129 2458; baseline 0.006 -25"><span class='ocrx_word' id='word_1_168' title='bbox 540 2397 664 2449; x_wconf 71' lang='lat' dir='ltr'><strong>qua:</strong></span> <span class='ocrx_word' id='word_1_169' title='bbox 709 2395 821 2438; x_wconf 88' lang='lat' dir='ltr'><strong>tum</strong></span> <span class='ocrx_word' id='word_1_170' title='bbox 864 2385 931 2440; x_wconf 86' lang='lat' dir='ltr'><strong>de</strong></span> <span class='ocrx_word' id='word_1_171' title='bbox 982 2386 1097 2458; x_wconf 90' lang='lat' dir='ltr'><strong>ipso</strong></span> <span class='ocrx_word' id='word_1_172' title='bbox 1148 2387 1458 2442; x_wconf 89' lang='lat' dir='ltr'><strong>cancellarii</strong></span> <span class='ocrx_word' id='word_1_173' title='bbox 1501 2403 1760 2454; x_wconf 82' lang='lat' dir='ltr'><strong>munere,</strong></span> <span class='ocrx_word' id='word_1_174' title='bbox 1803 2403 1833 2441; x_wconf 89' lang='lat' dir='ltr'><strong>a</strong></span> <span class='ocrx_word' id='word_1_175' title='bbox 1874 2387 2129 2442; x_wconf 83' lang='lat' dir='ltr'><strong>Brunone</strong></span> 
     </span>
    </p>
   </div>
   <div class='ocr_carea' id='block_1_24' title="bbox 547 2474 2127 2554">
    <p class='ocr_par' dir='ltr' id='par_1_24' title="bbox 547 2474 2127 2554">
     <span class='ocr_line' id='line_1_24' title="bbox 547 2474 2127 2554; baseline 0.005 -26"><span class='ocrx_word' id='word_1_176' title='bbox 547 2474 733 2531; x_wconf 85' lang='lat' dir='ltr'><strong>Remis</strong></span> <span class='ocrx_word' id='word_1_177' title='bbox 757 2487 942 2546; x_wconf 81' lang='lat' dir='ltr'><strong>gesto,</strong></span> <span class='ocrx_word' id='word_1_178' title='bbox 970 2488 1085 2534; x_wconf 87' lang='lat' dir='ltr'><strong>tum</strong></span> <span class='ocrx_word' id='word_1_179' title='bbox 1116 2480 1183 2535; x_wconf 87' lang='lat' dir='ltr'><strong>de</strong></span> <span class='ocrx_word' id='word_1_180' title='bbox 1207 2490 1483 2551; x_wconf 90' lang='lat' dir='ltr'><strong>tempore,</strong></span> <span class='ocrx_word' id='word_1_181' title='bbox 1525 2497 1630 2552; x_wconf 88' lang='lat' dir='ltr'><strong>quo</strong></span> <span class='ocrx_word' id='word_1_182' title='bbox 1664 2483 1789 2537; x_wconf 85' lang='lat' dir='ltr'><strong>huic</strong></span> <span class='ocrx_word' id='word_1_183' title='bbox 1819 2482 2051 2554; x_wconf 88' lang='lat' dir='ltr'><strong>primum</strong></span> <span class='ocrx_word' id='word_1_184' title='bbox 2083 2481 2127 2536; x_wconf 88' lang='lat' dir='ltr'><strong>is</strong></span> 
     </span>
    </p>
   </div>
   <div class='ocr_carea' id='block_1_25' title="bbox 545 2566 1599 2631">
    <p class='ocr_par' dir='ltr' id='par_1_25' title="bbox 545 2566 1599 2631">
     <span class='ocr_line' id='line_1_25' title="bbox 545 2566 1599 2631; baseline 0.005 -11"><span class='ocrx_word' id='word_1_185' title='bbox 545 2566 708 2620; x_wconf 76' lang='lat' dir='ltr'><strong>fuerit</strong></span> <span class='ocrx_word' id='word_1_186' title='bbox 730 2568 999 2631; x_wconf 89' lang='lat' dir='ltr'><strong>admotus,</strong></span> <span class='ocrx_word' id='word_1_187' title='bbox 1027 2570 1253 2625; x_wconf 85' lang='lat' dir='ltr'><strong>dicenda</strong></span> <span class='ocrx_word' id='word_1_188' title='bbox 1284 2581 1599 2629; x_wconf 87' lang='lat' dir='ltr'><strong>occurrunt.</strong></span> 
     </span>
    </p>
   </div>
   <div class='ocr_carea' id='block_1_26' title="bbox 614 2660 2124 2734">
    <p class='ocr_par' dir='ltr' id='par_1_26' title="bbox 614 2660 2124 2734">
     <span class='ocr_line' id='line_1_26' title="bbox 614 2660 2124 2734; baseline 0.003 -20"><span class='ocrx_word' id='word_1_189' title='bbox 614 2660 703 2714; x_wconf 81' lang='lat'><strong>95.</strong></span> <span class='ocrx_word' id='word_1_190' title='bbox 734 2660 887 2727; x_wconf 87' lang='lat' dir='ltr'><strong>Quod</strong></span> <span class='ocrx_word' id='word_1_191' title='bbox 917 2662 1074 2714; x_wconf 86' lang='lat' dir='ltr'><strong>modo</strong></span> <span class='ocrx_word' id='word_1_192' title='bbox 1100 2667 1165 2715; x_wconf 92' lang='lat' dir='ltr'><strong>ad</strong></span> <span class='ocrx_word' id='word_1_193' title='bbox 1201 2671 1413 2734; x_wconf 87' lang='lat' dir='ltr'><strong>tempus</strong></span> <span class='ocrx_word' id='word_1_194' title='bbox 1434 2703 1449 2728; x_wconf 91' lang='lat'><strong>,</strong></span> <span class='ocrx_word' id='word_1_195' title='bbox 1477 2679 1583 2734; x_wconf 91' lang='lat' dir='ltr'><strong>quo</strong></span> <span class='ocrx_word' id='word_1_196' title='bbox 1608 2664 1842 2734; x_wconf 92' lang='lat' dir='ltr'><strong>primum</strong></span> <span class='ocrx_word' id='word_1_197' title='bbox 1875 2665 2124 2721; x_wconf 71' lang='lat' dir='ltr'><strong>ecclesiae</strong></span> 
     </span>
    </p>
   </div>
   <div class='ocr_carea' id='block_1_27' title="bbox 545 2753 2130 2831">
    <p class='ocr_par' dir='ltr' id='par_1_27' title="bbox 545 2753 2130 2831">
     <span class='ocr_line' id='line_1_27' title="bbox 545 2753 2130 2831; baseline 0.006 -23"><span class='ocrx_word' id='word_1_198' title='bbox 545 2753 832 2810; x_wconf 83' lang='lat' dir='ltr'><strong>Remensis</strong></span> <span class='ocrx_word' id='word_1_199' title='bbox 852 2758 1131 2812; x_wconf 82' lang='lat' dir='ltr'><strong>canonicis</strong></span> <span class='ocrx_word' id='word_1_200' title='bbox 1162 2759 1325 2813; x_wconf 77' lang='lat' dir='ltr'><strong>fuerit</strong></span> <span class='ocrx_word' id='word_1_201' title='bbox 1350 2760 1683 2831; x_wconf 89' lang='lat' dir='ltr'><strong>adscriptus,</strong></span> <span class='ocrx_word' id='word_1_202' title='bbox 1712 2762 1982 2830; x_wconf 91' lang='lat' dir='ltr'><strong>pertinet,</strong></span> <span class='ocrx_word' id='word_1_203' title='bbox 2017 2762 2130 2826; x_wconf 78' lang='lat' dir='ltr'><strong>t‘ac-</strong></span> 
     </span>
    </p>
   </div>
   <div class='ocr_carea' id='block_1_28' title="bbox 548 2846 2129 2919">
    <p class='ocr_par' dir='ltr' id='par_1_28' title="bbox 548 2846 2129 2919">
     <span class='ocr_line' id='line_1_28' title="bbox 548 2846 2129 2919; baseline 0.007 -22"><span class='ocrx_word' id='word_1_204' title='bbox 548 2857 660 2899; x_wconf 92' lang='lat' dir='ltr'><strong>tum</strong></span> <span class='ocrx_word' id='word_1_205' title='bbox 696 2846 746 2900; x_wconf 88' lang='lat' dir='ltr'><strong>id</strong></span> <span class='ocrx_word' id='word_1_206' title='bbox 796 2863 920 2902; x_wconf 82' lang='lat' dir='ltr'><strong>esse</strong></span> <span class='ocrx_word' id='word_1_207' title='bbox 953 2860 1241 2919; x_wconf 71' lang='lat' dir='ltr'><strong>antequam</strong></span> <span class='ocrx_word' id='word_1_208' title='bbox 1286 2852 1579 2908; x_wconf 81' lang='lat' dir='ltr'><strong>Remenses</strong></span> <span class='ocrx_word' id='word_1_209' title='bbox 1600 2854 1815 2909; x_wconf 86' lang='lat' dir='ltr'><strong>scholas</strong></span> <span class='ocrx_word' id='word_1_210' title='bbox 1844 2856 2129 2910; x_wconf 85' lang='lat' dir='ltr'><strong>moderan-</strong></span> 
     </span>
    </p>
   </div>
   <div class='ocr_carea' id='block_1_29' title="bbox 543 2936 2095 3016">
    <p class='ocr_par' dir='ltr' id='par_1_29' title="bbox 543 2936 2095 3016">
     <span class='ocr_line' id='line_1_29' title="bbox 543 2936 2095 3016; baseline 0.007 -27"><span class='ocrx_word' id='word_1_211' title='bbox 543 2936 643 2990; x_wconf 88' lang='lat' dir='ltr'><strong>das</strong></span> <span class='ocrx_word' id='word_1_212' title='bbox 684 2940 985 3007; x_wconf 87' lang='lat' dir='ltr'><strong>acceperit,</strong></span> <span class='ocrx_word' id='word_1_213' title='bbox 1017 2957 1079 2994; x_wconf 88' lang='lat' dir='ltr'><strong>ac</strong></span> <span class='ocrx_word' id='word_1_214' title='bbox 1111 2942 1264 3009; x_wconf 85' lang='lat' dir='ltr'><strong>proin</strong></span> <span class='ocrx_word' id='word_1_215' title='bbox 1289 2943 1380 2997; x_wconf 89' lang='lat' dir='ltr'><strong>diu</strong></span> <span class='ocrx_word' id='word_1_216' title='bbox 1420 2945 1616 3010; x_wconf 88' lang='lat' dir='ltr'><strong>etiam,</strong></span> <span class='ocrx_word' id='word_1_217' title='bbox 1664 2955 1951 3016; x_wconf 84' lang='lat' dir='ltr'><strong>antequam</strong></span> <span class='ocrx_word' id='word_1_218' title='bbox 1996 2963 2095 3000; x_wconf 88' lang='lat' dir='ltr'><strong>can</strong></span> 
     </span>
    </p>
   </div>
   <div class='ocr_carea' id='block_1_30' title="bbox 547 3025 2129 3105">
    <p class='ocr_par' dir='ltr' id='par_1_30' title="bbox 547 3025 2129 3105">
     <span class='ocr_line' id='line_1_30' title="bbox 547 3025 2129 3105; baseline 0.006 -26"><span class='ocrx_word' id='word_1_219' title='bbox 547 3025 756 3082; x_wconf 82' lang='lat' dir='ltr'><strong>cellarii</strong></span> <span class='ocrx_word' id='word_1_220' title='bbox 818 3045 1042 3085; x_wconf 87' lang='lat' dir='ltr'><strong>munere</strong></span> <span class='ocrx_word' id='word_1_221' title='bbox 1092 3031 1311 3087; x_wconf 80' lang='lat' dir='ltr'><strong>functus</strong></span> <span class='ocrx_word' id='word_1_222' title='bbox 1367 3033 1563 3101; x_wconf 79' lang='lat' dir='ltr'><strong>fuerit,</strong></span> <span class='ocrx_word' id='word_1_223' title='bbox 1616 3034 1861 3105; x_wconf 82' lang='lat' dir='ltr'><strong>plerique</strong></span> <span class='ocrx_word' id='word_1_224' title='bbox 1907 3045 2129 3089; x_wconf 86' lang='lat' dir='ltr'><strong>censent</strong></span> 
     </span>
    </p>
   </div>
   <div class='ocr_carea' id='block_1_31' title="bbox 543 3116 2204 3212">
    <p class='ocr_par' dir='ltr' id='par_1_31' title="bbox 543 3116 2204 3212">
     <span class='ocr_line' id='line_1_31' title="bbox 543 3116 2204 3212; baseline 0.004 -42"><span class='ocrx_word' id='word_1_225' title='bbox 543 3116 843 3185; x_wconf 74' lang='lat' dir='ltr'><strong>scriptores</strong></span> <span class='ocrx_word' id='word_1_226' title='bbox 893 3120 1253 3187; x_wconf 82' lang='lat' dir='ltr'><strong>recentiores;</strong></span> <span class='ocrx_word' id='word_1_227' title='bbox 1299 3123 1401 3176; x_wconf 83' lang='lat' dir='ltr'><strong>etsi</strong></span> <span class='ocrx_word' id='word_1_228' title='bbox 1456 3137 1637 3177; x_wconf 85' lang='lat' dir='ltr'><strong>antem</strong></span> <span class='ocrx_word' id='word_1_229' title='bbox 1685 3124 1830 3179; x_wconf 89' lang='lat' dir='ltr'><strong>nullo</strong></span> <span class='ocrx_word' id='word_1_230' title='bbox 1875 3125 1927 3179; x_wconf 89' lang='lat' dir='ltr'><strong>id</strong></span> <span class='ocrx_word' id='word_1_231' title='bbox 1968 3135 2124 3193; x_wconf 83' lang='lat' dir='ltr'><strong>queat</strong></span> <span class='ocrx_word' id='word_1_232' title='bbox 2155 3145 2204 3212; x_wconf 67' lang='grc' dir='ltr'>ο</span> 
     </span>
    </p>
   </div>
   <div class='ocr_carea' id='block_1_32' title="bbox 547 3209 2129 3280">
    <p class='ocr_par' dir='ltr' id='par_1_32' title="bbox 547 3209 2129 3280">
     <span class='ocr_line' id='line_1_32' title="bbox 547 3209 2129 3280; baseline 0.004 -19"><span class='ocrx_word' id='word_1_233' title='bbox 547 3209 891 3277; x_wconf 78' lang='lat' dir='ltr'><strong>antiquitatis</strong></span> <span class='ocrx_word' id='word_1_234' title='bbox 923 3211 1232 3266; x_wconf 87' lang='lat' dir='ltr'><strong>testimonio</strong></span> <span class='ocrx_word' id='word_1_235' title='bbox 1263 3213 1595 3280; x_wconf 78' lang='lat' dir='ltr'><strong>conﬁrmari,</strong></span> <span class='ocrx_word' id='word_1_236' title='bbox 1624 3223 1709 3269; x_wconf 89' lang='lat' dir='ltr'><strong>sat</strong></span> <span class='ocrx_word' id='word_1_237' title='bbox 1735 3224 1912 3269; x_wconf 87' lang='lat' dir='ltr'><strong>tamen</strong></span> <span class='ocrx_word' id='word_1_238' title='bbox 1939 3215 2129 3269; x_wconf 87' lang='lat' dir='ltr'><strong>verisi-</strong></span> 
     </span>
    </p>
   </div>
   <div class='ocr_carea' id='block_1_33' title="bbox 548 3300 2131 3376">
    <p class='ocr_par' dir='ltr' id='par_1_33' title="bbox 548 3300 2131 3376">
     <span class='ocr_line' id='line_1_33' title="bbox 548 3300 2131 3376; baseline 0.004 -24"><span class='ocrx_word' id='word_1_239' title='bbox 548 3300 676 3354; x_wconf 82' lang='lat' dir='ltr'><strong>mile</strong></span> <span class='ocrx_word' id='word_1_240' title='bbox 714 3312 939 3370; x_wconf 78' lang='lat' dir='ltr'><strong>apparet</strong></span> <span class='ocrx_word' id='word_1_241' title='bbox 980 3303 1062 3357; x_wconf 87' lang='lat' dir='ltr'><strong>vel</strong></span> <span class='ocrx_word' id='word_1_242' title='bbox 1100 3319 1165 3358; x_wconf 82' lang='lat' dir='ltr'><strong>ex</strong></span> <span class='ocrx_word' id='word_1_243' title='bbox 1197 3317 1294 3369; x_wconf 84' lang='lat' dir='ltr'><strong>eo,</strong></span> <span class='ocrx_word' id='word_1_244' title='bbox 1337 3307 1479 3375; x_wconf 90' lang='lat' dir='ltr'><strong>quod</strong></span> <span class='ocrx_word' id='word_1_245' title='bbox 1524 3315 1735 3376; x_wconf 81' lang='lat' dir='ltr'><strong>tempus</strong></span> <span class='ocrx_word' id='word_1_246' title='bbox 1774 3307 1985 3376; x_wconf 88' lang='lat' dir='ltr'><strong>aptius,</strong></span> <span class='ocrx_word' id='word_1_247' title='bbox 2023 3323 2131 3376; x_wconf 81' lang='lat' dir='ltr'><strong>quo</strong></span> 
     </span>
    </p>
   </div>
   <div class='ocr_carea' id='block_1_34' title="bbox 550 3392 2128 3467">
    <p class='ocr_par' dir='ltr' id='par_1_34' title="bbox 550 3392 2128 3467">
     <span class='ocr_line' id='line_1_34' title="bbox 550 3392 2128 3467; baseline 0.003 -22"><span class='ocrx_word' id='word_1_248' title='bbox 550 3392 813 3446; x_wconf 82' lang='lat' dir='ltr'><strong>honorem</strong></span> <span class='ocrx_word' id='word_1_249' title='bbox 844 3394 994 3449; x_wconf 85' lang='lat' dir='ltr'><strong>illum</strong></span> <span class='ocrx_word' id='word_1_250' title='bbox 1022 3406 1348 3451; x_wconf 88' lang='lat' dir='ltr'><strong>consecutus</strong></span> <span class='ocrx_word' id='word_1_251' title='bbox 1376 3397 1559 3452; x_wconf 88' lang='lat' dir='ltr'><strong>Bruno</strong></span> <span class='ocrx_word' id='word_1_252' title='bbox 1584 3398 1683 3461; x_wconf 91' lang='lat' dir='ltr'><strong>sit,</strong></span> <span class='ocrx_word' id='word_1_253' title='bbox 1724 3398 1990 3467; x_wconf 82' lang='lat' dir='ltr'><strong>assignari</strong></span> <span class='ocrx_word' id='word_1_254' title='bbox 2024 3412 2128 3450; x_wconf 91' lang='lat' dir='ltr'><strong>non</strong></span> 
     </span>
    </p>
   </div>
   <div class='ocr_carea' id='block_1_35' title="bbox 554 3482 2127 3556">
    <p class='ocr_par' dir='ltr' id='par_1_35' title="bbox 554 3482 2127 3556">
     <span class='ocr_line' id='line_1_35' title="bbox 554 3482 2127 3556; baseline 0.007 -28"><span class='ocrx_word' id='word_1_255' title='bbox 554 3494 716 3547; x_wconf 83' lang='lat' dir='ltr'><strong>posse</strong></span> <span class='ocrx_word' id='word_1_256' title='bbox 742 3482 1009 3537; x_wconf 83' lang='lat' dir='ltr'><strong>videatur.</strong></span> <span class='ocrx_word' id='word_1_257' title='bbox 1043 3483 1308 3539; x_wconf 66' lang='lat' dir='ltr'><strong>Caeterum</strong></span> <span class='ocrx_word' id='word_1_258' title='bbox 1340 3496 1462 3541; x_wconf 88' lang='lat' dir='ltr'><strong>sunt</strong></span> <span class='ocrx_word' id='word_1_259' title='bbox 1494 3487 1676 3548; x_wconf 86' lang='lat' dir='ltr'><strong>etiam,</strong></span> <span class='ocrx_word' id='word_1_260' title='bbox 1702 3486 1815 3556; x_wconf 84' lang='lat' dir='ltr'><strong>qui,</strong></span> <span class='ocrx_word' id='word_1_261' title='bbox 1847 3485 2127 3549; x_wconf 88' lang='lat' dir='ltr'><strong>Sanctum,</strong></span> 
     </span>
    </p>
   </div>
   <div class='ocr_carea' id='block_1_36' title="bbox 551 3571 2130 3647">
    <p class='ocr_par' dir='ltr' id='par_1_36' title="bbox 551 3571 2130 3647">
     <span class='ocr_line' id='line_1_36' title="bbox 551 3571 2130 3647; baseline 0.004 -24"><span class='ocrx_word' id='word_1_262' title='bbox 551 3571 734 3627; x_wconf 79' lang='lat' dir='ltr'><strong>Remis</strong></span> <span class='ocrx_word' id='word_1_263' title='bbox 759 3574 933 3629; x_wconf 86' lang='lat' dir='ltr'><strong>adhuc</strong></span> <span class='ocrx_word' id='word_1_264' title='bbox 960 3585 1229 3644; x_wconf 78' lang='lat' dir='ltr'><strong>agentem,</strong></span> <span class='ocrx_word' id='word_1_265' title='bbox 1254 3578 1419 3632; x_wconf 85' lang='lat' dir='ltr'><strong>divini</strong></span> <span class='ocrx_word' id='word_1_266' title='bbox 1453 3578 1599 3632; x_wconf 79' lang='lat' dir='ltr'><strong>verbi</strong></span> <span class='ocrx_word' id='word_1_267' title='bbox 1628 3578 1900 3633; x_wconf 85' lang='lat' dir='ltr'><strong>exstitisse</strong></span> <span class='ocrx_word' id='word_1_268' title='bbox 1926 3592 2130 3647; x_wconf 74' lang='lat' dir='ltr'><strong>przcco-</strong></span> 
     </span>
    </p>
   </div>
   <div class='ocr_carea' id='block_1_37' title="bbox 549 3652 2130 3737">
    <p class='ocr_par' dir='ltr' id='par_1_37' title="bbox 549 3652 2130 3737">
     <span class='ocr_line' id='line_1_37' title="bbox 549 3652 2130 3737; baseline 0 -21"><span class='ocrx_word' id='word_1_269' title='bbox 549 3677 694 3727; x_wconf 78' lang='lat' dir='ltr'><strong>neu,</strong></span> <span class='ocrx_word' id='word_1_270' title='bbox 726 3666 1078 3731; x_wconf 91' lang='lat' dir='ltr'><strong>contendunt,</strong></span> <span class='ocrx_word' id='word_1_271' title='bbox 1106 3667 1299 3729; x_wconf 77' lang='lat' dir='ltr'><strong>innixi,</strong></span> <span class='ocrx_word' id='word_1_272' title='bbox 1326 3676 1381 3720; x_wconf 89' lang='lat' dir='ltr'><strong>ttt</strong></span> <span class='ocrx_word' id='word_1_273' title='bbox 1401 3668 1613 3737; x_wconf 88' lang='lat' dir='ltr'><strong>opinor,</strong></span> <span class='ocrx_word' id='word_1_274' title='bbox 1639 3668 1836 3736; x_wconf 85' lang='lat' dir='ltr'><strong>partim</strong></span> <span class='ocrx_word' id='word_1_275' title='bbox 1860 3652 2130 3736; x_wconf 82' lang='lat' dir='ltr'><strong>sequenti,</strong></span> 
     </span>
    </p>
   </div>
   <div class='ocr_carea' id='block_1_38' title="bbox 549 3754 2136 3827">
    <p class='ocr_par' dir='ltr' id='par_1_38' title="bbox 549 3754 2136 3827">
     <span class='ocr_line' id='line_1_38' title="bbox 549 3754 2136 3827; baseline 0.002 -20"><span class='ocrx_word' id='word_1_276' title='bbox 549 3770 712 3825; x_wconf 92' lang='lat' dir='ltr'><strong>quem</strong></span> <span class='ocrx_word' id='word_1_277' title='bbox 746 3754 987 3811; x_wconf 80' lang='lat' dir='ltr'><strong>funebris</strong></span> <span class='ocrx_word' id='word_1_278' title='bbox 1016 3756 1262 3811; x_wconf 71' lang='lat' dir='ltr'><strong>ecclesiae</strong></span> <span class='ocrx_word' id='word_1_279' title='bbox 1286 3757 1692 3827; x_wconf 75' lang='lat' dir='ltr'><strong>Andegavensis</strong></span> <span class='ocrx_word' id='word_1_280' title='bbox 1729 3756 1948 3823; x_wconf 87' lang='lat' dir='ltr'><strong>titulus,</strong></span> <span class='ocrx_word' id='word_1_281' title='bbox 1993 3758 2136 3811; x_wconf 81' lang='lat' dir='ltr'><strong>inter</strong></span> 
     </span>
    </p>
   </div>
   <div class='ocr_carea' id='block_1_39' title="bbox 549 3846 1647 3913">
    <p class='ocr_par' dir='ltr' id='par_1_39' title="bbox 549 3846 1647 3913">
     <span class='ocr_line' id='line_1_39' title="bbox 549 3846 1647 3913; baseline -0.001 -13"><span class='ocrx_word' id='word_1_282' title='bbox 549 3847 887 3901; x_wconf 81' lang='lat' dir='ltr'><strong>recudendos</strong></span> <span class='ocrx_word' id='word_1_283' title='bbox 914 3846 1034 3913; x_wconf 87' lang='grc'><strong>166,</strong></span> <span class='ocrx_word' id='word_1_284' title='bbox 1061 3847 1308 3911; x_wconf 88' lang='lat' dir='ltr'><strong>includit,</strong></span> <span class='ocrx_word' id='word_1_285' title='bbox 1340 3847 1602 3901; x_wconf 81' lang='lat' dir='ltr'><strong>versiculo</strong></span> <span class='ocrx_word' id='word_1_286' title='bbox 1635 3864 1647 3899; x_wconf 90' lang='lat'><strong>:</strong></span> 
     </span>
    </p>
   </div>
   <div class='ocr_carea' id='block_1_40' title="bbox 736 3958 1879 4030">
    <p class='ocr_par' dir='ltr' id='par_1_40' title="bbox 736 3958 1879 4030">
     <span class='ocr_line' id='line_1_40' title="bbox 736 3958 1879 4030; baseline 0.004 -17"><span class='ocrx_word' id='word_1_287' title='bbox 736 3958 933 4013; x_wconf 81' lang='lat' dir='ltr'><strong>Multos</strong></span> <span class='ocrx_word' id='word_1_288' title='bbox 959 3976 1222 4014; x_wconf 85' lang='lat' dir='ltr'><strong>sermones</strong></span> <span class='ocrx_word' id='word_1_289' title='bbox 1248 3960 1472 4029; x_wconf 82' lang='lat' dir='ltr'><strong>faciebat</strong></span> <span class='ocrx_word' id='word_1_290' title='bbox 1501 3976 1593 4030; x_wconf 85' lang='lat' dir='ltr'><strong>per</strong></span> <span class='ocrx_word' id='word_1_291' title='bbox 1620 3974 1879 4029; x_wconf 75' lang='lat' dir='ltr'><strong>regiones.</strong></span> 
     </span>
    </p>
   </div>
   <div class='ocr_carea' id='block_1_41' title="bbox 555 4078 2133 4145">
    <p class='ocr_par' dir='ltr' id='par_1_41' title="bbox 555 4078 2133 4145">
     <span class='ocr_line' id='line_1_41' title="bbox 555 4078 2133 4145; baseline -0.004 -12"><span class='ocrx_word' id='word_1_292' title='bbox 555 4079 750 4135; x_wconf 72' lang='lat' dir='ltr'><strong>Verum</strong></span> <span class='ocrx_word' id='word_1_293' title='bbox 782 4097 921 4141; x_wconf 83' lang='lat' dir='ltr'><strong>anne</strong></span> <span class='ocrx_word' id='word_1_294' title='bbox 958 4082 1046 4141; x_wconf 66' lang='lat' dir='ltr'><strong>hic</strong></span> <span class='ocrx_word' id='word_1_295' title='bbox 1072 4080 1139 4136; x_wconf 90' lang='lat' dir='ltr'><strong>de</strong></span> <span class='ocrx_word' id='word_1_296' title='bbox 1164 4080 1436 4145; x_wconf 84' lang='lat' dir='ltr'><strong>Brunone,</strong></span> <span class='ocrx_word' id='word_1_297' title='bbox 1458 4078 1644 4139; x_wconf 86' lang='lat' dir='ltr'><strong>Remis</strong></span> <span class='ocrx_word' id='word_1_298' title='bbox 1664 4078 1842 4138; x_wconf 90' lang='lat' dir='ltr'><strong>adhuc</strong></span> <span class='ocrx_word' id='word_1_299' title='bbox 1865 4086 2133 4143; x_wconf 55' lang='lat' dir='ltr'><strong>versante,</strong></span> 
     </span>
    </p>
   </div>
   <div class='ocr_carea' id='block_1_42' title="bbox 553 4168 2138 4242">
    <p class='ocr_par' dir='ltr' id='par_1_42' title="bbox 553 4168 2138 4242">
     <span class='ocr_line' id='line_1_42' title="bbox 553 4168 2138 4242; baseline -0.004 -16"><span class='ocrx_word' id='word_1_300' title='bbox 553 4182 764 4239; x_wconf 62' lang='lat' dir='ltr'><strong>agatur,</strong></span> <span class='ocrx_word' id='word_1_301' title='bbox 795 4187 894 4242; x_wconf 91' lang='lat' dir='ltr'><strong>pro</strong></span> <span class='ocrx_word' id='word_1_302' title='bbox 920 4181 1072 4227; x_wconf 87' lang='lat' dir='ltr'><strong>certo</strong></span> <span class='ocrx_word' id='word_1_303' title='bbox 1103 4171 1224 4240; x_wconf 91' lang='lat' dir='ltr'><strong>quis</strong></span> <span class='ocrx_word' id='word_1_304' title='bbox 1272 4170 1517 4224; x_wconf 83' lang='lat' dir='ltr'><strong>asserat?</strong></span> <span class='ocrx_word' id='word_1_305' title='bbox 1552 4168 1798 4223; x_wconf 81' lang='lat' dir='ltr'><strong>Recitata</strong></span> <span class='ocrx_word' id='word_1_306' title='bbox 1837 4168 1982 4221; x_wconf 86' lang='lat' dir='ltr'><strong>cnim</strong></span> <span class='ocrx_word' id='word_1_307' title='bbox 2016 4183 2138 4221; x_wconf 73' lang='lat' dir='ltr'><strong>ver-</strong></span> 
     </span>
    </p>
   </div>
   <div class='ocr_carea' id='block_1_43' title="bbox 553 4259 1826 4333">
    <p class='ocr_par' dir='ltr' id='par_1_43' title="bbox 553 4259 1826 4333">
     <span class='ocr_line' id='line_1_43' title="bbox 553 4259 1826 4333; baseline -0.005 -14"><span class='ocrx_word' id='word_1_308' title='bbox 553 4265 724 4319; x_wconf 89' lang='lat' dir='ltr'><strong>siculo</strong></span> <span class='ocrx_word' id='word_1_309' title='bbox 755 4264 1000 4333; x_wconf 79' lang='lat' dir='ltr'><strong>proxime</strong></span> <span class='ocrx_word' id='word_1_310' title='bbox 1028 4263 1164 4322; x_wconf 84' lang='lat' dir='ltr'><strong>alter</strong></span> <span class='ocrx_word' id='word_1_311' title='bbox 1187 4262 1274 4320; x_wconf 91' lang='lat' dir='ltr'><strong>hic</strong></span> <span class='ocrx_word' id='word_1_312' title='bbox 1308 4261 1508 4316; x_wconf 89' lang='lat' dir='ltr'><strong>ibidem</strong></span> <span class='ocrx_word' id='word_1_313' title='bbox 1535 4259 1783 4315; x_wconf 90' lang='lat' dir='ltr'><strong>subditur</strong></span> <span class='ocrx_word' id='word_1_314' title='bbox 1812 4271 1826 4312; x_wconf 89' lang='lat'><strong>:</strong></span> 
     </span>
    </p>
   </div>
   <div class='ocr_carea' id='block_1_44' title="bbox 662 4347 2019 4419">
    <p class='ocr_par' dir='ltr' id='par_1_44' title="bbox 662 4347 2019 4419">
     <span class='ocr_line' id='line_1_44' title="bbox 662 4347 2019 4419; baseline -0.006 -12"><span class='ocrx_word' id='word_1_315' title='bbox 662 4353 851 4408; x_wconf 80' lang='lat' dir='ltr'><strong>Urbem</strong></span> <span class='ocrx_word' id='word_1_316' title='bbox 883 4353 1119 4407; x_wconf 72' lang='lat' dir='ltr'><strong>transivit</strong></span> <span class='ocrx_word' id='word_1_317' title='bbox 1148 4350 1391 4414; x_wconf 85' lang='lat' dir='ltr'><strong>Romam,</strong></span> <span class='ocrx_word' id='word_1_318' title='bbox 1418 4350 1775 4419; x_wconf 80' lang='lat' dir='ltr'><strong>(.‘alnbrosqne</strong></span> <span class='ocrx_word' id='word_1_319' title='bbox 1805 4347 1981 4417; x_wconf 75' lang='lat' dir='ltr'><strong>petirit</strong></span> <span class='ocrx_word' id='word_1_320' title='bbox 1999 4363 2019 4412; x_wconf 87' lang='lat'><em>;</em></span> 
     </span>
    </p>
   </div>
   <div class='ocr_carea' id='block_1_45' title="bbox 2221 556 3812 638">
    <p class='ocr_par' dir='ltr' id='par_1_45' title="bbox 2221 556 3812 638">
     <span class='ocr_line' id='line_1_45' title="bbox 2221 556 3812 638; baseline 0.006 -31"><span class='ocrx_word' id='word_1_321' title='bbox 2221 556 2247 626; x_wconf 47' lang='grc' dir='ltr'><strong>έ</strong></span> <span class='ocrx_word' id='word_1_322' title='bbox 2293 556 2526 638; x_wconf 54' lang='lat' dir='ltr'><strong>marinus</strong></span> <span class='ocrx_word' id='word_1_323' title='bbox 2554 575 2659 611; x_wconf 85' lang='lat' dir='ltr'><strong>non</strong></span> <span class='ocrx_word' id='word_1_324' title='bbox 2688 558 2861 638; x_wconf 59' lang='lat' dir='ltr'><strong>ruinas</strong></span> <span class='ocrx_word' id='word_1_325' title='bbox 2891 556 3047 628; x_wconf 72' lang='lat' dir='ltr'><strong>quam</strong></span> <span class='ocrx_word' id='word_1_326' title='bbox 3070 560 3256 638; x_wconf 70' lang='lat' dir='ltr'><strong>litteris</strong></span> <span class='ocrx_word' id='word_1_327' title='bbox 3277 556 3601 638; x_wconf 69' lang='lat' dir='ltr'><strong>informarit,</strong></span> <span class='ocrx_word' id='word_1_328' title='bbox 3623 573 3671 615; x_wconf 86' lang='lat' dir='ltr'><strong>et</strong></span> <span class='ocrx_word' id='word_1_329' title='bbox 3690 578 3812 633; x_wconf 72' lang='lat' dir='ltr'><strong>quc</strong></span> 
     </span>
    </p>
   </div>
   <div class='ocr_carea' id='block_1_46' title="bbox 2296 628 3624 685">
    <p class='ocr_par' dir='ltr' id='par_1_46' title="bbox 2296 628 3624 685">
     <span class='ocr_line' id='line_1_46' title="bbox 2296 628 3624 685; baseline 0.004 -6"><span class='ocrx_word' id='word_1_330' title='bbox 2296 637 2419 681; x_wconf 86' lang='lat' dir='ltr'><strong>tunc</strong></span> <span class='ocrx_word' id='word_1_331' title='bbox 2445 628 2498 680; x_wconf 88' lang='lat' dir='ltr'><strong>in</strong></span> <span class='ocrx_word' id='word_1_332' title='bbox 2522 644 2583 681; x_wconf 77' lang='lat' dir='ltr'><strong>eo</strong></span> <span class='ocrx_word' id='word_1_333' title='bbox 2610 628 2772 682; x_wconf 87' lang='lat' dir='ltr'><strong>animi</strong></span> <span class='ocrx_word' id='word_1_334' title='bbox 2797 628 2947 682; x_wconf 82' lang='lat' dir='ltr'><strong>dotes</strong></span> <span class='ocrx_word' id='word_1_335' title='bbox 2977 646 3039 682; x_wconf 87' lang='lat' dir='ltr'><strong>ac</strong></span> <span class='ocrx_word' id='word_1_336' title='bbox 3069 632 3282 684; x_wconf 88' lang='lat' dir='ltr'><strong>virtutes</strong></span> <span class='ocrx_word' id='word_1_337' title='bbox 3321 628 3624 685; x_wconf 77' lang='lat' dir='ltr'><strong>enituerint.</strong></span> 
     </span>
    </p>
   </div>
   <div class='ocr_carea' id='block_1_47' title="bbox 2296 734 3808 810">
    <p class='ocr_par' dir='ltr' id='par_1_47' title="bbox 2296 734 3808 810">
     <span class='ocr_line' id='line_1_47' title="bbox 2296 734 3808 810; baseline 0.005 -20"><span class='ocrx_word' id='word_1_338' title='bbox 2296 734 2383 790; x_wconf 86' lang='lat'><strong>96.</strong></span> <span class='ocrx_word' id='word_1_339' title='bbox 2411 735 2684 807; x_wconf 86' lang='lat' dir='ltr'><strong>lugentem</strong></span> <span class='ocrx_word' id='word_1_340' title='bbox 2710 753 2839 793; x_wconf 88' lang='lat' dir='ltr'><strong>sane</strong></span> <span class='ocrx_word' id='word_1_341' title='bbox 2868 753 3078 802; x_wconf 89' lang='lat' dir='ltr'><strong>eorum,</strong></span> <span class='ocrx_word' id='word_1_342' title='bbox 3105 755 3240 808; x_wconf 89' lang='lat' dir='ltr'><strong>quos</strong></span> <span class='ocrx_word' id='word_1_343' title='bbox 3266 740 3700 810; x_wconf 58' lang='lat' dir='ltr'><strong>sanctuslnoster</strong></span> <span class='ocrx_word' id='word_1_344' title='bbox 3731 743 3808 798; x_wconf 86' lang='lat' dir='ltr'><strong>di-</strong></span> 
     </span>
    </p>
   </div>
   <div class='ocr_carea' id='block_1_48' title="bbox 2223 825 3809 901">
    <p class='ocr_par' dir='ltr' id='par_1_48' title="bbox 2223 825 3809 901">
     <span class='ocr_line' id='line_1_48' title="bbox 2223 825 3809 901; baseline 0.005 -21"><span class='ocrx_word' id='word_1_345' title='bbox 2223 841 2263 880; x_wconf 45' lang='lat' dir='ltr'><strong>si</strong></span> <span class='ocrx_word' id='word_1_346' title='bbox 2286 825 2460 894; x_wconf 87' lang='lat' dir='ltr'><strong>ipulos</strong></span> <span class='ocrx_word' id='word_1_347' title='bbox 2486 827 2754 893; x_wconf 83' lang='lat' dir='ltr'><strong>habuerit,</strong></span> <span class='ocrx_word' id='word_1_348' title='bbox 2776 828 3093 899; x_wconf 74' lang='lat' dir='ltr'><strong>litterasque</strong></span> <span class='ocrx_word' id='word_1_349' title='bbox 3116 830 3282 900; x_wconf 88' lang='lat' dir='ltr'><strong>(unde</strong></span> <span class='ocrx_word' id='word_1_350' title='bbox 3307 831 3426 901; x_wconf 85' lang='lat' dir='ltr'><strong>ejus</strong></span> <span class='ocrx_word' id='word_1_351' title='bbox 3443 832 3496 886; x_wconf 91' lang='lat' dir='ltr'><strong>in</strong></span> <span class='ocrx_word' id='word_1_352' title='bbox 3519 833 3670 888; x_wconf 90' lang='lat' dir='ltr'><strong>hisce</strong></span> <span class='ocrx_word' id='word_1_353' title='bbox 3696 844 3809 887; x_wconf 87' lang='lat' dir='ltr'><strong>tra-</strong></span> 
     </span>
    </p>
   </div>
   <div class='ocr_carea' id='block_1_49' title="bbox 2224 917 3812 992">
    <p class='ocr_par' dir='ltr' id='par_1_49' title="bbox 2224 917 3812 992">
     <span class='ocr_line' id='line_1_49' title="bbox 2224 917 3812 992; baseline 0.001 -20"><span class='ocrx_word' id='word_1_354' title='bbox 2224 917 2413 972; x_wconf 80' lang='lat' dir='ltr'><strong>dendis</strong></span> <span class='ocrx_word' id='word_1_355' title='bbox 2456 918 2718 973; x_wconf 85' lang='lat' dir='ltr'><strong>industria</strong></span> <span class='ocrx_word' id='word_1_356' title='bbox 2764 919 2992 976; x_wconf 91' lang='lat' dir='ltr'><strong>miritiee</strong></span> <span class='ocrx_word' id='word_1_357' title='bbox 3021 920 3213 991; x_wconf 77' lang='lat' dir='ltr'><strong>eluxit)</strong></span> <span class='ocrx_word' id='word_1_358' title='bbox 3252 930 3438 991; x_wconf 87' lang='lat' dir='ltr'><strong>optato</strong></span> <span class='ocrx_word' id='word_1_359' title='bbox 3483 922 3645 992; x_wconf 89' lang='lat' dir='ltr'><strong>plane</strong></span> <span class='ocrx_word' id='word_1_360' title='bbox 3688 937 3812 976; x_wconf 85' lang='lat' dir='ltr'><strong>suc-</strong></span> 
     </span>
    </p>
   </div>
   <div class='ocr_carea' id='block_1_50' title="bbox 2225 1008 3811 1078">
    <p class='ocr_par' dir='ltr' id='par_1_50' title="bbox 2225 1008 3811 1078">
     <span class='ocr_line' id='line_1_50' title="bbox 2225 1008 3811 1078; baseline 0.003 -17"><span class='ocrx_word' id='word_1_361' title='bbox 2225 1022 2380 1061; x_wconf 85' lang='lat' dir='ltr'><strong>cessu</strong></span> <span class='ocrx_word' id='word_1_362' title='bbox 2402 1008 2667 1074; x_wconf 82' lang='lat' dir='ltr'><strong>docuerit,</strong></span> <span class='ocrx_word' id='word_1_363' title='bbox 2689 1008 3091 1065; x_wconf 89' lang='lat' dir='ltr'><strong>multitudinem</strong></span> <span class='ocrx_word' id='word_1_364' title='bbox 3117 1012 3415 1078; x_wconf 83' lang='lat' dir='ltr'><strong>exstitisse,</strong></span> <span class='ocrx_word' id='word_1_365' title='bbox 3439 1027 3545 1065; x_wconf 93' lang='lat' dir='ltr'><strong>non</strong></span> <span class='ocrx_word' id='word_1_366' title='bbox 3575 1012 3811 1066; x_wconf 87' lang='lat' dir='ltr'><strong>obscure</strong></span> 
     </span>
    </p>
   </div>
   <div class='ocr_carea' id='block_1_51' title="bbox 2226 1097 3810 1173">
    <p class='ocr_par' dir='ltr' id='par_1_51' title="bbox 2226 1097 3810 1173">
     <span class='ocr_line' id='line_1_51' title="bbox 2226 1097 3810 1173; baseline 0.005 -21"><span class='ocrx_word' id='word_1_367' title='bbox 2226 1097 2431 1152; x_wconf 85' lang='lat' dir='ltr'><strong>indicat</strong></span> <span class='ocrx_word' id='word_1_368' title='bbox 2450 1097 2697 1154; x_wconf 82' lang='lat' dir='ltr'><strong>funebris</strong></span> <span class='ocrx_word' id='word_1_369' title='bbox 2724 1098 2867 1155; x_wconf 91' lang='lat' dir='ltr'><strong>illius</strong></span> <span class='ocrx_word' id='word_1_370' title='bbox 2895 1100 3105 1157; x_wconf 87' lang='lat' dir='ltr'><strong>Titulus</strong></span> <span class='ocrx_word' id='word_1_371' title='bbox 3131 1102 3225 1158; x_wconf 80' lang='grc'><strong>151</strong></span> <span class='ocrx_word' id='word_1_372' title='bbox 3258 1103 3611 1173; x_wconf 88' lang='lat' dir='ltr'><strong>sequentibus</strong></span> <span class='ocrx_word' id='word_1_373' title='bbox 3634 1103 3810 1170; x_wconf 82' lang='lat' dir='ltr'><strong>hisce,</strong></span> 
     </span>
    </p>
   </div>
   <div class='ocr_carea' id='block_1_52' title="bbox 2226 1190 3273 1260">
    <p class='ocr_par' dir='ltr' id='par_1_52' title="bbox 2226 1190 3273 1260">
     <span class='ocr_line' id='line_1_52' title="bbox 2226 1190 3273 1260; baseline 0.007 -17"><span class='ocrx_word' id='word_1_374' title='bbox 2226 1190 2421 1260; x_wconf 87' lang='lat' dir='ltr'><strong>quibus</strong></span> <span class='ocrx_word' id='word_1_375' title='bbox 2447 1193 2646 1260; x_wconf 82' lang='lat' dir='ltr'><strong>p&#39;tl‘llln</strong></span> <span class='ocrx_word' id='word_1_376' title='bbox 2675 1202 2920 1259; x_wconf 86' lang='lat' dir='ltr'><strong>constat,</strong></span> <span class='ocrx_word' id='word_1_377' title='bbox 2949 1196 3232 1252; x_wconf 84' lang='lat' dir='ltr'><strong>versiculis</strong></span> <span class='ocrx_word' id='word_1_378' title='bbox 3260 1215 3273 1250; x_wconf 87' lang='lat'><strong>:</strong></span> 
     </span>
    </p>
   </div>
   <div class='ocr_carea' id='block_1_53' title="bbox 2296 1281 3495 1356">
    <p class='ocr_par' dir='ltr' id='par_1_53' title="bbox 2296 1281 3495 1356">
     <span class='ocr_line' id='line_1_53' title="bbox 2296 1281 3495 1356; baseline 0.005 -20"><span class='ocrx_word' id='word_1_379' title='bbox 2296 1281 2561 1352; x_wconf 54' lang='lat' dir='ltr'><strong>Splendlr</strong></span> <span class='ocrx_word' id='word_1_380' title='bbox 2578 1284 2834 1338; x_wconf 78' lang='lat' dir='ltr'><strong>sermonis</strong></span> <span class='ocrx_word' id='word_1_381' title='bbox 2864 1285 2963 1354; x_wconf 76' lang='lat' dir='ltr'><strong>fuit</strong></span> <span class='ocrx_word' id='word_1_382' title='bbox 2988 1296 3034 1338; x_wconf 79' lang='lat' dir='ltr'><strong>et</strong></span> <span class='ocrx_word' id='word_1_383' title='bbox 3065 1286 3159 1340; x_wconf 76' lang='lat' dir='ltr'><strong>lux</strong></span> <span class='ocrx_word' id='word_1_384' title='bbox 3190 1286 3495 1356; x_wconf 71' lang='lat' dir='ltr'><strong>relligionis.</strong></span> 
     </span>
    </p>
   </div>
   <div class='ocr_carea' id='block_1_54' title="bbox 2369 1371 3403 1446">
    <p class='ocr_par' dir='ltr' id='par_1_54' title="bbox 2369 1371 3403 1446">
     <span class='ocr_line' id='line_1_54' title="bbox 2369 1371 3403 1446; baseline 0.008 -22"><span class='ocrx_word' id='word_1_385' title='bbox 2369 1371 2503 1443; x_wconf 75' lang='lat' dir='ltr'><strong>Ejus</strong></span> <span class='ocrx_word' id='word_1_386' title='bbox 2533 1373 2732 1443; x_wconf 65' lang='lat' dir='ltr'><strong>relligio</strong></span> <span class='ocrx_word' id='word_1_387' title='bbox 2756 1375 2923 1428; x_wconf 72' lang='lat' dir='ltr'><strong>scitur</strong></span> <span class='ocrx_word' id='word_1_388' title='bbox 2949 1377 3137 1446; x_wconf 81' lang='lat' dir='ltr'><strong>ubique</strong></span> <span class='ocrx_word' id='word_1_389' title='bbox 3159 1378 3310 1430; x_wconf 83' lang='lat' dir='ltr'><strong>satis.</strong></span> <span class='ocrx_word' id='word_1_390' title='bbox 3399 1429 3403 1433; x_wconf 79' lang='grc'><em>,</em></span> 
     </span>
    </p>
   </div>
   <div class='ocr_carea' id='block_1_55' title="bbox 2300 1461 3432 1539">
    <p class='ocr_par' dir='ltr' id='par_1_55' title="bbox 2300 1461 3432 1539">
     <span class='ocr_line' id='line_1_55' title="bbox 2300 1461 3432 1539; baseline 0.008 -23"><span class='ocrx_word' id='word_1_391' title='bbox 2300 1461 2435 1532; x_wconf 83' lang='lat' dir='ltr'><strong>Ejus</strong></span> <span class='ocrx_word' id='word_1_392' title='bbox 2468 1465 2709 1519; x_wconf 85' lang='lat' dir='ltr'><strong>doctrina</strong></span> <span class='ocrx_word' id='word_1_393' title='bbox 2739 1478 2858 1519; x_wconf 82' lang='lat' dir='ltr'><strong>sunt</strong></span> <span class='ocrx_word' id='word_1_394' title='bbox 2891 1468 3018 1536; x_wconf 79' lang='lat' dir='ltr'><strong>farti</strong></span> <span class='ocrx_word' id='word_1_395' title='bbox 3050 1479 3122 1521; x_wconf 90' lang='lat' dir='ltr'><strong>tot</strong></span> <span class='ocrx_word' id='word_1_396' title='bbox 3149 1470 3432 1539; x_wconf 72' lang='lat' dir='ltr'><strong>sapientes.</strong></span> 
     </span>
    </p>
   </div>
   <div class='ocr_carea' id='block_1_56' title="bbox 2373 1552 3636 1630">
    <p class='ocr_par' dir='ltr' id='par_1_56' title="bbox 2373 1552 3636 1630">
     <span class='ocr_line' id='line_1_56' title="bbox 2373 1552 3636 1630; baseline 0.009 -25"><span class='ocrx_word' id='word_1_397' title='bbox 2373 1552 2516 1618; x_wconf 79' lang='lat' dir='ltr'><strong>Quos</strong></span> <span class='ocrx_word' id='word_1_398' title='bbox 2542 1570 2655 1607; x_wconf 87' lang='lat' dir='ltr'><strong>mea</strong></span> <span class='ocrx_word' id='word_1_399' title='bbox 2686 1572 2829 1611; x_wconf 86' lang='lat' dir='ltr'><strong>mens</strong></span> <span class='ocrx_word' id='word_1_400' title='bbox 2852 1558 3035 1622; x_wconf 75' lang='lat' dir='ltr'><strong>nescit,</strong></span> <span class='ocrx_word' id='word_1_401' title='bbox 3058 1568 3105 1612; x_wconf 74' lang='lat' dir='ltr'><strong>et</strong></span> <span class='ocrx_word' id='word_1_402' title='bbox 3134 1575 3248 1612; x_wconf 80' lang='lat' dir='ltr'><strong>mea</strong></span> <span class='ocrx_word' id='word_1_403' title='bbox 3278 1577 3449 1630; x_wconf 82' lang='lat' dir='ltr'><strong>penna</strong></span> <span class='ocrx_word' id='word_1_404' title='bbox 3477 1572 3636 1617; x_wconf 83' lang='lat' dir='ltr'><strong>tacet.</strong></span> 
     </span>
    </p>
   </div>
   <div class='ocr_carea' id='block_1_57' title="bbox 2230 1644 3809 1724">
    <p class='ocr_par' dir='ltr' id='par_1_57' title="bbox 2230 1644 3809 1724">
     <span class='ocr_line' id='line_1_57' title="bbox 2230 1644 3809 1724; baseline 0.003 -24"><span class='ocrx_word' id='word_1_405' title='bbox 2230 1644 2340 1701; x_wconf 80' lang='lat' dir='ltr'><strong>Nec</strong></span> <span class='ocrx_word' id='word_1_406' title='bbox 2383 1661 2610 1702; x_wconf 89' lang='lat' dir='ltr'><strong>numero</strong></span> <span class='ocrx_word' id='word_1_407' title='bbox 2658 1655 2866 1703; x_wconf 88' lang='lat' dir='ltr'><strong>tantum</strong></span> <span class='ocrx_word' id='word_1_408' title='bbox 2897 1650 3050 1705; x_wconf 89' lang='lat' dir='ltr'><strong>multi</strong></span> <span class='ocrx_word' id='word_1_409' title='bbox 3098 1649 3157 1706; x_wconf 91' lang='lat' dir='ltr'><strong>S.</strong></span> <span class='ocrx_word' id='word_1_410' title='bbox 3205 1650 3474 1708; x_wconf 88' lang='lat' dir='ltr'><strong>Brunonis</strong></span> <span class='ocrx_word' id='word_1_411' title='bbox 3521 1653 3809 1724; x_wconf 83' lang='lat' dir='ltr'><strong>discipuli,</strong></span> 
     </span>
    </p>
   </div>
   <div class='ocr_carea' id='block_1_58' title="bbox 2235 1738 3813 1809">
    <p class='ocr_par' dir='ltr' id='par_1_58' title="bbox 2235 1738 3813 1809">
     <span class='ocr_line' id='line_1_58' title="bbox 2235 1738 3813 1809; baseline 0.004 -19"><span class='ocrx_word' id='word_1_412' title='bbox 2235 1751 2422 1791; x_wconf 90' lang='lat' dir='ltr'><strong>verum</strong></span> <span class='ocrx_word' id='word_1_413' title='bbox 2454 1738 2616 1792; x_wconf 90' lang='lat' dir='ltr'><strong>etiam</strong></span> <span class='ocrx_word' id='word_1_414' title='bbox 2646 1738 2852 1809; x_wconf 89' lang='lat' dir='ltr'><strong>aliquot</strong></span> <span class='ocrx_word' id='word_1_415' title='bbox 2878 1755 2944 1795; x_wconf 83' lang='lat' dir='ltr'><strong>ex</strong></span> <span class='ocrx_word' id='word_1_416' title='bbox 2976 1741 3127 1797; x_wconf 85' lang='lat' dir='ltr'><strong>hisee</strong></span> <span class='ocrx_word' id='word_1_417' title='bbox 3151 1750 3258 1795; x_wconf 90' lang='lat' dir='ltr'><strong>tam</strong></span> <span class='ocrx_word' id='word_1_418' title='bbox 3288 1742 3487 1796; x_wconf 72' lang='lat' dir='ltr'><strong>virtute</strong></span> <span class='ocrx_word' id='word_1_419' title='bbox 3510 1758 3576 1798; x_wconf 90' lang='lat' dir='ltr'><strong>ac</strong></span> <span class='ocrx_word' id='word_1_420' title='bbox 3596 1759 3813 1799; x_wconf 90' lang='lat' dir='ltr'><strong>morum</strong></span> 
     </span>
    </p>
   </div>
   <div class='ocr_carea' id='block_1_59' title="bbox 2232 1828 3816 1901">
    <p class='ocr_par' dir='ltr' id='par_1_59' title="bbox 2232 1828 3816 1901">
     <span class='ocr_line' id='line_1_59' title="bbox 2232 1828 3816 1901; baseline 0.002 -19"><span class='ocrx_word' id='word_1_421' title='bbox 2232 1828 2520 1898; x_wconf 87' lang='lat' dir='ltr'><strong>probitate,</strong></span> <span class='ocrx_word' id='word_1_422' title='bbox 2546 1844 2707 1898; x_wconf 88' lang='lat' dir='ltr'><strong>quam</strong></span> <span class='ocrx_word' id='word_1_423' title='bbox 2737 1829 2938 1887; x_wconf 87' lang='lat' dir='ltr'><strong>muniis</strong></span> <span class='ocrx_word' id='word_1_424' title='bbox 2956 1846 3020 1885; x_wconf 90' lang='lat' dir='ltr'><strong>ac</strong></span> <span class='ocrx_word' id='word_1_425' title='bbox 3045 1831 3421 1901; x_wconf 77' lang='lat' dir='ltr'><strong>dignitatibus,</strong></span> <span class='ocrx_word' id='word_1_426' title='bbox 3445 1833 3641 1901; x_wconf 90' lang='lat' dir='ltr'><strong>quibus</strong></span> <span class='ocrx_word' id='word_1_427' title='bbox 3666 1842 3816 1901; x_wconf 61' lang='lat' dir='ltr'><strong>posto</strong></span> 
     </span>
    </p>
   </div>
   <div class='ocr_carea' id='block_1_60' title="bbox 2230 1918 3817 1990">
    <p class='ocr_par' dir='ltr' id='par_1_60' title="bbox 2230 1918 3817 1990">
     <span class='ocr_line' id='line_1_60' title="bbox 2230 1918 3817 1990; baseline 0 -17"><span class='ocrx_word' id='word_1_428' title='bbox 2230 1918 2449 1974; x_wconf 85' lang='lat' dir='ltr'><strong>modum</strong></span> <span class='ocrx_word' id='word_1_429' title='bbox 2476 1919 2717 1973; x_wconf 87' lang='lat' dir='ltr'><strong>decorati</strong></span> <span class='ocrx_word' id='word_1_430' title='bbox 2741 1918 2980 1984; x_wconf 82' lang='lat' dir='ltr'><strong>fuerunt,</strong></span> <span class='ocrx_word' id='word_1_431' title='bbox 3008 1920 3331 1990; x_wconf 83' lang='lat' dir='ltr'><strong>spectabiles</strong></span> <span class='ocrx_word' id='word_1_432' title='bbox 3355 1923 3637 1975; x_wconf 82' lang='lat' dir='ltr'><strong>exstitere.</strong></span> <span class='ocrx_word' id='word_1_433' title='bbox 3665 1919 3817 1974; x_wconf 81' lang='lat' dir='ltr'><strong>Non~</strong></span> 
     </span>
    </p>
   </div>
   <div class='ocr_carea' id='block_1_61' title="bbox 2229 2007 3818 2079">
    <p class='ocr_par' dir='ltr' id='par_1_61' title="bbox 2229 2007 3818 2079">
     <span class='ocr_line' id='line_1_61' title="bbox 2229 2007 3818 2079; baseline 0 -15"><span class='ocrx_word' id='word_1_434' title='bbox 2229 2007 2405 2066; x_wconf 92' lang='lat' dir='ltr'><strong>nullos</strong></span> <span class='ocrx_word' id='word_1_435' title='bbox 2438 2023 2503 2063; x_wconf 83' lang='lat' dir='ltr'><strong>es</strong></span> <span class='ocrx_word' id='word_1_436' title='bbox 2542 2008 2691 2063; x_wconf 87' lang='lat' dir='ltr'><strong>hisce</strong></span> <span class='ocrx_word' id='word_1_437' title='bbox 2722 2008 3077 2074; x_wconf 88' lang='lat' dir='ltr'><strong>illustriores,</strong></span> <span class='ocrx_word' id='word_1_438' title='bbox 3110 2025 3232 2064; x_wconf 92' lang='lat' dir='ltr'><strong>cum</strong></span> <span class='ocrx_word' id='word_1_439' title='bbox 3272 2009 3659 2078; x_wconf 86' lang='lat' dir='ltr'><strong>discipulorum</strong></span> <span class='ocrx_word' id='word_1_440' title='bbox 3688 2022 3818 2079; x_wconf 82' lang='lat' dir='ltr'><strong>pro-</strong></span> 
     </span>
    </p>
   </div>
   <div class='ocr_carea' id='block_1_62' title="bbox 2231 2097 3818 2171">
    <p class='ocr_par' dir='ltr' id='par_1_62' title="bbox 2231 2097 3818 2171">
     <span class='ocr_line' id='line_1_62' title="bbox 2231 2097 3818 2171; baseline 0 -18"><span class='ocrx_word' id='word_1_441' title='bbox 2231 2099 2372 2157; x_wconf 81' lang='lat' dir='ltr'><strong>bitas</strong></span> <span class='ocrx_word' id='word_1_442' title='bbox 2401 2097 2735 2168; x_wconf 82' lang='lat' dir='ltr'><strong>claritasque</strong></span> <span class='ocrx_word' id='word_1_443' title='bbox 2771 2099 2823 2153; x_wconf 93' lang='lat' dir='ltr'><strong>in</strong></span> <span class='ocrx_word' id='word_1_444' title='bbox 2859 2100 3242 2169; x_wconf 85' lang='lat' dir='ltr'><strong>magistrorum</strong></span> <span class='ocrx_word' id='word_1_445' title='bbox 3271 2098 3516 2171; x_wconf 85' lang='lat' dir='ltr'><strong>gloriam,</strong></span> <span class='ocrx_word' id='word_1_446' title='bbox 3555 2100 3818 2169; x_wconf 83' lang='lat' dir='ltr'><strong>quodam-</strong></span> 
     </span>
    </p>
   </div>
   <div class='ocr_carea' id='block_1_63' title="bbox 2230 2190 3815 2261">
    <p class='ocr_par' dir='ltr' id='par_1_63' title="bbox 2230 2190 3815 2261">
     <span class='ocr_line' id='line_1_63' title="bbox 2230 2190 3815 2261; baseline 0.001 -17"><span class='ocrx_word' id='word_1_447' title='bbox 2230 2190 2391 2246; x_wconf 88' lang='lat' dir='ltr'><strong>modo</strong></span> <span class='ocrx_word' id='word_1_448' title='bbox 2416 2190 2581 2245; x_wconf 87' lang='lat' dir='ltr'><strong>etiam</strong></span> <span class='ocrx_word' id='word_1_449' title='bbox 2606 2194 2786 2256; x_wconf 88' lang='lat' dir='ltr'><strong>cedat,</strong></span> <span class='ocrx_word' id='word_1_450' title='bbox 2808 2190 3041 2261; x_wconf 75' lang='lat' dir='ltr'><strong>exempli</strong></span> <span class='ocrx_word' id='word_1_451' title='bbox 3071 2191 3188 2246; x_wconf 86' lang='lat' dir='ltr'><strong>loco</strong></span> <span class='ocrx_word' id='word_1_452' title='bbox 3214 2206 3498 2246; x_wconf 85' lang='lat' dir='ltr'><strong>recensere</strong></span> <span class='ocrx_word' id='word_1_453' title='bbox 3524 2191 3612 2246; x_wconf 87' lang='lat' dir='ltr'><strong>hic</strong></span> <span class='ocrx_word' id='word_1_454' title='bbox 3641 2192 3815 2246; x_wconf 85' lang='lat' dir='ltr'><strong>lubet.</strong></span> 
     </span>
    </p>
   </div>
   <div class='ocr_carea' id='block_1_64' title="bbox 2230 2281 3816 2353">
    <p class='ocr_par' dir='ltr' id='par_1_64' title="bbox 2230 2281 3816 2353">
     <span class='ocr_line' id='line_1_64' title="bbox 2230 2281 3816 2353; baseline -0.001 -16"><span class='ocrx_word' id='word_1_455' title='bbox 2230 2282 2483 2338; x_wconf 89' lang='lat' dir='ltr'><strong>Omnium</strong></span> <span class='ocrx_word' id='word_1_456' title='bbox 2527 2281 2689 2338; x_wconf 75' lang='lat' dir='ltr'><strong>facile</strong></span> <span class='ocrx_word' id='word_1_457' title='bbox 2727 2282 2982 2353; x_wconf 87' lang='lat' dir='ltr'><strong>princeps</strong></span> <span class='ocrx_word' id='word_1_458' title='bbox 3023 2292 3106 2337; x_wconf 85' lang='lat' dir='ltr'><strong>est</strong></span> <span class='ocrx_word' id='word_1_459' title='bbox 3146 2283 3274 2339; x_wconf 78' lang='lat' dir='ltr'><strong>Otto</strong></span> <span class='ocrx_word' id='word_1_460' title='bbox 3313 2298 3406 2337; x_wconf 91' lang='lat' dir='ltr'><strong>seu</strong></span> <span class='ocrx_word' id='word_1_461' title='bbox 3445 2281 3592 2347; x_wconf 85' lang='lat' dir='ltr'><strong>Odo,</strong></span> <span class='ocrx_word' id='word_1_462' title='bbox 3644 2283 3816 2337; x_wconf 87' lang='lat' dir='ltr'><strong>nobili</strong></span> 
     </span>
    </p>
   </div>
   <div class='ocr_carea' id='block_1_65' title="bbox 2230 2371 3820 2442">
    <p class='ocr_par' dir='ltr' id='par_1_65' title="bbox 2230 2371 3820 2442">
     <span class='ocr_line' id='line_1_65' title="bbox 2230 2371 3820 2442; baseline -0.001 -14"><span class='ocrx_word' id='word_1_463' title='bbox 2230 2373 2352 2429; x_wconf 89' lang='lat' dir='ltr'><strong>loco</strong></span> <span class='ocrx_word' id='word_1_464' title='bbox 2381 2373 2435 2427; x_wconf 88' lang='lat' dir='ltr'><strong>in</strong></span> <span class='ocrx_word' id='word_1_465' title='bbox 2466 2371 2640 2428; x_wconf 84' lang='lat' dir='ltr'><strong>Gallia</strong></span> <span class='ocrx_word' id='word_1_466' title='bbox 2666 2381 2857 2437; x_wconf 89' lang='lat' dir='ltr'><strong>natus,</strong></span> <span class='ocrx_word' id='word_1_467' title='bbox 2884 2388 2915 2426; x_wconf 89' lang='lat' dir='ltr'><strong>e</strong></span> <span class='ocrx_word' id='word_1_468' title='bbox 2944 2373 3127 2442; x_wconf 90' lang='lat' dir='ltr'><strong>priore</strong></span> <span class='ocrx_word' id='word_1_469' title='bbox 3154 2372 3495 2433; x_wconf 79' lang='lat' dir='ltr'><strong>Cluniacensi</strong></span> <span class='ocrx_word' id='word_1_470' title='bbox 3525 2373 3820 2442; x_wconf 88' lang='lat' dir='ltr'><strong>cpiscopus</strong></span> 
     </span>
    </p>
   </div>
   <div class='ocr_carea' id='block_1_66' title="bbox 2229 2462 3820 2533">
    <p class='ocr_par' dir='ltr' id='par_1_66' title="bbox 2229 2462 3820 2533">
     <span class='ocr_line' id='line_1_66' title="bbox 2229 2462 3820 2533; baseline -0.005 -13"><span class='ocrx_word' id='word_1_471' title='bbox 2229 2465 2499 2520; x_wconf 88' lang='lat' dir='ltr'><strong>Ostiensis</strong></span> <span class='ocrx_word' id='word_1_472' title='bbox 2541 2479 2606 2519; x_wconf 88' lang='lat' dir='ltr'><strong>ac</strong></span> <span class='ocrx_word' id='word_1_473' title='bbox 2657 2466 2871 2518; x_wconf 87' lang='lat' dir='ltr'><strong>tandem</strong></span> <span class='ocrx_word' id='word_1_474' title='bbox 2920 2479 3165 2519; x_wconf 85' lang='lat' dir='ltr'><strong>summus</strong></span> <span class='ocrx_word' id='word_1_475' title='bbox 3205 2462 3487 2533; x_wconf 76' lang='lat' dir='ltr'><strong>pontifex,</strong></span> <span class='ocrx_word' id='word_1_476' title='bbox 3533 2473 3820 2532; x_wconf 78' lang='lat' dir='ltr'><strong>assumpto</strong></span> 
     </span>
    </p>
   </div>
   <div class='ocr_carea' id='block_1_67' title="bbox 2232 2552 3817 2621">
    <p class='ocr_par' dir='ltr' id='par_1_67' title="bbox 2232 2552 3817 2621">
     <span class='ocr_line' id='line_1_67' title="bbox 2232 2552 3817 2621; baseline -0.006 -9"><span class='ocrx_word' id='word_1_477' title='bbox 2232 2555 2436 2612; x_wconf 86' lang='lat' dir='ltr'><strong>Urbani</strong></span> <span class='ocrx_word' id='word_1_478' title='bbox 2469 2554 2510 2611; x_wconf 93' lang='lat' dir='ltr'><strong>ll</strong></span> <span class='ocrx_word' id='word_1_479' title='bbox 2542 2555 2777 2618; x_wconf 90' lang='lat' dir='ltr'><strong>nomine,</strong></span> <span class='ocrx_word' id='word_1_480' title='bbox 2812 2568 2955 2607; x_wconf 87' lang='lat' dir='ltr'><strong>anno</strong></span> <span class='ocrx_word' id='word_1_481' title='bbox 2988 2553 3123 2608; x_wconf 82' lang='grc'><strong>1083</strong></span> <span class='ocrx_word' id='word_1_482' title='bbox 3160 2561 3407 2617; x_wconf 89' lang='lat' dir='ltr'><strong>creatus,</strong></span> <span class='ocrx_word' id='word_1_483' title='bbox 3443 2560 3552 2606; x_wconf 92' lang='lat' dir='ltr'><strong>tum</strong></span> <span class='ocrx_word' id='word_1_484' title='bbox 3579 2552 3817 2621; x_wconf 87' lang='lat' dir='ltr'><strong>Philippi</strong></span> 
     </span>
    </p>
   </div>
   <div class='ocr_carea' id='block_1_68' title="bbox 2234 2642 3827 2715">
    <p class='ocr_par' dir='ltr' id='par_1_68' title="bbox 2234 2642 3827 2715">
     <span class='ocr_line' id='line_1_68' title="bbox 2234 2642 3827 2715; baseline -0.003 -15"><span class='ocrx_word' id='word_1_485' title='bbox 2234 2646 2569 2708; x_wconf 82' lang='lat' dir='ltr'><strong>Francorum</strong></span> <span class='ocrx_word' id='word_1_486' title='bbox 2599 2646 2744 2715; x_wconf 86' lang='lat' dir='ltr'><strong>regis</strong></span> <span class='ocrx_word' id='word_1_487' title='bbox 2770 2654 2820 2699; x_wconf 91' lang='lat' dir='ltr'><strong>et</strong></span> <span class='ocrx_word' id='word_1_488' title='bbox 2846 2644 3121 2700; x_wconf 63' lang='lat' dir='ltr'><strong>Bertradae</strong></span> <span class='ocrx_word' id='word_1_489' title='bbox 3145 2642 3350 2713; x_wconf 89' lang='lat' dir='ltr'><strong>pellicis</strong></span> <span class='ocrx_word' id='word_1_490' title='bbox 3372 2642 3827 2697; x_wconf 56' lang='lat' dir='ltr'><strong>excommunicaa</strong></span> 
     </span>
    </p>
   </div>
   <div class='ocr_carea' id='block_1_69' title="bbox 2234 2733 3819 2802">
    <p class='ocr_par' dir='ltr' id='par_1_69' title="bbox 2234 2733 3819 2802">
     <span class='ocr_line' id='line_1_69' title="bbox 2234 2733 3819 2802; baseline -0.003 -10"><span class='ocrx_word' id='word_1_491' title='bbox 2234 2739 2416 2802; x_wconf 84' lang='lat' dir='ltr'><strong>tiene,</strong></span> <span class='ocrx_word' id='word_1_492' title='bbox 2471 2746 2583 2792; x_wconf 91' lang='lat' dir='ltr'><strong>tum</strong></span> <span class='ocrx_word' id='word_1_493' title='bbox 2637 2737 2763 2791; x_wconf 88' lang='lat' dir='ltr'><strong>belli</strong></span> <span class='ocrx_word' id='word_1_494' title='bbox 2806 2737 2947 2792; x_wconf 88' lang='lat' dir='ltr'><strong>sacri</strong></span> <span class='ocrx_word' id='word_1_495' title='bbox 2998 2736 3052 2791; x_wconf 92' lang='lat' dir='ltr'><strong>in</strong></span> <span class='ocrx_word' id='word_1_496' title='bbox 3103 2735 3335 2790; x_wconf 89' lang='lat' dir='ltr'><strong>concilio</strong></span> <span class='ocrx_word' id='word_1_497' title='bbox 3384 2733 3819 2789; x_wconf 84' lang='lat' dir='ltr'><strong>Claromontano</strong></span> 
     </span>
    </p>
   </div>
   <div class='ocr_carea' id='block_1_70' title="bbox 2232 2822 3819 2900">
    <p class='ocr_par' dir='ltr' id='par_1_70' title="bbox 2232 2822 3819 2900">
     <span class='ocr_line' id='line_1_70' title="bbox 2232 2822 3819 2900; baseline -0.004 -17"><span class='ocrx_word' id='word_1_498' title='bbox 2232 2828 2571 2900; x_wconf 90' lang='lat' dir='ltr'><strong>promotione</strong></span> <span class='ocrx_word' id='word_1_499' title='bbox 2602 2826 3020 2891; x_wconf 82' lang='lat' dir='ltr'><strong>celeberrimus,</strong></span> <span class='ocrx_word' id='word_1_500' title='bbox 3070 2825 3224 2895; x_wconf 90' lang='lat' dir='ltr'><strong>cujus</strong></span> <span class='ocrx_word' id='word_1_501' title='bbox 3270 2834 3664 2895; x_wconf 67' lang='lat' dir='ltr'><strong>praeceptorem</strong></span> <span class='ocrx_word' id='word_1_502' title='bbox 3705 2822 3819 2878; x_wconf 86' lang='lat' dir='ltr'><strong>ali-</strong></span> 
     </span>
    </p>
   </div>
   <div class='ocr_carea' id='block_1_71' title="bbox 2232 2912 3819 2988">
    <p class='ocr_par' dir='ltr' id='par_1_71' title="bbox 2232 2912 3819 2988">
     <span class='ocr_line' id='line_1_71' title="bbox 2232 2912 3819 2988; baseline -0.004 -15"><span class='ocrx_word' id='word_1_503' title='bbox 2232 2917 2450 2988; x_wconf 89' lang='lat' dir='ltr'><strong>quando</strong></span> <span class='ocrx_word' id='word_1_504' title='bbox 2479 2915 2755 2971; x_wconf 80' lang='lat' dir='ltr'><strong>exstitisse</strong></span> <span class='ocrx_word' id='word_1_505' title='bbox 2783 2914 3112 2979; x_wconf 83' lang='lat' dir='ltr'><strong>Brnnonem,</strong></span> <span class='ocrx_word' id='word_1_506' title='bbox 3143 2914 3304 2968; x_wconf 89' lang='lat' dir='ltr'><strong>docet</strong></span> <span class='ocrx_word' id='word_1_507' title='bbox 3334 2921 3568 2983; x_wconf 89' lang='lat' dir='ltr'><strong>quatuor</strong></span> <span class='ocrx_word' id='word_1_508' title='bbox 3601 2912 3819 2982; x_wconf 85' lang='lat' dir='ltr'><strong>primo-</strong></span> 
     </span>
    </p>
   </div>
   <div class='ocr_carea' id='block_1_72' title="bbox 2235 3002 3820 3076">
    <p class='ocr_par' dir='ltr' id='par_1_72' title="bbox 2235 3002 3820 3076">
     <span class='ocr_line' id='line_1_72' title="bbox 2235 3002 3820 3076; baseline -0.005 -13"><span class='ocrx_word' id='word_1_509' title='bbox 2235 3024 2351 3063; x_wconf 90' lang='lat' dir='ltr'><strong>rum</strong></span> <span class='ocrx_word' id='word_1_510' title='bbox 2381 3006 2645 3061; x_wconf 68' lang='lat' dir='ltr'><strong>Cartusiae</strong></span> <span class='ocrx_word' id='word_1_511' title='bbox 2673 3005 2914 3076; x_wconf 88' lang='lat' dir='ltr'><strong>priorum</strong></span> <span class='ocrx_word' id='word_1_512' title='bbox 2936 3004 3268 3068; x_wconf 83' lang='lat' dir='ltr'><strong>Chronicon,</strong></span> <span class='ocrx_word' id='word_1_513' title='bbox 3296 3017 3390 3058; x_wconf 89' lang='lat' dir='ltr'><strong>seu</strong></span> <span class='ocrx_word' id='word_1_514' title='bbox 3420 3002 3820 3071; x_wconf 88' lang='lat' dir='ltr'><strong>transcriptum</strong></span> 
     </span>
    </p>
   </div>
   <div class='ocr_carea' id='block_1_73' title="bbox 2234 3089 3821 3165">
    <p class='ocr_par' dir='ltr' id='par_1_73' title="bbox 2234 3089 3821 3165">
     <span class='ocr_line' id='line_1_73' title="bbox 2234 3089 3821 3165; baseline -0.006 -11"><span class='ocrx_word' id='word_1_515' title='bbox 2234 3115 2298 3154; x_wconf 78' lang='lat' dir='ltr'><strong>ex</strong></span> <span class='ocrx_word' id='word_1_516' title='bbox 2327 3100 2429 3154; x_wconf 91' lang='lat' dir='ltr'><strong>hoc</strong></span> <span class='ocrx_word' id='word_1_517' title='bbox 2453 3097 2660 3161; x_wconf 80' lang='lat' dir='ltr'><strong>Sancti,</strong></span> <span class='ocrx_word' id='word_1_518' title='bbox 2685 3111 2833 3151; x_wconf 91' lang='lat' dir='ltr'><strong>ttum.</strong></span> <span class='ocrx_word' id='word_1_519' title='bbox 2856 3094 2909 3161; x_wconf 88' lang='lat'><strong>7,</strong></span> <span class='ocrx_word' id='word_1_520' title='bbox 2933 3094 3191 3165; x_wconf 80' lang='lat' dir='ltr'><strong>elogium,</strong></span> <span class='ocrx_word' id='word_1_521' title='bbox 3208 3106 3401 3163; x_wconf 86' lang='lat' dir='ltr'><strong>resque</strong></span> <span class='ocrx_word' id='word_1_522' title='bbox 3418 3089 3642 3162; x_wconf 90' lang='lat' dir='ltr'><strong>proinde</strong></span> <span class='ocrx_word' id='word_1_523' title='bbox 3660 3098 3821 3145; x_wconf 78' lang='lat' dir='ltr'><strong>extra</strong></span> 
     </span>
    </p>
   </div>
   <div class='ocr_carea' id='block_1_74' title="bbox 2233 3182 3822 3250">
    <p class='ocr_par' dir='ltr' id='par_1_74' title="bbox 2233 3182 3822 3250">
     <span class='ocr_line' id='line_1_74' title="bbox 2233 3182 3822 3250; baseline -0.007 -1"><span class='ocrx_word' id='word_1_524' title='bbox 2233 3208 2448 3249; x_wconf 90' lang='lat' dir='ltr'><strong>omnem</strong></span> <span class='ocrx_word' id='word_1_525' title='bbox 2495 3190 2926 3248; x_wconf 85' lang='lat' dir='ltr'><strong>controversiam</strong></span> <span class='ocrx_word' id='word_1_526' title='bbox 2977 3203 3099 3244; x_wconf 84' lang='lat' dir='ltr'><strong>esse</strong></span> <span class='ocrx_word' id='word_1_527' title='bbox 3148 3186 3340 3250; x_wconf 88' lang='lat' dir='ltr'><strong>debet,</strong></span> <span class='ocrx_word' id='word_1_528' title='bbox 3388 3193 3449 3239; x_wconf 95' lang='lat' dir='ltr'><strong>ut</strong></span> <span class='ocrx_word' id='word_1_529' title='bbox 3499 3182 3822 3238; x_wconf 82' lang='lat' dir='ltr'><strong>Ruinartius</strong></span> 
     </span>
    </p>
   </div>
   <div class='ocr_carea' id='block_1_75' title="bbox 2236 3271 3823 3352">
    <p class='ocr_par' dir='ltr' id='par_1_75' title="bbox 2236 3271 3823 3352">
     <span class='ocr_line' id='line_1_75' title="bbox 2236 3271 3823 3352; baseline -0.005 -15"><span class='ocrx_word' id='word_1_530' title='bbox 2236 3294 2366 3337; x_wconf 88' lang='lat' dir='ltr'><strong>tom.</strong></span> <span class='ocrx_word' id='word_1_531' title='bbox 2396 3282 2458 3336; x_wconf 93' lang='lat' dir='ltr'><strong>Ill</strong></span> <span class='ocrx_word' id='word_1_532' title='bbox 2491 3281 2725 3352; x_wconf 80' lang='lat' dir='ltr'><strong>Operam</strong></span> <span class='ocrx_word' id='word_1_533' title='bbox 2773 3280 3181 3349; x_wconf 86' lang='lat' dir='ltr'><strong>postlmmorttm</strong></span> <span class='ocrx_word' id='word_1_534' title='bbox 3236 3276 3289 3330; x_wconf 93' lang='lat' dir='ltr'><strong>in</strong></span> <span class='ocrx_word' id='word_1_535' title='bbox 3342 3274 3613 3345; x_wconf 89' lang='lat' dir='ltr'><strong>pontiticis</strong></span> <span class='ocrx_word' id='word_1_536' title='bbox 3656 3271 3823 3340; x_wconf 89' lang='lat' dir='ltr'><strong>hujus</strong></span> 
     </span>
    </p>
   </div>
   <div class='ocr_carea' id='block_1_76' title="bbox 2238 3361 3822 3431">
    <p class='ocr_par' dir='ltr' id='par_1_76' title="bbox 2238 3361 3822 3431">
     <span class='ocr_line' id='line_1_76' title="bbox 2238 3361 3822 3431; baseline -0.008 -4"><span class='ocrx_word' id='word_1_537' title='bbox 2238 3372 2358 3427; x_wconf 79' lang='lat' dir='ltr'><strong>Vita</strong></span> <span class='ocrx_word' id='word_1_538' title='bbox 2390 3370 2584 3426; x_wconf 90' lang='lat' dir='ltr'><strong>merito</strong></span> <span class='ocrx_word' id='word_1_539' title='bbox 2620 3368 2921 3425; x_wconf 89' lang='lat' dir='ltr'><strong>contendit.</strong></span> <span class='ocrx_word' id='word_1_540' title='bbox 2958 3366 3186 3421; x_wconf 81' lang='lat' dir='ltr'><strong>Accedit</strong></span> <span class='ocrx_word' id='word_1_541' title='bbox 3212 3364 3483 3420; x_wconf 84' lang='lat' dir='ltr'><strong>Robertus</strong></span> <span class='ocrx_word' id='word_1_542' title='bbox 3510 3378 3540 3416; x_wconf 90' lang='lat' dir='ltr'><strong>a</strong></span> <span class='ocrx_word' id='word_1_543' title='bbox 3568 3361 3822 3431; x_wconf 78' lang='lat' dir='ltr'><strong>Burgun-</strong></span> 
     </span>
    </p>
   </div>
   <div class='ocr_carea' id='block_1_77' title="bbox 2235 3456 3823 3533">
    <p class='ocr_par' dir='ltr' id='par_1_77' title="bbox 2235 3456 3823 3533">
     <span class='ocr_line' id='line_1_77' title="bbox 2235 3456 3823 3533; baseline -0.004 -14"><span class='ocrx_word' id='word_1_544' title='bbox 2235 3463 2343 3529; x_wconf 88' lang='lat' dir='ltr'><strong>dia,</strong></span> <span class='ocrx_word' id='word_1_545' title='bbox 2398 3464 2545 3533; x_wconf 86' lang='lat' dir='ltr'><strong>regia</strong></span> <span class='ocrx_word' id='word_1_546' title='bbox 2595 3461 2922 3532; x_wconf 72' lang='lat' dir='ltr'><strong>Burgundire</strong></span> <span class='ocrx_word' id='word_1_547' title='bbox 2972 3460 3167 3514; x_wconf 90' lang='lat' dir='ltr'><strong>ducum</strong></span> <span class='ocrx_word' id='word_1_548' title='bbox 3218 3458 3387 3528; x_wconf 82' lang='lat' dir='ltr'><strong>stirpe</strong></span> <span class='ocrx_word' id='word_1_549' title='bbox 3435 3465 3617 3520; x_wconf 87' lang='lat' dir='ltr'><strong>satus,</strong></span> <span class='ocrx_word' id='word_1_550' title='bbox 3672 3456 3823 3513; x_wconf 85' lang='lat' dir='ltr'><strong>ﬁlius</strong></span> 
     </span>
    </p>
   </div>
   <div class='ocr_carea' id='block_1_78' title="bbox 2237 3544 3825 3623">
    <p class='ocr_par' dir='ltr' id='par_1_78' title="bbox 2237 3544 3825 3623">
     <span class='ocr_line' id='line_1_78' title="bbox 2237 3544 3825 3623; baseline -0.009 -12"><span class='ocrx_word' id='word_1_551' title='bbox 2237 3568 2430 3623; x_wconf 88' lang='lat' dir='ltr'><strong>nempe</strong></span> <span class='ocrx_word' id='word_1_552' title='bbox 2454 3551 2670 3607; x_wconf 86' lang='lat' dir='ltr'><strong>llenrici</strong></span> <span class='ocrx_word' id='word_1_553' title='bbox 2700 3566 2727 3603; x_wconf 89' lang='lat' dir='ltr'><strong>a</strong></span> <span class='ocrx_word' id='word_1_554' title='bbox 2770 3549 3114 3621; x_wconf 87' lang='lat' dir='ltr'><strong>Burgundia,</strong></span> <span class='ocrx_word' id='word_1_555' title='bbox 3160 3547 3372 3617; x_wconf 88' lang='lat' dir='ltr'><strong>nepotis</strong></span> <span class='ocrx_word' id='word_1_556' title='bbox 3413 3544 3634 3600; x_wconf 86' lang='lat' dir='ltr'><strong>Roberti</strong></span> <span class='ocrx_word' id='word_1_557' title='bbox 3674 3545 3825 3613; x_wconf 83' lang='lat' dir='ltr'><strong>regis</strong></span> 
     </span>
    </p>
   </div>
   <div class='ocr_carea' id='block_1_79' title="bbox 2236 3632 3823 3711">
    <p class='ocr_par' dir='ltr' id='par_1_79' title="bbox 2236 3632 3823 3711">
     <span class='ocr_line' id='line_1_79' title="bbox 2236 3632 3823 3711; baseline -0.007 -12"><span class='ocrx_word' id='word_1_558' title='bbox 2236 3643 2513 3707; x_wconf 69' lang='lat' dir='ltr'><strong>Franciae,</strong></span> <span class='ocrx_word' id='word_1_559' title='bbox 2560 3642 2628 3696; x_wconf 89' lang='lat' dir='ltr'><strong>ad</strong></span> <span class='ocrx_word' id='word_1_560' title='bbox 2673 3641 3069 3711; x_wconf 85' lang='lat' dir='ltr'><strong>Lingonensem</strong></span> <span class='ocrx_word' id='word_1_561' title='bbox 3121 3636 3470 3700; x_wconf 90' lang='lat' dir='ltr'><strong>cathedram,</strong></span> <span class='ocrx_word' id='word_1_562' title='bbox 3520 3642 3581 3688; x_wconf 90' lang='lat' dir='ltr'><strong>ut</strong></span> <span class='ocrx_word' id='word_1_563' title='bbox 3629 3632 3823 3688; x_wconf 70' lang='lat' dir='ltr'><strong>Gallia:</strong></span> 
     </span>
    </p>
   </div>
   <div class='ocr_carea' id='block_1_80' title="bbox 2236 3722 3823 3799">
    <p class='ocr_par' dir='ltr' id='par_1_80' title="bbox 2236 3722 3823 3799">
     <span class='ocr_line' id='line_1_80' title="bbox 2236 3722 3823 3799; baseline -0.009 -10"><span class='ocrx_word' id='word_1_564' title='bbox 2236 3733 2562 3789; x_wconf 76' lang='lat' dir='ltr'><strong>Christiana:</strong></span> <span class='ocrx_word' id='word_1_565' title='bbox 2591 3742 2764 3787; x_wconf 82' lang='lat' dir='ltr'><strong>auctae</strong></span> <span class='ocrx_word' id='word_1_566' title='bbox 2802 3730 3096 3799; x_wconf 89' lang='lat' dir='ltr'><strong>scriptores</strong></span> <span class='ocrx_word' id='word_1_567' title='bbox 3144 3736 3277 3781; x_wconf 91' lang='lat' dir='ltr'><strong>tom.</strong></span> <span class='ocrx_word' id='word_1_568' title='bbox 3328 3725 3395 3780; x_wconf 75' lang='grc' dir='ltr'><strong>ιν</strong></span> <span class='ocrx_word' id='word_1_569' title='bbox 3446 3724 3500 3778; x_wconf 93' lang='lat' dir='ltr'><strong>in</strong></span> <span class='ocrx_word' id='word_1_570' title='bbox 3550 3722 3823 3793; x_wconf 85' lang='lat' dir='ltr'><strong>episc0pis</strong></span> 
     </span>
    </p>
   </div>
   <div class='ocr_carea' id='block_1_81' title="bbox 2238 3817 3820 3894">
    <p class='ocr_par' dir='ltr' id='par_1_81' title="bbox 2238 3817 3820 3894">
     <span class='ocr_line' id='line_1_81' title="bbox 2238 3817 3820 3894; baseline -0.008 -15"><span class='ocrx_word' id='word_1_571' title='bbox 2238 3824 2672 3894; x_wconf 79' lang='lat' dir='ltr'><strong>Lingonensibus</strong></span> <span class='ocrx_word' id='word_1_572' title='bbox 2698 3823 2915 3884; x_wconf 89' lang='lat' dir='ltr'><strong>docent,</strong></span> <span class='ocrx_word' id='word_1_573' title='bbox 2940 3836 3083 3874; x_wconf 89' lang='lat' dir='ltr'><strong>anno</strong></span> <span class='ocrx_word' id='word_1_574' title='bbox 3096 3819 3317 3874; x_wconf 89' lang='lat' dir='ltr'><strong>circiter</strong></span> <span class='ocrx_word' id='word_1_575' title='bbox 3344 3817 3480 3872; x_wconf 84' lang='lat' dir='ltr'><strong>l085</strong></span> <span class='ocrx_word' id='word_1_576' title='bbox 3504 3823 3820 3887; x_wconf 86' lang='lat' dir='ltr'><strong>promotus,</strong></span> 
     </span>
    </p>
   </div>
   <div class='ocr_carea' id='block_1_82' title="bbox 2238 3907 3821 3987">
    <p class='ocr_par' dir='ltr' id='par_1_82' title="bbox 2238 3907 3821 3987">
     <span class='ocr_line' id='line_1_82' title="bbox 2238 3907 3821 3987; baseline -0.008 -15"><span class='ocrx_word' id='word_1_577' title='bbox 2238 3918 2328 3987; x_wconf 93' lang='lat' dir='ltr'><strong>qui</strong></span> <span class='ocrx_word' id='word_1_578' title='bbox 2358 3917 2587 3987; x_wconf 87' lang='lat' dir='ltr'><strong>ipsemet</strong></span> <span class='ocrx_word' id='word_1_579' title='bbox 2618 3915 2672 3969; x_wconf 93' lang='lat' dir='ltr'><strong>in</strong></span> <span class='ocrx_word' id='word_1_580' title='bbox 2702 3914 2883 3969; x_wconf 87' lang='lat' dir='ltr'><strong>Titulo</strong></span> <span class='ocrx_word' id='word_1_581' title='bbox 2909 3912 3156 3974; x_wconf 75' lang='lat' dir='ltr'><strong>funebri,</strong></span> <span class='ocrx_word' id='word_1_582' title='bbox 3188 3911 3328 3965; x_wconf 93' lang='lat' dir='ltr'><strong>inter</strong></span> <span class='ocrx_word' id='word_1_583' title='bbox 3364 3908 3699 3964; x_wconf 89' lang='lat' dir='ltr'><strong>recudendos</strong></span> <span class='ocrx_word' id='word_1_584' title='bbox 3724 3907 3821 3968; x_wconf 78' lang='lat'><strong>59,</strong></span> 
     </span>
    </p>
   </div>
   <div class='ocr_carea' id='block_1_83' title="bbox 2239 3995 3822 4082">
    <p class='ocr_par' dir='ltr' id='par_1_83' title="bbox 2239 3995 3822 4082">
     <span class='ocr_line' id='line_1_83' title="bbox 2239 3995 3822 4082; baseline -0.008 -19"><span class='ocrx_word' id='word_1_585' title='bbox 2239 4025 2398 4082; x_wconf 83' lang='lat' dir='ltr'><strong>quem</strong></span> <span class='ocrx_word' id='word_1_586' title='bbox 2425 4007 2628 4064; x_wconf 87' lang='lat' dir='ltr'><strong>Sancto</strong></span> <span class='ocrx_word' id='word_1_587' title='bbox 2650 4014 2837 4061; x_wconf 88' lang='lat' dir='ltr'><strong>nostro</strong></span> <span class='ocrx_word' id='word_1_588' title='bbox 2862 4001 3154 4075; x_wconf 80' lang='lat' dir='ltr'><strong>inscripsit,</strong></span> <span class='ocrx_word' id='word_1_589' title='bbox 3172 3999 3331 4071; x_wconf 88' lang='lat' dir='ltr'><strong>hujus</strong></span> <span class='ocrx_word' id='word_1_590' title='bbox 3352 4014 3471 4056; x_wconf 86' lang='lat' dir='ltr'><strong>sese</strong></span> <span class='ocrx_word' id='word_1_591' title='bbox 3496 3995 3822 4068; x_wconf 90' lang='lat' dir='ltr'><strong>discipulum</strong></span> 
     </span>
    </p>
   </div>
   <div class='ocr_carea' id='block_1_84' title="bbox 2240 4099 2764 4169">
    <p class='ocr_par' dir='ltr' id='par_1_84' title="bbox 2240 4099 2764 4169">
     <span class='ocr_line' id='line_1_84' title="bbox 2240 4099 2764 4169; baseline -0.004 -14"><span class='ocrx_word' id='word_1_592' title='bbox 2240 4101 2428 4164; x_wconf 73' lang='lat' dir='ltr'><strong>fuisse,</strong></span> <span class='ocrx_word' id='word_1_593' title='bbox 2460 4099 2764 4169; x_wconf 82' lang='lat' dir='ltr'><strong>proﬁtetur.</strong></span> 
     </span>
    </p>
   </div>
   <div class='ocr_carea' id='block_1_85' title="bbox 2312 4176 3825 4246">
    <p class='ocr_par' dir='ltr' id='par_1_85' title="bbox 2312 4176 3825 4246">
     <span class='ocr_line' id='line_1_85' title="bbox 2312 4176 3825 4246; baseline -0.01 0"><span class='ocrx_word' id='word_1_594' title='bbox 2312 4192 2401 4246; x_wconf 88' lang='lat'><strong>97.</strong></span> <span class='ocrx_word' id='word_1_595' title='bbox 2437 4189 2599 4244; x_wconf 84' lang='lat' dir='ltr'><strong>lliscc</strong></span> <span class='ocrx_word' id='word_1_596' title='bbox 2642 4187 2821 4243; x_wconf 88' lang='lat' dir='ltr'><strong>adhuc</strong></span> <span class='ocrx_word' id='word_1_597' title='bbox 2848 4186 2988 4239; x_wconf 90' lang='lat' dir='ltr'><strong>addo</strong></span> <span class='ocrx_word' id='word_1_598' title='bbox 3033 4183 3415 4245; x_wconf 87' lang='lat' dir='ltr'><strong>Lambcrtum,</strong></span> <span class='ocrx_word' id='word_1_599' title='bbox 3461 4176 3825 4234; x_wconf 84' lang='lat' dir='ltr'><strong>Pultariensis</strong></span> 
     </span>
    </p>
   </div>
   <div class='ocr_carea' id='block_1_86' title="bbox 2242 4267 3824 4351">
    <p class='ocr_par' dir='ltr' id='par_1_86' title="bbox 2242 4267 3824 4351">
     <span class='ocr_line' id='line_1_86' title="bbox 2242 4267 3824 4351; baseline -0.009 -13"><span class='ocrx_word' id='word_1_600' title='bbox 2242 4283 2308 4343; x_wconf 84' lang='lat' dir='ltr'><strong>ad</strong></span> <span class='ocrx_word' id='word_1_601' title='bbox 2338 4281 2645 4351; x_wconf 87' lang='lat' dir='ltr'><strong>Sequanam</strong></span> <span class='ocrx_word' id='word_1_602' title='bbox 2671 4277 2892 4335; x_wconf 86' lang='lat' dir='ltr'><strong>Ordinis</strong></span> <span class='ocrx_word' id='word_1_603' title='bbox 2918 4276 2976 4331; x_wconf 92' lang='lat' dir='ltr'><strong>S.</strong></span> <span class='ocrx_word' id='word_1_604' title='bbox 3004 4273 3280 4329; x_wconf 83' lang='lat' dir='ltr'><strong>Benedicti</strong></span> <span class='ocrx_word' id='word_1_605' title='bbox 3307 4269 3623 4327; x_wconf 88' lang='lat' dir='ltr'><strong>monasterii</strong></span> <span class='ocrx_word' id='word_1_606' title='bbox 3655 4267 3824 4324; x_wconf 85' lang='lat' dir='ltr'><strong>abba-</strong></span> 
     </span>
    </p>
   </div>
   <div class='ocr_carea' id='block_1_87' title="bbox 2245 4362 3824 4440">
    <p class='ocr_par' dir='ltr' id='par_1_87' title="bbox 2245 4362 3824 4440">
     <span class='ocr_line' id='line_1_87' title="bbox 2245 4362 3824 4440; baseline -0.008 -12"><span class='ocrx_word' id='word_1_607' title='bbox 2245 4384 2373 4440; x_wconf 88' lang='lat' dir='ltr'><strong>tem,</strong></span> <span class='ocrx_word' id='word_1_608' title='bbox 2406 4373 2626 4428; x_wconf 82' lang='lat' dir='ltr'><strong>Petrnm</strong></span> <span class='ocrx_word' id='word_1_609' title='bbox 2671 4371 3059 4426; x_wconf 87' lang='lat' dir='ltr'><strong>canonicorum</strong></span> <span class='ocrx_word' id='word_1_610' title='bbox 3110 4365 3457 4436; x_wconf 81' lang='lat' dir='ltr'><strong>Regularium</strong></span> <span class='ocrx_word' id='word_1_611' title='bbox 3496 4362 3555 4419; x_wconf 91' lang='lat' dir='ltr'><strong>S.</strong></span> <span class='ocrx_word' id='word_1_612' title='bbox 3593 4362 3824 4418; x_wconf 88' lang='lat' dir='ltr'><strong>Joannis</strong></span> 
     </span>
    </p>
   </div>
   <div class='ocr_carea' id='block_1_88' title="bbox 558 4437 3826 4542">
    <p class='ocr_par' dir='ltr' id='par_1_88' title="bbox 558 4437 3826 4542">
     <span class='ocr_line' id='line_1_88' title="bbox 558 4437 3826 4542; baseline -0.003 -46"><span class='ocrx_word' id='word_1_613' title='bbox 558 4444 748 4542; x_wconf 44' lang='lat' dir='ltr'><strong>-Snrius</strong></span> <span class='ocrx_word' id='word_1_614' title='bbox 776 4452 954 4542; x_wconf 83' lang='lat' dir='ltr'><strong>autem</strong></span> <span class='ocrx_word' id='word_1_615' title='bbox 980 4442 1147 4542; x_wconf 44' lang='lat' dir='ltr'><strong>binos.</strong></span> <span class='ocrx_word' id='word_1_616' title='bbox 1167 4440 1285 4542; x_wconf 87' lang='lat' dir='ltr'><strong>illos</strong></span> <span class='ocrx_word' id='word_1_617' title='bbox 1317 4437 1640 4542; x_wconf 74' lang='lat' dir='ltr'><strong>versiculos,</strong></span> <span class='ocrx_word' id='word_1_618' title='bbox 1664 4437 1833 4537; x_wconf 73' lang='lat' dir='ltr'><strong>priori</strong></span> <span class='ocrx_word' id='word_1_619' title='bbox 1869 4452 1973 4542; x_wconf 75' lang='lat' dir='ltr'><strong>non</strong></span> <span class='ocrx_word' id='word_1_620' title='bbox 2007 4437 2134 4490; x_wconf 88' lang='lat' dir='ltr'><strong>nihil</strong></span> <span class='ocrx_word' id='word_1_621' title='bbox 2167 4482 2216 4542; x_wconf 67' lang='grc' dir='ltr'><strong><em>υ</em></strong></span> <span class='ocrx_word' id='word_1_622' title='bbox 2246 4467 2298 4521; x_wconf 68' lang='lat' dir='ltr'><strong>in</strong></span> <span class='ocrx_word' id='word_1_623' title='bbox 2323 4437 2510 4520; x_wconf 60' lang='lat' dir='ltr'><strong>vineis</strong></span> <span class='ocrx_word' id='word_1_624' title='bbox 2538 4476 2704 4533; x_wconf 65' lang='lat' dir='ltr'><strong>prope</strong></span> <span class='ocrx_word' id='word_1_625' title='bbox 2732 4460 3053 4516; x_wconf 61' lang='lat' dir='ltr'><strong>Suessionas</strong></span> <span class='ocrx_word' id='word_1_626' title='bbox 3079 4459 3262 4514; x_wconf 61' lang='lat' dir='ltr'><strong>“idem</strong></span> <span class='ocrx_word' id='word_1_627' title='bbox 3294 4456 3541 4512; x_wconf 49' lang='lat' dir='ltr'><strong>abbatem</strong></span> <span class='ocrx_word' id='word_1_628' title='bbox 3561 4495 3575 4521; x_wconf 56' lang='lat'><strong>’</strong></span> <span class='ocrx_word' id='word_1_629' title='bbox 3603 4462 3659 4510; x_wconf 66' lang='grc' dir='ltr'><strong>ει</strong></span> <span class='ocrx_word' id='word_1_630' title='bbox 3688 4452 3826 4508; x_wconf 69' lang='lat' dir='ltr'><strong>Mai-</strong></span> 
     </span>
    </p>
   </div>
   <div class='ocr_carea' id='block_1_89' title="bbox 556 4526 2023 4603">
    <p class='ocr_par' dir='ltr' id='par_1_89' title="bbox 556 4526 2023 4603">
     <span class='ocr_line' id='line_1_89' title="bbox 556 4526 2023 4603; baseline -0.004 -16"><span class='ocrx_word' id='word_1_631' title='bbox 556 4531 865 4599; x_wconf 85' lang='lat' dir='ltr'><strong>immutate,</strong></span> <span class='ocrx_word' id='word_1_632' title='bbox 898 4533 1103 4603; x_wconf 87' lang='lat' dir='ltr'><strong>absque</strong></span> <span class='ocrx_word' id='word_1_633' title='bbox 1135 4528 1570 4602; x_wconf 89' lang='lat' dir='ltr'><strong>interpunctione</strong></span> <span class='ocrx_word' id='word_1_634' title='bbox 1600 4528 1671 4582; x_wconf 90' lang='lat' dir='ltr'><strong>ita</strong></span> <span class='ocrx_word' id='word_1_635' title='bbox 1701 4526 1977 4597; x_wconf 82' lang='lat' dir='ltr'><strong>conjungit</strong></span> <span class='ocrx_word' id='word_1_636' title='bbox 2012 4545 2023 4581; x_wconf 90' lang='lat'><strong>:</strong></span> 
     </span>
    </p>
   </div>
   <div class='ocr_carea' id='block_1_90' title="bbox 628 4636 1779 4710">
    <p class='ocr_par' dir='ltr' id='par_1_90' title="bbox 628 4636 1779 4710">
     <span class='ocr_line' id='line_1_90' title="bbox 628 4636 1779 4710; baseline -0.009 -12"><span class='ocrx_word' id='word_1_637' title='bbox 628 4643 827 4698; x_wconf 79' lang='lat' dir='ltr'><strong>Multos</strong></span> <span class='ocrx_word' id='word_1_638' title='bbox 856 4658 1120 4697; x_wconf 80' lang='lat' dir='ltr'><strong>sermones</strong></span> <span class='ocrx_word' id='word_1_639' title='bbox 1150 4641 1393 4710; x_wconf 76' lang='lat' dir='ltr'><strong>faciendo</strong></span> <span class='ocrx_word' id='word_1_640' title='bbox 1427 4653 1518 4707; x_wconf 82' lang='lat' dir='ltr'><strong>per</strong></span> <span class='ocrx_word' id='word_1_641' title='bbox 1547 4636 1779 4705; x_wconf 86' lang='lat' dir='ltr'><strong>regiones</strong></span> 
     </span>
    </p>
   </div>
   <div class='ocr_carea' id='block_1_91' title="bbox 634 4724 1968 4795">
    <p class='ocr_par' dir='ltr' id='par_1_91' title="bbox 634 4724 1968 4795">
     <span class='ocr_line' id='line_1_91' title="bbox 634 4724 1968 4795; baseline -0.01 -7"><span class='ocrx_word' id='word_1_642' title='bbox 634 4731 825 4788; x_wconf 84' lang='lat' dir='ltr'><strong>Urbem</strong></span> <span class='ocrx_word' id='word_1_643' title='bbox 854 4730 1091 4785; x_wconf 78' lang='lat' dir='ltr'><strong>transit-it</strong></span> <span class='ocrx_word' id='word_1_644' title='bbox 1118 4730 1358 4791; x_wconf 80' lang='lat' dir='ltr'><strong>(lentant,</strong></span> <span class='ocrx_word' id='word_1_645' title='bbox 1394 4726 1748 4795; x_wconf 81' lang='lat' dir='ltr'><strong>Calubrosque</strong></span> <span class='ocrx_word' id='word_1_646' title='bbox 1771 4724 1968 4791; x_wconf 74' lang='lat' dir='ltr'><strong>petivit.</strong></span> 
     </span>
    </p>
   </div>
   <div class='ocr_carea' id='block_1_92' title="bbox 563 4836 2140 4911">
    <p class='ocr_par' dir='ltr' id='par_1_92' title="bbox 563 4836 2140 4911">
     <span class='ocr_line' id='line_1_92' title="bbox 563 4836 2140 4911; baseline -0.008 -8"><span class='ocrx_word' id='word_1_647' title='bbox 563 4848 634 4904; x_wconf 81' lang='lat' dir='ltr'><strong>Ut</strong></span> <span class='ocrx_word' id='word_1_648' title='bbox 666 4859 723 4901; x_wconf 92' lang='lat' dir='ltr'><strong>ut</strong></span> <span class='ocrx_word' id='word_1_649' title='bbox 751 4847 844 4909; x_wconf 86' lang='lat' dir='ltr'><strong>sit,</strong></span> <span class='ocrx_word' id='word_1_650' title='bbox 877 4846 1181 4898; x_wconf 86' lang='lat' dir='ltr'><strong>Brunonem</strong></span> <span class='ocrx_word' id='word_1_651' title='bbox 1203 4842 1452 4911; x_wconf 86' lang='lat' dir='ltr'><strong>equidem</strong></span> <span class='ocrx_word' id='word_1_652' title='bbox 1486 4839 1668 4895; x_wconf 89' lang='lat' dir='ltr'><strong>Remis</strong></span> <span class='ocrx_word' id='word_1_653' title='bbox 1708 4838 1871 4894; x_wconf 87' lang='lat' dir='ltr'><strong>etiam</strong></span> <span class='ocrx_word' id='word_1_654' title='bbox 1912 4836 2140 4891; x_wconf 88' lang='lat' dir='ltr'><strong>subinde</strong></span> 
     </span>
    </p>
   </div>
   <div class='ocr_carea' id='block_1_93' title="bbox 560 4929 2139 5011">
    <p class='ocr_par' dir='ltr' id='par_1_93' title="bbox 560 4929 2139 5011">
     <span class='ocr_line' id='line_1_93' title="bbox 560 4929 2139 5011; baseline -0.01 -16"><span class='ocrx_word' id='word_1_655' title='bbox 560 4941 626 4997; x_wconf 84' lang='lat' dir='ltr'><strong>ad</strong></span> <span class='ocrx_word' id='word_1_656' title='bbox 656 4939 908 5011; x_wconf 88' lang='lat' dir='ltr'><strong>populum</strong></span> <span class='ocrx_word' id='word_1_657' title='bbox 939 4933 1101 4987; x_wconf 85' lang='lat' dir='ltr'><strong>verba</strong></span> <span class='ocrx_word' id='word_1_658' title='bbox 1132 4932 1345 4996; x_wconf 79' lang='lat' dir='ltr'><strong>fecisse,</strong></span> <span class='ocrx_word' id='word_1_659' title='bbox 1376 4947 1405 4985; x_wconf 88' lang='lat' dir='ltr'><strong>a</strong></span> <span class='ocrx_word' id='word_1_660' title='bbox 1432 4946 1562 4986; x_wconf 87' lang='lat' dir='ltr'><strong>vero</strong></span> <span class='ocrx_word' id='word_1_661' title='bbox 1586 4929 1725 4985; x_wconf 83' lang='lat' dir='ltr'><strong>forte</strong></span> <span class='ocrx_word' id='word_1_662' title='bbox 1763 4930 2000 4983; x_wconf 89' lang='lat' dir='ltr'><strong>alienum</strong></span> <span class='ocrx_word' id='word_1_663' title='bbox 2032 4934 2139 4990; x_wconf 90' lang='lat' dir='ltr'><strong>est,</strong></span> 
     </span>
    </p>
   </div>
   <div class='ocr_carea' id='block_1_94' title="bbox 560 5026 2141 5095">
    <p class='ocr_par' dir='ltr' id='par_1_94' title="bbox 560 5026 2141 5095">
     <span class='ocr_line' id='line_1_94' title="bbox 560 5026 2141 5095; baseline -0.008 -7"><span class='ocrx_word' id='word_1_664' title='bbox 560 5034 636 5087; x_wconf 91' lang='lat' dir='ltr'><strong>uti</strong></span> <span class='ocrx_word' id='word_1_665' title='bbox 674 5039 730 5086; x_wconf 88' lang='lat' dir='ltr'><strong>et</strong></span> <span class='ocrx_word' id='word_1_666' title='bbox 775 5043 897 5083; x_wconf 86' lang='lat' dir='ltr'><strong>eunt</strong></span> <span class='ocrx_word' id='word_1_667' title='bbox 929 5030 1111 5095; x_wconf 87' lang='lat' dir='ltr'><strong>p&#39;ures</strong></span> <span class='ocrx_word' id='word_1_668' title='bbox 1149 5026 1382 5088; x_wconf 90' lang='lat' dir='ltr'><strong>ibidem,</strong></span> <span class='ocrx_word' id='word_1_669' title='bbox 1408 5036 1569 5094; x_wconf 88' lang='lat' dir='ltr'><strong>quam</strong></span> <span class='ocrx_word' id='word_1_670' title='bbox 1608 5038 1769 5094; x_wconf 90' lang='lat' dir='ltr'><strong>supra</strong></span> <span class='ocrx_word' id='word_1_671' title='bbox 1810 5030 2141 5077; x_wconf 72' lang='lat' dir='ltr'><strong>enumerata:</strong></span> 
     </span>
    </p>
   </div>
   <div class='ocr_carea' id='block_1_95' title="bbox 560 5111 2139 5184">
    <p class='ocr_par' dir='ltr' id='par_1_95' title="bbox 560 5111 2139 5184">
     <span class='ocr_line' id='line_1_95' title="bbox 560 5111 2139 5184; baseline -0.008 -9"><span class='ocrx_word' id='word_1_672' title='bbox 560 5124 692 5184; x_wconf 88' lang='lat' dir='ltr'><strong>sint,</strong></span> <span class='ocrx_word' id='word_1_673' title='bbox 716 5115 977 5172; x_wconf 82' lang='lat' dir='ltr'><strong>scientias</strong></span> <span class='ocrx_word' id='word_1_674' title='bbox 1002 5113 1269 5167; x_wconf 74' lang='lat' dir='ltr'><strong>docuisse.</strong></span> <span class='ocrx_word' id='word_1_675' title='bbox 1301 5112 1411 5166; x_wconf 87' lang='lat' dir='ltr'><strong>Nec</strong></span> <span class='ocrx_word' id='word_1_676' title='bbox 1431 5113 1648 5167; x_wconf 89' lang='lat' dir='ltr'><strong>dubium</strong></span> <span class='ocrx_word' id='word_1_677' title='bbox 1679 5127 1823 5176; x_wconf 87' lang='lat' dir='ltr'><strong>reor,</strong></span> <span class='ocrx_word' id='word_1_678' title='bbox 1848 5111 1976 5181; x_wconf 91' lang='lat' dir='ltr'><strong>quin</strong></span> <span class='ocrx_word' id='word_1_679' title='bbox 2003 5127 2139 5179; x_wconf 74' lang='lat' dir='ltr'><strong>pne-</strong></span> 
     </span>
    </p>
   </div>
   <div class='ocr_carea' id='block_1_96' title="bbox 563 5203 2138 5275">
    <p class='ocr_par' dir='ltr' id='par_1_96' title="bbox 563 5203 2138 5275">
     <span class='ocr_line' id='line_1_96' title="bbox 563 5203 2138 5275; baseline -0.008 -11"><span class='ocrx_word' id='word_1_680' title='bbox 563 5222 711 5266; x_wconf 89' lang='lat' dir='ltr'><strong>tcrea</strong></span> <span class='ocrx_word' id='word_1_681' title='bbox 750 5208 822 5262; x_wconf 89' lang='lat' dir='ltr'><strong>ibi</strong></span> <span class='ocrx_word' id='word_1_682' title='bbox 867 5206 1148 5275; x_wconf 88' lang='lat' dir='ltr'><strong>discipulis</strong></span> <span class='ocrx_word' id='word_1_683' title='bbox 1176 5206 1287 5259; x_wconf 89' lang='lat' dir='ltr'><strong>suis</strong></span> <span class='ocrx_word' id='word_1_684' title='bbox 1317 5220 1502 5259; x_wconf 91' lang='lat' dir='ltr'><strong>sacras</strong></span> <span class='ocrx_word' id='word_1_685' title='bbox 1542 5204 1764 5274; x_wconf 83' lang='lat' dir='ltr'><strong>paginas</strong></span> <span class='ocrx_word' id='word_1_686' title='bbox 1805 5203 2138 5272; x_wconf 81' lang='lat' dir='ltr'><strong>explanarit.</strong></span> 
     </span>
    </p>
   </div>
   <div class='ocr_carea' id='block_1_97' title="bbox 563 5292 2143 5369">
    <p class='ocr_par' dir='ltr' id='par_1_97' title="bbox 563 5292 2143 5369">
     <span class='ocr_line' id='line_1_97' title="bbox 563 5292 2143 5369; baseline -0.005 -19"><span class='ocrx_word' id='word_1_687' title='bbox 563 5316 701 5369; x_wconf 84' lang='lat' dir='ltr'><strong>quas</strong></span> <span class='ocrx_word' id='word_1_688' title='bbox 725 5312 878 5357; x_wconf 86' lang='lat' dir='ltr'><strong>sane.</strong></span> <span class='ocrx_word' id='word_1_689' title='bbox 905 5296 1174 5364; x_wconf 87' lang='lat' dir='ltr'><strong>simulque</strong></span> <span class='ocrx_word' id='word_1_690' title='bbox 1202 5295 1411 5365; x_wconf 82' lang='lat' dir='ltr'><strong>linguas</strong></span> <span class='ocrx_word' id='word_1_691' title='bbox 1438 5294 1682 5350; x_wconf 72' lang='lat' dir='ltr'><strong>Graecam</strong></span> <span class='ocrx_word' id='word_1_692' title='bbox 1707 5309 1769 5348; x_wconf 92' lang='lat' dir='ltr'><strong>ac</strong></span> <span class='ocrx_word' id='word_1_693' title='bbox 1795 5292 2143 5353; x_wconf 83' lang='lat' dir='ltr'><strong>llebraicam,</strong></span> 
     </span>
    </p>
   </div>
   <div class='ocr_carea' id='block_1_98' title="bbox 563 5386 2140 5460">
    <p class='ocr_par' dir='ltr' id='par_1_98' title="bbox 563 5386 2140 5460">
     <span class='ocr_line' id='line_1_98' title="bbox 563 5386 2140 5460; baseline -0.007 -13"><span class='ocrx_word' id='word_1_694' title='bbox 563 5395 630 5447; x_wconf 84' lang='lat' dir='ltr'><strong>ad</strong></span> <span class='ocrx_word' id='word_1_695' title='bbox 683 5405 871 5444; x_wconf 86' lang='lat' dir='ltr'><strong>earum</strong></span> <span class='ocrx_word' id='word_1_696' title='bbox 926 5388 1336 5460; x_wconf 76' lang='lat' dir='ltr'><strong>intelligentiam</strong></span> <span class='ocrx_word' id='word_1_697' title='bbox 1387 5387 1679 5457; x_wconf 89' lang='lat' dir='ltr'><strong>plurimum</strong></span> <span class='ocrx_word' id='word_1_698' title='bbox 1733 5386 2140 5447; x_wconf 86' lang='lat' dir='ltr'><strong>eonducentes,</strong></span> 
     </span>
    </p>
   </div>
   <div class='ocr_carea' id='block_1_99' title="bbox 564 5473 2148 5553">
    <p class='ocr_par' dir='ltr' id='par_1_99' title="bbox 564 5473 2148 5553">
     <span class='ocr_line' id='line_1_99' title="bbox 564 5473 2148 5553; baseline -0.006 -16"><span class='ocrx_word' id='word_1_699' title='bbox 564 5480 769 5553; x_wconf 84' lang='lat' dir='ltr'><strong>optime</strong></span> <span class='ocrx_word' id='word_1_700' title='bbox 800 5480 1007 5542; x_wconf 87' lang='lat' dir='ltr'><strong>calluit,</strong></span> <span class='ocrx_word' id='word_1_701' title='bbox 1034 5481 1109 5534; x_wconf 91' lang='lat' dir='ltr'><strong>uti</strong></span> <span class='ocrx_word' id='word_1_702' title='bbox 1142 5480 1402 5550; x_wconf 89' lang='lat' dir='ltr'><strong>liquidum</strong></span> <span class='ocrx_word' id='word_1_703' title='bbox 1434 5478 1524 5533; x_wconf 86' lang='lat' dir='ltr'><strong>liet</strong></span> <span class='ocrx_word' id='word_1_704' title='bbox 1554 5493 1619 5532; x_wconf 76' lang='lat' dir='ltr'><strong>ex</strong></span> <span class='ocrx_word' id='word_1_705' title='bbox 1655 5475 1752 5539; x_wconf 86' lang='lat' dir='ltr'><strong>iis,</strong></span> <span class='ocrx_word' id='word_1_706' title='bbox 1784 5490 1905 5545; x_wconf 68' lang='lat' dir='ltr'><strong>quae</strong></span> <span class='ocrx_word' id='word_1_707' title='bbox 1936 5474 2003 5529; x_wconf 86' lang='lat' dir='ltr'><strong>de</strong></span> <span class='ocrx_word' id='word_1_708' title='bbox 2030 5473 2148 5542; x_wconf 84' lang='lat' dir='ltr'><strong>ejus</strong></span> 
     </span>
    </p>
   </div>
   <div class='ocr_carea' id='block_1_100' title="bbox 570 5564 2150 5644">
    <p class='ocr_par' dir='ltr' id='par_1_100' title="bbox 570 5564 2150 5644">
     <span class='ocr_line' id='line_1_100' title="bbox 570 5564 2150 5644; baseline -0.006 -16"><span class='ocrx_word' id='word_1_709' title='bbox 570 5578 622 5628; x_wconf 82' lang='lat' dir='ltr'><strong>in</strong></span> <span class='ocrx_word' id='word_1_710' title='bbox 647 5573 881 5644; x_wconf 73' lang='lat' dir='ltr'><strong>psalmos</strong></span> <span class='ocrx_word' id='word_1_711' title='bbox 920 5588 984 5625; x_wconf 82' lang='lat' dir='ltr'><strong>ac</strong></span> <span class='ocrx_word' id='word_1_712' title='bbox 1008 5572 1066 5627; x_wconf 88' lang='lat' dir='ltr'><strong>S.</strong></span> <span class='ocrx_word' id='word_1_713' title='bbox 1102 5572 1253 5627; x_wconf 86' lang='lat' dir='ltr'><strong>Pauli</strong></span> <span class='ocrx_word' id='word_1_714' title='bbox 1285 5570 1539 5641; x_wconf 81' lang='lat' dir='ltr'><strong>epistolas</strong></span> <span class='ocrx_word' id='word_1_715' title='bbox 1581 5565 2001 5624; x_wconf 74' lang='lat' dir='ltr'><strong>(lonnucntariis</strong></span> <span class='ocrx_word' id='word_1_716' title='bbox 2041 5564 2150 5619; x_wconf 80' lang='lat' dir='ltr'><strong>dis-</strong></span> 
     </span>
    </p>
   </div>
   <div class='ocr_carea' id='block_1_101' title="bbox 573 5656 1575 5742">
    <p class='ocr_par' dir='ltr' id='par_1_101' title="bbox 573 5656 1575 5742">
     <span class='ocr_line' id='line_1_101' title="bbox 573 5656 1575 5742; baseline -0.013 -23"><span class='ocrx_word' id='word_1_717' title='bbox 573 5680 648 5725; x_wconf 62' lang='lat' dir='ltr'><strong>set</strong></span> <span class='ocrx_word' id='word_1_718' title='bbox 664 5663 804 5742; x_wconf 31' lang='lat' dir='ltr'><strong>Cttda&#39;</strong></span> <span class='ocrx_word' id='word_1_719' title='bbox 838 5670 1135 5721; x_wconf 66' lang='lat' dir='ltr'><strong>trrut&#39;t_&#39;mt.</strong></span> <span class='ocrx_word' id='word_1_720' title='bbox 1542 5656 1575 5659; x_wconf 31' lang='lat' dir='ltr'><strong>i&#39;</strong></span> 
     </span>
    </p>
   </div>
   <div class='ocr_carea' id='block_1_102' title="bbox 2244 4542 3824 4612">
    <p class='ocr_par' dir='ltr' id='par_1_102' title="bbox 2244 4542 3824 4612">
     <span class='ocr_line' id='line_1_102' title="bbox 2244 4542 3824 4612; baseline -0.01 0"><span class='ocrx_word' id='word_1_721' title='bbox 2244 4556 2472 4612; x_wconf 90' lang='lat' dir='ltr'><strong>nardum</strong></span> <span class='ocrx_word' id='word_1_722' title='bbox 2504 4551 2965 4609; x_wconf 85' lang='lat' dir='ltr'><strong>Cormeriacensis</strong></span> <span class='ocrx_word' id='word_1_723' title='bbox 2994 4564 3087 4605; x_wconf 92' lang='lat' dir='ltr'><strong>seu</strong></span> <span class='ocrx_word' id='word_1_724' title='bbox 3115 4546 3544 4604; x_wconf 86' lang='lat' dir='ltr'><strong>Cormaricensis</strong></span> <span class='ocrx_word' id='word_1_725' title='bbox 3569 4546 3622 4599; x_wconf 90' lang='lat' dir='ltr'><strong>in</strong></span> <span class='ocrx_word' id='word_1_726' title='bbox 3646 4542 3824 4597; x_wconf 87' lang='lat' dir='ltr'><strong>Turo-</strong></span> 
     </span>
    </p>
   </div>
   <div class='ocr_carea' id='block_1_103' title="bbox 2243 4634 3824 4705">
    <p class='ocr_par' dir='ltr' id='par_1_103' title="bbox 2243 4634 3824 4705">
     <span class='ocr_line' id='line_1_103' title="bbox 2243 4634 3824 4705; baseline -0.009 -3"><span class='ocrx_word' id='word_1_727' title='bbox 2243 4647 2491 4703; x_wconf 91' lang='lat' dir='ltr'><strong>nensium</strong></span> <span class='ocrx_word' id='word_1_728' title='bbox 2533 4643 2807 4703; x_wconf 87' lang='lat' dir='ltr'><strong>territorio</strong></span> <span class='ocrx_word' id='word_1_729' title='bbox 2846 4640 3110 4704; x_wconf 78' lang='lat' dir='ltr'><strong>coenobii,</strong></span> <span class='ocrx_word' id='word_1_730' title='bbox 3149 4640 3275 4695; x_wconf 91' lang='lat' dir='ltr'><strong>dum</strong></span> <span class='ocrx_word' id='word_1_731' title='bbox 3314 4638 3380 4693; x_wconf 90' lang='lat' dir='ltr'><strong>ad</strong></span> <span class='ocrx_word' id='word_1_732' title='bbox 3434 4652 3555 4691; x_wconf 91' lang='lat' dir='ltr'><strong>eum</strong></span> <span class='ocrx_word' id='word_1_733' title='bbox 3593 4634 3824 4705; x_wconf 83' lang='lat' dir='ltr'><strong>cpistola</strong></span> 
     </span>
    </p>
   </div>
   <div class='ocr_carea' id='block_1_104' title="bbox 2239 4726 3823 4810">
    <p class='ocr_par' dir='ltr' id='par_1_104' title="bbox 2239 4726 3823 4810">
     <span class='ocr_line' id='line_1_104' title="bbox 2239 4726 3823 4810; baseline -0.009 -17"><span class='ocrx_word' id='word_1_734' title='bbox 2239 4738 2550 4810; x_wconf 79' lang='lat' dir='ltr'><strong>cncyclica,</strong></span> <span class='ocrx_word' id='word_1_735' title='bbox 2592 4734 2783 4792; x_wconf 90' lang='lat' dir='ltr'><strong>mortis</strong></span> <span class='ocrx_word' id='word_1_736' title='bbox 2812 4733 2869 4787; x_wconf 89' lang='lat' dir='ltr'><strong>S.</strong></span> <span class='ocrx_word' id='word_1_737' title='bbox 2903 4731 3172 4791; x_wconf 89' lang='lat' dir='ltr'><strong>Brunonis</strong></span> <span class='ocrx_word' id='word_1_738' title='bbox 3209 4730 3438 4794; x_wconf 89' lang='lat' dir='ltr'><strong>nuncia,</strong></span> <span class='ocrx_word' id='word_1_739' title='bbox 3481 4726 3582 4782; x_wconf 81' lang='lat' dir='ltr'><strong>fuit</strong></span> <span class='ocrx_word' id='word_1_740' title='bbox 3624 4726 3823 4791; x_wconf 88' lang='lat' dir='ltr'><strong>allata,</strong></span> 
     </span>
    </p>
   </div>
   <div class='ocr_carea' id='block_1_105' title="bbox 2242 4816 3823 4900">
    <p class='ocr_par' dir='ltr' id='par_1_105' title="bbox 2242 4816 3823 4900">
     <span class='ocr_line' id='line_1_105' title="bbox 2242 4816 3823 4900; baseline -0.009 -15"><span class='ocrx_word' id='word_1_741' title='bbox 2242 4832 2479 4900; x_wconf 85' lang='lat' dir='ltr'><strong>priorem</strong></span> <span class='ocrx_word' id='word_1_742' title='bbox 2526 4843 2591 4882; x_wconf 88' lang='lat' dir='ltr'><strong>ac</strong></span> <span class='ocrx_word' id='word_1_743' title='bbox 2620 4826 2814 4884; x_wconf 87' lang='lat' dir='ltr'><strong>deinde</strong></span> <span class='ocrx_word' id='word_1_744' title='bbox 2858 4825 3141 4887; x_wconf 83' lang='lat' dir='ltr'><strong>abbatem,</strong></span> <span class='ocrx_word' id='word_1_745' title='bbox 3178 4820 3271 4892; x_wconf 88' lang='lat' dir='ltr'><strong>qui</strong></span> <span class='ocrx_word' id='word_1_746' title='bbox 3307 4834 3497 4875; x_wconf 88' lang='lat' dir='ltr'><strong>omnes</strong></span> <span class='ocrx_word' id='word_1_747' title='bbox 3537 4818 3589 4872; x_wconf 93' lang='lat' dir='ltr'><strong>in</strong></span> <span class='ocrx_word' id='word_1_748' title='bbox 3623 4816 3823 4872; x_wconf 88' lang='lat' dir='ltr'><strong>Titulis</strong></span> 
     </span>
    </p>
   </div>
   <div class='ocr_carea' id='block_1_106' title="bbox 2188 4908 3824 4984">
    <p class='ocr_par' dir='ltr' id='par_1_106' title="bbox 2188 4908 3824 4984">
     <span class='ocr_line' id='line_1_106' title="bbox 2188 4908 3824 4984; baseline -0.01 -7"><span class='ocrx_word' id='word_1_749' title='bbox 2188 4908 2191 4915; x_wconf 57' lang='grc'><em>’</em></span> <span class='ocrx_word' id='word_1_750' title='bbox 2249 4921 2599 4984; x_wconf 80' lang='lat' dir='ltr'><strong>funebribus,</strong></span> <span class='ocrx_word' id='word_1_751' title='bbox 2631 4916 2701 4975; x_wconf 76' lang='grc'><strong>45</strong></span> <span class='ocrx_word' id='word_1_752' title='bbox 2739 4917 3022 4979; x_wconf 87' lang='lat' dir='ltr'><strong>nimirmn,</strong></span> <span class='ocrx_word' id='word_1_753' title='bbox 3070 4914 3139 4969; x_wconf 84' lang='lat'><strong>79</strong></span> <span class='ocrx_word' id='word_1_754' title='bbox 3186 4920 3241 4967; x_wconf 90' lang='lat' dir='ltr'><strong>et</strong></span> <span class='ocrx_word' id='word_1_755' title='bbox 3284 4909 3407 4978; x_wconf 85' lang='grc'><strong>176,</strong></span> <span class='ocrx_word' id='word_1_756' title='bbox 3439 4924 3574 4979; x_wconf 91' lang='lat' dir='ltr'><strong>quos</strong></span> <span class='ocrx_word' id='word_1_757' title='bbox 3617 4908 3824 4962; x_wconf 86' lang='lat' dir='ltr'><strong>Sancto</strong></span> 
     </span>
    </p>
   </div>
   <div class='ocr_carea' id='block_1_107' title="bbox 2245 5001 3821 5077">
    <p class='ocr_par' dir='ltr' id='par_1_107' title="bbox 2245 5001 3821 5077">
     <span class='ocr_line' id='line_1_107' title="bbox 2245 5001 3821 5077; baseline -0.013 -7"><span class='ocrx_word' id='word_1_758' title='bbox 2245 5020 2660 5076; x_wconf 85' lang='lat' dir='ltr'><strong>consecrarunt,</strong></span> <span class='ocrx_word' id='word_1_759' title='bbox 2688 5008 2804 5077; x_wconf 86' lang='lat' dir='ltr'><strong>ejus</strong></span> <span class='ocrx_word' id='word_1_760' title='bbox 2832 5023 2890 5062; x_wconf 89' lang='lat' dir='ltr'><strong>se</strong></span> <span class='ocrx_word' id='word_1_761' title='bbox 2919 5004 3211 5074; x_wconf 89' lang='lat' dir='ltr'><strong>discipulos</strong></span> <span class='ocrx_word' id='word_1_762' title='bbox 3239 5002 3426 5064; x_wconf 79' lang='lat' dir='ltr'><strong>fuisse,</strong></span> <span class='ocrx_word' id='word_1_763' title='bbox 3462 5001 3665 5070; x_wconf 90' lang='lat' dir='ltr'><strong>pariter</strong></span> <span class='ocrx_word' id='word_1_764' title='bbox 3690 5014 3821 5068; x_wconf 57' lang='lat' dir='ltr'><strong>pro.</strong></span> 
     </span>
    </p>
   </div>
   <div class='ocr_carea' id='block_1_108' title="bbox 2247 5089 3821 5167">
    <p class='ocr_par' dir='ltr' id='par_1_108' title="bbox 2247 5089 3821 5167">
     <span class='ocr_line' id='line_1_108' title="bbox 2247 5089 3821 5167; baseline -0.013 -8"><span class='ocrx_word' id='word_1_765' title='bbox 2247 5107 2487 5159; x_wconf 85' lang='lat' dir='ltr'><strong>titentur.</strong></span> <span class='ocrx_word' id='word_1_766' title='bbox 2538 5101 2606 5156; x_wconf 82' lang='lat' dir='ltr'><strong>Et</strong></span> <span class='ocrx_word' id='word_1_767' title='bbox 2652 5100 2751 5155; x_wconf 91' lang='lat' dir='ltr'><strong>hos</strong></span> <span class='ocrx_word' id='word_1_768' title='bbox 2795 5097 3014 5167; x_wconf 92' lang='lat' dir='ltr'><strong>quidem</strong></span> <span class='ocrx_word' id='word_1_769' title='bbox 3063 5105 3173 5148; x_wconf 91' lang='lat' dir='ltr'><strong>tres</strong></span> <span class='ocrx_word' id='word_1_770' title='bbox 3216 5091 3472 5154; x_wconf 85' lang='lat' dir='ltr'><strong>ahbates,</strong></span> <span class='ocrx_word' id='word_1_771' title='bbox 3526 5089 3603 5142; x_wconf 92' lang='lat' dir='ltr'><strong>uti</strong></span> <span class='ocrx_word' id='word_1_772' title='bbox 3655 5089 3821 5141; x_wconf 86' lang='lat' dir='ltr'><strong>etiam</strong></span> 
     </span>
    </p>
   </div>
   <div class='ocr_carea' id='block_1_109' title="bbox 2249 5179 3823 5260">
    <p class='ocr_par' dir='ltr' id='par_1_109' title="bbox 2249 5179 3823 5260">
     <span class='ocr_line' id='line_1_109' title="bbox 2249 5179 3823 5260; baseline -0.011 -11"><span class='ocrx_word' id='word_1_773' title='bbox 2249 5195 2545 5250; x_wconf 88' lang='lat' dir='ltr'><strong>Robertum</strong></span> <span class='ocrx_word' id='word_1_774' title='bbox 2566 5231 2580 5257; x_wconf 93' lang='lat'><strong>,</strong></span> <span class='ocrx_word' id='word_1_775' title='bbox 2616 5191 3013 5260; x_wconf 85' lang='lat' dir='ltr'><strong>Lingonensetn</strong></span> <span class='ocrx_word' id='word_1_776' title='bbox 3041 5187 3350 5255; x_wconf 78' lang='lat' dir='ltr'><strong>episcopum</strong></span> <span class='ocrx_word' id='word_1_777' title='bbox 3371 5220 3386 5244; x_wconf 92' lang='lat'><strong>,</strong></span> <span class='ocrx_word' id='word_1_778' title='bbox 3419 5191 3473 5233; x_wconf 92' lang='lat' dir='ltr'><strong>et</strong></span> <span class='ocrx_word' id='word_1_779' title='bbox 3504 5179 3823 5239; x_wconf 83' lang='lat' dir='ltr'><strong>Urbanum,</strong></span> 
     </span>
    </p>
   </div>
   <div class='ocr_carea' id='block_1_110' title="bbox 2247 5268 3826 5351">
    <p class='ocr_par' dir='ltr' id='par_1_110' title="bbox 2247 5268 3826 5351">
     <span class='ocr_line' id='line_1_110' title="bbox 2247 5268 3826 5351; baseline -0.013 -10"><span class='ocrx_word' id='word_1_780' title='bbox 2247 5300 2517 5341; x_wconf 82' lang='lat' dir='ltr'><strong>summum</strong></span> <span class='ocrx_word' id='word_1_781' title='bbox 2547 5279 2877 5351; x_wconf 82' lang='lat' dir='ltr'><strong>pontiﬁcem,</strong></span> <span class='ocrx_word' id='word_1_782' title='bbox 2901 5277 3152 5330; x_wconf 88' lang='lat' dir='ltr'><strong>Brunone</strong></span> <span class='ocrx_word' id='word_1_783' title='bbox 3172 5286 3278 5326; x_wconf 91' lang='lat' dir='ltr'><strong>non</strong></span> <span class='ocrx_word' id='word_1_784' title='bbox 3301 5269 3427 5327; x_wconf 63' lang='lat' dir='ltr'><strong>alibi</strong></span> <span class='ocrx_word' id='word_1_785' title='bbox 3457 5284 3616 5339; x_wconf 90' lang='lat' dir='ltr'><strong>quam</strong></span> <span class='ocrx_word' id='word_1_786' title='bbox 3640 5268 3826 5320; x_wconf 83' lang='lat' dir='ltr'><strong>Remis</strong></span> 
     </span>
    </p>
   </div>
   <div class='ocr_carea' id='block_1_111' title="bbox 2250 5358 3822 5447">
    <p class='ocr_par' dir='ltr' id='par_1_111' title="bbox 2250 5358 3822 5447">
     <span class='ocr_line' id='line_1_111' title="bbox 2250 5358 3822 5447; baseline -0.015 -15"><span class='ocrx_word' id='word_1_787' title='bbox 2250 5377 2509 5447; x_wconf 85' lang='lat' dir='ltr'><strong>magistro</strong></span> <span class='ocrx_word' id='word_1_788' title='bbox 2558 5387 2685 5428; x_wconf 91' lang='lat' dir='ltr'><strong>usos</strong></span> <span class='ocrx_word' id='word_1_789' title='bbox 2732 5382 2881 5432; x_wconf 87' lang='lat' dir='ltr'><strong>esse,</strong></span> <span class='ocrx_word' id='word_1_790' title='bbox 2923 5364 3060 5421; x_wconf 82' lang='lat' dir='ltr'><strong>infra</strong></span> <span class='ocrx_word' id='word_1_791' title='bbox 3098 5361 3330 5427; x_wconf 90' lang='lat' dir='ltr'><strong>docebo,</strong></span> <span class='ocrx_word' id='word_1_792' title='bbox 3383 5375 3504 5414; x_wconf 89' lang='lat' dir='ltr'><strong>cmn</strong></span> <span class='ocrx_word' id='word_1_793' title='bbox 3553 5358 3822 5425; x_wconf 86' lang='lat' dir='ltr'><strong>inquirant</strong></span> 
     </span>
    </p>
   </div>
   <div class='ocr_carea' id='block_1_112' title="bbox 2251 5447 3829 5533">
    <p class='ocr_par' dir='ltr' id='par_1_112' title="bbox 2251 5447 3829 5533">
     <span class='ocr_line' id='line_1_112' title="bbox 2251 5447 3829 5533; baseline -0.014 -10"><span class='ocrx_word' id='word_1_794' title='bbox 2251 5484 2318 5523; x_wconf 91' lang='lat' dir='ltr'><strong>an</strong></span> <span class='ocrx_word' id='word_1_795' title='bbox 2349 5476 2592 5528; x_wconf 89' lang='lat' dir='ltr'><strong>sanctus,</strong></span> <span class='ocrx_word' id='word_1_796' title='bbox 2634 5470 2753 5533; x_wconf 88' lang='lat' dir='ltr'><strong>post</strong></span> <span class='ocrx_word' id='word_1_797' title='bbox 2780 5459 3082 5514; x_wconf 87' lang='lat' dir='ltr'><strong>abdicatam</strong></span> <span class='ocrx_word' id='word_1_798' title='bbox 3120 5467 3262 5507; x_wconf 91' lang='lat' dir='ltr'><strong>anno</strong></span> <span class='ocrx_word' id='word_1_799' title='bbox 3297 5449 3519 5506; x_wconf 89' lang='lat' dir='ltr'><strong>circiter</strong></span> <span class='ocrx_word' id='word_1_800' title='bbox 3560 5447 3693 5502; x_wconf 88' lang='lat' dir='ltr'><strong>l076</strong></span> <span class='ocrx_word' id='word_1_801' title='bbox 3732 5457 3829 5501; x_wconf 83' lang='lat' dir='ltr'><strong>aut</strong></span> 
     </span>
    </p>
   </div>
   <div class='ocr_carea' id='block_1_113' title="bbox 2252 5540 3824 5629">
    <p class='ocr_par' dir='ltr' id='par_1_113' title="bbox 2252 5540 3824 5629">
     <span class='ocr_line' id='line_1_113' title="bbox 2252 5540 3824 5629; baseline -0.015 -14"><span class='ocrx_word' id='word_1_802' title='bbox 2252 5558 2496 5629; x_wconf 86' lang='lat' dir='ltr'><strong>sequenti</strong></span> <span class='ocrx_word' id='word_1_803' title='bbox 2529 5553 2832 5611; x_wconf 84' lang='lat' dir='ltr'><strong>scholarum</strong></span> <span class='ocrx_word' id='word_1_804' title='bbox 2866 5545 3210 5601; x_wconf 78' lang='lat' dir='ltr'><strong>Reznensium</strong></span> <span class='ocrx_word' id='word_1_805' title='bbox 3242 5540 3646 5612; x_wconf 68' lang='lat' dir='ltr'><strong>praefecturam,</strong></span> <span class='ocrx_word' id='word_1_806' title='bbox 3674 5546 3824 5592; x_wconf 82' lang='lat' dir='ltr'><strong>ante-</strong></span> 
     </span>
    </p>
   </div>
   <div class='ocr_carea' id='block_1_114' title="bbox 2254 5626 3829 5723">
    <p class='ocr_par' dir='ltr' id='par_1_114' title="bbox 2254 5626 3829 5723">
     <span class='ocr_line' id='line_1_114' title="bbox 2254 5626 3829 5723; baseline -0.017 -15"><span class='ocrx_word' id='word_1_807' title='bbox 2254 5626 2414 5723; x_wconf 83' lang='lat' dir='ltr'><strong>quam</strong></span> <span class='ocrx_word' id='word_1_808' title='bbox 2447 5651 2513 5713; x_wconf 91' lang='lat' dir='ltr'><strong>in</strong></span> <span class='ocrx_word' id='word_1_809' title='bbox 2534 5644 2793 5712; x_wconf 79' lang='lat' dir='ltr'><strong>Cartnsia:</strong></span> <span class='ocrx_word' id='word_1_810' title='bbox 2819 5653 3060 5696; x_wconf 85' lang='lat' dir='ltr'><strong>erenmm</strong></span> <span class='ocrx_word' id='word_1_811' title='bbox 3092 5634 3399 5698; x_wconf 87' lang='lat' dir='ltr'><strong>secederet,</strong></span> <span class='ocrx_word' id='word_1_812' title='bbox 3437 5629 3648 5685; x_wconf 84' lang='lat' dir='ltr'><strong>litteras</strong></span> <span class='ocrx_word' id='word_1_813' title='bbox 3679 5626 3829 5683; x_wconf 80' lang='lat' dir='ltr'><strong>Pari-</strong></span> 
     </span>
    </p>
   </div>
   <div class='ocr_carea' id='block_1_115' title="bbox 2256 5722 3823 5807">
    <p class='ocr_par' dir='ltr' id='par_1_115' title="bbox 2256 5722 3823 5807">
     <span class='ocr_line' id='line_1_115' title="bbox 2256 5722 3823 5807; baseline -0.017 -8"><span class='ocrx_word' id='word_1_814' title='bbox 2256 5722 2353 5807; x_wconf 71' lang='lat' dir='ltr'><strong>siis</strong></span> <span class='ocrx_word' id='word_1_815' title='bbox 2382 5739 2623 5795; x_wconf 80' lang='lat' dir='ltr'><strong>docuerit</strong></span> <span class='ocrx_word' id='word_1_816' title='bbox 2685 5749 2869 5788; x_wconf 86' lang='lat' dir='ltr'><strong>onutcs</strong></span> <span class='ocrx_word' id='word_1_817' title='bbox 2910 5740 3087 5785; x_wconf 84' lang='lat' dir='ltr'><strong>autem</strong></span> <span class='ocrx_word' id='word_1_818' title='bbox 3118 5725 3345 5791; x_wconf 82' lang='lat' dir='ltr'><strong>virtute,</strong></span> <span class='ocrx_word' id='word_1_819' title='bbox 3379 5722 3519 5792; x_wconf 87' lang='lat' dir='ltr'><strong>quod</strong></span> <span class='ocrx_word' id='word_1_820' title='bbox 3538 5761 3565 5790; x_wconf 79' lang='grc'>,.</span> <span class='ocrx_word' id='word_1_821' title='bbox 3585 5734 3679 5777; x_wconf 81' lang='lat' dir='ltr'><strong>eos</strong></span> <span class='ocrx_word' id='word_1_822' title='bbox 3718 5731 3823 5777; x_wconf 73' lang='lat' dir='ltr'><strong>nat:</strong></span> 
     </span>
    </p>
   </div>
  </div>
