3862 6310
152 389 211 447 Gl
1670 389 1875 446 ACTA.
3340 398 3409 452 (32
3434 408 3435 411 ‘

152 532 356 579 t.-.nttnn
420 518 652 583 litteris,
697 516 795 572 sed
840 525 895 572 et
927 516 1084 572 bonis
1123 515 1365 572 moribus
1404 530 1434 570 a
1474 516 1731 574 Brunone
1757 528 1803 585 Α
1834 521 1901 575 de
1954 520 2230 592 inopinato
2275 522 2503 577 transitu
2546 521 2663 592 ejus
2714 523 3067 580 conturbatus
3111 541 3267 590 sum,
3307 545 3407 584 nec

150 617 313 668 tuisse
339 609 687 674 informatos,
720 616 1039 677 argumento
1064 616 1167 672 est,
1200 606 1438 667 illustres
1456 608 1722 673 extitisse,

147 707 228 759 hic
250 703 412 758 modo
437 702 690 756 ostendo.
717 698 797 752 Ac
825 700 1000 769 primo
1026 699 1244 769 quidem
1274 714 1437 769 quam
1470 699 1521 753 id
1547 715 1721 769 quan-

148 807 251 852 tum
283 794 348 847 ad
379 789 662 848 Urbanum
699 790 915 845 veritati
957 798 1242 854 consonet,
1282 792 1418 845 satis
1455 805 1727 861 superque

146 890 411 940 monstrat
458 880 806 947 celeberrimi
840 881 998 951 hujus
1032 880 1314 937 Pontificis
1343 882 1463 936 Vita
1485 921 1499 944 ,
1531 896 1560 934 a
1590 879 1725 934 Rui-

146 974 319 1029 nartio
358 974 709 1042 conscripta,
755 970 1101 1041 Operumque
1140 972 1427 1042 scriptoris
1468 970 1629 1042 hujus
1661 984 1727 1024 ac

149 1062 444 1118 ﬂabillonii
492 1062 906 1133 posthumorum
939 1072 1083 1123 torno
1114 1063 1275 1119 tertio
1318 1064 1551 1129 inserta;
1585 1062 1728 1133 quod

144 1165 320 1211 autem
345 1155 414 1210 ad
444 1154 773 1220 Robertum,
797 1155 1191 1224 Lingonensem
1222 1156 1560 1227 episc0pum,
1593 1164 1727 1210 tres-

146 1266 245 1321 que
284 1249 606 1306 recensitos
644 1245 900 1315 abbates,
938 1249 1285 1304 Lambertum
1324 1249 1603 1312 videlicet,
1633 1249 1728 1303 Pe-

148 1350 280 1394 trum
307 1348 365 1393 et
386 1338 756 1403 Mainardum,
786 1339 1040 1407 pertinet,
1072 1337 1366 1405 Robertus,
1390 1355 1511 1393 cum
1539 1352 1729 1395 omnes

148 1429 328 1499 optimi
358 1428 616 1483 Pastoris
640 1430 691 1482 in
719 1429 940 1485 dimcesi
964 1445 1058 1484 sua
1081 1430 1514 1486 administranda
1542 1440 1729 1500 partes

150 1518 460 1590 implesset,
510 1518 730 1589 longum
776 1518 938 1588 hujus
980 1520 1175 1592 viginti
1223 1522 1462 1596 quinque
1508 1521 1730 1575 circiter

154 1626 414 1666 annorum
471 1610 712 1682 regimen
762 1612 1015 1681 piissimo
1064 1613 1216 1667 obitu
1261 1613 1603 1678 terminavit,
1662 1620 1721 1668 ut

148 1702 305 1772 liquet
334 1718 401 1757 ex
454 1702 544 1768 iis,
574 1716 695 1771 quae
723 1702 789 1757 de
836 1702 1091 1758 laudabili
1122 1705 1227 1760 hoc
1268 1704 1511 1759 antistite
1538 1704 1725 1761 Galliae

144 1795 339 1849 Christ.
360 1805 540 1849 aucza:
567 1795 860 1864 scriptores
885 1802 1011 1852 tom.
1037 1795 1127 1862 IV,
1155 1794 1257 1852 col.
1287 1795 1413 1864 566,
1444 1797 1723 1852 memoria:

146 1884 394 1952 produnt.

203 1972 299 2037 ξε.
342 1972 710 2040 Lambertus,
741 1973 869 2045 licet
904 1975 1262 2033 Pultariensis
1290 1978 1370 2033 sui
1409 1977 1725 2034 monasterii

144 2065 300 2121 abbas
318 2076 495 2131 esset,
522 2081 583 2121 se
615 2076 791 2123 tamen
824 2067 982 2137 hujus
1009 2083 1223 2125 servum
1246 2079 1303 2131 ,et
1318 2079 1724 2141 procuratorem

145 2156 389 2224 exiguum
442 2157 497 2209 in
540 2156 721 2211 Titulo
768 2156 1017 2225 funebri,
1064 2159 1210 2215 inter
1259 2160 1593 2215 recudendos
1620 2160 1722 2226 45,

145 2263 241 2314 quo
272 2245 484 2302 Sancto
524 2259 711 2302 nostro
747 2249 1077 2317 parentavit,
1115 2249 1377 2320 appellat;
1417 2250 1559 2305 unde
1591 2266 1727 2306 sane

146 2354 329 2408 magna
369 2337 493 2408 ejus
522 2338 801 2393 humilitas
827 2340 1024 2395 elucet.
1069 2339 1287 2403 Petrus,
1331 2341 1720 2396 canonicorum

150 2432 493 2503 liegularium
532 2432 592 2485 S.
632 2431 858 2487 Joannis
892 2433 946 2487 in
986 2432 1171 2488 Vincis
1206 2448 1371 2503 prope
1402 2432 1724 2489 Suessionas

144 2524 328 2584 abbas,
364 2522 456 2576 his
480 2521 624 2575 inter
653 2521 755 2574 alia
788 2522 839 2575 in
875 2520 1054 2578 Titulo
1085 2520 1269 2578 Sancti
1295 2522 1508 2579 funebri
1540 2522 1627 2584 79,
1657 2523 1722 2577 ad

146 2614 450 2673 Carthasim
476 2611 778 2669 Calabrinee
801 2613 1490 2677 cremitasdirecto,verbis
1510 2614 1683 2667 utitur
1707 2632 1720 2667 :

153 2724 168 2750 ι
200 2704 426 2759 Dilectis
470 2704 523 2757 in
558 2703 777 2759 Chrism
818 2713 873 2759 et
912 2704 1020 2758 Deo
1048 2704 1224 2775 dignis
1263 2704 1539 2761 Fratribus
1562 2704 1720 2761 Cala-

150 2794 269 2848 briae
286 2835 302 2857 ,
341 2795 661 2849 reverendis
683 2795 925 2849 eremitis
953 2796 1005 2850 in
1042 2798 1373 2853 monasterio
1399 2808 1601 2853 sanctae
1627 2796 1720 2853 Dei

98 2934 103 2939 .
146 2882 450 2948 Genitricis,
466 2899 683 2953 semper
708 2884 945 2953 Virginis
963 2884 1165 2949 Mariae,
1188 2886 1296 2940 Deo
1316 2886 1721 2955 famulantibus,

146 2974 329 3031 l‘e;rus
380 2974 570 3029 Sancti
616 2972 844 3030 Joannis
883 2976 1293 3032 Suessionensis
1336 2978 1720 3033 canonicormn

146 3065 470 3135 regularium
525 3066 747 3127 humilis
813 3066 1017 3131 abbas,
1053 3074 1273 3135 totaque
1330 3065 1559 3121 fratrum
1598 3081 1720 3121 eum

147 3172 205 3211 eo
239 3157 447 3228 degens
486 3164 542 3211 et
580 3155 692 3211 Deo
723 3156 967 3213 serviens
1023 3158 1368 3229 congregatio
1407 3160 1544 3212 bene
1576 3158 1724 3213 ince-

150 3250 320 3317 pisse,
372 3246 575 3302 melius
619 3262 997 3316 perseverare,
1049 3246 1279 3302 feliciter
1320 3261 1717 3303 consummare.

148 3338 337 3392 Audito
382 3337 548 3390 beato
596 3337 703 3390 line
747 3335 919 3389 sancti
955 3335 1135 3391 Patris
1181 3334 1345 3391 vestri
1384 3344 1440 3391 et
1476 3336 1719 3405 magistri

149 3430 245 3482 mei
290 3427 594 3489 Brunonis,
639 3442 669 3480 a
715 3426 868 3495 cujus
901 3440 994 3482 ore
1034 3442 1180 3482 sana:
1228 3427 1488 3482 doctrinm
1526 3425 1721 3481 fluenta

150 3518 460 3586 plerumque
508 3516 731 3570 haurire
773 3515 1030 3583 contigit,
1076 3517 1179 3570 etsi
1216 3531 1380 3586 opere
1427 3531 1533 3570 non
1576 3528 1722 3569 com-

151 3605 318 3674 plevi,
343 3606 417 3659 de
445 3602 692 3659 absentia
732 3603 1082 3658 vehementer
1121 3604 1436 3670 tristamur;
1471 3603 1722 3658 carnales

152 3695 386 3750 evasisse
417 3693 696 3764 angustias
713 3701 766 3748 et
797 3694 1037 3762 requiem
1061 3695 1312 3764 adeptum
1342 3707 1483 3759 esse,
1516 3702 1719 3748 etcum

155 3788 254 3841 Deo
284 3787 494 3851 vivere,
524 3792 682 3857 prout
707 3784 1080 3855 conjecturam
1120 3787 1185 3839 de
1225 3785 1487 3839 munditia
1517 3794 1571 3839 et
1600 3798 1722 3854 per-

152 3876 374 3930 [ιτιίοηε
423 3884 715 3931 transacta:
760 3877 917 3947 vitae,
967 3873 1123 3929 nobis
1156 3876 1289 3929 satis
1326 3883 1499 3939 notae,
1544 3873 1724 3928 facere

152 3980 458 4034 possumus,
514 3963 889 4019 vehementius
937 3964 1355 4034 congaudcmus.
1408 3961 1539 4033 Ejus
1591 3976 1724 4032 ergo

154 4056 487 4120 tnenmriam,
517 4062 627 4109 tum
658 4054 784 4123 quia
810 4053 1069 4124 magister
1095 4060 1282 4119 noster
1306 4052 1427 4119 fuit,
1456 4061 1567 4106 tum
1598 4055 1724 4123 quia

148 4143 394 4213 precibus
415 4140 534 4210 ejus
555 4151 610 4197 et
629 4143 824 4209 vestris
850 4142 1195 4213 confidimus,
1221 4151 1369 4196 tanto
1390 4143 1529 4213 apud
1555 4142 1720 4197 Deum

145 4218 568 4304 enicaciorihus,
596 4238 811 4304 jquanto
840 4234 1202 4300 sanetioribus
1231 4235 1335 4291 hoc
1372 4236 1532 4291 modo
1569 4236 1722 4291 habi-

143 4336 287 4381 turos
313 4324 689 4397 promittimus
715 4325 935 4396 triginta
964 4326 1153 4381 diebus
1182 4326 1391 4392 Missas,
1421 4337 1526 4381 etc.
1558 4347 1574 4377 ι

209 4417 296 4472 99.
342 4415 463 4482 Qua
492 4430 623 4470 sane
645 4415 915 4471 scribendi
957 4416 1214 4471 melhodo
1249 4432 1515 4470 summam
1554 4417 1720 4472 animi

141 4508 463 4581 modestiam
492 4506 957 4577 humilitatemque
996 4507 1285 4562 manifesta
1317 4509 1400 4563 vir
1430 4509 1516 4563 hic
1536 4549 1551 4574 ,
1584 4510 1719 4563 mul-

143 4598 303 4669 llpliz'l
354 4597 517 4651 laude
560 4596 937 4667 dignissimus,
987 4600 1064 4653 uti
1105 4598 1190 4655 fas
1229 4608 1313 4654 est
1348 4587 1609 4672 'coliigere
1654 4618 1715 4656 ex

140 4688 195 4742 S.
224 4688 480 4744 Gervasii
524 4686 878 4753 Calendario,
906 4690 1047 4758 quod
1078 4690 1143 4744 de
1172 4705 1237 4746 eo
1264 4691 1403 4761 apud
1436 4691 1719 4747 Claudium

139 4775 395 4846 d‘Ormay
451 4774 703 4847 Historiae
759 4777 1167 4834 Suessionensis
1212 4789 1341 4834 tom.
1398 4781 1472 4847 ll,
1523 4782 1616 4851 lib.
1655 4798 1717 4851 v,

136 4882 253 4937 cap.
276 4867 347 4921 l5
378 4867 447 4921 ad
469 4866 533 4919 21
567 4865 744 4920 Martii
777 4866 855 4922 sic
878 4867 1079 4923 habet:
1110 4887 1129 4920 ‹
1157 4869 1303 4925 Obiit
1329 4870 1521 4926 Petrus
1549 4873 1715 4929 abbas

138 4959 316 5014 Sancti
342 4957 593 5024 Joannis,
624 4959 709 5012 vir
740 4960 903 5035 totius
931 4960 1262 5027 honestatis,
1303 4962 1413 5018 Deo
1438 4973 1492 5017 et
1519 4965 1718 5034 mundo

133 5067 226 5120 per
258 5050 451 5105 omnia
492 5049 777 5105 laudabilis
822 5058 879 5103 et
922 5052 1199 5120 memoria:
1240 5051 1487 5107 celebris.
1522 5072 1539 5104 ι
1583 5053 1717 5107 Mai-

134 5143 366 5207 nardus,
419 5139 852 5203 Cormaricensis
903 5140 1053 5211 prior
1108 5156 1174 5197 ac
1232 5142 1355 5213 dein
1412 5143 1609 5208 abbas,
1666 5143 1716 5196 in

136 5236 315 5291 Titulo
344 5234 584 5298 funebri,
613 5248 773 5303 quem
803 5232 1006 5305 Sancto
1037 5234 1343 5306 inscripsit,
1381 5234 1719 5289 Cartusiauis

134 5328 440 5383 (miabrinis
468 5326 539 5381 ita
571 5326 812 5396 loquitur
840 5343 853 5379 :
890 5344 910 5379 σ
939 5324 1170 5383 Gavisus
1194 5342 1313 5382 smn
1344 5326 1530 5397 utique
1559 5343 1719 5396 super

136 5421 267 5489 tanti
310 5419 417 5475 viri
450 5417 766 5489 (Brunonis)
793 5419 1030 5491 glorioso
1054 5420 1191 5493 ﬁne,
1217 5421 1311 5476 sed
1336 5420 1463 5490 quia
1492 5421 1720 5476 intentio

136 5513 406 5569 indefessa
455 5512 586 5566 mihi
642 5512 819 5567 inerat
865 5511 931 5584 ad
990 5526 1113 5567 eum
1162 5512 1216 5567 in
1264 5513 1413 5568 brevi
1461 5527 1717 5583 pergere,

140 5619 367 5676 eumque
396 5603 582 5658 videre
609 5613 663 5657 et
685 5604 894 5667 audire,
918 5619 1216 5673 omnesque
1241 5602 1403 5659 animi
1432 5604 1534 5659 mei
1556 5612 1717 5659 aestus

138 5698 190 5757 id
237 5697 389 5751 illum
450 5696 738 5752 refundere
782 5706 837 5752 et
882 5697 1160 5752 vobiscum
1209 5698 1309 5753 sub
1355 5697 1473 5768 ejus
1522 5696 1715 5751 ducatu

140 5802 337 5855 sanctae
379 5791 638 5848 Trinitati
666 5786 908 5862 cbcdire,
930 5793 1072 5849 ultra
1103 5808 1262 5865 quam
1285 5791 1463 5849 dicere
1488 5791 1714 5864 possim,

1828 613 2065 668 retinere
2094 615 2240 683 potui
2272 614 2514 670 habenas
2541 613 2684 669 ultro
2721 614 3101 685 proﬂuentium
3133 617 3404 688 lacryma-

1829 718 1968 768 rum.
1992 702 2320 771 Mainardus,
2346 704 2585 773 inquam,
2611 718 2711 773 ego
2742 704 2793 758 in
2821 703 3184 760 Cormariensi
3213 722 3405 761 monas

1828 794 2069 849 nasterio
2124 794 2516 849 monachorum
2576 794 2930 864 plurimormn
2986 796 3238 859 nomine,
3299 813 3404 852 non

1826 899 2009 955 opere,
2036 886 2204 954 prior,
2221 883 2513 939 Remorum
2535 884 2774 939 civitatis
2794 886 3055 938 oriundus
3076 883 3176 949 fui,
3202 886 3405 941 domini

1827 978 1988 1046 hujus
2038 975 2309 1036 Brunonis
2360 976 2565 1045 aliquot
2618 976 2776 1030 annis
2827 975 3130 1031 doctrinam
3183 976 3398 1041 audivi,

1827 1065 2043 1136 Deoque
2070 1067 2303 1133 volente,
2332 1068 2619 1120 admodum
2648 1066 2875 1136 profeci,
2909 1084 2930 1121 ι
2966 1076 3074 1121 etc.

1898 1157 2021 1212 l00.
2068 1157 2275 1225 Quibus
2311 1158 2492 1212 verbis
2540 1159 2782 1228 profecto
2830 1159 3399 1221 vehementissimam,

1828 1264 1933 1318 qua
1958 1248 2263 1314 tenebatur,
2295 1247 2353 1303 8.
2385 1247 2714 1313 Brunonem,
2764 1250 2807 1305 si
2842 1250 3044 1305 diutius
3072 1249 3160 1305 hic
3190 1249 3241 1302 in
3268 1248 3406 1301 vivis

1828 1338 2022 1396 fuisset
2051 1348 2355 1411 superstes,
2386 1340 2616 1395 adeundi
2644 1338 2867 1410 ejusque
2889 1342 3113 1412 vestigia
3144 1341 3401 1410 sequendi

1826 1432 1991 1486 animi
2020 1430 2436 1501 propensionem
2466 1441 2882 1497 commonstrat;
2915 1447 3017 1487 nec
3046 1432 3398 1487 dubitandum

1827 1531 2077 1591 apparet,
2105 1522 2235 1592 quin
2261 1522 2345 1577 vir
2376 1522 2495 1586 ille,
2539 1522 2629 1593 qui
2660 1521 2991 1577 voluntatem
3021 1522 3086 1576 ad
3125 1532 3401 1578 austerum

1826 1621 2183 1682 sanctumque
2222 1627 2251 1666 a
2286 1612 2572 1678 Brunone,
2614 1613 2873 1683 magistro
2917 1612 3044 1667 olim
3078 1629 3209 1677 suo,
3247 1612 3435 1668 insti-‘

1829 1712 2002 1757 tutum
2033 1702 2245 1759 vivendi
2274 1716 2444 1774 genus
2478 1703 2791 1758 inclinatam
2816 1704 2949 1758 adeo
2980 1702 3200 1762 habuit,
3230 1702 3404 1755 virtu-

1829 1802 1939 1848 tum
1967 1794 2231 1850 esercitio
2255 1794 2495 1849 animum
2519 1794 2704 1850 sedulo
2726 1794 3044 1850 excoluerit.
3071 1792 3226 1848 Tales
3250 1792 3403 1845 fuere

1751 1869 1796 1949 Β
1827 1883 1885 1939 8.
1931 1884 2200 1941 Brunonis
2227 1884 2471 1954 discipuli
2498 1925 2512 1950 ,
2562 1899 2698 1954 quos
2740 1882 2966 1953 proinde
2996 1881 3083 1936 hic
3111 1882 3307 1936 virtute
3338 1896 3403 1935 ac

1828 1989 2039 2029 morum
2069 1975 2338 2045 probitate
2376 1990 2480 2029 non
2512 1976 2709 2038 minus,
2739 1989 2900 2044 quam
2934 1973 3186 2043 perituris
3217 1973 3400 2039 mundi

1826 2067 2068 2121 scientiis
2100 2066 2505 2122 verosimillime
2544 2066 2868 2121 informarit.
2904 2065 2970 2120 Et
2998 2064 3235 2119 adhunc
3264 2062 3403 2119 forte

1826 2157 2015 2212 Sancti
2045 2158 2533 2217 commendandum
2566 2157 2799 2214 maxime
2825 2158 2875 2211 in
2908 2156 3152 2213 docendo
3185 2158 3403 2211 modum

1824 2247 2108 2302 alluserint
2145 2248 2200 2302 in
2249 2264 2381 2311 suo,
2422 2250 2511 2318 qui
2561 2251 2705 2304 inter
2744 2248 3079 2303 recudendos
3119 2249 3293 2305 locum
3330 2249 3391 2302 Gl

1823 2340 2062 2405 obtinet,
2096 2339 2307 2394 funebri
2355 2339 2534 2394 Titqu
2580 2340 2870 2396 llcmenses
2908 2340 2964 2395 S.
3008 2341 3246 2412 Diongsii
3277 2356 3398 2399 eto-

1824 2430 1984 2485 nachi
2009 2431 2081 2485 ita
2115 2433 2182 2487 de
2215 2430 2469 2487 Brunone
2500 2441 2760 2487 canentes
2791 2450 2805 2486 :

1898 2523 2163 2589 Quattuor
2183 2534 2236 2577 ut
2263 2524 2456 2592 fontes,
2479 2541 2543 2577 ex
2569 2542 2673 2578 una
2701 2535 2852 2594 parte
2870 2534 3129 2590 meantes,

1898 2613 2041 2679 Quos
2069 2615 2350 2684 paradisus
2387 2615 2570 2680 habet,
2614 2616 2795 2669 mundi
2828 2632 2919 2683 per
2955 2631 3110 2686 regna
3140 2615 3395 2684 ﬂuentes,

1896 2708 2185 2762 Exundant
2218 2718 2407 2773 terras,
2432 2706 2507 2762 sic
2528 2708 2632 2769 hic,
2662 2723 2795 2777 quos
2818 2708 3025 2773 imbuit,
3056 2718 3240 2774 ornat,

1895 2798 2083 2870 Implet
2118 2811 2165 2854 et
2196 2800 2473 2870 informat,
2498 2801 2815 2871 inﬂammat,
2843 2798 3043 2870 dirigit,
3070 2807 3263 2870 armat,

1897 2890 2054 2945 Cadit
2081 2902 2126 2945 et
2153 2891 2406 2955 illustrat,
2433 2900 2480 2945 et
2503 2891 2675 2944 adhuc
2708 2892 2861 2960 regit,
2885 2891 3098 2954 excolit,
3123 2900 3292 2954 aptat.

1897 2980 2117 3050 Syderis
2143 2982 2312 3035 instar
2337 2989 2448 3035 erat
2480 2980 2706 3044 cunctis,
2736 2996 2864 3050 quos
2896 2982 3003 3050 ipse
3028 2979 3270 3033 docebat.

1898 3072 2018 3137 lOl.
2049 3072 2159 3128 Nec
2188 3072 2317 3128 solis
2340 3071 2541 3135 verbis,
2566 3071 2867 3127 doctrinam
2887 3070 3043 3125 simul
3071 3079 3121 3125 et
3147 3070 3403 3125 virtutem

1827 3162 2193 3230 spirantibus,
2236 3161 2503 3216 efﬁciebat
2535 3160 2798 3227 Sanctus,
2833 3170 2892 3215 ut
2930 3170 3041 3215 tum
3082 3162 3253 3224 hanc,
3286 3169 3400 3213 tum

1826 3254 1969 3307 illam
1998 3254 2154 3308 avide
2192 3254 2473 3308 haurirent
2500 3252 2785 3323 discipuli;
2818 3266 3003 3307 verum
3048 3252 3212 3306 etiam
3252 3253 3320 3306 ad
3353 3252 3404 3306 id

1827 3345 2026 3399 eximia
2059 3359 2272 3400 morum
2301 3344 2616 3410 honestate,
2648 3344 2896 3414 rarisque
2926 3342 3249 3407 virtutibus,
3286 3359 3406 3413 quae

1825 3444 1936 3491 tum
1964 3436 2016 3491 in
2047 3451 2112 3492 eo
2146 3435 2396 3503 eluxere,
2430 3452 2536 3492 non
2586 3452 2773 3507 parum
2832 3434 3164 3491 conferebat.
3200 3435 3265 3488 Et
3292 3450 3407 3487 mo-

1825 3543 1944 3583 rum
1970 3528 2189 3597 quidem
2219 3528 2498 3591 honestas,
2530 3543 2634 3598 qua
2668 3537 2780 3582 tum
2811 3526 2994 3580 Bruno
3028 3540 3147 3579 sese
3173 3525 3405 3577 reddidit

1823 3619 2211 3688 conspicuum,
2262 3620 2315 3674 in
2363 3619 2544 3674 'l‘ilulo
2598 3619 2811 3674 funebri
2861 3617 2959 3678 66,
3008 3616 3098 3687 qui
3147 3614 3404 3670 Ecclesia:

1825 3710 2155 3765 cathedralis
2183 3710 2243 3765 S.
2282 3709 2463 3765 Maria:
2490 3709 2900 3774 Landtmensis,
2936 3709 2989 3763 in
3023 3706 3400 3763 archidiwcesi

1825 3800 2079 3856 Remensi
2112 3802 2253 3866 siue,
2287 3812 2391 3865 est,
2426 3803 2499 3857 ita
2529 3802 2871 3857 celebratur:

1834 3890 1837 3893 ’
1894 3893 2103 3957 Bruno,
2126 3894 2283 3947 decus
2310 3893 2457 3958 cleri,
2486 3893 2643 3947 decus
2673 3904 2719 3947 et
2745 3891 3021 3963 prudentia
3050 3889 3260 3952 mumli,

1895 3985 2033 4040 Dum
2064 3986 2164 4056 fuit
2189 3987 2241 4038 in
2267 3986 2443 4050 terris,
2473 3986 2691 4055 ﬂorebat
2714 3985 2953 4037 acumine
2981 3986 3188 4047 mentis,

1892 4078 2031 4132 Dum
2063 4078 2161 4147 [ait
2189 4080 2327 4132 inter
2354 4095 2469 4142 nos,
2501 4078 2719 4148 ﬂorebat
2741 4087 2789 4130 et
2820 4076 3191 4130 documentis-

1896 4168 2181 4238 Integritas
2206 4184 2409 4222 morum
2440 4167 2705 4221 cumulum
2729 4168 2982 4234 supplevit
3012 4165 3290 4220 honorum.

1834 4258 1951 4314 lluc
1971 4261 2134 4313 etiam
2181 4259 2381 4315 faciunt
2416 4258 2576 4312 Tituli
2619 4257 2872 4311 funebres
2899 4255 2966 4309 9.9
2993 4264 3044 4307 et
3077 4254 3165 4317 3i,
3193 4253 3243 4307 in
3271 4267 3404 4320 quo-

1824 4368 1942 4406 rum
1984 4351 2181 4420 priori,
2223 4353 2312 4420 qui
2356 4351 2569 4405 Sanctm
2609 4348 2801 4403 Crucis
2832 4347 3127 4413 Sunt‘iique
3177 4343 3403 4396 Far-mis

1829 4442 2119 4499 Meldensis
2147 4452 2256 4508 est,
2288 4442 2640 4511 sequentibus
2682 4439 2831 4494 hisce
2860 4437 3141 4492 versiculis
3172 4437 3404 4490 Sanctus
3457 4472 3460 4476 λ

1755 4550 1797 4607 Ι)
1823 4546 2047 4591 ornatur
2071 4550 2085 4588 :

1891 4629 2140 4697 Cognitus
2167 4628 2263 4680 iste
2283 4626 2410 4680 satis
2432 4624 2672 4679 doctrina
2700 4633 2813 4678 erat
2837 4632 2992 4693 atque
3017 4620 3179 4675 beatis
3236 4662 3237 4665 η

1894 4720 2127 4774 Moribus
2156 4727 2202 4772 et
2233 4718 2335 4771 vita
2362 4715 2542 4769 Bruno
2567 4715 2773 4784 sapiens
2801 4714 3050 4777 eremila;

1893 4811 2177 4880 Principiis
2207 4808 2406 4879 primis,
2440 4809 2658 4862 summis
2682 4806 2910 4877 fulgebat
2938 4816 2986 4859 et
3014 4804 3153 4868 imis,

1895 4901 2018 4955 Post
2061 4900 2349 4955 monachus
2381 4899 2573 4968 factus.

1821 4994 1879 5049 lu
1908 4992 2217 5063 posteriori,
2243 4991 2311 5044 ab
2336 4990 2576 5045 Ecclesia
2605 4987 2662 5043 S.
2698 4987 2882 5044 Mariae
2904 4984 3228 5042 Carnotcusi
3263 4983 3419 5038 seri--

1821 5094 1931 5154 pto,
1961 5082 2079 5137 istis
2109 5081 2502 5137 condecoratur
2529 5079 2783 5149 epithetis
2808 5096 2822 5132 :

1927 5175 2135 5237 Justus,
2162 5173 2416 5234 sincerus,
2456 5186 2663 5223 morum
2696 5168 2896 5239 gravite
2922 5182 3150 5222 severus.

1892 5265 2017 5321 102.
2043 5264 2194 5331 Quod
2221 5274 2400 5318 autem
2431 5263 2496 5317 ad
2524 5262 2773 5326 virtutes,
2805 5276 2925 5331 quae
2953 5261 3007 5316 in
3032 5274 3099 5314 eo
3124 5269 3236 5312 tum
3268 5254 3404 5308 emi-

1820 5373 2003 5423 cuere,
2027 5357 2280 5427 pertinet,
2304 5354 2662 5410 Cartusianus
2698 5367 3023 5424 anonymus,
3068 5349 3159 5421 qui
3203 5348 3399 5401 librum

1820 5456 2071 5516 quartum
2103 5444 2393 5499 Annalium
2424 5444 2643 5500 Ordinis
2683 5442 2786 5509 sui,
2813 5444 3079 5498 hactenus
3126 5455 3234 5494 non
3285 5440 3397 5492 vui:

1819 5548 2001 5607 gntum
2057 5552 2328 5607 penesque
2386 5550 2474 5592 me
2524 5544 2860 5599 exstantem,
2926 5532 3174 5602 scripsit,
3237 5530 3399 5586 hasce

1820 5630 2085 5701 simulque
2124 5629 2400 5700 insignes,
2450 5630 2649 5699 quibus
2696 5629 2930 5682 Sanctus
2995 5636 3107 5681 tum
3173 5624 3394 5684 effulsit.

1821 5720 1986 5777 animi
2043 5722 2196 5777 dotes
2242 5736 2272 5776 e
2324 5722 2488 5777 variis
2534 5720 2851 5775 funebribus
2900 5719 3019 5789 eius
3074 5718 3270 5776 Titulis
3325 5716 3393 5769 oh

1818 5814 2025 5880 oculos
2053 5815 2354 5883 positurus,
2420 5815 2488 5869 ita
2550 5812 2825 5882 loquitur:
2870 5834 2885 5865 ι
2919 5812 3108 5871 Not-ari
3158 5810 3394 5869 maxime
