3862 6310
482 379 558 437 63
1288 381 1347 436 S.
1388 382 1737 440 BRUNONIS
1775 382 2070 439 CAll'l'llUi

2185 379 2418 438 .N'Dllli‘ll
2464 380 2947 437 INSTITUTORIS
3684 378 3757 434 61
3836 457 3838 459 ’

482 507 577 549 me
604 501 852 562 possunt,
887 512 903 543 ι
922 508 1042 561 qua:
1069 494 1120 546 in
1138 492 1385 547 Brutone
1409 496 1712 561 eluxerunt,
1738 515 1755 548 t
1777 498 2062 566 sapientia,

2185 523 2473 570 ronventns
2506 515 2863 571 Nioliensium
2895 522 3119 569 vocatur
3163 494 3604 584 incomparabilis
3633 514 3760 585 phi-

493 582 771 647 facundia,
793 583 1029 653 gravitas
1054 598 1083 635 a
1116 582 1253 637 fastu
1279 584 1477 652 aliena,
1510 602 1717 641 tuorum
1744 588 1983 642 suavitas
2009 599 2065 641 et

489 675 794 744 integritas,
846 675 1089 728 doctrina
1141 675 1667 745 irrcprehensibilis,
1695 678 1801 732 rita
1836 679 2065 747 denique

488 764 837 834 exemplaris,
883 763 949 818 ad
979 762 1131 833 cujus
1167 766 1340 820 itleatn
1384 768 1535 837 probi
1566 771 1762 837 quique
1793 767 2063 823 effortnari

489 869 546 910 et
600 873 727 912 suos
762 871 1099 927 componere
1128 872 1307 913 mores
1344 876 1449 915 non
1498 860 1825 930 refugerent.
1864 860 2063 916 [larum

495 950 753 1003 Virtutum
813 948 1162 1003 corollarium
1216 950 1307 1007 hic
1363 951 1638 1006 succincte
1702 952 2067 1022 perstringere

493 1038 625 1091 libet
676 1054 740 1094 ex
781 1038 1024 1107 ejusdem
1081 1040 1274 1094 Titulis
1319 1040 1652 1107 funebribus,
1696 1059 1801 1097 non
1849 1044 2066 1112 quidem

486 1143 700 1193 carum,
746 1145 865 1197 qua:
898 1130 950 1184 in
994 1145 1061 1185 eo
1105 1140 1225 1199 post
1252 1133 1657 1187 conversionem
1705 1122 2069 1189 abundantius

487 1230 545 1273 et
578 1220 870 1289 perfectius
913 1223 1183 1288 enituere,
1228 1224 1325 1280 sed
1364 1226 1625 1283 virtutum
1667 1226 2065 1291 tantummodo,

488 1310 687 1380 quibus
712 1312 767 1366 in
794 1313 993 1369 saeculo
1015 1314 1191 1370 adhuc
1211 1315 1419 1385 positus
1445 1316 1560 1370 orbi
1580 1317 1879 1373 irradiavit.
1900 1337 1920 1371 ι
1943 1317 2070 1373 Ηωε

489 1403 745 1470 praefatus
803 1422 917 1460 rem
965 1408 1135 1477 ipsam
1178 1423 1302 1463 mox
1336 1408 1666 1479 aggreditur.
1707 1408 1884 1466 Verba
1929 1412 2067 1480 ejus,

494 1492 687 1549 Titulis
710 1496 1046 1562 funebribus,
1088 1514 1223 1567 quos
1263 1499 1417 1563 citat,
1446 1514 1703 1554 numeros
1730 1501 1912 1567 simul,
1957 1502 2069 1572 qui-

498 1588 598 1641 ltus
625 1589 817 1658 singuli
865 1591 1006 1645 inter
1034 1592 1270 1646 edendos
1313 1590 1735 1661 distinguuntur,
1771 1609 2067 1664 apponens,

492 1676 596 1730 huc
624 1680 943 1735 transcribo.
971 1680 1062 1735 Sic
1093 1681 1320 1735 habent:
1355 1699 1375 1733 ί
1402 1681 1528 1753 Ejus
1550 1680 2067 1756 (Bruuonisncmpc)

494 1769 844 1835 sapientiam,
879 1771 1184 1825 doctrinam
1227 1784 1282 1825 et
1310 1776 1474 1826 vitam
1514 1775 1875 1844 exetnplaretu
1921 1791 2070 1830 com—

487 1860 707 1915 mendat
727 1861 941 1916 Titulus
991 1863 1094 1924 112
1139 1864 1313 1918 sancti
1344 1864 1489 1920 Petri
1526 1863 1937 1923 Neuesslt‘ensis
1984 1868 2069 1925 bis
2098 1880 2144 1938 Β

484 1950 694 2018 paucis,
728 1952 822 2005 sed
850 1953 1101 2019 succidis,
1136 1953 1418 2008 versibus:
1459 1973 1476 2006 ι

668 2041 785 2105 Quo
807 2044 933 2097 vixit
958 2061 1113 2114 pago,
1140 2047 1312 2100 virens
1344 2049 1628 2117 permansit
1652 2051 1826 2121 imago

674 2131 823 2188 Vera:
848 2135 1099 2205 justitiar,
1127 2138 1400 2202 doctrinm,
1427 2138 1806 2209 Pltilosophite.

564 2224 738 2280 «103.
790 2226 858 2281 Et
905 2228 958 2283 in
1010 2228 1191 2286 Titulo
1238 2230 1300 2286 51
1351 2230 1597 2287 ecclesiae
1636 2232 1849 2289 Sutcta:
1889 2234 2071 2293 Maria:

488 2315 841 2374 Carnotensis
862 2336 875 2373 :

562 2406 815 2464 Ecclesia:
848 2427 1029 2467 murus
1053 2411 1234 2469 Bruno
1259 2415 1361 2484 fuit
1389 2418 1533 2472 haud
1566 2420 1822 2487 ruiturus,

570 2496 712 2553 Nam
745 2501 910 2556 bonus
944 2513 1098 2573 atque
1123 2505 1226 2575 pice
1250 2509 1436 2562 mentis
1458 2508 1581 2578 fuit,
1616 2521 1770 2581 atque
1798 2512 1996 2583 sophia:

558 2588 755 2644 Doctor
778 2601 892 2645 erat
915 2609 1086 2661 uerus,
1116 2602 1222 2650 etc.

572 2699 590 2731 ‹
627 2683 693 2735 Et
719 2694 839 2752 post
885 2686 938 2739 in
973 2686 1257 2743 versiculis
1286 2689 1627 2748 scholaribus
1679 2693 1860 2748 Titulo
1884 2694 1955 2750 δί
1982 2709 2073 2748 ea-

488 2769 615 2824 dem
662 2787 769 2841 non
808 2773 979 2829 solum
1022 2778 1406 2846 praedicantur,
1439 2782 1533 2837 sed
1583 2791 1637 2838 et
1686 2784 2072 2854 magnitudinis

493 2863 665 2917 animi
690 2866 807 2935 ejus
838 2867 1209 2925 testimonium
1234 2871 1576 2941 perhibetur,
1609 2890 1731 2931 cum
1772 2876 1968 2933 ibidem
1990 2876 2073 2935 di-

481 2957 667 3013 citur:

554 3045 691 3102 Flos
713 3060 828 3104 erat
857 3051 942 3105 hic
969 3048 1211 3121 Palmm,
1244 3054 1516 3124 solamem,
1548 3058 1719 3130 gloria
1743 3060 1991 3131 fratrum,

582 3136 704 3192 Veri
723 3150 953 3196 sectator
984 3183 1000 3209 ,
1026 3145 1218 3200 divina:
1241 3146 1369 3218 legis
1399 3158 1625 3216 amator,

564 3227 765 3283 Semita
780 3232 1027 3301 justitiw,
1065 3236 1184 3305 fons
1206 3238 1288 3290 hic
1309 3249 1355 3292 et
1380 3241 1525 3308 origo
1554 3243 1771 3310 sophiae,

564 3316 702 3384 Lux,
738 3322 1008 3389 speculum
1040 3327 1247 3391 mundi,
1278 3344 1453 3381 rerum
1480 3329 1701 3385 sublime
1730 3348 1998 3398 cacumen,

564 3408 857 3466 Labeatum
881 3414 1119 3481 baculus,
1148 3418 1461 3472 miserorum
1488 3421 1639 3476 dulce
1661 3422 1918 3479 levamen.

561 3497 677 3552 Nec
688 3518 828 3556 mens
840 3504 1010 3573 fracta
1026 3505 1180 3560 malis
1190 3547 1202 3569 ,
1218 3523 1310 3562 nec
1323 3520 1435 3563 erat
1451 3510 1604 3564 nimis
1617 3511 1725 3566 altu
1740 3516 2003 3570 secundis.

565 3608 584 3641 ε
634 3591 729 3647 llis
781 3594 1139 3665 adstipulatur
1207 3597 1419 3657 Titulus
1482 3601 1584 3656 l50
1630 3602 1845 3659 Sanctae
1896 3605 2078 3663 Maria:

486 3680 800 3750 BujOCBﬂSlS
830 3686 1072 3743 ecclesia:
1105 3706 1120 3743 :

568 3776 818 3831 Solamen
845 3779 1094 3848 fratrum,
1126 3792 1326 3839 sancta:
1350 3786 1556 3842 virtutis
1582 3798 1814 3856 amator,

559 3867 615 3920 Μ
623 3886 772 3922 orum
798 3882 1059 3926 corrector
1072 3875 1276 3944 justus,
1312 3877 1397 3947 pia
1428 3896 1542 3948 spes
1571 3882 1903 3949 miserorum,

564 3959 803 4016 Iustitia:
836 3975 1024 4030 rector,
1055 3980 1226 4022 custos
1257 3979 1304 4023 et
1332 3971 1521 4041 ubique
1551 3973 1836 4041 bonorum;

571 4049 814 4107 Moribus
848 4066 1064 4110 ornatus
1081 4074 1101 4122 ;
1137 4075 1225 4112 vas
1247 4070 1296 4115 et
1324 4065 1533 4130 plenum
1556 4064 1789 4133 pietatis,

565 4142 803 4200 Fortiter
823 4159 1062 4204 armatus
1091 4151 1271 4221 clypeo
1303 4169 1437 4208 cera:
1465 4156 1761 4224 probitatis.

568 4253 588 4287 t
618 4236 741 4291 101.
770 4237 875 4293 Sed
900 4240 1077 4295 nullus
1102 4242 1423 4311 sapientiam
1447 4244 1564 4312 ejus
1585 4244 1657 4299 ita
1683 4247 2079 4304 commendavit.

490 4342 559 4383 ac
608 4328 932 4387 Latntertus
974 4334 1144 4389 abbas
1185 4334 1372 4390 Sancti
1415 4336 1619 4392 Nicolai
1654 4340 2073 4411 Attdegarensis,

488 4423 583 4491 qtti
610 4423 665 4477 iu
698 4440 797 4479 suo
818 4425 1000 4481 Titulo
1030 4428 1121 4481 151
1157 4428 1235 4484 sic
1269 4428 1545 4498 loquitur:

562 4552 605 4570 ..
638 4515 970 4574 ...Brunonis
996 4522 1252 4589 sapientia
1276 4532 1424 4575 tanta
1458 4521 1682 4592 refulsit,

640 4602 790 4659 Inter
817 4605 1149 4662 Francorum
1174 4609 1361 4680 sydera
1387 4612 1530 4665 solus
1556 4622 1609 4665 ut
1631 4613 1717 4666 hic

562 4696 715 4752 Esset
755 4712 1060 4754 cunctorum
1079 4703 1200 4770 flos,
1233 4712 1282 4757 et
1300 4702 1418 4772 fons
1451 4704 1879 4774 philosophorum
1908 4722 1929 4761 :

602 4789 731 4844 Flos
764 4795 1029 4861 speciosus
1057 4804 1191 4858 erat,
1230 4795 1450 4864 forisque
1474 4796 1768 4864 profundus
1799 4807 1933 4851 erat.

568 4880 656 4935 Ea:
687 4882 782 4935 hoc
810 4885 1040 4937 manavit
1068 4886 1327 4954 sapientia
1354 4895 1501 4939 tanta
1526 4902 1615 4952 per
1644 4886 1839 4953 orbem,

644 4962 712 5019 Ut
737 4985 868 5038 quos
899 4970 1172 5035 imbueret,
1208 4971 1542 5041 philosophos
1569 4971 1782 5039 faceret.

571 5078 593 5112 ι
628 5059 841 5126 Quanta
876 5061 1040 5117 fuerit
1085 5063 1204 5134 ejus
1250 5063 1451 5133 ingenii
1484 5063 1811 5128 sublimitas,
1844 5064 1972 5121 licet
2010 5081 2078 5122 ex

492 5153 712 5221 scriptis
743 5151 813 5208 ab
839 5169 904 5209 eo
930 5154 1081 5210 libris
1108 5167 1236 5210 ante
1266 5155 1678 5211 conversionem
1709 5159 1880 5224 possit
1922 5158 2079 5235 inno-

495 5254 721 5307 tescere,
752 5251 1082 5300 attestantur
1109 5248 1277 5302 etiam
1301 5246 1574 5300 variarum
1610 5246 1959 5303 ecclesiarum
1984 5234 2076 5303 Ti—

494 5337 652 5400 t‘.tuli,
708 5339 852 5393 inter
877 5353 1016 5408 quos
1063 5342 1141 5395 sic
1173 5339 1407 5394 habetur
1435 5340 1489 5393 in
1528 5339 1710 5395 Titulo
1756 5340 1825 5396 66
1864 5340 2078 5398 Sancta:

493 5428 675 5486 Maria:
699 5432 1072 5487 Laudariensis
1099 5450 1111 5486 :

562 5522 767 5588 Brutto,
804 5527 964 5581 decus
997 5525 1143 5591 cleri,
1191 5527 1349 5582 decus
1381 5537 1428 5583 et
1466 5528 1748 5595 prudentia
1765 5529 1967 5593 mundi,

564 5615 701 5671 Dum
730 5617 829 5687 fuit
855 5620 908 5673 iu
939 5622 1112 5682 terris.
1142 5619 1366 5690 ﬂorebat
1394 5620 1638 5675 acumine
1666 5620 1877 5686 mentis,

567 5708 703 5763 Dum
729 5711 829 5780 fuit
853 5715 987 5766 inter
1016 5730 1130 5778 nos,
1159 5712 1379 5782 ﬂorebat
1408 5721 1456 5767 et
1486 5712 1832 5767 documentis.

574 5818 592 5852 t
630 5801 751 5858 105.
776 5802 843 5857 Et
873 5803 926 5858 in
953 5803 1131 5860 Titulo
1193 5804 1290 5861 1ἷὸ
1330 5803 1573 5862 ecclesia:
1612 5804 1754 5859 beati
1809 5800 2077 5860 Vincctttii

2098 3217 2145 3280 C

2169 589 2449 677 losoph‘tts,
2487 608 2578 661 ubi
2623 616 2679 662 ct
2722 607 3007 661 subditur:
3050 604 3221 673 «Quis
3241 607 3383 659 enim
3429 623 3536 660 non
3567 609 3765 661 obstu-

2171 707 2443 766 peseet'et,
2505 696 2613 749 imo
2660 698 2725 751 ab
2766 696 2972 750 intimis
3007 697 3187 751 cordis
3217 712 3321 751 non
3352 697 3763 767 ingemisceret,

2174 804 2297 840 (τιιιη
2328 775 2541 842 tant-um
2576 789 2768 853 rit-um,
2805 790 2967 843 totius
2996 789 3236 844 scientiae
3265 799 3321 844 et
3344 805 3482 861 pene
3513 790 3764 844 omnium

2170 876 2492 941 clericorurn
2546 878 2722 933 lumen
2775 889 2830 933 et
2889 879 3323 946 fundamentum,
3381 890 3590 934 natura:
3626 895 3763 933 con-

2168 966 2400 1021 cessisse
2436 968 2715 1025 andiret?»
2763 968 2969 1036 Quibus
2992 967 3386 1041 Nauclerus(iu
3413 969 3769 1039 Chronogra-

2170 1058 2295 1128 [tilia
2324 1057 2430 1111 vol.
2470 1058 2537 1122 ll,
2564 1058 2822 1115 General.
2855 1058 2946 1129 57)
2978 1058 3275 1114 conformis
3321 1061 3588 1124 scribens.
3628 1062 3766 1117 beao

2175 1158 2286 1203 tutu
2323 1150 2631 1206 Brunonem
2682 1151 3031 1221 philosophiae
3084 1161 3247 1223 atque
3303 1152 3485 1208 Sacrae
3539 1152 3765 1224 Pagina:

2172 1243 2450 1297 doctorem
2494 1244 2902 1311 clarissimum,
2945 1244 3499 1315 scholasticorumque
3530 1244 3770 1301 Parisiis

2178 1334 2362 1403 (hicne
2412 1351 2670 1405 umquam
2719 1335 2900 1390 Bruno
2953 1335 3218 1399 docuerit,
3265 1334 3402 1389 infra
3461 1337 3767 1407 inquirant)

2171 1425 2449 1481 docturezu
2490 1428 2935 1483 dissertissimtttn
2964 1428 3270 1499 appellavit.
3299 1427 3376 1483 Ne
3421 1437 3600 1483 autem
3657 1444 3757 1483 ar-

2174 1517 2407 1573 bitretur
2435 1521 2556 1590 quis
2587 1520 2712 1576 huic
2751 1529 2943 1575 sancto
2975 1520 3181 1575 doctori
3212 1519 3448 1591 linguam
3479 1520 3766 1575 eruditam

2172 1609 2430 1675 defuisse,
2466 1627 2569 1682 qua
2594 1612 2759 1667 sciret
2802 1621 3108 1667 sustentare
3137 1626 3291 1677 eum,
3322 1611 3412 1681 qtti
3458 1611 3636 1665 lassus
3655 1620 3768 1677 est,

2171 1701 2377 1766 verbo;
2416 1703 2734 1774 accipiatex
2760 1701 2939 1758 Titulo
2990 1702 3059 1756 64
3089 1712 3399 1758 sanctorum
3453 1711 3770 1774 martyrum

2173 1790 2443 1847 Timothei
2469 1803 2520 1847 et
2549 1794 2933 1864 Appollinaris,
2968 1794 3019 1848 in
3056 1809 3162 1863 quo
3191 1794 3269 1848 sic
3294 1793 3526 1863 legitur:
3574 1866 3577 1869 Α

2246 1879 2426 1951 Hujus
2452 1882 2694 1938 Dactoris
2718 1884 2818 1954 fuit
2853 1885 2963 1939 huic
2991 1884 3067 1939 vis
3104 1883 3277 1938 cordis
3302 1893 3349 1937 et
3378 1885 3506 1947 oris,

2246 1970 2314 2025 Ut
2347 1983 2456 2026 toto
2502 1985 2715 2029 cunctos
2763 1985 3033 2045 superaret
3086 1975 3143 2029 in
3183 1975 3304 2028 orbe
3344 1975 3653 2044 magistros.

2246 2061 2469 2118 Huic-se
2497 2075 2605 2118 tota
2629 2066 2768 2119 dedit
2801 2066 3059 2135 sapientia
3087 2074 3298 2136 totaque
3326 2064 3456 2120 sedit

2246 2154 2426 2224 Hujus
2446 2156 2500 2209 in
2542 2159 2752 2211 arcanis
2783 2158 2923 2212 dices
2961 2156 3311 2227 penetralibus
3339 2158 3544 2226 hospes.

2246 2245 2400 2311 Quod
2444 2248 2587 2313 dico,
2618 2250 2756 2313 novi,
2789 2265 2989 2303 mecum
3027 2264 3231 2319 quoque
3259 2245 3493 2302 Francia
3525 2249 3695 2313 novit,

2245 2337 2312 2392 Et
2348 2348 2487 2394 totus
2510 2342 2645 2394 novit
2667 2357 2759 2411 per
2781 2341 2993 2394 climata
3014 2349 3243 2411 quatuor
3269 2340 3426 2394 orbis.

2251 2448 2270 2482 ι
2330 2431 2455 2486 106.
2484 2431 2592 2488 Nec
2634 2432 2808 2487 solum
2847 2433 3031 2497 verbo,
3078 2432 3221 2503 quod
3270 2447 3495 2502 parvum
3546 2432 3771 2499 fuisset,

2179 2522 2273 2577 sed
2299 2524 2550 2594 exemplo
2585 2523 2720 2578 alios
2744 2525 2992 2588 docebat,
3023 2534 3081 2578 ut
3111 2539 3173 2578 ex
3207 2524 3530 2594 quibusdam
3565 2524 3775 2581 Titulis

2175 2615 2476 2673 discimus:
2508 2617 2587 2672 sic
2612 2616 2759 2672 enim
2790 2617 3018 2688 legimus
3057 2616 3111 2672 itt
3139 2616 3317 2673 Titulo
3368 2617 3470 2672 l20
3516 2618 3811 2699 ecclesia).

2175 2705 2362 2762 Sancti
2393 2708 2689 2763 Audomari
2714 2726 2727 2763 :

2245 2797 2561 2869 Exemplum
2592 2799 2793 2854 miseris
2817 2799 3126 2855 mortalibus
3151 2817 3260 2855 esse
3285 2800 3509 2866 solebas,

2251 2888 2319 2944 Ut
2346 2889 2570 2945 colerent
2599 2889 2884 2959 Christum,
2910 2907 3062 2961 quem
3093 2908 3313 2962 semper,
3340 2890 3599 3035 Βηῗηοῐώ

3456 2979 3516 3016 co

3456 2979 3691 3019 εοιεοαι.

2244 3052 2315 3111 Ει
2334 3054 2387 3108 in
2416 3052 2595 3108 Titulo
2625 3053 2726 3108 124
2749 3051 2966 3108 Sanctae
2991 3050 3175 3107 Maria:
3207 3054 3579 3109 Atrebatensis
3596 3071 3618 3109 ε

2254 3146 2430 3201 Rectaa
2455 3147 2638 3200 Bruno
2676 3146 2771 3200 rite
2801 3147 2912 3199 dua:
2936 3155 2983 3199 et
3014 3146 3162 3215 origo
3186 3146 3385 3215 sophia:

2320 3238 2446 3293 Non
2473 3239 2627 3291 aliter
2650 3238 2847 3303 docuit,
2875 3237 3040 3291 vivere
3065 3254 3219 3307 quam
3256 3238 3476 3292 studuit.
3515 3258 3534 3291 ι

2248 3330 2524 3386 Hactenus
2563 3328 2815 3383 laudatus
2840 3328 3237 3383 Cartltusianus
3264 3342 3594 3400 anonymus;
3630 3328 3771 3387 licet

2181 3430 2363 3477 autem
2406 3421 2460 3474 in
2500 3420 2774 3485 omnibus,
2825 3434 2962 3489 quos
2986 3418 3189 3485 laudat,
3217 3417 3409 3473 Titulis
3440 3418 3773 3476 funebribus

2181 3514 2249 3568 ad
2284 3512 2512 3568 virtutes
2564 3524 2826 3579 rarasque
2852 3509 3019 3564 animi
3055 3509 3227 3573 dotes,
3263 3523 3492 3577 quarum
3523 3508 3773 3565 Sanctus

2183 3613 2329 3665 tunc.
2362 3618 2484 3661 cum
2526 3602 2704 3656 adhuc
2751 3600 2976 3656 docendi
3018 3615 3221 3654 munus
3246 3599 3423 3654 obiret
3456 3600 3777 3670 pedumque

2180 3694 2379 3751 saeculo
2421 3694 2667 3749 nuntium
2719 3692 2978 3758 misisset,
3017 3691 3315 3761 Specimina
3367 3689 3591 3753 dederit,
3646 3692 3774 3745 for-

2184 3786 2345 3841 tassis
2382 3801 2487 3840 non
2532 3783 2821 3848 alludatur,
2873 3783 2927 3836 in
2969 3782 3241 3852 plerisque
3290 3790 3470 3836 tamen
3518 3781 3569 3835 id
3614 3781 3773 3847 fieri,

2182 3878 2403 3933 dubium
2445 3891 2551 3930 non
2592 3883 2693 3939 est,
2736 3874 3187 3944 quemadmodum
3246 3872 3608 3927 consideranti
3665 3886 3779 3942 pa.

2183 3969 2337 4024 tebit.
2383 3966 2454 4023 Ut
2478 3976 2537 4022 ut
2561 3967 2652 4031 sit,
2685 3964 2943 4021 Sanctum
2973 3965 3226 4035 equidem
3257 3972 3393 4026 tum,
3446 3978 3566 4017 cum
3603 3964 3779 4019 scho-

2184 4062 2425 4116 larcham
2457 4060 2635 4114 adhuc
2663 4073 2756 4112 seu
2786 4055 3090 4111 scholarum
3132 4053 3445 4124 prafectum
3475 4068 3540 4108 ac
3583 4063 3780 4109 recto-

2182 4168 2296 4208 rem
2349 4151 2531 4206 Remis
2590 4158 2821 4220 ageret,
2890 4146 3060 4202 variis
3121 4145 3382 4201 virtutum
3452 4143 3777 4214 exemplis,

2185 4245 2416 4315 quibus,
2460 4250 2518 4297 ut
2550 4242 2715 4296 hasce
2752 4239 2958 4310 pariter
2991 4237 3448 4308 amplecterentur
3486 4235 3778 4305 discipuli,

2181 4336 2380 4405 partim
2410 4332 2671 4397 effecerit,
2703 4329 2990 4394 effulsisse,
3017 4326 3481 4383 verosimillitnum
3504 4338 3770 4395 apparet.

2252 4428 2375 4482 107.
2430 4426 2506 4480 lta
2558 4423 2748 4478 suadet
2780 4431 2891 4476 tum
2925 4421 3121 4477 eximia
3161 4419 3441 4480 fortitudo,
3491 4433 3596 4487 qua
3640 4427 3785 4475 tune

2182 4518 2445 4589 improbis
2470 4515 2732 4571 Manassis
2762 4511 3155 4583 archiepiscopi
3187 4509 3429 4565 moribus
3464 4524 3606 4573 sese,
3634 4524 3782 4566 con-

2185 4618 2391 4679 tempta
2442 4609 2604 4663 etiam
2671 4606 2996 4677 dignitatum
3038 4604 3487 4670 fortunarumque
3524 4598 3780 4669 jactura,

2181 4703 2259 4757 ttti
2295 4700 2439 4755 infra
2472 4698 2643 4754 visuri
2679 4711 2890 4761 smnus,
2917 4696 3188 4765 opposuit,
3226 4702 3339 4747 tum
3388 4692 3589 4762 scripta
3622 4708 3783 4747 anno

2180 4791 2321 4846 1067
2375 4799 2469 4845 aut
2512 4804 2623 4859 seq.
2664 4789 2729 4843 ad
2779 4787 3099 4858 Gregorium
3138 4784 3228 4841 V’Il
3264 4799 3534 4840 summum
3584 4785 3783 4853 ponti-

2183 4884 2339 4938 ficem
2378 4881 2446 4936 ab
2477 4881 2733 4953 llugone,
2774 4879 2955 4934 Diensi
3004 4878 3258 4948 episcopo
3307 4876 3559 4946 sedisque
3605 4891 3782 4946 apos-

2180 4975 2354 5030 tolica:
2387 4974 2584 5044 legato,
2630 4971 2878 5042 epistola.
2915 4971 2968 5024 in
3009 4985 3136 5039 qua,
3175 4968 3378 5039 pluries
3411 4964 3551 5022 infra
3587 4968 3781 5024 adhuc

2181 5065 2558 5130 memoranda,
2586 5063 2652 5119 de
2690 5062 2860 5117 altero
2897 5060 3167 5123 Manasse.
3200 5057 3486 5113 Remensis
3519 5056 3781 5114 ecclesia:

2180 5156 2470 5226 pneposito
2498 5194 2513 5220 ,
2564 5153 2834 5223 simulque
2883 5152 2950 5207 de
2995 5150 3197 5208 Sancto
3241 5159 3458 5217 nostro,
3516 5150 3609 5220 qui
3655 5160 3781 5206 tum

2180 5245 2493 5301 scholarum
2527 5244 2873 5299 Betnensium
2906 5244 3223 5312 praefectura
3254 5257 3377 5297 sese
3404 5256 3512 5296 non
3551 5241 3645 5296 diu
3673 5244 3779 5297 ab-

2180 5338 2413 5401 dicarat,
2458 5336 2807 5405 nondumque
2841 5335 2896 5389 in
2944 5348 3189 5389 eremum
3248 5339 3572 5397 secesserat,
3623 5333 3779 5387 hunc

2183 5432 2333 5499 llugo
2371 5431 2609 5503 loquitur
2634 5430 2688 5484 in
2727 5428 2975 5483 modum:
3017 5444 3036 5478 t
3075 5426 3495 5481 Manassem.....
3529 5424 3776 5478 amicum

2180 5535 2428 5582 nostrum
2471 5524 2525 5580 in
2571 5520 2813 5585 Christo,
2851 5519 2943 5589 qui
2989 5518 3041 5572 in
3078 5516 3504 5573 Claromontano
3535 5514 3777 5569 concilio

2182 5616 2462 5673 Bernensis
2485 5612 2733 5671 ecclesia:
2756 5611 2895 5666 male
2916 5608 3235 5680 acquisitam
3264 5605 3679 5677 praeposituram
3714 5605 3772 5659 in

2183 5725 2343 5765 manu
2368 5718 2552 5764 nostra
2589 5703 2816 5769 dimisit,
2850 5700 3294 5757 commendamus
3324 5698 3513 5770 gratim
3546 5695 3777 5751 Sancti-

2183 5802 2308 5861 tatis
2337 5809 2548 5865 vestrae,
2589 5797 2725 5854 sicut
2762 5795 3041 5852 catholictc
3079 5791 3202 5847 fidei
3246 5790 3516 5846 sincerum
3577 5785 3773 5843 defen-
