3862 6310
107 328 174 379 55
1538 304 1541 309 Γ
1620 321 1791 377 ACTA
1804 363 1816 376 .
3293 342 3363 394 66

96 464 347 520 sorcm,et
376 453 657 509 dominum
680 453 1009 513 Brunonem,
1040 451 1322 505 “emensis
1341 450 1583 505 ecclesia:
1611 450 1664 503 in
1700 441 1740 495 Α
1776 450 1893 489 “'m
1929 435 2304 501 mnsmm'lmo
2341 452 2460 511 qm“
2491 437 2604 507 j-‘m
2651 451 2760 496 "’m
2801 441 2941 498 Γονίθ
2981 444 3165 501 “mmo
3195 452 3365 519 ειεῑιει-

93 548 224 601 omni
265 547 551 600 honestate
588 543 929 615 magistrum.
970 543 1122 613 Digni
1164 543 1309 596 enim
1345 550 1467 596 sunt
1502 541 1667 597 ambo

93 658 119 692 a
154 639 290 694 vobis
331 648 387 691 et
411 639 470 691 in
508 637 614 698 his,
653 651 773 705 qua:
802 635 895 689 Dei
944 644 1100 698 sunt,
1135 644 1314 689 vestra
1347 635 1670 688 auctoritate

93 729 416 793 conﬁrmari,
454 727 713 798 quoniam
758 725 902 797 digni
938 725 1107 781 habili
1147 735 1272 779 sunt
1314 741 1412 795 pro
1453 725 1671 780 nomine

90 822 209 876 Iesu
259 820 650 876 contumeliam
679 818 812 887 pati.
846 817 915 872 Et
950 817 1071 872 ideo
1108 817 1453 871 consultores
1485 815 1673 886 profu-

90 924 229 967 turos
253 928 435 966 causa:
461 910 557 966 Dei
582 918 636 966 et
663 919 1046 979 cooperatores
1076 908 1129 963 in
1160 908 1404 978 partibus
1429 906 1671 963 Francia:

88 1004 396 1058 adbibeatis.
424 1022 442 1054 ι
483 1003 751 1057 Caeterum
783 1002 922 1057 idem
945 1000 1338 1056 Carthusianus
1369 1013 1671 1071 anonymus

96 1096 331 1163 proxime
362 1093 639 1158 laudatus,
677 1093 843 1149 fuisse
888 1109 916 1148 a
959 1091 1159 1149 Sancto
1191 1102 1333 1148 ante
1362 1092 1670 1147 conversio-

96 1200 238 1249 nem,
279 1200 375 1239 seu
415 1192 705 1254 antequam
744 1185 868 1251 hic,
902 1184 1160 1255 perituris
1189 1183 1439 1238 omnibus
1484 1183 1669 1238 mundi

94 1272 243 1328 rebus
287 1274 528 1339 relictis,
581 1274 633 1329 in
679 1288 921 1331 eremum
976 1276 1283 1341 secederet,
1330 1274 1499 1329 libros
1549 1289 1673 1329 con-

89 1363 329 1433 scriptos,
386 1380 540 1419 num.
586 1364 687 1419 101
728 1366 962 1432 indicat;
1012 1381 1230 1432 verum,
1282 1382 1404 1421 cum
1455 1366 1507 1420 id
1563 1380 1669 1420 non

93 1455 215 1509 satis
270 1465 511 1521 constet,
565 1471 653 1513 res
695 1471 763 1512 ne
809 1457 908 1524 ita,
956 1473 1024 1513 an
1061 1473 1218 1515 secus
1272 1450 1491 1521 habeat,
1544 1466 1671 1513 tunc

89 1548 309 1615 primum
345 1548 760 1604 examinaturus
789 1563 941 1614 sum,
984 1565 1105 1604 cum
1137 1550 1203 1605 de
1231 1550 1359 1614 vita,
1397 1565 1424 1604 a
1469 1550 1669 1605 Sancto

91 1638 137 1689 in
163 1637 429 1692 Calabria:
468 1654 651 1694 eremo
704 1650 852 1706 acta,
899 1640 1148 1710 binisque
1192 1640 1471 1711 epistolis,
1518 1650 1667 1696 certo

91 1728 278 1782 ibidem
316 1729 386 1784 ab
417 1745 485 1784 eo
532 1731 782 1800 scriptis,
817 1732 1083 1796 tractabo,
1124 1732 1196 1786 ita
1232 1747 1338 1785 uno
1370 1731 1668 1801 eodemque

1777 527 1889 588 bat,
1934 527 2309 582 adversarium
2351 532 2714 599 experiretur.
2755 532 2822 586 Et
2863 531 3097 589 Sanetus
3138 538 3359 606 quidem

1724 654 1727 657 ι
1774 616 2058 683 Μειηθεδτει,
2084 621 2340 689 quamdiu
2372 623 2423 675 id
2449 635 2741 692 utcumque
2774 640 2869 694 per
2892 615 3040 697 gesta
3067 644 3358 700 moresque

1774 708 1933 779 hujus
1970 709 2147 773 licuit,
2181 712 2474 769 adbmsisse
2513 715 2697 769 animo
2730 732 2834 771 non
2879 720 3104 773 omnino
3146 736 3344 777 averso

1772 796 2005 861 videtur,
2029 800 2379 872 consiliisque
2400 804 2532 865 suis,
2570 813 2625 861 ut
2649 815 2734 859 sat
2761 809 3073 864 verosimilc
3100 823 3350 881 apparet,

1775 886 1988 943 interim
2031 889 2300 960 effecerit,
2347 904 2403 951 ut
2456 898 2752 969 proﬂigata:
2796 901 3147 972 conscientia:
3193 905 3361 961 homo

1772 977 1911 1033 bona
1960 982 2210 1036 nonnulla
2250 986 2587 1055 prmstiterit,
2625 999 2678 1044 et
2714 1006 2743 1044 a
2780 992 2936 1045 malis
2975 1009 3095 1061 quae
3131 997 3358 1051 medita-

1771 1068 1954 1133 batur,
1995 1073 2340 1129 abstinuerit.
2376 1076 2575 1133 Verum
2603 1096 2725 1135 cum
2759 1082 2999 1138 deterior
3028 1085 3080 1139 in
3107 1087 3220 1141 dies
3248 1087 3359 1140 Ma-

1773 1176 1963 1216 nasscs
2005 1165 2292 1230 evaderet,
2352 1168 2611 1224 beneficia
2661 1174 3026 1231 ecclesiastica
3075 1180 3357 1240 venderet,

1772 1268 1983 1309 sacram
2015 1256 2727 1332 sopelleetilemﬂiriperet,
2774 1268 2973 1325 multos
3017 1270 3211 1340 injuste
3251 1290 3349 1327 ex-

1771 1347 2235 1415 communicaret,
2256 1350 2598 1418 clericorum,
2626 1357 2980 1414 ecclesiarum
3013 1379 3077 1418 ac
3114 1364 3357 1420 abbatis-

1771 1452 1890 1491 rum
1921 1437 2060 1492 bona
2097 1453 2366 1509 occupare
2401 1451 2633 1500 tentaret
2658 1456 2749 1500 aut
2781 1448 2944 1503 etiam
2988 1454 3163 1523 reipsa
3190 1471 3356 1509 oceu-

1772 1540 1939 1599 paret,
1994 1530 2309 1601 lupumque,
2350 1538 2410 1588 ut
2463 1537 2625 1591 verbo
2670 1539 2878 1606 dicam,
2926 1556 3031 1597 non
3081 1555 3357 1614 pastorem

1770 1629 1975 1688 ageret,
2017 1621 2391 1676 adversarium
2427 1626 2472 1680 ei
2500 1628 2721 1681 omnino
2761 1645 2880 1686 sese
2910 1631 3141 1689 Sanctus
3174 1648 3358 1692 noster

1770 1712 2021 1780 praebuit,
2050 1714 2286 1769 maxime
2316 1713 2476 1781 forte,
2511 1721 2653 1787 quod
2686 1718 2990 1777 Simoniaca
3023 1724 3257 1780 homins
3288 1731 3356 1781 at

90 1818 192 1871 ιοεο
220 1819 288 1873 de
340 1821 595 1875 omnibus
647 1822 940 1890 operibus,
989 1836 1111 1891 qua,
1156 1822 1240 1876 νει
1281 1820 1467 1876 saucii
1516 1830 1663 1887 sum,
1703 1813 1740 1868 Β
1771 1803 3191 1887 sedemRemensemprontotio,quumbactenusignor
3224 1826 3357 1877 sset.

89 1910 161 1965 rel
187 1911 235 1966 ei
278 1912 675 1979 attribuuntur,
715 1928 1022 1969 sermonem
1054 1913 1425 1969 instituturus.

89 2063 227 2137 QVI.
282 2065 555 2135 Nefuudis
606 2066 873 2122 Marianis
922 2069 1296 2138 archiepiscOpi
1340 2071 1424 2124 sui
1462 2072 1670 2125 conati-

147 2137 239 2191 hu
280 2154 393 2190 sese
428 2140 639 2209 apponit
668 2155 680 2191 :
713 2140 803 2205 qui
844 2140 941 2191 huc
974 2137 1245 2193 occasione
1275 2139 1441 2193 multa
1476 2158 1663 2209 passus

144 2208 227 2271 sit,
256 2208 684 2278 monachumque
720 2209 936 2263 induere
957 2210 1305 2279 pt'o;.osztat'it.
1478 2208 1484 2209 ⁷
1648 2224 1660 2232 ⁸

145 2338 265 2393 168.
282 2338 420 2392 Cum
454 2338 776 2405 Gervasius,
795 2339 1082 2398 Remensis
1103 2343 1564 2417 archiepiscopus,
1591 2349 1675 2403 vir

87 2432 142 2485 δε
154 2432 498 2487 ecclesiasua
531 2433 717 2488 multis
740 2436 1067 2501 nominibus,
1092 2451 1154 2490 ac
1184 2439 1507 2513 praesertim,
1529 2441 1670 2510 quod

87 2523 376 2578 Remenses
401 2524 637 2591 scholas,
665 2535 790 2580 ante
812 2526 1028 2596 quidem
1056 2528 1299 2583 celebres
1324 2545 1387 2584 ac
1410 2530 1668 2596 illustres,

87 2615 409 2670 relebriores
462 2626 643 2672 tamen
699 2617 1131 2689 illustrioresque
1189 2621 1457 2675 Brunonis
1507 2639 1671 2692 opera

88 2707 423 2772 reddiderit,
480 2709 687 2779 Optime
736 2711 1004 2777 meritus,
1061 2726 1206 2766 anno
1258 2712 1393 2767 1067
1446 2729 1478 2768 e
1534 2716 1673 2768 vivis

90 2797 264 2853 luisset
304 2799 576 2865 sublatus,
608 2811 893 2858 vacantem
930 2801 1086 2872 hujus
1115 2804 1263 2859 obitu
1307 2806 1675 2876 archiepisco-

87 2890 243 2959 palem
282 2892 602 2946 cathedram
634 2892 941 2949 Simoniace
978 2896 1215 2951 obtinuit
1243 2912 1336 2951 seu
1377 2900 1557 2968 potius
1593 2902 1673 2954 in-

88 2982 209 3036 vasit
262 2982 580 3047 Manasses,
633 2986 849 3056 generis
897 2986 1199 3053 nobilitate,
1251 3006 1356 3045 non
1412 2991 1668 3046 virtutum

88 3086 262 3130 ornatu
315 3075 526 3143 clarus,
558 3078 647 3147 qui
682 3078 734 3131 in
759 3079 928 3133 veteri
969 3080 1157 3135 codice
1185 3081 1440 3137 Remensi
1483 3099 1673 3138 mauu-

1768 1894 1878 1964 jam
1929 1896 2143 1950 tandem
2180 1898 2358 1966 palam
2400 1900 2453 1953 ei
2482 1900 2625 1955 facta
2661 1910 2827 1956 esset.
2877 1904 2971 1960 Ast
3013 1923 3132 1962 eum
3176 1927 3205 1963 a
3249 1909 3362 1963 Ma-
3416 1948 3419 1951 -

1782 2000 1963 2047 nasse,
1997 1987 2041 2039 si
2077 1986 2279 2043 diutius
2311 1988 2515 2056 Remis,
2560 1992 2608 2047 ei
2644 1995 2961 2059 atlversaus,
3007 1999 3358 2063 substitisset,

1773 2077 2082 2133 certissime
2130 2095 2234 2132 non
2278 2094 2467 2149 parum
2514 2085 2923 2152 perielitaturus
2957 2097 3121 2155 esset,
3157 2092 3363 2145 vermi-

1774 2168 1997 2224 millime
2025 2180 2138 2223 tum
2165 2172 2402 2239 periculo
2430 2189 2551 2229 sese
2577 2177 2910 2234 subdurendi
2933 2196 3118 2245 causa,
3153 2191 3263 2236 tum
3296 2202 3306 2235 ι
3331 2199 3364 2233 ρ

1777 2258 2063 2327 impiormn
2098 2261 2334 2317 hominis
2372 2274 2675 2333 gestorum,
2702 2283 2823 2337 qua:
2846 2270 3108 2340 impedire
3133 2290 3234 2327 non
3268 2290 3362 2344 pn-

1778 2358 1935 2412 terat,
1992 2352 2145 2405 testis
2203 2366 2323 2406 esse
2354 2367 2664 2424 cogeretur,
2697 2358 2893 2413 Remos
2938 2360 3201 2431 dignitate
3233 2380 3362 2434 qua,

1776 2455 1912 2509 quas
1943 2441 2139 2496 ibidem
2171 2442 2473 2509 obtinebat,
2515 2463 2619 2501 una
2651 2462 2776 2523 eum
2800 2449 3006 2520 aliquot
3050 2452 3364 2508 illustrari-

1776 2529 1877 2584 bus
1908 2531 2153 2586 ecclesiae
2181 2530 2461 2588 Bernensis
2493 2536 2708 2593 clericis
2738 2540 2971 2609 reliquit.

1846 2622 1970 2677 110.
2002 2622 2123 2677 Haec
2146 2623 2325 2677 omnia
2370 2624 2482 2681 fere
2524 2626 2817 2684 Guibertus
2854 2631 2921 2687 de
2964 2631 3263 2705 Novigenzo
3307 2654 3361 2693 In

1778 2713 1902 2767 Vita
1933 2728 2027 2767 sua
2073 2713 2166 2767 lib.
2198 2729 2241 2778 ι,
2269 2730 2387 2784 cap.
2422 2717 2481 2771 11
2531 2719 2616 2774 vel
2639 2735 2897 2790 expresse
2937 2724 3111 2789 docet,
3146 2728 3233 2782 vel
3253 2730 3362 2784 sal-

1777 2812 1882 2857 tem
1908 2819 1973 2859 ex
2001 2820 2066 2859 eo
2085 2818 2302 2873 possun'.
2336 2805 2539 2879 colligi.
2565 2809 2727 2876 Audi,
2756 2814 2847 2882 qui
2872 2815 3070 2870 ibidem
3097 2818 3323 2875 disserat
3346 2841 3361 2875 :

1781 2915 1798 2942 ι
1827 2893 2101 2951 Manasses
2122 2897 2364 2965 quidam,
2381 2899 2572 2969 inquit,
2596 2913 2720 2971 post
2743 2904 2985 2961 Gervasii
3007 2906 3358 2966 famosissimi

1775 2986 2167 3057 archiepiscopi
2216 2989 2498 3044 decessum
2539 2994 2811 3062 praedicta:
2856 2996 3006 3052 urbis
3052 2997 3364 3067 (Remensis

1772 3078 2066 3147 nimirum)
2115 3079 2363 3149 regimini
2408 3082 2719 3138 Simoniaee
2757 3100 2818 3140 se
2847 3087 3088 3155 intrusit,
3119 3089 3202 3143 vir
3233 3093 3356 3160 qui-

90 3167 279 3237 scripto
310 3166 590 3224 Hanasses
634 3171 701 3225 de
733 3169 969 3225 Gaul-"ai
990 3212 1004 3235 ν
1034 3180 1092 3225 ιιι
1136 3172 1321 3229 Gallia}
1350 3174 1670 3231 Christiana:
1698 3153 1741 3212 Ο
1774 3164 1896 3221 dem
1923 3167 2119 3222 ιιοὺὶιίε
2141 3169 2234 3223 58d
2267 3170 2398 3224 nihil
2430 3187 2654 3240 pl‘Ol'SllS
2677 3174 3008 3240 serenitatis,
3035 3153 3156 3246 quae
3187 3153 3363 3249 prima

90 3270 238 3314 auctae
266 3260 572 3329 scriptores
609 3269 740 3315 tom.
764 3260 855 3325 IX,
891 3261 974 3318 col
1014 3263 1101 3328 Ἠ,
1129 3271 1414 3328 testantur,
1450 3274 1671 3320 vocatus

100 3348 384 3405 invenitur.
420 3350 541 3416 Hic,
567 3353 669 3407 etsi
712 3367 808 3422 per
837 3355 1031 3408 ostium
1077 3355 1130 3409 in
1173 3355 1314 3410 ovile
1354 3356 1532 3411 ovium
1563 3372 1669 3411 non

89 3452 209 3496 esset
221 3442 535 3513 ingressus,
554 3443 626 3497 ita
640 3453 819 3499 tamen
836 3446 1197 3515 promotionis
1215 3448 1668 3505 consecrationis-

90 3546 179 3599 qoe
218 3548 366 3601 sua,
411 3549 535 3604 qua:
573 3535 719 3590 anno
770 3536 909 3592 1069
944 3538 1156 3604 evenit,
1200 3539 1354 3594 initio
1385 3555 1443 3595 se
1479 3542 1666 3612 gessit,

91 3633 159 3689 ut,
181 3625 224 3679 si
252 3641 367 3681 non
399 3626 455 3680 in
477 3627 750 3691 omnibus,
785 3629 837 3683 in
863 3629 1044 3685 multis
1068 3631 1261 3687 saltem
1292 3632 1405 3687 veri
1433 3636 1669 3704 pastoris

93 3733 265 3776 manus
305 3722 589 3792 impleret.
636 3723 791 3779 Tunc
828 3726 971 3779 enim
1007 3726 1261 3782 Ecclesia
1301 3727 1426 3797 jura
1474 3744 1667 3800 magna

94 3810 235 3865 animi
263 3814 637 3883 propensione
665 3814 892 3871 subinde
928 3831 1327 3887 propngnasse,
1363 3818 1669 3876 beneﬁcus.

95 3915 181 3969 que
207 3901 257 3956 in
288 3905 628 3958 monasteria
658 3907 933 3962 exstitisse
969 3910 1314 3976 cognoscitur
1341 3926 1405 3965 ex
1438 3911 1521 3975 iis,
1551 3927 1670 3982 quae

96 3989 149 4042 de
170 4006 231 4045 eo
254 4001 372 4046 tum
406 3992 669 4049 Marlotus
696 4005 825 4049 tom.
860 3995 902 4050 ll
934 3996 1185 4053 Historia:
1214 3999 1523 4069 Metropolis
1560 4000 1668 4057 Re-

95 4084 277 4137 mensis
320 4098 450 4154 pag.
500 4083 603 4138 165
642 4093 698 4139 et
743 4094 864 4139 octo
911 4089 1285 4156 sequentibus,
1330 4098 1440 4144 tum
1479 4090 1669 4146 Gallim

97 4169 413 4229 Christiana:
457 4185 634 4231 auctae
664 4178 960 4248 scriptores
1001 4181 1121 4236 loco
1154 4181 1397 4250 proxime
1430 4183 1525 4237 cit.
1560 4198 1671 4237 me-

98 4266 262 4319 "toria:
287 4266 555 4335 produnt.
605 4264 716 4322 Nec
748 4276 858 4321 tum
890 4268 1055 4323 etiam
1095 4270 1367 4325 commisit
1396 4270 1669 4325 Simonia-

95 4365 173 4406 cus
198 4355 283 4410 ille
317 4356 555 4411 antistes
579 4398 595 4422 ,
627 4366 686 4411 ut
726 4359 1014 4427 proborum
1051 4360 1318 4425 omnium,
1358 4369 1411 4415 et
1441 4362 1484 4416 si
1533 4362 1671 4416 inte-

98 4442 182 4494 rim
205 4444 257 4497 in
286 4445 588 4499 nonnullos
616 4461 683 4502 ex
715 4447 800 4502 bis
822 4446 986 4503 fuerit
1011 4448 1268 4518 iniquior,
1298 4451 1422 4505 odia
1460 4452 1510 4505 in
1543 4468 1666 4507 sese

97 4534 403 4590 concitaret.
445 4535 561 4592 lmo
612 4547 802 4593 contra
842 4539 1029 4594 sedulo
1078 4556 1299 4596 curasse
1340 4544 1571 4609 videtur,
1612 4553 1672 4600 ut

97 4626 240 4679 etiam
282 4629 355 4683 de
400 4630 567 4693 viris,
600 4632 690 4700 qui
729 4640 785 4686 et
829 4648 1041 4687 morum
1071 4634 1339 4703 gravitate
1376 4646 1429 4692 et
1470 4637 1669 4693 virtute

95 4725 260 4770 essent
283 4719 635 4787 spectabiles,
670 4720 804 4776 bene
829 4731 1152 4779 mereretur.

156 4805 488 4897 Matini
529 4846 717 4886 verum
764 4833 816 4888 id
845 4834 936 4901 sit,
967 4844 1289 4905 argumento
1322 4846 1401 4892 est
1437 4837 1670 4896 Sanctus

100 4930 281 4983 noster,
316 4937 507 4989 quem,
546 4923 622 4976 uti
655 4937 721 4978 ex
752 4940 912 4996 supra
945 4926 1106 4982 dictis
1142 4927 1300 4983 facile
1329 4929 1574 4998 colliges,
1602 4931 1669 4985 ad

101 5011 392 5064 cancellarii
422 5012 669 5068 ecclesia:
698 5014 983 5070 “emensis
1014 5033 1236 5083 munus,
1258 5019 1400 5088 quod
1431 5018 1667 5074 Odalrici

98 5100 226 5152 obitu
262 5102 515 5168 vacabat,
539 5104 621 5158 vel
647 5105 875 5174 ipsemet
902 5109 1188 5177 promovit,
1221 5109 1305 5163 vel
1338 5110 1405 5165 ab
1427 5110 1671 5167 ecclesia:

100 5201 193 5243 sua
221 5194 508 5250 canonicis
551 5199 980 5266 promerendum
1024 5201 1247 5270 sategit,
1293 5202 1406 5257 sive
1450 5204 1665 5259 interim

99 5274 143 5331 id
176 5280 393 5348 fecerit,
429 5285 574 5356 quod
620 5287 974 5360 multiplicem
1033 5291 1088 5346 in
1122 5291 1325 5347 Sancto
1384 5294 1666 5351 scientiam

102 5384 411 5445 morumque
459 5380 819 5448 probitatem,
863 5383 1136 5454 praecipue
1187 5385 1254 5440 ad
1296 5401 1491 5440 munus
1539 5387 1668 5443 illud

101 5462 245 5534 digne
275 5468 590 5525 obeundum
620 5473 963 5543 requisitam,
986 5476 1346 5543 observasset,
1387 5478 1500 5533 sive
1525 5480 1666 5550 quod

108 5552 195 5609 hoc
231 5560 398 5613 modo
421 5559 714 5629 Brunonis,
737 5565 839 5619 viri
869 5566 1232 5635 celeberrimi,
1267 5585 1581 5641 magnaeque
1613 5573 1666 5628 in

104 5645 220 5701 urbe
260 5649 516 5708 Remensi
561 5657 935 5725 auctoritatis,
991 5660 1284 5715 amicitiam
1332 5662 1435 5716 sibi
1487 5664 1668 5719 conci-

105 5733 224 5794 liare
256 5744 416 5801 unice
460 5746 821 5817 desideraret,
875 5765 942 5807 ne
981 5751 1199 5822 quando
1263 5753 1414 5809 illum
1471 5769 1667 5825 pravo-

1773 3257 2161 3329 iugenuitatem
2199 3260 2392 3325 decet,
2431 3262 2657 3317 habens.
2687 3264 2889 3320 Tantos
2917 3266 3062 3321 enim
3093 3267 3265 3324 fastus
3293 3286 3362 3324 ex

1774 3346 1864 3401 illa
1906 3350 2147 3404 novitate
2197 3361 2557 3421 conceperat,
2609 3363 2669 3407 ut
2729 3356 2906 3424 regias
2949 3360 3356 3429 peregrinarum

1771 3437 2009 3509 gentium
2037 3440 2260 3511 majesta
2271 3450 2374 3508 tes,
2401 3443 2509 3498 imo
2536 3444 2883 3516 tnajestatum
2904 3446 2939 3501 f.
2959 3450 3218 3506 roeitates
3240 3453 3361 3506 imi-

1773 3530 1874 3583 tari
1923 3530 2219 3586 videretur.
2254 3551 2274 3585 ι
2318 3535 2396 3589 Ac
2434 3536 2621 3604 paucis
2668 3537 2881 3600 deinde,
2926 3554 3048 3608 quae
3104 3541 3207 3596 huc
3251 3557 3357 3598 non

1773 3619 2016 3686 faciunt,
2079 3622 2410 3694 interpositis
2436 3665 2451 3689 ,
2497 3626 2569 3679 ita
2609 3629 3000 3698 prosequitur:
3045 3648 3065 3683 α
3107 3631 3153 3686 Is
3193 3632 3365 3703 igitur

1771 3709 2093 3780 (Manasses)
2123 3728 2247 3765 cum
2297 3714 2495 3770 milites
2531 3732 2873 3786 summopere
2902 3720 3203 3788 all‘eetaret,
3251 3724 3364 3778 cleo

1772 3816 1892 3855 rum
1924 3801 2238 3872 negligeret,
2265 3805 2785 3877 dixisse-al'quando
2814 3810 3077 3868 refertur:
3117 3833 3134 3861 σ
3158 3814 3359 3875 Ponus,

1778 3912 1797 3943 ι
1836 3894 1955 3958 ait,
2002 3904 2151 3950 esset
2196 3897 2482 3954 Remensis
2527 3902 3080 3973 archiepiscopatus,
3138 3907 3182 3959 si
3250 3922 3357 3961 nou

1780 4002 1797 4036 ι
1842 3986 2035 4042 missas
2059 3988 2183 4043 inde
2213 3992 2419 4046 cantari
2446 4002 2742 4063 oporteret.
2780 4014 2799 4047 ι
2838 3995 3004 4063 Hujus
3030 4013 3158 4065 ergo
3181 4014 3362 4053 mores

1773 4095 1995 4150 prorsus
2042 4081 2357 4153 improbos,
2414 4093 2468 4140 rt
2517 4086 2920 4156 stupidissitros
2970 4088 3184 4142 habitus
3232 4104 3361 4144 cum

1774 4173 1956 4227 oumis
1989 4174 2250 4229 honestus
2280 4175 2545 4237 horreret,
2595 4177 2777 4231 Btuno
2806 4180 2857 4232 in
2901 4179 3148 4234 ecclesiis
3176 4180 3366 4235 Galliae

1776 4269 1906 4318 tunc
1930 4263 2339 4335 opinatissimus
2366 4283 2490 4323 ettm
2514 4268 2645 4323 aliis
2662 4270 2982 4339 quibusdam
3012 4270 3363 4324 Remensium

1775 4353 2100 4410 clericorum
2141 4356 2412 4413 nobilibus
2443 4359 2661 4414 infamis
2692 4361 2836 4415 illius
2872 4360 2996 4412 odio
3029 4360 3264 4414 excessit
3290 4361 3362 4415 ab

1776 4445 1934 4508 urbe,
1966 4466 1985 4499 ι
2024 4445 2278 4501 Remensi
2316 4465 2529 4518 nempe.
2572 4451 2645 4505 Ita
2681 4450 2990 4505 Gu'bertus.
3027 4451 3091 4503 Et
3126 4450 3365 4507 Sanetus

1776 4537 1994 4605 quidem
2034 4551 2098 4592 eo
2130 4538 2248 4607 ipso
2294 4546 2557 4607 tempore,
2602 4556 2738 4609 quo,
2773 4549 2831 4595 ut
2864 4540 2950 4595 bic
2979 4541 3075 4605 ait,
3115 4557 3181 4596 ex
3212 4543 3361 4610 odio,

1775 4628 1891 4682 sive
1945 4642 2053 4697 quo
2103 4628 2355 4695 ipsemet,
2405 4645 2513 4684 non
2565 4639 2672 4684 tam
2716 4631 2770 4686 in
2819 4633 3131 4702 episcopum
3178 4649 3365 4698 suum,

1774 4733 1937 4788 quam
1968 4718 2020 4772 in
2048 4720 2315 4788 pessimos
2345 4717 2461 4789 ejus
2490 4736 2668 4777 mores
2697 4722 2992 4788 ferebatur,
3018 4724 3130 4779 sive
3158 4739 3269 4794 quo
3290 4727 3365 4781 ab

1773 4808 1877 4863 hoc
1924 4808 2040 4878 ipso
2075 4823 2175 4878 pro
2226 4810 2383 4866 hoste
2425 4811 2755 4878 habebatur,
2806 4816 2996 4870 urbem
3038 4815 3364 4872 Remeusem

1774 4899 2033 4967 deseruit,
2064 4916 2386 4973 magnorum
2419 4904 2717 4958 studiorum
2745 4906 2984 4976 regimen
3008 4922 3103 4961 seu
3140 4908 3359 4961 schola-

1776 5007 1896 5045 rum
1924 4991 2332 5063 prmfecturam,
2380 4995 2805 5065 cancellariique
2841 5013 3037 5052 munus
3059 5000 3363 5055 verosimil-

1773 5079 1921 5147 limc,
1955 5100 2024 5138 ne
2046 5084 2222 5139 dicam
2248 5086 2489 5149 indubie,
2514 5085 2810 5148 abt‘icavit,
2843 5098 2935 5142 aut
2961 5097 3130 5151 certe,
3161 5089 3207 5143 si
3242 5105 3360 5144 ma-

1773 5172 1893 5238 vis,
1956 5174 2620 5244 diguitatibusl'omnibus
2670 5195 2700 5234 a
2752 5178 3004 5236 Manasse
3062 5182 3359 5251 spoliatus,

1772 5264 1974 5320 amisit.

1846 5377 1937 5431 111
1971 5376 2069 5432 Ast
2107 5392 2214 5449 quo
2245 5378 2463 5434 circiter
2489 5394 2633 5434 anno
2659 5389 2712 5434 et
2746 5379 2943 5450 quibus
2978 5378 3362 5434 comitantibus
3400 5388 3403 5393 ‘

1772 5464 2156 5521 illustrioribus
2186 5466 2430 5522 ecclesize
2468 5468 2753 5525 Remensis
2797 5469 3032 5531 clericis,
3066 5468 3153 5522 ille
3177 5468 3360 5522 Sancti

1773 5571 1841 5611 ex
1881 5557 2016 5612 urbe
2064 5555 2316 5613 Remensi
2357 5558 2632 5639 discessus
2673 5560 2893 5615 evenit?
2939 5558 3056 5624 Quo
3085 5567 3212 5613 tunc
3242 5574 3365 5613 sese

1770 5649 2008 5718 primum
2066 5649 2333 5705 contulit?
2390 5650 2462 5707 Ut
2511 5650 2578 5706 ad
2622 5651 2831 5721 singula
2867 5652 2983 5705 hac
3022 5651 3247 5720 quaesita
3293 5666 3361 5705 ex

1770 5740 1964 5795 ordine
2003 5741 2395 5812 respondeam,
2439 5742 2620 5798 Bruno
2648 5751 2796 5796 certe
2838 5756 2936 5797 nee
2980 5750 3105 5797 ante
3158 5757 3362 5798 annum
