3862 6310
530 294 603 351 ιη
1338 283 1399 339 s.
1440 282 1790 339 enuxoxts
1824 279 2474 358 cauruusmuonusi
2516 278 2995 336 tNSTtTUTORlS
3292 262 3295 267 ‘
3688 286 3740 341 es

527 408 702 475 “76,
731 420 831 463 nec
869 412 990 475 post
1024 406 1222 458 annum
1246 442 1258 465 ,
1288 401 1376 471 qui
1410 401 1552 454 htme
1591 398 1834 469 proxime
1867 398 2109 467 excepit,
2146 402 2187 458 Α
2218 410 2297 459 se,
2333 394 2641 459 Brunonem
2675 394 3038 464 Radulphum,
3064 403 3111 445 et
3132 391 3369 448 Fulcium
3394 391 3686 450 Monoeu‘um
3724 420 3737 450 ι
3817 465 3820 468 ἢ

540 500 726 555 Remis
768 498 878 552 alio
927 492 1321 563 commigravit,
1379 501 1432 544 ut
1481 491 1708 560 proinde
1759 489 1811 544 id
1862 489 1945 543 vel
1975 504 2117 543 anno

538 589 678 643 l076
710 587 790 641 vel
834 584 1083 655 sequenti
1124 582 1343 636 indubie
1382 581 1594 636 fecerit.
1643 580 1723 636 Ac
1750 595 1871 635 eum
1900 580 2117 649 quidem

532 677 717 732 Remis
746 683 873 729 ante
907 684 1113 727 annum
1154 672 1290 725 l076
1331 687 1435 725 non
1475 671 1796 734 excessisse,
1836 670 2004 739 liquet
2040 687 2105 724 ex

524 768 737 830 charta,
773 766 875 819 hoc
904 764 1021 833 ipso
1045 777 1187 817 anno
1219 776 1248 816 a
1287 761 1533 816 Mauasse
1566 760 1753 815 Remis
1790 759 1843 813 in
1883 760 2116 816 abbatiae

530 856 589 910 S.
644 854 818 910 Basoli
877 852 1117 907 favorem
1161 866 1419 907 concessa
1470 863 1739 921 supraque
1795 848 1903 904 huc
1970 857 2118 903 tran-

530 947 755 1016 scripta,
786 960 904 1015 quae
932 944 1006 998 ita
1048 942 1410 998 terminatur:
1457 960 1476 993 ι
1523 942 1706 995 Bruno
1749 938 2115 995 cancellarius

526 1036 747 1104 scripsit
800 1042 853 1088 et
897 1032 1260 1102 subscripsit;
1301 1052 1320 1085 ι
1375 1040 1494 1101 post
1524 1045 1723 1085 annum
1765 1039 1947 1084 autem
1980 1029 2114 1083 1077

526 1137 707 1180 aetum
752 1126 803 1179 id
835 1140 942 1181 non
985 1137 1136 1188 esse,
1170 1124 1397 1193 patescit
1427 1138 1495 1178 ex
1523 1136 1599 1177 θοι
1629 1120 1772 1190 quod
1818 1136 1964 1176 anno
2023 1121 2115 1176 illo

527 1218 581 1272 in
605 1217 839 1273 concilio
863 1216 1357 1287 Augustodunensi,
1392 1214 1501 1269 imo
1520 1211 1929 1268 verosimilliuie
1951 1213 2114 1266 etiam

530 1309 585 1363 iu
631 1308 1083 1373 Claromontano,
1125 1308 1271 1378 quod
1316 1306 1442 1361 huic
1493 1303 1727 1374 prmivit,
1789 1301 2111 1365 Manassem,

525 1400 990 1469 archiepiscopum
1030 1398 1373 1462 Remensem,
1408 1395 1487 1450 uti
1519 1409 1643 1450 mox
1673 1391 1995 1460 videbimus,-
2028 1392 2117 1447 Si-

533 1491 729 1545 moniaa
759 1490 1094 1559 aliorumque
1131 1488 1423 1544 criminum
1453 1485 1804 1549 insimularit,
1839 1485 2000 1554 idque
2029 1499 2115 1538 ve-

530 1577 898 1641 rosimillime,
931 1588 1221 1646 antequam
1263 1576 1527 1630 Manassae
1554 1575 1853 1630 adversans
1881 1589 1946 1629 ex
1979 1575 2113 1629 urbe

510 1668 781 1723 Remensi
808 1670 1161 1733 excessisset,
1190 1682 1298 1721 non
1332 1666 1542 1730 fecerit,
1571 1666 1646 1720 uti
1677 1667 1868 1722 suadet
1896 1675 2004 1719 tum
2036 1664 2111 1720 in-

2299 504 2317 537 c
2367 486 2487 540 115.
2531 485 2625 541 Sic
2660 485 2803 540 enim
2838 484 2925 539 ille
2955 503 2969 538 :
3018 504 3035 535 ‹
3074 483 3452 538 Remiuiscitur
3479 488 3651 556 quippe
3680 490 3741 541 di-

2228 595 2246 629 ι
2287 576 2445 632 lectio
2473 585 2583 641 tua,
2611 577 2775 646 quod,
2804 590 2927 630 cum
2964 589 3064 645 ego
3102 582 3157 628 et
3189 582 3242 627 tu
3278 584 3332 629 et
3369 573 3570 629 Fulcius
3592 575 3739 629 Mona.

2227 686 2244 718 ι
2293 668 2448 722 culus
2474 668 2709 738 quadam
2747 668 2833 723 die
2865 666 3028 722 simul
3059 665 3344 720 fuissemus
3374 666 3422 718 in
3454 666 3645 720 hortulo
3672 669 3745 719 atl-

2225 777 2243 810 c
2275 759 2496 827 jacente
2544 759 2726 814 domui
2763 760 2915 825 Adte,
2953 758 3044 813 ubi
3081 766 3207 813 tunc
3234 758 3557 828 hospitabar,
3585 759 3641 812 de
3666 758 3746 812 fal-

2226 868 2243 901 c
2281 851 2358 906 sis
2431 851 2890 907 oblectationibus
2962 859 3339 905 tractaremus.
3389 870 3406 901 ι
3462 850 3589 921 Ergo
3647 860 3748 906 tunc

2219 942 2400 996 Βωηο
2423 942 2803 1013 hospitabatur
2830 941 2973 1013 apud
3013 940 3208 1006 Adam,
3240 942 3345 995 non
3376 940 3549 1010 utique
3575 940 3767 1011 Remis;

2218 1046 2338 1086 cum
2394 1034 2539 1088 enim
2585 1034 2881 1089 canonicus
2935 1041 3085 1087 esset
3133 1030 3375 1086 ecclesiae
3421 1030 3677 1085 Remensis
3710 1040 3753 1082 et

2218 1123 2608 1189 scholasticus,
2668 1123 2961 1179 verisimile
3017 1139 3122 1177 non
3173 1130 3459 1193 est,eum
3504 1121 3661 1176 alieno
3709 1120 3749 1173 in

2218 1215 2453 1285 hospitio
2490 1231 2811 1270 mansurum
2842 1214 3043 1270 fuisse.
3089 1200 3274 1270 Unde“
3297 1213 3535 1281 conjicio,
3568 1202 3750 1265 Bruno-

2218 1322 2340 1361 nem
2384 1323 2508 1362 cum
2567 1307 2773 1363 amicis.
2802 1307 2943 1371 istis:
2963 1306 3171 1360 duobus
3238 1304 3497 1359 Lutetiam
3543 1304 3751 1367 venisse,

2218 1394 2501 1465 ipsumque
2545 1396 2695 1467 apud
2738 1396 2907 1449 Adam
2962 1395 3226 1463 hospitem
3284 1394 3492 1449 domum
3540 1393 3751 1461 elegisse,

2218 1495 2443 1558 tumque
2468 1476 2697 1542 docendi
2725 1486 3119 1555 professionem
3157 1486 3525 1556 resumpsisse.
3550 1484 3631 1537 lile
3665 1482 3753 1536 fur.

2190 1579 2359 1657 {,sitan
2408 1586 2491 1633 est
2558 1578 2728 1632 Adam
2777 1578 3076 1632 cancuicus
3146 1576 3489 1639 Parisiens's,
3534 1575 3618 1644 qui
3659 1584 3757 1643 post

2213 1669 2605 1722 Gualeramum‘
2633 1678 2826 1723 cantor
2863 1668 3103 1737 ejusdem
3130 1669 3374 1723 ecclesia:
3406 1668 3502 1721 fuit
3522 1667 3650 1721 circa
3681 1682 3755 1716 au-

525 1773 660 1828 gens
686 1759 1006 1822 discrimen,
1038 1759 1124 1812 cui
1162 1757 1402 1827 alioquin
1454 1756 1594 1826 apud
1625 1748 2108 1833 excandesceutcm
2146 1742 2187 1799 Β
2217 1773 2345 1811 num
2380 1756 2517 1812 tl00
2552 1766 2605 1812 et
2645 1758 2696 1812 id
2733 1760 2975 1814 πωπω-ξε
3011 1760 3141 1812 obiit
3176 1757 3316 1811 ultra
3347 1773 3542 1811 annum
3576 1755 3751 1809 ll!3.i

525 1850 673 1914 hinc,
703 1849 905 1919 iraeque
933 1850 1283 1918 impotentem
1298 1847 1585 1918 prtesulem
1608 1861 1727 1903 sese
1747 1838 2108 1917 exposuisset,

522 1950 638 1998 tum
668 1954 845 1994 rerum
875 1940 1284 1994 subsecutarum
1337 1938 1527 2003 series,
1579 1952 1647 1992 ex
1692 1950 1817 2006 qua,
1849 1936 2109 1989 Sanctum

522 2038 795 2092 nostrum,
824 2040 1110 2099 postquam
1148 2030 1200 2083 in
1226 2029 1459 2084 concilio
1486 2027 1964 2099 Augustoduueusi
1995 2026 2107 2080 Ma-

524 2136 739 2175 nassem
774 2130 1107 2186 accusasset,
1134 2136 1238 2175 non
1282 2120 1432 2191 prius
1461 2119 1528 2173 ad
1565 2120 1843 2174 civitatem
1877 2117 2110 2173 Remen-

523 2226 671 2275 sem,
714 2227 875 2281 quam
911 2212 1000 2267 hic
1040 2227 1185 2266 anno
1222 2211 1358 2266 1080
1398 2213 1448 2265 in
1494 2209 1726 2264 concilio
1762 2208 2106 2278 Lugdunensi

521 2311 907 2358 exauctoratus
960 2303 1172 2366 fuisset,
1234 2317 1507 2355 reversum
1556 2315 1714 2365 esse,
1761 2299 2107 2354 verostmilli-

522 2407 691 2458 unum,
741 2394 850 2447 imo
891 2392 1199 2457 indubium,
1238 2392 1445 2459 evadit,
1476 2392 1552 2447 uti
1586 2408 1653 2449 ex
1693 2390 1837 2447 infra
1867 2392 2108 2446 dicendis

519 2483 752 2553 quisque
779 2483 938 2538 facile
969 2484 1206 2553 colliget.
1272 2466 1281 2471 Α

596 2574 723 2630 112.
770 2574 853 2629 Ad
894 2575 1216 2631 illustriores
1246 2576 1410 2631 modo
1438 2574 1688 2640 clericos,
1723 2574 1815 2645 qui
1846 2590 1950 2630 una
1982 2589 2105 2630 cum

520 2664 742 2731 Sancto,
774 2663 1075 2721 Manassent
1106 2676 1443 2733 aversantes,
1466 2667 1602 2723 urbe
1631 2665 1884 2722 Remensi
1916 2681 2109 2721 exces-

518 2770 665 2820 sere,
687 2770 995 2812 sermonem
1018 2766 1297 2813 converto.
1330 2758 1505 2815 Hosce
1534 2758 1754 2828 quidem
1781 2754 2110 2812 interfuisse

526 2848 871 2919 Radnlphum
901 2851 1163 2914 Viridem,
1219 2852 1286 2905 ad
1331 2867 1491 2922 quem
1544 2850 1778 2905 Sanctus
1825 2848 2107 2919 epistolam

518 2938 662 2995 infra
690 2940 895 3011 pluries
934 2944 1343 2996 meumrandam
1384 2957 1415 2998 e
1441 2941 1705 2998 Calabriae
1739 2956 1922 2997 eremo
1970 2939 2108 2997 scri-

516 3033 720 3103 psit,‘et
743 3032 985 3089 Fuleium
1019 3033 1382 3097 Monoculum,
1410 3034 1563 3104 cujus
1586 3033 1640 3088 in
1666 3034 1852 3088 eadem
1880 3030 2105 3103 epistola

518 3124 723 3180 mentio
749 3124 842 3191 tit,
868 3141 998 3180 vero
1037 3134 1265 3197 apparet
1306 3126 1529 3181 minime
1564 3125 1811 3181 absimile
1839 3126 1909 3180 ob
1936 3124 2105 3181 collo-

519 3214 730 3283 quium,
791 3216 937 3284 quod
990 3232 1114 3270 cmn
1165 3217 1351 3281 hisce,
1400 3216 1593 3272 eadem
1631 3216 1836 3286 pariter
1883 3216 2109 3271 docente

518 3303 770 3372 epistola,
822 3303 891 3357 dc
940 3305 1199 3374 perituris
1252 3305 1437 3359 mundi
1485 3303 1647 3374 hujus
1679 3303 1919 3369 deliciis,
1950 3313 2109 3358 teter-

521 3407 764 3462 uumque
811 3393 1089 3448 duraturis
1141 3394 1263 3449 ereti
1316 3392 1530 3465 gaudiis
1565 3392 1753 3447 habuit
1796 3395 2106 3459 occasione,

506 3484 599 3540 .uti
648 3485 789 3556 apud
836 3500 1028 3541 omnes
1073 3484 1188 3541 fere
1234 3485 1286 3539 in
1327 3485 1580 3541 confesso
1610 3493 1714 3550 est,
1748 3486 2106 3541 maximarum

519 3590 911 3641 aerumnarum,
942 3591 1077 3645 quas
1103 3593 1131 3629 a
1162 3575 1413 3630 Manasse
1435 3576 1842 3647 archiepiscopo
1874 3576 2111 3632 Remea-

518 3665 598 3721 sis
646 3666 874 3721 ecclesia
916 3666 1252 3737 patiebatur;
1298 3664 1599 3721 Manassem
1642 3681 1773 3720 vero
1823 3674 1951 3721 tunc
1996 3665 2105 3719 Re-

521 3757 731 3812 mensis
763 3757 1023 3813 ecclzesize
1053 3757 1423 3828 prazpositum,
1447 3767 1503 3812 et
1543 3755 1794 3811 Pontium
1817 3755 2103 3826 quemdam

522 3845 725 3902 Sancto
772 3847 1049 3904 exstitisse
1073 3846 1125 3901 in
1165 3863 1263 3902 suo
1299 3863 1363 3903 ex
1413 3848 1545 3904 urbe
1583 3846 1836 3903 Remensi
1876 3861 2103 3902 excessu

522 3940 775 4005 comites,
819 3939 1181 3995 indubitatum
1224 3948 1349 4004 est,
1383 3955 1504 3995 cum
1546 3940 1600 3994 hi
1640 3940 1801 3994 ambo
1843 3955 1949 3994 una
1981 3954 2103 3993 cum

520 4030 777 4086 Brunone
805 4031 1100 4087 Simoniaci
1142 4032 1388 4101 pra-sutis
1421 4039 1765 4086 accusatores
1795 4033 1845 4086 in
1876 4031 2105 4087 concilio

517 4122 998 4195 Augustodunensi
1030 4120 1268 4194 alibique
1302 4124 1609 4189 existeriut,
1644 4124 1722 4178 uti
1761 4125 1848 4179 hic
1878 4125 2106 4193 ipsemet

515 4217 660 4285 apud
686 4215 1052 4271 Mabillonium
1082 4214 1248 4271 Musei
1284 4215 1454 4270 italici
1480 4226 1608 4271 tom.
1637 4213 1681 4280 l,
1711 4224 1850 4286 part.
1882 4215 1941 4281 ll,
1976 4231 2101 4286 pag.

516 4306 615 4361 121
655 4306 707 4360 in
747 4307 1005 4378 Apologia
1037 4323 1134 4362 sua
1176 4322 1336 4379 supra
1372 4307 1493 4377 plus
1531 4306 1699 4362 semel
1732 4304 1845 4375 jam
1883 4308 2102 4365 laudata

2214 1849 2286 1901 lta
2316 1848 2402 1903 ille
2427 1865 2440 1901 :
2473 1847 2696 1915 Verum,
2723 1850 2823 1903 etsi
2848 1849 3274 1911 verosimillime,
3304 1848 3381 1902 uti
3415 1847 3543 1900 infra
3567 1845 3755 1907 docebo,

2213 1940 2453 1995 Bruno‘ni
2486 1939 2539 1993 in
2569 1955 2664 1995 sua
2710 1941 2775 1993 ad
2831 1940 3171 2009 Radnlphum
3200 1939 3437 1994 Viridem
3474 1935 3677 2005 epistola
3706 1936 3757 1986 t'e

2214 2031 2469 2099 hospitio,
2502 2046 2611 2100 quo
2636 2031 2822 2086 Remis
2853 2033 2993 2101 apud
3028 2032 3296 2085 Adamum
3321 2030 3481 2084 fuerit
3516 2036 3757 2096 exceptu5.

2212 2136 2393 2177 sermo
2432 2138 2538 2177 non
2566 2123 2657 2186 sit,
2689 2131 2977 2193 propterea
3026 2132 3205 2177 tamen
3240 2121 3388 2177 nullo
3428 2121 3579 2175 modo
3600 2132 3758 2173 conse-

2213 2230 2383 2283 quens
2405 2222 2511 2279 est,
2544 2222 2603 2267 ut
2631 2213 2884 2280 Sanctus,
2909 2214 3035 2268 dum
3070 2221 3393 2276 tractaturo,
3430 2212 3577 2280 cujus
3611 2206 3760 2261 verbis

2210 2314 2240 2352 a
2269 2300 2447 2356 Bulmo
2479 2302 2724 2357 recitatis
2762 2304 3092 2358 mentionem
3126 2302 3284 2367 facit,
3323 2304 3388 2357 de
3423 2301 3567 2356 falsis
3602 2296 3759 2352 mutuli

2211 2390 2669 2447 delectationibus
2699 2409 2822 2448 cum
2857 2393 3144 2463 Radulpho
3177 2392 3351 2447 Viridi
3382 2402 3435 2447 et
3470 2390 3643 2446 Fulcio
3670 2386 3762 2439 Μο-

2212 2480 2405 2535 noculo
2454 2481 2786 2547 institueret,
2841 2483 3068 2538 Parisiis
3114 2483 3259 2553 apud
3316 2483 3576 2536 Adamum
3623 2476 3762 2531 fuerit

2213 2572 2535 2643 hospitatus.
2595 2572 2795 2639 Quidni
2840 2574 3001 2628 euim‘
3041 2584 3196 2629 extra
3239 2575 3429 2627 urbem
3474 2572 3763 2626 Remenscm

2210 2665 2337 2719 alibi
2369 2680 2543 2735 aeque,
2576 2681 2739 2735 quam
2781 2665 3026 2732 Parisiis,
3062 2665 3331 2736 hospitari
3374 2674 3499 2719 tunc
3526 2658 3761 2732 potuerit?

2210 2754 2323 2812 Nec
2374 2755 2670 2827 quidquam
2715 2756 2820 2812 huc
2870 2756 3028 2820 facit,
3080 2756 3223 2827 quod
3267 2756 3419 2811 addit
3468 2754 3532 2808 de
3565 2750 3762 2812 Adamn,

2212 2842 2507 2899 Parisiensi
2540 2847 2823 2911 canonico,
2853 2863 2974 2900 cum
2999 2846 3126 2901 alibi
3157 2847 3323 2901 etiam
3342 2845 3465 2907 viri,
3488 2852 3576 2898 aut
3604 2841 3763 2902 etiam,

2212 2937 2256 2992 si
2289 2936 2445 3001 velis,
2478 2938 2724 2991 canonici
2757 2939 2945 3007 plures
2964 2938 3156 2993 florere
3189 2948 3321 2993 tunc
3346 2936 3635 3008 potuerint,
3664 2930 3765 2999 qui-

2213 3029 2314 3083 bus
2338 3030 2544 3097 pariter
2565 3039 2711 3085 esset
2738 3030 2930 3083 Adami
2956 3046 3175 3085 nomen.

2287 3120 2407 3174 114.
2452 3120 2665 3175 Bulaeus
2709 3122 2961 3189 quidem,
3012 3131 3072 3175 ut
3112 3122 3395 3188 Sanctum,
3449 3123 3570 3177 dum
3613 3117 3769 3174 Remis

2211 3213 2369 3276 abiit,
2403 3212 2644 3267 Parisios
2680 3215 2864 3267 statim
2922 3226 2981 3268 se
3013 3214 3313 3271 contulisse
3360 3225 3624 3283 utcunque
3659 3224 3768 3281 pro-

2213 3302 2321 3366 bet,
2352 3304 2533 3358 verbis
2556 3305 2801 3373 proxime
2826 3305 3068 3359 recitatis
3103 3307 3271 3359 etiam
3310 3306 3603 3377 subjungit,
3638 3323 3653 3355 ι
3690 3303 3773 3355 ad-

2212 3393 2503 3463 stipulatur
2529 3409 2691 3464 supra
2749 3394 2998 3451 laudatus
3045 3396 3367 3461 Guibertus,
3415 3398 3530 3467 qui,
3576 3395 3637 3450 de
3673 3392 3771 3460 ejus

2212 3480 2295 3553 (S.
2338 3483 2608 3539 Brunonis
2660 3484 2934 3556 videlicet)
2979 3488 3343 3544 conversione
3388 3489 3659 3549 scribens.
3708 3485 3775 3537 sic

2210 3576 2319 3629 ait:
2364 3594 2383 3627 ι
2415 3576 2539 3638 Fuit
2570 3591 2676 3631 non
2717 3576 2874 3649 longe
2910 3579 2978 3634 ab
3019 3580 3103 3634 his
3127 3580 3327 3635 diebus
3369 3582 3548 3636 Bruno
3581 3577 3773 3649 quidam

2215 3682 2234 3716 ι
2272 3666 2325 3721 in
2356 3668 2489 3722 urbe
2513 3667 2794 3732 Remensi,
2818 3669 2902 3722 vir
2923 3679 2972 3723 et
3000 3670 3325 3727 liberalibus
3347 3673 3642 3727 instructus
3660 3666 3776 3721 arti-

2215 3774 2233 3806 ‹
2273 3755 2394 3823 bus,
2424 3765 2481 3811 et
2510 3774 2827 3829 magnorum
2864 3761 3166 3815 studiorum
3208 3772 3416 3829 rector,
3456 3763 3546 3832 qui
3576 3773 3776 3816 conver-

2214 3862 2233 3896 ι
2269 3846 2439 3902 siouis
2475 3848 2629 3902 initia
2667 3848 2908 3917 subjecta
2950 3852 3243 3907 occasione
3294 3862 3493 3908 nactus
3539 3847 3778 3920 dignosci-

2214 3955 2233 3988 ι
2277 3945 2383 3992 tur.
2424 3958 2443 3992 ι
2477 3938 2684 4006 Quibus
2710 3940 2889 3996 verbis
2929 3943 3190 3997 denotare
3216 3944 3461 4008 videtur,
3494 3942 3778 3996 Brunonem

2211 4027 2541 4087 Parisiensis
2567 4040 2623 4087 et
2652 4032 2935 4088 Remensis
2960 4034 3124 4089 studii
3157 4034 3331 4091 fuisse
3364 4045 3652 4096 rectorem,
3675 4042 3780 4101 qua!

2208 4118 2278 4173 ab
2309 4120 2562 4176 Aimoino
2611 4122 2942 4179 Floriaceusi
2994 4127 3267 4181 monacho
3315 4128 3368 4181 iu
3402 4126 3523 4181 Vita
3562 4121 3779 4179 Abbonis

2208 4211 2462 4268 dicuntur
2477 4215 2711 4285 majores
2736 4217 3017 4286 sapientia:
3037 4232 3133 4272 seu
3163 4218 3481 4275 studiorum
3509 4214 3776 4277 ollicintei’

2208 4317 2397 4357 verum
2454 4304 2644 4374 quidni
2695 4304 2951 4372 Sanctus,
2978 4307 3121 4375 quod
3163 4306 3361 4363 Remis
3402 4317 3516 4362 tum
3561 4303 3780 4376 philosoo

515 4396 826 4467 pluriesque
855 4399 993 4453 infra
1024 4399 1203 4453 adhuc
1247 4399 1536 4464 laudanda,
1568 4413 1633 4454 ex
1664 4407 1821 4470 parte
1863 4399 2103 4455 declarat
2134 4417 2180 4477 ο
2208 4395 2368 4464 phiae,
2423 4406 2533 4450 tum
2577 4396 2894 4467 theologia,
2947 4413 3069 4468 quae
3118 4400 3363 4470 majores
3430 4414 3529 4454 seu
3582 4395 3782 4452 altiores

519 4498 685 4561 atque
719 4506 784 4544 ex
830 4491 1072 4546 dicendis
1104 4500 1365 4562 patescet.
1398 4491 1552 4559 Quod
1595 4493 1756 4547 modo
1790 4490 1859 4546 ad
1900 4492 2100 4557 locum,

518 4597 629 4653 quo
665 4581 917 4647 Sanctus,
948 4582 1136 4638 Remis
1168 4585 1460 4649 excedens,
1500 4598 1622 4640 sese
1645 4585 1933 4656 receperit,
1974 4601 2101 4655 per-

517 4671 675 4734 tinet,
702 4670 940 4727 Parisios
969 4686 1092 4726 eum
1122 4675 1478 4738 concessisse,
1509 4674 1805 4742 conjiciunt
1831 4675 2101 4741 nonnulli,

521 4763 728 4832 hosque
759 4762 902 4817 inter
927 4777 1047 4817 sese
1073 4764 1339 4832 imprimis
1361 4763 1519 4819 offert
1546 4765 1778 4830 Bulaeus,
1809 4766 1919 4836 qui,
1964 4782 2101 4836 prie-

522 4864 668 4909 terea
707 4855 762 4908 in
789 4869 929 4914 eam,
976 4869 1097 4921 qua:
1145 4855 1403 4910 Sanctum
1444 4865 1574 4912 tunc
1601 4856 1826 4911 Parisiis
1872 4857 2100 4913 docendi

515 4943 726 4999 muneri
766 4957 889 4998 sese
919 4943 1211 5008 addixisse,
1251 4946 1476 5010 statuit,
1511 4946 1820 5016 opinionem
1868 4962 2102 5017 propen-

515 5031 675 5094 dens,
719 5031 773 5085 in
812 5031 1064 5087 Historiae
1107 5032 1431 5089 Parisiensis
1473 5043 1606 5091 tom.
1638 5035 1681 5100 l,
1726 5052 1849 5106 pag.
1894 5036 1999 5090 468
2027 5039 2097 5091 ita

515 5123 738 5179 scribit:
773 5143 792 5177 ι
850 5123 929 5177 Ex
985 5125 1088 5179 hoc
1143 5125 1263 5181 loco
1316 5127 1586 5199 (Guiberti
1638 5143 1800 5197 supra
1851 5128 1957 5183 huc
1988 5128 2098 5197 jam

514 5213 871 5285 transcripto)
932 5222 1191 5282 constat,
1239 5216 1585 5282 Brunonem,
1644 5217 1847 5273 relictis
1890 5215 2097 5285 Remis,

512 5321 639 5361 cum
667 5305 940 5363 nobilibus
964 5305 1289 5376 quibusdam
1320 5307 1441 5363 aliis
1471 5309 1685 5364 clericis
1731 5307 1971 5364 ecclesiae
2000 5308 2100 5362 Re-

516 5395 722 5451 mensis
759 5394 868 5449 alio
900 5395 1318 5466 commigrasse;
1359 5414 1497 5467 quos
1525 5399 1743 5469 quidem
1774 5398 1951 5454 socios
1974 5398 2100 5453 licet

517 5500 627 5540 non
681 5486 924 5540 nominet
965 5484 1293 5553 Guibertus,
1336 5505 1403 5543 ex
1442 5490 1669 5560 epistola
1709 5500 1884 5545 tamen
1930 5490 2099 5561 ipsius

516 5577 784 5632 Brunonis
817 5579 883 5633 ad
924 5578 1266 5651 Radnlphum
1308 5580 1566 5648 Viridem,
1606 5582 1954 5655 prmpositum
1989 5582 2097 5637 Re-

514 5686 777 5735 utcusem,
794 5671 1162 5743 intelligimus,
1180 5674 1276 5730 hos
1291 5683 1399 5730 tres
1416 5676 1621 5729 amicos
1637 5676 1794 5731 simul
1808 5676 2100 5755 demigro;-

2208 4488 2451 4542 scientia:
2480 4497 2628 4555 sunt,
2671 4490 2866 4543 studiis
2897 4500 3173 4560 prazesset,
3219 4505 3551 4561 magnorum
3597 4484 3784 4541 studio.

2210 4597 2326 4633 rum
2358 4591 2556 4643 rector,
2595 4598 2623 4635 a
2665 4581 2927 4637 Guiberto
2968 4584 3074 4639 dici
3105 4585 3391 4653 potuerit?
3419 4583 3565 4637 Sane
3586 4593 3704 4635 eum
3726 4589 3783 4630 eo

2206 4690 2406 4739 sensu,
2457 4693 2564 4745 quo
2610 4676 2823 4730 Bulaeus
2873 4676 3070 4738 innuit,
3121 4693 3453 4747 magnorum
3501 4673 3783 4731 studiorum

2208 4778 2477 4823 rectorem
2512 4782 2761 4822 vocatum
2805 4785 2833 4822 a
2864 4770 3129 4824 Guiberto
3162 4786 3270 4824 non
3302 4770 3493 4829 fuisse.
3531 4767 3609 4822 vel
3633 4779 3695 4818 ex
3728 4776 3785 4815 eo

2206 4858 2393 4927 liquet,
2441 4860 2583 4929 quod
2613 4862 2682 4915 ab
2713 4862 2828 4931 ipso
2881 4862 2981 4915 hoc
3012 4861 3284 4931 scriptore
3316 4863 3504 4917 verbis
3548 4875 3577 4914 a
3626 4857 3786 4910 Buteo

2205 4949 2482 5017 productis
2550 4966 2775 5005 munere
2827 4949 2939 5015 illo,
2992 4966 3096 5003 non
3163 4951 3422 5014 Parisiis,
3466 4950 3562 5005 sed
3619 4942 3785 5000 Remis

2206 5038 2433 5093 functus
2483 5039 2650 5095 fuisse
2700 5040 2991 5105 indicetur,
3037 5051 3095 5095 ut
3140 5042 3523 5097 consideranti
3575 5035 3785 5109 patebit.

2202 5128 2283 5181 Ad
2312 5130 2447 5193 haec,
2498 5132 2601 5185 etsi
2648 5132 2858 5197 darem,
2907 5130 3169 5187 Sanctum
3218 5147 3289 5187 eo
3321 5146 3520 5195 sensu,
3555 5143 3660 5199 quo
3688 5122 3789 5177 Vult

2201 5216 2440 5283 Bulazus,
2471 5234 2792 5289 magnorum
2830 5219 3135 5274 studiorum
3167 5229 3451 5275 rectorem
3486 5237 3515 5273 a
3547 5215 3791 5272 Guiherto

2202 5306 2481 5377 appellari,
2514 5308 2711 5363 hincne
2736 5322 3078 5379 consequens
3109 5308 3276 5377 foret,
3302 5317 3388 5375 ut,
3413 5323 3541 5365 cum
3570 5304 3789 5360 Sanctus

2199 5396 2391 5454 Remis
2421 5400 2678 5467 excessit,
2710 5415 3028 5471 magnorum
3062 5401 3249 5456 statim
3281 5403 3598 5457 studiorum
3632 5404 3791 5452 recto-

2202 5504 2318 5544 rem
2348 5490 2573 5547 Parisiis
2614 5493 2808 5562 egerit,
2856 5493 3070 5562 hucque
3116 5493 3357 5563 proinde
3385 5509 3515 5550 mox
3550 5509 3579 5547 a
3612 5504 3706 5545 suo
3732 5498 3791 5537 ex

2200 5583 2334 5637 urbe
2363 5582 2615 5639 Remensi
2642 5585 2886 5641 discessu
2918 5599 3039 5639 sese
3075 5585 3423 5643 contulerit?
3452 5586 3622 5644 Nemo
3652 5593 3790 5641 sane.

2203 5685 2462 5741 quantum
2485 5675 2696 5743 opinor,
2724 5675 2776 5730 id
2808 5676 3123 5734 asseruerit.
