3862 6310
168 346 226 403 b9
1448 354 1453 357 ‘
1679 331 1729 390 Αε

1835 342 1883 392 l.
3363 344 3436 397 70

223 459 340 514 115.
379 457 446 512 Et
493 470 624 513 vero
646 453 908 510 Sanctum
939 460 1086 517 nunc,
1120 467 1243 508 eum
1285 449 1501 516 Remis,
1531 463 1589 506 ut
1618 452 1727 505 Ma-
1763 455 1807 510 Α
1834 454 2083 523 proxime
2170 453 2542 511 antecedentis
2612 455 2944 512 celebratum
3017 458 3433 541 veresiuiiliime

164 562 362 603 nassem
416 547 638 610 vitaret,
684 544 942 609 excessit,
999 558 1143 609 sese,
1187 559 1292 598 non
1334 543 1596 606 Parisios,
1642 543 1739 597 sed

165 638 441 693 licciacum
504 651 602 691 seu
656 633 960 698 Roceium,
1020 635 1222 687 liocum
1255 673 1270 697 ,
1334 634 1587 687 liescium
1645 640 1740 686 aut

161 728 311 780 etiam
354 726 532 795 (varie
572 725 716 780 enim
767 741 797 778 a
847 724 1025 777 variis.
1049 722 1375 793 appellatur)
1408 723 1737 777 Rauciacum

161 818 414 872 munitum
454 826 616 871 atate
661 816 750 870 illa
781 815 891 886 (adi
938 814 1226 869 Mariotum
1258 814 1510 868 Historia:
1541 822 1742 867 metro-

160 911 285 981 polis
321 908 615 965 “emensis
660 917 791 962 tom.
828 907 892 971 li,
953 923 1075 977 pag.
1120 906 1245 970 195,
1286 915 1341 961 et
1378 904 1647 960 Valesiani
1685 905 1740 958 in

160 1002 343 1058 Nuntia
383 1001 688 1057 Galliarum
715 1000 783 1053 ad
807 998 1134 1054 vocabulum
1183 996 1534 1066 liam-iocum)
1562 1013 1624 1049 ac
1652 1010 1739 1049 ce-

158 1095 296 1149 lebre
325 1092 644 1164 Campania:
670 1090 893 1146 Gallica:
923 1091 987 1145 ad
1029 1092 1276 1144 Axonam
1306 1098 1574 1153 castrum,
1618 1104 1738 1143 sese

160 1187 443 1254 recepisse,
501 1183 972 1239 verosimiliimum
1023 1191 1127 1236 est.
1183 1181 1257 1235 ita
1307 1180 1440 1234 mihi
1490 1188 1736 1249 apparet,

158 1288 258 1331 tum
295 1277 442 1346 quod
476 1275 771 1337 Manasses,
803 1274 1045 1329 ecclesia:
1074 1271 1363 1327 Remensis
1392 1272 1736 1341 prmpositus,

157 1370 366 1439 aliique,
399 1369 496 1437 qui
523 1368 650 1423 huic
682 1367 1057 1432 adhaerebant,
1095 1381 1159 1421 ac
1187 1365 1343 1435 proin
1388 1364 1551 1419 etiam
1600 1363 1738 1418 San-

155 1471 266 1517 ctus
292 1472 485 1514 noster
512 1459 567 1512 in
611 1456 838 1529 prtei‘ato
865 1466 1069 1521 castro,
1107 1458 1183 1510 uti
1208 1472 1274 1511 ex
1308 1457 1588 1525 ipsiusmet
1621 1456 1733 1510 Ma—

156 1553 318 1607 uassis
368 1550 774 1619 archiepiscopi
820 1550 886 1603 ad
913 1548 1234 1618 Gregorium
1270 1546 1351 1601 νη
1398 1547 1595 1617 Papam
1623 1546 1738 1618 epi-

154 1643 301 1708 stola,
348 1657 499 1697 anno
548 1642 688 1697 1078
718 1657 786 1695 ex
836 1640 975 1695 intra
1024 1640 1270 1695 dicendis
1304 1639 1503 1709 scripta
1541 1640 1735 1709 hicque

154 1749 295 1787 num.
324 1734 431 1789 1-23
458 1749 524 1788 ex
565 1742 722 1804 parte
754 1732 945 1788 saltem
980 1732 1278 1797 recitando,
1312 1732 1599 1802 coiiig'tur,
1632 1734 1733 1789 sub

1847 543 2028 597 fuerit.
2059 541 2404 598 liuic‘autem
2440 560 2471 600 e
2498 555 2680 601 castro
2712 546 3052 613 Reciacensi,
3080 549 3133 604 in
3164 563 3276 621 quo
3304 566 3430 604 cum

1843 630 2095 685 Brnnoue
2124 631 2355 701 aliisque
2384 634 2772 690 verosimiliter
2806 653 2870 691 ex
2903 638 3062 693 dictis
3098 639 3209 709 jam
3237 649 3427 711 versa-

1841 720 2023 785 batur,
2057 732 2377 791 przesentem
2424 738 2483 779 se
2529 726 2671 780 stitit
2708 726 3009 793 Manasses,
3040 730 3431 787 eccicsiae‘Re—

1843 812 2053 865 mensis
2083 815 2424 882 prapositus,
2462 824 2626 885 atque
2670 818 2823 871 inter
2850 818 3090 889 Hugonis
3118 819 3275 891 legati
3311 838 3451 887 n.3,-

1840 918 1965 968 nus,
2009 904 2087 957 uti
2120 903 2277 972 hujus
2320 904 2461 961 intra
2494 907 2598 963 huc
2640 910 3048 965 transcribenda
3081 913 3311 983 cpistola
3360 916 3427 968 ti—

1840 994 1962 1047 dem
2013 994 2164 1060 facit,
2215 995 2354 1049 male
2406 1000 2667 1067 acquisita
2709 1002 2965 1070 primaria
3021 1004 3265 1059 ecclesia:
3323 1005 3427 1061 Re-

1841 1084 2044 1139 mensis
2071 1085 2350 1154 dignitate,
2371 1103 2534 1157 quam
2562 1105 2706 1146 anno
2729 1093 2949 1147 circiter
2971 1094 3104 1149 i076
3119 1095 3188 1150 ab
3213 1096 3326 1165 ipso
3342 1096 3429 1151 Si.

1841 1177 2089 1231 rnouiaco
2104 1179 2330 1246 pnesuic
2353 1179 2597 1235 Manasse
2615 1183 2945 1247 obtinmrat,
2976 1201 3097 1241 sese
3124 1183 3424 1241 abdicavit.

1914 1267 2039 1321 117.
2080 1268 2217 1324 Hinc
2271 1286 2453 1340 porro,
2503 1274 2676 1327 cidem
2729 1277 2961 1331 concilio
3004 1280 3169 1333 etiam
3218 1278 3427 1333 Bruno-

1838 1370 1988 1422 nem,
2041 1356 2305 1427 aliosque,
2344 1362 2434 1430 qui
2482 1377 2604 1416 cum
2645 1378 2711 1417 eo
2757 1364 3045 1421 Reciacum
3096 1369 3424 1432 commigra-

1839 1457 1981 1513 raut,
2033 1450 2281 1505 ecclesiae
2323 1452 2606 1509 iiemensis
2650 1455 2909 1523 clericos,
2962 1461 3274 1516 interfuisse
3326 1463 3427 1517 ibi~

1837 1540 2087 1608 denique,
2121 1556 2241 1609 quae
2271 1552 2461 1597 contra
2502 1545 2800 1601 Manassem
2843 1548 3166 1605 [temer-sem
3202 1554 3428 1608 antisti.

1839 1636 1946 1681 tem
1992 1628 2289 1691 habebant,
2336 1636 2738 1689 accusationum
2784 1638 2960 1706 capita
2992 1639 3227 1695 concilio
3261 1658 3428 1711 upo-

1836 1718 2034 1783 SlliaSC,
2088 1721 2396 1776 verosimie
2434 1734 2691 1793 apparet,
2746 1728 2822 1780 uti
2874 1729 3037 1783 etiam
3090 1730 3145 1783 in
3191 1731 3314 1794 huc,
3370 1743 3432 1786 ut

152 1823 294 1877 Elaii
345 1824 571 1878 comitis
612 1822 982 1892 (Reeiacensis
1021 1822 1310 1886 nimirum;
1362 1838 1536 1890 neque
1566 1824 1729 1887 enim,

1838 1806 2117 1864 illanasses
2151 1812 2219 1865 de
2247 1811 2476 1880 oijectis
2508 1817 2622 1870 crin
2650 1816 2830 1872 inibus
2860 1834 2980 1873 sese
3007 1831 3334 1891 purgaturus
3360 1826 3431 1877 ad

151 1914 232 1967 cui
258 1915 360 1969 hoc
377 1915 654 1983 quadrare
680 1923 865 1985 queat,
886 1913 1139 1969 comitem
1155 1912 1342 1978 alium,
1368 1916 1586 1968 nomine
1604 1913 1733 1968 Eba-

151 2003 275 2068 ium,
311 2005 559 2077 invenio)
602 2005 853 2061 clientela
891 2019 1034 2059 anno
1080 2004 1215 2058 1078
1244 2006 1575 2064 exstiterint.
1622 2014 1733 2059 tum

148 2096 286 2163 quod
314 2097 544 2161 Ebaius,
593 2097 759 2151 castri
791 2094 1052 2164 ejusdem,
1091 2095 1144 2148 in
1171 2110 1279 2163 quo
1324 2108 1510 2157 etiam,
1557 2104 1613 2150 ιιι
1639 2109 1735 2164 ap-

150 2198 324 2256 paret,
372 2187 713 2243 domicilium
767 2187 983 2253 ﬁxerat,
1033 2186 1286 2241 dominus
1326 2203 1420 2240 seu
1452 2188 1732 2257 toparcha,

150 2294 177 2329 a
206 2286 356 2347 parte
395 2277 723 2335 clericorum
754 2276 1100 2339 liemensiuni
1131 2291 1195 2330 ac
1237 2276 1391 2346 proin
1425 2274 1606 2331 Sancti
1634 2292 1732 2331 n0-

147 2372 242 2423 stri
283 2379 478 2425 contra
524 2370 858 2434 Manassem,
887 2368 1255 2424 Simoniacum
1283 2369 1600 2425 Rcmensem
1649 2384 1736 2424 ar-

147 2463 812 2534 chiepiscOpum,omniuo
840 2463 1070 2527 steterit,
1091 2470 1277 2532 utpote
1303 2463 1418 2533 qui,
1446 2471 1505 2515 ut
1533 2463 1737 2532 pariter

147 2569 209 2606 cx
238 2554 434 2607 eadem
499 2552 733 2623 epistola
783 2551 1126 2624 intelligitur,
1168 2568 1292 2608 cum
1323 2551 1601 2608 Manasses
1647 2567 1729 2605 ar-

146 2646 528 2715 chiepiscopus
559 2661 589 2699 a
619 2645 916 2711 sententia,
945 2654 1139 2699 contra
1178 2659 1241 2701 se
1277 2660 1423 2700 anno
1480 2644 1618 2699 1077
1667 2645 1737 2699 ab

146 2734 388 2806 llugone,
418 2735 601 2792 Diensi
634 2736 891 2807 episeopo
912 2736 1162 2807 sedisque
1185 2737 1496 2806 apostolica:
1539 2736 1733 2807 legato,

146 2828 197 2881 in
243 2829 481 2886 concilio
513 2828 994 2901 Augustodunensi
1024 2830 1151 2895 lata,
1190 2830 1261 2885 ad
1288 2845 1559 2887 sunnuum
1599 2847 1734 2902 pou-

146 2920 343 2975 titicem
409 2920 757 2992 appellasset,
812 2937 978 2993 reque
1031 2923 1147 2992 ipsa
1199 2924 1267 2978 ad
1318 2924 1463 2980 hunc
1516 2940 1734 2979 causam

144 3026 292 3066 suam
332 3024 779 3083 propugnaturus
821 3013 1049 3069 Romam
1097 3028 1217 3070 sese
1253 3014 1592 3079 contulisset,
1629 3016 1733 3071 lio.

144 3117 283 3155 mam
308 3103 503 3168 eti;.m,
533 3118 643 3173 quo
668 3112 859 3159 contra
885 3101 1045 3171 huius
1073 3103 1382 3159 molitiones
1431 3103 1730 3159 Mauassem

144 3196 497 3265 [Impositum
554 3196 799 3267 aliosque
853 3196 1139 3263 clericos,~
1169 3213 1238 3253 ex
1291 3201 1428 3255 urbe
1478 3199 1729 3256 lieruensi

142 3289 418 3359 profugos,
454 3297 724 3354 tueretur,
764 3305 886 3345 sese
909 3290 1225 3347 contulerit.
1252 3293 1433 3362 Atque
1465 3293 1540 3347 ita
1572 3294 1732 3347 modo

143 3385 193 3430 et
215 3379 419 3449 quibus
447 3379 844 3435 comitantibus
869 3387 924 3433 et
948 3395 1056 3447 quo
1076 3395 1221 3435 anno
1249 3381 1470 3437 circiter
1496 3380 1731 3438 Sanctus

143 3477 321 3522 noster
347 3482 420 3522 ex
454 3468 595 3523 urbe
632 3467 888 3524 Remensi
930 3469 1266 3535 discesserit,
1310 3471 1389 3526 uti
1428 3472 1593 3527 etiam
1624 3485 1734 3542 quo

144 3568 263 3612 tunc
311 3573 440 3614 sese
488 3559 786 3628 receperit,
829 3561 1251 3616 determinatam
1291 3570 1585 3633 utcumque
1606 3575 1729 3620 est:

145 3665 317 3704 rerum
339 3650 436 3705 hic
470 3651 880 3705 tractandarum
903 3652 1101 3707 seriem
1134 3669 1280 3709 nunc
1308 3670 1728 3726 prosequamur.

204 3750 328 3807 116.
385 3749 536 3804 inter
584 3749 802 3806 diversa
830 3791 845 3818 ,
894 3768 1014 3823 qua:
1064 3753 1326 3810 adversus
1365 3753 1725 3827 Simoniacos,

140 3852 506 3911 acceptaque
530 3857 560 3896 a
585 3841 739 3899 laicis
767 3843 1121 3901 investituras
1145 3845 1332 3902 Sancti
1368 3849 1537 3904 nostri
1568 3859 1729 3906 aetate

139 3936 413 3991 celebrata
432 3936 588 3994 fuere
609 3939 863 4006 concilia,
887 3941 1423 3996 commemorandum
1446 3941 1536 3996 hic
1556 3942 1726 4007 venit,

138 4028 273 4094 quod
308 4026 470 4098 llugo
523 4028 753 4093 Diensis,
800 4031 945 4086 sedis
990 4029 1301 4099 apostolica:
1346 4030 1401 4085 in
1431 4028 1621 4086 Galliis
1653 4031 1729 4086 le-

139 4130 308 4183 gntus,
355 4117 705 4175 Claromonte
732 4108 1049 4181 celebravit.
1086 4122 1185 4176 llic
1234 4123 1285 4177 in
1320 4122 1446 4187 illo,
1485 4129 1545 4176 nt
1574 4122 1727 4192 Hugo

139 4208 569 4266 Fiariniacensis
583 4213 635 4265 in
648 4211 919 4268 Chronico
933 4211 1261 4271 Virdunensi
1285 4215 1427 4284 apud
1449 4213 1723 4269 Labbeum

140 4308 264 4361 tom.
320 4301 345 4356 ι
390 4300 738 4365 Bibliotheca:
777 4318 930 4369 novae
961 4303 1092 4358 Mss.
1127 4318 1251 4375 pag,
1294 4303 1393 4359 201
1444 4306 1621 4367 docet,
1670 4306 1723 4360 in

138 4386 504 4460 Stephanum,
535 4392 840 4449 Aniciensis
867 4395 1112 4450 ecclesiae
1146 4396 1479 4464 invasorem,
1509 4412 1725 4451 excom-

138 4481 527 4537 municationis
574 4485 899 4540 sententiam
935 4486 1087 4551 tulit;
1136 4487 1277 4543 hanc
1305 4497 1491 4542 autem
1530 4488 1724 4543 deinde

136 4570 460 4641 Gregorius,
507 4587 648 4627 anno
688 4574 849 4640 1075,
879 4591 988 4646 quo
1028 4575 1257 4635 lndictio
1284 4576 1566 4633 Pontiﬁcia
1599 4595 1650 4632 xi
1692 4593 1722 4632 a

137 4658 403 4717 Januario
447 4660 513 4715 ad
570 4660 889 4719 Decembris
925 4665 1088 4719 linem
1129 4666 1391 4733 cucurrit,
1428 4666 1494 4721 ad
1536 4682 1726 4737 supres-

140 4764 270 4803 niam
304 4748 569 4805 Ecclesia:
596 4752 934 4819 cathedram,
967 4753 1044 4808 uti
1084 4754 1225 4824 apud
1262 4770 1449 4811 omnes
1492 4757 1543 4811 in
1595 4772 1725 4812 con-

139 4840 277 4895 fesso
335 4850 465 4907 est,
531 4852 795 4909 evectus,
868 4845 1080 4900 duabus
1146 4846 1377 4902 diversis
1437 4849 1720 4918 epistolis,

141 4930 303 4986 altera
354 4933 418 4987 ad
474 4935 767 4992 canonicos
827 4935 1195 5002 Anicieuces,
1253 4938 1423 4993 altera
1475 4938 1541 4993 ad
1594 4938 1723 4996 Gal:-

140 5020 331 5078 liarum
402 5022 725 5095 episcopos,
789 5026 869 5080 uti
942 5027 1086 5096 apud
1142 5027 1419 5084 Laiibeum
1480 5039 1610 5085 tom.
1674 5029 1719 5085 Χ

138 5114 529 5178 Conciliorum,
556 5115 660 5171 col.
688 5115 789 5170 161
817 5116 999 5171 videre
1024 5124 1131 5181 est,
1156 5131 1262 5172 uno
1283 5118 1583 5186 eodemque
1611 5118 1718 5188 die,

140 5208 355 5262 decimo
384 5207 637 5262 videlicet
685 5207 958 5264 Kalendas
992 5208 1218 5279 Aprilis,
1257 5209 1550 5266 indictione
1579 5211 1719 5266 deci«

140 5310 214 5351 tua
265 5297 493 5369 quinta,
539 5298 895 5369 conscriptis,
947 5299 1323 5367 conﬁrmavit;
1366 5316 1552 5371 quare,
1594 5317 1717 5357 cum

141 5388 407 5456 posterior
447 5377 565 5444 hinc
603 5399 730 5443 nota
760 5390 1041 5455 chronica,
1094 5390 1171 5444 uti
1210 5407 1279 5446 ex
1314 5390 1428 5459 jam
1460 5392 1619 5448 dictis
1650 5393 1718 5449 de

142 5478 344 5536 obtenti
369 5495 400 5534 a
434 5478 700 5552 Gregorio
726 5479 1081 5546 Pontiﬁcatus
1111 5495 1255 5537 anno
1282 5481 1474 5552 liquet,
1515 5499 1714 5538 annum

143 5570 268 5625 1077
300 5571 569 5643 designet,
616 5587 958 5642 consequens
994 5580 1097 5639 est,
1146 5582 1207 5629 ut
1242 5584 1713 5645 praememoratum

143 5675 442 5740 concilium,
471 5676 615 5745 quod
647 5676 804 5748 ilugo
834 5675 1049 5733 Diensis
1087 5675 1436 5733 Ciaromonte
1470 5677 1713 5734 celebra-

146 5768 241 5838 ιιι,
286 5770 365 5831 ιρι
411 5769 566 5834 initio
606 5769 894 5849 lpsiusmet
940 5768 1065 5828 anni
1102 5768 1235 5825 1077
1278 5768 1362 5827 vel
1400 5769 1500 5826 sub
1551 5768 1710 5827 ﬁnem

1836 1901 1981 1954 aliud
2032 1905 2280 1971 proxime
2311 1907 2549 1962 fututum
2596 1911 2885 1964 concilium
2915 1912 3199 1980 citaretur,
3231 1914 3426 1969 decre-

1839 1999 1950 2044 tum
1983 1992 2167 2049 fuisse.
2205 1996 2267 2050 Et
2292 2012 2420 2052 vero
2451 1997 2598 2052 brexi
2629 1999 2788 2069 hths
2814 2016 2932 2055 sese
2959 2002 3154 2057 obtulit
3178 2004 3428 2059 occasio:

1836 2084 2132 2154 Gregorius
2180 2088 2348 2155 enim,
2423 2105 2666 2145 summus
2721 2093 2986 2163 pontifex,
3044 2095 3169 2149 data
3229 2105 3430 2165 quarto

1834 2174 1960 2230 litus
1987 2175 2134 2241 .llaii,
2184 2178 2481 2234 indictione
2522 2180 2731 2236 decima
2781 2184 2998 2252 quinta,
3043 2200 3183 2255 qua,
3213 2195 3271 2243 ut
3310 2186 3431 2257 jam

1836 2267 1971 2335 dixi,
2015 2285 2221 2324 annum
2272 2271 2410 2326 1077
2437 2272 2703 2343 designat,
2733 2276 2800 2329 ad
2847 2276 3150 2345 ilugonem,
3185 2294 3340 2335 suum
3372 2281 3430 2335 in

1835 2358 2023 2416 Galliis
2047 2362 2305 2434 legatum,
2330 2366 2554 2436 epistola
2598 2366 2649 2421 in
2688 2370 2955 2425 mandatis
2983 2371 3153 2437 dedit,
3188 2380 3270 2439 ut,
3297 2388 3430 2428 con-

1836 2460 2055 2520 gregata
2085 2453 2466 2523 episcoporum
2496 2456 2743 2513 Francia:
2792 2461 3021 2532 synodo,
3054 2476 3272 2517 causam
3321 2462 3429 2517 Ge-

1838 2540 2449 2606 rartii,Camei-aceusis
2490 2544 2671 2611 electi,
2705 2549 2794 2617 qui
2838 2560 2959 2619 post
3003 2566 3084 2605 sui
3128 2551 3428 2621 legitimam

1842 2628 2160 2686 electionem
2202 2632 2272 2687 ab
2304 2633 2536 2691 Henrico
2563 2652 2709 2709 rege,
2758 2638 3011 2710 ignorans
3050 2650 3106 2696 et
3155 2642 3297 2697 hunc
3327 2658 3427 2698 ex-
3490 2698 3493 2699 ν

1840 2725 2320 2791 communicatum,
2349 2738 2402 2783 et
2432 2729 2809 2786 investituram
2840 2748 2869 2786 a
2905 2733 3243 2804 primipibus
3271 2734 3429 2791 laicis

1836 2812 2105 2881 accipere,
2140 2829 2236 2883 per
2273 2818 2583 2887 pontiiiem
2628 2836 2749 2877 esse
2788 2823 3141 2892 prohibitura,
3200 2826 3429 2881 investi-

1838 2914 2015 2959 turam
2049 2919 2353 2976 acceperat,
2386 2912 2573 2967 scdulo
2624 2914 2943 2979 discuteret,
2996 2928 3159 2987 atque
3190 2919 3429 2975 aliarum

1838 2995 2223 3051 nonnullarum
2255 2998 2445 3055 Gallia:
2470 3003 2823 3059 ecclesiarum
2854 3021 3069 3073 causas,
3100 3010 3429 3079 negotiaque
3516 3017 3523 3023 ’

1838 3101 1958 3155 qua:
1988 3087 2053 3140 ad
2080 3087 2297 3156 harum,
2329 3091 2661 3149 Ecclesimve
2687 3096 2954 3151 universa:
2983 3098 3272 3154 utilitatem
3304 3116 3427 3155 eon-

1787 3189 1803 3207 ι
1836 3176 2039 3231 ducere
2074 3179 2190 3233 visa
2230 3182 2280 3236 ei
2332 3180 2583 3246 fuissent,
2643 3186 2913 3251 deﬁniret,
2958 3188 3223 3245 advocato
3259 3192 3428 3247 etiam

1835 3265 1902 3320 ad
1949 3269 2215 3338 synodum
2264 3286 2364 3342 pro
2407 3276 2767 3332 Arvernensis
2811 3278 3056 3336 ecclesia:
3103 3296 3265 3337 causa
3318 3282 3428 3337 lino

1833 3379 1973 3434 gone
2020 3365 2364 3424 Cluniacensi
2405 3370 2619 3427 abbate.
2662 3371 2850 3428 Paruit
2904 3377 3179 3445 pontificis
3227 3378 3426 3435 volun-

1840 3454 1936 3505 tati
1971 3452 2145 3524 llugo,
2179 3457 2578 3530 conciliumque
2606 3462 2979 3534 Augustuduni
3015 3465 3229 3535 indixit,
3260 3469 3428 3541 idque

1834 3545 1908 3601 ibi
1936 3563 2003 3602 eo
2027 3548 2145 3619 ipso
2174 3552 2349 3609 adhuc
2371 3570 2513 3610 anno
2550 3556 2706 3625 1077,
2742 3574 2848 3629 qtto
2875 3562 3121 3630 proxime
3152 3580 3429 3620 memora-

1835 3646 1944 3692 tam
1973 3642 2255 3710 epistolam
2287 3645 2353 3698 ad
2379 3661 2500 3701 eum
2525 3662 2661 3719 papa
2691 3652 3007 3721 scripserat,
3038 3653 3355 3711 celebravit.

1905 3755 2025 3811 118.
2061 3757 2161 3819 ita,
2190 3759 2283 3829 qui
2330 3759 2415 3814 hic
2444 3763 2652 3817 erroris
2681 3765 2928 3820 convinci
2961 3783 3065 3821 non
3098 3780 3297 3839 potest,
3340 3773 3423 3825 di-

1830 3853 1976 3898 serte
2027 3845 2191 3899 tradit
2240 3845 2395 3919 lingu
2440 3849 2887 3917 Fiaviniacensis,
2932 3865 3126 3911 auctor
3165 3861 3425 3931 synrhro—

1830 3949 1957 3998 nus,
1992 3935 2045 3989 in
2077 3936 2350 3993 Chronico
2386 3938 2707 3998 \‘irilunensi
2743 3946 2881 4015 apud
2912 3945 3193 4003 Labbeum
3235 3960 3363 4007 tom.
3404 3953 3424 4006 ι

1830 4024 2182 4082 Bibliotheca:
2243 4045 2392 4086 nova:
2448 4047 2578 4088 mss.
2634 4051 2756 4106 pag.
2815 4036 2920 4093 199
2987 4040 3066 4095 sic
3131 4042 3420 4099 scribens:

1834 4114 2030 4171 «Juxta
2062 4119 2176 4174 inec
2227 4119 2410 4192 itaque
2457 4124 2707 4180 mantla'a
2738 4129 3033 4195 apostolica
3080 4132 3131 4202 (a
3158 4131 3424 4205 Gregoiio

1832 4208 1973 4279 Papa
2006 4211 2212 4282 Ilngoni
2248 4206 2428 4268 Dirn'si
2454 4231 2548 4283 per
2578 4217 2863 4287 epistolam
2886 4236 3010 4275 mox
3037 4222 3239 4283 dictam
3264 4225 3421 4295 data)

1828 4313 2157 4373 congregata
2187 4315 2267 4360 est
2316 4305 2557 4377 synodus
2587 4310 2973 4365 venerebiiium
3007 4311 3230 4369 Patrum
3274 4317 3447 4384 apud,

1829 4392 2036 4447 Eduam
2069 4395 2171 4450 sub
2202 4398 2366 4452 tutela
2406 4406 2460 4452 et
2490 4401 2825 4470 protectione
2855 4401 3056 4457 Christi
3088 4404 3323 4461 Domini.

1758 4498 1969 4575 I)anno
2024 4484 2093 4540 ab
2172 4484 2554 4543 incarnatione
2620 4487 2833 4543 Domini
2893 4490 3075 4558 1077,
3131 4493 3221 4549 ubi
3286 4511 3417 4550 con-

1830 4586 2091 4631 venerunt
2150 4592 2214 4631 ex
2270 4577 2501 4633 Francia
2553 4588 2609 4634 et
2657 4580 2963 4647 Burgundia
2991 4584 3143 4639 multi
3179 4584 3421 4643 illustres

1826 4666 1953 4725 viri.
1997 4686 2014 4718 ι
2052 4666 2221 4722 Porro
2250 4669 2376 4723 huic
2418 4670 2651 4725 concilio
2684 4670 2985 4739 Manasses,
3017 4676 3263 4731 ecclesia:
3306 4678 3415 4733 Re-

1826 4756 2030 4810 mensis
2064 4757 2408 4826 praepositus,
2455 4761 2695 4831 itemque
2737 4761 2973 4820 Sanctus
3017 4776 3203 4821 noster
3242 4777 3295 4823 et
3324 4769 3414 4823 alii

1826 4846 2125 4903 ltemenscs
2152 4849 2364 4917 cici-lci,
2399 4851 2487 4921 qui
2528 4868 2631 4907 una
2663 4869 2786 4909 cum
2820 4856 2968 4911 hisce
2995 4856 3181 4913 Reuiis
3225 4857 3417 4915 Rec'a-

1825 4954 1946 4995 cum
1979 4954 2105 4995 sese
2151 4952 2488 5012 receperant,
2536 4944 2919 5007 interfuerunt,
2961 4945 3324 5019 SilliOiliquue
3352 4966 3416 5005 ac

1824 5030 2052 5086 aliorum
2099 5032 2388 5089 criminum
2446 5049 2847 5092 accusaverunt
2885 5037 3185 5094 Manassem
3231 5045 3414 5098 archi-

1821 5122 2129 5193 episcopum
2162 5140 2342 5191 suum,
2387 5125 2480 5197 qui
2516 5142 2639 5182 cum
2672 5129 2876 5183 citatus
2914 5128 3105 5185 fuisset
3134 5131 3200 5185 ad
3231 5133 3412 5188 con-io

1822 5213 1975 5283 lium,
2002 5217 2185 5287 eique,
2211 5200 2412 5288 spretis
2435 5219 2596 5289 legati
2625 5221 2846 5276 monitis
2871 5238 2935 5278 ac
2957 5226 3260 5298 praceptis,
3289 5239 3410 5280 sese

1820 5306 2015 5369 sistere
2043 5309 2389 5379 neglexisset,
2443 5311 2497 5367 in
2527 5327 2675 5377 eum,
2715 5313 2880 5371 veluti
2912 5315 2966 5369 in
3008 5325 3405 5379 contumacem,

1819 5400 2193 5479 suspensionis
2239 5403 2512 5458 sententia
2560 5402 2661 5459 fuit
2697 5405 2927 5475 prolata.
2963 5405 3161 5461 Verum
3205 5404 3274 5460 ab
3304 5405 3409 5462 hac

1818 5507 1942 5547 mox
1973 5491 2039 5547 ad
2077 5491 2407 5562 pontiﬁcem,
2434 5502 2491 5547 ut
2521 5505 2767 5575 apparet,
2795 5495 3083 5565 appellarit
3107 5495 3302 5552 Menas
3324 5513 3404 5565 ες,

1817 5584 2177 5655 vindictmque
2229 5586 2483 5655 interim,
2537 5588 2663 5642 dum
2710 5587 2935 5651 Romam
2987 5588 3140 5645 adire
3184 5603 3404 5662 posset,

1816 5678 2161 5756 percupidus,
2188 5677 2433 5735 ecclesia:
2469 5679 2755 5735 Bernensis
2791 5680 3090 5748 canonicis,
3123 5668 3406 5739 accusatis.

1819 5768 1966 5827 ribus
1993 5770 2124 5836 suis,
2161 5784 2191 5825 a
2221 5770 2451 5825 concilio
2484 5772 2547 5825 ad
2579 5770 2933 5840 Rceiaceuse,
2964 5773 3041 5829 uti
3079 5789 3143 5830 ex
3179 5774 3288 5849 jam
3318 5791 3404 5829 ευσ-
