3862 6310
396 333 457 389 τι
1182 324 1239 379 S.
1280 322 1625 379 BRUNONIS
1662 320 2312 377 CARTIIUSIANORL'M
2356 319 2844 377 lNSTlTUTORlS
3602 321 3674 374 τᾶ

395 461 489 519 pra
538 444 705 500 dictis
753 442 1002 511 infraque
1036 440 1279 495 dicendis
1319 448 1560 509 apparet,
1606 447 1845 493 castrum
1894 453 1979 491 re-
2008 441 2055 499 Α
2084 452 2412 505 quamquam
2451 451 2546 505 per
2574 436 2872 491 familiares
2906 435 3048 505 regis
3073 434 3299 505 gratiam
3331 435 3449 505 ejus
3468 451 3675 489 coasts-

399 536 717 601 deuntibus,
755 533 1023 604 plurimas
1069 533 1124 585 in
1156 530 1242 584 via
1279 530 1481 583 struxit
1520 529 1763 593 insidias,
1795 529 1983 581 domos

398 646 585 688 eorum
633 626 818 682 Remis
843 624 1047 694 fregit,
1097 622 1417 692 praebendas
1445 621 1707 683 vendidit,
1747 627 1805 672 et
1842 618 1982 671 bona

404 722 646 789 diripuit.
676 715 817 770 Audi
869 714 985 767 haec
1017 712 1245 766 suismet
1289 711 1469 765 verbis
1501 709 1776 778 llugonem
1809 706 1985 761 Flavi-

402 811 714 863 uiacensem
763 804 883 858 loco
917 801 1165 871 proxime
1207 800 1302 855 cit.
1330 808 1710 869 exponentem.
1747 816 1766 848 ι
1804 795 1983 849 Accu-

402 908 552 953 satus
577 906 661 952 est
698 895 750 949 in
800 894 989 947 eodem
1032 890 1262 946 concilio
1301 886 1793 959 (Augustoduuensi
1839 886 1989 941 scili-

400 998 508 1059 cet)
540 984 822 1041 Bernensis
860 981 1108 1037 ecclesire
1150 982 1365 1036 invasor
1404 979 1746 1034 Simoniacus
1777 976 1990 1031 Manas-

400 1092 491 1130 ses
523 1094 553 1130 a
584 1074 798 1129 clericis
825 1072 1205 1130 Remensibus.
1256 1080 1309 1123 et
1346 1084 1638 1138 suspensus
1681 1069 1749 1120 ab
1780 1066 1988 1130 oflicio,

399 1166 524 1237 quia
574 1172 799 1219 vocatus
859 1164 925 1217 ad
980 1161 1271 1216 concilium
1332 1169 1390 1214 ut
1436 1174 1495 1213 sc
1543 1165 1829 1227 purgaret,
1882 1170 1988 1209 non

403 1255 572 1309 venit.
599 1253 698 1320 Qui
751 1268 877 1307 cum
905 1251 1186 1307 canonicis
1225 1248 1512 1303 Remensis
1555 1247 1801 1301 ecclesia:
1832 1261 1992 1300 accu—

404 1347 679 1401 satoribus
722 1345 870 1408 suis,
923 1358 954 1397 a
1013 1342 1247 1398 concilio
1297 1340 1678 1400 redeuntibus,
1731 1338 1993 1407 plurimas

404 1445 651 1507 parasset
685 1436 935 1497 insidias,
964 1433 1181 1488 demum
1217 1432 1411 1486 domos
1430 1446 1620 1485 eorum
1648 1429 1828 1499 fregit,
1858 1445 1994 1499 pra:-

405 1527 610 1581 beudas
639 1541 825 1580 eorum
859 1524 1122 1581 vendidit.
1149 1532 1206 1577 et
1236 1524 1374 1576 bona
1401 1536 1590 1576 eorum
1616 1520 1862 1591 diripuit.
1898 1540 1917 1570 ι

479 1618 601 1672 119.
640 1616 777 1670 llam
820 1614 993 1684 Hugo.
1052 1614 1119 1668 Et
1167 1629 1297 1668 sane
1325 1613 1539 1667 veritati
1591 1627 1709 1667 esse
1750 1613 1995 1682 apprime

404 1725 665 1776 consona,
696 1710 858 1763 etiam
888 1709 1057 1777 liquet
1083 1722 1151 1761 ex
1190 1706 1440 1777 epistola,
1466 1706 1533 1758 ab
1560 1704 1782 1775 Hugone
1816 1705 1992 1775 legato

2086 536 2244 581 cutus
2264 527 2352 581 sit.
2385 529 2457 581 De
2490 526 2791 582 Senonensi
2833 535 3012 580 autem
3050 526 3460 594 archiepiscopo
3485 540 3676 594 quan-

2088 627 2198 671 tam
2234 618 2655 681 contumeliam,
2695 627 3021 686 qnantamve
3056 616 3307 684 iniuriam
3349 618 3673 671 auctoritati

2085 717 2280 762 vestra:
2310 708 2362 762 in
2394 718 2574 762 nostra
2599 707 2864 777 legatione
2893 706 3153 772 intulerit,
3179 722 3208 760 a
3233 708 3488 776 przedicto
3518 706 3584 759 R.
3614 716 3677 760 ut

2088 813 2265 867 spero,
2301 797 2634 853 sufﬁcienter
2655 798 2904 853 audistis.
2938 796 3123 866 Neque
3156 797 3259 851 hoc
3288 796 3493 858 dicens,
3527 796 3675 849 Deus

2091 886 2245 938 test's
2298 892 2407 949 est,
2469 883 2695 953 gloriam
2751 898 2928 937 meam
2985 898 3188 953 (μίξει-ο.
3248 881 3677 952 Burdegalensis

2088 990 2331 1045 quoque,
2362 975 2617 1043 quoniam
2647 983 2869 1030 vocatus
2895 975 3167 1043 praeterito
3203 987 3346 1027 anno
3381 974 3448 1027 ad
3471 974 3679 1026 Arver-

2091 1082 2258 1120 nense
2303 1065 2590 1120 concilium
2636 1080 2813 1133 neque
2856 1066 3037 1131 venit,
3082 1078 3260 1132 neque
3302 1062 3567 1118 canonice
3617 1075 3683 1117 se

2090 1159 2396 1219 excusavit,
2446 1158 2497 1211 in
2548 1158 2736 1211 eodem
2784 1156 3012 1212 concilio
3054 1157 3123 1210 ab
3169 1154 3462 1224 episcopali
3494 1152 3681 1207 ollicio

2090 1266 2390 1320 suspensus
2427 1257 2532 1304 est.
2576 1248 2729 1316 Quod
2778 1249 2866 1303 ille
2904 1248 3271 1317 vilipendens,
3322 1246 3678 1301 interdictum

2092 1340 2194 1395 sibi
2226 1340 2506 1410 usurpavit
2530 1338 2788 1393 ofﬁcium.
2827 1337 3035 1393 Rursus
3059 1347 3283 1392 vocatus
3309 1337 3376 1392 ad
3397 1338 3684 1405 Augusto-

2093 1434 2333 1487 dunense
2373 1431 2695 1496 concilium,
2742 1431 2996 1501 quoniam
3048 1430 3248 1484 nullam
3296 1430 3681 1483 causationeut

2094 1522 2250 1577 nobis
2280 1523 2449 1588 misit,
2480 1524 2643 1577 etiam
2669 1540 2696 1576 a
2725 1523 3031 1577 sacerdotio
3051 1522 3428 1591 suspendimus
3452 1535 3603 1575 eum.

2171 1631 2190 1665 ι
2228 1613 2350 1667 121.
2377 1614 2451 1670 De
2478 1615 2563 1669 his
2583 1631 2711 1685 ergo
2732 1615 2982 1670 omnibus
3005 1616 3132 1685 quid
3162 1614 3470 1683 Magnitudo
3492 1620 3683 1667 vestra

2090 1705 2445 1777 iudicaverit,
2490 1707 2621 1776 quid
2676 1707 2798 1761 inde
2850 1722 3010 1776 agere
3065 1706 3356 1777 placuerit,
3417 1703 3683 1774 parvitati

406 1814 529 1873 post
560 1801 774 1856 concilii
816 1800 1258 1861 celebrationem,
1294 1799 1514 1865 auditis,
1546 1813 1681 1861 quas
1713 1796 1989 1851 Manasses
2024 1792 2064 1850 Β
2095 1808 2291 1853 nostra:
2329 1813 2615 1869 rogamus,
2663 1798 2962 1855 rescribite.
3017 1800 3281 1854 Praeterea
3319 1812 3678 1868 summopere

404 1890 643 1947 Drunoni
682 1891 910 1959 aliisque
947 1904 1015 1943 ex
1065 1889 1157 1944 illo
1210 1889 1560 1943 redeuntibus
1596 1886 1839 1941 ecclesia:
1888 1885 1995 1940 Re-

406 1985 611 2040 mensis
642 1982 922 2037 canonicis
968 1981 1242 2043 intulerat,
1276 1980 1443 2034 variis
1484 1979 1718 2050 injuriis,
1748 1982 1813 2033 ad
1862 1978 1996 2033 Gre-

407 2076 621 2144 gnrium
655 2073 964 2144 pontificem
1009 2073 1155 2139 data,
1192 2073 1242 2126 in
1288 2088 1414 2142 qua,
1445 2072 1703 2127 Sanctum
1751 2080 1994 2126 nostrum

408 2164 818 2233 Manassemque
835 2162 1183 2233 praepositum
1207 2180 1227 2214 c
1249 2164 1441 2235 dignos
1466 2162 1678 2217 habitos
1706 2161 1870 2215 fuisse
1898 2176 1997 2231 pro

409 2257 628 2312 nomine
653 2255 779 2310 Jesu
804 2254 1186 2310 contumeliam
1229 2256 1363 2325 pati,
1400 2274 1419 2307 ο
1449 2254 1713 2318 declarat,
1756 2254 1997 2307 alludens

408 2347 839 2413 vero‘simillime,
872 2363 942 2401 ne
984 2348 1163 2402 dicam
1206 2346 1446 2412 indubie,
1478 2348 1543 2400 ad
1583 2346 1827 2417 injurias.
1862 2361 1998 2415 quas

408 2438 591 2503 ambo,
622 2452 654 2492 e
679 2438 913 2492 concilio
935 2438 1407 2506 Augustodnnensi
1444 2436 1735 2491 Reciacum
1765 2437 1997 2489 redeun-

413 2540 519 2597 tes,
553 2540 665 2584 tum
706 2530 758 2583 in
784 2529 894 2595 via,
934 2539 1046 2584 tum
1082 2528 1267 2581 Remis
1308 2528 1358 2581 in
1391 2527 1547 2581 bonis
1576 2527 1688 2581 suis
1716 2526 1858 2595 passi
1891 2524 1999 2578 fue-

409 2632 554 2677 rant.
609 2622 905 2693 Epistolam
967 2621 1143 2697 illam,
1194 2619 1339 2689 quod
1392 2629 1653 2689 prazterea
1685 2660 1701 2685 ,
1749 2635 1870 2688 qua:
1933 2620 1999 2673 de

415 2709 710 2776 Manassis,
739 2710 1028 2764 Remensis
1065 2708 1310 2764 ecclesia:
1349 2708 1652 2777 prmpositi,
1700 2708 1768 2761 ad
1806 2707 1998 2761 Claro-

412 2811 729 2858 montanum
761 2816 855 2856 seu
886 2802 1231 2855 Arvernense
1259 2798 1547 2854 concilium
1582 2814 1803 2854 accessu
1836 2813 1999 2867 supra

416 2894 653 2956 asserui,
687 2893 887 2948 invicte
924 2890 1136 2960 probet,
1170 2892 1403 2955 aliaque,
1433 2906 1551 2960 qua:
1591 2892 1697 2946 huc
1723 2900 1778 2945 et
1811 2890 2001 2957 ρι’ωοί-

415 2988 524 3057 pue’
563 2984 864 3039 Manassen)
913 2981 1380 3054 archiepiscopum
1445 2988 1720 3052 spectant,
1768 2978 2004 3049 comple-

414 3085 614 3139 ctatur.
644 3075 699 3132 in
721 3074 827 3132 line
854 3073 1121 3143 mutilam,
1144 3084 1301 3145 prout
1328 3073 1468 3145 apud
1500 3072 1773 3127 Labbeum
1798 3078 1929 3126 tom.
1955 3067 2003 3122 Χ

412 3166 781 3222 Conciliorutn
807 3166 913 3223 col.
946 3166 1053 3220 365
1079 3176 1133 3221 et
1162 3182 1278 3235 seq.
1301 3173 1507 3229 esstat,
1536 3165 1641 3220 huc
1671 3161 1996 3217 transcribo.

414 3256 508 3313 Sic
542 3258 738 3312 habet:
772 3275 793 3309 ‹
826 3256 1300 3313 Reverendissimo
1329 3255 1480 3310 Patri
1510 3263 1567 3309 et
1592 3255 1812 3309 domino
1850 3268 2003 3322 papa:

412 3346 682 3417 Gregorio
699 3361 810 3400 suae
827 3346 1099 3401 sanctitati
1123 3346 1500 3399 inutilissimus
1520 3358 1708 3399 servus
1736 3341 1887 3411 Hugo
1908 3344 2007 3395 hu-

416 3438 565 3494 milis
582 3436 865 3509 presbyter
886 3436 1120 3503 Diensis,
1143 3435 1393 3491 salutem.
1425 3433 1692 3500 Quoniam
1721 3433 2009 3487 didicimus

417 3527 484 3584 Β.
514 3538 753 3584 vestrum
781 3527 1143 3582 Parisiensem
1177 3525 1425 3591 rediisse,
1458 3525 1543 3580 cui
1578 3524 2006 3592 injunxeramus,

423 3630 485 3676 ut
511 3618 768 3685 fideliter,
820 3618 961 3672 sicut
992 3602 1146 3672 Atilius
1179 3627 1379 3681 vester,
1414 3618 1568 3672 vobis
1605 3614 1832 3669 referret
1857 3622 2008 3684 gesta

420 3707 930 3780 Augustodunensis
978 3706 1216 3771 concilii,
1264 3704 1349 3760 cui
1401 3705 1667 3772 interfuit,
1707 3706 1796 3773 qui
1834 3717 2008 3773 neque

418 3813 517 3869 per
542 3811 641 3852 nos
669 3797 852 3861 rediit,
891 3810 1066 3864 neque
1091 3796 1383 3865 quidquam
1422 3796 1488 3850 de
1519 3803 1663 3849 statu
1694 3803 1873 3849 vestro
1911 3809 2009 3847 no-

422 3889 508 3945 bis
529 3888 766 3959 scripsit,
799 3902 1056 3958 rogamus
1089 3887 1471 3958 paternitatem
1515 3896 1777 3951 vestram,
1804 3894 1861 3939 ut
1884 3901 2007 3940 seu-

422 3982 648 4039 tentiam
684 3996 838 4036 suam
864 3981 1018 4035 nobis
1040 3980 1289 4050 dignetur
1308 3979 1572 4047 {scribere
1601 3992 1763 4046 super
1782 3977 2007 4031 ordina-

422 4082 571 4137 tione
595 4078 902 4146 ltemensis,
922 4075 1276 4133 Bituricensis
1300 4086 1353 4131 et
1374 4074 1725 4131 Carnotcusis
1752 4072 2010 4129 ecclesia-

423 4189 567 4230 rum.
608 4193 625 4226 l

500 4286 520 4321 ι
560 4266 683 4323 120.
720 4264 872 4321 Sciat
915 4280 1133 4336 quoque
1159 4264 1460 4335 paternitas
1512 4271 1715 4326 vestra,
1765 4261 1889 4331 quia
1923 4261 2010 4317 ille

2095 1892 2399 1961 poscimus,
2426 1900 2486 1946 ut
2529 1906 2626 1960 per
2654 1890 2932 1945 dominum
2972 1889 3313 1945 Valentinum
3362 1891 3685 1961 episcOpum

2096 1981 2315 2051 pallium
2359 1982 2517 2038 nobis
2550 1982 2780 2037 mittatis
2811 1981 2878 2037 ad
2908 1982 3336 2037 confirmandam
3373 1982 3685 2037 ordinatio-

2100 2090 2224 2129 nem
2271 2074 2661 2144 religiosissimi
2693 2074 3070 2144 Lugdunensis
3110 2074 3365 2129 Ecclesia:
3403 2076 3686 2143 archiepi-

2098 2167 2270 2235 scopi,
2300 2176 2486 2220 contra
2512 2165 2782 2220 oblatrant
2815 2180 2842 2220 s
2881 2166 3165 2220 haereticos
3194 2176 3249 2221 et
3276 2170 3343 2221 de
3365 2166 3507 2235 regis
3533 2166 3686 2219 indi-

2098 2260 2351 2326 gnatione
2394 2258 2657 2311 adversus
2684 2258 3081 2312 ordinationem
3120 2258 3213 2312 Dei
3241 2258 3535 2311 carnaliter
3557 2257 3687 2326 gluo

2099 2351 2321 2405 riantes.
2352 2349 2467 2418 Ipse
2494 2350 2661 2411 enim,
2695 2351 3007 2419 postpositis
3035 2352 3285 2406 omnibus
3324 2352 3693 2405 incommod’s

2100 2451 2155 2496 et
2175 2441 2424 2510 periculis
2452 2441 2688 2511 penuria:
2709 2451 2872 2509 atque
2894 2442 3121 2504 itineris,
3147 2442 3458 2509 sanctitatis
3484 2453 3693 2496 vestae

2101 2536 2413 2605 conspectui
2448 2534 2797 2589 devotissime
2834 2548 2893 2588 se
2924 2543 3275 2601 prtcsentaret
3299 2573 3314 2597 ,
3354 2533 3397 2586 si
3438 2532 3690 2586 Ecclesia

2102 2626 2177 2679 illi
2225 2625 2550 2688 commissa,
2589 2625 2790 2679 tamdiu
2837 2624 3091 2694 languida
3128 2633 3183 2680 et
3214 2623 3446 2693 pastoris
3481 2624 3693 2679 solatio

2101 2716 2385 2779 destituta,
2412 2730 2631 2785 quoquo
2663 2715 2821 2768 modo
2848 2715 3151 2768 absentiam
3185 2714 3302 2783 ejus
3337 2715 3451 2768 sine
3482 2730 3693 2784 magno

2103 2807 2432 2861 detrimento
2466 2806 2574 2876 pati
2610 2806 2893 2875 potuisset.
2926 2804 3213 2860 Valentino
3247 2803 3499 2875 episcopo
3544 2820 3696 2875 prmo

2102 2898 2266 2967 cipite
2293 2906 2349 2951 et
2378 2898 2731 2952 securitatem
2771 2897 2822 2949 in
2852 2910 3014 2950 manu
3047 2905 3227 2949 vestra
3260 2895 3519 2965 accipite,
3542 2910 3695 2965 qua-

2105 2988 2251 3043 tinus
2279 2989 2421 3043 circa
2469 2988 2663 3043 festum
2702 2987 2761 3042 S.
2798 2986 3023 3041 Joannis
3053 2986 3336 3057 Baptistae,
3382 2995 3539 3055 prout
3582 3002 3698 3040 nos

2105 3096 2227 3137 cum
2255 3096 2321 3136 eo
2367 3080 2740 3144 condimeus,
2771 3078 3010 3133 Ecclesia
3054 3094 3150 3133 sua
3187 3080 3255 3132 ad
3299 3077 3693 3132 celebrandum

2104 3172 2335 3228 ollicium
2359 3172 2506 3227 illum
2530 3171 2781 3242 accipiat,
2797 3169 2920 3240 quia
2942 3169 3100 3223 valde
3114 3177 3447 3239 opportunus
3470 3169 3698 3222 videtur

2107 3267 2173 3319 ad
2214 3264 2629 3334 oppugnandam
2677 3260 3089 3331 provincialium
3134 3259 3523 3331 arrogantiam.
3568 3258 3693 3313 Ma-

2108 3369 2321 3409 nassem
2353 3364 2532 3409 autem
2577 3354 2811 3408 amicum
2845 3361 3088 3406 nostrum
3133 3352 3183 3405 in
3223 3352 3470 3415 Christo,
3497 3350 3592 3419 qui
3628 3352 3692 3406 in

2108 3444 2529 3500 Claromontauo
2554 3445 2785 3500 concilio
2811 3444 3095 3499 Remensis
3135 3443 3389 3499 Ecclesia:
3428 3444 3568 3498 male
3597 3460 3703 3501 ac-

2108 3537 2361 3607 quisitam
2388 3538 2793 3607 prteposituram
2810 3536 2862 3589 in
2894 3551 3052 3589 manu
3076 3546 3257 3591 nostra
3280 3536 3504 3602 dimisit,
3526 3551 3653 3591 com
3672 3568 3698 3582 -

2110 3631 2426 3683 meudamus
2448 3630 2634 3699 gratia:
2655 3627 2975 3682 Sanctizalis
2997 3637 3209 3694 vestra:,
3233 3628 3374 3683 sicut
3405 3628 3704 3685 catholica:

2112 3720 2232 3776 fidei
2260 3722 2529 3776 sineermn
2571 3720 2931 3777 defensorem.
2966 3729 3020 3773 et
3046 3720 3320 3775 dominum
3348 3720 3659 3776 Bruuonem
3678 3764 3699 3786 ,

2111 3812 2396 3867 “emensis
2444 3812 2694 3867 Ecclesia:
2736 3813 2787 3865 in
2825 3811 2970 3864 omni
3012 3811 3296 3866 honestate
3340 3813 3700 3881 magistrum.

2112 3905 2266 3975 Digni
2315 3916 2438 3959 sunt
2467 3905 2611 3959 enim
2658 3904 2819 3958 ambo
2848 3918 2877 3956 a
2914 3906 3099 3967 vobis,
3125 3906 3255 3958 etin
3286 3904 3399 3967 his,
3430 3919 3551 3973 qua:
3598 3906 3703 3960 Dei

2111 4004 2269 4060 sunt,
2314 4005 2493 4050 vestra
2521 3996 2842 4049 auctoritate
2875 3992 3216 4058 confirmari,
3251 3994 3507 4064 quoniam
3540 3994 3703 4063 digni

2114 4088 2283 4142 habiti
2314 4097 2438 4141 sunt
2468 4102 2565 4156 pro
2611 4086 2827 4139 nomine
2856 4083 2985 4139 Jesu
3027 4085 3410 4140 contumeliam
3455 4084 3589 4154 pati.
3630 4085 3707 4140 lit

2112 4181 2234 4236 ideo
2274 4180 2612 4235 consultores
2650 4178 2961 4247 profuturos
3007 4192 3184 4230 causa:
3221 4177 3311 4231 Dei
3350 4187 3404 4231 et
3433 4190 3707 4246 coopera-

2113 4279 2259 4328 tores
2289 4272 2341 4325 in
2370 4270 2611 4341 partibus
2640 4268 2884 4323 Francia:
2910 4268 3230 4323 adhibentis.
3269 4286 3287 4318 ι

422 4359 800 4417 Noviomensis
848 4357 1027 4412 dictus
1066 4357 1396 4428 episc0pus,
1443 4355 1542 4410 sub
1588 4355 2010 4410 comminatione
2188 4380 2206 4412 ι
2244 4360 2364 4414 122.
2409 4359 2692 4414 Bernensis
2742 4357 2978 4412 haeretici
3031 4357 3420 4427 depositionem
3468 4372 3707 4414 con.....

427 4450 660 4521 publieae
690 4447 1109 4504 examinationis
1143 4463 1173 4501 a
1203 4448 1360 4503 nobis
1388 4445 1733 4501 familiariter
1761 4454 2008 4511 exactus,
2043 4467 2089 4525 ο
2116 4450 2405 4506 revelatam
2447 4450 2785 4519 iniquitatem
2829 4448 3052 4518 sanguis
3079 4448 3200 4503 cceli
3244 4457 3414 4503 et.....
3454 4447 3661 4505 clamat
3689 4492 3708 4516 ,

425 4540 712 4596 confessus
758 4548 841 4593 est
884 4538 1039 4593 nobis
1075 4538 1374 4594 Simoniam
1426 4555 1601 4604 suam,
1652 4537 1999 4607 prtesentibut

2120 4542 2465 4597 auctoritatis
2498 4552 2696 4597 vestra:
2731 4541 2935 4611 scripto
2966 4541 3276 4597 rohora.....
3309 4541 3407 4594 hos
3439 4554 3712 4608 rogamus

427 4629 771 4695 Laudunepsi
811 4637 867 4682 et
897 4629 1221 4698 Lingonensi
1251 4630 1521 4700 episcopis
1574 4644 1696 4685 cum
1743 4627 1865 4681 aliis
1891 4626 1999 4697 qui-

2117 4634 2371 4689 Remensi
2388 4633 2643 4689 Ecclesia:
2664 4632 3047 4687 destinate.....
3071 4646 3222 4686 suam
3243 4631 3711 4698 satisfactionem,

429 4722 679 4778 busdam.
713 4718 866 4774 Unde
888 4720 1051 4774 etiam
1080 4730 1421 4775 sacramento
1457 4737 1618 4791 supra
1646 4736 1799 4775 sacra
1831 4720 2011 4773 Evan-
2119 4733 2213 4779 aut
2239 4726 2385 4795 ipse.
2416 4724 2460 4778 si
2486 4724 2766 4793 placit.....
2812 4730 2906 4777 aut
2936 4724 3093 4777 nobis
3117 4722 3513 4792 suscipiendam
3558 4738 3712 4792 prae-

429 4812 571 4884 sella
612 4812 767 4867 nobis
816 4810 1072 4874 ﬁrﬂlaVil.
1122 4814 1285 4879 (ιυοιΙο
1316 4812 1444 4865 Visis
1475 4812 1669 4865 “Neris
1709 4811 1905 4865 \‘eslris
1927 4809 2011 4864 Vel
2116 4816 2300 4886 cipite.
2332 4814 2585 4881 Quia.....
2610 4813 3223 4869 excommunicationem
3250 4808 3511 4877 vestram',
3535 4814 3713 4868 nobis

434 4907 700 4975 legatione
725 4913 927 4967 vestra,
956 4902 1260 4967 ecclesiam,
1285 4919 1446 4972 quam
1472 4902 1609 4957 male
1630 4911 2007 4972 occupaverat,

432 5000 569 5056 bene
620 4996 961 5057 dimitteret.
1020 5003 1075 5050 et
1131 5010 1229 5064 pro
1268 5011 1426 5066 posse
1475 5005 1530 5049 et
1574 4995 1715 5049 scire
1766 5010 1902 5059 suo,
1954 5004 2014 5049 ut

430 5091 583 5162 juxta
663 5088 832 5142 Deum
926 5087 1325 5153 ordinaretur,
1394 5085 1690 5155 adjuvaret.
1767 5086 2013 5141 Silvane-

431 5181 635 5240 ctensis
700 5195 830 5234 vero
880 5178 1166 5249 episcopus
1203 5217 1218 5243 ,
1294 5188 1509 5247 accepta
1577 5176 1894 5233 investitura
1946 5178 2012 5231 de

434 5291 597 5330 manu
653 5273 843 5343 regis,
910 5270 1190 5325 ordinatus
1245 5280 1329 5324 est
1384 5272 1452 5325 ab
1506 5270 1596 5325 illo
1668 5269 2011 5341 (Manassem

435 5366 801 5421 Simoniacum
828 5362 1110 5418 Remeusis
1124 5361 1379 5417 Ecclesia:
1398 5362 1706 5434 episcopum
1728 5378 1821 5418 seu
1836 5364 2013 5433 potius

434 5460 735 5514 invasorem
752 5456 1022 5527 designat)
1040 5453 1290 5510 Remensi
1314 5455 1696 5519 literesiarclta,
1710 5456 1796 5511 cui
1819 5455 2013 5511 litteris

440 5550 637 5604 vestris
690 5547 1079 5610 intert'ixistis,
1131 5562 1198 5601 ne
1247 5544 1556 5616 huiusmodi
1624 5547 1675 5600 in
1732 5547 2017 5617 episcopos

433 5642 724 5710 acciperet.
770 5639 1265 5705 Antisiodorensis,
1309 5638 1449 5694 infra
1491 5654 1664 5695 annos
1700 5640 2015 5707 ordinatus,

435 5733 809 5791 investituram
862 5731 1079 5802 quidem
1124 5731 1190 5788 de
1237 5748 1397 5787 manu
1449 5734 1589 5802 regis
1637 5748 1740 5787 non
1772 5734 2014 5805 accepit,

2116 4908 2472 4971 inconSiiltis,
2528 4906 2761 4977 episc0pi
2818 4904 3138 4960 electionem
3201 4909 3465 4959 fecerunt.
3528 4904 3715 4961 Tirzo

2115 4997 2258 5053 lilius
2290 5006 2471 5053 vester
2492 4995 2604 5064 jam
2636 4995 2863 5049 redisset
2889 4994 2956 5048 ad
2988 5009 3113 5057 vos,
3149 4993 3248 5046 nisi
3282 4993 3348 5047 ad
3385 5008 3713 5048 convocan-

2116 5092 2242 5146 dum
2285 5088 2573 5145 concilium
2628 5089 2693 5143 l8
2733 5086 3002 5141 Kalendas
3044 5085 3365 5150 Februarii,
3423 5085 3704 5149 Pictavis,

2117 5183 2227 5237 Deo
2269 5188 2571 5244 annuente,
2622 5178 3010 5234 celebrandum
3058 5178 3423 5239 detineretur;
3480 5178 3534 5229 in
3592 5192 3713 5246 qm)

2116 5274 2346 5330 concilio
2390 5272 2710 5328 meritorum
2750 5279 3057 5326 vestrorum
3107 5268 3472 5339 patrocinium
3504 5267 3712 5324 adesse

2116 5367 2272 5423 nobis
2304 5366 2620 5436 suppliciter
2645 5380 2952 5419 exoramus.
2984 5364 3148 5419 Orate
3173 5377 3271 5432 pro
3294 5362 3468 5424 nobis,
3497 5363 3717 5416 sancti-

2117 5460 2254 5515 sime
2283 5459 2461 5515 Pater.
2499 5478 2518 5512 ι
2553 5456 2700 5513 Talis
2725 5466 2807 5512 est
2837 5459 2962 5513 data
2993 5456 3063 5512 ab
3100 5456 3325 5527 llugone
3366 5453 3544 5507 Diensi
3576 5464 3714 5522 post

2116 5552 2603 5625 Angustodunense
2651 5551 2936 5607 concilium
2966 5565 3137 5613 anno,
3178 5558 3237 5603 ut
3264 5554 3523 5618 apparet,
3560 5547 3710 5600 l077

2120 5652 2214 5701 aut
2237 5645 2514 5715 sequentis
2540 5644 2693 5699 initio
2714 5643 2780 5699 ad
2801 5658 3070 5697 summum
3104 5638 3409 5713 pontificem
3433 5638 3668 5707 epistola
3691 5654 3711 5704 ;

2120 5753 2151 5793 c
2181 5753 2284 5808 qua
2314 5754 2465 5804 sane,
2496 5754 2614 5808 qua:
2645 5752 2807 5808 supra
2841 5746 2950 5792 tum
2984 5738 3049 5792 de
3080 5735 3243 5788 illazis
3270 5746 3363 5803 per
3395 5730 3713 5786 Manassen)
